1929 3042
86 142 121 169 '57
235 183 238 186 ⁴
780 147 807 175 S.
829 148 964 175 CYRlLH
984 147 1072 175 VITA.
1701 154 1737 182 58

92 205 119 226 et
134 198 209 225 omni
233 199 362 228 concilio
387 202 460 237 ejus,
484 203 627 237 epistolam
651 204 754 240 Cyrilli.
781 206 844 239 Qui,
868 215 883 233 u

948 206 1187 240 acceperit.Quem
1201 211 1288 234 tamen
1302 211 1412 234 secutus
1425 211 1466 235 cst
1480 207 1628 236 Photiusin
1642 209 1736 237 Biblio~

92 249 281 280 cognoverunt
294 254 363 274 eum
385 249 541 283 suscepisse
566 249 648 277 fidem
670 258 684 276 a
706 258 735 278 se
752 251 895 284 directam,

93 298 119 319 et
133 293 160 319 in
172 292 234 326 ejus
245 291 398 328 scripsisse
410 294 658 329 confirmationem,
668 303 763 331 pacem
775 305 837 324 cum
851 305 885 325 eo

92 338 189 372 ctejus
208 337 341 365 fecerunt
359 340 490 372 concilio,
505 335 666 369 damnantes
682 342 849 376 Nestorium,
869 348 897 372 et

92 384 280 418 suscipientes
297 385 508 419 Maximianum,
525 387 572 422 qui
582 396 632 422 pro
647 388 694 416 illo
707 389 794 417 factus
809 389 896 417 fuerat

91 429 257 464 episcopus;
298 430 495 460 dubitantibus
519 433 608 461 adhuc
639 442 671 462 ex
698 435 739 462 eis
762 436 898 471 aliquibus

92 475 196 510 Cyrillo
221 477 445 510 communicare,
473 479 635 513 potantibus
652 487 715 507 cum
734 488 849 513 errasse,
870 486 896 509 ct

91 525 187 555 postea
199 522 350 549 veritatem
365 524 519 558 agnovisse,
532 529 559 551 et
572 525 747 560 culpantibus
764 527 896 564 Joannem

91 575 141 594 cur
157 567 193 594 ab
210 575 245 594 eo
260 576 318 595 non
330 570 479 604 expetierit
495 571 679 605 capitulorum
702 572 762 607 ejus
783 572 896 599 damna-

91 614 208 640 tionem.
226 614 269 641 Ex
288 615 375 642 altera
391 620 483 643 autem
502 620 579 651 parte
599 617 709 651 quidam
727 617 761 644 de
783 618 895 652 palatio,

90 668 140 695 per
155 660 308 695 Eulogium
318 662 510 697 presbyterum
528 667 555 689 et
566 663 764 697 apocrisarium
781 663 896 691 Alexan-

90 706 179 733 drinae
194 707 339 739 Ecclesiae,
356 708 536 743 culpaverunt
551 709 694 745 Cyrillum,
706 717 756 737 cur
769 718 897 746 suscepe-

91 753 127 779 ri.
141 753 178 779 ab
195 753 384 781 orientalibus
406 754 543 790 episcopis
560 755 675 783 duarum
693 756 895 784 confessionem

89 803 272 831 naturarum,
287 799 363 835 quod
378 799 522 828 Nestorius
538 801 608 828 dixit
622 806 650 828 et
669 801 770 829 docuit.
792 802 844 830 Sed
867 807 896 830 et

90 844 242 871 Valeriano
270 845 376 878 lconii,
398 849 427 873 et
453 846 552 874 Acacio
574 847 739 875 Melitinensi
760 848 895 884 episcopis

950 252 1022 278 (Ima
1039 255 1166 278 tmemate
1181 260 1291 281 ccxxv".

981 297 1025 323 68.
1042 296 1185 330 Quomodo
1210 299 1282 325 enim
1301 300 1444 326 credemus
1468 298 1503 326 ab
1524 299 1637 335 Cyrillo,
1662 301 1735 335 quod

946 342 1041 369 scribit
1057 342 1127 370 idem
1147 342 1299 373 Liberatus.
1315 344 1454 372 laudatum
1468 345 1653 377 Theodorum.
1664 347 1737 381 ejus—

946 395 999 422 que
1020 388 1121 422 scripta
1144 388 1268 423 probata,
1287 396 1348 416 cum
1383 390 1451 417 adeo
1472 390 1630 418 adversatus
1653 391 1735 418 fuerit

945 431 1083 465 Nestorio,
1101 439 1183 467 quem
1198 440 1261 460 suos
1276 433 1310 460 ab
1329 433 1388 468 ipso
1400 433 1543 461 Theodoro
1557 434 1679 461 hausisse
1692 442 1735 461 er-

947 486 1022 505 rores
1038 479 1152 514 ipsemet
1164 483 1281 506 testatur
1292 479 1405 514 epistola
1427 480 1460 506 ad
1476 480 1607 507 Joannem
1626 481 1733 515 episco—

947 532 1011 559 pum
1037 524 1248 552 Antiochenum.
1276 535 1284 551 ι
1309 525 1508 560 Confingcntes,
1534 536 1542 552 ι
1567 527 1614 558 ait,
1639 537 1647 552 ι
1673 535 1733 562 quae

946 570 1063 597 Nestorii
1089 575 1152 598 sunt
1176 571 1276 603 odisse,
1301 571 1356 598 alio
1375 571 1473 598 iterum
1499 579 1530 598 ea
1556 572 1732 600 introducunt

947 616 1037 648 modo,
1054 624 1113 651 qua:
1127 616 1261 643 Theodori
1277 622 1340 644 sunt
1356 617 1496 649 mirantes,
1507 621 1534 643 et
1550 622 1624 644 certe
1640 626 1731 652 requa—

946 662 1009 694 lem,
1027 671 1112 698 magis
1127 671 1191 690 vero
1206 664 1292 690 multo
1306 664 1425 698 pejorem
1442 664 1567 691 morbum
1588 665 1732 699 impietatis

945 707 1083 735 habentia.
1099 709 1156 736 Nec
1172 710 1245 736 enim
1265 709 1426 736 Theodorus
1447 710 1563 737 Nestorii
1583 710 1634 738 fuit
1648 712 1730 739 disci-

946 754 1036 788 pulus,
1053 754 1099 781 sed
1116 755 1166 782 iste
1181 755 1264 788 illius,
1279 758 1307 782 et
1322 755 1397 782 velut
1408 763 1463 782 uno
1475 755 1624 790 loquuntur
1638 764 1695 787 ore,
1705 761 1731 784 et

945 807 1030 826 unum
1043 800 1121 827 mala:
1134 800 1264 828 doctrina:
1283 808 1315 828 ex
1334 808 1384 828 suo
1403 800 1485 828 corde
1501 806 1632 828 evomunt
1650 809 1740 829 vene-.

945 853 1021 872 num.
1034 845 1064 873 In
1076 845 1197 881 Epistola
1210 847 1245 873 ad
1260 846 1428 874 Theodosium
1437 847 1631 882 imperatorem,
1644 847 1732 874 Theo-

90 890 144 915 hoc
161 889 257 924 ipsum
278 889 313 917 de
333 890 435 926 Cyrillo
452 891 605 919 videbatur.
631 890 750 927 Scripsit.
766 901 830 928 ergo
851 894 891 922 eis
909 885 931 915 Β
944 893 1042 919 dorum
1067 892 1299 927 Mopsuestenum,
1327 896 1356 919 et
1383 893 1532 920 Diodorum
1558 893 1729 925 Tarsensem,

88 935 213 970 Cyrillus
237 935 267 963 in
285 935 476 964 defensionem
497 937 672 965 orientalium
687 939 889 974 episcoporum,

89 987 117 1008 et
135 989 188 1016 pro
202 981 316 1009 duabus
331 982 414 1009 unius
429 982 529 1011 Christi
543 985 681 1012 naturis...
700 985 799 1013 Acacio
814 985 890 1013 Meli-

91 1028 194 1056 tinensi
208 1029 342 1063 episcopo
357 1029 481 1057 scribens
496 1029 567 1057 inter
580 1030 632 1058 alia
648 1031 687 1059 sic
700 1031 783 1059 dicit:
795 1032 892 1060 Nesto-

91 1073 149 1099 rius
166 1073 274 1099 ctenim
289 1072 430 1100 Christum
456 1080 579 1100 seorsum
603 1075 738 1102 nominari
759 1076 826 1103 dicit
842 1076 890 1103 Dei

93 1119 225 1151 Verbum,
244 1119 346 1146 habere
362 1123 456 1146 autem
469 1120 688 1155 conjunctionem
705 1122 739 1148 ad
752 1121 891 1149 Christum

91 1165 266 1192 continuam.
279 1165 366 1192 Putas
378 1172 455 1199 ergo,
469 1173 522 1191 non
537 1165 606 1193 duos
617 1166 740 1194 Christos
753 1168 891 1203 apertissi-

89 1219 134 1238 me
144 1205 235 1238 dicit?
247 1211 403 1239 Orientales
415 1219 480 1238 vero
491 1211 630 1239 Christum
641 1221 725 1240 unum
736 1218 764 1241 et
779 1214 889 1248 Filium,

90 1262 118 1284 et
132 1257 221 1284 Deum
239 1261 267 1284 et
282 1257 430 1284 Dominum
450 1256 616 1285 conﬁtentur
631 1265 660 1285 se
674 1259 795 1291 adorare,
811 1267 890 1286 eum-

91 1301 152 1328 dem
168 1309 203 1328 ex
218 1301 299 1329 Patre
312 1301 465 1329 secundum
481 1296 664 1335 divinitatem,
682 1304 847 1331 eteumdem
857 1312 891 1332 ex

91 1352 186 1374 sancta
210 1348 324 1383 Virgine
351 1347 502 1376 secundum
532 1348 739 1376 humanitatem.
768 1350 890 1378 Duarum

94 1401 209 1428 namque
221 1398 383 1421 naturarum
400 1393 552 1420 unitioncm
563 1394 661 1422 factam
675 1395 786 1429 dicunt;
800 1400 890 1424 tamen

94 1447 178 1467 unum
191 1439 346 1470 Christum,
358 1447 443 1466 unum
457 1439 555 1467 Filium
568 1441 713 1469 Dominum
725 1443 890 1472 confitentur

93 1489 186 1518 aperte
201 1483 315 1517 factum,
336 1494 345 1510 δ
361 1490 414 1512 ctc.

127 1583 171 1610 67.
182 1583 276 1619 Pergit
294 1583 441 1613 Liberatus
458 1595 464 1613 ε
485 1596 494 1612 ‹
523 1586 586 1614 Ilaec
609 1591 673 1613 sunt
690 1594 750 1621 quze
773 1587 889 1622 Cyrillus

94 1629 205 1664 scripsit
230 1630 257 1656 in
278 1630 468 1659 defensionem
491 1632 665 1660 orientalium
685 1632 887 1668 episcoporum,

92 1682 142 1708 pro
160 1674 270 1702 duabus
286 1676 369 1703 unius
379 1676 481 1704 Christi
496 1677 611 1704 naturis.
629 1677 715 1711 Quam
733 1678 888 1713 quicunque

97 1724 160 1747 tunc
182 1720 298 1748 minime
320 1727 493 1757 receperunt,
514 1723 565 1750 lios
588 1731 648 1751 esse
674 1728 740 1759 puto
764 1727 889 1752 auctores

96 1765 308 1800 Acephalorum,
332 1768 379 1802 qui
399 1775 488 1803 neque
513 1768 643 1804 Cyrillum
669 1769 771 1797 habent
796 1774 887 1805 caput,

98 1819 183 1846 neque
196 1820 280 1846 quem
296 1818 448 1847 sequantur
459 1813 616 1841 ostendunt.
629 1814 706 1841 Tunc
716 1818 743 1841 ct
757 1814 888 1849 Evoptius

98 1856 273 1883 Ptolemaidis
301 1857 483 1892 Pentapoleos
507 1858 625 1894 regionis
640 1859 794 1895 cpiscopus,
815 1859 887 1886 acci-

98 1902 173 1937 piens
182 1904 323 1938 excmplar
334 1903 487 1931 litterarum
506 1904 674 1937 Theodoriti,
685 1905 731 1940 qui
742 1905 889 1940 scripserat

100 1954 192 1976 contra
213 1942 365 1978 duodecim
380 1949 498 1985 capitula
513 1949 617 1987 Cyrilli,
639 1950 739 1978 direxit
754 1951 820 1978 iilnd
835 1950 888 1987 Cy—

100 1995 165 2027 rillo,
180 2000 211 2022 ut
228 1996 459 2031 responderetad
474 2005 516 2030 ea,
534 2002 562 2024 et
573 1998 752 2032 suacapitula
767 2006 887 2031 expone-

101 2045 147 2066 ret.
162 2040 242 2073 Quod
257 2040 412 2075 gratissimc
423 2041 575 2076 suscipiens
591 2041 719 2078 Cyrillus,
731 2042 794 2070 fecit
806 2042 889 2070 inter-

102 2087 279 2121 pretationem
291 2087 473 2122 capitulorum
486 2096 608 2120 suorum,
625 2089 768 2116 duodecim
785 2089 889 2123 addens

103 2131 293 2166 expositiones,
306 2141 361 2167 quo
376 2133 516 2160 videretur
526 2134 634 2168 plenam
653 2143 703 2169 pro
714 2135 755 2162 eis
774 2131 887 2162 reddere

105 2178 243 2205 rationem.
262 2178 357 2213 Itaque
370 2178 471 2214 Cyrillo
492 2180 656 2214 suscipiente
680 2184 708 2207 et
725 2180 887 2208 defendente

942 937 1041 964 asserit
1055 941 1148 972 patres
1164 937 1311 972 impietatis
1331 937 1414 965 fuisse
1426 938 1560 971 Nestorio,
1578 938 1732 966 immaniter

941 982 1145 1018 blasphemasse
1171 988 1265 1011 contra
1294 983 1434 1011 Christum
1459 983 1582 1011 omnium
1607 988 1731 1012 ucstrum

941 1027 1119 1060 Salvatorem,
1131 1028 1284 1055 nescientes
1296 1028 1381 1063 ipsius
1398 1029 1567 1063 mysterium,
1581 1039 1591 1054 ι
1603 1034 1656 1056 etc.
1669 1030 1732 1058 Haec

941 1073 1032 1100 omnia
1048 1074 1203 1100 referuntur
1218 1073 1361 1101 collatione
1383 1074 1400 1100 5
1423 1074 1532 1101 concilii
1546 1083 1562 1102 ν
1580 1076 1730 1102 (ncunieni-

941 1118 975 1146 ci.
991 1119 1113 1153 Denique
1128 1119 1223 1146 ambos
1234 1119 1356 1155 ejusdem
1371 1119 1508 1147 haereseos
1523 1125 1648 1147 auctores
1664 1121 1731 1148 fuis-

940 1171 969 1191 se
1002 1163 1121 1191 ostendit
1144 1164 1171 1190 in
1188 1164 1356 1199 expositione
1369 1165 1484 1200 symboli
1503 1165 1605 1191 Nicarni
1626 1165 1677 1192 sub
1697 1165 1729 1192 li-

941 1218 1012 1237 nem.
1033 1210 1085 1239 Ubi
1098 1214 1125 1237 et
1138 1210 1263 1237 meminit
1274 1209 1395 1245 epistola:
1409 1210 1498 1237 Procli
1509 1209 1543 1237 ad
1554 1210 1684 1238 Armenos
1695 1211 1729 1238 dc

940 1264 972 1283 ea
995 1263 1024 1283 re
1051 1256 1179 1291 scriptae:
1208 1266 1217 1282 ‹
1242 1257 1305 1284 11ωο
1324 1257 1408 1284 sentit
1425 1257 1580 1289 nobiscum,
1601 1267 1609 1282 ι
1629 1257 1727 1292 inquit,

945 1311 954 1327 ε
972 1301 1175 1329 amantissimus
1189 1301 1290 1330 Christi
1308 1306 1464 1330 sanctorum
1488 1302 1598 1329 Patrum
1617 1303 1727 1334 chorus,

940 1351 968 1374 et
981 1347 1094 1375 Proclus
1107 1347 1173 1382 ipse,
1189 1347 1235 1382 qui
1251 1354 1324 1377 nunc
1337 1351 1437 1374 sanctae
1446 1347 1728 1382 Constantinopolita-

940 1401 982 1420 ηαξ
1009 1393 1138 1420 Ecclesiae
1158 1393 1285 1421 thronum
1315 1393 1430 1420 adornat
1458 1393 1679 1428 religiosissimus
1701 1399 1729 1420 et

939 1438 1126 1473 pientissimus
1139 1439 1220 1466 Pater
1235 1442 1263 1466 et
1273 1439 1461 1474 coepiscopus.
1482 1438 1597 1473 Scripsit
1612 1439 1684 1466 enim
1701 1443 1729 1466 et

940 1486 998 1521 ipse
1011 1486 1045 1512 ad
1054 1485 1202 1512 orientales
1212 1485 1351 1520 piissimos
1362 1485 1505 1520 episcopos
1516 1485 1543 1511 in
1555 1485 1613 1512 haec
1626 1485 1708 1512 verba
1719 1507 1726 1512 .

912 1555 921 1564 ,
944 1541 953 1557 ι
975 1532 1009 1559 Et
1024 1532 1181 1558 incarnatus
1191 1531 1302 1566 quidem
1315 1534 1366 1561 est.
1383 1540 1392 1555 ι
1406 1534 1459 1557 etc.
1474 1531 1569 1558 Exstat
1583 1538 1614 1558 ca
1628 1532 1728 1566 episto-

913 1572 922 1582 ⁸
939 1577 963 1604 la
981 1577 1007 1603 in
1030 1576 1197 1604 Bibliotheca
1219 1576 1330 1604 Palmm
1357 1575 1451 1603 Latine
1469 1583 1546 1603 versa
1569 1584 1583 1603 a
1600 1576 1728 1612 Dionysio

939 1625 1052 1660 Exiguo,
1079 1624 1222 1651 occasione
1251 1623 1373 1659 ejusdem
1397 1623 1589 1650 controversize.
1619 1631 1727 1651 rursum

940 1672 1060 1702 tempore
1077 1675 1127 1695 suo
1140 1668 1277 1694 suscitataa
1293 1671 1404 1702 propter
1420 1667 1471 1694 tria
1484 1667 1603 1702 capitula
1619 1668 1727 1696 concilii

938 1713 1178 1745 Chalcedonensis,
1189 1720 1249 1747 quae
1261 1712 1369 1739 tandem
1385 1713 1506 1741 Ecclesia
1521 1713 1643 1746 rescidit,
1658 1722 1728 1748 quo-

939 1766 1000 1786 rum
1018 1766 1102 1786 unum
1118 1762 1177 1786 erat
1190 1758 1223 1785 de
1239 1758 1360 1794 ejusdem
1373 1758 1509 1786 Theodori
1523 1759 1641 1794 scriptis.
1658 1759 1726 1787 Suc—

939 1809 1059 1833 ccsserat
1090 1812 1172 1839 porro
1198 1803 1360 1831 Maximiano
1387 1803 1516 1831 defuncto
1545 1804 1571 1831 S.
1602 1805 1726 1837 Proclus,

938 1849 1040 1884 Aspare
1054 1854 1080 1877 et
1093 1848 1247 1876 Areobinda
1264 1856 1347 1881 coss,
1367 1857 1411 1876 an.
1431 1849 1496 1877 Chr.
1511 1849 1572 1882 434,
1596 1849 1629 1877 ad
1649 1851 1728 1885 cujus

938 1896 1022 1923 vitam
1040 1903 1102 1923 xxtv
1120 1894 1229 1923 Octobr.
1243 1894 1321 1929 plura
1343 1894 1377 1922 de
1396 1895 1447 1922 hac
1468 1895 1653 1922 controversia
1683 1895 1727 1923 di-

939 1943 1046 1967 centur.

974 1996 1017 2024 69.
1038 1996 1194 2031 Apostolica
1209 1997 1371 2024 auctoritate
1389 1996 1518 2033 Cyrillum
1535 1997 1668 2025 restitisse
1680 1998 1726 2025 Ju—

938 2041 1026 2069 venali
1040 2042 1169 2077 episcopo
1186 2042 1431 2077 Hicrosolymitano
1450 2041 1595 2076 primatum
1608 2042 1726 2069 Palzcsti—

938 2095 980 2114 nat
994 2087 1131 2114 affectanti
1142 2086 1199 2123 (qui
1210 2091 1238 2114 et
1250 2087 1358 2114 tandem
1369 2086 1408 2113 illi
1425 2086 1482 2113 sedi
1495 2086 1620 2119 collatus)
1632 2087 1726 2114 scribit

939 2133 967 2160 S.
984 2132 1039 2160 Leo
1057 2141 1125 2168 papa
1139 2133 1219 2168 epist.
1232 2133 1275 2165 62,
1292 2133 1332 2160 Ad
1346 2132 1491 2160 Maximum
1506 2133 1653 2168 episcopum
1669 2133 1726 2160 An—

939 2179 1082 2205 liockenum
1100 2186 1108 2204 :
1127 2187 1135 2203 ι
1163 2178 1193 2205 In
1214 2178 1351 2213 Ephesina
1374 2178 1487 2213 synodo,
1506 2187 1514 2203 ι
1533 2178 1631 2213 inquit,
1652 2188 1660 2204 ‹
1676 2179 1725 2206 Ju-

107 2221 179 2250 Idem
192 2223 369 2250 orientalium
387 2224 589 2259 episcOporum,
604 2229 631 2252 et
645 2233 693 2252 sua
712 2225 830 2260 capitula
842 2234 889 2254 ex-
904 2221 924 2248 D
939 2223 1043 2250 venalis
1056 2223 1200 2258 episcopus
1211 2223 1245 2250 ad
1260 2223 1439 2250 obtinendum
1454 2223 1603 2250 Palaestina:
1617 2223 1726 2257 provin-

105 2273 226 2303 ponente,
245 2277 297 2304 pax
307 2274 335 2297 et
347 2270 438 2297 unitas
457 2270 588 2298 Ecclesiis
610 2271 715 2298 reddita
729 2277 780 2299 cst.
791 2272 821 2298 In
835 2280 889 2307 qua

106 2322 164 2349 pace
190 2315 326 2349 gaudente
353 2315 485 2348 Ecclesia,
511 2315 638 2343 inimicus
665 2317 750 2351 pacis,
774 2317 889 2345 aemulus

107 2361 220 2392 uniL'itis,
231 2369 287 2388 non
298 2361 404 2396 quievit
415 2362 546 2390 adversus
557 2371 617 2390 eam
631 2371 741 2390 movere
753 2371 817 2391 vasa
828 2372 887 2396 sua,

107 2411 130 2433 ct
150 2408 368 2442 snperscminare
392 2408 494 2435 zizania
511 2417 518 2441 ;
535 2419 544 2434 ι
575 2417 635 2444 quae
664 2414 775 2444 propter
804 2409 889 2437 libros

108 2452 234 2480 Theodori
270 2453 452 2488 Mopsuesteni
468 2459 495 2482 et
510 2454 621 2482 Diodori
639 2455 780 2482 Tarsensis
795 2459 888 2482 exorta

108 2504 171 2526 sunt.
188 2499 237 2531 Ea,
249 2500 313 2534 quia
329 2500 363 2526 ad
376 2499 403 2526 S.
415 2500 544 2536 Cyrillum
559 2501 603 2528 vix
615 2501 742 2533 attinent,
760 2501 813 2529 hoc
827 2502 888 2530 loco

109 2546 265 2578 omittimus;
280 2547 431 2581 prmsertim
442 2547 516 2583 quod
530 2548 576 2575 illa
589 2547 708 2575 Liberali
719 2547 825 2575 diaconi
842 2548 888 2575 Hi-

109 2591 180 2618 storia
203 2591 277 2619 hami
302 2600 498 2627 usquequaque
524 2593 604 2621 fidem
630 2597 778 2626 mercatur,
796 2585 887 2628 quiet

111 2637 151 2663 tria
169 2636 295 2671 capitula,
315 2636 349 2664 de
361 2637 470 2672 scriptis
483 2637 676 2673 Mopsuesteni,
696 2638 749 2665 Iba:
760 2638 885 2676 epistola,

111 2690 134 2709 ac
143 2683 300 2710 Theodoreti
318 2687 415 2710 contra
428 2683 557 2719 Cyrillum
571 2684 784 2716 commentariis,
799 2692 813 2711 a
829 2685 886 2712 Ro-

112 2735 175 2754 mano
196 2728 278 2755 etiam
305 2727 436 2762 pontiﬁce
460 2728 515 2764 jam
541 2728 678 2761 damnata,
708 2728 887 2763 pervicaciter

111 2780 157 2800 cum
168 2773 226 2801 aliis
242 2773 383 2801 Africanis
398 2774 497 2801 tuenda
507 2775 668 2809 susceperit,
683 2779 764 2810 atque
777 2775 886 2803 incaute

109 2827 133 2846 et
148 2820 257 2855 epistola
273 2827 288 2846 a
305 2819 437 2854 quopiam
460 2819 620 2848 Nestoriano
642 2820 692 2847 sub
711 2820 820 2847 nomine
833 2819 885 2855 Cy-

108 2865 146 2892 rilli
156 2866 187 2893 ad
198 2866 339 2894 Joannem
361 2865 560 2892 Antiochenam
575 2866 704 2896 conﬁcta,
720 2871 779 2898 quae
793 2869 885 2893 narrat

939 2269 988 2296 cia:
1003 2269 1185 2304 principatum
1199 2277 1228 2296 se
1243 2268 1359 2296 credidit
1371 2276 1449 2309 posse
1466 2268 1600 2300 sufﬁcere,
1611 2272 1641 2295 et
1655 2269 1727 2295 inso-

939 2314 1026 2342 lentes
1037 2322 1119 2342 ausus
1134 2322 1182 2350 per
1194 2314 1378 2342 commentitia
1393 2314 1493 2348 scripta
1513 2313 1619 2341 firmare
1633 2323 1639 2340 :
1652 2314 1724 2349 quod

938 2365 1040 2388 sanctae
1054 2361 1192 2388 memoriae
1207 2359 1323 2396 Cyrillus
1338 2359 1537 2387 Alexandrinus
1549 2359 1646 2386 merito
1661 2367 1724 2394 per-

939 2404 1110 2438 horrescens,
1124 2405 1232 2440 scriptis
1246 2405 1303 2433 suis
1317 2405 1395 2437 mihi,
1411 2405 1484 2440 quod
1500 2405 1628 2440 praedicta
1647 2406 1724 2441 cupi-

939 2452 1009 2480 ditas
1026 2459 1092 2479 ausa
1111 2452 1155 2485 sit,
1172 2452 1320 2487 judicavit;
1336 2456 1363 2479 et
1378 2451 1493 2479 sollicita
1511 2459 1592 2487 prece
1609 2453 1724 2480 multum

938 2498 1080 2534 poposcit,
1103 2502 1135 2525 ut
1156 2498 1250 2525 nullus
1278 2498 1381 2526 illicitis
1406 2498 1551 2525 conatibus
1571 2499 1726 2533 prazbeatur

938 2551 1074 2572 assensus.
1092 2554 1101 2567 ι

973 2590 1015 2618 70.
1028 2591 1121 2627 Cyrilli
1138 2591 1263 2618 doctrina
1280 2599 1295 2618 a
1316 2590 1417 2618 sanctis
1429 2590 1555 2618 Patribus
1569 2595 1726 2618 reverenter

938 2642 1064 2672 suscepta
1087 2644 1118 2664 ac
1132 2637 1241 2664 laudata
1259 2640 1310 2664 est.
1324 2637 1437 2671 Magnus
1450 2635 1623 2671 Euthymius,
1644 2640 1675 2662 ut
1692 2644 1727 2663 xx

937 2682 1058 2710 Januarii
1081 2683 1108 2709 in
1129 2682 1189 2717 ejus
1202 2682 1263 2710 Vita
1283 2682 1391 2714 dicitur,
1416 2689 1492 2708 num.
1515 2681 1558 2713 75,
1574 2680 1727 2707 calumnias

938 2731 1030 2754 contra
1046 2728 1177 2763 synodum
1198 2728 1447 2756 Chalcedonensem
1473 2726 1659 2757 aversabatur,
1674 2725 1726 2753 hac

937 2772 1008 2799 inter
1026 2773 1092 2800 alias
1108 2773 1224 2801 adducta
1238 2773 1343 2800 ratione
1357 2781 1364 2799 :
1381 2782 1389 2797 α
1406 2771 1536 2807 Cyrillum
1554 2770 1725 2797 Alexandria:

936 2819 1095 2853 episcopum
1113 2819 1233 2854 synodus
1247 2819 1298 2846 sibi
1316 2817 1448 2853 adiungit,
1471 2822 1599 2851 tanquam
1620 2816 1668 2849 qui
1689 2816 1725 2842 sit

936 2863 1058 2898 ejusdem
1072 2865 1230 2893 sententiae:
1249 2868 1276 2891 et
1291 2869 1372 2891 rectae
1389 2863 1530 2890 sententiae
1550 2861 1650 2889 fatetur
1664 2868 1725 2888 esse
