1929 3042
99 131 129 160 εις
715 128 854 156 ΝυΊΊΤΙΑ
874 128 885 155 I

941 128 1107 156 FABRICIO.
1690 137 1724 160 ui

98 197 124 218 ιι.
140 188 165 221 ι.
180 187 207 214 in
223 187 281 214 vol.
303 187 377 221 VIII,
398 187 548 223 Disputatio
566 194 626 214 cum
646 186 782 219 Nestorio;
802 194 885 222 quam
900 193 922 221 Α
934 187 1024 213 tentia:
1041 185 1148 222 synodi,
1173 186 1219 213 Gr.
1231 186 1300 214 —ln
1317 191 1382 214 tom.
1406 187 1438 219 Il,
1457 196 1485 214 n.
1502 188 1546 220 36,
1565 196 1608 223 ep.
1632 193 1723 216 contra

99 234 188 264 Iiollar.
202 233 237 260 ad
254 233 311 260 vol.
329 234 366 266 V,
382 241 408 268 p.
425 233 488 266 269,
501 240 561 260 esse
574 233 610 260 ab
622 233 676 260 alio
695 233 794 260 factam
809 238 886 268 putat

97 289 127 308 ex
146 280 237 315 Cyrilli
263 279 536 306 Antirrhetico.—ln
559 278 620 306 eod.
642 278 801 311 CCXLVIII,
818 287 845 306 n.
869 278 887 306 5

98 326 201 362 (spuria.
215 324 247 352 V.
267 325 387 357 κωκυ-η
398 333 427 360 p.
438 324 500 357 287,
518 324 587 359 not.)
602 324 706 361 Disput.
717 333 776 351 cum
785 324 886 352 Juda'is

96 373 123 398 de
139 371 293 398 udoratione
312 375 416 398 sancta:
434 371 518 396 crucis
535 374 558 397 et
569 378 711 397 sacrarum
728 371 884 406 imaginum.

97 417 161 444 —In
175 416 235 443 cod.
259 415 341 448 CCL,
360 424 389 443 n.
407 415 450 448 10,
465 423 499 443 ex
517 415 630 451 Dialogo
647 416 682 443 ad
700 416 835 443 Hermiam
854 416 886 443 de

95 462 307 491 consubstantiali
322 463 464 495 Trinitote,
474 462 571 498 fragm.
584 462 684 490 liollar.
697 470 724 497 p.
749 462 886 490 5ll.—-—ln

95 509 149 538 cod.
165 508 359 541 CCLXXXIII,
377 517 405 536 n.
423 509 450 541 2,
466 517 493 543 p.
507 509 568 541 474,
585 508 692 536 Comm.
710 513 838 543 excerpta
852 516 886 535 ex

95 557 179 593 Cyrilli
195 555 350 591 Opp.—In
372 557 427 583 vol.
453 556 494 587 Vl,
512 560 584 590 part.
607 564 627 588 ι,
648 556 736 591 p.97,
759 555 820 582 cod.
838 555 884 588 XI,

96 611 120 630 n.
144 602 185 635 16,
207 602 308 637 fragm.
339 610 374 630 ex
399 601 493 637 Cyrilli
516 602 585 637 Opp.
609 602 641 628 de
665 607 782 637 tempore
800 610 885 629 sacrm

95 656 165 675 (ante
178 646 370 683 Cbristi;—p.
391 648 442 675 150
458 655 499 682 sq.
517 648 545 675 in
559 648 621 676 cod.
636 648 729 680 XVIII,
747 656 774 675 n.
793 649 810 675 4
826 648 884 685 (ubi

91 689 123 720 Υ.
146 697 201 720 not.
216 692 338 728 Kollar.)
364 693 516 728 fragmenta
543 693 675 721 canonica
696 702 730 721 ex
749 695 826 729 epist.
851 695 885 721 ad

96 739 215 766 Domuum
223 743 251 765 et
265 747 308 774 ep.
321 739 357 765 ad
367 740 498 774 episcopos
508 738 595 774 Libya:
603 743 627 765 et
635 738 821 774 Pentapoleos,
830 744 883 768 etc.

96 785 170 820 (conf.
187 784 332 812 Theodori
347 785 517 813 Balsamonis
533 784 601 820 Opp.
615 785 663 813 Gr.
684 790 712 813 et
727 785 785 812 Lat.
797 786 883 813 Paris.

96 832 170 863 edita,
181 839 208 866 p.
224 831 295 859 1070
310 835 340 858 et
352 840 380 866 p.
392 831 510 858 108οπ-
525 831 666 858 εεηιεηιὶαι
677 831 771 867 Cyrilli
782 836 806 858 et
819 831 886 860 alio—

937 233 1138 266 T/teodorctunr;
1154 241 1181 260 ιι.
1199 232 1261 266 980,
1277 234 1305 261 in
1325 234 1386 262 eod.
1403 234 1618 262 Sarisburiensis
1635 236 1724 263 eccle—

936 279 994 312 siae,
1011 279 1049 306 De
1067 281 1231 315 processione
1241 280 1354 315 Spiritus
1368 281 1462 308 sancti.
1480 281 1554 308 —N.
1569 281 1640 308 ’5155
1655 281 1724 310 bibl.

936 326 1069 358 Norfolc.,
1090 325 1152 361 Cyr.
1176 326 1211 352 ad
1231 326 1398 359 Nestorium;
1413 335 1441 354 ιι.
1467 326 1535 354 59539
1560 327 1628 354 bibl.
1647 321 1746 361 Gnle,’

936 373 1072 400 Anastasii
1087 378 1111 399 et
1126 372 1219 408 Cyrilli
1237 373 1369 408 Expositio
1384 374 1466 400 brevis
1479 373 1542 408 ﬁdei
1557 373 1724 401 Clzristinna'.
1739 376 1742 379 '

971 419 1093 452 Dublini,
1109 427 1136 445 n.
1150 419 1211 450 726,
1229 419 1376 454 En‘pl-icatio
1390 419 1483 455 Cyr-illi
1496 428 1576 455 super
1591 420 1726 447 circumd-

935 465 1008 492 sione
1021 464 1129 498 Christi,
1138 469 1205 491 —et
1217 465 1249 491 de
1261 466 1407 500 portatione
1421 473 1466 501 per
1477 465 1634 493 Simeonem.

972 509 1064 538 Leidze
1079 511 1150 538 inter
1160 510 1240 538 codd.
1255 510 1388 542 Vulcanii,
1405 510 1492 538 Catal.
1507 511 1580 544 bibl.,
1592 520 1620 547 p.
1636 512 1688 540 544
1698 516 1727 540 et

936 556 998 589 515,
1013 557 1093 592 plura
1113 556 1207 592 Cyrilli
1223 563 1316 591 opera,
1331 564 1347 583 a
1363 555 1496 584 Vulcania
1515 558 1558 584 vel
1575 558 1724 593 descripta,

936 603 979 629 vel
993 601 1091 630 Latine
1107 610 1197 634 versa.
1211 603 1254 630 vel
1274 602 1419 629 illustrem.
1433 602 1463 629 Ρ.
1482 602 1543 636 546,
1564 611 1591 630 n.
1609 604 1654 637 ΒΞ,
1672 604 1725 640 Cy—

937 648 992 675 rilli
1011 647 1132 684 dialogus
1148 649 1182 675 utl
1200 648 1359 680 Hermwum,
1377 647 1646 684 philosophum—1).
1662 650 1725 683 517,

937 702 964 721 n.
986 694 1030 726 6'2,
1048 695 1103 722 duo
1118 694 1267 727 Sermones,
1282 698 1313 722 et
1333 694 1368 722 ad
1383 694 1521 722 Her-mium
1537 695 1725 731 presbyterum.

936 755 972 759 —
988 739 1019 767 P.
1035 739 1104 772 548,
1129 748 1156 766 n.
1190 740 1224 767 9'2
1247 740 1279 772 Ε,
1307 748 1393 767 sermo
1416 740 1523 775 fest.——
1542 740 1616 768 Inter
1643 741 1724 769 codtL

937 785 1073 817 Vossian.,
1085 794 1112 821 p.
1125 785 1188 817 581,
1201 794 1228 813 n.
1244 786 1287 818 51,
1302 786 1434 821 rescripta
1447 786 1482 814 ad
1495 787 1642 814 concilium
1655 788 1724 816 Afri~

937 839 1047 864 canum,
1063 832 1111 859 ubi
1128 832 1288 859 authentico
1302 832 1404 860 Niemni
1424 833 1533 860 concilii
1548 833 1678 861 translata
1693 835 1727 862 de

96 886 156 905 rum.
166 877 196 905 Υ.
211 878 322 905 Reiser.
335 878 395 905 lml.
408 879 484 905 codd.
496 878 620 914 August.,
633 886 660 913 p.
672 878 721 911 22;
734 878 784 911 ib.,
798 886 824 914 p.
837 878 882 911 25,
901 878 920 904 Β
934 876 1028 904 Gratco
1037 885 1088 913 per
1099 877 1290 904 Innocentium
1303 878 1503 913 presbyterum,
1518 879 1651 906 etc.——P.
1663 879 1725 912 401,

97 924 234 960 Eiplicatio
244 925 390 960 parabolw
402 925 465 952 Luc.
484 933 537 952 xm.

128 970 244 998 Venetiis
259 971 338 998 inter
355 971 436 999 codd.
455 971 511 999 Jul.
533 971 682 999 Justiniani
699 971 794 1006 Cyrilli
817 971 883 1007 Epi—

96 1017 162 1045 stula
174 1017 296 1052 fatales;
313 1018 342 1044 in
357 1018 413 1045 alio
428 1017 489 1045 cod.
503 1017 592 1053 ejusd.
605 1017 769 1051 Tliesaurue;
786 1018 814 1044 in
828 1018 884 1045 alio

96 1063 200 1090 humilia:
211 1063 239 1089 in
253 1063 382 1096 Cenesin,
394 1067 462 1091 teste
477 1062 660 1091 Montfaucon.
674 1063 702 1090 in
716 1063 792 1090 Diar.
806 1063 882 1095 Ital.,

98 1116 121 1143 p.
135 1108 395 1136 43-i.—Bandinius
415 1109 443 1136 in
457 1108 516 1136 Cat.
533 1109 607 1136 codd.
628 1109 675 1136 Gr.
694 1108 821 1136 Laurent.
840 1118 883 1136 re-

99 1155 195 1182 censuit
206 1155 287 1190 plura
301 1160 432 1190 excerpta
444 1163 478 1183 ex
488 1155 571 1182 variis
581 1154 674 1191 Cyrilli
684 1155 753 1190 Opp.
765 1155 791 1182 in
802 1156 881 1183 codd.

99 1201 217 1228 Laurent.
230 1201 314 1228 obvia
329 1207 348 1229 t.
361 1202 381 1233 Ι,
395 1210 421 1237 p.
438 1202 481 1233 47,
494 1209 522 1228 n.
539 1201 624 1233 XXX,
636 1201 722 1228 XXXI
736 1206 763 1228 et
775 1201 882 1234 XXXII,

100 1255 123 1282 p.
139 1247 199 1280 468;
216 1247 274 1279 XII,
294 1256 323 1282 p.
343 1248 408 1281 IIS;
431 1248 462 1279 V,
478 1255 504 1282 p.
527 1247 592 1280 “9;
607 1247 641 1279 Χ,
658 1255 685 1282 p.
705 1248 770 1280 “5;
789 1247 882 1280 XXVI,

101 1301 124 1328 p.
137 1292 197 1325 600;
213 1293 242 1320 in
260 1299 331 1321 tom.
354 1294 386 1326 ll,
402 1293 465 1321 cod.
485 1293 531 1325 XI,
550 1293 563 1329 ᾗ
582 1294 615 1326 ll,
631 1298 697 1320 tom.
712 1293 757 1326 Ill,
773 1301 799 1328 p.
821 1294 882 1326 524,

101 1339 152 1366 XX.
167 1339 292 1368 Citantur
314 1341 375 1368 loca
395 1345 461 1368 tom.
480 1340 500 1373 l,
519 1348 546 1375 p.
562 1340 595 1367 99
612 1344 640 1367 et
656 1340 707 1367 456
724 1340 751 1366 in
769 1339 884 1375 Exposi-

102 1387 162 1412 tione
173 1394 313 1413 sacrorum
325 1391 490 1422 prwceptor.,
506 1394 533 1420 p.
549 1385 615 1418 235;
631 1386 658 1412 in
673 1385 813 1420 Florilegio
823 1394 884 1412 sen-

103 1433 210 1464 tentiam,
231 1441 258 1467 p.
275 1432 342 1464 517,
365 1441 380 1460 a
404 1433 445 1460 J0.
469 1431 660 1460 Cantacuzeno
682 1436 774 1458 contra
798 1431 884 1458 Pala-

104 1486 186 1505 Ματιιί
202 1486 228 1513 p.
240 1479 305 1510 358,
323 1478 352 1505 in
375 1486 457 1513 opere
477 1477 604 1513 anonymi
625 1482 721 1505 contra
740 1477 883 1509 eumdem;

103 1529 128 1551 et
141 1532 165 1558 p.
177 1524 236 1556 452,
249 1524 276 1552 in
297 1524 431 1551 Thesauro
444 1523 546 1550 art/rod.
561 1523 632 1558 ﬁdei.
642 1523 790 1559 —Inlegra
802 1522 882 1559 Opp.,
900 1557 920 1568 ἢ

936 931 965 950 n.
991 924 1022 956 4,
1052 922 1146 960 Cyrilli
1169 923 1286 951 collectio
1306 926 1499 952 sententiarum
1526 931 1619 953 contra
1636 928 1727 953 Πνειι-

933 970 1135 1006 ματσμιὲχους.

973 1017 1059 1044 Paris.
1075 1018 1104 1045 in
1128 1018 1195 1045 bibl.
1220 1018 1297 1053 publ.
1321 1018 1407 1046 multa
1431 1024 1611 1046 numerantur
1632 1018 1726 1055 Cyrilli

937 1063 1048 1098 scripta,
1066 1071 1149 1090 manu
1163 1068 1274 1091 exarata
1289 1073 1294 1091 :
1309 1064 1355 1091 hic
1377 1069 1483 1092 tantum
1503 1065 1651 1092 nominabo
1671 1065 1726 1092 Ex-

937 1113 1029 1143 cerpta
1042 1108 1069 1135 in
1086 1109 1166 1136 codd.
1185 1109 1391 1138 DCCCLXXXII
1407 1115 1435 1138 et
1447 1111 1570 1138 MMHIX.
1580 1111 1726 1139 —Secun-

937 1154 1002 1181 dum
1019 1154 1109 1182 Catat.
1127 1155 1215 1182 Paris.
1232 1155 1292 1182 bibl.
1307 1164 1382 1187 mss.,
1396 1156 1449 1182 vol.
1467 1156 1487 1187 Ι,
1505 1164 1532 1191 p.
1552 1156 1602 1183 107
1619 1163 1646 1184 et
1665 1157 1725 1189 108,

937 1208 969 1227 ac
996 1201 1058 1233 117,
1073 1204 1138 1228 sunt
1154 1200 1225 1228 inter
1241 1201 1323 1229 codd.
1348 1201 1482 1229 Arabieos
1503 1201 1610 1237 aliquot
1631 1202 1726 1238 Cyrilli

938 1246 1066 1274 bomilim.

945 1323 947 1325 ,
973 1293 1095 1320 Venetiis
1112 1293 1140 1319 in
1164 1293 1231 1320 bibl.
1252 1293 1334 1322 Marc.
1355 1293 1416 1321 cod.
1436 1292 1540 1327 CXXII,
1558 1293 1619 1330 Cyr.
1634 1298 1726 1322 contra

937 1339 1230 1375 Anthropomorpliitas.
1248 1340 1308 1368 V'id.
1329 1338 1422 1367 notam
1446 1341 1474 1367 in
1494 1341 1554 1368 Cat.
1580 1341 1655 1368 codd.
1679 1341 1725 1369 Cr.

938 1385 1033 1416 Mare,
1049 1393 1076 1420 p.
1098 1385 1219 1412 70.—In
1233 1385 1295 1412 cod.
1309 1386 1487 1414 CDXXXVIII
1508 1387 1727 1415 anathematismi

937 1430 1044 1465 aliquot
1056 1429 1139 1466 (ϐαι,
1167 1438 1195 1465 p.
1220 1430 1295 1466 2l5).
1322 1431 1362 1458 Ex
1386 1439 1502 1458 numero
1528 1433 1727 1466 permultorum

939 1476 1020 1504 codd.
1036 1484 1106 1511 quos
1117 1476 1302 1504 Montfaucon.
1318 1477 1346 1503 in
1360 1476 1429 1504 Bibl.
1444 1476 1588 1505 bibliothec.
1602 1487 1664 1505 mss.
1682 1486 1727 1507 re-

939 1523 1001 1555 fert,
1018 1530 1168 1558 paucorum
1185 1527 1290 1550 tantum
1308 1523 1427 1558 injiciam
1443 1524 1621 1551 mentionem.

104 1569 128 1597 in
145 1570 219 1597 codd.
233 1570 318 1597 Laur.
335 1574 453 1602 servata,
469 1570 527 1597 suis
540 1569 608 1601 locis
622 1569 814 1597 indicabimus.
829 1569 884 1597 No—
899 1559 921 1586 θ
974 1570 1067 1596 Romae
1080 1569 1109 1596 in
1125 1569 1194 1596 bibl.
1211 1567 1341 1596 Ottobon.
1356 1569 1451 1605 Cyrilli
1465 1569 1551 1597 Oratt.
1574 1570 1606 1605 (I,
1629 1578 1655 1605 p.
1677 1569 1728 1597 185

105 1616 193 1644 tandus
207 1622 248 1644 est
258 1624 372 1651 quoque
383 1616 444 1643 cod.
457 1616 477 1648 I,
489 1624 517 1643 n.
530 1615 557 1647 2,
574 1616 643 1650 plut.
655 1616 681 1647 7,
698 1615 754 1643 sive
764 1615 887 1642 Edictum

104 1664 258 1698 inperatoris
269 1663 429 1695 Iustiniani,
442 1662 585 1689 continens
595 1662 794 1689 confessionem
806 1666 887 1689 rectm

106 1709 170 1741 fidei,
189 1714 252 1741 etc.,
275 1709 306 1735 in
322 1715 376 1743 qua
395 1707 575 1739 lustinianus,
599 1714 627 1742 ι).
649 1706 711 1739 293,
729 1706 811 1734 atl‘ert
826 1706 886 1733 loca

106 1754 187 1790 Cyrilli
198 1755 275 1783 Alex.
289 1762 324 1781 ex
337 1754 417 1789 epist.
432 1754 443 1780 1
463 1758 491 1780 et
505 1753 523 1780 2
536 1753 570 1780 ad
585 1752 749 1784 Successum,
762 1757 828 1785 ρων,
843 1756 886 1779 at-

107 1809 152 1836 que
162 1809 188 1828 n.
201 1801 226 1834 5,
239 1800 389 1836 Exemplar
408 1799 532 1835 epistolw,
543 1799 575 1826 ab
585 1799 649 1834 imp.
662 1798 813 1825 Iustiniano
828 1806 887 1833 per-

107 1848 207 1882 scriptae,
225 1848 354 1874 adversus
369 1845 521 1878 nonnullos,
535 1845 644 1880 impium
661 1844 832 1880 Theodorum,
847 1849 887 1870 at-

107 1902 148 1928 que
163 1894 250 1929 iniqua
275 1891 334 1928 ejus
351 1892 486 1926 dogmata,
509 1895 534 1917 et
548 1890 685 1925 epistolam
707 1890 759 1918 Iba:
777 1890 884 1922 didam,

107 1949 147 1966 nec
165 1948 213 1966 non
235 1939 386 1966 leeodoriti
407 1937 487 1964 libros
506 1942 599 1963 contra
619 1935 777 1963 catholicam
795 1935 885 1970 ﬁdem,

107 1987 196 2021 scriptis
217 1988 429 2020 propugnantes,
452 1989 534 2017 quam
556 1982 665 2016 longam
684 1982 766 2016 epist.
784 1981 885 2008 Bandi-

108 2032 161 2059 nius
172 2032 262 2059 ineat.
278 2037 344 2059 tom.
360 2031 382 2063 ι,
396 2039 422 2065 p.
439 2029 489 2057 166
506 2037 578 2064 sqq.,
593 2029 699 2064 primus
715 2028 808 2056 Graece
823 2036 885 2055 eum

110 2077 191 2105 Latina
204 2078 332 2105 versione
347 2076 484 2111 evolgavit
504 2084 511 2101 :
529 2075 556 2102 in
574 2083 627 2109 qua
647 2075 775 2109 frequens
792 2074 886 2110 Cyrilli

109 2125 207 2159 ejusque
226 2131 344 2159 operum
362 2121 544 2158 quorumdam
562 2120 591 2148 lit
606 2121 718 2154 mentio,
732 2125 780 2148 aut
796 2120 819 2148 is
836 2120 886 2147 de-

108 2170 226 2198 fenditur.

138 2227 288 2255 Secundum
308 2226 397 2254 Catnl.
414 2227 487 2253 codd.
505 2225 608 2261 Anglia
622 2230 646 2252 et
665 2224 771 2252 Hibrrn.
793 2223 820 2250 in
835 2230 882 2250 va-
901 2228 922 2256 ι)

108 2274 148 2301 riis
161 2274 298 2305 biblioth.,
316 2273 452 2308 pracipuos
472 2273 628 2304 Bodleiano,
643 2271 736 2306 Cyrilli
756 2262 824 2305 Opp.
842 2274 889 2296 aut

109 2321 302 2353 partesillorum
312 2326 501 2353 saepenumero
511 2323 632 2345 exstant:
642 2317 686 2344 hic
694 2316 797 2351 aliquot
807 2315 886 2343 codd.

110 2363 131 2390 in
137 2365 230 2398 quibus
236 2365 378 2399 particulae
388 2364 573 2398 reperiuntur,
582 2361 886 2389 tantumexcitabimus:

110 2417 132 2436 n.
147 2411 177 2438 85
191 2411 260 2438 bibl.
275 2410 394 2441 Bodlei.,
416 2410 445 2436 in
467 2409 529 2436 eod.
546 2408 658 2435 Barocc.
681 2407 810 2439 LXXXV,
834 2407 888 2442 epi-

108 2456 166 2483 stola
175 2457 207 2483 ad
218 2456 386 2484 Gennadium
397 2461 425 2482 et
435 2460 564 2489 excerpta
572 2462 606 2482 ex
614 2454 738 2488 epistolis
747 2456 774 2480 et
785 2460 819 2480 ex
831 2461 889 2480 ser-

111 2509 176 2529 mone
190 2502 327 2538 qnodam;
338 2508 407 2527 ——n.
425 2500 488 2531 272,
504 2499 610 2535 Disput.
627 2499 696 2525 inter
713 2497 841 2533 Cyrillum
863 2501 888 2524 et

109 2547 261 2580 Nestorium;
281 2555 310 2575 n.
326 2547 388 2579 688,
407 2545 567 2579 Quwstiones
589 2549 613 2572 et
630 2545 792 2579 responsion.
815 2551 887 2579 qutt-

110 2594 160 2622 dam
171 2596 200 2623 de
215 2595 267 2630 ﬁde
280 2598 383 2622 sancti:
399 2593 533 2620 Trinitatis
540 2600 617 2625 ;—n.
637 2591 716 2622 2500,
731 2591 888 2618 Eneomium

109 2639 133 2667 Β.
145 2641 265 2678 Virginis;
282 2649 310 2668 n.
327 2640 407 2671 2877,
425 2638 644 2673 Deimaginibus;
658 2646 686 2665 η.
701 2636 780 2668 5060,
792 2635 887 2671 Capita

111 2686 194 2722 aliquot
206 2686 363 2723 synodalia;
376 2693 405 2711 η.
421 2684 501 2716 5275,
520 2688 590 2711 orat.
608 2683 654 2710 Dex
663 2682 744 2710 XXIV
754 2682 886 2718 presbyte-

110 2733 137 2758 ris
153 2735 191 2768 qui
213 2734 242 2761 in
262 2732 328 2759 coelo
351 2734 429 2763 sunt,
460 2738 577 2766 quorum
595 2729 706 2757 nomina
729 2729 887 2757 scribuntur

109 2778 202 2815 Coptice
217 2789 225 2806 :
239 2785 361 2814 quorum
385 2776 610 2805 commemoratio
625 2775 684 2802 ﬁeri
700 2775 770 2802 solet
790 2774 834 2801 die
852 2774 888 2801 2-5

109 2825 192 2852 mensis
205 2825 306 2855 ﬂatur,
325 2821 456 2853 Arabica;
472 2829 499 2848 n.
512 2820 592 2852 3597,
608 2821 636 2847 in
656 2819 819 2856 Symr‘onem.

135 2869 282 2905 Cantabrig.
301 2877 330 2896 n.
345 2868 408 2902 5H,
423 2866 516 2903 Cyrilli
531 2872 558 2895 et
573 2867 688 2895 aliorum
705 2874 766 2902 opp.
783 2874 804 2893 s.
825 2870 884 2893 acta

936 1614 980 1650 Α).
1006 1613 1129 1642 V'atican.
1156 1614 1223 1641 bibl.
1248 1618 1276 1642 et
1303 1614 1345 1642 bis
1371 1614 1399 1641 in
1419 1614 1591 1642 Ambrosian.
1617 1614 1726 1642 Mediol.

936 1659 1024 1694 Opera
1040 1659 1071 1695 (I,
1087 1667 1115 1694 p.
1131 1658 1180 1686 l99
1194 1658 1226 1691 Α,
1240 1666 1268 1693 p.
1285 1658 1337 1685 495
1350 1658 1382 1690 Ε,
1396 1666 1423 1693 p.
1439 1658 1491 1685 512
1508 1657 1549 1693 Β).

971 1704 1094 1735 Busilew,
1115 1703 1207 1739 Cyrill.
1227 1703 1303 1730 Alex.
1324 1704 1352 1730 in
1376 1703 1498 1730 Exortum
1522 1708 1546 1730 et
1570 1702 1728 1733 Leviticum;

937 1751 1089 1778 Tlieodoret.
1107 1750 1169 1786 Cyri
1190 1755 1282 1777 contra
1297 1749 1437 1785 Cyrillum,
1458 1754 1486 1776 et
1505 1749 1597 1785 Cyrilli
1617 1750 1726 1784 epistola

935 1802 1028 1824 contra
1035 1797 1221 1824 Tlteodoretnm
1228 1805 1237 1829 ;
1244 1796 1304 1832 Cyr.
1315 1796 1529 1823 anathematismi
1535 1795 1594 1827 XII,
1601 1799 1628 1822 et
1634 1800 1727 1823 eontra

936 1844 1232 1880 Anthropomorphitas;
1249 1846 1278 1870 et
1296 1843 1322 1869 in
1339 1842 1393 1869 alio
1410 1841 1471 1869 cod.
1482 1841 1576 1876 Cyrilli
1590 1841 1725 1876 quaedam,

935 1893 964 1916 et
978 1889 1102 1924 epistola,
1116 1893 1168 1916 etc.
1190 1888 1221 1925 (I,
1240 1895 1266 1923 p.
1283 1887 1333 1915 609
1345 1887 1374 1919 B,
1393 1895 1419 1922 p.
1439 1887 1490 1914 610
1502 1886 1593 1923 Α>.ν-
1607 1887 1635 1914 In
1658 1887 1725 1914 bibl.

937 1933 966 1960 S.
981 1933 1127 1965 Vincentii,
1141 1940 1223 1968 opera
1237 1933 1280 1969 (Il,
1296 1940 1323 1967 p.
1342 1932 1409 1959 1194
1424 1932 1467 1967 D).
1477 1932 1546 1959 —ln
1562 1932 1629 1959 bibl.
1643 1932 1725 1959 Pelli-

936 1979 1012 2010 serii,
1024 1979 1051 2005 in
1064 1978 1174 2005 Esaiam
1194 1978 1236 2014 (Il,
1254 1986 1281 2013 p.
1301 1978 1370 2005 1198
1389 1977 1506 2013 E).—In
1524 1978 1591 2005 bibl.
1611 1977 1727 2006 abbaliue

936 2025 964 2053 S.
987 2025 1151 2066 Theoderici
1175 2032 1259 2059 prope
1274 2024 1385 2056 Remos,
1406 2023 1527 2051 Hamiliw
1540 2025 1568 2051 in
1588 2023 1669 2051 Leuit.
1684 2025 1727 2051 bis

937 2071 1020 2108 (ll,p.
1035 2071 1145 2104 I251E,
1163 2075 1191 2098 et
1208 2071 1276 2097 1254
1294 2071 1335 2105 Β).

973 2118 1092 2144 Florent.
1111 2117 1138 2144 in
1156 2117 1222 2144 bibl.
1237 2116 1266 2144 S.
1283 2116 1365 2143 Marci
1379 2117 1513 2143 Dominic.
1534 2116 1586 2144 tria
1599 2116 1727 2144 Commo-

936 2163 1036 2190 nitoria
1047 2166 1074 2190 et
1087 2161 1211 2198 Epistola:
1218 2161 1276 2189 dua:
1289 2162 1323 2188 ad
1338 2161 1473 2194 Acacium,
1485 2161 1580 2188 Latine
1595 2161 1625 2197 (I,
1638 2169 1664 2196 p.
1676 2161 1727 2189 M9

937 2208 958 2235 D
974 2207 1059 2244 E—).
1074 2208 1144 2235 Add.
1164 2207 1301 2235 Zacharia:
1324 2207 1378 2234 Iter
1401 2207 1515 2234 litterar.
1538 2215 1583 2242 per
1606 2207 1726 2239 Italiam,

938 2253 1034 2280 Venet.
1046 2252 1122 2285 I762,
1132 2253 1158 2285 4,
1171 2261 1198 2287 p.
1210 2253 1254 2286 51,
1265 2252 1338 2280 etde
1349 2253 1402 2279 alio
1415 2252 1488 2284 cod.,
1501 2260 1527 2287 ρ.
1541 2252 1583 2280 55,
1595 2252 1647 2279 Sed
1659 2252 1725 2280 oliel

935 2300 991 2335 jam
1008 2299 1073 2327 satis
1086 2305 1129 2327 est
1145 2299 1172 2326 in
1184 2299 1324 2334 praesenti!
1339 2299 1435 2334 Iliun]

1201 2378 1304 2405 Latina:
1328 2379 1462 2405 editiones.

973 2446 1054 2474 Basil.
1074 2446 1153 2478 1521,
1169 2445 1227 2478 fol.,
1244 2445 1314 2481 apud
1332 2445 1524 2476 Cratandrum,
1543 2445 1570 2471 in
1593 2452 1646 2479 qua
1667 2444 1727 2471 edi—

938 2492 1012 2520 tione
1038 2497 1143 2520 tantum
1168 2495 1276 2519 exstant
1302 2491 1498 2519 Commentarii
1528 2491 1556 2517 in
1580 2490 1726 2521 Joannem,

936 2539 964 2566 in
983 2539 1124 2566 Leviticnm
1140 2538 1198 2573 (qui
1212 2537 1339 2573 Origenis
1354 2537 1430 2572 sunt)
1445 2542 1473 2565 et
1489 2537 1649 2569 Thesaurus;
1667 2544 1727 2571 qua:

936 2585 1043 2620 singula
1065 2584 1212 2619 separatim
1232 2584 1394 2619 prodierunt
1409 2585 1495 2612 Paris.
1522 2580 1588 2611 15:20
1606 2590 1634 2611 et
1648 2584 1725 2614 1521,

937 2632 984 2659 fol.
1009 2631 1201 2659 Fam—llaec
1221 2631 1288 2658 edit.
1312 2631 1394 2659 Busil.
1419 2639 1444 2658 a.
1464 2631 1541 2663 1524,
1561 2631 1629 2657 nihil
1653 2630 1726 2657 aliud

937 2679 1061 2707 continet
1083 2686 1164 2713 quam
1188 2686 1249 2713 quae
1274 2682 1353 2706 antea
1377 2677 1489 2705 Parisiis
1510 2677 1624 2704 seorsim
1653 2676 1726 2703 edita

936 2729 1026 2757 erant,
1051 2729 1199 2752 annotante
1223 2723 1410 2751 Lambacbero
1435 2723 1463 2749 in
1489 2720 1558 2750 Bibl.
1582 2722 1724 2749 Vindobon.

936 2773 1028 2804 civica,
1041 2779 1068 2807 p.
1082 2771 1127 2803 98,
1144 2774 1213 2802 not.,
1228 2770 1314 2807 quip.
1331 2769 1365 2797 99
1379 2772 1511 2796 memorat
1526 2773 1581 2796 tres
1591 2769 1727 2796 editiones

937 2817 1117 2853 quorumdam
1130 2825 1193 2852 opp.
1203 2806 1306 2852 Cyrilli.
1318 2817 1352 2844 At
1362 2816 1389 2843 in
1401 2816 1468 2843 bibl.
1478 2815 1553 2843 acad.
1566 2815 1725 2849 Erlangr‘mi

936 2868 978 2891 est
1000 2863 1127 2892 volumen
1143 2862 1244 2902 grunde
1261 2862 1287 2890 in
1308 2861 1376 2890 min.
1398 2861 1474 2893 folio,
1490 2860 1562 2896 quod
1580 2864 1726 2894 sequentes
