  <div class='ocr_page' id='page_1' title='image "/cluster/home/n/w/nwhite01/storage/ocr_20150623/68/njp.32101077772711/031.png"; bbox 0 0 1929 3042; ppageno 0'>
   <div class='ocr_carea' id='block_1_1' title="bbox 122 111 1774 144">
    <p class='ocr_par' dir='ltr' id='par_1_1' title="bbox 122 111 1774 144">
     <span class='ocr_line' id='line_1_1' title="bbox 122 111 1774 144; baseline 0.004 -7"><span class='ocrx_word' id='word_1_1' title='bbox 122 111 167 137; x_wconf 62' lang='lat' dir='ltr'><strong>&quot;in</strong></span> <span class='ocrx_word' id='word_1_2' title='bbox 752 113 891 139; x_wconf 69' lang='lat' dir='ltr'><strong>NU&#39;ll&#39;llA</strong></span> <span class='ocrx_word' id='word_1_3' title='bbox 911 113 957 141; x_wconf 79' lang='lat' dir='ltr'><strong>EX</strong></span> <span class='ocrx_word' id='word_1_4' title='bbox 979 115 1148 143; x_wconf 75' lang='lat' dir='ltr'><strong>FABRICIO.</strong></span> <span class='ocrx_word' id='word_1_5' title='bbox 1737 115 1774 144; x_wconf 68' lang='grc'><strong>48</strong></span> 
     </span>
    </p>
   </div>
   <div class='ocr_carea' id='block_1_2' title="bbox 132 169 1771 210">
    <p class='ocr_par' dir='ltr' id='par_1_2' title="bbox 132 169 1771 210">
     <span class='ocr_line' id='line_1_2' title="bbox 132 169 1771 210; baseline 0.004 -15"><span class='ocrx_word' id='word_1_6' title='bbox 132 169 270 210; x_wconf 76' lang='lat' dir='ltr'><strong>editiones</strong></span> <span class='ocrx_word' id='word_1_7' title='bbox 286 176 348 196; x_wconf 87' lang='lat' dir='ltr'><strong>cum</strong></span> <span class='ocrx_word' id='word_1_8' title='bbox 358 169 550 204; x_wconf 71' lang='lat' dir='ltr'><strong>peculiaribus</strong></span> <span class='ocrx_word' id='word_1_9' title='bbox 567 169 738 205; x_wconf 71' lang='lat' dir='ltr'><strong>singulorum</strong></span> <span class='ocrx_word' id='word_1_10' title='bbox 749 177 814 206; x_wconf 85' lang='lat' dir='ltr'><strong>opp.</strong></span> <span class='ocrx_word' id='word_1_11' title='bbox 827 172 925 199; x_wconf 86' lang='lat' dir='ltr'><strong>insori-</strong></span> <span class='ocrx_word' id='word_1_12' title='bbox 942 177 962 204; x_wconf 81' lang='grc' dir='ltr'><strong>Α</strong></span> <span class='ocrx_word' id='word_1_13' title='bbox 978 175 1054 209; x_wconf 71' lang='lat' dir='ltr'><strong>gina:</strong></span> <span class='ocrx_word' id='word_1_14' title='bbox 1066 175 1130 201; x_wconf 88' lang='lat' dir='ltr'><strong>liber</strong></span> <span class='ocrx_word' id='word_1_15' title='bbox 1145 183 1222 206; x_wconf 74' lang='lat' dir='ltr'><strong>unus,</strong></span> <span class='ocrx_word' id='word_1_16' title='bbox 1233 173 1275 201; x_wconf 82' lang='lat' dir='ltr'><strong>Jo.</strong></span> <span class='ocrx_word' id='word_1_17' title='bbox 1293 173 1504 209; x_wconf 77' lang='lat' dir='ltr'><strong>OEcolampadio</strong></span> <span class='ocrx_word' id='word_1_18' title='bbox 1518 175 1670 210; x_wconf 68' lang='lat' dir='ltr'><strong>interprete.</strong></span> <span class='ocrx_word' id='word_1_19' title='bbox 1687 174 1771 202; x_wconf 76' lang='grc' dir='ltr'>Ηηιι.</span> 
     </span>
    </p>
   </div>
   <div class='ocr_carea' id='block_1_3' title="bbox 135 207 927 255">
    <p class='ocr_par' dir='ltr' id='par_1_3' title="bbox 135 207 927 255">
     <span class='ocr_line' id='line_1_3' title="bbox 135 207 927 255; baseline 0.004 -14"><span class='ocrx_word' id='word_1_20' title='bbox 135 207 276 255; x_wconf 80' lang='lat' dir='ltr'><strong>ptionibus</strong></span> <span class='ocrx_word' id='word_1_21' title='bbox 290 215 498 250; x_wconf 84' lang='lat' dir='ltr'><strong>comprehendit</strong></span> <span class='ocrx_word' id='word_1_22' title='bbox 516 225 521 242; x_wconf 90' lang='lat'><strong>:</strong></span> <span class='ocrx_word' id='word_1_23' title='bbox 538 224 566 242; x_wconf 88' lang='lat' dir='ltr'><strong>n.</strong></span> <span class='ocrx_word' id='word_1_24' title='bbox 580 216 604 243; x_wconf 86' lang='lat' dir='ltr'><strong>i.</strong></span> <span class='ocrx_word' id='word_1_25' title='bbox 622 215 693 251; x_wconf 81' lang='lat' dir='ltr'><strong>Opus</strong></span> <span class='ocrx_word' id='word_1_26' title='bbox 710 216 811 251; x_wconf 77' lang='lat' dir='ltr'><strong>insigne</strong></span> <span class='ocrx_word' id='word_1_27' title='bbox 823 216 927 252; x_wconf 83' lang='lat' dir='ltr'><strong>Cyrilli,</strong></span> 
     </span>
    </p>
   </div>
   <div class='ocr_carea' id='block_1_4' title="bbox 133 260 928 301">
    <p class='ocr_par' dir='ltr' id='par_1_4' title="bbox 133 260 928 301">
     <span class='ocr_line' id='line_1_4' title="bbox 133 260 928 301; baseline 0.005 -15"><span class='ocrx_word' id='word_1_28' title='bbox 133 260 285 301; x_wconf 72' lang='lat' dir='ltr'><strong>patriarcha</strong></span> <span class='ocrx_word' id='word_1_29' title='bbox 298 260 374 287; x_wconf 74' lang='lat' dir='ltr'><strong>Alex.</strong></span> <span class='ocrx_word' id='word_1_30' title='bbox 389 261 420 287; x_wconf 75' lang='lat' dir='ltr'><strong>in”</strong></span> <span class='ocrx_word' id='word_1_31' title='bbox 439 260 615 295; x_wconf 67' lang='lat' dir='ltr'><strong>Evangelium</strong></span> <span class='ocrx_word' id='word_1_32' title='bbox 630 261 742 290; x_wconf 81' lang='lat' dir='ltr'><strong>Joannis</strong></span> <span class='ocrx_word' id='word_1_33' title='bbox 757 270 765 289; x_wconf 84' lang='lat'><strong>.&#39;</strong></span> <span class='ocrx_word' id='word_1_34' title='bbox 787 271 802 289; x_wconf 86' lang='lat' dir='ltr'><strong>a</strong></span> <span class='ocrx_word' id='word_1_35' title='bbox 819 262 928 298; x_wconf 82' lang='lat' dir='ltr'><strong>Georgio</strong></span> 
     </span>
    </p>
   </div>
   <div class='ocr_carea' id='block_1_5' title="bbox 134 304 926 344">
    <p class='ocr_par' dir='ltr' id='par_1_5' title="bbox 134 304 926 344">
     <span class='ocr_line' id='line_1_5' title="bbox 134 304 926 344; baseline 0.005 -12"><span class='ocrx_word' id='word_1_36' title='bbox 134 304 308 342; x_wconf 70' lang='lat' dir='ltr'><strong>Trapezoutio</strong></span> <span class='ocrx_word' id='word_1_37' title='bbox 321 306 482 333; x_wconf 80' lang='lat' dir='ltr'><strong>traductum.</strong></span> <span class='ocrx_word' id='word_1_38' title='bbox 492 306 613 335; x_wconf 84' lang='lat' dir='ltr'><strong>Jodocus</strong></span> <span class='ocrx_word' id='word_1_39' title='bbox 624 307 799 336; x_wconf 85' lang='lat' dir='ltr'><strong>Clicbtoveus</strong></span> <span class='ocrx_word' id='word_1_40' title='bbox 811 308 837 335; x_wconf 91' lang='lat' dir='ltr'><strong>in</strong></span> <span class='ocrx_word' id='word_1_41' title='bbox 846 309 926 344; x_wconf 87' lang='lat' dir='ltr'><strong>epist.</strong></span> 
     </span>
    </p>
   </div>
   <div class='ocr_carea' id='block_1_6' title="bbox 134 348 927 389">
    <p class='ocr_par' dir='ltr' id='par_1_6' title="bbox 134 348 927 389">
     <span class='ocr_line' id='line_1_6' title="bbox 134 348 927 389; baseline 0.004 -9"><span class='ocrx_word' id='word_1_42' title='bbox 134 348 349 389; x_wconf 81' lang='lat' dir='ltr'><strong>nuncupatoria,</strong></span> <span class='ocrx_word' id='word_1_43' title='bbox 375 353 476 389; x_wconf 82' lang='lat' dir='ltr'><strong>seripta</strong></span> <span class='ocrx_word' id='word_1_44' title='bbox 502 354 587 382; x_wconf 84' lang='lat' dir='ltr'><strong>Paris.</strong></span> <span class='ocrx_word' id='word_1_45' title='bbox 616 354 704 387; x_wconf 84' lang='lat' dir='ltr'><strong>i508,</strong></span> <span class='ocrx_word' id='word_1_46' title='bbox 724 355 799 382; x_wconf 90' lang='lat' dir='ltr'><strong>dolet</strong></span> <span class='ocrx_word' id='word_1_47' title='bbox 819 360 927 383; x_wconf 77' lang='lat' dir='ltr'><strong>exstare</strong></span> 
     </span>
    </p>
   </div>
   <div class='ocr_carea' id='block_1_7' title="bbox 133 391 926 430">
    <p class='ocr_par' dir='ltr' id='par_1_7' title="bbox 133 391 926 430">
     <span class='ocr_line' id='line_1_7' title="bbox 133 391 926 430; baseline 0.001 -2"><span class='ocrx_word' id='word_1_48' title='bbox 133 391 216 428; x_wconf 80' lang='lat' dir='ltr'><strong>etiam</strong></span> <span class='ocrx_word' id='word_1_49' title='bbox 234 401 261 428; x_wconf 93' lang='lat' dir='ltr'><strong>in</strong></span> <span class='ocrx_word' id='word_1_50' title='bbox 275 401 362 427; x_wconf 88' lang='lat' dir='ltr'><strong>tribus</strong></span> <span class='ocrx_word' id='word_1_51' title='bbox 377 399 482 427; x_wconf 84' lang='lat' dir='ltr'><strong>Latinis</strong></span> <span class='ocrx_word' id='word_1_52' title='bbox 498 406 526 428; x_wconf 87' lang='lat' dir='ltr'><strong>et</strong></span> <span class='ocrx_word' id='word_1_53' title='bbox 539 401 646 429; x_wconf 87' lang='lat' dir='ltr'><strong>duobus</strong></span> <span class='ocrx_word' id='word_1_54' title='bbox 661 402 762 430; x_wconf 64' lang='lat' dir='ltr'><strong>Graecis</strong></span> <span class='ocrx_word' id='word_1_55' title='bbox 777 402 858 430; x_wconf 90' lang='lat' dir='ltr'><strong>codd.</strong></span> <span class='ocrx_word' id='word_1_56' title='bbox 875 403 926 429; x_wconf 80' lang='lat' dir='ltr'><strong>Va-</strong></span> 
     </span>
    </p>
   </div>
   <div class='ocr_carea' id='block_1_8' title="bbox 133 440 927 483">
    <p class='ocr_par' dir='ltr' id='par_1_8' title="bbox 133 440 927 483">
     <span class='ocr_line' id='line_1_8' title="bbox 133 440 927 483; baseline 0.004 -11"><span class='ocrx_word' id='word_1_57' title='bbox 133 440 221 474; x_wconf 28' lang='lat' dir='ltr'><strong>tican.‘</strong></span> <span class='ocrx_word' id='word_1_58' title='bbox 233 454 248 473; x_wconf 90' lang='lat' dir='ltr'><strong>e</strong></span> <span class='ocrx_word' id='word_1_59' title='bbox 269 446 414 474; x_wconf 84' lang='lat' dir='ltr'><strong>duodecim</strong></span> <span class='ocrx_word' id='word_1_60' title='bbox 435 446 515 473; x_wconf 76' lang='lat' dir='ltr'><strong>libris</strong></span> <span class='ocrx_word' id='word_1_61' title='bbox 532 448 792 475; x_wconf 86' lang='lat' dir='ltr'><strong>commentariorum</strong></span> <span class='ocrx_word' id='word_1_62' title='bbox 808 452 927 483; x_wconf 90' lang='lat' dir='ltr'><strong>quatuor</strong></span> 
     </span>
    </p>
   </div>
   <div class='ocr_carea' id='block_1_9' title="bbox 132 492 925 533">
    <p class='ocr_par' dir='ltr' id='par_1_9' title="bbox 132 492 925 533">
     <span class='ocr_line' id='line_1_9' title="bbox 132 492 925 533; baseline 0.004 -14"><span class='ocrx_word' id='word_1_63' title='bbox 132 493 262 533; x_wconf 80' lang='lat' dir='ltr'><strong>duntaxat</strong></span> <span class='ocrx_word' id='word_1_64' title='bbox 287 492 391 527; x_wconf 90' lang='lat' dir='ltr'><strong>primos</strong></span> <span class='ocrx_word' id='word_1_65' title='bbox 412 497 440 520; x_wconf 88' lang='lat' dir='ltr'><strong>et</strong></span> <span class='ocrx_word' id='word_1_66' title='bbox 464 493 577 520; x_wconf 92' lang='lat' dir='ltr'><strong>totidem</strong></span> <span class='ocrx_word' id='word_1_67' title='bbox 601 497 770 529; x_wconf 83' lang='lat' dir='ltr'><strong>postremos;</strong></span> <span class='ocrx_word' id='word_1_68' title='bbox 796 499 858 530; x_wconf 89' lang='lat' dir='ltr'><strong>post</strong></span> <span class='ocrx_word' id='word_1_69' title='bbox 878 494 925 522; x_wconf 81' lang='lat' dir='ltr'><strong>fol.</strong></span> 
     </span>
    </p>
   </div>
   <div class='ocr_carea' id='block_1_10' title="bbox 133 538 927 577">
    <p class='ocr_par' dir='ltr' id='par_1_10' title="bbox 133 538 927 577">
     <span class='ocr_line' id='line_1_10' title="bbox 133 538 927 577; baseline 0.005 -13"><span class='ocrx_word' id='word_1_70' title='bbox 133 538 183 565; x_wconf 78' lang='grc'><strong>168</strong></span> <span class='ocrx_word' id='word_1_71' title='bbox 198 546 213 566; x_wconf 86' lang='lat' dir='ltr'><strong>a</strong></span> <span class='ocrx_word' id='word_1_72' title='bbox 231 538 300 565; x_wconf 75' lang='lat' dir='ltr'><strong>norit</strong></span> <span class='ocrx_word' id='word_1_73' title='bbox 319 546 397 574; x_wconf 79' lang='lat' dir='ltr'><strong>pagg.</strong></span> <span class='ocrx_word' id='word_1_74' title='bbox 417 539 487 566; x_wconf 87' lang='lat' dir='ltr'><strong>serie</strong></span> <span class='ocrx_word' id='word_1_75' title='bbox 505 539 516 566; x_wconf 96' lang='grc'>1</span> <span class='ocrx_word' id='word_1_76' title='bbox 529 555 563 559; x_wconf 83' lang='grc'><strong><em>-</em></strong></span> <span class='ocrx_word' id='word_1_77' title='bbox 575 539 607 567; x_wconf 83' lang='grc'><strong>19</strong></span> <span class='ocrx_word' id='word_1_78' title='bbox 621 540 744 575; x_wconf 74' lang='lat' dir='ltr'><strong>adjectus</strong></span> <span class='ocrx_word' id='word_1_79' title='bbox 759 544 801 568; x_wconf 85' lang='lat' dir='ltr'><strong>est</strong></span> <span class='ocrx_word' id='word_1_80' title='bbox 811 549 826 568; x_wconf 87' lang='lat' dir='ltr'><strong>a</strong></span> <span class='ocrx_word' id='word_1_81' title='bbox 836 541 927 577; x_wconf 85' lang='lat' dir='ltr'><strong>Clich—</strong></span> 
     </span>
    </p>
   </div>
   <div class='ocr_carea' id='block_1_11' title="bbox 133 585 927 625">
    <p class='ocr_par' dir='ltr' id='par_1_11' title="bbox 133 585 927 625">
     <span class='ocr_line' id='line_1_11' title="bbox 133 585 927 625; baseline 0.004 -14"><span class='ocrx_word' id='word_1_82' title='bbox 133 589 212 612; x_wconf 89' lang='lat' dir='ltr'><strong>toveo</strong></span> <span class='ocrx_word' id='word_1_83' title='bbox 228 585 412 625; x_wconf 83' lang='lat' dir='ltr'><strong>explanationi</strong></span> <span class='ocrx_word' id='word_1_84' title='bbox 440 585 533 621; x_wconf 72' lang='lat' dir='ltr'><strong>Cyrilli</strong></span> <span class='ocrx_word' id='word_1_85' title='bbox 565 587 825 622; x_wconf 79' lang='lat' dir='ltr'><strong>commentariorum</strong></span> <span class='ocrx_word' id='word_1_86' title='bbox 856 587 927 614; x_wconf 90' lang='lat' dir='ltr'><strong>liber</strong></span> 
     </span>
    </p>
   </div>
   <div class='ocr_carea' id='block_1_12' title="bbox 131 631 924 668">
    <p class='ocr_par' dir='ltr' id='par_1_12' title="bbox 131 631 924 668">
     <span class='ocr_line' id='line_1_12' title="bbox 131 631 924 668; baseline 0.003 -10"><span class='ocrx_word' id='word_1_87' title='bbox 131 632 244 666; x_wconf 78' lang='lat' dir='ltr'><strong>quintus</strong></span> <span class='ocrx_word' id='word_1_88' title='bbox 260 641 266 658; x_wconf 93' lang='lat'><strong>:</strong></span> <span class='ocrx_word' id='word_1_89' title='bbox 284 635 341 659; x_wconf 86' lang='lat' dir='ltr'><strong>tum</strong></span> <span class='ocrx_word' id='word_1_90' title='bbox 353 640 379 666; x_wconf 91' lang='lat' dir='ltr'><strong>p.</strong></span> <span class='ocrx_word' id='word_1_91' title='bbox 394 631 429 659; x_wconf 79' lang='grc'><strong>58</strong></span> <span class='ocrx_word' id='word_1_92' title='bbox 440 639 500 667; x_wconf 84' lang='lat' dir='ltr'><strong>sqq.</strong></span> <span class='ocrx_word' id='word_1_93' title='bbox 514 632 625 660; x_wconf 85' lang='lat' dir='ltr'><strong>additus</strong></span> <span class='ocrx_word' id='word_1_94' title='bbox 637 637 679 660; x_wconf 84' lang='lat' dir='ltr'><strong>est</strong></span> <span class='ocrx_word' id='word_1_95' title='bbox 693 633 763 660; x_wconf 83' lang='lat' dir='ltr'><strong>liber</strong></span> <span class='ocrx_word' id='word_1_96' title='bbox 778 633 924 668; x_wconf 82' lang='lat' dir='ltr'><strong>septimus;</strong></span> 
     </span>
    </p>
   </div>
   <div class='ocr_carea' id='block_1_13' title="bbox 132 677 925 714">
    <p class='ocr_par' dir='ltr' id='par_1_13' title="bbox 132 677 925 714">
     <span class='ocr_line' id='line_1_13' title="bbox 132 677 925 714; baseline 0.003 -9"><span class='ocrx_word' id='word_1_97' title='bbox 132 683 189 706; x_wconf 91' lang='lat' dir='ltr'><strong>tum</strong></span> <span class='ocrx_word' id='word_1_98' title='bbox 207 686 234 713; x_wconf 88' lang='lat' dir='ltr'><strong>p.</strong></span> <span class='ocrx_word' id='word_1_99' title='bbox 251 677 284 705; x_wconf 70' lang='lat'><strong>52</strong></span> <span class='ocrx_word' id='word_1_100' title='bbox 303 678 407 713; x_wconf 84' lang='lat' dir='ltr'><strong>pariter</strong></span> <span class='ocrx_word' id='word_1_101' title='bbox 423 678 634 714; x_wconf 81' lang='lat' dir='ltr'><strong>liberoctavus,</strong></span> <span class='ocrx_word' id='word_1_102' title='bbox 651 682 679 706; x_wconf 92' lang='lat' dir='ltr'><strong>et</strong></span> <span class='ocrx_word' id='word_1_103' title='bbox 703 679 742 706; x_wconf 86' lang='lat' dir='ltr'><strong>sic</strong></span> <span class='ocrx_word' id='word_1_104' title='bbox 766 687 859 714; x_wconf 88' lang='lat' dir='ltr'><strong>porro,</strong></span> <span class='ocrx_word' id='word_1_105' title='bbox 878 680 925 707; x_wconf 88' lang='lat' dir='ltr'><strong>ubi</strong></span> 
     </span>
    </p>
   </div>
   <div class='ocr_carea' id='block_1_14' title="bbox 131 720 925 763">
    <p class='ocr_par' dir='ltr' id='par_1_14' title="bbox 131 720 925 763">
     <span class='ocr_line' id='line_1_14' title="bbox 131 720 925 763; baseline 0.004 -13"><span class='ocrx_word' id='word_1_106' title='bbox 131 723 233 751; x_wconf 82' lang='lat' dir='ltr'><strong>defecit</strong></span> <span class='ocrx_word' id='word_1_107' title='bbox 252 720 353 763; x_wconf 38' lang='lat' dir='ltr'><strong>Cyrilli‘</strong></span> <span class='ocrx_word' id='word_1_108' title='bbox 367 728 467 751; x_wconf 77' lang='lat' dir='ltr'><strong>textus.</strong></span> <span class='ocrx_word' id='word_1_109' title='bbox 484 724 512 751; x_wconf 87' lang='lat' dir='ltr'><strong>in</strong></span> <span class='ocrx_word' id='word_1_110' title='bbox 535 724 587 757; x_wconf 83' lang='lat' dir='ltr'><strong>line</strong></span> <span class='ocrx_word' id='word_1_111' title='bbox 605 730 668 752; x_wconf 83' lang='lat' dir='ltr'><strong>ante</strong></span> <span class='ocrx_word' id='word_1_112' title='bbox 685 725 804 752; x_wconf 88' lang='lat' dir='ltr'><strong>indicem</strong></span> <span class='ocrx_word' id='word_1_113' title='bbox 812 732 925 754; x_wconf 73' lang='lat' dir='ltr'><strong>errato-</strong></span> 
     </span>
    </p>
   </div>
   <div class='ocr_carea' id='block_1_15' title="bbox 132 769 923 806">
    <p class='ocr_par' dir='ltr' id='par_1_15' title="bbox 132 769 923 806">
     <span class='ocr_line' id='line_1_15' title="bbox 132 769 923 806; baseline 0.004 -10"><span class='ocrx_word' id='word_1_114' title='bbox 132 778 193 796; x_wconf 90' lang='lat' dir='ltr'><strong>rum</strong></span> <span class='ocrx_word' id='word_1_115' title='bbox 209 769 375 797; x_wconf 76' lang='lat' dir='ltr'><strong>:—Parisiis</strong></span> <span class='ocrx_word' id='word_1_116' title='bbox 393 771 419 797; x_wconf 87' lang='lat' dir='ltr'><strong>in</strong></span> <span class='ocrx_word' id='word_1_117' title='bbox 434 770 535 805; x_wconf 79' lang='lat' dir='ltr'><strong>o/ﬁcina</strong></span> <span class='ocrx_word' id='word_1_118' title='bbox 551 770 702 806; x_wconf 78' lang='lat' dir='ltr'><strong>Wolfgangi</strong></span> <span class='ocrx_word' id='word_1_119' title='bbox 724 770 832 806; x_wconf 82' lang='lat' dir='ltr'><strong>Hopilii,</strong></span> <span class='ocrx_word' id='word_1_120' title='bbox 845 772 923 799; x_wconf 80' lang='grc'><strong>1508.</strong></span> 
     </span>
    </p>
   </div>
   <div class='ocr_carea' id='block_1_16' title="bbox 131 811 925 851">
    <p class='ocr_par' dir='ltr' id='par_1_16' title="bbox 131 811 925 851">
     <span class='ocr_line' id='line_1_16' title="bbox 131 811 925 851; baseline 0.005 -9"><span class='ocrx_word' id='word_1_121' title='bbox 131 831 165 835; x_wconf 84' lang='lat'><strong>—-</strong></span> <span class='ocrx_word' id='word_1_122' title='bbox 182 815 208 843; x_wconf 73' lang='grc'><strong>2.</strong></span> <span class='ocrx_word' id='word_1_123' title='bbox 228 815 320 851; x_wconf 83' lang='lat' dir='ltr'><strong>Cyrilli</strong></span> <span class='ocrx_word' id='word_1_124' title='bbox 343 811 525 843; x_wconf 65' lang='lat' dir='ltr'><strong>conuuentai‘ii</strong></span> <span class='ocrx_word' id='word_1_125' title='bbox 549 817 576 843; x_wconf 83' lang='lat' dir='ltr'><strong>in</strong></span> <span class='ocrx_word' id='word_1_126' title='bbox 600 817 742 844; x_wconf 83' lang='lat' dir='ltr'><strong>Levitioum</strong></span> <span class='ocrx_word' id='word_1_127' title='bbox 758 837 766 850; x_wconf 88' lang='lat'><strong>,</strong></span> <span class='ocrx_word' id='word_1_128' title='bbox 795 818 925 846; x_wconf 69' lang='lat' dir='ltr'><strong>sexdecim</strong></span> 
     </span>
    </p>
   </div>
   <div class='ocr_carea' id='block_1_17' title="bbox 1016 219 1770 256">
    <p class='ocr_par' dir='ltr' id='par_1_17' title="bbox 1016 219 1770 256">
     <span class='ocr_line' id='line_1_17' title="bbox 1016 219 1770 256; baseline 0.001 -9"><span class='ocrx_word' id='word_1_129' title='bbox 1016 220 1099 247; x_wconf 82' lang='lat' dir='ltr'><strong>Basil.</strong></span> <span class='ocrx_word' id='word_1_130' title='bbox 1125 220 1203 252; x_wconf 69' lang='grc'><strong>1546,</strong></span> <span class='ocrx_word' id='word_1_131' title='bbox 1234 219 1293 252; x_wconf 78' lang='grc' dir='ltr'><strong>1⁵01.Ι</strong></span> <span class='ocrx_word' id='word_1_132' title='bbox 1316 220 1389 255; x_wconf 90' lang='lat' dir='ltr'><strong>apud</strong></span> <span class='ocrx_word' id='word_1_133' title='bbox 1415 219 1591 256; x_wconf 80' lang='lat' dir='ltr'><strong>Hervagium,</strong></span> <span class='ocrx_word' id='word_1_134' title='bbox 1614 220 1647 248; x_wconf 74' lang='grc' dir='ltr'><strong>ιν</strong></span> <span class='ocrx_word' id='word_1_135' title='bbox 1674 221 1770 252; x_wconf 87' lang='lat' dir='ltr'><strong>tomis.</strong></span> 
     </span>
    </p>
   </div>
   <div class='ocr_carea' id='block_1_18' title="bbox 980 266 1773 302">
    <p class='ocr_par' dir='ltr' id='par_1_18' title="bbox 980 266 1773 302">
     <span class='ocr_line' id='line_1_18' title="bbox 980 266 1773 302; baseline 0.003 -9"><span class='ocrx_word' id='word_1_136' title='bbox 980 266 1029 294; x_wconf 87' lang='lat' dir='ltr'><strong>sed</strong></span> <span class='ocrx_word' id='word_1_137' title='bbox 1046 268 1092 302; x_wconf 89' lang='lat' dir='ltr'><strong>qui</strong></span> <span class='ocrx_word' id='word_1_138' title='bbox 1104 275 1158 293; x_wconf 90' lang='lat' dir='ltr'><strong>uno</strong></span> <span class='ocrx_word' id='word_1_139' title='bbox 1174 267 1371 301; x_wconf 76' lang='lat' dir='ltr'><strong>comprehendi</strong></span> <span class='ocrx_word' id='word_1_140' title='bbox 1387 267 1525 294; x_wconf 87' lang='lat' dir='ltr'><strong>volumine</strong></span> <span class='ocrx_word' id='word_1_141' title='bbox 1539 271 1663 302; x_wconf 86' lang='lat' dir='ltr'><strong>possunt.</strong></span> <span class='ocrx_word' id='word_1_142' title='bbox 1680 267 1710 294; x_wconf 82' lang='lat' dir='ltr'><strong>In</strong></span> <span class='ocrx_word' id='word_1_143' title='bbox 1721 267 1773 296; x_wconf 82' lang='lat' dir='ltr'><strong>hac</strong></span> 
     </span>
    </p>
   </div>
   <div class='ocr_carea' id='block_1_19' title="bbox 980 311 1772 348">
    <p class='ocr_par' dir='ltr' id='par_1_19' title="bbox 980 311 1772 348">
     <span class='ocr_line' id='line_1_19' title="bbox 980 311 1772 348; baseline 0.003 -10"><span class='ocrx_word' id='word_1_144' title='bbox 980 312 1113 339; x_wconf 83' lang='lat' dir='ltr'><strong>accedunt</strong></span> <span class='ocrx_word' id='word_1_145' title='bbox 1134 312 1193 338; x_wconf 81' lang='lat' dir='ltr'><strong>libri</strong></span> <span class='ocrx_word' id='word_1_146' title='bbox 1209 311 1258 339; x_wconf 83' lang='lat' dir='ltr'><strong><em>VII</em></strong></span> <span class='ocrx_word' id='word_1_147' title='bbox 1279 312 1311 338; x_wconf 86' lang='lat' dir='ltr'><strong>de</strong></span> <span class='ocrx_word' id='word_1_148' title='bbox 1338 312 1466 339; x_wconf 79' lang='lat' dir='ltr'><strong>Trinitate</strong></span> <span class='ocrx_word' id='word_1_149' title='bbox 1477 321 1487 345; x_wconf 89' lang='lat'><em>;</em></span> <span class='ocrx_word' id='word_1_150' title='bbox 1500 312 1541 339; x_wconf 85' lang='lat' dir='ltr'><strong>De</strong></span> <span class='ocrx_word' id='word_1_151' title='bbox 1555 311 1656 348; x_wconf 83' lang='lat' dir='ltr'><strong>Spiritu</strong></span> <span class='ocrx_word' id='word_1_152' title='bbox 1669 319 1772 346; x_wconf 81' lang='lat' dir='ltr'><strong>sancto,</strong></span> 
     </span>
    </p>
   </div>
   <div class='ocr_carea' id='block_1_20' title="bbox 979 357 1772 394">
    <p class='ocr_par' dir='ltr' id='par_1_20' title="bbox 979 357 1772 394">
     <span class='ocr_line' id='line_1_20' title="bbox 979 357 1772 394; baseline 0.001 -9"><span class='ocrx_word' id='word_1_153' title='bbox 979 358 1012 386; x_wconf 77' lang='lat' dir='ltr'><strong>de</strong></span> <span class='ocrx_word' id='word_1_154' title='bbox 1030 358 1186 384; x_wconf 85' lang='lat' dir='ltr'><strong>adoratione</strong></span> <span class='ocrx_word' id='word_1_155' title='bbox 1201 358 1229 385; x_wconf 86' lang='lat' dir='ltr'><strong>in</strong></span> <span class='ocrx_word' id='word_1_156' title='bbox 1245 358 1340 394; x_wconf 77' lang='lat' dir='ltr'><strong>spiritu</strong></span> <span class='ocrx_word' id='word_1_157' title='bbox 1365 362 1389 385; x_wconf 92' lang='lat' dir='ltr'><strong>et</strong></span> <span class='ocrx_word' id='word_1_158' title='bbox 1404 358 1537 390; x_wconf 77' lang='lat' dir='ltr'><strong>veritate;</strong></span> <span class='ocrx_word' id='word_1_159' title='bbox 1557 357 1617 384; x_wconf 79' lang='lat' dir='ltr'><strong>libri</strong></span> <span class='ocrx_word' id='word_1_160' title='bbox 1630 358 1654 385; x_wconf 83' lang='lat' dir='ltr'><em>X</em></span> <span class='ocrx_word' id='word_1_161' title='bbox 1678 363 1772 386; x_wconf 83' lang='lat' dir='ltr'><strong>contra</strong></span> 
     </span>
    </p>
   </div>
   <div class='ocr_carea' id='block_1_21' title="bbox 978 403 1775 438">
    <p class='ocr_par' dir='ltr' id='par_1_21' title="bbox 978 403 1775 438">
     <span class='ocr_line' id='line_1_21' title="bbox 978 403 1775 438; baseline 0.003 -8"><span class='ocrx_word' id='word_1_162' title='bbox 978 403 1137 436; x_wconf 77' lang='lat' dir='ltr'><strong>Iulianum;</strong></span> <span class='ocrx_word' id='word_1_163' title='bbox 1166 408 1190 430; x_wconf 84' lang='lat' dir='ltr'><strong>et</strong></span> <span class='ocrx_word' id='word_1_164' title='bbox 1209 404 1254 432; x_wconf 88' lang='lat' dir='ltr'><strong>III</strong></span> <span class='ocrx_word' id='word_1_165' title='bbox 1278 404 1310 431; x_wconf 86' lang='lat' dir='ltr'><strong>de</strong></span> <span class='ocrx_word' id='word_1_166' title='bbox 1338 409 1409 431; x_wconf 78' lang='lat' dir='ltr'><strong>recta</strong></span> <span class='ocrx_word' id='word_1_167' title='bbox 1442 404 1494 438; x_wconf 83' lang='lat' dir='ltr'><strong>ﬁde</strong></span> <span class='ocrx_word' id='word_1_168' title='bbox 1524 405 1552 430; x_wconf 88' lang='lat' dir='ltr'><strong>in</strong></span> <span class='ocrx_word' id='word_1_169' title='bbox 1572 404 1706 431; x_wconf 80' lang='lat' dir='ltr'><strong>Christum</strong></span> <span class='ocrx_word' id='word_1_170' title='bbox 1739 405 1775 432; x_wconf 85' lang='lat' dir='ltr'><strong>ad</strong></span> 
     </span>
    </p>
   </div>
   <div class='ocr_carea' id='block_1_22' title="bbox 981 450 1770 486">
    <p class='ocr_par' dir='ltr' id='par_1_22' title="bbox 981 450 1770 486">
     <span class='ocr_line' id='line_1_22' title="bbox 981 450 1770 486; baseline 0.001 -9"><span class='ocrx_word' id='word_1_171' title='bbox 981 450 1148 477; x_wconf 75' lang='lat' dir='ltr'><strong>Theodosium</strong></span> <span class='ocrx_word' id='word_1_172' title='bbox 1175 451 1239 486; x_wconf 85' lang='lat' dir='ltr'><strong>imp.</strong></span> <span class='ocrx_word' id='word_1_173' title='bbox 1266 456 1291 478; x_wconf 82' lang='lat' dir='ltr'><strong>et</strong></span> <span class='ocrx_word' id='word_1_174' title='bbox 1308 451 1413 486; x_wconf 77' lang='lat' dir='ltr'><strong>reginas</strong></span> <span class='ocrx_word' id='word_1_175' title='bbox 1428 450 1478 486; x_wconf 80' lang='lat' dir='ltr'><strong>(o);</strong></span> <span class='ocrx_word' id='word_1_176' title='bbox 1497 450 1624 486; x_wconf 81' lang='lat' dir='ltr'><strong>Episton</strong></span> <span class='ocrx_word' id='word_1_177' title='bbox 1653 451 1770 482; x_wconf 78' lang='lat' dir='ltr'><strong><em>XXXIX.</em></strong></span> 
     </span>
    </p>
   </div>
   <div class='ocr_carea' id='block_1_23' title="bbox 978 495 1771 533">
    <p class='ocr_par' dir='ltr' id='par_1_23' title="bbox 978 495 1771 533">
     <span class='ocr_line' id='line_1_23' title="bbox 978 495 1771 533; baseline 0.001 -10"><span class='ocrx_word' id='word_1_178' title='bbox 978 495 1101 524; x_wconf 70' lang='lat' dir='ltr'><strong>Homiliw</strong></span> <span class='ocrx_word' id='word_1_179' title='bbox 1123 497 1155 529; x_wconf 83' lang='grc' dir='ltr'><strong>Χ,</strong></span> <span class='ocrx_word' id='word_1_180' title='bbox 1183 497 1312 533; x_wconf 76' lang='lat' dir='ltr'><strong>Apologia</strong></span> <span class='ocrx_word' id='word_1_181' title='bbox 1327 497 1362 524; x_wconf 87' lang='lat' dir='ltr'><strong>ad</strong></span> <span class='ocrx_word' id='word_1_182' title='bbox 1385 498 1449 532; x_wconf 88' lang='lat' dir='ltr'><strong>imp.</strong></span> <span class='ocrx_word' id='word_1_183' title='bbox 1466 497 1656 530; x_wconf 75' lang='lat' dir='ltr'><strong>Theodosium;</strong></span> <span class='ocrx_word' id='word_1_184' title='bbox 1672 497 1771 524; x_wconf 85' lang='lat' dir='ltr'><strong>Decla-</strong></span> 
     </span>
    </p>
   </div>
   <div class='ocr_carea' id='block_1_24' title="bbox 978 542 1771 580">
    <p class='ocr_par' dir='ltr' id='par_1_24' title="bbox 978 542 1771 580">
     <span class='ocr_line' id='line_1_24' title="bbox 978 542 1771 580; baseline 0.004 -13"><span class='ocrx_word' id='word_1_185' title='bbox 978 543 1048 568; x_wconf 81' lang='lat' dir='ltr'><strong>ratio</strong></span> <span class='ocrx_word' id='word_1_186' title='bbox 1071 542 1123 570; x_wconf 85' lang='lat' dir='ltr'><strong>XII</strong></span> <span class='ocrx_word' id='word_1_187' title='bbox 1149 542 1344 578; x_wconf 79' lang='lat' dir='ltr'><strong>capitulorum;</strong></span> <span class='ocrx_word' id='word_1_188' title='bbox 1363 552 1410 578; x_wconf 89' lang='lat' dir='ltr'><strong>pro</strong></span> <span class='ocrx_word' id='word_1_189' title='bbox 1428 543 1521 570; x_wconf 83' lang='lat' dir='ltr'><strong>iisdem</strong></span> <span class='ocrx_word' id='word_1_190' title='bbox 1548 543 1725 580; x_wconf 84' lang='lat' dir='ltr'><strong>apologeticus</strong></span> <span class='ocrx_word' id='word_1_191' title='bbox 1746 548 1771 570; x_wconf 86' lang='lat' dir='ltr'><strong>et</strong></span> 
     </span>
    </p>
   </div>
   <div class='ocr_carea' id='block_1_25' title="bbox 979 585 1770 626">
    <p class='ocr_par' dir='ltr' id='par_1_25' title="bbox 979 585 1770 626">
     <span class='ocr_line' id='line_1_25' title="bbox 979 585 1770 626; baseline 0.006 -14"><span class='ocrx_word' id='word_1_192' title='bbox 979 585 1043 613; x_wconf 80' lang='lat' dir='ltr'><strong>liber</strong></span> <span class='ocrx_word' id='word_1_193' title='bbox 1058 588 1092 614; x_wconf 87' lang='lat' dir='ltr'><strong>ad</strong></span> <span class='ocrx_word' id='word_1_194' title='bbox 1114 587 1276 623; x_wconf 84' lang='lat' dir='ltr'><strong>Euoptiam;</strong></span> <span class='ocrx_word' id='word_1_195' title='bbox 1294 589 1431 624; x_wconf 66' lang='lat' dir='ltr'><strong>Expositio</strong></span> <span class='ocrx_word' id='word_1_196' title='bbox 1451 588 1569 624; x_wconf 79' lang='lat' dir='ltr'><strong>Symboli</strong></span> <span class='ocrx_word' id='word_1_197' title='bbox 1593 589 1695 617; x_wconf 73' lang='grc' dir='ltr'><strong>Νίσιεηὶ</strong></span> <span class='ocrx_word' id='word_1_198' title='bbox 1707 589 1770 626; x_wconf 85' lang='lat' dir='ltr'><strong>[in-</strong></span> 
     </span>
    </p>
   </div>
   <div class='ocr_carea' id='block_1_26' title="bbox 977 633 1769 669">
    <p class='ocr_par' dir='ltr' id='par_1_26' title="bbox 977 633 1769 669">
     <span class='ocr_line' id='line_1_26' title="bbox 977 633 1769 669; baseline 0.005 -10"><span class='ocrx_word' id='word_1_199' title='bbox 977 637 1047 668; x_wconf 69' lang='grc' dir='ltr'><strong>ιρι-ρ.</strong></span> <span class='ocrx_word' id='word_1_200' title='bbox 1063 633 1105 661; x_wconf 90' lang='lat' dir='ltr'><strong>.Io.</strong></span> <span class='ocrx_word' id='word_1_201' title='bbox 1129 634 1301 669; x_wconf 79' lang='lat' dir='ltr'><strong>Theophila;</strong></span> <span class='ocrx_word' id='word_1_202' title='bbox 1321 633 1426 662; x_wconf 82' lang='lat' dir='ltr'><strong>Scholia</strong></span> <span class='ocrx_word' id='word_1_203' title='bbox 1443 634 1474 662; x_wconf 86' lang='lat' dir='ltr'><strong>de</strong></span> <span class='ocrx_word' id='word_1_204' title='bbox 1492 635 1682 663; x_wconf 85' lang='lat' dir='ltr'><strong>Incarnatione</strong></span> <span class='ocrx_word' id='word_1_205' title='bbox 1704 636 1769 664; x_wconf 83' lang='lat' dir='ltr'><strong>Uni—</strong></span> 
     </span>
    </p>
   </div>
   <div class='ocr_carea' id='block_1_27' title="bbox 976 678 1770 715">
    <p class='ocr_par' dir='ltr' id='par_1_27' title="bbox 976 678 1770 715">
     <span class='ocr_line' id='line_1_27' title="bbox 976 678 1770 715; baseline 0.004 -11"><span class='ocrx_word' id='word_1_206' title='bbox 976 679 1071 714; x_wconf 82' lang='lat' dir='ltr'><strong>geniti:</strong></span> <span class='ocrx_word' id='word_1_207' title='bbox 1089 678 1235 714; x_wconf 79' lang='lat' dir='ltr'><strong>Synodales</strong></span> <span class='ocrx_word' id='word_1_208' title='bbox 1251 679 1369 715; x_wconf 63' lang='lat' dir='ltr'><strong>epistola</strong></span> <span class='ocrx_word' id='word_1_209' title='bbox 1383 679 1446 711; x_wconf 78' lang='lat' dir='ltr'><strong><em>XII,</em></strong></span> <span class='ocrx_word' id='word_1_210' title='bbox 1461 683 1489 706; x_wconf 87' lang='lat' dir='ltr'><strong>et</strong></span> <span class='ocrx_word' id='word_1_211' title='bbox 1506 679 1638 715; x_wconf 88' lang='lat' dir='ltr'><strong>Dogmata</strong></span> <span class='ocrx_word' id='word_1_212' title='bbox 1653 680 1770 707; x_wconf 83' lang='lat' dir='ltr'><strong>Nestorii</strong></span> 
     </span>
    </p>
   </div>
   <div class='ocr_carea' id='block_1_28' title="bbox 976 724 1768 760">
    <p class='ocr_par' dir='ltr' id='par_1_28' title="bbox 976 724 1768 760">
     <span class='ocr_line' id='line_1_28' title="bbox 976 724 1768 760; baseline 0.003 -10"><span class='ocrx_word' id='word_1_213' title='bbox 976 733 992 750; x_wconf 82' lang='grc' dir='ltr'><em>α</em></span> <span class='ocrx_word' id='word_1_214' title='bbox 1001 724 1100 760; x_wconf 83' lang='lat' dir='ltr'><strong>Cyrillo</strong></span> <span class='ocrx_word' id='word_1_215' title='bbox 1107 726 1263 760; x_wconf 80' lang='lat' dir='ltr'><strong>impugnata</strong></span> <span class='ocrx_word' id='word_1_216' title='bbox 1272 729 1297 751; x_wconf 86' lang='lat' dir='ltr'><strong>et</strong></span> <span class='ocrx_word' id='word_1_217' title='bbox 1306 733 1321 752; x_wconf 85' lang='grc' dir='ltr'>α</span> <span class='ocrx_word' id='word_1_218' title='bbox 1330 725 1428 760; x_wconf 78' lang='lat' dir='ltr'><strong>synodo</strong></span> <span class='ocrx_word' id='word_1_219' title='bbox 1439 724 1572 759; x_wconf 83' lang='lat' dir='ltr'><strong>Ephesina</strong></span> <span class='ocrx_word' id='word_1_220' title='bbox 1580 725 1768 752; x_wconf 83' lang='lat' dir='ltr'><strong>condemnata.</strong></span> 
     </span>
    </p>
   </div>
   <div class='ocr_carea' id='block_1_29' title="bbox 1010 768 1767 805">
    <p class='ocr_par' dir='ltr' id='par_1_29' title="bbox 1010 768 1767 805">
     <span class='ocr_line' id='line_1_29' title="bbox 1010 768 1767 805; baseline -0.003 -8"><span class='ocrx_word' id='word_1_221' title='bbox 1010 769 1093 797; x_wconf 81' lang='lat' dir='ltr'><strong>Basll.</strong></span> <span class='ocrx_word' id='word_1_222' title='bbox 1116 769 1346 805; x_wconf 74' lang='lat' dir='ltr'><strong>1566,l&#39;ol.,apud</strong></span> <span class='ocrx_word' id='word_1_223' title='bbox 1369 769 1492 796; x_wconf 67' lang='lat' dir='ltr'><strong>haeredes</strong></span> <span class='ocrx_word' id='word_1_224' title='bbox 1525 769 1603 796; x_wconf 81' lang='lat' dir='ltr'><strong>Joan.</strong></span> <span class='ocrx_word' id='word_1_225' title='bbox 1629 768 1767 804; x_wconf 80' lang='lat' dir='ltr'><strong>liervagii.</strong></span> 
     </span>
    </p>
   </div>
   <div class='ocr_carea' id='block_1_30' title="bbox 977 815 1771 851">
    <p class='ocr_par' dir='ltr' id='par_1_30' title="bbox 977 815 1771 851">
     <span class='ocr_line' id='line_1_30' title="bbox 977 815 1771 851; baseline -0.001 -8"><span class='ocrx_word' id='word_1_226' title='bbox 977 815 1005 843; x_wconf 92' lang='lat' dir='ltr'><strong>in</strong></span> <span class='ocrx_word' id='word_1_227' title='bbox 1027 824 1081 851; x_wconf 87' lang='lat' dir='ltr'><strong>qua</strong></span> <span class='ocrx_word' id='word_1_228' title='bbox 1097 816 1218 846; x_wconf 85' lang='lat' dir='ltr'><strong>editione</strong></span> <span class='ocrx_word' id='word_1_229' title='bbox 1242 817 1357 851; x_wconf 87' lang='lat' dir='ltr'><strong>quintus</strong></span> <span class='ocrx_word' id='word_1_230' title='bbox 1387 820 1487 847; x_wconf 87' lang='lat' dir='ltr'><strong>tomus,</strong></span> <span class='ocrx_word' id='word_1_231' title='bbox 1506 816 1563 843; x_wconf 80' lang='lat' dir='ltr'><strong>sire</strong></span> <span class='ocrx_word' id='word_1_232' title='bbox 1583 816 1679 850; x_wconf 85' lang='lat' dir='ltr'><strong>quinta</strong></span> <span class='ocrx_word' id='word_1_233' title='bbox 1704 823 1771 851; x_wconf 81' lang='lat' dir='ltr'><strong>pars</strong></span> 
     </span>
    </p>
   </div>
   <div class='ocr_carea' id='block_1_31' title="bbox 132 861 1771 898">
    <p class='ocr_par' dir='ltr' id='par_1_31' title="bbox 132 861 1771 898">
     <span class='ocr_line' id='line_1_31' title="bbox 132 861 1771 898; baseline -0.001 -8"><span class='ocrx_word' id='word_1_234' title='bbox 132 863 204 890; x_wconf 87' lang='lat' dir='ltr'><strong>libris</strong></span> <span class='ocrx_word' id='word_1_235' title='bbox 225 863 327 898; x_wconf 81' lang='lat' dir='ltr'><strong>digesti,</strong></span> <span class='ocrx_word' id='word_1_236' title='bbox 347 867 413 895; x_wconf 67' lang='lat' dir='ltr'><strong>etc,</strong></span> <span class='ocrx_word' id='word_1_237' title='bbox 436 862 512 890; x_wconf 72' lang='grc'><strong>1514.</strong></span> <span class='ocrx_word' id='word_1_238' title='bbox 526 863 601 889; x_wconf 91' lang='lat' dir='ltr'><strong>—ln</strong></span> <span class='ocrx_word' id='word_1_239' title='bbox 621 862 674 890; x_wconf 86' lang='lat' dir='ltr'><strong>ﬁne</strong></span> <span class='ocrx_word' id='word_1_240' title='bbox 691 867 754 890; x_wconf 85' lang='lat' dir='ltr'><strong>ante</strong></span> <span class='ocrx_word' id='word_1_241' title='bbox 776 863 895 891; x_wconf 82' lang='lat' dir='ltr'><strong>indicem</strong></span> <span class='ocrx_word' id='word_1_242' title='bbox 916 872 923 890; x_wconf 75' lang='grc' dir='ltr'><strong>ε</strong></span> <span class='ocrx_word' id='word_1_243' title='bbox 941 861 960 888; x_wconf 84' lang='grc' dir='ltr'><strong><em>Β</em></strong></span> <span class='ocrx_word' id='word_1_244' title='bbox 977 862 1084 898; x_wconf 88' lang='lat' dir='ltr'><strong>(omnes</strong></span> <span class='ocrx_word' id='word_1_245' title='bbox 1103 862 1176 890; x_wconf 80' lang='lat' dir='ltr'><strong>extim</strong></span> <span class='ocrx_word' id='word_1_246' title='bbox 1198 862 1320 897; x_wconf 87' lang='lat' dir='ltr'><strong>quinque</strong></span> <span class='ocrx_word' id='word_1_247' title='bbox 1343 862 1409 889; x_wconf 87' lang='lat' dir='ltr'><strong>tomi</strong></span> <span class='ocrx_word' id='word_1_248' title='bbox 1439 869 1494 889; x_wconf 93' lang='lat' dir='ltr'><strong>uno</strong></span> <span class='ocrx_word' id='word_1_249' title='bbox 1518 861 1658 888; x_wconf 78' lang='lat' dir='ltr'><strong>volumine</strong></span> <span class='ocrx_word' id='word_1_250' title='bbox 1679 861 1771 889; x_wconf 88' lang='lat' dir='ltr'><strong>conti-</strong></span> 
     </span>
    </p>
   </div>
   <div class='ocr_carea' id='block_1_32' title="bbox 132 902 925 945">
    <p class='ocr_par' dir='ltr' id='par_1_32' title="bbox 132 902 925 945">
     <span class='ocr_line' id='line_1_32' title="bbox 132 902 925 945; baseline 0 -9"><span class='ocrx_word' id='word_1_251' title='bbox 132 902 242 937; x_wconf 69' lang='lat' dir='ltr'><strong>Parisiis</strong></span> <span class='ocrx_word' id='word_1_252' title='bbox 265 917 296 936; x_wconf 72' lang='grc' dir='ltr'><strong><em>επ</em></strong></span> <span class='ocrx_word' id='word_1_253' title='bbox 313 910 355 945; x_wconf 81' lang='lat' dir='ltr'><strong>oﬂ&#39;.</strong></span> <span class='ocrx_word' id='word_1_254' title='bbox 378 908 488 936; x_wconf 83' lang='lat' dir='ltr'><strong>libraria</strong></span> <span class='ocrx_word' id='word_1_255' title='bbox 512 908 607 944; x_wconf 78' lang='lat' dir='ltr'><strong>Wolfg.</strong></span> <span class='ocrx_word' id='word_1_256' title='bbox 628 908 746 944; x_wconf 82' lang='lat' dir='ltr'><strong>Hopylii,</strong></span> <span class='ocrx_word' id='word_1_257' title='bbox 762 909 925 937; x_wconf 72' lang='grc' dir='ltr'><strong>α..1514.-</strong></span> 
     </span>
    </p>
   </div>
   <div class='ocr_carea' id='block_1_33' title="bbox 131 954 924 984">
    <p class='ocr_par' dir='ltr' id='par_1_33' title="bbox 131 954 924 984">
     <span class='ocr_line' id='line_1_33' title="bbox 131 954 924 984; baseline -0.001 -1"><span class='ocrx_word' id='word_1_258' title='bbox 131 957 165 984; x_wconf 86' lang='grc' dir='ltr'><strong>Ει</strong></span> <span class='ocrx_word' id='word_1_259' title='bbox 182 956 278 983; x_wconf 79' lang='lat' dir='ltr'><strong>eodem</strong></span> <span class='ocrx_word' id='word_1_260' title='bbox 305 955 332 982; x_wconf 91' lang='lat' dir='ltr'><strong>in</strong></span> <span class='ocrx_word' id='word_1_261' title='bbox 355 955 415 982; x_wconf 89' lang='lat' dir='ltr'><strong>loco</strong></span> <span class='ocrx_word' id='word_1_262' title='bbox 437 954 508 981; x_wconf 83' lang='lat' dir='ltr'><strong>:Hic</strong></span> <span class='ocrx_word' id='word_1_263' title='bbox 537 954 602 981; x_wconf 88' lang='lat' dir='ltr'><strong>liber</strong></span> <span class='ocrx_word' id='word_1_264' title='bbox 623 963 682 981; x_wconf 80' lang='lat' dir='ltr'><strong>cum</strong></span> <span class='ocrx_word' id='word_1_265' title='bbox 707 955 841 982; x_wconf 75' lang='lat' dir='ltr'><strong>nonnullis</strong></span> <span class='ocrx_word' id='word_1_266' title='bbox 864 955 924 982; x_wconf 77' lang='lat' dir='ltr'><strong>aliis</strong></span> 
     </span>
    </p>
   </div>
   <div class='ocr_carea' id='block_1_34' title="bbox 131 1000 925 1039">
    <p class='ocr_par' dir='ltr' id='par_1_34' title="bbox 131 1000 925 1039">
     <span class='ocr_line' id='line_1_34' title="bbox 131 1000 925 1039; baseline -0.001 -9"><span class='ocrx_word' id='word_1_267' title='bbox 131 1003 247 1038; x_wconf 75' lang='lat' dir='ltr'><strong>ejusdem</strong></span> <span class='ocrx_word' id='word_1_268' title='bbox 267 1001 359 1039; x_wconf 87' lang='lat' dir='ltr'><strong>Cyrilli</strong></span> <span class='ocrx_word' id='word_1_269' title='bbox 379 1010 440 1037; x_wconf 84' lang='lat' dir='ltr'><strong>opp.</strong></span> <span class='ocrx_word' id='word_1_270' title='bbox 457 1001 567 1028; x_wconf 80' lang='lat' dir='ltr'><strong>habetur</strong></span> <span class='ocrx_word' id='word_1_271' title='bbox 584 1000 695 1028; x_wconf 80' lang='lat' dir='ltr'><strong>venalis.</strong></span> <span class='ocrx_word' id='word_1_272' title='bbox 715 1001 750 1028; x_wconf 83' lang='lat' dir='ltr'><strong>At</strong></span> <span class='ocrx_word' id='word_1_273' title='bbox 764 1001 798 1029; x_wconf 85' lang='lat' dir='ltr'><strong>de</strong></span> <span class='ocrx_word' id='word_1_274' title='bbox 813 1006 925 1029; x_wconf 81' lang='lat' dir='ltr'><strong>auctore</strong></span> 
     </span>
    </p>
   </div>
   <div class='ocr_carea' id='block_1_35' title="bbox 131 1046 923 1084">
    <p class='ocr_par' dir='ltr' id='par_1_35' title="bbox 131 1046 923 1084">
     <span class='ocr_line' id='line_1_35' title="bbox 131 1046 923 1084; baseline -0.001 -9"><span class='ocrx_word' id='word_1_275' title='bbox 131 1048 213 1084; x_wconf 82' lang='lat' dir='ltr'><strong>hujus</strong></span> <span class='ocrx_word' id='word_1_276' title='bbox 242 1048 333 1083; x_wconf 84' lang='lat' dir='ltr'><strong>operis</strong></span> <span class='ocrx_word' id='word_1_277' title='bbox 358 1048 389 1075; x_wconf 69' lang='grc' dir='ltr'>Υ.</span> <span class='ocrx_word' id='word_1_278' title='bbox 423 1046 492 1074; x_wconf 79' lang='lat' dir='ltr'><strong>inira</strong></span> <span class='ocrx_word' id='word_1_279' title='bbox 521 1046 640 1073; x_wconf 85' lang='lat' dir='ltr'><strong>indicem</strong></span> <span class='ocrx_word' id='word_1_280' title='bbox 668 1054 784 1081; x_wconf 88' lang='lat' dir='ltr'><strong>operum</strong></span> <span class='ocrx_word' id='word_1_281' title='bbox 810 1055 871 1081; x_wconf 63' lang='lat' dir='ltr'><strong>quae</strong></span> <span class='ocrx_word' id='word_1_282' title='bbox 897 1047 923 1074; x_wconf 89' lang='lat' dir='ltr'><strong>in</strong></span> 
     </span>
    </p>
   </div>
   <div class='ocr_carea' id='block_1_36' title="bbox 130 1094 925 1126">
    <p class='ocr_par' dir='ltr' id='par_1_36' title="bbox 130 1094 925 1126">
     <span class='ocr_line' id='line_1_36' title="bbox 130 1094 925 1126; baseline 0 -5"><span class='ocrx_word' id='word_1_283' title='bbox 130 1095 339 1123; x_wconf 58' lang='lat' dir='ltr'><strong>tirmcmLatina</strong></span> <span class='ocrx_word' id='word_1_284' title='bbox 358 1095 479 1123; x_wconf 84' lang='lat' dir='ltr'><strong>editione</strong></span> <span class='ocrx_word' id='word_1_285' title='bbox 501 1094 601 1122; x_wconf 82' lang='lat' dir='ltr'><strong>omissa</strong></span> <span class='ocrx_word' id='word_1_286' title='bbox 617 1098 692 1126; x_wconf 88' lang='lat' dir='ltr'><strong>sunt,</strong></span> <span class='ocrx_word' id='word_1_287' title='bbox 717 1103 792 1122; x_wconf 88' lang='lat' dir='ltr'><strong>num.</strong></span> <span class='ocrx_word' id='word_1_288' title='bbox 820 1095 925 1122; x_wconf 78' lang='grc'><strong>165.-</strong></span> 
     </span>
    </p>
   </div>
   <div class='ocr_carea' id='block_1_37' title="bbox 131 1140 923 1177">
    <p class='ocr_par' dir='ltr' id='par_1_37' title="bbox 131 1140 923 1177">
     <span class='ocr_line' id='line_1_37' title="bbox 131 1140 923 1177; baseline -0.005 -7"><span class='ocrx_word' id='word_1_289' title='bbox 131 1142 285 1170; x_wconf 75' lang='lat' dir='ltr'><strong>Prcclarum</strong></span> <span class='ocrx_word' id='word_1_290' title='bbox 299 1150 363 1177; x_wconf 88' lang='lat' dir='ltr'><strong>opus</strong></span> <span class='ocrx_word' id='word_1_291' title='bbox 380 1140 473 1176; x_wconf 84' lang='lat' dir='ltr'><strong>Cyrilli</strong></span> <span class='ocrx_word' id='word_1_292' title='bbox 491 1140 566 1168; x_wconf 70' lang='lat' dir='ltr'><strong>Alex.</strong></span> <span class='ocrx_word' id='word_1_293' title='bbox 589 1141 634 1175; x_wconf 87' lang='lat' dir='ltr'><strong>qui</strong></span> <span class='ocrx_word' id='word_1_294' title='bbox 658 1140 804 1167; x_wconf 81' lang='lat' dir='ltr'><strong>Thesaurus</strong></span> <span class='ocrx_word' id='word_1_295' title='bbox 821 1148 923 1167; x_wconf 83' lang='lat' dir='ltr'><strong>nuncu—</strong></span> 
     </span>
    </p>
   </div>
   <div class='ocr_carea' id='block_1_38' title="bbox 131 1180 923 1224">
    <p class='ocr_par' dir='ltr' id='par_1_38' title="bbox 131 1180 923 1224">
     <span class='ocr_line' id='line_1_38' title="bbox 131 1180 923 1224; baseline -0.004 -9"><span class='ocrx_word' id='word_1_296' title='bbox 131 1180 222 1224; x_wconf 83' lang='lat' dir='ltr'><strong>patur,</strong></span> <span class='ocrx_word' id='word_1_297' title='bbox 239 1187 435 1224; x_wconf 76' lang='lat' dir='ltr'><strong>quatitordeeim</strong></span> <span class='ocrx_word' id='word_1_298' title='bbox 455 1187 533 1213; x_wconf 86' lang='lat' dir='ltr'><strong>libros</strong></span> <span class='ocrx_word' id='word_1_299' title='bbox 554 1185 741 1221; x_wconf 75' lang='lat' dir='ltr'><strong>complectens;</strong></span> <span class='ocrx_word' id='word_1_300' title='bbox 761 1191 784 1212; x_wconf 77' lang='lat' dir='ltr'><strong>et</strong></span> <span class='ocrx_word' id='word_1_301' title='bbox 807 1186 838 1212; x_wconf 85' lang='lat' dir='ltr'><strong>de</strong></span> <span class='ocrx_word' id='word_1_302' title='bbox 861 1194 923 1212; x_wconf 74' lang='lat' dir='ltr'><strong>eon-</strong></span> 
     </span>
    </p>
   </div>
   <div class='ocr_carea' id='block_1_39' title="bbox 131 1231 923 1269">
    <p class='ocr_par' dir='ltr' id='par_1_39' title="bbox 131 1231 923 1269">
     <span class='ocr_line' id='line_1_39' title="bbox 131 1231 923 1269; baseline -0.004 -8"><span class='ocrx_word' id='word_1_303' title='bbox 131 1234 357 1262; x_wconf 81' lang='lat' dir='ltr'><strong>substantialitate</strong></span> <span class='ocrx_word' id='word_1_304' title='bbox 372 1233 434 1261; x_wconf 83' lang='lat' dir='ltr'><strong>Filii</strong></span> <span class='ocrx_word' id='word_1_305' title='bbox 448 1238 472 1260; x_wconf 85' lang='lat' dir='ltr'><strong>et</strong></span> <span class='ocrx_word' id='word_1_306' title='bbox 494 1232 607 1269; x_wconf 81' lang='lat' dir='ltr'><strong>Spiritus</strong></span> <span class='ocrx_word' id='word_1_307' title='bbox 622 1233 706 1259; x_wconf 64' lang='lat' dir='ltr'><strong>sancti</strong></span> <span class='ocrx_word' id='word_1_308' title='bbox 722 1241 779 1258; x_wconf 81' lang='lat' dir='ltr'><strong>cum</strong></span> <span class='ocrx_word' id='word_1_309' title='bbox 797 1231 852 1258; x_wconf 81' lang='lat' dir='ltr'><strong>Deo</strong></span> <span class='ocrx_word' id='word_1_310' title='bbox 868 1231 923 1259; x_wconf 87' lang='lat' dir='ltr'><strong>Pa-</strong></span> 
     </span>
    </p>
   </div>
   <div class='ocr_carea' id='block_1_40' title="bbox 132 1279 924 1314">
    <p class='ocr_par' dir='ltr' id='par_1_40' title="bbox 132 1279 924 1314">
     <span class='ocr_line' id='line_1_40' title="bbox 132 1279 924 1314; baseline -0.004 -7"><span class='ocrx_word' id='word_1_311' title='bbox 132 1286 181 1313; x_wconf 84' lang='lat' dir='ltr'><strong>tre,</strong></span> <span class='ocrx_word' id='word_1_312' title='bbox 205 1287 297 1307; x_wconf 79' lang='lat' dir='ltr'><strong>contra</strong></span> <span class='ocrx_word' id='word_1_313' title='bbox 322 1281 492 1307; x_wconf 82' lang='lat' dir='ltr'><strong>hereticos—</strong></span> <span class='ocrx_word' id='word_1_314' title='bbox 508 1279 617 1314; x_wconf 79' lang='lat' dir='ltr'><strong>Georgio</strong></span> <span class='ocrx_word' id='word_1_315' title='bbox 646 1279 818 1314; x_wconf 56' lang='lat' dir='ltr'><strong>’I‘rapezontio</strong></span> <span class='ocrx_word' id='word_1_316' title='bbox 840 1279 924 1305; x_wconf 75' lang='lat' dir='ltr'><strong>inter-</strong></span> 
     </span>
    </p>
   </div>
   <div class='ocr_carea' id='block_1_41' title="bbox 131 1325 925 1362">
    <p class='ocr_par' dir='ltr' id='par_1_41' title="bbox 131 1325 925 1362">
     <span class='ocr_line' id='line_1_41' title="bbox 131 1325 925 1362; baseline -0.001 -9"><span class='ocrx_word' id='word_1_317' title='bbox 131 1331 214 1362; x_wconf 79' lang='lat' dir='ltr'><strong>prete,</strong></span> <span class='ocrx_word' id='word_1_318' title='bbox 236 1331 289 1354; x_wconf 85' lang='lat' dir='ltr'><strong>etc.</strong></span> <span class='ocrx_word' id='word_1_319' title='bbox 314 1325 545 1353; x_wconf 66' lang='lat' dir='ltr'><strong>Venale—ib’ll.</strong></span> <span class='ocrx_word' id='word_1_320' title='bbox 565 1325 620 1361; x_wconf 87' lang='lat' dir='ltr'><strong>(hic</strong></span> <span class='ocrx_word' id='word_1_321' title='bbox 637 1333 726 1352; x_wconf 76' lang='lat' dir='ltr'><strong>anuus</strong></span> <span class='ocrx_word' id='word_1_322' title='bbox 748 1329 859 1352; x_wconf 80' lang='lat' dir='ltr'><strong>notatus</strong></span> <span class='ocrx_word' id='word_1_323' title='bbox 882 1329 925 1352; x_wconf 84' lang='lat' dir='ltr'><strong>est</strong></span> 
     </span>
    </p>
   </div>
   <div class='ocr_carea' id='block_1_42' title="bbox 132 1371 925 1407">
    <p class='ocr_par' dir='ltr' id='par_1_42' title="bbox 132 1371 925 1407">
     <span class='ocr_line' id='line_1_42' title="bbox 132 1371 925 1407; baseline -0.004 -7"><span class='ocrx_word' id='word_1_324' title='bbox 132 1373 159 1400; x_wconf 87' lang='lat' dir='ltr'><strong>in</strong></span> <span class='ocrx_word' id='word_1_325' title='bbox 174 1373 264 1400; x_wconf 77' lang='lat' dir='ltr'><strong>fronte</strong></span> <span class='ocrx_word' id='word_1_326' title='bbox 280 1372 304 1407; x_wconf 94' lang='lat'><strong>:)</strong></span> <span class='ocrx_word' id='word_1_327' title='bbox 321 1372 473 1400; x_wconf 85' lang='lat' dir='ltr'><strong>Clichtovei</strong></span> <span class='ocrx_word' id='word_1_328' title='bbox 491 1372 628 1399; x_wconf 80' lang='lat' dir='ltr'><strong>dedicatio</strong></span> <span class='ocrx_word' id='word_1_329' title='bbox 645 1371 745 1406; x_wconf 81' lang='lat' dir='ltr'><strong>scripta</strong></span> <span class='ocrx_word' id='word_1_330' title='bbox 759 1375 801 1399; x_wconf 88' lang='lat' dir='ltr'><strong>est</strong></span> <span class='ocrx_word' id='word_1_331' title='bbox 814 1371 925 1398; x_wconf 82' lang='lat' dir='ltr'><strong>Parisiis</strong></span> 
     </span>
    </p>
   </div>
   <div class='ocr_carea' id='block_1_43' title="bbox 131 1416 924 1451">
    <p class='ocr_par' dir='ltr' id='par_1_43' title="bbox 131 1416 924 1451">
     <span class='ocr_line' id='line_1_43' title="bbox 131 1416 924 1451; baseline -0.004 -5"><span class='ocrx_word' id='word_1_332' title='bbox 131 1427 156 1446; x_wconf 63' lang='grc' dir='ltr'><strong>ε.</strong></span> <span class='ocrx_word' id='word_1_333' title='bbox 177 1419 255 1446; x_wconf 74' lang='grc'><strong>1515.</strong></span> <span class='ocrx_word' id='word_1_334' title='bbox 272 1434 307 1438; x_wconf 92' lang='lat'><strong>—</strong></span> <span class='ocrx_word' id='word_1_335' title='bbox 322 1418 379 1445; x_wconf 87' lang='lat' dir='ltr'><strong>Sub</strong></span> <span class='ocrx_word' id='word_1_336' title='bbox 395 1417 477 1445; x_wconf 84' lang='lat' dir='ltr'><strong>ﬁnem</strong></span> <span class='ocrx_word' id='word_1_337' title='bbox 496 1427 501 1444; x_wconf 91' lang='lat'><strong>:</strong></span> <span class='ocrx_word' id='word_1_338' title='bbox 530 1417 659 1448; x_wconf 85' lang='lat' dir='ltr'><strong>Parisiis,</strong></span> <span class='ocrx_word' id='word_1_339' title='bbox 681 1426 707 1444; x_wconf 88' lang='lat' dir='ltr'><strong>a.</strong></span> <span class='ocrx_word' id='word_1_340' title='bbox 726 1416 794 1444; x_wconf 76' lang='grc'><strong>1515</strong></span> <span class='ocrx_word' id='word_1_341' title='bbox 806 1438 812 1448; x_wconf 87' lang='grc'>,</span> <span class='ocrx_word' id='word_1_342' title='bbox 827 1422 924 1451; x_wconf 90' lang='lat' dir='ltr'><strong>quarta</strong></span> 
     </span>
    </p>
   </div>
   <div class='ocr_carea' id='block_1_44' title="bbox 131 1462 925 1500">
    <p class='ocr_par' dir='ltr' id='par_1_44' title="bbox 131 1462 925 1500">
     <span class='ocr_line' id='line_1_44' title="bbox 131 1462 925 1500; baseline -0.003 -9"><span class='ocrx_word' id='word_1_343' title='bbox 131 1465 173 1491; x_wconf 86' lang='lat' dir='ltr'><strong>die</strong></span> <span class='ocrx_word' id='word_1_344' title='bbox 185 1464 270 1500; x_wconf 79' lang='lat' dir='ltr'><strong>April.</strong></span> <span class='ocrx_word' id='word_1_345' title='bbox 287 1471 333 1500; x_wconf 77' lang='lat' dir='ltr'><strong>per</strong></span> <span class='ocrx_word' id='word_1_346' title='bbox 346 1462 442 1498; x_wconf 81' lang='lat' dir='ltr'><strong>Wolfg.</strong></span> <span class='ocrx_word' id='word_1_347' title='bbox 466 1462 620 1498; x_wconf 80' lang='lat' dir='ltr'><strong>Hopylium,</strong></span> <span class='ocrx_word' id='word_1_348' title='bbox 635 1467 689 1490; x_wconf 84' lang='lat' dir='ltr'><strong>etc.</strong></span> <span class='ocrx_word' id='word_1_349' title='bbox 712 1463 808 1490; x_wconf 78' lang='lat' dir='ltr'><strong>Postea</strong></span> <span class='ocrx_word' id='word_1_350' title='bbox 822 1462 925 1497; x_wconf 86' lang='lat' dir='ltr'><strong>prodiit</strong></span> 
     </span>
    </p>
   </div>
   <div class='ocr_carea' id='block_1_45' title="bbox 131 1508 924 1538">
    <p class='ocr_par' dir='ltr' id='par_1_45' title="bbox 131 1508 924 1538">
     <span class='ocr_line' id='line_1_45' title="bbox 131 1508 924 1538; baseline -0.003 0"><span class='ocrx_word' id='word_1_351' title='bbox 131 1510 198 1538; x_wconf 84' lang='lat' dir='ltr'><strong>edit.</strong></span> <span class='ocrx_word' id='word_1_352' title='bbox 223 1519 238 1538; x_wconf 86' lang='lat' dir='ltr'><strong>a</strong></span> <span class='ocrx_word' id='word_1_353' title='bbox 253 1509 378 1537; x_wconf 86' lang='lat' dir='ltr'><strong>Fabricio</strong></span> <span class='ocrx_word' id='word_1_354' title='bbox 407 1509 508 1536; x_wconf 86' lang='lat' dir='ltr'><strong>omissa</strong></span> <span class='ocrx_word' id='word_1_355' title='bbox 533 1514 560 1536; x_wconf 84' lang='lat' dir='ltr'><strong>et</strong></span> <span class='ocrx_word' id='word_1_356' title='bbox 586 1516 647 1535; x_wconf 89' lang='lat' dir='ltr'><strong>cum</strong></span> <span class='ocrx_word' id='word_1_357' title='bbox 664 1508 785 1536; x_wconf 85' lang='lat' dir='ltr'><strong>editione</strong></span> <span class='ocrx_word' id='word_1_358' title='bbox 804 1516 830 1535; x_wconf 86' lang='lat' dir='ltr'><strong>a.</strong></span> <span class='ocrx_word' id='word_1_359' title='bbox 856 1509 924 1536; x_wconf 70' lang='grc'>1546</span> 
     </span>
    </p>
   </div>
   <div class='ocr_carea' id='block_1_46' title="bbox 132 1554 922 1590">
    <p class='ocr_par' dir='ltr' id='par_1_46' title="bbox 132 1554 922 1590">
     <span class='ocr_line' id='line_1_46' title="bbox 132 1554 922 1590; baseline -0.004 -6"><span class='ocrx_word' id='word_1_360' title='bbox 132 1556 259 1589; x_wconf 80' lang='lat' dir='ltr'><strong>confusa;</strong></span> <span class='ocrx_word' id='word_1_361' title='bbox 273 1555 506 1590; x_wconf 36' lang='lat' dir='ltr'><strong>cujusgexemplar</strong></span> <span class='ocrx_word' id='word_1_362' title='bbox 520 1559 562 1582; x_wconf 87' lang='lat' dir='ltr'><strong>est</strong></span> <span class='ocrx_word' id='word_1_363' title='bbox 577 1555 603 1582; x_wconf 93' lang='lat' dir='ltr'><strong>in</strong></span> <span class='ocrx_word' id='word_1_364' title='bbox 621 1554 689 1582; x_wconf 85' lang='lat' dir='ltr'><strong>bibl.</strong></span> <span class='ocrx_word' id='word_1_365' title='bbox 705 1555 781 1582; x_wconf 77' lang='lat' dir='ltr'><strong>acad.</strong></span> <span class='ocrx_word' id='word_1_366' title='bbox 802 1554 922 1589; x_wconf 78' lang='lat' dir='ltr'><strong>Erlang.,</strong></span> 
     </span>
    </p>
   </div>
   <div class='ocr_carea' id='block_1_47' title="bbox 132 1600 922 1636">
    <p class='ocr_par' dir='ltr' id='par_1_47' title="bbox 132 1600 922 1636">
     <span class='ocr_line' id='line_1_47' title="bbox 132 1600 922 1636; baseline -0.001 -7"><span class='ocrx_word' id='word_1_367' title='bbox 132 1608 159 1630; x_wconf 84' lang='lat' dir='ltr'><strong>et</strong></span> <span class='ocrx_word' id='word_1_368' title='bbox 167 1610 181 1629; x_wconf 84' lang='lat' dir='ltr'><strong>a</strong></span> <span class='ocrx_word' id='word_1_369' title='bbox 189 1602 374 1629; x_wconf 78' lang='lat' dir='ltr'><strong>Lamhachero</strong></span> <span class='ocrx_word' id='word_1_370' title='bbox 382 1601 464 1629; x_wconf 81' lang='lat' dir='ltr'><strong>etiam</strong></span> <span class='ocrx_word' id='word_1_371' title='bbox 474 1601 492 1628; x_wconf 89' lang='grc' dir='ltr'>Ι.</span> <span class='ocrx_word' id='word_1_372' title='bbox 505 1609 540 1632; x_wconf 88' lang='lat' dir='ltr'><strong>c.,</strong></span> <span class='ocrx_word' id='word_1_373' title='bbox 552 1609 579 1636; x_wconf 91' lang='lat' dir='ltr'><strong>p.</strong></span> <span class='ocrx_word' id='word_1_374' title='bbox 589 1600 711 1633; x_wconf 80' lang='lat' dir='ltr'><strong>98,,aliud</strong></span> <span class='ocrx_word' id='word_1_375' title='bbox 719 1604 760 1628; x_wconf 87' lang='lat' dir='ltr'><strong>est</strong></span> <span class='ocrx_word' id='word_1_376' title='bbox 768 1608 922 1628; x_wconf 80' lang='lat' dir='ltr'><strong>recensum:</strong></span> 
     </span>
    </p>
   </div>
   <div class='ocr_carea' id='block_1_48' title="bbox 168 1646 925 1683">
    <p class='ocr_par' dir='ltr' id='par_1_48' title="bbox 168 1646 925 1683">
     <span class='ocr_line' id='line_1_48' title="bbox 168 1646 925 1683; baseline 0 -9"><span class='ocrx_word' id='word_1_377' title='bbox 168 1648 226 1674; x_wconf 86' lang='lat' dir='ltr'><strong>Divi</strong></span> <span class='ocrx_word' id='word_1_378' title='bbox 247 1646 340 1683; x_wconf 82' lang='lat' dir='ltr'><strong>Cyrilli</strong></span> <span class='ocrx_word' id='word_1_379' title='bbox 362 1646 448 1682; x_wconf 79' lang='lat' dir='ltr'><strong>Opera</strong></span> <span class='ocrx_word' id='word_1_380' title='bbox 468 1648 495 1674; x_wconf 82' lang='lat' dir='ltr'><strong>in</strong></span> <span class='ocrx_word' id='word_1_381' title='bbox 511 1652 561 1673; x_wconf 82' lang='lat' dir='ltr'><strong>tres</strong></span> <span class='ocrx_word' id='word_1_382' title='bbox 584 1647 685 1679; x_wconf 84' lang='lat' dir='ltr'><strong>partito</strong></span> <span class='ocrx_word' id='word_1_383' title='bbox 704 1651 786 1675; x_wconf 84' lang='lat' dir='ltr'><strong>tomos</strong></span> <span class='ocrx_word' id='word_1_384' title='bbox 800 1646 858 1682; x_wconf 89' lang='lat' dir='ltr'><strong>(sed</strong></span> <span class='ocrx_word' id='word_1_385' title='bbox 871 1655 925 1674; x_wconf 91' lang='lat' dir='ltr'><strong>uno</strong></span> 
     </span>
    </p>
   </div>
   <div class='ocr_carea' id='block_1_49' title="bbox 133 1692 924 1728">
    <p class='ocr_par' dir='ltr' id='par_1_49' title="bbox 133 1692 924 1728">
     <span class='ocr_line' id='line_1_49' title="bbox 133 1692 924 1728; baseline -0.001 -8"><span class='ocrx_word' id='word_1_386' title='bbox 133 1693 346 1728; x_wconf 84' lang='lat' dir='ltr'><strong>comprehensos</strong></span> <span class='ocrx_word' id='word_1_387' title='bbox 354 1692 505 1727; x_wconf 81' lang='lat' dir='ltr'><strong>volumine)</strong></span> <span class='ocrx_word' id='word_1_388' title='bbox 517 1701 523 1718; x_wconf 72' lang='grc' dir='ltr'><strong>ε</strong></span> <span class='ocrx_word' id='word_1_389' title='bbox 541 1693 568 1719; x_wconf 87' lang='lat' dir='ltr'><strong>in</strong></span> <span class='ocrx_word' id='word_1_390' title='bbox 582 1693 675 1727; x_wconf 83' lang='lat' dir='ltr'><strong>quibus</strong></span> <span class='ocrx_word' id='word_1_391' title='bbox 686 1692 763 1719; x_wconf 78' lang='lat' dir='ltr'><strong>habes</strong></span> <span class='ocrx_word' id='word_1_392' title='bbox 778 1701 829 1719; x_wconf 89' lang='lat' dir='ltr'><strong>non</strong></span> <span class='ocrx_word' id='word_1_393' title='bbox 839 1701 924 1728; x_wconf 74' lang='lat' dir='ltr'><strong>pauca</strong></span> 
     </span>
    </p>
   </div>
   <div class='ocr_carea' id='block_1_50' title="bbox 134 1737 924 1766">
    <p class='ocr_par' dir='ltr' id='par_1_50' title="bbox 134 1737 924 1766">
     <span class='ocr_line' id='line_1_50' title="bbox 134 1737 924 1766; baseline -0.003 0"><span class='ocrx_word' id='word_1_394' title='bbox 134 1745 195 1766; x_wconf 83' lang='lat' dir='ltr'><strong>ante</strong></span> <span class='ocrx_word' id='word_1_395' title='bbox 207 1739 256 1766; x_wconf 81' lang='lat' dir='ltr'><strong>hac</strong></span> <span class='ocrx_word' id='word_1_396' title='bbox 268 1738 371 1765; x_wconf 88' lang='lat' dir='ltr'><strong>Latinis</strong></span> <span class='ocrx_word' id='word_1_397' title='bbox 387 1746 439 1764; x_wconf 86' lang='lat' dir='ltr'><strong>non</strong></span> <span class='ocrx_word' id='word_1_398' title='bbox 457 1737 581 1764; x_wconf 69' lang='lat' dir='ltr'><strong>exhibita.</strong></span> <span class='ocrx_word' id='word_1_399' title='bbox 596 1737 688 1765; x_wconf 89' lang='lat' dir='ltr'><strong>Primo</strong></span> <span class='ocrx_word' id='word_1_400' title='bbox 706 1743 775 1764; x_wconf 76' lang='lat' dir='ltr'><strong>tonio</strong></span> <span class='ocrx_word' id='word_1_401' title='bbox 789 1738 879 1764; x_wconf 82' lang='lat' dir='ltr'><strong>insunt</strong></span> <span class='ocrx_word' id='word_1_402' title='bbox 897 1738 924 1764; x_wconf 88' lang='lat' dir='ltr'><strong>in</strong></span> 
     </span>
    </p>
   </div>
   <div class='ocr_carea' id='block_1_51' title="bbox 135 1778 925 1820">
    <p class='ocr_par' dir='ltr' id='par_1_51' title="bbox 135 1778 925 1820">
     <span class='ocr_line' id='line_1_51' title="bbox 135 1778 925 1820; baseline 0 -8"><span class='ocrx_word' id='word_1_403' title='bbox 135 1778 425 1820; x_wconf 69' lang='lat' dir='ltr'><strong>Evangeliumloannis</strong></span> <span class='ocrx_word' id='word_1_404' title='bbox 436 1788 609 1819; x_wconf 79' lang='lat' dir='ltr'><strong>commentor.</strong></span> <span class='ocrx_word' id='word_1_405' title='bbox 628 1783 688 1810; x_wconf 86' lang='lat' dir='ltr'><strong>libri</strong></span> <span class='ocrx_word' id='word_1_406' title='bbox 697 1783 747 1811; x_wconf 75' lang='lat' dir='ltr'><strong>XII</strong></span> <span class='ocrx_word' id='word_1_407' title='bbox 758 1784 824 1818; x_wconf 80' lang='lat' dir='ltr'><strong>(sive</strong></span> <span class='ocrx_word' id='word_1_408' title='bbox 834 1785 925 1819; x_wconf 86' lang='lat' dir='ltr'><strong>potius</strong></span> 
     </span>
    </p>
   </div>
   <div class='ocr_carea' id='block_1_52' title="bbox 135 1828 926 1864">
    <p class='ocr_par' dir='ltr' id='par_1_52' title="bbox 135 1828 926 1864">
     <span class='ocr_line' id='line_1_52' title="bbox 135 1828 926 1864; baseline 0.001 -8"><span class='ocrx_word' id='word_1_409' title='bbox 135 1829 201 1861; x_wconf 59' lang='lat' dir='ltr'><strong>\‘lll,</strong></span> <span class='ocrx_word' id='word_1_410' title='bbox 231 1829 333 1864; x_wconf 82' lang='lat' dir='ltr'><strong>quibus</strong></span> <span class='ocrx_word' id='word_1_411' title='bbox 361 1828 457 1856; x_wconf 83' lang='lat' dir='ltr'><strong>Jodoc.</strong></span> <span class='ocrx_word' id='word_1_412' title='bbox 488 1828 665 1856; x_wconf 81' lang='lat' dir='ltr'><strong>Cliclilovcus</strong></span> <span class='ocrx_word' id='word_1_413' title='bbox 684 1828 785 1864; x_wconf 84' lang='lat' dir='ltr'><strong>adjecit</strong></span> <span class='ocrx_word' id='word_1_414' title='bbox 807 1833 926 1863; x_wconf 77' lang='lat' dir='ltr'><strong>quatuor</strong></span> 
     </span>
    </p>
   </div>
   <div class='ocr_carea' id='block_1_53' title="bbox 135 1875 926 1910">
    <p class='ocr_par' dir='ltr' id='par_1_53' title="bbox 135 1875 926 1910">
     <span class='ocr_line' id='line_1_53' title="bbox 135 1875 926 1910; baseline 0 -8"><span class='ocrx_word' id='word_1_415' title='bbox 135 1876 322 1909; x_wconf 85' lang='lat' dir='ltr'><strong>intermedios)</strong></span> <span class='ocrx_word' id='word_1_416' title='bbox 335 1875 444 1910; x_wconf 73' lang='lat' dir='ltr'><strong>Georgio</strong></span> <span class='ocrx_word' id='word_1_417' title='bbox 457 1875 565 1910; x_wconf 71' lang='lat' dir='ltr'><strong>Trapez.</strong></span> <span class='ocrx_word' id='word_1_418' title='bbox 576 1875 731 1910; x_wconf 78' lang='lat' dir='ltr'><strong>interprete;</strong></span> <span class='ocrx_word' id='word_1_419' title='bbox 743 1875 775 1905; x_wconf 87' lang='lat' dir='ltr'><strong>In</strong></span> <span class='ocrx_word' id='word_1_420' title='bbox 784 1875 926 1902; x_wconf 72' lang='lat' dir='ltr'><strong>Leviticum</strong></span> 
     </span>
    </p>
   </div>
   <div class='ocr_carea' id='block_1_54' title="bbox 135 1913 923 1957">
    <p class='ocr_par' dir='ltr' id='par_1_54' title="bbox 135 1913 923 1957">
     <span class='ocr_line' id='line_1_54' title="bbox 135 1913 923 1957; baseline -0.003 -8"><span class='ocrx_word' id='word_1_421' title='bbox 135 1923 194 1950; x_wconf 80' lang='lat' dir='ltr'><strong>libri</strong></span> <span class='ocrx_word' id='word_1_422' title='bbox 224 1922 281 1949; x_wconf 77' lang='lat' dir='ltr'><strong>XVI</strong></span> <span class='ocrx_word' id='word_1_423' title='bbox 309 1922 437 1957; x_wconf 83' lang='lat' dir='ltr'><strong>(incerto</strong></span> <span class='ocrx_word' id='word_1_424' title='bbox 472 1913 642 1955; x_wconf 86' lang='lat' dir='ltr'><strong>interprete)</strong></span> <span class='ocrx_word' id='word_1_425' title='bbox 662 1920 776 1948; x_wconf 74' lang='lat' dir='ltr'><strong>Bosilcte</strong></span> <span class='ocrx_word' id='word_1_426' title='bbox 800 1921 826 1947; x_wconf 85' lang='lat' dir='ltr'><strong>in</strong></span> <span class='ocrx_word' id='word_1_427' title='bbox 848 1921 923 1948; x_wconf 74' lang='lat' dir='ltr'><strong>wdib.</strong></span> 
     </span>
    </p>
   </div>
   <div class='ocr_carea' id='block_1_55' title="bbox 134 1965 926 1997">
    <p class='ocr_par' dir='ltr' id='par_1_55' title="bbox 134 1965 926 1997">
     <span class='ocr_line' id='line_1_55' title="bbox 134 1965 926 1997; baseline -0.003 -2"><span class='ocrx_word' id='word_1_428' title='bbox 134 1967 218 1995; x_wconf 72' lang='lat' dir='ltr'><strong>Andr.</strong></span> <span class='ocrx_word' id='word_1_429' title='bbox 233 1966 389 1993; x_wconf 83' lang='lat' dir='ltr'><strong>Cratandri.</strong></span> <span class='ocrx_word' id='word_1_430' title='bbox 407 1966 441 1993; x_wconf 79' lang='grc' dir='ltr'><strong>Μ.</strong></span> <span class='ocrx_word' id='word_1_431' title='bbox 459 1965 490 1992; x_wconf 88' lang='lat' dir='ltr'><strong>D.</strong></span> <span class='ocrx_word' id='word_1_432' title='bbox 504 1965 626 1997; x_wconf 80' lang='lat' dir='ltr'><strong><em>XXVIII,</em></strong></span> <span class='ocrx_word' id='word_1_433' title='bbox 642 1965 688 1992; x_wconf 73' lang='lat' dir='ltr'><strong>fol.</strong></span> <span class='ocrx_word' id='word_1_434' title='bbox 706 1965 737 1992; x_wconf 90' lang='lat' dir='ltr'><strong>In</strong></span> <span class='ocrx_word' id='word_1_435' title='bbox 756 1969 830 1993; x_wconf 82' lang='lat' dir='ltr'><strong>tomo</strong></span> <span class='ocrx_word' id='word_1_436' title='bbox 844 1966 867 1993; x_wconf 84' lang='lat' dir='ltr'><strong>ll</strong></span> <span class='ocrx_word' id='word_1_437' title='bbox 884 1971 926 1993; x_wconf 80' lang='lat' dir='ltr'><strong>est</strong></span> 
     </span>
    </p>
   </div>
   <div class='ocr_carea' id='block_1_56' title="bbox 135 2011 924 2047">
    <p class='ocr_par' dir='ltr' id='par_1_56' title="bbox 135 2011 924 2047">
     <span class='ocr_line' id='line_1_56' title="bbox 135 2011 924 2047; baseline -0.003 -7"><span class='ocrx_word' id='word_1_438' title='bbox 135 2013 291 2044; x_wconf 79' lang='lat' dir='ltr'><strong>Thesaurus,</strong></span> <span class='ocrx_word' id='word_1_439' title='bbox 313 2013 463 2047; x_wconf 83' lang='lat' dir='ltr'><strong>interprete</strong></span> <span class='ocrx_word' id='word_1_440' title='bbox 492 2011 523 2038; x_wconf 88' lang='lat' dir='ltr'><strong>G.</strong></span> <span class='ocrx_word' id='word_1_441' title='bbox 538 2011 728 2046; x_wconf 77' lang='lat' dir='ltr'><strong>Trapezuntio.</strong></span> <span class='ocrx_word' id='word_1_442' title='bbox 750 2011 864 2046; x_wconf 80' lang='lat' dir='ltr'><strong>Reliqua</strong></span> <span class='ocrx_word' id='word_1_443' title='bbox 879 2018 924 2038; x_wconf 86' lang='lat' dir='ltr'><strong>ac-</strong></span> 
     </span>
    </p>
   </div>
   <div class='ocr_carea' id='block_1_57' title="bbox 134 2057 925 2087">
    <p class='ocr_par' dir='ltr' id='par_1_57' title="bbox 134 2057 925 2087">
     <span class='ocr_line' id='line_1_57' title="bbox 134 2057 925 2087; baseline -0.004 0"><span class='ocrx_word' id='word_1_444' title='bbox 134 2067 243 2087; x_wconf 84' lang='lat' dir='ltr'><strong>cessere</strong></span> <span class='ocrx_word' id='word_1_445' title='bbox 263 2059 290 2086; x_wconf 94' lang='lat' dir='ltr'><strong>in</strong></span> <span class='ocrx_word' id='word_1_446' title='bbox 301 2063 367 2086; x_wconf 89' lang='lat' dir='ltr'><strong>tom.</strong></span> <span class='ocrx_word' id='word_1_447' title='bbox 382 2058 406 2085; x_wconf 90' lang='lat' dir='ltr'><strong>ll</strong></span> <span class='ocrx_word' id='word_1_448' title='bbox 418 2062 446 2085; x_wconf 87' lang='lat' dir='ltr'><strong>et</strong></span> <span class='ocrx_word' id='word_1_449' title='bbox 466 2058 499 2085; x_wconf 86' lang='lat' dir='ltr'><strong>Ill</strong></span> <span class='ocrx_word' id='word_1_450' title='bbox 514 2058 630 2085; x_wconf 82' lang='lat' dir='ltr'><strong>antehac</strong></span> <span class='ocrx_word' id='word_1_451' title='bbox 646 2058 749 2086; x_wconf 76' lang='lat' dir='ltr'><strong>inedita</strong></span> <span class='ocrx_word' id='word_1_452' title='bbox 769 2067 775 2085; x_wconf 90' lang='lat'><strong>:</strong></span> <span class='ocrx_word' id='word_1_453' title='bbox 792 2058 816 2084; x_wconf 89' lang='lat' dir='ltr'><strong>i.</strong></span> <span class='ocrx_word' id='word_1_454' title='bbox 831 2057 925 2084; x_wconf 88' lang='lat' dir='ltr'><strong>Dialo—</strong></span> 
     </span>
    </p>
   </div>
   <div class='ocr_carea' id='block_1_58' title="bbox 135 2103 925 2141">
    <p class='ocr_par' dir='ltr' id='par_1_58' title="bbox 135 2103 925 2141">
     <span class='ocr_line' id='line_1_58' title="bbox 135 2103 925 2141; baseline -0.005 -8"><span class='ocrx_word' id='word_1_455' title='bbox 135 2114 228 2141; x_wconf 81' lang='lat' dir='ltr'><strong>gorum</strong></span> <span class='ocrx_word' id='word_1_456' title='bbox 245 2113 303 2132; x_wconf 79' lang='lat' dir='ltr'><strong>cum</strong></span> <span class='ocrx_word' id='word_1_457' title='bbox 322 2104 430 2132; x_wconf 81' lang='lat' dir='ltr'><strong>Hermia</strong></span> <span class='ocrx_word' id='word_1_458' title='bbox 449 2104 481 2130; x_wconf 85' lang='lat' dir='ltr'><strong>de</strong></span> <span class='ocrx_word' id='word_1_459' title='bbox 503 2103 632 2130; x_wconf 87' lang='lat' dir='ltr'><strong>Trinilute</strong></span> <span class='ocrx_word' id='word_1_460' title='bbox 650 2103 710 2132; x_wconf 87' lang='lat' dir='ltr'><strong>libri</strong></span> <span class='ocrx_word' id='word_1_461' title='bbox 725 2103 784 2135; x_wconf 76' lang='lat' dir='ltr'><strong><em>VII,</em></strong></span> <span class='ocrx_word' id='word_1_462' title='bbox 799 2112 858 2130; x_wconf 74' lang='lat' dir='ltr'><strong>eum</strong></span> <span class='ocrx_word' id='word_1_463' title='bbox 876 2104 925 2130; x_wconf 85' lang='lat' dir='ltr'><strong>ad-</strong></span> 
     </span>
    </p>
   </div>
   <div class='ocr_carea' id='block_1_59' title="bbox 136 2149 923 2185">
    <p class='ocr_par' dir='ltr' id='par_1_59' title="bbox 136 2149 923 2185">
     <span class='ocr_line' id='line_1_59' title="bbox 136 2149 923 2185; baseline -0.003 -7"><span class='ocrx_word' id='word_1_464' title='bbox 136 2151 242 2185; x_wconf 75' lang='lat' dir='ltr'><strong>pendicc</strong></span> <span class='ocrx_word' id='word_1_465' title='bbox 255 2154 484 2185; x_wconf 84' lang='lat' dir='ltr'><strong>argumentorum,</strong></span> <span class='ocrx_word' id='word_1_466' title='bbox 496 2149 565 2185; x_wconf 86' lang='lat' dir='ltr'><strong>quod</strong></span> <span class='ocrx_word' id='word_1_467' title='bbox 589 2149 661 2185; x_wconf 90' lang='lat' dir='ltr'><strong>Spir.</strong></span> <span class='ocrx_word' id='word_1_468' title='bbox 686 2149 715 2177; x_wconf 89' lang='lat' dir='ltr'><strong>S.</strong></span> <span class='ocrx_word' id='word_1_469' title='bbox 737 2150 770 2176; x_wconf 91' lang='lat' dir='ltr'><strong>sit</strong></span> <span class='ocrx_word' id='word_1_470' title='bbox 784 2149 866 2181; x_wconf 80' lang='lat' dir='ltr'><strong>Deus,</strong></span> <span class='ocrx_word' id='word_1_471' title='bbox 880 2149 923 2176; x_wconf 75' lang='lat' dir='ltr'><strong>lo.</strong></span> 
     </span>
    </p>
   </div>
   <div class='ocr_carea' id='block_1_60' title="bbox 135 2195 925 2232">
    <p class='ocr_par' dir='ltr' id='par_1_60' title="bbox 135 2195 925 2232">
     <span class='ocr_line' id='line_1_60' title="bbox 135 2195 925 2232; baseline -0.004 -7"><span class='ocrx_word' id='word_1_472' title='bbox 135 2196 347 2232; x_wconf 78' lang='lat' dir='ltr'><strong>0Ecolampadio</strong></span> <span class='ocrx_word' id='word_1_473' title='bbox 362 2196 521 2231; x_wconf 77' lang='lat' dir='ltr'><strong>interprete;</strong></span> <span class='ocrx_word' id='word_1_474' title='bbox 542 2195 568 2222; x_wconf 71' lang='lat'><strong>2.</strong></span> <span class='ocrx_word' id='word_1_475' title='bbox 582 2195 619 2222; x_wconf 86' lang='lat' dir='ltr'><strong>De</strong></span> <span class='ocrx_word' id='word_1_476' title='bbox 639 2195 793 2223; x_wconf 84' lang='lat' dir='ltr'><strong>adoratione</strong></span> <span class='ocrx_word' id='word_1_477' title='bbox 812 2199 836 2222; x_wconf 84' lang='lat' dir='ltr'><strong>et</strong></span> <span class='ocrx_word' id='word_1_478' title='bbox 851 2195 925 2222; x_wconf 79' lang='lat' dir='ltr'><strong>cultu</strong></span> 
     </span>
    </p>
   </div>
   <div class='ocr_carea' id='block_1_61' title="bbox 135 2237 964 2279">
    <p class='ocr_par' dir='ltr' id='par_1_61' title="bbox 135 2237 964 2279">
     <span class='ocr_line' id='line_1_61' title="bbox 135 2237 964 2279; baseline -0.002 -9"><span class='ocrx_word' id='word_1_479' title='bbox 135 2245 162 2271; x_wconf 88' lang='lat' dir='ltr'><strong>in</strong></span> <span class='ocrx_word' id='word_1_480' title='bbox 182 2244 277 2279; x_wconf 84' lang='lat' dir='ltr'><strong>spiritu</strong></span> <span class='ocrx_word' id='word_1_481' title='bbox 293 2248 317 2270; x_wconf 85' lang='lat' dir='ltr'><strong>et</strong></span> <span class='ocrx_word' id='word_1_482' title='bbox 331 2242 443 2269; x_wconf 81' lang='lat' dir='ltr'><strong>veritate</strong></span> <span class='ocrx_word' id='word_1_483' title='bbox 470 2241 591 2277; x_wconf 83' lang='lat' dir='ltr'><strong>dialogus</strong></span> <span class='ocrx_word' id='word_1_484' title='bbox 616 2242 651 2269; x_wconf 86' lang='lat' dir='ltr'><strong>ad</strong></span> <span class='ocrx_word' id='word_1_485' title='bbox 670 2241 837 2274; x_wconf 83' lang='lat' dir='ltr'><strong>Palladium,</strong></span> <span class='ocrx_word' id='word_1_486' title='bbox 856 2242 919 2269; x_wconf 88' lang='lat' dir='ltr'><strong>eod.</strong></span> <span class='ocrx_word' id='word_1_487' title='bbox 941 2237 964 2265; x_wconf 81' lang='grc' dir='ltr'><strong>Ι)</strong></span> 
     </span>
    </p>
   </div>
   <div class='ocr_carea' id='block_1_62' title="bbox 136 2287 921 2324">
    <p class='ocr_par' dir='ltr' id='par_1_62' title="bbox 136 2287 921 2324">
     <span class='ocr_line' id='line_1_62' title="bbox 136 2287 921 2324; baseline -0.003 -8"><span class='ocrx_word' id='word_1_488' title='bbox 136 2290 305 2324; x_wconf 78' lang='lat' dir='ltr'><strong>interprete;</strong></span> <span class='ocrx_word' id='word_1_489' title='bbox 326 2289 353 2315; x_wconf 79' lang='grc'><strong>5.</strong></span> <span class='ocrx_word' id='word_1_490' title='bbox 370 2287 470 2316; x_wconf 85' lang='lat' dir='ltr'><strong>Contra</strong></span> <span class='ocrx_word' id='word_1_491' title='bbox 484 2287 624 2315; x_wconf 75' lang='lat' dir='ltr'><strong>Iulianum</strong></span> <span class='ocrx_word' id='word_1_492' title='bbox 640 2288 797 2317; x_wconf 79' lang='lat' dir='ltr'><strong>Apostatant</strong></span> <span class='ocrx_word' id='word_1_493' title='bbox 817 2296 865 2323; x_wconf 88' lang='lat' dir='ltr'><strong>pro</strong></span> <span class='ocrx_word' id='word_1_494' title='bbox 879 2296 921 2314; x_wconf 90' lang='lat' dir='ltr'><strong>re-</strong></span> 
     </span>
    </p>
   </div>
   <div class='ocr_carea' id='block_1_63' title="bbox 136 2332 924 2369">
    <p class='ocr_par' dir='ltr' id='par_1_63' title="bbox 136 2332 924 2369">
     <span class='ocr_line' id='line_1_63' title="bbox 136 2332 924 2369; baseline -0.001 -8"><span class='ocrx_word' id='word_1_495' title='bbox 136 2335 230 2369; x_wconf 77' lang='lat' dir='ltr'><strong>ligione</strong></span> <span class='ocrx_word' id='word_1_496' title='bbox 247 2333 399 2362; x_wconf 82' lang='lat' dir='ltr'><strong>Christiana</strong></span> <span class='ocrx_word' id='word_1_497' title='bbox 416 2333 460 2360; x_wconf 86' lang='lat' dir='ltr'><strong>lib.</strong></span> <span class='ocrx_word' id='word_1_498' title='bbox 477 2332 510 2365; x_wconf 84' lang='lat' dir='ltr'><strong>X;</strong></span> <span class='ocrx_word' id='word_1_499' title='bbox 524 2333 540 2359; x_wconf 70' lang='grc'><strong>1</strong></span> <span class='ocrx_word' id='word_1_500' title='bbox 554 2332 592 2359; x_wconf 84' lang='lat' dir='ltr'><strong>De</strong></span> <span class='ocrx_word' id='word_1_501' title='bbox 613 2337 684 2359; x_wconf 79' lang='lat' dir='ltr'><strong>recta</strong></span> <span class='ocrx_word' id='word_1_502' title='bbox 701 2333 727 2359; x_wconf 89' lang='lat' dir='ltr'><strong>in</strong></span> <span class='ocrx_word' id='word_1_503' title='bbox 742 2332 832 2359; x_wconf 79' lang='lat' dir='ltr'><strong>Iesum</strong></span> <span class='ocrx_word' id='word_1_504' title='bbox 850 2332 924 2361; x_wconf 83' lang='lat' dir='ltr'><strong>Chri-</strong></span> 
     </span>
    </p>
   </div>
   <div class='ocr_carea' id='block_1_64' title="bbox 135 2377 923 2414">
    <p class='ocr_par' dir='ltr' id='par_1_64' title="bbox 135 2377 923 2414">
     <span class='ocr_line' id='line_1_64' title="bbox 135 2377 923 2414; baseline -0.003 -7"><span class='ocrx_word' id='word_1_505' title='bbox 135 2386 204 2408; x_wconf 84' lang='lat' dir='ltr'><strong>stum</strong></span> <span class='ocrx_word' id='word_1_506' title='bbox 218 2379 270 2414; x_wconf 80' lang='lat' dir='ltr'><strong>ﬁde.</strong></span> <span class='ocrx_word' id='word_1_507' title='bbox 285 2380 319 2407; x_wconf 88' lang='lat' dir='ltr'><strong>ad</strong></span> <span class='ocrx_word' id='word_1_508' title='bbox 335 2379 459 2407; x_wconf 85' lang='lat' dir='ltr'><strong>Theodos.</strong></span> <span class='ocrx_word' id='word_1_509' title='bbox 483 2379 542 2406; x_wconf 83' lang='lat' dir='ltr'><strong>libri</strong></span> <span class='ocrx_word' id='word_1_510' title='bbox 556 2378 602 2411; x_wconf 89' lang='lat' dir='ltr'><strong><em>II;</em></strong></span> <span class='ocrx_word' id='word_1_511' title='bbox 616 2379 642 2406; x_wconf 86' lang='lat'><strong>5.</strong></span> <span class='ocrx_word' id='word_1_512' title='bbox 664 2377 701 2405; x_wconf 85' lang='lat' dir='ltr'><strong>De</strong></span> <span class='ocrx_word' id='word_1_513' title='bbox 718 2379 809 2406; x_wconf 78' lang='lat' dir='ltr'><strong>eadem</strong></span> <span class='ocrx_word' id='word_1_514' title='bbox 833 2379 868 2405; x_wconf 86' lang='lat' dir='ltr'><strong>ad</strong></span> <span class='ocrx_word' id='word_1_515' title='bbox 881 2387 923 2406; x_wconf 82' lang='lat' dir='ltr'><strong>rc-</strong></span> 
     </span>
    </p>
   </div>
   <div class='ocr_carea' id='block_1_65' title="bbox 172 2435 924 2471">
    <p class='ocr_par' dir='ltr' id='par_1_65' title="bbox 172 2435 924 2471">
     <span class='ocr_line' id='line_1_65' title="bbox 172 2435 924 2471; baseline -0.003 -7"><span class='ocrx_word' id='word_1_516' title='bbox 172 2437 209 2471; x_wconf 89' lang='lat' dir='ltr'><strong>(a)</strong></span> <span class='ocrx_word' id='word_1_517' title='bbox 225 2436 278 2464; x_wconf 84' lang='lat' dir='ltr'><strong>Sed</strong></span> <span class='ocrx_word' id='word_1_518' title='bbox 293 2435 380 2464; x_wconf 80' lang='lat' dir='ltr'><strong>libros</strong></span> <span class='ocrx_word' id='word_1_519' title='bbox 390 2435 436 2463; x_wconf 72' lang='lat' dir='ltr'><strong>VII</strong></span> <span class='ocrx_word' id='word_1_520' title='bbox 451 2436 483 2464; x_wconf 82' lang='lat' dir='ltr'><strong>de</strong></span> <span class='ocrx_word' id='word_1_521' title='bbox 496 2435 623 2463; x_wconf 84' lang='lat' dir='ltr'><strong>Trinitate</strong></span> <span class='ocrx_word' id='word_1_522' title='bbox 642 2444 727 2471; x_wconf 78' lang='lat' dir='ltr'><strong>usque</strong></span> <span class='ocrx_word' id='word_1_523' title='bbox 752 2435 785 2462; x_wconf 83' lang='lat' dir='ltr'><strong>ad</strong></span> <span class='ocrx_word' id='word_1_524' title='bbox 806 2435 870 2462; x_wconf 88' lang='lat' dir='ltr'><strong>libr.</strong></span> <span class='ocrx_word' id='word_1_525' title='bbox 888 2435 924 2462; x_wconf 76' lang='lat' dir='ltr'><strong>ad</strong></span> 
     </span>
    </p>
   </div>
   <div class='ocr_carea' id='block_1_66' title="bbox 136 2467 922 2507">
    <p class='ocr_par' dir='ltr' id='par_1_66' title="bbox 136 2467 922 2507">
     <span class='ocr_line' id='line_1_66' title="bbox 136 2467 922 2507; baseline -0.003 -8"><span class='ocrx_word' id='word_1_526' title='bbox 136 2467 241 2507; x_wconf 77' lang='lat' dir='ltr'><strong>reginas</strong></span> <span class='ocrx_word' id='word_1_527' title='bbox 255 2473 310 2507; x_wconf 84' lang='lat' dir='ltr'><strong>jam</strong></span> <span class='ocrx_word' id='word_1_528' title='bbox 325 2471 353 2498; x_wconf 90' lang='lat' dir='ltr'><strong>in</strong></span> <span class='ocrx_word' id='word_1_529' title='bbox 370 2470 414 2498; x_wconf 78' lang='lat' dir='ltr'><strong>od.</strong></span> <span class='ocrx_word' id='word_1_530' title='bbox 432 2478 456 2498; x_wconf 86' lang='lat' dir='ltr'><strong>a.</strong></span> <span class='ocrx_word' id='word_1_531' title='bbox 483 2467 690 2507; x_wconf 30' lang='lat' dir='ltr'><strong>iSQSLreperiri&#39;</strong></span> <span class='ocrx_word' id='word_1_532' title='bbox 703 2471 784 2498; x_wconf 86' lang='lat' dir='ltr'><strong>modo</strong></span> <span class='ocrx_word' id='word_1_533' title='bbox 796 2475 922 2507; x_wconf 64' lang='lat' dir='ltr'><strong>annota-</strong></span> 
     </span>
    </p>
   </div>
   <div class='ocr_carea' id='block_1_67' title="bbox 137 2504 923 2541">
    <p class='ocr_par' dir='ltr' id='par_1_67' title="bbox 137 2504 923 2541">
     <span class='ocr_line' id='line_1_67' title="bbox 137 2504 923 2541; baseline -0.004 -7"><span class='ocrx_word' id='word_1_534' title='bbox 137 2504 235 2535; x_wconf 75' lang='lat' dir='ltr'><strong>viinus.</strong></span> <span class='ocrx_word' id='word_1_535' title='bbox 249 2504 364 2541; x_wconf 77' lang='lat' dir='ltr'><strong>Reliqua</strong></span> <span class='ocrx_word' id='word_1_536' title='bbox 379 2504 631 2541; x_wconf 19' lang='lat' dir='ltr'><strong>opuscularadjecia</strong></span> <span class='ocrx_word' id='word_1_537' title='bbox 643 2511 707 2533; x_wconf 85' lang='lat' dir='ltr'><strong>sunt</strong></span> <span class='ocrx_word' id='word_1_538' title='bbox 716 2511 743 2533; x_wconf 86' lang='lat' dir='ltr'><strong>et</strong></span> <span class='ocrx_word' id='word_1_539' title='bbox 763 2505 875 2532; x_wconf 83' lang='lat' dir='ltr'><strong>collecta</strong></span> <span class='ocrx_word' id='word_1_540' title='bbox 887 2504 923 2541; x_wconf 29' lang='lat' dir='ltr'><strong>Ain</strong></span> 
     </span>
    </p>
   </div>
   <div class='ocr_carea' id='block_1_68' title="bbox 137 2539 922 2576">
    <p class='ocr_par' dir='ltr' id='par_1_68' title="bbox 137 2539 922 2576">
     <span class='ocr_line' id='line_1_68' title="bbox 137 2539 922 2576; baseline -0.005 -6"><span class='ocrx_word' id='word_1_541' title='bbox 137 2548 203 2570; x_wconf 89' lang='lat' dir='ltr'><strong>tom.</strong></span> <span class='ocrx_word' id='word_1_542' title='bbox 236 2543 285 2574; x_wconf 83' lang='lat' dir='ltr'><strong>lV,</strong></span> <span class='ocrx_word' id='word_1_543' title='bbox 311 2539 642 2576; x_wconf 69' lang='lat' dir='ltr'><strong>iiiterpreteWolfgango</strong></span> <span class='ocrx_word' id='word_1_544' title='bbox 666 2540 785 2568; x_wconf 75' lang='lat' dir='ltr'><strong>Masculo</strong></span> <span class='ocrx_word' id='word_1_545' title='bbox 810 2544 857 2567; x_wconf 89' lang='lat' dir='ltr'><strong>aut</strong></span> <span class='ocrx_word' id='word_1_546' title='bbox 880 2539 922 2576; x_wconf 83' lang='lat' dir='ltr'><strong>Jo.</strong></span> 
     </span>
    </p>
   </div>
   <div class='ocr_carea' id='block_1_69' title="bbox 136 2575 920 2613">
    <p class='ocr_par' dir='ltr' id='par_1_69' title="bbox 136 2575 920 2613">
     <span class='ocr_line' id='line_1_69' title="bbox 136 2575 920 2613; baseline -0.004 -8"><span class='ocrx_word' id='word_1_547' title='bbox 136 2577 294 2613; x_wconf 82' lang='lat' dir='ltr'><strong>()Ecolamp.</strong></span> <span class='ocrx_word' id='word_1_548' title='bbox 309 2575 454 2613; x_wconf 57' lang='lat' dir='ltr'><strong>Egeriiplar</strong></span> <span class='ocrx_word' id='word_1_549' title='bbox 470 2575 633 2613; x_wconf 28' lang='lat' dir='ltr'><strong>hujus’edit.</strong></span> <span class='ocrx_word' id='word_1_550' title='bbox 650 2577 734 2604; x_wconf 86' lang='lat' dir='ltr'><strong>estin</strong></span> <span class='ocrx_word' id='word_1_551' title='bbox 754 2575 821 2603; x_wconf 85' lang='lat' dir='ltr'><strong>bibl.</strong></span> <span class='ocrx_word' id='word_1_552' title='bbox 843 2575 920 2602; x_wconf 78' lang='lat' dir='ltr'><strong>acad.</strong></span> 
     </span>
    </p>
   </div>
   <div class='ocr_carea' id='block_1_70' title="bbox 137 2612 407 2646">
    <p class='ocr_par' dir='ltr' id='par_1_70' title="bbox 137 2612 407 2646">
     <span class='ocr_line' id='line_1_70' title="bbox 137 2612 407 2646; baseline -0.007 -6"><span class='ocrx_word' id='word_1_553' title='bbox 137 2613 307 2646; x_wconf 66' lang='lat' dir='ltr'><strong>Erlangcnsi.</strong></span> <span class='ocrx_word' id='word_1_554' title='bbox 324 2612 407 2639; x_wconf 72' lang='lat' dir='ltr'><strong>“AM.</strong></span> 
     </span>
    </p>
   </div>
   <div class='ocr_carea' id='block_1_71' title="bbox 172 2645 921 2683">
    <p class='ocr_par' dir='ltr' id='par_1_71' title="bbox 172 2645 921 2683">
     <span class='ocr_line' id='line_1_71' title="bbox 172 2645 921 2683; baseline -0.001 -8"><span class='ocrx_word' id='word_1_555' title='bbox 172 2649 207 2683; x_wconf 86' lang='lat' dir='ltr'><strong>(b)</strong></span> <span class='ocrx_word' id='word_1_556' title='bbox 220 2645 321 2675; x_wconf 80' lang='lat' dir='ltr'><strong>Bonov.</strong></span> <span class='ocrx_word' id='word_1_557' title='bbox 337 2646 496 2683; x_wconf 79' lang='lat' dir='ltr'><strong>Vulcanius,</strong></span> <span class='ocrx_word' id='word_1_558' title='bbox 511 2646 587 2682; x_wconf 72' lang='lat' dir='ltr'><strong>praei.</strong></span> <span class='ocrx_word' id='word_1_559' title='bbox 600 2646 634 2673; x_wconf 89' lang='lat' dir='ltr'><strong>ad</strong></span> <span class='ocrx_word' id='word_1_560' title='bbox 649 2647 796 2674; x_wconf 81' lang='lat' dir='ltr'><strong>Arrianum</strong></span> <span class='ocrx_word' id='word_1_561' title='bbox 811 2654 836 2673; x_wconf 90' lang='lat' dir='ltr'><strong>a.</strong></span> <span class='ocrx_word' id='word_1_562' title='bbox 851 2645 921 2683; x_wconf 78' lang='grc'><strong>1575</strong></span> 
     </span>
    </p>
   </div>
   <div class='ocr_carea' id='block_1_72' title="bbox 137 2681 922 2717">
    <p class='ocr_par' dir='ltr' id='par_1_72' title="bbox 137 2681 922 2717">
     <span class='ocr_line' id='line_1_72' title="bbox 137 2681 922 2717; baseline -0.005 -6"><span class='ocrx_word' id='word_1_563' title='bbox 137 2681 241 2711; x_wconf 77' lang='lat' dir='ltr'><strong>editum</strong></span> <span class='ocrx_word' id='word_1_564' title='bbox 253 2692 260 2709; x_wconf 85' lang='lat'><strong>:</strong></span> <span class='ocrx_word' id='word_1_565' title='bbox 275 2683 313 2710; x_wconf 84' lang='lat' dir='ltr'><strong>Ne</strong></span> <span class='ocrx_word' id='word_1_566' title='bbox 324 2682 380 2717; x_wconf 82' lang='lat' dir='ltr'><strong>quis</strong></span> <span class='ocrx_word' id='word_1_567' title='bbox 394 2691 433 2708; x_wconf 81' lang='lat' dir='ltr'><strong>me</strong></span> <span class='ocrx_word' id='word_1_568' title='bbox 447 2681 543 2709; x_wconf 63' lang='lat' dir='ltr'><strong>temere</strong></span> <span class='ocrx_word' id='word_1_569' title='bbox 553 2682 588 2709; x_wconf 86' lang='lat' dir='ltr'><strong>ad</strong></span> <span class='ocrx_word' id='word_1_570' title='bbox 604 2683 672 2708; x_wconf 82' lang='lat' dir='ltr'><strong>hunc</strong></span> <span class='ocrx_word' id='word_1_571' title='bbox 690 2686 823 2708; x_wconf 58' lang='lat' dir='ltr'><strong>auctorum</strong></span> <span class='ocrx_word' id='word_1_572' title='bbox 838 2681 922 2708; x_wconf 76' lang='lat' dir='ltr'><strong>denuo</strong></span> 
     </span>
    </p>
   </div>
   <div class='ocr_carea' id='block_1_73' title="bbox 137 2717 924 2751">
    <p class='ocr_par' dir='ltr' id='par_1_73' title="bbox 137 2717 924 2751">
     <span class='ocr_line' id='line_1_73' title="bbox 137 2717 924 2751; baseline -0.004 -6"><span class='ocrx_word' id='word_1_573' title='bbox 137 2719 291 2746; x_wconf 71' lang='lat' dir='ltr'><strong>certandum</strong></span> <span class='ocrx_word' id='word_1_574' title='bbox 308 2719 445 2745; x_wconf 78' lang='lat' dir='ltr'><strong>accessisse</strong></span> <span class='ocrx_word' id='word_1_575' title='bbox 458 2718 598 2749; x_wconf 67' lang='lat' dir='ltr'><strong>existimet,</strong></span> <span class='ocrx_word' id='word_1_576' title='bbox 611 2725 672 2744; x_wconf 77' lang='lat' dir='ltr'><strong>neve</strong></span> <span class='ocrx_word' id='word_1_577' title='bbox 681 2717 740 2751; x_wconf 77' lang='lat' dir='ltr'><strong>quis</strong></span> <span class='ocrx_word' id='word_1_578' title='bbox 758 2725 798 2743; x_wconf 84' lang='lat' dir='ltr'><strong>me</strong></span> <span class='ocrx_word' id='word_1_579' title='bbox 810 2725 851 2743; x_wconf 79' lang='lat' dir='ltr'><strong>eos</strong></span> <span class='ocrx_word' id='word_1_580' title='bbox 864 2717 924 2743; x_wconf 81' lang='lat' dir='ltr'><strong>imi-</strong></span> 
     </span>
    </p>
   </div>
   <div class='ocr_carea' id='block_1_74' title="bbox 138 2751 924 2788">
    <p class='ocr_par' dir='ltr' id='par_1_74' title="bbox 138 2751 924 2788">
     <span class='ocr_line' id='line_1_74' title="bbox 138 2751 924 2788; baseline -0.004 -7"><span class='ocrx_word' id='word_1_581' title='bbox 138 2755 190 2782; x_wconf 81' lang='lat' dir='ltr'><strong>tari</strong></span> <span class='ocrx_word' id='word_1_582' title='bbox 204 2754 358 2788; x_wconf 81' lang='lat' dir='ltr'><strong>suspicetur,</strong></span> <span class='ocrx_word' id='word_1_583' title='bbox 375 2754 421 2788; x_wconf 85' lang='lat' dir='ltr'><strong>qui</strong></span> <span class='ocrx_word' id='word_1_584' title='bbox 433 2761 492 2780; x_wconf 78' lang='lat' dir='ltr'><strong>eum</strong></span> <span class='ocrx_word' id='word_1_585' title='bbox 509 2752 584 2788; x_wconf 79' lang='lat' dir='ltr'><strong>hodie</strong></span> <span class='ocrx_word' id='word_1_586' title='bbox 596 2752 689 2779; x_wconf 79' lang='lat' dir='ltr'><strong>veteris</strong></span> <span class='ocrx_word' id='word_1_587' title='bbox 703 2751 816 2787; x_wconf 78' lang='lat' dir='ltr'><strong>alicujus</strong></span> <span class='ocrx_word' id='word_1_588' title='bbox 835 2757 924 2779; x_wconf 83' lang='lat' dir='ltr'><strong>aucto-</strong></span> 
     </span>
    </p>
   </div>
   <div class='ocr_carea' id='block_1_75' title="bbox 138 2787 923 2824">
    <p class='ocr_par' dir='ltr' id='par_1_75' title="bbox 138 2787 923 2824">
     <span class='ocr_line' id='line_1_75' title="bbox 138 2787 923 2824; baseline -0.001 -9"><span class='ocrx_word' id='word_1_589' title='bbox 138 2791 174 2816; x_wconf 83' lang='lat' dir='ltr'><strong>ris</strong></span> <span class='ocrx_word' id='word_1_590' title='bbox 191 2787 349 2824; x_wconf 73' lang='lat' dir='ltr'><strong>postomm&#39;s</strong></span> <span class='ocrx_word' id='word_1_591' title='bbox 374 2787 628 2824; x_wconf 19' lang='lat' dir='ltr'><strong>aliorumreditiones</strong></span> <span class='ocrx_word' id='word_1_592' title='bbox 643 2788 845 2824; x_wconf 70' lang='lat' dir='ltr'><strong>recognitionem</strong></span> <span class='ocrx_word' id='word_1_593' title='bbox 857 2787 923 2824; x_wconf 73' lang='lat' dir='ltr'><strong>pol-</strong></span> 
     </span>
    </p>
   </div>
   <div class='ocr_carea' id='block_1_76' title="bbox 139 2821 925 2858">
    <p class='ocr_par' dir='ltr' id='par_1_76' title="bbox 139 2821 925 2858">
     <span class='ocr_line' id='line_1_76' title="bbox 139 2821 925 2858; baseline -0.003 -8"><span class='ocrx_word' id='word_1_594' title='bbox 139 2821 259 2856; x_wconf 73' lang='lat' dir='ltr'><strong>licentur,</strong></span> <span class='ocrx_word' id='word_1_595' title='bbox 285 2825 307 2850; x_wconf 87' lang='lat' dir='ltr'><strong>si</strong></span> <span class='ocrx_word' id='word_1_596' title='bbox 321 2824 450 2858; x_wconf 76' lang='lat' dir='ltr'><strong>conferas,</strong></span> <span class='ocrx_word' id='word_1_597' title='bbox 475 2821 557 2849; x_wconf 76' lang='lat' dir='ltr'><strong>nihilo</strong></span> <span class='ocrx_word' id='word_1_598' title='bbox 577 2821 759 2858; x_wconf 17' lang='lat' dir='ltr'><strong>ramplius&#39;eos</strong></span> <span class='ocrx_word' id='word_1_599' title='bbox 774 2821 925 2858; x_wconf 73' lang='lat' dir='ltr'><strong>pra-stitisse</strong></span> 
     </span>
    </p>
   </div>
   <div class='ocr_carea' id='block_1_77' title="bbox 139 2857 922 2894">
    <p class='ocr_par' dir='ltr' id='par_1_77' title="bbox 139 2857 922 2894">
     <span class='ocr_line' id='line_1_77' title="bbox 139 2857 922 2894; baseline -0.001 -8"><span class='ocrx_word' id='word_1_600' title='bbox 139 2861 266 2892; x_wconf 76' lang='lat' dir='ltr'><strong>reperias,</strong></span> <span class='ocrx_word' id='word_1_601' title='bbox 280 2867 359 2894; x_wconf 87' lang='lat' dir='ltr'><strong>quam</strong></span> <span class='ocrx_word' id='word_1_602' title='bbox 381 2859 403 2885; x_wconf 82' lang='lat' dir='ltr'><strong>is</strong></span> <span class='ocrx_word' id='word_1_603' title='bbox 418 2859 462 2894; x_wconf 86' lang='lat' dir='ltr'><strong>qui</strong></span> <span class='ocrx_word' id='word_1_604' title='bbox 477 2862 543 2893; x_wconf 71' lang='lat' dir='ltr'><strong>ante</strong></span> <span class='ocrx_word' id='word_1_605' title='bbox 572 2857 705 2885; x_wconf 75' lang='lat' dir='ltr'><strong>biennium</strong></span> <span class='ocrx_word' id='word_1_606' title='bbox 725 2857 819 2894; x_wconf 79' lang='lat' dir='ltr'><strong>Cyrilli</strong></span> <span class='ocrx_word' id='word_1_607' title='bbox 837 2857 922 2892; x_wconf 71' lang='lat' dir='ltr'><strong>Opera</strong></span> 
     </span>
    </p>
   </div>
   <div class='ocr_carea' id='block_1_78' title="bbox 976 906 1770 942">
    <p class='ocr_par' dir='ltr' id='par_1_78' title="bbox 976 906 1770 942">
     <span class='ocr_line' id='line_1_78' title="bbox 976 906 1770 942; baseline -0.001 -8"><span class='ocrx_word' id='word_1_608' title='bbox 976 907 1102 942; x_wconf 79' lang='lat' dir='ltr'><strong>nentur),</strong></span> <span class='ocrx_word' id='word_1_609' title='bbox 1130 908 1332 934; x_wconf 80' lang='lat' dir='ltr'><strong>commentarios</strong></span> <span class='ocrx_word' id='word_1_610' title='bbox 1349 907 1377 934; x_wconf 87' lang='lat' dir='ltr'><strong>in</strong></span> <span class='ocrx_word' id='word_1_611' title='bbox 1397 906 1508 939; x_wconf 86' lang='lat' dir='ltr'><strong>Isaiam,</strong></span> <span class='ocrx_word' id='word_1_612' title='bbox 1530 914 1564 934; x_wconf 78' lang='lat' dir='ltr'><strong>ex</strong></span> <span class='ocrx_word' id='word_1_613' title='bbox 1582 906 1665 934; x_wconf 81' lang='lat' dir='ltr'><strong>Laur.</strong></span> <span class='ocrx_word' id='word_1_614' title='bbox 1692 906 1770 934; x_wconf 85' lang='lat' dir='ltr'><strong>Hun-</strong></span> 
     </span>
    </p>
   </div>
   <div class='ocr_carea' id='block_1_79' title="bbox 975 954 1768 989">
    <p class='ocr_par' dir='ltr' id='par_1_79' title="bbox 975 954 1768 989">
     <span class='ocr_line' id='line_1_79' title="bbox 975 954 1768 989; baseline 0.001 -8"><span class='ocrx_word' id='word_1_615' title='bbox 975 954 1044 981; x_wconf 83' lang='lat' dir='ltr'><strong>t&#39;redi</strong></span> <span class='ocrx_word' id='word_1_616' title='bbox 1059 954 1186 982; x_wconf 82' lang='lat' dir='ltr'><strong>versione</strong></span> <span class='ocrx_word' id='word_1_617' title='bbox 1206 955 1347 989; x_wconf 79' lang='lat' dir='ltr'><strong>complexa</strong></span> <span class='ocrx_word' id='word_1_618' title='bbox 1367 954 1493 982; x_wconf 85' lang='lat' dir='ltr'><strong>accessit.</strong></span> <span class='ocrx_word' id='word_1_619' title='bbox 1513 954 1628 981; x_wconf 79' lang='lat' dir='ltr'><strong>Fallitur</strong></span> <span class='ocrx_word' id='word_1_620' title='bbox 1642 955 1716 982; x_wconf 77' lang='lat' dir='ltr'><strong>Elius</strong></span> <span class='ocrx_word' id='word_1_621' title='bbox 1730 955 1768 982; x_wconf 87' lang='lat' dir='ltr'><strong>du</strong></span> 
     </span>
    </p>
   </div>
   <div class='ocr_carea' id='block_1_80' title="bbox 975 1000 1768 1037">
    <p class='ocr_par' dir='ltr' id='par_1_80' title="bbox 975 1000 1768 1037">
     <span class='ocr_line' id='line_1_80' title="bbox 975 1000 1768 1037; baseline 0 -9"><span class='ocrx_word' id='word_1_622' title='bbox 975 1001 1035 1032; x_wconf 84' lang='lat' dir='ltr'><strong>Pin,</strong></span> <span class='ocrx_word' id='word_1_623' title='bbox 1051 1001 1097 1035; x_wconf 88' lang='lat' dir='ltr'><strong>qui</strong></span> <span class='ocrx_word' id='word_1_624' title='bbox 1112 1001 1186 1028; x_wconf 75' lang='lat' dir='ltr'><strong>hane</strong></span> <span class='ocrx_word' id='word_1_625' title='bbox 1196 1001 1346 1028; x_wconf 86' lang='lat' dir='ltr'><strong>editionem</strong></span> <span class='ocrx_word' id='word_1_626' title='bbox 1366 1001 1482 1035; x_wconf 84' lang='lat' dir='ltr'><strong>primam</strong></span> <span class='ocrx_word' id='word_1_627' title='bbox 1500 1000 1623 1028; x_wconf 84' lang='lat' dir='ltr'><strong>Latinam</strong></span> <span class='ocrx_word' id='word_1_628' title='bbox 1647 1000 1768 1037; x_wconf 85' lang='lat' dir='ltr'><strong>Operum</strong></span> 
     </span>
    </p>
   </div>
   <div class='ocr_carea' id='block_1_81' title="bbox 975 1045 1766 1082">
    <p class='ocr_par' dir='ltr' id='par_1_81' title="bbox 975 1045 1766 1082">
     <span class='ocr_line' id='line_1_81' title="bbox 975 1045 1766 1082; baseline 0.001 -10"><span class='ocrx_word' id='word_1_629' title='bbox 975 1045 1069 1081; x_wconf 74' lang='lat' dir='ltr'><strong>Cyrilli</strong></span> <span class='ocrx_word' id='word_1_630' title='bbox 1085 1054 1146 1073; x_wconf 86' lang='lat' dir='ltr'><strong>esse</strong></span> <span class='ocrx_word' id='word_1_631' title='bbox 1168 1046 1265 1074; x_wconf 81' lang='lat' dir='ltr'><strong>scribit</strong></span> <span class='ocrx_word' id='word_1_632' title='bbox 1281 1050 1347 1073; x_wconf 86' lang='lat' dir='ltr'><strong>tom.</strong></span> <span class='ocrx_word' id='word_1_633' title='bbox 1367 1046 1411 1073; x_wconf 89' lang='lat' dir='ltr'><strong>IV.</strong></span> <span class='ocrx_word' id='word_1_634' title='bbox 1425 1045 1590 1073; x_wconf 73' lang='lat' dir='ltr'><strong>Bibliotheca:</strong></span> <span class='ocrx_word' id='word_1_635' title='bbox 1608 1047 1766 1082; x_wconf 81' lang='lat' dir='ltr'><strong>scriptorum</strong></span> 
     </span>
    </p>
   </div>
   <div class='ocr_carea' id='block_1_82' title="bbox 976 1091 1204 1127">
    <p class='ocr_par' dir='ltr' id='par_1_82' title="bbox 976 1091 1204 1127">
     <span class='ocr_line' id='line_1_82' title="bbox 976 1091 1204 1127; baseline 0.004 -10"><span class='ocrx_word' id='word_1_636' title='bbox 976 1091 1065 1118; x_wconf 82' lang='lat' dir='ltr'><strong>eccles.</strong></span> <span class='ocrx_word' id='word_1_637' title='bbox 1085 1099 1145 1127; x_wconf 82' lang='lat' dir='ltr'><strong>pag.</strong></span> <span class='ocrx_word' id='word_1_638' title='bbox 1160 1091 1204 1118; x_wconf 73' lang='grc'><strong>52.</strong></span> 
     </span>
    </p>
   </div>
   <div class='ocr_carea' id='block_1_83' title="bbox 990 1134 1766 1171">
    <p class='ocr_par' dir='ltr' id='par_1_83' title="bbox 990 1134 1766 1171">
     <span class='ocr_line' id='line_1_83' title="bbox 990 1134 1766 1171; baseline 0.001 -7"><span class='ocrx_word' id='word_1_639' title='bbox 990 1134 999 1139; x_wconf 80' lang='grc'><em>”</em></span> <span class='ocrx_word' id='word_1_640' title='bbox 1012 1137 1098 1165; x_wconf 82' lang='lat' dir='ltr'><strong>Paris.</strong></span> <span class='ocrx_word' id='word_1_641' title='bbox 1115 1138 1195 1169; x_wconf 75' lang='grc'><strong>1575,</strong></span> <span class='ocrx_word' id='word_1_642' title='bbox 1214 1138 1274 1170; x_wconf 86' lang='lat' dir='ltr'><strong>l&#39;ol.,</strong></span> <span class='ocrx_word' id='word_1_643' title='bbox 1289 1137 1311 1165; x_wconf 85' lang='lat' dir='ltr'><strong>ll</strong></span> <span class='ocrx_word' id='word_1_644' title='bbox 1331 1137 1529 1171; x_wconf 85' lang='lat' dir='ltr'><strong>voluminibus,</strong></span> <span class='ocrx_word' id='word_1_645' title='bbox 1547 1138 1678 1167; x_wconf 81' lang='lat' dir='ltr'><strong>Gentiano</strong></span> <span class='ocrx_word' id='word_1_646' title='bbox 1697 1139 1766 1166; x_wconf 85' lang='lat' dir='ltr'><strong>Iler-</strong></span> 
     </span>
    </p>
   </div>
   <div class='ocr_carea' id='block_1_84' title="bbox 975 1183 1767 1221">
    <p class='ocr_par' dir='ltr' id='par_1_84' title="bbox 975 1183 1767 1221">
     <span class='ocr_line' id='line_1_84' title="bbox 975 1183 1767 1221; baseline 0.001 -10"><span class='ocrx_word' id='word_1_647' title='bbox 975 1189 1032 1211; x_wconf 74' lang='lat' dir='ltr'><strong>veto</strong></span> <span class='ocrx_word' id='word_1_648' title='bbox 1055 1188 1169 1211; x_wconf 80' lang='lat' dir='ltr'><strong>curante</strong></span> <span class='ocrx_word' id='word_1_649' title='bbox 1189 1184 1238 1219; x_wconf 89' lang='lat' dir='ltr'><strong>(b),</strong></span> <span class='ocrx_word' id='word_1_650' title='bbox 1256 1191 1317 1219; x_wconf 66' lang='lat' dir='ltr'><strong>quae</strong></span> <span class='ocrx_word' id='word_1_651' title='bbox 1328 1183 1414 1211; x_wconf 90' lang='lat' dir='ltr'><strong>editio</strong></span> <span class='ocrx_word' id='word_1_652' title='bbox 1431 1192 1446 1212; x_wconf 86' lang='lat' dir='ltr'><strong>a</strong></span> <span class='ocrx_word' id='word_1_653' title='bbox 1468 1184 1617 1212; x_wconf 85' lang='lat' dir='ltr'><strong>Possevino</strong></span> <span class='ocrx_word' id='word_1_654' title='bbox 1636 1185 1662 1212; x_wconf 91' lang='lat' dir='ltr'><strong>in</strong></span> <span class='ocrx_word' id='word_1_655' title='bbox 1677 1185 1767 1221; x_wconf 80' lang='lat' dir='ltr'><strong>Appa-</strong></span> 
     </span>
    </p>
   </div>
   <div class='ocr_carea' id='block_1_85' title="bbox 976 1230 1767 1267">
    <p class='ocr_par' dir='ltr' id='par_1_85' title="bbox 976 1230 1767 1267">
     <span class='ocr_line' id='line_1_85' title="bbox 976 1230 1767 1267; baseline 0.003 -10"><span class='ocrx_word' id='word_1_656' title='bbox 976 1235 1036 1257; x_wconf 82' lang='lat' dir='ltr'><strong>ratu</strong></span> <span class='ocrx_word' id='word_1_657' title='bbox 1060 1239 1137 1258; x_wconf 76' lang='lat' dir='ltr'><strong>sacro</strong></span> <span class='ocrx_word' id='word_1_658' title='bbox 1167 1235 1339 1259; x_wconf 85' lang='lat' dir='ltr'><strong>recensetur.</strong></span> <span class='ocrx_word' id='word_1_659' title='bbox 1363 1230 1416 1258; x_wconf 84' lang='lat' dir='ltr'><strong>Sed</strong></span> <span class='ocrx_word' id='word_1_660' title='bbox 1437 1231 1544 1266; x_wconf 86' lang='lat' dir='ltr'><strong>plenior</strong></span> <span class='ocrx_word' id='word_1_661' title='bbox 1562 1231 1701 1267; x_wconf 87' lang='lat' dir='ltr'><strong>prioribus</strong></span> <span class='ocrx_word' id='word_1_662' title='bbox 1724 1236 1767 1259; x_wconf 85' lang='lat' dir='ltr'><strong>est</strong></span> 
     </span>
    </p>
   </div>
   <div class='ocr_carea' id='block_1_86' title="bbox 975 1277 1767 1313">
    <p class='ocr_par' dir='ltr' id='par_1_86' title="bbox 975 1277 1767 1313">
     <span class='ocr_line' id='line_1_86' title="bbox 975 1277 1767 1313; baseline 0.003 -9"><span class='ocrx_word' id='word_1_663' title='bbox 975 1278 1110 1312; x_wconf 82' lang='lat' dir='ltr'><strong>posterior</strong></span> <span class='ocrx_word' id='word_1_664' title='bbox 1120 1277 1282 1305; x_wconf 87' lang='lat' dir='ltr'><strong>Parisiensis</strong></span> <span class='ocrx_word' id='word_1_665' title='bbox 1298 1285 1323 1305; x_wconf 86' lang='lat' dir='ltr'><strong>a.</strong></span> <span class='ocrx_word' id='word_1_666' title='bbox 1339 1277 1418 1310; x_wconf 78' lang='lat' dir='ltr'><strong>i605,</strong></span> <span class='ocrx_word' id='word_1_667' title='bbox 1442 1277 1464 1304; x_wconf 88' lang='lat' dir='ltr'><strong>II</strong></span> <span class='ocrx_word' id='word_1_668' title='bbox 1479 1278 1545 1311; x_wconf 87' lang='lat' dir='ltr'><strong>vol.,</strong></span> <span class='ocrx_word' id='word_1_669' title='bbox 1565 1286 1646 1312; x_wconf 87' lang='lat' dir='ltr'><strong>quam</strong></span> <span class='ocrx_word' id='word_1_670' title='bbox 1670 1285 1767 1313; x_wconf 86' lang='lat' dir='ltr'><strong>persc-</strong></span> 
     </span>
    </p>
   </div>
   <div class='ocr_carea' id='block_1_87' title="bbox 975 1323 1766 1361">
    <p class='ocr_par' dir='ltr' id='par_1_87' title="bbox 975 1323 1766 1361">
     <span class='ocr_line' id='line_1_87' title="bbox 975 1323 1766 1361; baseline 0.003 -11"><span class='ocrx_word' id='word_1_671' title='bbox 975 1324 1070 1358; x_wconf 88' lang='lat' dir='ltr'><strong>quitur</strong></span> <span class='ocrx_word' id='word_1_672' title='bbox 1080 1323 1265 1350; x_wconf 73' lang='lat' dir='ltr'><strong>Bellarminus</strong></span> <span class='ocrx_word' id='word_1_673' title='bbox 1275 1323 1314 1350; x_wconf 85' lang='lat' dir='ltr'><strong>De</strong></span> <span class='ocrx_word' id='word_1_674' title='bbox 1329 1323 1358 1351; x_wconf 90' lang='lat' dir='ltr'><strong>S.</strong></span> <span class='ocrx_word' id='word_1_675' title='bbox 1375 1323 1421 1357; x_wconf 81' lang='lat' dir='ltr'><strong>E.,-</strong></span> <span class='ocrx_word' id='word_1_676' title='bbox 1437 1324 1465 1350; x_wconf 93' lang='lat' dir='ltr'><strong>in</strong></span> <span class='ocrx_word' id='word_1_677' title='bbox 1482 1324 1527 1351; x_wconf 84' lang='lat' dir='ltr'><strong>illa</strong></span> <span class='ocrx_word' id='word_1_678' title='bbox 1542 1324 1615 1352; x_wconf 90' lang='lat' dir='ltr'><strong>enim</strong></span> <span class='ocrx_word' id='word_1_679' title='bbox 1627 1325 1766 1361; x_wconf 77' lang='lat' dir='ltr'><strong>Glaphyro</strong></span> 
     </span>
    </p>
   </div>
   <div class='ocr_carea' id='block_1_88' title="bbox 975 1370 1766 1404">
    <p class='ocr_par' dir='ltr' id='par_1_88' title="bbox 975 1370 1766 1404">
     <span class='ocr_line' id='line_1_88' title="bbox 975 1370 1766 1404; baseline 0.004 -7"><span class='ocrx_word' id='word_1_680' title='bbox 975 1371 1002 1397; x_wconf 89' lang='lat' dir='ltr'><strong>in</strong></span> <span class='ocrx_word' id='word_1_681' title='bbox 1023 1370 1233 1398; x_wconf 83' lang='lat' dir='ltr'><strong>Pentateuchum</strong></span> <span class='ocrx_word' id='word_1_682' title='bbox 1254 1379 1287 1398; x_wconf 84' lang='lat' dir='ltr'><strong>ex</strong></span> <span class='ocrx_word' id='word_1_683' title='bbox 1306 1370 1339 1398; x_wconf 84' lang='lat' dir='ltr'><strong>A.</strong></span> <span class='ocrx_word' id='word_1_684' title='bbox 1363 1370 1469 1398; x_wconf 90' lang='lat' dir='ltr'><strong>Schotti</strong></span> <span class='ocrx_word' id='word_1_685' title='bbox 1495 1372 1631 1404; x_wconf 83' lang='lat' dir='ltr'><strong>versione,</strong></span> <span class='ocrx_word' id='word_1_686' title='bbox 1655 1377 1684 1400; x_wconf 86' lang='lat' dir='ltr'><strong>et</strong></span> <span class='ocrx_word' id='word_1_687' title='bbox 1702 1373 1766 1400; x_wconf 86' lang='lat' dir='ltr'><strong>libri</strong></span> 
     </span>
    </p>
   </div>
   <div class='ocr_carea' id='block_1_89' title="bbox 977 1417 1766 1453">
    <p class='ocr_par' dir='ltr' id='par_1_89' title="bbox 977 1417 1766 1453">
     <span class='ocr_line' id='line_1_89' title="bbox 977 1417 1766 1453; baseline 0.004 -10"><span class='ocrx_word' id='word_1_688' title='bbox 977 1417 1143 1452; x_wconf 85' lang='lat' dir='ltr'><strong>posteriores</strong></span> <span class='ocrx_word' id='word_1_689' title='bbox 1160 1417 1219 1444; x_wconf 77' lang='lat' dir='ltr'><strong>XVI</strong></span> <span class='ocrx_word' id='word_1_690' title='bbox 1234 1417 1272 1444; x_wconf 84' lang='lat' dir='ltr'><strong>De</strong></span> <span class='ocrx_word' id='word_1_691' title='bbox 1287 1417 1444 1445; x_wconf 85' lang='lat' dir='ltr'><strong>adoratione</strong></span> <span class='ocrx_word' id='word_1_692' title='bbox 1458 1418 1485 1445; x_wconf 81' lang='lat' dir='ltr'><strong>in</strong></span> <span class='ocrx_word' id='word_1_693' title='bbox 1509 1418 1604 1453; x_wconf 84' lang='lat' dir='ltr'><strong>spiritu</strong></span> <span class='ocrx_word' id='word_1_694' title='bbox 1619 1423 1644 1445; x_wconf 88' lang='lat' dir='ltr'><strong>et</strong></span> <span class='ocrx_word' id='word_1_695' title='bbox 1656 1420 1766 1446; x_wconf 78' lang='lat' dir='ltr'><strong>ueritate</strong></span> 
     </span>
    </p>
   </div>
   <div class='ocr_carea' id='block_1_90' title="bbox 976 1461 1766 1498">
    <p class='ocr_par' dir='ltr' id='par_1_90' title="bbox 976 1461 1766 1498">
     <span class='ocr_line' id='line_1_90' title="bbox 976 1461 1766 1498; baseline 0.001 -10"><span class='ocrx_word' id='word_1_696' title='bbox 976 1470 1008 1489; x_wconf 73' lang='lat' dir='ltr'><strong>ex</strong></span> <span class='ocrx_word' id='word_1_697' title='bbox 1046 1461 1277 1496; x_wconf 81' lang='lat' dir='ltr'><strong>interpretatione</strong></span> <span class='ocrx_word' id='word_1_698' title='bbox 1301 1461 1413 1488; x_wconf 80' lang='lat' dir='ltr'><strong>Antonii</strong></span> <span class='ocrx_word' id='word_1_699' title='bbox 1437 1461 1547 1497; x_wconf 76' lang='lat' dir='ltr'><strong>Agellii,</strong></span> <span class='ocrx_word' id='word_1_700' title='bbox 1576 1469 1612 1489; x_wconf 90' lang='lat' dir='ltr'><strong>ne</strong></span> <span class='ocrx_word' id='word_1_701' title='bbox 1638 1462 1691 1489; x_wconf 82' lang='lat' dir='ltr'><strong>alia</strong></span> <span class='ocrx_word' id='word_1_702' title='bbox 1710 1463 1766 1498; x_wconf 78' lang='lat' dir='ltr'><strong>jam</strong></span> 
     </span>
    </p>
   </div>
   <div class='ocr_carea' id='block_1_91' title="bbox 977 1515 1312 1539">
    <p class='ocr_par' dir='ltr' id='par_1_91' title="bbox 977 1515 1312 1539">
     <span class='ocr_line' id='line_1_91' title="bbox 977 1515 1312 1539; baseline -0.003 -4"><span class='ocrx_word' id='word_1_703' title='bbox 977 1515 1139 1539; x_wconf 77' lang='lat' dir='ltr'><strong>memorem,</strong></span> <span class='ocrx_word' id='word_1_704' title='bbox 1160 1515 1312 1535; x_wconf 75' lang='lat' dir='ltr'><strong>accessero.</strong></span> 
     </span>
    </p>
   </div>
   <div class='ocr_carea' id='block_1_92' title="bbox 1142 1545 1509 1582">
    <p class='ocr_par' dir='ltr' id='par_1_92' title="bbox 1142 1545 1509 1582">
     <span class='ocr_line' id='line_1_92' title="bbox 1142 1545 1509 1582; baseline 0.003 -2"><span class='ocrx_word' id='word_1_705' title='bbox 1142 1545 1144 1547; x_wconf 54' lang='grc'><em>’</em></span> <span class='ocrx_word' id='word_1_706' title='bbox 1187 1553 1276 1580; x_wconf 86' lang='lat' dir='ltr'><strong>Edilio</strong></span> <span class='ocrx_word' id='word_1_707' title='bbox 1296 1553 1509 1582; x_wconf 72' lang='lat' dir='ltr'><strong>Gnaeo-Latina.</strong></span> 
     </span>
    </p>
   </div>
   <div class='ocr_carea' id='block_1_93' title="bbox 1011 1599 1766 1636">
    <p class='ocr_par' dir='ltr' id='par_1_93' title="bbox 1011 1599 1766 1636">
     <span class='ocr_line' id='line_1_93' title="bbox 1011 1599 1766 1636; baseline 0.004 -10"><span class='ocrx_word' id='word_1_708' title='bbox 1011 1600 1094 1627; x_wconf 84' lang='lat' dir='ltr'><strong>Unica</strong></span> <span class='ocrx_word' id='word_1_709' title='bbox 1120 1600 1230 1627; x_wconf 84' lang='lat' dir='ltr'><strong>Joannis</strong></span> <span class='ocrx_word' id='word_1_710' title='bbox 1257 1599 1375 1632; x_wconf 82' lang='lat' dir='ltr'><strong>Auberti,</strong></span> <span class='ocrx_word' id='word_1_711' title='bbox 1394 1599 1586 1627; x_wconf 80' lang='lat' dir='ltr'><strong>Laudunensis</strong></span> <span class='ocrx_word' id='word_1_712' title='bbox 1595 1600 1766 1636; x_wconf 76' lang='lat' dir='ltr'><strong>presbyteri.</strong></span> 
     </span>
    </p>
   </div>
   <div class='ocr_carea' id='block_1_94' title="bbox 976 1645 1768 1681">
    <p class='ocr_par' dir='ltr' id='par_1_94' title="bbox 976 1645 1768 1681">
     <span class='ocr_line' id='line_1_94' title="bbox 976 1645 1768 1681; baseline 0 -8"><span class='ocrx_word' id='word_1_713' title='bbox 976 1646 1101 1674; x_wconf 80' lang='lat' dir='ltr'><strong>canonici</strong></span> <span class='ocrx_word' id='word_1_714' title='bbox 1115 1649 1144 1672; x_wconf 86' lang='lat' dir='ltr'><strong>et</strong></span> <span class='ocrx_word' id='word_1_715' title='bbox 1164 1645 1191 1672; x_wconf 90' lang='lat' dir='ltr'><strong>in</strong></span> <span class='ocrx_word' id='word_1_716' title='bbox 1210 1645 1305 1672; x_wconf 84' lang='lat' dir='ltr'><strong>schola</strong></span> <span class='ocrx_word' id='word_1_717' title='bbox 1330 1645 1417 1672; x_wconf 81' lang='lat' dir='ltr'><strong>Paris.</strong></span> <span class='ocrx_word' id='word_1_718' title='bbox 1444 1645 1636 1673; x_wconf 81' lang='lat' dir='ltr'><strong>Laudunensis</strong></span> <span class='ocrx_word' id='word_1_719' title='bbox 1658 1645 1768 1681; x_wconf 73' lang='lat' dir='ltr'><strong>collegii</strong></span> 
     </span>
    </p>
   </div>
   <div class='ocr_carea' id='block_1_95' title="bbox 976 1691 1766 1727">
    <p class='ocr_par' dir='ltr' id='par_1_95' title="bbox 976 1691 1766 1727">
     <span class='ocr_line' id='line_1_95' title="bbox 976 1691 1766 1727; baseline 0.001 -9"><span class='ocrx_word' id='word_1_720' title='bbox 976 1692 1099 1727; x_wconf 77' lang='lat' dir='ltr'><strong>magistri</strong></span> <span class='ocrx_word' id='word_1_721' title='bbox 1119 1696 1200 1726; x_wconf 86' lang='lat' dir='ltr'><strong>atque</strong></span> <span class='ocrx_word' id='word_1_722' title='bbox 1219 1691 1378 1726; x_wconf 84' lang='lat' dir='ltr'><strong>interpretis</strong></span> <span class='ocrx_word' id='word_1_723' title='bbox 1396 1691 1474 1726; x_wconf 79' lang='lat' dir='ltr'><strong>regii,</strong></span> <span class='ocrx_word' id='word_1_724' title='bbox 1498 1691 1583 1719; x_wconf 80' lang='lat' dir='ltr'><strong>Paris.</strong></span> <span class='ocrx_word' id='word_1_725' title='bbox 1601 1691 1683 1723; x_wconf 77' lang='grc'>1658,</span> <span class='ocrx_word' id='word_1_726' title='bbox 1705 1691 1766 1725; x_wconf 82' lang='lat' dir='ltr'><strong>fol.,</strong></span> 
     </span>
    </p>
   </div>
   <div class='ocr_carea' id='block_1_96' title="bbox 976 1737 1767 1773">
    <p class='ocr_par' dir='ltr' id='par_1_96' title="bbox 976 1737 1767 1773">
     <span class='ocr_line' id='line_1_96' title="bbox 976 1737 1767 1773; baseline -0.001 -7"><span class='ocrx_word' id='word_1_727' title='bbox 976 1743 1081 1773; x_wconf 72' lang='lat' dir='ltr'><strong>septem</strong></span> <span class='ocrx_word' id='word_1_728' title='bbox 1096 1738 1293 1770; x_wconf 84' lang='lat' dir='ltr'><strong>voluminibus,</strong></span> <span class='ocrx_word' id='word_1_729' title='bbox 1309 1745 1391 1772; x_wconf 81' lang='lat' dir='ltr'><strong>quam</strong></span> <span class='ocrx_word' id='word_1_730' title='bbox 1401 1742 1462 1772; x_wconf 89' lang='lat' dir='ltr'><strong>post</strong></span> <span class='ocrx_word' id='word_1_731' title='bbox 1472 1737 1612 1764; x_wconf 78' lang='lat' dir='ltr'><strong>Labbeum</strong></span> <span class='ocrx_word' id='word_1_732' title='bbox 1631 1737 1767 1765; x_wconf 85' lang='lat' dir='ltr'><strong>Caveum-</strong></span> 
     </span>
    </p>
   </div>
   <div class='ocr_carea' id='block_1_97' title="bbox 976 1784 1766 1820">
    <p class='ocr_par' dir='ltr' id='par_1_97' title="bbox 976 1784 1766 1820">
     <span class='ocr_line' id='line_1_97' title="bbox 976 1784 1766 1820; baseline 0.001 -9"><span class='ocrx_word' id='word_1_733' title='bbox 976 1793 1029 1819; x_wconf 71' lang='lat' dir='ltr'><strong>que</strong></span> <span class='ocrx_word' id='word_1_734' title='bbox 1042 1785 1124 1820; x_wconf 80' lang='lat' dir='ltr'><strong>paulo</strong></span> <span class='ocrx_word' id='word_1_735' title='bbox 1141 1784 1300 1820; x_wconf 77' lang='lat' dir='ltr'><strong>diligentius</strong></span> <span class='ocrx_word' id='word_1_736' title='bbox 1317 1784 1387 1810; x_wconf 79' lang='lat' dir='ltr'><strong>infra</strong></span> <span class='ocrx_word' id='word_1_737' title='bbox 1403 1784 1539 1811; x_wconf 83' lang='lat' dir='ltr'><strong>recensui.</strong></span> <span class='ocrx_word' id='word_1_738' title='bbox 1562 1784 1642 1820; x_wconf 77' lang='lat' dir='ltr'><strong>[Add.</strong></span> <span class='ocrx_word' id='word_1_739' title='bbox 1664 1784 1766 1812; x_wconf 87' lang='lat' dir='ltr'><strong>Oudin.</strong></span> 
     </span>
    </p>
   </div>
   <div class='ocr_carea' id='block_1_98' title="bbox 976 1829 1766 1866">
    <p class='ocr_par' dir='ltr' id='par_1_98' title="bbox 976 1829 1766 1866">
     <span class='ocr_line' id='line_1_98' title="bbox 976 1829 1766 1866; baseline 0.004 -9"><span class='ocrx_word' id='word_1_740' title='bbox 976 1830 1135 1862; x_wconf 76' lang='lat' dir='ltr'><strong>Comment.,</strong></span> <span class='ocrx_word' id='word_1_741' title='bbox 1150 1831 1171 1862; x_wconf 86' lang='lat' dir='ltr'><strong>l,</strong></span> <span class='ocrx_word' id='word_1_742' title='bbox 1184 1830 1237 1858; x_wconf 90' lang='lat' dir='ltr'><strong>col.</strong></span> <span class='ocrx_word' id='word_1_743' title='bbox 1250 1829 1410 1862; x_wconf 72' lang='lat'><strong>1012-1050,</strong></span> <span class='ocrx_word' id='word_1_744' title='bbox 1424 1830 1471 1865; x_wconf 84' lang='lat' dir='ltr'><strong>qui</strong></span> <span class='ocrx_word' id='word_1_745' title='bbox 1485 1830 1519 1857; x_wconf 85' lang='lat' dir='ltr'><strong>de</strong></span> <span class='ocrx_word' id='word_1_746' title='bbox 1539 1830 1654 1866; x_wconf 76' lang='lat' dir='ltr'><strong>singulis</strong></span> <span class='ocrx_word' id='word_1_747' title='bbox 1669 1839 1766 1866; x_wconf 84' lang='lat' dir='ltr'><strong>opusc.</strong></span> 
     </span>
    </p>
   </div>
   <div class='ocr_carea' id='block_1_99' title="bbox 974 1875 1235 1912">
    <p class='ocr_par' dir='ltr' id='par_1_99' title="bbox 974 1875 1235 1912">
     <span class='ocr_line' id='line_1_99' title="bbox 974 1875 1235 1912; baseline -0.004 -8"><span class='ocrx_word' id='word_1_748' title='bbox 974 1877 1080 1912; x_wconf 86' lang='lat' dir='ltr'><strong>judicat</strong></span> <span class='ocrx_word' id='word_1_749' title='bbox 1097 1875 1235 1912; x_wconf 84' lang='lat' dir='ltr'><strong>uberius.]</strong></span> 
     </span>
    </p>
   </div>
   <div class='ocr_carea' id='block_1_100' title="bbox 1234 1921 1531 1956">
    <p class='ocr_par' dir='ltr' id='par_1_100' title="bbox 1234 1921 1531 1956">
     <span class='ocr_line' id='line_1_100' title="bbox 1234 1921 1531 1956; baseline 0 -8"><span class='ocrx_word' id='word_1_750' title='bbox 1234 1921 1370 1948; x_wconf 77' lang='lat' dir='ltr'><strong>Editiones</strong></span> <span class='ocrx_word' id='word_1_751' title='bbox 1386 1921 1531 1956; x_wconf 44' lang='lat' dir='ltr'><strong>promissor.</strong></span> 
     </span>
    </p>
   </div>
   <div class='ocr_carea' id='block_1_101' title="bbox 1013 1967 1767 1996">
    <p class='ocr_par' dir='ltr' id='par_1_101' title="bbox 1013 1967 1767 1996">
     <span class='ocr_line' id='line_1_101' title="bbox 1013 1967 1767 1996; baseline 0 -1"><span class='ocrx_word' id='word_1_752' title='bbox 1013 1969 1037 1996; x_wconf 88' lang='lat' dir='ltr'><strong>i.</strong></span> <span class='ocrx_word' id='word_1_753' title='bbox 1054 1968 1246 1996; x_wconf 74' lang='lat' dir='ltr'><strong>Bonaventurw</strong></span> <span class='ocrx_word' id='word_1_754' title='bbox 1267 1967 1395 1994; x_wconf 84' lang='lat' dir='ltr'><strong>Valcanii.</strong></span> <span class='ocrx_word' id='word_1_755' title='bbox 1414 1967 1551 1994; x_wconf 79' lang='lat' dir='ltr'><strong>Abraham</strong></span> <span class='ocrx_word' id='word_1_756' title='bbox 1577 1967 1717 1995; x_wconf 80' lang='lat' dir='ltr'><strong>Scultetus</strong></span> <span class='ocrx_word' id='word_1_757' title='bbox 1739 1967 1767 1996; x_wconf 84' lang='lat' dir='ltr'><strong>in</strong></span> 
     </span>
    </p>
   </div>
   <div class='ocr_carea' id='block_1_102' title="bbox 976 2013 1766 2048">
    <p class='ocr_par' dir='ltr' id='par_1_102' title="bbox 976 2013 1766 2048">
     <span class='ocr_line' id='line_1_102' title="bbox 976 2013 1766 2048; baseline -0.004 -6"><span class='ocrx_word' id='word_1_758' title='bbox 976 2015 1132 2042; x_wconf 81' lang='lat' dir='ltr'><strong>narratione</strong></span> <span class='ocrx_word' id='word_1_759' title='bbox 1146 2014 1182 2041; x_wconf 88' lang='lat' dir='ltr'><strong>De</strong></span> <span class='ocrx_word' id='word_1_760' title='bbox 1211 2015 1263 2041; x_wconf 85' lang='lat' dir='ltr'><strong>vita</strong></span> <span class='ocrx_word' id='word_1_761' title='bbox 1286 2022 1346 2045; x_wconf 83' lang='lat' dir='ltr'><strong>sua,</strong></span> <span class='ocrx_word' id='word_1_762' title='bbox 1370 2021 1431 2048; x_wconf 70' lang='lat' dir='ltr'><strong>pag.</strong></span> <span class='ocrx_word' id='word_1_763' title='bbox 1499 2022 1505 2039; x_wconf 89' lang='lat'><strong>:</strong></span> <span class='ocrx_word' id='word_1_764' title='bbox 1523 2013 1618 2045; x_wconf 61' lang='lat' dir='ltr'><strong>Laida,</strong></span> <span class='ocrx_word' id='word_1_765' title='bbox 1641 2023 1667 2041; x_wconf 82' lang='grc' dir='ltr'><strong>(ι.</strong></span> <span class='ocrx_word' id='word_1_766' title='bbox 1686 2013 1766 2045; x_wconf 75' lang='grc'>1612,</span> 
     </span>
    </p>
   </div>
   <div class='ocr_carea' id='block_1_103' title="bbox 976 2058 1767 2093">
    <p class='ocr_par' dir='ltr' id='par_1_103' title="bbox 976 2058 1767 2093">
     <span class='ocr_line' id='line_1_103' title="bbox 976 2058 1767 2093; baseline -0.003 -6"><span class='ocrx_word' id='word_1_767' title='bbox 976 2062 1091 2087; x_wconf 76' lang='lat' dir='ltr'><strong>maxime</strong></span> <span class='ocrx_word' id='word_1_768' title='bbox 1114 2067 1154 2086; x_wconf 87' lang='lat' dir='ltr'><strong>me</strong></span> <span class='ocrx_word' id='word_1_769' title='bbox 1170 2059 1332 2086; x_wconf 80' lang='lat' dir='ltr'><strong>oblectabam</strong></span> <span class='ocrx_word' id='word_1_770' title='bbox 1351 2059 1467 2093; x_wconf 87' lang='lat' dir='ltr'><strong>alloquio</strong></span> <span class='ocrx_word' id='word_1_771' title='bbox 1488 2058 1700 2085; x_wconf 85' lang='lat' dir='ltr'><strong>clarissimorum</strong></span> <span class='ocrx_word' id='word_1_772' title='bbox 1726 2060 1767 2085; x_wconf 78' lang='lat' dir='ltr'><strong>vi-</strong></span> 
     </span>
    </p>
   </div>
   <div class='ocr_carea' id='block_1_104' title="bbox 978 2104 1766 2139">
    <p class='ocr_par' dir='ltr' id='par_1_104' title="bbox 978 2104 1766 2139">
     <span class='ocr_line' id='line_1_104' title="bbox 978 2104 1766 2139; baseline -0.003 -6"><span class='ocrx_word' id='word_1_773' title='bbox 978 2115 1078 2138; x_wconf 85' lang='lat' dir='ltr'><strong>rorum,</strong></span> <span class='ocrx_word' id='word_1_774' title='bbox 1097 2110 1120 2132; x_wconf 88' lang='lat' dir='ltr'><strong>et</strong></span> <span class='ocrx_word' id='word_1_775' title='bbox 1146 2106 1215 2132; x_wconf 80' lang='lat' dir='ltr'><strong>inter</strong></span> <span class='ocrx_word' id='word_1_776' title='bbox 1235 2105 1302 2132; x_wconf 84' lang='lat' dir='ltr'><strong>alios</strong></span> <span class='ocrx_word' id='word_1_777' title='bbox 1319 2105 1514 2132; x_wconf 70' lang='lat' dir='ltr'><strong>Bonaventura:</strong></span> <span class='ocrx_word' id='word_1_778' title='bbox 1535 2104 1665 2136; x_wconf 78' lang='lat' dir='ltr'><strong>Vulcanii,</strong></span> <span class='ocrx_word' id='word_1_779' title='bbox 1688 2113 1766 2139; x_wconf 83' lang='lat' dir='ltr'><strong>quem</strong></span> 
     </span>
    </p>
   </div>
   <div class='ocr_carea' id='block_1_105' title="bbox 976 2151 1766 2186">
    <p class='ocr_par' dir='ltr' id='par_1_105' title="bbox 976 2151 1766 2186">
     <span class='ocr_line' id='line_1_105' title="bbox 976 2151 1766 2186; baseline -0.005 -6"><span class='ocrx_word' id='word_1_780' title='bbox 976 2161 1064 2180; x_wconf 79' lang='lat' dir='ltr'><strong>senem</strong></span> <span class='ocrx_word' id='word_1_781' title='bbox 1086 2152 1228 2180; x_wconf 86' lang='lat' dir='ltr'><strong>admodum</strong></span> <span class='ocrx_word' id='word_1_782' title='bbox 1240 2151 1313 2178; x_wconf 76' lang='lat' dir='ltr'><strong>sellm</strong></span> <span class='ocrx_word' id='word_1_783' title='bbox 1327 2151 1444 2186; x_wconf 76' lang='lat' dir='ltr'><strong>a/ﬁxum.</strong></span> <span class='ocrx_word' id='word_1_784' title='bbox 1463 2155 1486 2176; x_wconf 90' lang='lat' dir='ltr'><strong>et</strong></span> <span class='ocrx_word' id='word_1_785' title='bbox 1507 2151 1626 2178; x_wconf 74' lang='lat' dir='ltr'><strong>amnibus</strong></span> <span class='ocrx_word' id='word_1_786' title='bbox 1644 2151 1766 2186; x_wconf 85' lang='lat' dir='ltr'><strong>pedibus-</strong></span> 
     </span>
    </p>
   </div>
   <div class='ocr_carea' id='block_1_106' title="bbox 979 2197 1768 2235">
    <p class='ocr_par' dir='ltr' id='par_1_106' title="bbox 979 2197 1768 2235">
     <span class='ocr_line' id='line_1_106' title="bbox 979 2197 1768 2235; baseline -0.004 -9"><span class='ocrx_word' id='word_1_787' title='bbox 979 2207 1028 2235; x_wconf 87' lang='lat' dir='ltr'><strong>que</strong></span> <span class='ocrx_word' id='word_1_788' title='bbox 1041 2203 1147 2234; x_wconf 87' lang='lat' dir='ltr'><strong>captum</strong></span> <span class='ocrx_word' id='word_1_789' title='bbox 1161 2199 1257 2225; x_wconf 77' lang='lat' dir='ltr'><strong>inveni.</strong></span> <span class='ocrx_word' id='word_1_790' title='bbox 1274 2197 1436 2224; x_wconf 84' lang='lat' dir='ltr'><strong>Promiserat</strong></span> <span class='ocrx_word' id='word_1_791' title='bbox 1460 2197 1504 2223; x_wconf 85' lang='lat' dir='ltr'><strong>ille</strong></span> <span class='ocrx_word' id='word_1_792' title='bbox 1520 2198 1630 2232; x_wconf 85' lang='lat' dir='ltr'><strong>triginta</strong></span> <span class='ocrx_word' id='word_1_793' title='bbox 1652 2202 1768 2232; x_wconf 84' lang='lat' dir='ltr'><strong>quatuor</strong></span> 
     </span>
    </p>
   </div>
   <div class='ocr_carea' id='block_1_107' title="bbox 977 2243 1766 2278">
    <p class='ocr_par' dir='ltr' id='par_1_107' title="bbox 977 2243 1766 2278">
     <span class='ocr_line' id='line_1_107' title="bbox 977 2243 1766 2278; baseline -0.003 -6"><span class='ocrx_word' id='word_1_794' title='bbox 977 2245 1053 2272; x_wconf 85' lang='lat' dir='ltr'><strong>annis</strong></span> <span class='ocrx_word' id='word_1_795' title='bbox 1075 2248 1136 2270; x_wconf 84' lang='lat' dir='ltr'><strong>ante</strong></span> <span class='ocrx_word' id='word_1_796' title='bbox 1151 2243 1184 2278; x_wconf 76' lang='grc' dir='ltr'><strong>(ε)</strong></span> <span class='ocrx_word' id='word_1_797' title='bbox 1200 2243 1339 2269; x_wconf 82' lang='lat' dir='ltr'><strong>editionem</strong></span> <span class='ocrx_word' id='word_1_798' title='bbox 1351 2243 1470 2269; x_wconf 86' lang='lat' dir='ltr'><strong>omnium</strong></span> <span class='ocrx_word' id='word_1_799' title='bbox 1485 2250 1593 2277; x_wconf 82' lang='lat' dir='ltr'><strong>operum</strong></span> <span class='ocrx_word' id='word_1_800' title='bbox 1613 2243 1766 2271; x_wconf 77' lang='lat' dir='ltr'><strong>Crtecorum</strong></span> 
     </span>
    </p>
   </div>
   <div class='ocr_carea' id='block_1_108' title="bbox 977 2288 1766 2327">
    <p class='ocr_par' dir='ltr' id='par_1_108' title="bbox 977 2288 1766 2327">
     <span class='ocr_line' id='line_1_108' title="bbox 977 2288 1766 2327; baseline -0.003 -9"><span class='ocrx_word' id='word_1_801' title='bbox 977 2291 1080 2327; x_wconf 79' lang='lat' dir='ltr'><strong>Cyrilli,</strong></span> <span class='ocrx_word' id='word_1_802' title='bbox 1095 2291 1220 2317; x_wconf 80' lang='lat' dir='ltr'><strong>hactenus</strong></span> <span class='ocrx_word' id='word_1_803' title='bbox 1235 2298 1252 2316; x_wconf 91' lang='lat' dir='ltr'><strong>a</strong></span> <span class='ocrx_word' id='word_1_804' title='bbox 1278 2288 1366 2316; x_wconf 83' lang='lat' dir='ltr'><strong>multis</strong></span> <span class='ocrx_word' id='word_1_805' title='bbox 1388 2288 1575 2315; x_wconf 76' lang='lat' dir='ltr'><strong>desideratam.</strong></span> <span class='ocrx_word' id='word_1_806' title='bbox 1602 2288 1678 2315; x_wconf 80' lang='lat' dir='ltr'><strong>Ilanc</strong></span> <span class='ocrx_word' id='word_1_807' title='bbox 1706 2298 1766 2316; x_wconf 77' lang='lat' dir='ltr'><strong>tum</strong></span> 
     </span>
    </p>
   </div>
   <div class='ocr_carea' id='block_1_109' title="bbox 978 2335 1766 2372">
    <p class='ocr_par' dir='ltr' id='par_1_109' title="bbox 978 2335 1766 2372">
     <span class='ocr_line' id='line_1_109' title="bbox 978 2335 1766 2372; baseline -0.001 -9"><span class='ocrx_word' id='word_1_808' title='bbox 978 2337 1079 2372; x_wconf 76' lang='lat' dir='ltr'><strong>frustra</strong></span> <span class='ocrx_word' id='word_1_809' title='bbox 1094 2338 1220 2364; x_wconf 74' lang='lat' dir='ltr'><strong>Itactenus</strong></span> <span class='ocrx_word' id='word_1_810' title='bbox 1240 2335 1350 2371; x_wconf 75' lang='lat' dir='ltr'><strong>singulis</strong></span> <span class='ocrx_word' id='word_1_811' title='bbox 1372 2335 1561 2371; x_wconf 75' lang='lat' dir='ltr'><strong>propemodum</strong></span> <span class='ocrx_word' id='word_1_812' title='bbox 1576 2336 1701 2363; x_wconf 80' lang='lat' dir='ltr'><strong>nundinis</strong></span> <span class='ocrx_word' id='word_1_813' title='bbox 1718 2344 1766 2363; x_wconf 79' lang='lat' dir='ltr'><strong>ex-</strong></span> 
     </span>
    </p>
   </div>
   <div class='ocr_carea' id='block_1_110' title="bbox 978 2381 1769 2418">
    <p class='ocr_par' dir='ltr' id='par_1_110' title="bbox 978 2381 1769 2418">
     <span class='ocr_line' id='line_1_110' title="bbox 978 2381 1769 2418; baseline 0 -9"><span class='ocrx_word' id='word_1_814' title='bbox 978 2386 1144 2418; x_wconf 77' lang='lat' dir='ltr'><strong>spectassem.</strong></span> <span class='ocrx_word' id='word_1_815' title='bbox 1162 2386 1185 2409; x_wconf 84' lang='lat' dir='ltr'><strong>et</strong></span> <span class='ocrx_word' id='word_1_816' title='bbox 1195 2382 1256 2417; x_wconf 83' lang='lat' dir='ltr'><strong>jam</strong></span> <span class='ocrx_word' id='word_1_817' title='bbox 1271 2390 1360 2408; x_wconf 86' lang='lat' dir='ltr'><strong>coram</strong></span> <span class='ocrx_word' id='word_1_818' title='bbox 1380 2382 1490 2413; x_wconf 72' lang='lat' dir='ltr'><strong>hominis</strong></span> <span class='ocrx_word' id='word_1_819' title='bbox 1512 2385 1617 2408; x_wconf 62' lang='lat' dir='ltr'><strong>a’tatem</strong></span> <span class='ocrx_word' id='word_1_820' title='bbox 1637 2381 1769 2409; x_wconf 76' lang='lat' dir='ltr'><strong>valetudi-</strong></span> 
     </span>
    </p>
   </div>
   <div class='ocr_carea' id='block_1_111' title="bbox 973 2439 1768 2474">
    <p class='ocr_par' dir='ltr' id='par_1_111' title="bbox 973 2439 1768 2474">
     <span class='ocr_line' id='line_1_111' title="bbox 973 2439 1768 2474; baseline 0 -8"><span class='ocrx_word' id='word_1_821' title='bbox 973 2440 1081 2466; x_wconf 69' lang='lat' dir='ltr'><strong>Lutetia</strong></span> <span class='ocrx_word' id='word_1_822' title='bbox 1099 2439 1188 2467; x_wconf 87' lang='lat' dir='ltr'><strong>edidit.</strong></span> <span class='ocrx_word' id='word_1_823' title='bbox 1208 2439 1291 2472; x_wconf 86' lang='lat' dir='ltr'><strong>Quem</strong></span> <span class='ocrx_word' id='word_1_824' title='bbox 1306 2439 1410 2474; x_wconf 78' lang='lat' dir='ltr'><strong>quidem</strong></span> <span class='ocrx_word' id='word_1_825' title='bbox 1423 2442 1557 2465; x_wconf 76' lang='lat' dir='ltr'><strong>auctorem</strong></span> <span class='ocrx_word' id='word_1_826' title='bbox 1569 2446 1629 2465; x_wconf 85' lang='lat' dir='ltr'><strong>cum</strong></span> <span class='ocrx_word' id='word_1_827' title='bbox 1648 2447 1768 2466; x_wconf 77' lang='lat' dir='ltr'><strong>summo-</strong></span> 
     </span>
    </p>
   </div>
   <div class='ocr_carea' id='block_1_112' title="bbox 972 2474 1767 2510">
    <p class='ocr_par' dir='ltr' id='par_1_112' title="bbox 972 2474 1767 2510">
     <span class='ocr_line' id='line_1_112' title="bbox 972 2474 1767 2510; baseline -0.001 -9"><span class='ocrx_word' id='word_1_828' title='bbox 972 2480 1206 2510; x_wconf 66' lang='lat' dir='ltr'><strong>perecorruptum</strong></span> <span class='ocrx_word' id='word_1_829' title='bbox 1224 2475 1381 2510; x_wconf 77' lang='lat' dir='ltr'><strong>habeamus,</strong></span> <span class='ocrx_word' id='word_1_830' title='bbox 1397 2481 1524 2510; x_wconf 76' lang='lat' dir='ltr'><strong>nemoque</strong></span> <span class='ocrx_word' id='word_1_831' title='bbox 1547 2474 1602 2510; x_wconf 64' lang='lat' dir='ltr'><strong>sit,</strong></span> <span class='ocrx_word' id='word_1_832' title='bbox 1621 2482 1653 2501; x_wconf 74' lang='lat' dir='ltr'><strong>ea:</strong></span> <span class='ocrx_word' id='word_1_833' title='bbox 1676 2476 1767 2501; x_wconf 89' lang='lat' dir='ltr'><strong>ortho-</strong></span> 
     </span>
    </p>
   </div>
   <div class='ocr_carea' id='block_1_113' title="bbox 972 2509 1768 2545">
    <p class='ocr_par' dir='ltr' id='par_1_113' title="bbox 972 2509 1768 2545">
     <span class='ocr_line' id='line_1_113' title="bbox 972 2509 1768 2545; baseline 0 -9"><span class='ocrx_word' id='word_1_834' title='bbox 972 2510 1047 2536; x_wconf 70' lang='lat' dir='ltr'><strong>doatis</strong></span> <span class='ocrx_word' id='word_1_835' title='bbox 1066 2511 1253 2545; x_wconf 76' lang='lat' dir='ltr'><strong>scriptoribus,</strong></span> <span class='ocrx_word' id='word_1_836' title='bbox 1281 2509 1326 2545; x_wconf 87' lang='lat' dir='ltr'><strong>qui</strong></span> <span class='ocrx_word' id='word_1_837' title='bbox 1348 2509 1450 2544; x_wconf 84' lang='lat' dir='ltr'><strong>majore</strong></span> <span class='ocrx_word' id='word_1_838' title='bbox 1476 2509 1653 2545; x_wconf 66' lang='lat' dir='ltr'><strong>recognitione</strong></span> <span class='ocrx_word' id='word_1_839' title='bbox 1681 2515 1768 2544; x_wconf 83' lang='lat' dir='ltr'><strong>egeat.</strong></span> 
     </span>
    </p>
   </div>
   <div class='ocr_carea' id='block_1_114' title="bbox 974 2544 1762 2580">
    <p class='ocr_par' dir='ltr' id='par_1_114' title="bbox 974 2544 1762 2580">
     <span class='ocr_line' id='line_1_114' title="bbox 974 2544 1762 2580; baseline -0.003 -8"><span class='ocrx_word' id='word_1_840' title='bbox 974 2544 1078 2572; x_wconf 84' lang='lat' dir='ltr'><strong>nullum</strong></span> <span class='ocrx_word' id='word_1_841' title='bbox 1093 2550 1180 2572; x_wconf 83' lang='lat' dir='ltr'><strong>tamen</strong></span> <span class='ocrx_word' id='word_1_842' title='bbox 1197 2545 1229 2572; x_wconf 84' lang='lat' dir='ltr'><strong>ab</strong></span> <span class='ocrx_word' id='word_1_843' title='bbox 1249 2544 1340 2580; x_wconf 75' lang='lat' dir='ltr'><strong>coqui</strong></span> <span class='ocrx_word' id='word_1_844' title='bbox 1355 2547 1413 2571; x_wconf 83' lang='lat' dir='ltr'><strong>eum</strong></span> <span class='ocrx_word' id='word_1_845' title='bbox 1428 2544 1556 2571; x_wconf 85' lang='lat' dir='ltr'><strong>edendum</strong></span> <span class='ocrx_word' id='word_1_846' title='bbox 1574 2545 1676 2571; x_wconf 78' lang='lat' dir='ltr'><strong>curavit</strong></span> <span class='ocrx_word' id='word_1_847' title='bbox 1688 2565 1695 2576; x_wconf 96' lang='lat'><strong>,</strong></span> <span class='ocrx_word' id='word_1_848' title='bbox 1709 2553 1762 2571; x_wconf 76' lang='lat' dir='ltr'><strong>ver-</strong></span> 
     </span>
    </p>
   </div>
   <div class='ocr_carea' id='block_1_115' title="bbox 974 2579 1770 2610">
    <p class='ocr_par' dir='ltr' id='par_1_115' title="bbox 974 2579 1770 2610">
     <span class='ocr_line' id='line_1_115' title="bbox 974 2579 1770 2610; baseline -0.003 -3"><span class='ocrx_word' id='word_1_849' title='bbox 974 2581 1034 2607; x_wconf 86' lang='lat' dir='ltr'><strong>bum</strong></span> <span class='ocrx_word' id='word_1_850' title='bbox 1052 2581 1222 2608; x_wconf 84' lang='lat' dir='ltr'><strong>immutatam</strong></span> <span class='ocrx_word' id='word_1_851' title='bbox 1241 2585 1287 2607; x_wconf 89' lang='lat' dir='ltr'><strong>aut</strong></span> <span class='ocrx_word' id='word_1_852' title='bbox 1303 2579 1448 2607; x_wconf 71' lang='lat' dir='ltr'><strong>correctum</strong></span> <span class='ocrx_word' id='word_1_853' title='bbox 1469 2579 1602 2610; x_wconf 69' lang='lat' dir='ltr'><strong>invenias,</strong></span> <span class='ocrx_word' id='word_1_854' title='bbox 1619 2587 1680 2606; x_wconf 83' lang='lat' dir='ltr'><strong>eum</strong></span> <span class='ocrx_word' id='word_1_855' title='bbox 1700 2580 1770 2606; x_wconf 76' lang='lat' dir='ltr'><strong>inte-</strong></span> 
     </span>
    </p>
   </div>
   <div class='ocr_carea' id='block_1_116' title="bbox 976 2614 1766 2651">
    <p class='ocr_par' dir='ltr' id='par_1_116' title="bbox 976 2614 1766 2651">
     <span class='ocr_line' id='line_1_116' title="bbox 976 2614 1766 2651; baseline -0.003 -9"><span class='ocrx_word' id='word_1_856' title='bbox 976 2617 1028 2643; x_wconf 91' lang='lat' dir='ltr'><strong>rim</strong></span> <span class='ocrx_word' id='word_1_857' title='bbox 1039 2617 1069 2646; x_wconf 73' lang='lat' dir='ltr'><strong>is</strong></span> <span class='ocrx_word' id='word_1_858' title='bbox 1083 2617 1172 2645; x_wconf 78' lang='lat' dir='ltr'><strong>omnia</strong></span> <span class='ocrx_word' id='word_1_859' title='bbox 1188 2616 1320 2651; x_wconf 2' lang='lat' dir='ltr'><strong>priorum)</strong></span> <span class='ocrx_word' id='word_1_860' title='bbox 1333 2615 1507 2650; x_wconf 80' lang='lat' dir='ltr'><strong>interpretum</strong></span> <span class='ocrx_word' id='word_1_861' title='bbox 1517 2614 1636 2651; x_wconf 59' lang='lat' dir='ltr'><strong>pentina</strong></span> <span class='ocrx_word' id='word_1_862' title='bbox 1648 2615 1766 2651; x_wconf 62' lang='lat' dir='ltr'><strong>suppri-</strong></span> 
     </span>
    </p>
   </div>
   <div class='ocr_carea' id='block_1_117' title="bbox 978 2649 1768 2687">
    <p class='ocr_par' dir='ltr' id='par_1_117' title="bbox 978 2649 1768 2687">
     <span class='ocr_line' id='line_1_117' title="bbox 978 2649 1768 2687; baseline -0.003 -9"><span class='ocrx_word' id='word_1_863' title='bbox 978 2656 1043 2685; x_wconf 86' lang='lat' dir='ltr'><strong>mat,</strong></span> <span class='ocrx_word' id='word_1_864' title='bbox 1065 2649 1195 2687; x_wconf 68' lang='lat' dir='ltr'><strong>totiusque</strong></span> <span class='ocrx_word' id='word_1_865' title='bbox 1212 2651 1297 2686; x_wconf 88' lang='lat' dir='ltr'><strong>operis</strong></span> <span class='ocrx_word' id='word_1_866' title='bbox 1313 2650 1416 2680; x_wconf 78' lang='lat' dir='ltr'><strong>laudent</strong></span> <span class='ocrx_word' id='word_1_867' title='bbox 1439 2649 1560 2677; x_wconf 78' lang='lat' dir='ltr'><strong>inaudita</strong></span> <span class='ocrx_word' id='word_1_868' title='bbox 1580 2649 1697 2686; x_wconf 72' lang='lat' dir='ltr'><strong>quadam</strong></span> <span class='ocrx_word' id='word_1_869' title='bbox 1716 2650 1768 2676; x_wconf 81' lang='lat' dir='ltr'><strong>im-</strong></span> 
     </span>
    </p>
   </div>
   <div class='ocr_carea' id='block_1_118' title="bbox 973 2683 1428 2722">
    <p class='ocr_par' dir='ltr' id='par_1_118' title="bbox 973 2683 1428 2722">
     <span class='ocr_line' id='line_1_118' title="bbox 973 2683 1428 2722; baseline -0.002 -9"><span class='ocrx_word' id='word_1_870' title='bbox 973 2683 1097 2722; x_wconf 75' lang='lat' dir='ltr'><strong>pudentia</strong></span> <span class='ocrx_word' id='word_1_871' title='bbox 1110 2683 1157 2714; x_wconf 82' lang='lat' dir='ltr'><strong>sibi</strong></span> <span class='ocrx_word' id='word_1_872' title='bbox 1169 2683 1289 2722; x_wconf 68' lang='lat' dir='ltr'><strong>vindicet.</strong></span> <span class='ocrx_word' id='word_1_873' title='bbox 1326 2720 1334 2722; x_wconf 95' lang='lat'><em>_</em></span> <span class='ocrx_word' id='word_1_874' title='bbox 1358 2720 1361 2722; x_wconf 95' lang='lat'><em>_</em></span> <span class='ocrx_word' id='word_1_875' title='bbox 1405 2686 1428 2722; x_wconf 59' lang='grc' dir='ltr'><strong>ς</strong></span> 
     </span>
    </p>
   </div>
   <div class='ocr_carea' id='block_1_119' title="bbox 1009 2717 1766 2757">
    <p class='ocr_par' dir='ltr' id='par_1_119' title="bbox 1009 2717 1766 2757">
     <span class='ocr_line' id='line_1_119' title="bbox 1009 2717 1766 2757; baseline -0.003 -9"><span class='ocrx_word' id='word_1_876' title='bbox 1009 2722 1043 2757; x_wconf 79' lang='grc' dir='ltr'><strong>(ο)</strong></span> <span class='ocrx_word' id='word_1_877' title='bbox 1053 2722 1202 2750; x_wconf 80' lang='lat' dir='ltr'><strong>Vulcanius</strong></span> <span class='ocrx_word' id='word_1_878' title='bbox 1214 2720 1336 2757; x_wconf 44' lang='grc' dir='ltr'><strong>ιιι-καλαί]</strong></span> <span class='ocrx_word' id='word_1_879' title='bbox 1348 2720 1508 2757; x_wconf 70' lang='lat' dir='ltr'><strong>Arriannm,</strong></span> <span class='ocrx_word' id='word_1_880' title='bbox 1522 2718 1628 2757; x_wconf 77' lang='lat' dir='ltr'><strong>editum</strong></span> <span class='ocrx_word' id='word_1_881' title='bbox 1638 2727 1665 2757; x_wconf 57' lang='lat'><strong>.1.</strong></span> <span class='ocrx_word' id='word_1_882' title='bbox 1678 2717 1743 2757; x_wconf 66' lang='lat' dir='ltr'><strong>i575</strong></span> <span class='ocrx_word' id='word_1_883' title='bbox 1757 2727 1766 2746; x_wconf 88' lang='lat'><strong>:</strong></span> 
     </span>
    </p>
   </div>
   <div class='ocr_carea' id='block_1_120' title="bbox 973 2754 1769 2793">
    <p class='ocr_par' dir='ltr' id='par_1_120' title="bbox 973 2754 1769 2793">
     <span class='ocr_line' id='line_1_120' title="bbox 973 2754 1769 2793; baseline -0.008 -8"><span class='ocrx_word' id='word_1_884' title='bbox 973 2754 1092 2793; x_wconf 73' lang='lat' dir='ltr'><strong>Seposito</strong></span> <span class='ocrx_word' id='word_1_885' title='bbox 1113 2766 1126 2784; x_wconf 89' lang='lat' dir='ltr'><strong>e</strong></span> <span class='ocrx_word' id='word_1_886' title='bbox 1144 2754 1265 2793; x_wconf 77' lang='lat' dir='ltr'><strong>manibus</strong></span> <span class='ocrx_word' id='word_1_887' title='bbox 1279 2755 1389 2793; x_wconf 79' lang='lat' dir='ltr'><strong>Cyrillo,</strong></span> <span class='ocrx_word' id='word_1_888' title='bbox 1403 2756 1446 2782; x_wconf 75' lang='lat' dir='ltr'><strong>cui</strong></span> <span class='ocrx_word' id='word_1_889' title='bbox 1462 2754 1594 2785; x_wconf 72' lang='lat' dir='ltr'><strong>vertendo,</strong></span> <span class='ocrx_word' id='word_1_890' title='bbox 1611 2759 1634 2781; x_wconf 75' lang='lat' dir='ltr'><strong>st</strong></span> <span class='ocrx_word' id='word_1_891' title='bbox 1650 2755 1769 2787; x_wconf 62' lang='lat' dir='ltr'><strong>Isidor»,</strong></span> 
     </span>
    </p>
   </div>
   <div class='ocr_carea' id='block_1_121' title="bbox 974 2791 1762 2828">
    <p class='ocr_par' dir='ltr' id='par_1_121' title="bbox 974 2791 1762 2828">
     <span class='ocr_line' id='line_1_121' title="bbox 974 2791 1762 2828; baseline -0.005 -8"><span class='ocrx_word' id='word_1_892' title='bbox 974 2791 1016 2820; x_wconf 83' lang='lat' dir='ltr'><strong>cui</strong></span> <span class='ocrx_word' id='word_1_893' title='bbox 1028 2793 1183 2827; x_wconf 83' lang='lat' dir='ltr'><strong>castigando</strong></span> <span class='ocrx_word' id='word_1_894' title='bbox 1195 2792 1302 2828; x_wconf 80' lang='lat' dir='ltr'><strong>longam</strong></span> <span class='ocrx_word' id='word_1_895' title='bbox 1314 2791 1374 2828; x_wconf 82' lang='lat' dir='ltr'><strong>jam</strong></span> <span class='ocrx_word' id='word_1_896' title='bbox 1397 2798 1504 2828; x_wconf 74' lang='lat' dir='ltr'><strong>operum</strong></span> <span class='ocrx_word' id='word_1_897' title='bbox 1524 2798 1666 2827; x_wconf 77' lang='lat' dir='ltr'><strong>navarqm,</strong></span> <span class='ocrx_word' id='word_1_898' title='bbox 1679 2793 1762 2828; x_wconf 71' lang='lat' dir='ltr'><strong>totum</strong></span> 
     </span>
    </p>
   </div>
   <div class='ocr_carea' id='block_1_122' title="bbox 975 2825 1711 2860">
    <p class='ocr_par' dir='ltr' id='par_1_122' title="bbox 975 2825 1711 2860">
     <span class='ocr_line' id='line_1_122' title="bbox 975 2825 1711 2860; baseline -0.004 -5"><span class='ocrx_word' id='word_1_899' title='bbox 975 2836 1015 2855; x_wconf 86' lang='lat' dir='ltr'><strong>me</strong></span> <span class='ocrx_word' id='word_1_900' title='bbox 1028 2825 1124 2860; x_wconf 73' lang='lat' dir='ltr'><strong>magna</strong></span> <span class='ocrx_word' id='word_1_901' title='bbox 1140 2828 1223 2854; x_wconf 67' lang='lat' dir='ltr'><strong>animi</strong></span> <span class='ocrx_word' id='word_1_902' title='bbox 1234 2825 1374 2854; x_wconf 71' lang='lat' dir='ltr'><strong>alacritate</strong></span> <span class='ocrx_word' id='word_1_903' title='bbox 1389 2826 1423 2853; x_wconf 86' lang='lat' dir='ltr'><strong>ad</strong></span> <span class='ocrx_word' id='word_1_904' title='bbox 1438 2825 1585 2853; x_wconf 70' lang='lat' dir='ltr'><strong>Ar&#39;rianum</strong></span> <span class='ocrx_word' id='word_1_905' title='bbox 1606 2825 1711 2855; x_wconf 74' lang='lat' dir='ltr'><strong>contuli.</strong></span> 
     </span>
    </p>
   </div>
  </div>
