1929 3042
202 102 236 130 rs
794 83 804 86 ’
819 103 959 132 NOTITIA
975 103 1021 130 ex

1240 43 1270 58 a

1041 103 1207 132 nummo.
1801 92 1833 126 ﬁ;

200 156 297 195 probat
308 161 427 190 Joannes
439 161 579 189 Launoius
589 167 666 198 parte
680 170 700 196 ι,
711 163 851 198 epistolal
869 167 897 191 et
909 163 936 194 2,
951 162 985 190 ad
1001 165 1022 193 Α
1039 163 1105 190 Vide
1122 163 1329 191 Tillemontium
1343 167 1410 190 tom.
1429 162 1498 194 XIV,
1514 169 1541 198 p.
1559 161 1609 189 667
1627 164 1655 189 et
1666 160 1730 188 670.
1747 158 1832 187 Octa-

199 208 348 235 Antonium
362 207 491 240 Faurum,
507 213 535 235 et
551 213 627 243 parte
641 216 667 241 ν,
689 208 805 244 epistola
818 208 844 241 9,
860 208 895 237 ad
915 206 991 236 Tho-'

199 261 272 281 main
286 254 439 286 Fortinum,
452 262 506 289 qua
521 254 627 289 priores
641 255 771 290 epistolas
781 263 845 283 suas
855 254 987 282 adversus

199 300 370 328 Vincentium
379 300 521 333 Baronem,
529 300 586 328 sive
595 301 753 333 Baronium,
762 305 864 333 tuetur,
872 308 931 336 cap.
943 300 985 328 10.

198 347 299 376 Conl‘er
309 346 421 374 Antonii
431 347 537 375 Reiseri
546 348 632 375 nostri
640 348 790 376 Lanuuium
801 348 986 383 confessorem,

199 400 261 429 pag.
279 393 310 420 41
330 401 399 428 seq.,
429 397 458 421 et
476 393 613 431 Andream
632 395 760 423 Rivetum
781 395 830 422 lib.
848 403 874 422 iv
898 394 987 422 Crilici

197 440 277 472 sacri,
299 447 325 467 c.
348 439 400 472 19;
426 439 469 468 Jo.
487 440 652 468 Rainoldum
668 441 696 468 in
714 440 850 476 Colloquia
867 449 925 468 cum
943 440 985 468 Jo.

198 483 310 515 Hardto,
326 484 437 519 jesuita,
456 492 516 520 cap.
534 485 559 516 5,
577 493 604 521 p.
620 485 673 513 515
694 494 751 522 seq.
769 486 848 513 FABR.
865 501 902 506 -
916 486 984 518 Add,

180 529 337 563 '0udin.,l.
354 538 379 558 c.
402 530 455 558 col.
472 531 540 558 1028
560 540 633 568 sqq.,
656 532 703 568 qui
726 533 831 568 judicia
847 533 985 565 Vulcanii,

197 575 366 608 Bellarmini,
384 576 473 604 Riveti
488 581 516 604 et
529 577 572 604 El.
590 577 627 605 du
644 578 705 610 Pin,
724 578 752 606 in
767 584 912 615 utramque
926 587 988 614 par—

179 625 251 648 'tem
263 621 357 649 multis
373 622 465 650 Verbis
480 623 544 655 lata,
564 624 685 659 repetiit.
700 640 735 644 —
751 625 847 653 Exstat
860 633 924 652 vero
937 625 987 661 Cy-

196 667 249 694 rilli
262 667 409 695 Thesaurus
430 669 565 696 Monachii
580 669 608 697 in
624 670 685 697 eod.
700 669 720 698 C
736 670 803 698 bibl.
819 671 899 699 elect.
916 671 984 707 (Cat.

194 710 271 738 codd.
286 711 343 744 Gr.,
357 720 385 748 p.
399 712 464 749 58.)
483 728 518 733 —
536 714 661 752 Venetiis
681 715 710 742 in
726 716 795 743 bibl.
818 716 900 744 Marci
923 717 985 744 cod.

195 756 290 785 CXXII
302 762 330 786 et
343 758 509 787 CCCCXCII.
522 760 553 787 V.
571 760 630 788 Cat.
646 762 721 788 codd.
737 762 782 790 Gr.
797 763 893 795 Nam,
908 771 936 799 p.
953 764 987 792 70

196 807 224 829 ct
237 802 299 830 260.
313 819 348 824 —
360 804 430 831 Ibid.
446 805 474 832 in
488 805 549 833 cod.
560 806 717 835 LXXXVIII
728 808 861 836 Naniano.
875 809 907 837 V.
924 809 983 837 Cat.

196 849 270 876 cadd.
289 849 335 878 Gr.
353 849 437 883 Nam,
462 859 490 886 p.
515 852 566 879 175
583 861 623 888 sq.
644 869 679 873 —
694 853 784 881 Fesuli
809 854 836 881 in
859 855 986 883 cmnobio

196 895 355 922 canonicor.
378 896 524 924 Thcsaurus
538 918 545 929 ,
569 897 720 934 interprete
738 899 835 935 Georg.
858 900 985 936 Trapez.,

197 945 268 968 teste
282 942 466 970 Montfaucon.
480 943 507 970 in
519 944 613 971 Diario
629 944 705 977 Παλ,
722 953 749 980 p.
762 945 823 973 592.
835 962 870 966 -—
885 946 987 974 Eadem

196 987 287 1014 versio
300 987 443 1016 Florentia
456 989 482 1016 in
494 994 610 1017 monast.
634 991 838 1019 Dominieanor.
852 992 879 1020 S.
893 993 986 1026 Marci,

197 1032 225 1060 in
238 1032 305 1060 bibl.
315 1039 433 1062 monast.
446 1035 474 1063 S.
486 1035 592 1063 Crucis.
607 1037 638 1063 V.
652 1037 765 1064 Zachar.
779 1037 834 1065 Iter
847 1038 930 1066 lilter.
942 1048 988 1074 per

195 1077 273 1111 Ital.,
290 1088 318 1115 p.
334 1080 367 1107 47
379 1085 406 1108 et
423 1081 626 1110 99.—Paris.in
636 1084 756 1118 quinque
764 1084 844 1112 codd.
862 1085 908 1113 Gr.
919 1085 986 1114 hibl.

197 1124 273 1159 pubi.
284 1141 320 1145 —
333 1125 363 1153 In
382 1126 490 1155 duobus
505 1127 551 1155 Gr.
569 1129 649 1156 codd.
667 1128 732 1157 bibl.
747 1130 987 1159 Escorial..secun-

198 1170 361 1199 duInPlner.
379 1172 407 1200 in
419 1172 544 1201 ltinerar.
563 1182 610 1210 per
627 1174 751 1210 Hispan.,
783 1184 810 1211 p.
826 1176 886 1204 164.
903 1177 986 1204 IImL.

234 1216 265 1249 ξ’.
283 1216 389 1253 Dialogi
411 1227 502 1246 nouem
527 1219 562 1247 ad
577 1220 706 1247 eumdem
728 1221 928 1254 Nemesinum,
953 1222 987 1249 ad

197 1270 279 1298 quem
295 1263 488 1292 Thcsaurorum
501 1265 602 1292 librum
618 1265 702 1298 misit,
715 1274 853 1302 quemque
872 1268 989 1303 φιλομα-

198 1307 327 1336 θέστατον
342 1310 456 1345 ἀδελφὸν
468 1312 598 1346 appellat,
613 1313 639 1339 in
651 1312 752 1347 quibus
768 1313 893 1342 Hermias
911 1314 950 1350 (a)
962 1319 990 1342 et

196 1353 315 1395 {Iyrillus
328 1356 534 1391 colloquuntur.
546 1358 611 1393 Pag.
625 1358 755 1386 583-778.
780 1359 906 1396 Dialogos
919 1360 990 1388 duos

197 1405 349 1434 postremos
368 1401 406 1428 De
426 1402 610 1430 incarnatione
635 1403 772 1439 Unigeniti'
784 1409 809 1432 et
826 1405 895 1440 quod
921 1414 988 1433 unus

196 1445 231 1472 sit
248 1444 377 1477 Christus,
393 1454 463 1481 quos
476 1452 600 1482 tempore
615 1447 707 1482 aliquo
722 1448 866 1484 interjecto
878 1449 987 1477 demum

197 1491 336 1526 prioribus
342 1492 516 1527 subjunxisse
527 1492 645 1528 Cyrillus
654 1493 772 1526 videtur,
783 1494 888 1529 primus
895 1495 987 1523 Grmce

196 1545 259 1564 cum
271 1537 396 1565 versione
405 1542 432 1565 et
441 1538 513 1565 notis
526 1539 647 1574 vulgavit
659 1539 808 1568 Bonaveut.
825 1541 986 1574 Vulcanius,
1001 1529 1022 1557 ϐ

194 1582 231 1610 ad
239 1583 341 1611 calcem
351 1583 412 1611 libri
428 1587 519 1611 contra
527 1583 816 1621 Anthropomorphitas,
828 1587 916 1623 Lugd.
929 1587 987 1615 Bat.

198 1628 268 1656 1605
280 1649 287 1661 ,
306 1629 333 1656 in
350 1629 367 1656 ιι
385 1628 432 1664 (b).
449 1630 479 1657 In
496 1630 666 1658 editionibus
687 1639 753 1659 vero
775 1632 868 1668 Cyrilli
885 1633 990 1661 Latinis

197 1678 305 1702 exstant
323 1675 405 1702 modo
422 1679 527 1710 septem
551 1675 651 1712 dialogi
670 1677 776 1712 priores
800 1678 838 1705 De
860 1678 990 1706 Trinitate

198 1723 293 1747 contra
303 1719 419 1748 Arianos
431 1725 459 1748 et
471 1721 689 1755 Macedonianos,
707 1731 740 1750 ex
757 1724 884 1751 versione
900 1724 985 1752 Joan-

197 1765 242 1792 nis
255 1764 475 1801 (Ecolampadii,
496 1775 557 1802 qua:
575 1767 694 1803 primum
715 1767 806 1804 [1528.
828 1769 859 1796 V.
887 1778 981 1805 supra,

199 1811 273 1846 §III,
293 1811 319 1838 in
335 1812 415 1839 nolit.
434 1813 525 1846 editt.,
551 1813 621 1850 tum]
645 1822 671 1841 a.
702 1814 770 1842 1546
793 1815 882 1842 lucem
909 1815 988 1843 vidit.

198 1857 291 1889 Graece
304 1858 347 1886 .lo.
369 1858 507 1887 Aubertus
526 1860 602 1888 dedit
621 1860 729 1896 primus
741 1869 776 1888 ex
791 1861 886 1889 codice
908 1862 989 1890 unico

197 1905 363 1940 'Angustanze
375 1905 558 1939 bibliothecae,
569 1907 648 1942 cujus
658 1907 848 1942 apographum
863 1907 990 1936 Matthiae

201 1950 354 1986 Ehingerus
364 1951 398 1978 ad
411 1959 474 1979 eum
486 1952 675 1980 transmiserat
687 1952 732 1988 (c).
763 1952 837 1980 Idem
848 1952 988 1981 Aubertus

201 1996 354 2023 versionem
371 1997 495 2025 Latinam
510 1998 635 2026 Vulcanii
653 1997 780 2030 servavit,
795 2005 826 2025 ac
835 2006 885 2034 pro
899 1998 989 2026 OEco-

137 2054 146 2060 -
202 2041 372 2077 lampadiana
390 2043 469 2070 aliam
484 2051 583 2071 novam
599 2064 606 2076 ,
622 2044 665 2072 vel
686 2043 779 2079 potius
795 2043 989 2080 interpolatam

200 2088 337 2115 exhibuit.
354 2088 524 2123 Frequenter
541 2089 644 2117 citatur
656 2089 710 2116 hoc
722 2096 792 2124 opus
807 2097 822 2116 a
835 2090 987 2124 veteribus,

200 2136 231 2160 ut
241 2132 298 2168 jam
319 2132 392 2168 apud
413 2133 540 2161 Photium
555 2133 617 2161 cod.
634 2141 704 2165 xux,
726 2133 777 2160 sub
792 2134 873 2162 titulo
894 2135 989 2170 Λόγων

201 2178 268 2214 πρὸς
292 2178 429 2214 Ἑρμείαν),
443 2180 498 2215 jam
515 2180 608 2214 Λόγων
627 2179 690 2215 περὶ
701 2179 750 2215 τῆς
764 2179 842 2214 ἁγίας
856 2181 984 2218 Τριάὂος.

200 2271 290 2298 srrint.
319 2280 329 2298 .'

201 2305 295 2344 multa
306 2305 380 2344 enim
396 2306 515 2344 citantur
533 2313 547 2334 a
563 2306 602 2344 ᾗ.
628 2307 734 2344 Thoma
758 2308 786 2336 in
802 2305 936 2344 opusculo
952 2305 989 2336 De

202 2341 332 2380 erroribus
350 2341 502 2380 Qrwcorum
513 2350 546 2375 ex
562 2341 692 2380 Thesauro
703 2340 808 2380 Cyrilli,
822 2340 886 2379 quae
899 2345 926 2372 in
939 2343 992 2372 hoc

202 2377 273 2404 libro
287 2383 342 2404 non
360 2376 578 2406 im‘eniuntuLi
667 2402 669 2404 ,
725 2376 734 2380 ⁷
801 2376 806 2377 ⁷
834 2376 846 2402 “,

238 2411 276 2451 (ᾳ)
292 2412 370 2451 Hunc
379 2412 503 2451 suspicor
516 2420 576 2439 esse
586 2411 735 2447 Hermiam,
746 2415 824 2451 cujus
839 2411 992 2443 Irrisionern

203 2447 416 2482 philosophorum
430 2447 573 2476 habemus.
590 2468 592 2474 ι
779 2447 821 2480 ⁷,,
841 2464 843 2467 -
960 2470 961 2473 η
979 2471 982 2474 .

240 2482 487 2520 (tr)___lntegra_libr_i,
510 2490 591 2520 quem
602 2484 747 2518 possideo,
766 2484 911 2520 inscriptio
922 2483 990 2520 est:

203 2516 297 2554 Cyrilli
315 2532 355 2554 ἶ
373 2517 432 2554 adv.
452 2516 738 2554 Anthroponiorphitas
762 2519 826 2546 liber
845 2516 914 2546 unus
936 2519 988 2547 «σν.

202 2550 234 2579 ω’
244 2552 304 2590 Lat.
322 2550 447 2590 Eiusdem
460 2552 492 2579 de
507 2550 694 2590 lucarnatione
710 2554 853 2590 Unigeniti,
870 2559 903 2586 ct,
922 2555 991 2590 quod

203 2596 273 2624 unus
283 2588 316 2614 sit
328 2587 444 2624 Christus
519 2588 647 2624 Dominus
673 2587 814 2617 secundum
826 2587 988 2624 Scripturas,

204 2623 238 2649 ad
249 2622 384 2660 Hermiam
401 2622 509 2660 Dialggi
524 2622 575 2651 duo
590 2633 728 2660 nunquam
738 2622 850 2654 antehac
859 2622 932 2656 editi,
950 2625 990 2651 in-

205 2662 315 2694 terprete
339 2657 451 2694 Bonas:
460 2657 586 2694 Vulcania
599 2680 607 2690 ,
627 2657 658 2687 cf
678 2659 762 2694 ejusd.
788 2661 871 2694 notis.
894 2659 988 2689 Accad.

203 2693 320 2728 epistola;
328 2693 429 2728 aliquot
437 2693 533 2721 Isidori
546 2692 715 2722 Pelusiotwet
728 2692 990 2727 Jo.Zonaraz,idem.

205 2729 274 2766 quod
298 2727 414 2766 Cyrillus
443 2729 510 2766 hisce
533 2728 824 2766 libr‘isargumentum.
836 2735 991 2764 tractantes,

204 2762 338 2802 multaque
356 2763 539 2802 locd_e.t_§‘q_r.
561 2763 633 2802 libris
651 2762 769 2793 nondum
782 2764 862 2799 editis
878 2770 939 2802 sunt
950 2762 990 2797 in?

206 2792 677 2862 ’ίῑετξτγὲυᾰὲῖςὲ-Ἦρέ»ςξρέξῖξς

241 2822 769 2878 ᾙῦίγεξτθξξᾙῖισυέιξ,
799 2844 826 2871 p.
843 2836 886 2863 Ἦ.
906 2827 990 2864 Haut.

355 2280 363 2296 ε
391 2270 537 2310 Thesaurus
560 2271 684 2310 creditur
703 2280 765 2310 esse
790 2273 986 2309 imperfectus;
1004 2275 1026 2303 D
1077 2275 1086 2310 (

1038 217 1103 236 vum
1113 213 1141 237 et
1151 216 1254 236 nonum
1263 209 1399 244 dialogum
1411 215 1467 236 non
1476 215 1570 236 carere
1580 206 1655 234 omni
1669 205 1832 241 suSpi'cione

1039 255 1238 290 suppositionis
1265 255 1304 282 ait
1325 255 1367 284 Jo.
1389 254 1540 282 Gamerius
1563 253 1637 280 notis
1656 252 1690 279 ad
1711 250 1831 279 Marium

1039 301 1218 328 Morcatorem
1228 321 1235 333 ,
1262 305 1329 328 tom.
1342 300 1375 333 11,
1398 308 1426 336 p.
1439 300 1484 332 45,
1500 299 1582 334 idque
1597 306 1627 326 se
1649 302 1831 325 ostensurum

1039 347 1166 383 promisit
1188 347 1216 374 in
1230 347 1425 374 dissertatione
1440 346 1473 373 de
1488 345 1567 372 libris
1580 344 1685 380 Cyrilli.
1703 342 1760 371 Sed
1777 342 1832 370 dis-

1038 394 1151 422 sertatio
1166 393 1224 421 haec
1238 394 1327 421 lucem
1344 400 1399 420 non
1413 392 1493 424 vidit,
1509 396 1538 419 et
1550 391 1738 426 suspicionem
1757 389 1832 416 illam

1037 438 1112 466 omni
1128 438 1286 466 destitutam
1295 445 1355 465 esse
1366 436 1617 468 verisimilitudine,
1632 434 1702 462 mihi
1715 441 1834 470 persua-

1037 483 1090 511 deo
1106 483 1154 519 (d).
1171 483 1239 510 Nam
1256 487 1286 510 ut
1305 482 1377 510 idem
1390 486 1582 518 argumentum
1596 481 1695 515 srepius
1712 484 1833 523 tractare

1037 528 1140 565 Cyrillo
1162 534 1326 556 consuetum
1346 536 1379 556 ac
1400 529 1523 556 solemne
1536 548 1543 560 ,
1560 527 1598 554 ita
1614 527 1642 554 hi
1656 526 1712 553 duo
1729 524 1831 560 dialogi

1037 575 1117 610 plane
1131 575 1252 610 genium,
1267 575 1379 611 stylum,
1397 574 1550 602 doctrinam
1565 573 1689 608 priorum
1708 571 1834 606 dialogo-

1038 629 1098 648 rum
1118 621 1232 656 spirant,
1252 625 1281 648 et
1303 621 1404 648 citatur
1419 627 1509 647 nonus
1531 627 1546 646 a
1563 619 1679 646 Leontio
1694 618 1760 654 Byz.
1784 616 1832 643 ad-

1037 675 1126 694 versus
1149 666 1274 702 Eutych,
1296 674 1328 694 ac
1340 666 1432 702 judice
1449 665 1508 701 ipso
1522 665 1665 696 Garnerio,
1687 672 1714 699 p.
1738 663 1785 695 56,
1800 663 1834 689 ad

1037 712 1199 744 Liberatum,
1215 716 1327 739 octavus
1351 720 1383 739 ea
1407 711 1526 746 scriptus
1550 715 1593 738 est
1618 709 1778 737 eruditione
1805 715 1835 735 ut

1037 758 1083 785 vix
1100 758 1187 785 ullum
1206 757 1282 784 aliud
1297 757 1391 792 Cyrilli
1415 763 1485 791 opus
1500 763 1533 783 ea
1556 755 1590 782 de
1606 762 1635 782 re
1654 753 1836 790 praestantius

1039 804 1179 832 autetiam
1194 811 1244 839 par
1254 804 1378 830 exsistat.
1396 802 1509 838 Dialogo
1528 802 1657 837 septimo.
1673 800 1703 828 in
1725 808 1784 835 quo
1800 799 1834 826 de

1036 850 1179 877 divinitate
1193 849 1310 884 Spiritus
1320 849 1406 877 sancti
1419 849 1550 883 disputat,
1563 847 1760 882 subjiciuntur,
1772 853 1833 881 pag.

1037 897 1161 929 660—677,
1172 900 1332 932 argumenta
1338 896 1372 923 ad
1379 895 1450 923 idem
1465 894 1636 930 probandum
1650 893 1731 928 longe
1743 892 1834 927 plura.

1073 944 1107 980 η’.
1126 943 1230 971 Scholia
1243 943 1306 978 περὶ
1325 942 1375 977 τῆς
1389 941 1622 976 ἑνινορωπήσεως
1648 938 1695 966 τοῦ
1711 940 1836 972 Μονογῑ-

1037 989 1110 1020 νοῦς,
1129 989 1166 1016 De
1183 990 1366 1016 incarnatione
1381 987 1522 1023 Unigenili.
1546 986 1642 1014 Latine
1659 993 1687 1020 p.
1702 983 1833 1016 779-800,

1038 1035 1138 1063 additis
1157 1034 1274 1062 subinde
1302 1037 1444 1070 prmterea,
1476 1040 1536 1068 quae
1560 1031 1741 1059 conciliorum
1767 1029 1834 1057 tomi

1037 1082 1168 1110 exhibent
1185 1090 1199 1109 a
1211 1081 1253 1109 Jo.
1275 1080 1397 1108 Auberto
1412 1079 1512 1107 Grazcis
1538 1077 1698 1113 fragmentis
1719 1084 1754 1104 ex
1766 1084 1825 1103 mss

1038 1129 1105 1157 bibl.
1123 1128 1223 1163 Regius.
1249 1127 1367 1161 Incipit:
1382 1126 1419 1152 Τὸ
1443 1125 1562 1161 Χριστὸς
1580 1124 1666 1158 ἄνομα
1691 1123 1754 1150 οὔτε
1770 1123 1835 1158 ὅρου

1038 1175 1161 1210 δύναμιν
1171 1174 1237 1209 ἔχει.
1254 1172 1399 1200 Prodierat
1414 1171 1533 1206 primum
1545 1178 1578 1197 ex
1596 1169 1702 1197 oliicina
1716 1168 1832 1196 Roberti

1038 1221 1146 1249 Winter
1162 1228 1187 1247 a.
1212 1219 1290 1250 1542,
1314 1219 1342 1246 in
1365 1218 1436 1245 libro
1453 1217 1685 1244 Constitutionum
1712 1215 1833 1251 synoda-

1039 1267 1125 1300 lium;
1138 1266 1236 1294 deinde
1248 1265 1275 1293 in
1286 1265 1380 1301 Cyrilli
1396 1264 1514 1299 Operam
1527 1262 1698 1290 editionibus
1716 1262 1832 1294 Latinis,

1039 1317 1068 1341 et
1086 1313 1114 1340 in
1131 1312 1312 1340 conciliorum
1329 1310 1410 1338 tomis
1429 1310 1455 1336 in
1476 1314 1552 1344 parte
1568 1317 1596 1336 Ill
1616 1308 1748 1336 Actorum
1765 1316 1832 1336 con-

1039 1358 1094 1386 cilii
1112 1357 1253 1392 Ephesini,
1282 1361 1347 1384 tom.
1361 1356 1370 1384 1
1386 1355 1469 1388 Βίιιίἰ,
1497 1363 1523 1382 a.
1542 1355 1620 1387 1618,
1639 1362 1665 1389 p.
1696 1354 1760 1385 561,
1782 1361 1833 1382 nec

1039 1411 1094 1431 non
1114 1402 1146 1430 ad
1169 1402 1271 1430 calcem
1289 1402 1352 1429 libri
1377 1405 1468 1429 contra
1500 1401 1796 1435 Anthropomorphilas.
1818 1407 1833 1426 a

1039 1450 1190 1478 Bonavent.
1206 1449 1339 1476 Vulcanio
1352 1448 1455 1484 vulgati
1475 1447 1562 1483 Lugd.
1581 1447 1674 1474 Batav.
1697 1447 1776 1478 1605,
1806 1446 1833 1472 in

1039 1496 1066 1523 4.
1079 1496 1108 1523 In
1117 1495 1200 1530 hujus
1206 1494 1337 1526 editione,
1349 1493 1578 1529 quemadmodum
1589 1497 1617 1520 et
1628 1493 1655 1520 in
1670 1491 1833 1527 LatinisCy-

1040 1541 1105 1572 rilli,
1121 1548 1176 1567 non
1195 1540 1300 1567 scholia
1314 1539 1518 1572 inscribuntur,
1546 1538 1594 1566 sed
1612 1539 1707 1570 scolia,
1726 1537 1834 1569 σκολιὰ,

1040 1587 1115 1614 velut
1127 1585 1249 1622 difficilia
1269 1585 1325 1613 loca
1337 1590 1361 1612 et
1376 1585 1501 1621 perplexa
1513 1594 1523 1618 ;
1535 1585 1600 1613 licet
1611 1585 1740 1616 fateatur,
1759 1584 1835 1619 quod

1041 1632 1108 1659 mihi
1125 1632 1207 1659 etiam
1223 1631 1309 1667 magis
1323 1631 1423 1666 placet,
1438 1636 1467 1658 et
1483 1631 1575 1658 verius
1586 1623 1638 1663 est,
1655 1638 1735 1665 posse
1749 1630 1834 1657 etiam

1042 1678 1134 1713 σχόλια
1154 1677 1282 1709 inscribi,
1300 1677 1377 1704 velut
1395 1677 1632 1712 σεμνθλογήματα.
1648 1676 1707 1704 sive
1734 1683 1835 1711 graves

1041 1721 1200 1754 sententias,
1220 1725 1266 1748 aut
1283 1721 1467 1749 additamenta
1482 1721 1514 1749 ad
1531 1721 1599 1749 alios
1610 1721 1734 1757 ejusdem
1751 1729 1835 1756 argu-

1040 1767 1126 1795 menti
1142 1767 1239 1799 libros,
1261 1775 1275 1794 a
1287 1767 1389 1803 Cyrillo
1405 1768 1581 1803 compositos.
1594 1760 1668 1794 ld'em
1684 1767 1836 1795 Vulcanius

1040 1813 1231 1848 castigationes
1242 1813 1356 1846 addidit,
1370 1818 1398 1840 ut
1411 1822 1441 1840 ex
1456 1814 1487 1840 iis
1498 1822 1635 1848 cognoscas
1651 1819 1751 1849 quanta
1758 1822 1835 1840 reco-

1038 1860 1154 1895 gnitione
1163 1860 1297 1895 indigeant
1311 1860 1390 1886 etiam
1406 1859 1461 1887 alia
1477 1859 1614 1895 pleraque.
1625 1868 1683 1895 qua!
1693 1859 1834 1894 circumfe-

1040 1908 1147 1938 runtur,
1166 1904 1260 1941 Cyrilli
1275 1905 1384 1940 scripta,
1400 1913 1473 1939 atque
1495 1905 1565 1932 male
1581 1910 1660 1941 atque
1673 1906 1720 1932 hac
1734 1913 1793 1932 cum
1804 1905 1836 1932 ab

1039 1951 1236 1985 interpretibus,
1253 1954 1307 1978 tum
1327 1960 1344 1978 α
1362 1952 1532 1987 typograpliis
1546 1952 1647 1979 habita.
1675 1951 1837 1978 Theodore-

1041 2001 1085 2024 tus
1098 1996 1205 2032 dialogo
1221 1996 1238 2024 2
1255 1997 1336 2024 alien
1357 1997 1481 2032 quaedam
1508 1996 1602 2033 Cyrilli
1631 1997 1685 2024 ἀπὸ
1701 1996 1756 2024 τῶν
1772 2005 1836 2032 σχο-

1040 2041 1114 2069 λίων.
1127 2043 1289 2070 Anastasius
1303 2043 1446 2079 presbyter
1472 2043 1500 2070 in
1519 2043 1612 2078 ecloga
1627 2043 1681 2069 τῶν
1696 2043 1836 2079 χρήσεων,

1040 2099 1065 2120 c.
1085 2092 1112 2125 5,
1128 2092 1221 2120 laudat
1231 2092 1364 2127 Cyrillum
1395 2093 1424 2118 ἐν
1447 2093 1517 2127 ἀρχῇ
1534 2091 1579 2118 τοῦ
1593 2095 1617 2118 α’
1636 2092 1755 2127 σχολίου.
1782 2092 1835 2120 Fa-

1040 2137 1157 2171 cundus,
1172 2146 1210 2171 xt,
1224 2138 1251 2170 '1,
1266 2138 1370 2164 beatum
1383 2136 1513 2172 Cyrillum
1524 2138 1552 2164 in
1564 2137 1640 2170 libro,
1656 2146 1733 2173 quem
1747 2137 1836 2165 Scho-

1041 2183 1077 2211 lia
1104 2184 1275 2219 nuncupavit,
1309 2183 1386 2210 titulo
1415 2184 1535 2219 seplimo.
1563 2183 1597 2210 Et
1625 2191 1717 2210 rursus
1746 2182 1837 2210 eodem

1131 2275 1226 2309 Neque
1249 2274 1355 2302 Walch.
1379 2274 1405 2302 in
1434 2274 1554 2302 Historia
1582 2274 1728 2302 hieresinm
1758 2273 1834 2308 (Eat.

1040 2309 1112 2345 wurf
1120 2311 1192 2337 einer
1206 2309 1399 2345 uollstdudigen
1414 2309 1529 2337 Historia
1545 2310 1591 2336 der
1606 2309 1758 2345 Kezereien,
1768 2310 1836 2342 etc.)

1039 2344 1107 2372 tom.
1125 2345 1159 2377 V,
1174 2353 1200 2377 ι).
1219 2345 1267 2373 681
1286 2353 1340 2377 sq.,
1353 2344 1489 2373 Garnerio
1505 2345 1707 2372 assentitur.——
1720 2344 1836 2371 Exstant

1041 2379 1162 2408 Flor-ent.
1174 2378 1202 2408 in
1218 2381 1284 2408 hibl.
1305 2378 1435 2408 Laurent.
1454 2380 1524 2407 Med.
1545 2380 1606 2407 cod.
1628 2378 1736 2411 XXXV,
1763 2387 1791 2406 n.
1810 2380 1834 2411 1,

1041 2415 1252 2456 CyriiliDialogi
1274 2415 1320 2444 VII
1335 2416 1366 2442 de
1384 2421 1477 2456 sancta
1491 2420 1515 2442 et
1534 2414 1754 2456 consubstantiali
1780 2414 1835 2456 Tri:

1040 2450 1134 2486 nitate,
1148 2454 1177 2478 et
1195 2450 1248 2478 alia
1266 2460 1272 2478 :
1290 2458 1389 2486 nempe
1412 2459 1440 2477 n.
1459 2451 1484 2483 1,
1504 2450 1611 2486 primus
1636 2450 1772 2484 dialogus,
1801 2450 1834 2477 ad

1042 2485 1180 2522 Hermiam
1201 2486 1399 2522 presbyterum
1416 2493 1480 2522 perh
1495 2485 1654 2520 interrogat.
1674 2489 1702 2512 et
1717 2492 1835 2522 respon-

1041 2521 1167 2557 sionem,
1181 2519 1249 2557 quod
1262 2519 1495 2557 consubstan'tialis
1522 2526 1546 2548 et
1569 2519 1714 2548 coaeternus
1735 2519 1791 2547 Deo
1811 2525 1836 2546 et

1043 2552 1120 2583 Patri
1138 2557 1172 2583 sit
1187 2552 1288 2589 Filius;
1310 2565 1337 2584 η.
1358 2556 1384 2587 Ξ,
1402 2556 1491 2591 capita
1521 2561 1756 2591 argumentorum,
1776 2563 1836 2590 qua:

1043 2592 1220 2619 continentur
1236 2592 1264 2619 in
1280 2591 1400 2627 Dialogoy
1413 2591 1443 2618 de
1457 2591 1558 2626 Spiritu
1573 2596 1675 2627 sancto,
1699 2598 1766 2627 cum
1786 2591 1834 2617 ad-

1044 2627 1148 2656 ditione
1160 2627 1274 2654 aliarum
1293 2625 1583 2658 aniniadversibnnm',
1600 2634 1629 2653 ιι.
1649 2626 1676 2657 5.
1694 2625 1732 2652 De
1744 2626 1835 2652 incar-

1039 2663 1147 2689 natione
1164 2662 1307 2697 Unigeuiti,
1329 2666 1382 2690 etc.
1401 2661 1556 2696 Apponitur
1583 2661 1709 2696 dialogus
1748 2661 1835 2697 septi-

1041 2704 1103 2738 mus
1132 2697 1190 2738 an
1216 2693 1367 2738 octavus?)
1394 2693 1615 2738 adi'i‘lerrniamh;
1634 2693 1722 2738 ein.
1745 2693 1837 2738 {Juba

1042 2730 1195 2765 adoratione
1206 2732 1331 2765 cultuque
1347 2730 1374 2759 in
1395 2731 1491 2765 spiritu
1504 2736 1529 2758 ct
1545 2732 1654 2760 ueritate
1685 2731 1720 2759 ad
1741 2730 1838 2758 Ραιιιμ

1043 2766 1193 2799 dim—ui
1210 2768 1272 2799 eod.
1287 2766 1450 2803 Χιιίηηεξς
1468 2767 1538 2803 plut.
1550 2766 1751 2803 small—ﬂed
1767 2766 1836 2803 ιέεν-

1044 2803 1123 2831 miam
1133 2803 1169 2830 de
1176 2800 1564 2836 τσωκιιίιδβῃηείαιίίΐνὶιῑέιπκ..
1583 2800 1628 2831 γ(
1644 2801 1758 2829 Bandin.
1773 2800 1836 2829 σπι.
