1929 3042
73 137 100 165 57
697 137 840 166 NOTITIA
859 138 905 166 EX
925 139 1091 168 FABRICIO.
1672 142 1707 172 £8

74 196 144 227 libro,
180 193 259 222 titulo
283 194 399 223 decimo.
431 195 518 230 Atque
547 203 584 227 τι,
607 195 634 228 5,
671 196 699 223 in
727 195 793 224 libro
823 197 867 234 qui
882 203 905 229 Α
919 202 976 233 tus,
992 203 1023 232 _ut
1039 198 1238 226 inBibliotheca
1255 200 1412 235 scriptorum
1433 198 1462 226 S.
1476 198 1502 226 J.
1523 202 1617 234 narrat
1641 198 1707 226 Phi-

59 241 179 269 ‘SChOIia
200 241 316 281 ’άίςὶιιιτν
341 242 390 268 sub
418 241 506 274 titulo,
526 251 534 267 ‹
556 240 691 285 Quomodo
707 250 774 269 unus
791 235 868 270 Cari-1
921 235 1012 279 lippus
1031 238 1188 287 Alegamhe,
1209 244 1304 285 Cyrilti
1315 245 1484 273 heortasticos
1502 246 1557 279 sive,
1569 245 1707 280 paschales

901 326 905 327 ν
920 298 1064 323 sermones,
1074 299 1090 317 a
1100 298 1128 318 se
1137 289 1283 318 Latinitate
1294 290 1404 318 donatos
1407 291 1467 326 jam
1477 289 1551 326 prelo
1562 294 1707 326 promptos,

75 290 134 315 nus.
153 297 162 313 ι
178 279 308 315 Andreas
339 287 534 315 Samosatenus
549 279 621 323 apud
640 288 814 315 Anastasium
842 288 870 315 in

75 330 189 368 Hod’ego,
204 325 244 368 ἰ).
277 332 342 364 544,
372 332 420 359 καὶ
448 332 477 358 ὲν
502 333 558 363 τοῖς
578 332 782 368 γεγραμμένοις
806 341 869 367 σχο-

75 379 140 410 λεοις
152 372 315 414 ὲρμηνέῦων
329 378 377 405 τὸν
392 379 420 405 ὲν
431 378 468 414 τῷ
483 378 643 413 Εΰαγγελιῳ
656 378 789 414 στατῆρα.
821 378 869 407 Ci-

76 429 148 452 tatur
159 424 246 452 etiam
263 425 290 451 in
316 424 425 452 actione
441 432 459 451 ιι
487 423 597 452 concilii
612 423 790 457 Chalcedon,
803 429 869 452 tom.

77 471 97 498 11
112 471 195 502 Binii,
209 479 238 506 p.
252 470 313 502 169,
330 474 358 498 et
373 470 408 497 ab
421 470 493 502 aliis,
513 478 631 505 quorum
646 470 705 498 loca
722 470 872 498 Tillemon-

61 514 65 517 ’
79 517 133 544 tius
146 520 215 543 tom.
241 516 311 548 XIV,
339 523 366 551 p.
386 515 447 547 667,
463 519 490 542 et
511 514 661 543 Garnerius
679 520 745 543 tom.
759 517 782 544 Il
795 516 871 544 Marii

78 562 248 594 Mercatoris,
269 569 296 597 p.
328 561 390 594 216,
421 565 596 588 annotarunt.
622 561 672 589 Hic
704 562 770 589 illud
797 570 867 598 opus

61 608 162 635 etiam
186 607 326 643 integrum
354 607 450 634 Latine
482 615 516 635 ex
538 615 623 640 mss.,
648 616 708 644 pag.
736 608 790 635 218
809 616 871 643 sq.,

79 654 266 685 emendatius,
291 658 319 681 et
338 661 353 680 a
372 661 400 688 p.
423 653 475 680 258
493 653 526 681 ad
543 654 591 681 241
618 654 719 690 insigni
736 659 813 690 parte
825 663 872 682 au—

79 700 150 727 ctius
186 692 310 731 exhibet,
357 707 389 727 ac
429 699 582 726 versionem
620 704 752 733 veterem,
790 708 871 735 quam

80 745 165 773 solam
195 745 341 777 habemus,
356 743 501 785 Mercatori
531 745 662 777 vindicat,
696 745 769 772 inter
795 745 874 780 cujus

63 787 180 826 'scripta
198 791 227 818 in
243 791 350 819 duobus
362 791 507 819 codicibus
535 791 611 819 illam
637 791 740 827 reperit
762 791 810 827 (a).
843 792 873 819 ln

79 837 223 872 prioribus
231 837 402 865 editionibus
416 837 549 867 dividitur
563 837 589 864 in
603 836 693 873 capita
707 837 751 869 25,
765 837 791 864 in
804 836 874 865 Gar—

61 887 67 890 '
80 883 195 911 neriana
212 884 240 910 in
260 883 312 916 55;
337 882 451 923 Pho'tius
469 883 529 923 cod.
551 891 627 910 ccxxx
640 883 756 911 divisum
764 882 829 919 legit
844 882 871 910 in

69 928 168 964 'capita
182 929 367 964 undeviginti.
396 920 398 924 ’

113 971 146 1002 6'.
164 975 235 1010 Περὶ
259 974 309 1009 τῆς
319 973 550 1010 ὲνανθρωπήσεως
564 973 612 1000 τοῦ
628 972 696 1000 Θεοῦ
711 973 809 1007 Λόγου,
825 972 871 999 τοῦ

81 1019 146 1046 Υἱοῦ
161 1020 210 1046 τοῦ
227 1021 342 1055 Πατρός.
370 1020 409 1047 De
432 1021 616 1047 incarnatione
641 1019 714 1047 Verbi
732 1019 795 1051 Dei,
811 1018 873 1046 Filii

84 1065 181 1094 Patris.
198 1067 231 1094 P.
258 1067 320 1099 801,
338 1067 400 1094 802.
414 1067 513 1102 Incipit
528 1075 534 1093 τ
561 1067 594 1093 ’11
604 1066 654 1100 τῆς
672 1066 748 1097 θείας
762 1065 873 1101 Γραφῆς

82 1111 212 1147 ὀρθοτάτη
225 1111 323 1139 ἔννοια.
335 1112 365 1139 In
390 1112 493 1139 Latinis
516 1110 685 1138 editionibus
711 1115 801 1138 exstat
814 1111 873 1138 loco

83 1157 171 1191 primo
185 1156 257 1184 inter
276 1156 413 1188 honiﬂias,
429 1164 462 1183 ex
478 1155 631 1191 Wolfgangi
651 1155 765 1183 Musculi
789 1155 873 1182 inter—

85 1202 240 1236 pretatione
259 1211 266 1228 :
283 1201 330 1229 sed
344 1201 484 1229 Aubertus
495 1201 615 1229 servavit
633 1201 799 1234 versionem,
812 1207 874 1228 cum

84 1253 136 1279 qua
153 1245 257 1281 legitur
274 1245 302 1272 in
320 1251 398 1280 parte
426 1253 454 1272 ιιι
474 1245 569 1280 synodi
587 1245 750 1281 Ephesinaa,
780 1249 846 1272 tom.
865 1244 875 1271 1

86 1291 165 1323 Binii,
183 1300 211 1327 p.
231 1292 293 1318 576.
309 1291 388 1319 FABR.
400 1307 432 1311 —
444 1292 473 1319 In
492 1292 575 1319 Mansi
587 1292 692 1319 collect.
712 1291 770 1323 cit.,
783 1291 817 1324 V,
846 1298 874 1325 p.

87 1338 146 1371 169,
165 1338 226 1371 170,
243 1343 273 1366 et
292 1339 320 1365 in
334 1338 477 1366 concilior.
495 1338 664 1373 generalium
677 1337 743 1365 edit.
759 1337 806 1365 Gr.
823 1337 877 1364 La-

87 1385 142 1411 tina
163 1384 307 1417 Vaticana,
331 1392 358 1412 a.
382 1383 460 1415 1608,
479 1388 543 1410 tom.
571 1383 592 1415 l,
612 1391 639 1418 p.
655 1383 764 1411 588.—
778 1383 878 1410 Vindo-

87 1429 166 1457 bonae
183 1430 212 1457 in
227 1429 289 1457 cod.
305 1429 408 1458 Caesar.
422 1428 577 1461 LXXXIIX,
591 1437 619 1456 n.
637 1429 664 1461 5,
680 1429 718 1456 De
738 1433 809 1456 recta
825 1428 878 1463 ﬁde

88 1475 152 1502 liber
167 1483 197 1508 ιι,
212 1474 246 1502 ad
266 1475 465 1510 imperatrices,
484 1475 512 1502 in
526 1475 560 1502 15
573 1479 652 1502 sectt.
683 1475 798 1507 divisus,
820 1479 878 1502 tum

88 1516 184 1553 oratio,
195 1521 230 1549 de
238 1529 293 1556 qua
308 1521 337 1548 h.
353 1521 371 1548 1.
385 1528 476 1548 sermo
487 1525 540 1551 est.
558 1520 597 1548 De
608 1521 791 1548 incarnatione
803 1521 877 1548 Verbi

88 1567 146 1601 Dei,
163 1572 192 1596 et
203 1567 284 1602 epist.
300 1567 334 1594 ad
347 1567 496 1594 monachos
510 1566 617 1602 Egypti
630 1576 637 1600 ;
651 1567 705 1595 inc.
736 1567 877 1602 Ἀφικοντο

91 1613 139 1647 μέν
155 1620 237 1644 τινες.
254 1604 378 1647 Denique
395 1606 488 1647 Gyrilti
517 1612 632 1647 epistola
652 1613 686 1640 ad
708 1613 876 1645 Nestorium,

89 1666 150 1686 cum
165 1653 286 1687 Nestorii
304 1659 487 1694 responsoria.
503 1660 534 1687 V.
561 1660 688 1687 Lambec.
704 1659 758 1686 vol.
779 1659 824 1691 Ill,
850 1666 877 1694 p.

90 1704 149 1732 760.
165 1704 254 1732 Paris.
272 1704 300 1732 in
314 1705 346 1732 IV
364 1705 443 1732 codd.
462 1705 528 1732 bibl.
542 1705 617 1740 publ.
636 1706 719 1733 ΗΑιη..

126 1764 153 1788 ι’.
171 1761 325 1797 Συζήτησις
339 1762 404 1797 περὶ
427 1762 472 1789 τοῦ
483 1762 575 1789 αὑτοῦ.
593 1762 743 1798 Disputatio
766 1762 882 1798 ejusdem

93 1808 242 1843 argumenti
256 1815 306 1842 per
317 1808 483 1842 quaestiones
504 1812 532 1836 et
547 1809 749 1843 responsiones,
766 1816 793 1844 p.
816 1808 882 1836 802-

95 1852 163 1880 801;
174 1853 277 1888 Incipit
290 1862 297 1879 :
313 1853 377 1885 Πῶς
391 1854 406 1880 ὁ
417 1853 481 1884 Θεδς
498 1854 638 1890 ὰχὼρητος
650 1855 787 1890 ὲχωρήῦη.
801 1854 882 1882 FABR.

93 1899 191 1927 lucod.
203 1899 336 1927 Escorial.
353 1904 423 1927 teste
440 1897 575 1932 Pluéro,l.
595 1908 702 1937 c.,pag.
721 1901 781 1928 164.
799 1901 882 1928 llam"

126 1944 195 1972 Tom
207 1944 229 1972 V
241 1953 323 1972 PARTE
333 1953 400 1972 u.—
412 1948 455 1972 ta’.
467 1946 546 1980 Λόγοι
561 1946 739 1982 ἐορταστικοί,
751 1946 884 1979 Homiliw,

94 1990 161 2023 sive,
169 1994 201 2018 ut
212 1990 247 2018 ab
259 1990 414 2019 Alexandro
426 1991 631 2027 Hieropolitano
646 1991 682 2027 (ιι)
702 1992 885 2027 appellantur,

96 2036 224 2071 Epistula
233 2037 370 2072 paschales
389 2037 619 2074 undetriginta,ab
634 2039 666 2066 Α.
678 2038 708 2066 C.
723 2038 774 2066 4M
791 2038 825 2066 ad
836 2038 888 2066 445

97 2080 197 2109 habita:
211 2083 255 2109 vel
272 2082 306 2109 ad
320 2083 458 2111 Ecclesias
470 2084 570 2116 missae,
587 2083 621 2111 ad
647 2083 824 2111 indicendum
842 2091 888 2111 so-

97 2127 186 2154 lemne
193 2127 343 2156 Paschatos
352 2133 472 2164 tempus,
485 2129 559 2166 quod
566 2129 767 2164 archiepiscopi
774 2129 889 2156 Alexan-

98 2172 171 2199 drini
183 2172 223 2209 (ε)
239 2172 359 2201 cilicium
383 2174 466 2202 fuisse
477 2180 592 2203 constat.
619 2175 673 2204 Has
687 2175 799 2203 exhibet
832 2174 889 2202 Au-

920 335 965 363 sed
975 343 1053 362 suum
1076 339 1184 371 partum
1204 337 1358 371 suppressit,
1379 340 1408 362 ut
1421 336 1536 363 Antonio
1558 334 1707 367 Satmatiaz,

921 381 965 415 qui
982 381 1084 408 eosdem
1109 381 1296 413 transtulerat,
1329 381 1414 409 locum
1438 381 1524 408 daret.
1542 381 1679 409 Prmterea
1693 390 1708 408 a

921 427 1052 455 Federico
1067 428 1158 460 Metio,
1175 427 1358 455 Thermulano
1372 427 1510 463 episcopo,
1531 427 1627 455 Latine
1644 435 1708 454 ver-

922 482 967 502 sos
983 474 1147 502 Possevinus
1168 477 1310 501 memorat.
1331 473 1514 501 Numerantur
1530 474 1649 502 homiliaa
1658 473 1708 501 tri-

921 521 1006 556 ginta,
1034 521 1082 548 sed
1102 521 1139 548 ita
1163 525 1194 548 ut
1222 520 1304 548 tertia
1323 519 1440 547 deﬁcere
1464 519 1581 547 dicatur.
1608 521 1709 548 Paulus

923 575 987 595 vero
999 567 1132 595 Guldinus
1147 567 1174 594 S.
1192 566 1216 594 J.
1234 574 1282 598 .ex
1301 565 1437 593 mensium
1456 566 1623 600 paschalium
1645 573 1708 593 suc-

923 613 1046 640 cessione
1057 612 1132 639 visus
1149 616 1191 640 est
1214 612 1266 639 sibi
1293 611 1435 646 collegisse
1450 611 1552 638 nullam
1575 611 1604 637 in
1618 610 1709 638 medio

923 658 1085 690 desiderari,
1110 657 1158 685 sed
1175 665 1236 692 quae
1249 660 1346 692 quarta
1365 659 1537 688 numeratur,
1555 656 1709 683 habendam

923 704 1029 732 ratione
1043 703 1174 739 temporis
1189 711 1238 739 pro
1253 703 1345 736 tertia,
1359 707 1442 738 atque
1453 702 1491 730 ita
1507 702 1616 738 insequi
1628 706 1709 730 ciete-

924 757 968 777 ras
981 749 1015 777 ad
1030 749 1153 776 ultimam
1168 757 1263 784 usque.

967 807 1009 841 ιβ’.
1028 806 1152 834 Homiliae
1162 805 1275 833 diversa:
1289 805 1430 838 tredecim,
1449 804 1542 833 Graece
1561 808 1590 832 et
1603 804 1709 832 Latine.

891 871 909 898 Β
926 853 957 881 Ρ.
971 852 1100 884 550-416,
1115 856 1143 879 et
1158 859 1211 878 una
1227 851 1334 883 Latine,
1352 851 1390 878 De
1400 859 1429 878 eo
1444 851 1516 886 quod
1531 851 1640 878 Verbum
1663 850 1712 877 Dei

925 899 1025 934 factum
1039 900 1072 926 sit
1083 899 1170 929 homo,
1185 906 1246 932 qua:
1265 897 1361 932 incipit
1379 896 1673 932 :Profundumquidem
1687 900 1712 923 et

925 952 1071 979 magnum;
1090 947 1118 970 et
1127 943 1182 978 jam
1205 942 1346 977 prodierat
1362 941 1449 968 Paris.
1476 941 1555 973 1515,
1584 941 1612 968 in
1639 941 1665 972 8.
1683 949 1710 976 p.

925 988 1054 1016 416-117.
1070 988 1145 1016 Hanc
1168 986 1316 1015 Vulcanius
1334 994 1443 1021 quoque
1471 986 1626 1021 subiecerat
1641 986 1713 1013 libro

925 1039 1018 1062 contra
1028 1033 1320 1069 Anthropomorphitas,
1331 1041 1359 1067 p.
1370 1032 1432 1060 201.
1443 1032 1574 1060 Iiomilias
1581 1031 1713 1067 quasdam

926 1081 1020 1117 Cyrilli
1037 1085 1065 1108 et
1084 1079 1282 1115 Chrysostomi,
1298 1079 1401 1107 Gallice
1416 1086 1431 1106 a
1456 1086 1485 1106 se
1504 1086 1608 1111 versas,
1627 1077 1714 1105 edidit

927 1126 1055 1154 Morellus
1082 1125 1169 1152 Paris.
1191 1123 1269 1156 160.1,
1286 1123 1314 1151 in
1343 1124 1368 1150 8.
1386 1123 1553 1155 Gennadius,
1568 1130 1593 1150 e.
1622 1122 1666 1154 57,
1679 1121 1714 1149 de

926 1172 1046 1208 Cyrillo:
1063 1170 1194 1199 Homilies
1210 1171 1354 1206 composui!
1377 1169 1516 1205 plurimas,
1534 1176 1591 1204 qua
1609 1168 1644 1194 ad
1668 1168 1714 1194 de-

927 1218 1096 1246 clamandum
1111 1227 1127 1245 a
1151 1217 1258 1245 Crescite
1283 1216 1408 1251 episcopis
1428 1215 1561 1242 memor-im
1582 1221 1714 1241 commen-

928 1263 1038 1290 dantur.
1057 1262 1137 1290 FABR.
1152 1273 1190 1282 --ν
1206 1261 1306 1289 Oudin.
1317 1261 1337 1288 l.
1354 1268 1391 1292 c.,
1404 1259 1457 1287 col.
1484 1259 1564 1291 1010,
1585 1258 1619 1286 de
1633 1265 1714 1294 argu-

928 1308 1029 1336 mentis
1043 1308 1212 1343 singularum
1223 1307 1410 1338 homiliarum,
1426 1310 1454 1333 et
1477 1313 1538 1340 qua:
1553 1305 1581 1331 in
1599 1303 1715 1331 Auberti

928 1353 973 1381 ed.
988 1353 1107 1388 primum
1124 1353 1216 1381 Graece
1236 1353 1326 1380 lucem
1359 1356 1534 1387 aspexerant,
1550 1351 1614 1386 agit.
1636 1365 1671 1371 -—-
1685 1350 1716 1377 In

930 1398 1013 1425 variis
1028 1403 1120 1425 autem
1139 1397 1206 1425 bibl.
1236 1401 1343 1425 exstant
1364 1396 1590 1432 Cyrillihomilia:
1617 1403 1716 1422 manu-

930 1443 1048 1478 scripts.
1063 1443 1092 1470 In
1107 1442 1168 1474 cod.
1184 1441 1316 1469 Escorial.
1329 1440 1512 1469 llomiliarum
1543 1441 1716 1471 festivarum,

932 1493 1040 1516 tomusr
1056 1493 1084 1516 et
1093 1497 1121 1521 ll,
1132 1489 1164 1517 γ.
1174 1488 1264 1516 Pluer.
1274 1488 1292 1515 l.
1307 1495 1343 1520 c.,
1353 1495 1379 1522 p.
1396 1487 1456 1514 165.
1473 1485 1561 1521 Atque
1573 1493 1607 1513 ne
1622 1485 1718 1513 charta

933 1539 1110 1570 temporeque
1124 1535 1232 1566 abutar,
1250 1534 1278 1561 in
1294 1541 1394 1569 genere
1406 1537 1511 1562 tantum
1526 1531 1673 1567 quosdam,
1689 1531 1718 1558 in

928 1582 1028 1617 quibus
1036 1581 1265 1609 servanturmodo
1272 1580 1375 1616 plures,
1383 1579 1464 1606 modo
1470 1578 1584 1614 singulae
1590 1577 1718 1609 bomilim,

930 1628 1011 1655 codd.
1026 1631 1074 1655 aut
1092 1627 1228 1662 catalogus
1244 1626 1373 1654 codicum
1387 1625 1535 1652 nominabo
1552 1633 1559 1651 :
1579 1623 1720 1651 Florentice

929 1673 957 1700 in
974 1673 1041 1700 bibl.
1068 1673 1197 1700 Laurent.
1227 1672 1324 1699 Medic.
1352 1671 1449 1699 obvios
1475 1670 1590 1698 Bandin.
1615 1673 1681 1696 tom.
1709 1667 1720 1696 I

931 1717 990 1746 Cat.
1003 1718 1078 1745 codd.
1092 1718 1138 1746 Gr.
1159 1717 1242 1744 Laur.
1263 1720 1388 1745 recenset
1406 1722 1548 1744 sermones
1569 1716 1597 1742 in
1626 1722 1721 1741 occur-

931 1772 989 1791 sum
1002 1763 1117 1795 Domini,
1135 1771 1162 1798 p.
1181 1763 1242 1795 419,
1263 1770 1291 1789 n.
1307 1762 1353 1794 32,
1378 1765 1406 1788 et
1431 1769 1459 1796 p.
1487 1760 1549 1792 442,
1575 1767 1604 1787 ιι.
1631 1759 1666 1792 8;
1692 1760 1721 1786 in

933 1810 1193 1846 transﬁgurationem
1217 1808 1333 1840 Domini,
1362 1815 1389 1843 p.
1403 1807 1470 1839 155,
1494 1815 1523 1834 n.
1548 1806 1593 1833 25.
1608 1821 1643 1825 —
1657 1805 1718 1832 Sec.

934 1855 993 1884 Cat.
1011 1854 1206 1890 codd.Angliw,
1221 1859 1286 1881 tom.
1301 1853 1322 1886 l,
1343 1853 1371 1884 in
1386 1852 1447 1880 cod.
1464 1852 1575 1881 Barocc.
1591 1859 1620 1878 n.
1634 1850 1678 1882 85,
1694 1853 1723 1877 et

935 1902 1011 1934 alibi,
1042 1902 1083 1930 uti
1099 1902 1156 1937 jam
1187 1908 1270 1936 supra
1303 1899 1481 1927 notavimus:
1513 1898 1540 1925 in
1574 1895 1720 1925 cod.Rob.

934 1947 1116 1982 Huntington,
1130 1954 1160 1973 n.
1176 1945 1256 1978 5819,
1272 1944 1330 1973 Cat.
1348 1943 1437 1976 Bodl.,
1464 1942 1527 1979 Cyr.
1541 1941 1661 1969 homiliaa
1677 1940 1722 1972 44,

936 1993 1062 2021 Arabice.
1078 2007 1114 2012 —
1127 1991 1214 2019 Paris.
1227 1991 1255 2018 in
1271 1990 1339 2017 bibl.
1356 1989 1432 2024 publ.
1446 1989 1521 2016 hom.
1541 1988 1569 2014 in
1588 1993 1725 2013 occursum

937 2038 1044 2066 Domini
1069 2038 1097 2065 in
1118 2037 1207 2065 tribus
1231 2035 1330 2068 codd.;
1358 2036 1385 2062 in
1402 2033 1680 2069 transfigurationem,
1696 2031 1725 2058 in

938 2082 1032 2110 decem
1047 2082 1145 2115 codd.;
1160 2082 1187 2109 in
1201 2089 1312 2113 cmnam,
1343 2080 1370 2107 in
1389 2079 1496 2106 duobus
1521 2077 1619 2109 codd.;
1635 2077 1662 2103 in
1678 2084 1727 2111 pa—

939 2128 1058 2156 rabolam
1073 2129 1162 2160 vincte,
1175 2127 1203 2154 in
1213 2126 1273 2154 cod.
1292 2124 1450 2157 DCCLXXl;
1463 2124 1489 2151 in
1500 2122 1686 2159 paralyticum,
1695 2121 1726 2148 in

940 2175 1001 2203 cod.
1013 2173 1140 2206 MDXCV;
1155 2175 1181 2200 in
1193 2171 1412 2208 puriﬁcationem,
1429 2170 1457 2197 in
1471 2177 1496 2196 c.
1517 2167 1669 2196 “CLXXIII
1679 2175 1686 2199 ;
1697 2166 1726 2200 in

99 2217 194 2246 bertus
224 2227 285 2254 pag.
319 2220 414 2253 1-550,
443 2229 478 2248 ex
514 2221 634 2249 editione
668 2221 890 2249 Gnaeo-Latina
905 2230 927 2258 ι)
942 2220 1046 2248 laudem
1060 2219 1091 2247 Β.
1104 2219 1207 2250 Moriar,
1226 2219 1254 2246 in
1268 2218 1358 2245 tribus
1377 2217 1457 2244 codd.
1471 2225 1478 2249 ;
1494 2220 1522 2243 ct
1536 2223 1571 2242 ex
1597 2213 1728 2242 Vaticana

99 2264 212 2292 Antonii
230 2265 378 2298 Salmatiae,
393 2266 537 2302 theologia:
548 2267 576 2295 in
590 2267 771 2295 Ambrosiano
784 2267 888 2295 Medio-

100 2309 205 2337 lanensi
237 2307 352 2346 collegio
375 2311 508 2344 doctoris,
528 2321 589 2348 quae
607 2322 622 2341 e
644 2315 775 2342 Vaticano
794 2314 889 2342 codice

102 2363 164 2382 cum
183 2361 365 2398 commentar.
399 2356 426 2384 in
452 2357 511 2385 loca
541 2351 720 2387 Pentateuchi
748 2359 891 2394 prodierat

102 2402 234 2437 Antucrp.
255 2402 331 2434 1618,
352 2402 399 2430 fol.
417 2402 466 2438 (ά).
478 2402 602 2431 Habebat
618 2408 647 2432 et
655 2404 779 2433 Andreas
791 2405 890 2433 Schol-

103 2502 177 2530 codd.
193 2503 240 2538 Gr.
257 2502 352 2533 Laur.,
367 2502 389 2533 I,
404 2509 433 2538 ι).
447 2501 483 2530 59
497 2510 551 2538 ξφ,
564 2507 593 2532 et
603 2503 664 2531 556.
682 2502 765 2531 ΗΑικι.

139 2539 177 2575 (ιι)
193 2537 247 2571 Sed
262 2537 404 2575 Watchius
423 2537 441 2575 l.
458 2545 495 2570 c.,
507 2537 568 2574 pag.
591 2538 653 2575 680,
669 2538 797 2575 de_libris
811 2546 826 2566 a
838 2538 892 2575 Cy-

104 2572 172 2601 riro
199 2576 296 2600 contra
318 2572 479 2600 Nestorium
506 2572 675 2608 compositis,
695 2573 802 2600 dubitat
832 2572 893 2601 ea'rn

104 2608 258 2636 versionem
271 2615 332 2635 esse
347 2608 457 2643 plenam
477 2612 558 2643 atque
572 2609 716 2643 integram,
736 2613 764 2635 et
780 2613 895 2636 annotat

104 2644 256 2672 versionem
283 2648 408 2671 veterem
432 2649 539 2670 exstare
573 2644 601 2671 in
627 2643 712 2671 Mansi
737 2643 894 2671 Cattectione

105 2679 235 2706 concilim.
262 2678 440 2714 amplissima,
455 2683 521 2705 tom.
531 2679 562 2711 V,
580 2687 640 2714 pag.
658 2679 718 2711 Ml,
729 2679 756 2710 2,
767 2679 793 2707 5.
809 2679 892 2706 ΗΑιιι.

139 2714 174 2749 (b)
185 2713 343 2741 Alexander
356 2713 576 2749 Hierapolitanus
591 2713 704 2749 epistola
720 2714 753 2741 ad
763 2714 892 2741 Acacium

621 2749 655 2776 62
674 2749 753 2776 Νουιε
783 2749 890 2777 Collect.

105 2784 399 2812 conciliarat-uiciniam
412 2789 448 2810 est
462 2784 564 2811 cuilibet
581 2784 674 2812 teaenti
697 2792 756 2812 cum
773 2785 892 2812 veritatis

105 2828 191 2847 amore
205 2819 330 2856 capitula
346 2819 403 2853 ejus
422 2818 536 2856 (Cyrilli)
552 2824 575 2845 et
588 2818 715 2856 Epistolis
723 2820 757 2856 ad
768 2820 892 2856 Hebrreos

104 2854 357 2885 interpretationan‘
374 2857 397 2880 et
413 2854 533 2881 eoistolas
553 2854 785 2884 rel'l’csﬁuam't‘rl
814 2855 890 2882 alias.

106 2748 314 2780 Berrhocnsem,
335 2748 408 2783 apud
435 2748 526 2776 Baluz.
552 2757 579 2784 p.

936 2267 1004 2294 bibl.
1023 2266 1116 2302 plures
1130 2263 1379 2300 homilize,Coptice
1396 2270 1451 2291 scr.
1465 2263 1497 2291 ν.
1513 2263 1628 2290 Recens.
1644 2259 1724 2288 codd.

938 2320 1003 2341 mss.
1022 2312 1069 2348 qui
1088 2320 1123 2339 ex
1150 2311 1277 2339 biblioth.
1297 2311 1384 2339 Vatic.
1404 2308 1629 2345 procuratoribus
1655 2306 1724 2334 Gali.

940 2359 1034 2388 traditi
1052 2358 1139 2390 tuere,
1150 2366 1178 2394 p.
1194 2358 1228 2386 56
1243 2362 1271 2385 et
1287 2358 1331 2389 57,
1359 2365 1389 2384 n.
1407 2357 1456 2384 157
1472 2364 1504 2384 ac
1521 2355 1581 2386 160,
1594 2358 1622 2381 et
1640 2361 1668 2389 p.
1679 2352 1725 2384 58,

939 2414 967 2434 n.
987 2405 1049 2433 164.
1065 2419 1100 2425 -
1115 2403 1229 2433 Taurini
1240 2404 1269 2430 in
1279 2403 1347 2430 bibl.
1363 2402 1458 2438 Regia,
1474 2401 1592 2428 sermoin
1599 2398 1726 2426 solemnia

940 2508 965 2532 et
981 2505 1102 2531 universa
1117 2503 1174 2538 ejus
1190 2502 1416 2538 conscripta,retc.

976 2539 1010 2576 (ε)
1023 2533 1137 2567 5111111θὲ
1150 2542 1256 2566 exstant
1276 2533 1396 2564 liomilize
1406 2536 1463 2563 sive
1476 2533 1598 2574 epistola:
1612 2533 1712 2568 pascha

939 2574 980 2602 les
992 2573 1135 2602 Athanasii
1152 2578 1180 2601 et
1193 2572 1337 2607 Theophili
1359 2571 1447 2607 Almo,
1464 2574 1494 2597 ut
1510 2572 1643 2607 omittam
1660 2577 1730 2603 quas

940 2610 1062 2645 Dionysii
1080 2610 1156 2636 Alex.
1184 2603 1329 2645 memorat
1339 2605 1499 2645 AEuﬂsebius,
1514 2603 1604 2645 Lucii“
1613 2603 1730 2645 Alexan-

940 2638 1021 2672 drini"
1044 2645 1224 2679 Hieronymus
1250 2651 1274 2679 ς.
1290 2640 1508 2679 Ῠ118γβαιαιοθί.
1532 2638 1632 2666 Confer
1646 2638 1729 2666 Tille-

942 2684 1027 2707 mont.
1044 2684 1109 2707 tom.
1125 2676 1194 2710 XIV,
1209 2687 1236 2713 p.
1250 2678 1311 2709 269,
1334 2676 1396 2714 270-
1489 2710 1507 2714 _,
1563 2709 1601 2714 __.
1635 2708 1642 2714 .
1679 2708 1707 2714 λ.

982 2715 1019 2751 (d)
1032 2714 1131 2753 Anton:
1146 2708 1281 2742 Salniatia:
1295 2708 1414 2753 prolegg.
1431 2710 1537 2753 erudita
1563 2709 1613 2753 Ell.
1626 2708 1663 2753 du
1679 2708 1728 2753 ltili!

946 2750 973 2778 in
984 2743 1339 2785 ‘compendiumrcontraiit,
1353 2743 1457 2785 etinde
1468 2745 1568 2785 Oudin.
1584 2743 1657 2785 μέλ,
1675 2743 1728 2770 col.

946 2785 1015 2812 1055
1037 2778 1108 2820 εἶίτμ
1132 2784 1298 2820 verhotenus
1325 2782 1483 2820 retulit.__et
1501 2780 1552 2807 col.
1583 2778 1651 2805 1056
1667 2785 1726 2820 sqq.

946 2821 998 2882 ξω
1009 2815 1182 2856 persequitur
1195 2818 1361 2854 singularum
1373 2815 1546 2845 homiliarum
1555 2817 1726 2849 argumenta.

970 2863 1028 2882 λιιι..

970 2863 1001 2882 ΛΠ
1006 2863 1018 2882 Ι.
1023 2876 1028 2881 -
