1929 3042
188 154 194 160 ν
209 142 244 171 05
826 137 966 166 NOTITIA
986 136 1032 164 EX
1051 134 1220 164 FABRICIO.

1818 125 1876 149 Μ

210 203 238 226 et
253 198 287 226 de
300 197 362 234 eius
373 196 489 233 epistola
500 196 535 224 ad
555 195 650 224 Narin.
670 195 698 222 in
728 194 813 223 Mansi
837 194 900 222 coll.
930 197 997 222 tom.
1014 195 1035 224 Α
1050 193 1102 220 reti
1115 189 1327 227 objectionibus,
1347 195 1378 214 ac
1394 183 1617 234 dentom—rCyrilli
1634 180 1877 234 defensioni-lius

210 244 267 277 VII,
282 252 309 280 p.
324 243 376 271 545
389 251 442 278 sq.,
461 243 489 270 in
501 249 556 278 qua
570 241 662 269 minus
685 241 765 276 plene
789 240 935 276 exponitur
954 239 998 266 hi-
1031 264 1034 266 .

210 290 296 317 storia
307 289 458 317 turbarum.
471 287 554 314 Plura
566 286 599 314 de
607 287 668 322 ejus
677 286 742 314 fatis
754 290 848 313 narrat
857 284 999 312 Asseman.

212 335 241 362 in
255 334 322 362 Bibl.
338 333 438 361 Orient.
460 336 524 360 tom.
539 332 560 364 I,
571 340 598 367 p.
612 331 662 359 199
680 339 740 366 sqq.
758 330 841 358 llinL.

247 383 292 414 rq’,
311 378 520 413 Ἀπολογητιχὸς
544 378 614 414 ὑπὲρ
634 378 688 404 τῶν
715 377 817 404 δώδεκα
846 375 1002 410 κεφαλαῖων

212 425 280 460 πρὸς
301 424 363 456 τοὺς
375 424 426 459 τῆς
454 424 597 459 ’Δνατολῆς
616 423 792 455 ἐπισκόπους,
809 421 1002 458 Apologeticus

193 477 261 506 'pro
289 469 337 497 XII
362 470 488 508 capitulis
516 469 647 497 adversus
678 469 823 497 orientales
848 468 1001 503 episcopos,

212 522 329 551 quorum
344 516 455 544 nomine
470 515 592 544 Andreas
615 516 809 543 Samosatenus
834 515 1003 550 objectiones

212 561 360 596 scripserat
372 570 399 597 p.
418 562 561 590 157-200.
588 562 617 589 In
638 562 743 589 Latinis
763 561 932 589 editionibus
953 568 1001 588 ex-

213 611 271 635 stat
280 607 434 644 Wolfgangi
449 608 563 636 Musculi
580 608 778 643 interpretatio,
798 607 899 635 additis
918 607 1000 634 etiam

213 652 274 680 aliis
290 653 431 680 nonnullis
444 661 478 680 ex
493 652 569 680 Actis
589 652 696 680 concilii
724 652 865 687 Ephesini.
889 652 923 679 At
945 652 1002 679 Au-

214 696 310 724 bertus
328 697 425 731 edidit,
442 698 481 725 uti
497 697 589 725 Graece
600 702 628 725 et
644 697 740 725 Latine
762 697 861 732 legitur
881 697 909 724 in
927 701 1004 732 parte

214 749 242 768 In
267 741 400 769 Actorum
432 742 528 778 synodi
555 742 709 776 Ephesinzc,
744 746 809 769 tom.
833 741 842 769 I
869 742 951 775 Binii,
975 750 1002 776 p.

213 785 266 813 3I8
277 786 327 822 (α).
337 787 437 814 Exstat
447 791 474 814 et
489 794 551 814 cum
567 786 643 813 Marii
656 786 814 813 Mercatoris
826 786 952 813 versione
976 786 1004 813 in

212 831 358 860 Μενδαῖον-ε
371 832 507 865 Garnerii,
527 837 592 860 tom.
609 832 643 864 lI,
659 840 718 868 pag.
738 832 797 859 152.
821 832 952 868 Cyrillum
975 833 1003 859 ὲν

213 879 247 913 τῇ
286 878 355 913 πρὸς
382 877 569 910 amomo;
594 878 722 913 ἐπιστολῇ
746 877 839 905 laudat
875 878 1005 915 Ephraim

214 923 286 960 apud
303 924 432 957 Photium
440 923 501 952 eod.
514 932 619 955 ccxxtx,
629 932 656 959 p.
671 924 732 957 422,
744 924 806 957 425,
819 924 881 951 451.

252 969 295 997 ιϐ’.
322 970 392 1006 Πρὸς
406 970 456 1005 τὴν
469 970 545 1006 παρὰ
562 970 736 1006 Θεοδωρήτου
751 970 820 997 κατὰ
836 970 889 996 τῶν
903 969 1007 997 δώδεκα

214 1014 370 1049 κεφαλαίων
386 1015 557 1052 ἀντίρρησιν,
573 1014 703 1041 Adversus
718 1015 941 1050 impugnationem
955 1014 1006 1041 XII

215 1060 393 1096 capitulorum
419 1069 434 1088 α
460 1061 612 1088 ΤΙιεοιίονίιο
654 1060 762 1092 editam,
794 1060 933 1094 praemissa
972 1060 1006 1087 ad

215 1106 361 1142 Evoptium
390 1106 425 1143 (b)
452 1104 546 1143 Cyrilli
567 1108 692 1143 epistola,
717 1112 745 1136 et
776 1108 938 1135 Theodoreti
973 1108 1006 1135 ad

213 1152 347 1181 Joannem
360 1153 580 1186 Antiochenum;
594 1162 645 1181 nec
656 1162 711 1181 non
734 1154 856 1190 ejusdem
880 1154 1006 1182 Theodo-

215 1197 267 1225 reti
283 1199 433 1234 ἀνατροπῇ,
449 1199 506 1226 sive
522 1200 725 1235 oppugnatione
737 1200 845 1227 illorum
861 1199 908 1227 XII
932 1200 1007 1235 capi—

217 1243 347 1276 tulorum,
361 1252 388 1280 p.
408 1245 538 1272 200—240.
553 1245 582 1272 In
605 1245 711 1273 Latinis
736 1245 904 1273 editionibus
920 1250 1008 1273 exstat

213 1296 230 1316 e
244 1289 370 1317 versione
387 1290 465 1318 Joan.
482 1291 699 1326 OEcolampadii,
713 1291 765 1320 sub
791 1292 870 1318 titulo
893 1291 952 1318 libri
974 1292 1008 1318 ad

216 1333 369 1370 Evoptium.
393 1335 461 1363 Cum
479 1336 524 1363 illa
547 1337 672 1364 versione
690 1337 808 1371 primum
829 1337 918 1364 lucem
940 1337 1009 1364 vidit.

216 1379 245 1406 in
258 1380 380 1407 Antidota
399 1381 521 1409 adversus
537 1383 657 1415 Itwrcscs,
679 1382 760 1410 Basil.
778 1383 857 1415 1328,
882 1383 928 1410 fol.
955 1383 1008 1410 Sed

217 1425 354 1453 Aubcrtus
374 1427 494 1461 praetulit
513 1428 677 1460 versionem,
696 1436 813 1464 quacum
837 1429 958 1457 occurrit
981 1430 1009 1456 in

217 1475 294 1507 parte
306 1480 322 1498 v
333 1472 463 1500 Actorum
475 1474 585 1507 concilii
598 1474 739 1510 Ephesini,
753 1479 818 1502 tom.
835 1475 844 1502 I
860 1475 930 1502 Binii
946 1483 1007 1511 pag.

217 1518 279 1545 3M.
294 1518 406 1553 Legitur
421 1523 448 1546 et
467 1527 529 1547 cum
555 1519 632 1547 Marii
654 1520 812 1548 Mercatoris
834 1521 958 1548 versione
980 1520 1007 1548 in

218 1563 362 1592 Mercatore
384 1564 507 1592 Garnerii
529 1570 594 1592 tom.
619 1565 639 1598 I,
668 1574 695 1601 p.
718 1566 777 1593 I78.
797 1567 928 1594 Memorat
957 1567 1009 1594 hoc

217 1611 351 1646 scriptum
362 1619 442 1638 suum
454 1611 571 1647 Cyrillus
586 1612 642 1647 ipse
658 1613 736 1647 epist.
752 1612 785 1640 ad
806 1613 961 1648 Eulogium,
982 1622 1007 1649 p.

222 1657 282 1689 154,
303 1661 330 1685 et
347 1658 437 1692 priore
450 1658 484 1685 ad
501 1657 679 1690 Succensmn,
692 1666 752 1694 pag.
778 1659 838 1686 140.
858 1659 896 1687 De
919 1659 1010 1686 Theo-

218 1701 307 1730 doreti
321 1703 561 1740 contra,CyrilIum
573 1705 749 1732 contentione
764 1705 898 1732 videndus
921 1705 1010 1732 Leon-

221 1748 276 1775 tius
288 1748 326 1775 De
339 1750 425 1781 sectis,
442 1758 468 1785 p.
482 1750 533 1777 45-5
543 1758 600 1785 seq.
619 1750 699 1777 Fann.

257 1793 383 1822 Defensio
396 1795 578 1830 capitulorum
592 1795 640 1822 XII
653 1803 766 1823 suorum
779 1796 910 1826 adversus
921 1796 1011 1823 Theo-

220 1839 357 1872 doretum,
370 1841 457 1868 Paris.
484 1841 512 1868 in
535 1841 596 1869 cod.
626 1841 845 1874 DCCCXXXV‘II,
874 1850 902 1869 n.
934 1842 959 1873 I,
985 1847 1013 1869 et

221 1884 283 1913 cod.
298 1883 516 1921 DCCCLXXXII,
531 1887 558 1913 in
575 1894 630 1922 quo
654 1891 718 1914 sunt
741 1887 835 1924 Cyrilli
862 1887 895 1914 ad
916 1887 1013 1914 Nesto-

221 1931 292 1958 rium
321 1931 442 1966 epistohe
465 1937 493 1959 et
516 1933 806 1960 anathematismorum
829 1933 917 1968 capita
944 1932 1012 1966 XII;

222 1975 387 2003 Theodoreti
400 1977 514 2012 epistola
529 1978 561 2004 ad
575 1977 714 2014 Cyrillum,
729 1985 782 2012 qua
802 1978 919 2013 primum
943 1978 1015 2005 illius

221 2027 303 2057 caput
315 2022 490 2056 confutatur;
511 2023 606 2060 Cyrilli
623 2024 704 2059 epist.
727 2024 761 2051 ad
781 2023 938 2059 Evoptium,
961 2031 1015 2059 qua

221 2069 341 2103 primum
356 2075 438 2104 caput
451 2069 625 2102 defenditur;
649 2070 761 2098 alterna:
777 2070 946 2105 reliquorum
969 2078 1014 2097 ca-

221 2110 307 2146 pitum
313 2111 707 2145 refutationesctdefensiones;
715 2112 807 2148 Cyrilli
814 2113 924 2140 homilia
932 2112 969 2139 De
976 2113 1017 2139 in-

221 2158 375 2184 carnatione
384 2157 431 2185 Dei
442 2157 513 2185 Verbi
521 2167 530 2190 ;
539 2158 660 2193 ejusdem
675 2157 908 2185 Commonitorium
917 2158 951 2186 ad
960 2159 1016 2186 Eu-

1052 247 1075 266 s.
1089 226 1244 272 responsis;
1261 235 1295 263 de
1307 240 1362 269 quo
1379 232 1441 260 cod.
1454 232 1487 260 γ.
1501 231 1617 259 Bandin.
1636 230 1654 257 1.
1670 236 1707 262 c.,
1723 237 1752 264 p.
1783 226 1873 256 5-H.

1052 284 1100 320 qui
1115 286 1238 315 annotat,
1253 280 1435 316 objectionem
1460 278 1575 314 primam
1601 280 1707 312 scptem
1733 273 1879 302 circiter

1052 337 1149 358 versus
1164 327 1412 362 initiolongiorem
1429 332 1489 352 esse
1503 324 1530 351 in
1542 323 1655 355 codice;
1670 320 1767 357 Cyrilli
1781 326 1875 346 vero

1052 375 1258 411 responsionem
1270 373 1404 402 decimam
1424 379 1485 399 esse
1500 370 1528 397 in
1546 369 1598 397 ﬁne
1613 368 1786 403 longiorem;
1802 373 1869 392 ex—

1052 427 1139 450 trema
1160 429 1221 450 esse
1241 419 1335 456 Cyrilli
1355 416 1522 446 defensionis
1545 419 1640 443 contra
1662 412 1871 441 Orientalium

1053 469 1240 504 objectiones;
1262 465 1403 494 undecimi
1417 463 1536 498 denique
1553 469 1585 488 ac
1601 458 1760 488 duodecimi
1778 465 1869 485 ana—

1053 514 1221 542 thematismi
1233 512 1402 548 objectiones
1416 517 1447 537 ac
1461 508 1636 536 defensiones
1651 514 1705 533 non
1718 512 1783 532 esse
1804 510 1872 530 cas

1055 569 1115 597 qua:
1127 561 1256 596 leguntur
1270 559 1296 586 in
1313 557 1357 585 ed.
1374 554 1488 584 Auberti
1506 558 1560 581 tom
1586 552 1630 584 VI,
1655 559 1682 587 p.
1712 548 1867 597 οδε-ξω,

1054 607 1102 635 sed
1113 615 1174 642 quae
1185 609 1292 634 exstent
1307 604 1335 632 in
1349 602 1525 638 Apologetico
1537 600 1669 627 adversus
1681 596 1866 626 Orientales,

1054 661 1081 688 p.
1097 651 1223 680 190—193.

1089 697 1257 725 Vindobonae
1273 696 1300 723 in
1314 695 1375 723 cod.
1395 693 1524 725 LXXVII,
1545 693 1573 720 in
1586 699 1640 727 quo
1659 690 1754 726 plures
1781 693 1867 716 sunt

1053 744 1146 780 CyriIIi
1168 744 1339 777 aliorumque
1361 740 1492 776 epistolae,
1513 739 1547 766 ad
1574 738 1644 765 hanc
1672 736 1863 772 potissimum

1055 789 1267 818 controversiam
1283 787 1464 823 pertinentes,
1482 790 1510 812 et
1525 785 1619 820 plures
1631 782 1740 811 concilii
1756 781 1864 816 Ephe~

1055 835 1109 862 sini
1120 834 1266 862 relationes
1281 833 1313 860 ad
1331 833 1519 867 imperatores,
1536 833 1618 864 atque
1641 827 1763 863 epistolae
1779 826 1864 853 alia-

1057 888 1110 916 que
1136 879 1276 915 opuscula.
1300 879 1412 913 Legitur
1438 885 1468 903 n.
1492 875 1526 903 48
1547 875 1643 911 Cyrilli
1665 873 1784 909 epistola
1820 871 1863 898 ad

1056 927 1204 962 Evoptium
1227 930 1322 953 contra
1349 923 1516 952 Theodoreti
1542 920 1777 957 impugnationem
1803 918 1864 945 XII

1056 972 1359 1003 anathematismorum,
1377 977 1410 997 ac
1428 977 1457 996 n.
1470 968 1514 1000 £9,
1531 967 1626 1003 Cyrilli
1641 966 1688 993 XII
1700 965 1862 992 Anathem.

1056 1024 1152 1047 contra
1163 1017 1332 1050 Nestorium,
1348 1024 1499 1051 eorumque
1512 1013 1668 1050 explanatio
1679 1020 1772 1040 coram
1786 1019 1864 1039 con-

1057 1065 1121 1092 cilio
1137 1064 1287 1099 Ephesino,
1304 1067 1335 1090 ut
1349 1067 1378 1090 et
1389 1061 1548 1089 eorumdem
1571 1059 1693 1087 defensio
1717 1058 1864 1086 adversus

1057 1110 1222 1138 Theodoreti
1234 1108 1472 1144 reprehensiones.
1491 1107 1522 1134 V.
1539 1104 1678 1133 Lambecii
1701 1103 1860 1131 Comment.

1057 1156 1102 1187 III,
1113 1155 1166 1182 col.
1182 1154 1235 1182 592
1250 1162 1303 1189 sq.,
1323 1154 1368 1181 ubi
1383 1160 1449 1180 vero
1463 1151 1564 1178 Kollar.
1583 1148 1778 1177 animadvertit
1789 1156 1862 1176 esse

1057 1200 1211 1236 apologiam
1229 1207 1280 1234 pro
1294 1198 1340 1226 XII
1356 1195 1599 1225 Anathematismis
1611 1194 1745 1222 adversus
1757 1194 1860 1221 Theo-

1058 1247 1197 1278 doretum,
1210 1246 1236 1273 ei
1249 1250 1340 1272 tamen
1356 1244 1476 1271 immista
1492 1250 1553 1271 esse
1577 1242 1709 1270 nonnulla
1733 1246 1790 1269 tam
1819 1249 1862 1268 ex

1058 1291 1218 1319 eorumdem
1230 1290 1434 1325 explanatione,
1450 1296 1531 1324 quam
1549 1287 1632 1315 etiam
1654 1295 1690 1315 ex
1713 1287 1859 1323 apologia.

1058 1337 1190 1365 adversus
1204 1335 1357 1364 Orientales
1368 1335 1528 1370 desumpta;
1544 1338 1572 1362 et
1580 1334 1660 1370 digna
1667 1334 1725 1361 haec
1738 1333 1862 1360 omnino

1059 1391 1120 1411 esse
1139 1390 1200 1418 quae
1227 1389 1289 1410 cum
1312 1381 1379 1409 edit.
1403 1380 1518 1409 Auberti
1544 1384 1610 1407 tom.
1634 1379 1677 1412 Vl,
1705 1387 1767 1414 pag.
1789 1378 1859 1409 205,

1059 1429 1246 1461 conferantur,
1264 1428 1365 1463 quippe
1377 1435 1440 1455 cum
1456 1427 1499 1454 vel
1514 1426 1610 1462 primat
1623 1425 1790 1453 Theodoreti
1802 1434 1859 1452 an—

1061 1475 1208 1503 tirrheseos
1226 1474 1334 1502 initium
1349 1482 1383 1501 ex
1395 1474 1478 1501 hocce
1490 1473 1551 1501 cod.
1563 1472 1695 1508 integrius
1709 1472 1767 1500 dari
1788 1479 1857 1507 pos-

1022 1538 1043 1567 Ο
1061 1520 1106 1548 sit.
1121 1520 1155 1567 In
1165 1519 1226 1547 eod.
1238 1519 1330 1567 CLXI,
1344 1527 1372 1546 n.
1394 1518 1420 1551 5,
1442 1517 1695 1567 Anathemaﬂtismus
1717 1516 1763 1567 ης,
1789 1524 1860 1567 cuin

1060 1565 1208 1593 antirrhesi
1225 1564 1390 1592 Theodoreti
1407 1568 1435 1592 et
1447 1562 1571 1599 apologia
1585 1563 1696 1598 Cyrilli:
1713 1563 1806 1598 agitur
1817 1562 1858 1589 de

1059 1612 1235 1647 processione
1262 1611 1382 1646 Spiritus
1403 1610 1502 1638 sancti.
1529 1609 1562 1638 V.
1595 1609 1723 1638 Lambec.
1757 1608 1801 1640 IV,
1825 1617 1857 1644 p.

1060 1659 1122 1685 559.
1145 1658 1228 1685 ΠΑΜ..

1098 1709 1131 1733 κ’.
1151 1703 1371 1740 Ἀπολογητιχός,
1394 1702 1585 1738 Apologeticus
1599 1701 1633 1729 ad
1648 1702 1713 1736 imp.
1728 1700 1858 1728 Theodo—

1062 1753 1144 1781 sinm.
1163 1752 1227 1787 Pag.
1246 1751 1374 1778 Ωιι-252.
1391 1750 1490 1785 Incipit
1507 1759 1513 1776 :
1534 1749 1566 1775 Ἠ
1580 1748 1629 1784 μὲν
1647 1747 1706 1774 θεία
1721 1747 1769 1774 καὶ
1785 1747 1857 1781 ἀκή-

1064 1807 1154 1834 ρατος.
1182 1797 1212 1824 1η
1238 1796 1345 1824 Latinis
1369 1794 1539 1823 editionibus
1563 1793 1665 1829 legitur
1691 1801 1706 1820 e
1725 1792 1858 1820 versione

1062 1842 1215 1878 Wolfgangi
1236 1841 1361 1869 Musculi.
1390 1840 1443 1868 Sed
1464 1840 1603 1867 Aubertus
1630 1838 1751 1874 pnetulit
1781 1837 1858 1865 illam

1064 1896 1180 1924 quacum
1195 1891 1284 1915 exstat
1301 1887 1327 1914 in
1341 1891 1416 1922 parte
1431 1894 1460 1913 In
1476 1885 1607 1913 Actorum
1630 1884 1740 1912 concilii
1763 1883 1858 1919 Ephe-

1065 1934 1128 1966 sini,
1147 1941 1175 1969 p.
1196 1933 1259 1961 397.
1275 1932 1343 1961 Vide
1357 1933 1392 1960 de
1410 1933 1462 1959 hoc
1480 1931 1666 1967 Apologetico,
1682 1935 1744 1965 post
1761 1930 1856 1957 conci-

1061 1980 1132 2008 lium
1151 1979 1319 2015 Ephesinum
1334 1978 1447 2013 scripto,
1469 1976 1674 2004 Tillemontium
1698 1980 1764 2003 tom.
1784 1974 1856 2007 XIV,

1066 2034 1092 2062 p.
1107 2026 1169 2054 50L
1187 2026 1267 2053 FAnn.
1283 2041 1316 2045 —
1332 2025 1361 2052 In
1380 2024 1464 2052 Mansi
1480 2022 1588 2051 Collecl.
1607 2021 1726 2057 ampliss.
1749 2021 1855 2053 concil.,

1067 2072 1098 2103 ν,
1115 2079 1143 2106 p.
1163 2071 1216 2098 2i8
1237 2078 1296 2106 sqq.
1310 2091 1317 2101 ,
1336 2070 1399 2098 257.
1416 2084 1452 2088 -
1473 2069 1502 2096 In
1528 2068 1596 2095 bibl.
1617 2067 1719 2094 Bodlei.
1744 2067 1773 2094 in
1794 2066 1856 2094 cod.

1067 2117 1162 2150 Laudi,
1179 2125 1207 2144 n.
1227 2116 1292 2143 1271
1311 2115 1409 2148 Catal.,
1424 2113 1518 2150 Cyrilli
1537 2113 1740 2149 quatripartitus
1763 2112 1856 2147 apolo—

1067 2165 1175 2200 geticus.
1192 2164 1275 2191 HARL.

220 2203 831 2239 Iogiumapocrisiarium;excerptaescholiis
840 2203 1012 2232 Deincarna-
1029 2210 1050 2237 D
1101 2210 1144 2246 με
1169 2210 1275 2237 Fabric,
1297 2209 1336 2236 De
1357 2209 1495 2244 scripto".
1519 2208 1550 2235 a'c
1572 2207 1646 2234 verit.
1670 2205 1719 2232 rel.
1745 2205 1854 2238 Christ,

220 2251 290 2277 tione
302 2249 433 2286 Unigeniti
440 2259 448 2283 ;
458 2250 584 2286 ctCyrilIi
595 2251 717 2285 epistola:
725 2251 785 2278 duae
791 2251 824 2278 ad
836 2250 1012 2278 Sueccnsum.

257 2296 401 2324 Florentiae
411 2297 437 2324 in
452 2296 519 2324 bibl.
532 2296 661 2324 Laurent.
679 2296 739 2324 cod.
758 2297 853 2329 XII,n.
863 2297 890 2329 6,
903 2297 971 2332 plut.
986 2298 1013 2329 6,

218 2341 314 2377 Cyrilli
329 2342 552 2370 anathematismi
580 2342 639 2375 XII,
666 2343 703 2370 ita
731 2342 842 2378 quidem
866 2343 963 2378 digesti
984 2347 1015 2369 ut

218 2396 316 2416 eorum
330 2389 448 2424 quilibet
461 2389 611 2424 subjectam
628 2389 727 2417 habent
739 2388 832 2425 Cyrilli
845 2389 1014 2424 explanatio-

220 2441 293 2466 nem,
309 2433 473 2462 Theodoreti
495 2435 732 2469 reprehensiones,
753 2443 785 2462 ac
806 2443 901 2463 rursus
916 2434 1010 2470 Cyrilli

219 2479 418 2513 defensionem,
429 2481 487 2509 sive
495 2489 672 2517 responsum:
687 2481 809 2509 ordinem
822 2489 854 2508 ac
867 2481 1011 2508 diversita-

221 2530 276 2553 tem
294 2526 443 2554 lectionum
455 2528 635 2562 quarumdam
650 2529 685 2556 ab
699 2528 784 2556 editis
808 2528 920 2555 uberius
944 2528 1015 2555 indi—

220 2576 265 2598 cat
276 2571 391 2599 Bandin.
418 2573 446 2600 in
465 2572 523 2600 Cat.
538 2574 611 2601 codd.
627 2574 672 2601 Gr.
689 2573 770 2600 Laur.
786 2573 807 2605 l,
823 2582 884 2609 pag.
899 2574 950 2601 “8
972 2582 1013 2610 sq.

222 2617 331 2645 —Ibid.
347 2617 373 2645 in
386 2618 446 2646 eod.
460 2619 529 2651 XXI,
545 2628 573 2646 n.
594 2619 620 2651 8,
638 2619 708 2654 plut.
729 2619 756 2650 4,
781 2618 875 2655 Cyl-illi
899 2620 1014 2647 anathe-

221 2663 339 2691 matismi
357 2663 415 2698 XII,
433 2672 494 2692 cum
514 2673 609 2693 comm
627 2665 875 2700 explanationibns,
890 2665 1016 2693 Theodo-

260 2722 297 2786 ςπὲ
313 2723 342 2750 In
359 2724 420 2751 cod.
436 2725 532 2752 Bavar.
547 2724 614 2765 LIII.
629 2724 667 2765 .in
685 2723 746 2751 cod.
773 2723 846 2756 Flor.
878 2723 1010 2765 Laurent.

223 2757 280 2795 XVI
297 2779 304 2790 ,
321 2767 349 2786 n.
365 2759 408 2792 20,
426 2760 495 2795 plut.
509 2760 534 2792 7,
554 2759 728 2795 [inscribiturz
755 2759 883 2787 Adversus
904 2767 946 2786 eos
967 2767 1010 2794 qui

223 2793 313 2820 dicunt
336 2800 404 2821 recte
427 2793 660 2830 lmbcrcrNcstorii
686 2794 802 2830 placita;
830 2794 856 2821 in
879 2793 1011 2830 margine

222 2829 467 2891 ἳοὲἕνιῖἶιηάνρηγη,
482 2838 509 2856 n.
529 2829 746 2858 Samosalenum.
765 2830 796 2856 V.
815 2829 927 2857 Bandin.
945 2829 965 2857 I.
982 2837 1008 2863 p.

246 2871 254 2876 '
284 2884 288 2889 .
335 2873 392 2891 ΑΜ..

246 2871 288 2890 26.
310 2871 392 2891 ΗΛΜ,.

1064 2265 1123 2292 cap.
1139 2257 1165 2288 εὶ,
1180 2255 1193 2291 ς
1208 2256 1252 2288 26,
1264 2263 1292 2290 p.
1307 2255 1351 2282 99.
1373 2254 1475 2290 Usum}

1098 2305 1150 2329 κω.
1166 2302 1250 2336 Ὑπὲρ
1260 2301 1309 2336 τῆς
1319 2300 1372 2327 τῶν
1383 2300 1553 2336 Χριστιανῶν
1565 2300 1681 2334 εὐαγοῦς
1692 2298 1851 2333 θρησκείας.

1064 2347 1132 2381 πρὸς
1147 2346 1181 2372 τὰ
1193 2345 1239 2372 τοῦ
1256 2347 1284 2372 ὲν
1301 2345 1390 2377 ἀθέοις
1413 2345 1570 2373 ’Ῑουλιανοῦ.
1592 2344 1646 2373 Pro
1668 2349 1761 2372 sancta
1783 2343 1855 2371 Chri-

1062 2393 1210 2419 stianorum
1237 2391 1376 2428 religione,
1398 2391 1523 2419 adversus
1547 2391 1625 2419 libros
1647 2391 1720 2426 impii
1741 2390 1852 2421 Iuliani,

1065 2437 1124 2464 libri
1143 2437 1174 2470 X,
1193 2437 1266 2464 circa
1283 2437 1314 2464 Λ.
1334 2437 1364 2465 C.
1382 2437 1434 2464 455
1453 2436 1487 2471 (ι’)
1503 2437 1597 2472 scripti
1613 2437 1647 2464 ad
1669 2434 1852 2463 Theodosium

1066 2482 1217 2510 Juniorem.
1245 2483 1309 2518 Pag.
1333 2482 1427 2510 1-536.
1452 2482 1575 2519 [Diversa
1600 2487 1642 2510 est
1667 2482 1695 2509 in
1720 2481 1851 2508 sententia

1066 2527 1103 2554 La
1119 2527 1215 2559 Crozc,
1234 2527 1302 2555 Hist.
1322 2527 1418 2554 Christ.
1439 2527 1511 2560 Ind.,
1531 2528 1580 2555 lib.
1605 2535 1623 2559 ι,
1641 2535 1668 2562 p.
1691 2526 1733 2554 I6.
1756 2525 1850 2561 IIEL’M.]

1066 2573 1123 2600 IIoc
1145 2574 1306 2608 prmclarum
1333 2578 1416 2608 atque
1440 2573 1581 2601 eruditum
1606 2580 1675 2608 opus
1700 2571 1727 2598 in
1751 2571 1850 2598 Latinis

1065 2619 1233 2647 editionibns
1242 2623 1330 2647 exstat
1342 2627 1357 2646 e
1374 2620 1498 2647 versione
1514 2619 1626 2647 Joannis
1638 2617 1858 2653 0Ecolnmpadii,-

1066 2673 1128 2700 qua:
1151 2665 1271 2700 primum
1289 2664 1359 2692 vidit
1378 2665 1468 2693 lucem
1492 2663 1582 2701 [1528.
1599 2665 1632 2692 ν.
1646 2671 1727 2700 supra
1743 2663 1777 2691 ad
1791 2663 1805 2699 ς
1818 2661 1848 2690 III

1109 2723 1134 2758 b)
1153 2722 1339 2754 Ptolemaidis,
1350 2723 1531 2758 Pentapoleos
1541 2722 1670 2758 regionis,
1683 2721 1846 2756 episcopum.

1064 2758 1132 2786 Vide
1144 2758 1314 2789 Liberatnm,
1330 2765 1355 2784 c.
1377 2758 1403 2785 9.

1602 2800 1628 2827 p.
1646 2792 1693 2819 671
1713 2791 1811 2833 [Fabrp
1825 2792 1847 2833 in

1101 2793 1135 2828 (r)
1157 2793 1223 2820 Vide
1246 2793 1402 2820 Tillemont.
1425 2797 1491 2828 tom.
1512 2792 1580 2822 XIV.

1065 2828 1172 2856 Delum
1203 2837 1307 2863 argum.
1336 2833 1360 2854 et
1392 2827 1495 2863 syllaba
1523 2829 1645 2863 scriptor.
1676 2827 1720 2861 qui
1749 2828 1846 2854 veritut.

1065 2863 1196 2892 Cirris-1....
1217 2868 1394 2895 deseruerunt.
1410 2872 1435 2890 ο.
1450 2863 1560 2891 99-106.
1583 2863 1677 2891 ΝΛΜ-1
