1929 3042
256 139 293 168 61

255 205 383 227 sermone
398 197 436 226 De
448 199 631 226 incarnatione
644 197 722 226 Θεοῦ
736 200 845 233 Λόγου,
858 199 933 234 quod
949 199 977 227 S.
990 199 1050 227 Vir-

257 254 292 282 go
306 246 343 274 sit
357 245 497 277 Θεοτόκος.
512 245 650 280 Incipiunt
668 249 797 280 excerpta
815 245 860 272 illa
875 245 1022 282 Cyrilliana
1037 255 1045 274 :

256 292 348 319 υιτδν
363 292 480 327 Χριστὸν
503 292 543 323 εις
565 291 641 323 υἱοὺς
665 291 823 327 μερίζοντες
841 291 898 319 δύο.
921 291 1001 319 FABIt.
1015 304 1051 312 —

255 338 335 366 Conf.
350 337 453 366 Oudin.
473 337 492 364 I.
508 345 545 370 c.,
561 345 623 373 pag.
639 337 709 365 I048
723 345 783 373 sqq.

289 403 376 431 Paris.
397 403 425 430 in
445 403 511 431 bibl.
534 402 610 439 publ.
633 404 694 432 cod.
712 404 952 437 DCCCLXXXVII,
971 413 999 433 ιι.
1019 402 1046 438 3,

254 449 407 482 Anastasii,
429 450 590 485 patriarcha:
618 450 789 483 Amico-lieni,
809 455 834 478 et
854 451 948 487 Cyrilli
969 459 1048 486 expo-

252 496 312 522 sitio
330 496 480 523 ortlzodoaw
498 496 576 530 ﬁdei,
598 504 625 523 n.
641 497 667 529 4,
686 496 780 532 Cyrilli
798 505 841 532 op.
857 497 888 524 de
907 497 1045 530 Trinitate,

253 540 316 568 add.
342 540 412 568 infra
437 541 471 569 de
497 541 665 569 Damnsceuo
689 550 717 578 p.
743 543 805 576 796,
827 542 882 570 vol.
905 543 971 576 VIII,
989 547 1046 571 vet.

252 587 320 614 edit.
337 602 371 606 —
384 587 414 615 lu
428 588 575 615 Anccdotis
593 588 746 621 litterariis,
765 596 781 616 e
801 596 867 616 mss.
883 588 963 616 codd.
983 596 1047 616 eru-

253 633 299 664 tis,
316 633 371 660 vol.
389 633 434 664 III,
451 637 494 660 est
512 641 545 661 ex
561 634 622 661 cud.
637 633 762 661 Naniano
776 633 933 669 Epiphanii,
953 642 1046 662 mona-

252 679 298 706 chi
316 683 344 706 et
361 679 523 715 presbyteri,
546 678 586 706 De
604 679 659 706 vita
680 680 856 707 sanctissima:
872 679 995 716 Deiparte
1014 680 1046 707 li-

253 725 312 758 ber,
324 733 339 753 a
351 725 428 754 Joan.
441 725 550 761 Aloysiu
560 725 729 761 Mingarellio
739 725 832 753 Graece
845 730 873 754 et
885 726 944 753 Lat.
953 726 1045 754 editus

252 772 380 806 notisque
396 771 556 799 illustratus.
574 770 602 799 In
620 779 664 803 eo,
680 779 742 807 pag.
757 771 801 803 42,
817 771 987 807 Epiphanius
1002 779 1044 799 re-

251 817 304 846 fert
319 817 505 853 dijudicatque
522 817 626 853 Cyrilli,
642 817 682 844 uti
699 816 818 852 scripsit,
837 817 870 844 de
887 817 1043 852 genealogia

251 864 353 893 Christi
375 864 550 895 sententiam,
577 863 736 890 arbitrantis
750 863 824 890 haud
847 863 900 890 sibi
924 862 1042 890 invicem

250 910 392 938 adversari
417 910 597 945 evangelistas
625 909 782 936 Matthmum
810 916 843 937 ac
867 908 978 936 Lucam.
1002 909 1042 936 Ad

253 957 329 984 illum
350 956 440 983 locum
460 955 610 990 Mingarell.
634 962 695 990 pag.
716 954 760 987 85,
778 959 836 982 uut.
860 953 903 986 I5,
921 954 1043 982 animad-

250 1003 344 1034 vertit,
360 1001 388 1029 in
409 1001 504 1037 Cyrilll
523 1000 558 1028 ad
579 1007 642 1036 opp.
661 1000 731 1027 nihil
756 1000 808 1027 tale
833 1000 951 1028 inveniri
973 1008 979 1027 :
997 1008 1041 1028 ar-

251 1048 369 1077 bitratur
383 1047 466 1082 igitur
488 1045 589 1082 Cyrillo
604 1053 635 1072 ea
646 1045 737 1072 tribui
751 1045 786 1072 ab
801 1045 966 1080 Epiphanio,
981 1053 1042 1080 quze

249 1092 362 1120 Joannis
391 1090 551 1118 Damasccni
590 1090 655 1122 sint,
693 1089 722 1117 in
751 1089 824 1117 libro
858 1097 885 1117 IV
923 1089 962 1116 De
989 1089 1042 1124 ﬁde

250 1135 412 1167 orthodoxa,
435 1142 460 1162 c.
484 1135 527 1166 Μ,
552 1142 580 1170 p.
605 1134 667 1166 272,
690 1138 772 1169 atque
792 1133 885 1170 Cyrilli
909 1134 985 1162 Alex.
1006 1135 1041 1161 li-

251 1181 343 1213 brum,
361 1180 396 1208 ab
417 1180 539 1208 Auberto
563 1180 668 1208 editum
690 1184 772 1215 atque
796 1180 959 1216 inscriptum
978 1188 984 1207 :
1003 1180 1042 1208 De

249 1232 421 1256 sacrosancta
441 1227 580 1259 Trinitatc,
593 1226 696 1263 Cyrillo
715 1226 860 1259 tributum,
876 1227 945 1254 nihil
967 1227 1041 1255 aliud

249 1283 310 1302 esse
326 1282 408 1309 quam
438 1274 546 1301 initium
571 1273 662 1308 operis
686 1272 714 1300 S.
744 1273 858 1300 Joannis
881 1273 1041 1301 Damasceni

251 1320 289 1348 De
300 1320 352 1354 ﬁde
366 1320 521 1351 orthodoxa,
536 1319 662 1354 quamvis
676 1318 886 1354 interpolatum;
903 1324 930 1346 et
950 1320 1040 1355 suspi-

249 1370 338 1397 catur,
355 1364 383 1392 in
405 1364 569 1399 quibusdam
587 1363 667 1391 codd.
686 1364 751 1391 olim
772 1371 842 1399 opus
861 1365 928 1392 illud
946 1365 1042 1392 Dama-

251 1410 326 1438 sceni
355 1409 456 1446 Cyrillo
485 1409 570 1436 fuisse
602 1409 773 1445 inscriptum.
805 1409 918 1437 Librqu
951 1414 1041 1438 tamen

249 1455 396 1492 quemdam
409 1455 446 1482 De
456 1461 515 1482 ortu
530 1455 642 1491 Virginis
655 1455 756 1491 Cyl-illo
769 1455 845 1483 Alex.
860 1456 946 1483 tribui
958 1457 1040 1483 etiam

250 1511 265 1530 a
278 1502 431 1530 Trithemio
457 1502 554 1530 didicit
575 1509 609 1528 ex
632 1502 832 1537 Papcbrochio,
852 1502 931 1538 cujus
949 1503 1040 1529 locum

250 1557 284 1576 ex
300 1549 370 1576 Actis
387 1548 522 1580 Sandan,
539 1547 607 1575 tum.
629 1547 640 1574 I
662 1548 807 1583 Maii,pag.
829 1556 908 1580 xxxv,
931 1548 1039 1583 repetit.

250 1595 329 1629 Quod
351 1603 417 1622 vero
443 1594 647 1630 Papebrucbius
673 1594 791 1625 dubitat,
816 1594 881 1621 talia
905 1601 920 1620 a
939 1593 1043 1629 Cyrillo

251 1642 335 1669 fuisse
353 1641 517 1675 conScripta,
546 1640 696 1675 Mingarell.
712 1639 848 1671 observat,
860 1639 1042 1666 Tritbemilxn

252 1687 279 1715 in
290 1687 361 1715 libro
371 1687 407 1714 De
421 1685 589 1722 scriptoribus
600 1685 702 1717 eodem,
711 1692 770 1720 cap.
784 1685 844 1716 154,
853 1690 1042 1713 recensenti-,1:

249 1734 344 1770 CyriIli
367 1733 444 1760 Alex.
470 1733 573 1765 libros,
600 1732 659 1759 haec
684 1732 872 1759 tantummodo
893 1732 1040 1759 scribere:

252 1780 290 1807 De
305 1784 364 1807 ortu
385 1783 410 1806 et
430 1778 509 1806 laude
525 1777 553 1805 S.
572 1777 665 1805 Mariw
685 1777 749 1804 liber
767 1785 844 1804 unus.
869 1777 972 1812 Itaque,
993 1777 1040 1809 ait,

251 1826 312 1855 ﬁeri
341 1826 423 1855 etiam
447 1829 538 1861 potest
558 1829 588 1851 ut
610 1823 766 1859 huiusmodi
789 1824 908 1855 libellus,
939 1823 1042 1860 Cyrillu

250 1873 397 1908 ascriptus,
422 1879 519 1898 revera
545 1870 690 1901 exstiterit,
713 1877 794 1904 quem
821 1874 848 1896 et
873 1869 1042 1904 Epiphanius

251 1925 345 1947 noster
363 1918 475 1949 viderit,
497 1922 526 1944 et
546 1917 574 1945 S.
595 1917 779 1944 Damascenus
800 1915 891 1950 aliqua
913 1923 946 1943 ex
965 1920 1042 1950 parte

253 1963 438 1999 ascripserit.
458 1963 542 1990 “ARL.

285 2031 336 2059 κδ’.
359 2030 510 2065 Συναγωγὴ
529 2029 584 2056 τῶν
606 2029 788 2064 ἀναγωγικῶς
816 2028 1042 2065 ἑρμηνευομένων

251 2077 342 2114 ῥητῶν
349 2079 398 2112 τῆς
416 2076 538 2108 Παλαιᾱς
552 2076 672 2111 Γραφῆς·
689 2075 814 2103 σοιιεειὶο
825 2075 955 2102 dictorum
967 2074 1041 2102 Vete-

252 2125 288 2151 ris
299 2124 459 2151 Teatamcnti
475 2124 618 2158 anagogice
632 2123 833 2159 explicaturum,
848 2130 875 2157 p.
888 2122 968 2155 1-69;
978 2130 1041 2149 cum

250 2169 377 2197 versione
394 2168 522 2196 Gcntiani
538 2168 659 2201 Hervcti,
679 2176 740 2203 qua:
755 2167 876 2195 occurrit
896 2167 923 2195 in
937 2167 1041 2195 Latinis

249 2215 343 2252 Cyrilli
355 2215 523 2243 editionibus
540 2222 565 2241 a.
587 2215 655 2241 1575
673 2219 700 2241 et
720 2215 797 2242 1605.
807 2213 899 2242 Graeca
918 2214 1037 2249 primum

249 2259 285 2287 ab
304 2260 426 2288 Aubcrto
442 2260 470 2286 in
487 2259 575 2287 lucem
595 2259 729 2294 producta
752 2263 817 2286 sunt
840 2267 875 2286 ex
894 2259 990 2286 codice
1004 2259 1034 2285 D.

251 2306 366 2334 Biberii.
382 2306 477 2340 Neque
493 2305 551 2332 haec
569 2305 718 2340 Συναγωγὴ
729 2308 784 2332 tota
795 2304 926 2340 Cyrillum
941 2308 1037 2331 aucto-

252 2360 310 2380 rem
327 2352 427 2385 habet;
450 2352 509 2383 sed,
529 2356 560 2378 ut
581 2351 637 2386 ipse
663 2351 759 2379 titulus
775 2351 928 2386 proﬁtetur,
952 2351 1038 2385 ἐρανι-

252 2397 347 2424 σθεῖσα
361 2397 432 2424 κατὰ
446 2396 556 2431 σύνοψιν
574 2397 620 2424 καὶ
633 2396 801 2431 σαφεστέραν
817 2395 986 2430 ἀπαγγελίαν
1006 2394 1037 2421 ἐκ

249 2451 280 2470 τι
296 2442 351 2469 τῶν
361 2442 407 2469 τοῦ
421 2442 564 2469 θεσπεσίου
580 2442 726 2478 κυρῆλιιυ,
744 2443 791 2469 καὶ
816 2441 869 2468 τῶν
884 2441 930 2468 τοῦ
953 2441 1038 2477 μεγά-

250 2489 296 2515 λου
310 2487 436 2522 Μαξίμου
451 2488 496 2514 καὶ
515 2488 615 2514 Αςιπῶν
633 2486 773 2522 ἐξηγητῶν
790 2495 796 2501 ·
816 2486 934 2514 Breviter
957 2486 1038 2513 colle—

250 2539 293 2562 cta
320 2539 344 2561 et
371 2533 511 2561 dilucidius
535 2535 655 2570 exposita
679 2542 693 2560 ε
711 2534 815 2568 scriptis
835 2533 916 2560 divini
932 2532 1038 2568 Cyrilli,

250 2579 341 2615 magni
362 2578 482 2611 Maximi,
511 2584 536 2606 et
563 2579 678 2606 aliorum
700 2578 728 2605 S.
751 2578 895 2613 Scriptum
908 2579 1040 2613 interpre-

251 2630 317 2652 tum.
333 2624 433 2660 Incipit
456 2634 462 2652 :
482 2625 668 2661 Κατηραμὲνη
690 2624 727 2659 γῆ
747 2626 776 2651 ὲν
804 2626 859 2657 τοῖς
883 2625 973 2660 ἔργοις
993 2623 1040 2651 τοῦ

256 2670 351 2705 Ἀδάμ.

283 2740 322 2775 (ιι)
336 2740 366 2768 In
376 2739 493 2768 Walchii
512 2741 630 2776 Historiq
644 2742 747 2773 harem,
766 2745 830 2768 tom.
847 2741 878 2772 V,
894 2741 993 2776 passim
1005 2745 1034 2769 et

249 2776 416 2810 frequenter.
434 2780 514 2810 atque
530 2776 557 2803 in
577 2777 661 2804 Mausi
674 2776 840 2804 Collectione
857 2777 954 2804 cuucil.
974 2785 1033 2804 am-

249 2811 324 2872 pliss.
338 2810 378 2850 _de
396 2811 491 2838 multis
510 2811 585 2839 hisce
606 2812 726 2840 homiliis
744 2816 825 2846 atque
849 2811 982 2846 epistolis,
1000 2812 1032 2839 ad

259 2853 364 2872 imresm
381 2850 408 2872 et
423 2847 635 2872 controversiam
660 2847 847 2872 Nestorianam
873 2847 1032 2872 pertinenti-

268 2845 364 2873 acresin
381 2850 408 2872 et
423 2847 635 2874 controversiam
660 2845 847 2874 Nestoria’nam
868 2845 1033 2880 pertinenti-

248 2882 309 2913 bus,
324 2880 376 2916 agi,
390 2881 445 2916 jam
461 2888 542 2917 supra
562 2883 781 2913 annotavimus;
801 2889 851 2910 nec
870 2889 965 2910 omnes
985 2889 1032 2912 co-

872 138 1015 169 NO’HTIA
1034 140 1080 169 EX
1100 142 1273 172 FABRICIO.

1858 141 1896 170 68

1066 203 1088 231 A
1102 202 1134 229 ν,
1164 202 1248 229 Inda:
1272 194 1465 234 humiliores,
1484 199 1658 237 epistularum
1683 205 1707 228 et
1730 201 1895 237 scriptorum

1137 238 1269 264 minorum
1293 237 1387 272 Cyrilli
1413 235 1506 269 Alea,
1531 237 1653 272 ascriptis
1677 236 1770 263 ordine
1785 235 1893 271 alpha-

1135 272 1216 299 ὑριίτο
1230 271 1397 308 singulorum
1411 273 1495 300 initiis
1513 271 1564 307 (τι).

1135 329 1160 356 i.
1189 329 1356 364 Ἀναλάμπει
1382 329 1464 357 πάλιν
1495 329 1544 365 τῆς
1569 328 1650 364 ἁγίας
1662 327 1768 364 ἑορτῆς.
1791 326 1894 356 110ιηί-

1097 375 1134 404 Iia
1149 384 1212 403 xvm
1229 376 1375 411 paschalis,
1391 381 1458 404 tom.
1478 375 1511 409 ν,
1528 379 1606 411 parte
1625 383 1655 408 ιι,
1673 383 1735 411 pag.
1752 373 1893 402 253-9.“.

1133 421 1161 448 2.
1189 422 1302 457 Ἄνδρες
1327 421 1462 456 αὶδέσιμοι
1488 421 1537 447 καὶ
1567 420 1685 452 πίστεως
1714 420 1796 453 ἄξιοι.
1824 420 1894 455 Epi-

1096 466 1166 493 stula
1178 466 1206 499 2,
1219 466 1252 493 ad
1262 466 1430 498 Nestorium,
1447 470 1514 493 tom.
1531 465 1563 498 ν,
1582 470 1659 500 parte
1676 473 1742 501 u,p.
1759 465 1841 492 19-21
1856 473 1892 492 ex

1096 518 1173 548 parte
1188 521 1196 540 ι
1208 513 1303 541 Actor.
1315 512 1425 540 concilii
1436 511 1579 547 Ephesiui,
1590 515 1655 539 tum.
1665 511 1675 539 I
1686 511 1767 544 Binii,
1784 519 1813 546 p.
1825 511 1837 538 Ι
1847 511 1890 537 19.

1096 557 1197 585 Eadem
1207 566 1269 586 cum
1281 558 1358 586 Marii
1371 558 1528 586 Mercatoris
1535 558 1704 585 versioue‘in
1713 561 1732 584 t.
1749 557 1770 585 II
1784 556 1894 584 Merce-

1095 600 1235 632 torisedit.
1244 604 1428 637 Garnerianaz,
1438 612 1465 640 p.
1479 605 1524 637 42,
1536 609 1564 632 et
1578 613 1612 632 ex
1627 604 1680 631 alia
1695 603 1824 631 versione
1836 611 1889 630 au-

1095 651 1171 685 tiqua
1178 650 1251 686 apud
1262 650 1403 678 Baluzium
1412 651 1440 678 in
1448 651 1521 678 Nova
1529 650 1690 678 Collectione
1699 649 1849 680 concilior.,
1860 657 1888 684 p.

1093 695 1155 728 ιοο,
1164 696 1211 730 qui
1226 695 1501 730 Mercatorisquoque
1509 695 1764 731 interpretationem
1773 695 1890 721 exhibet

1093 749 1121 777 p.
1133 742 1195 770 ϐω.
1211 742 1498 770 ham—Vindoboua:
1511 742 1539 769 in
1548 742 1609 770 cod.
1617 741 1715 770 Czesar.
1726 741 1888 773 LXXXIIX,

1093 796 1122 815 ιι.
1145 788 1172 821 3,
1197 788 1255 816 haec
1271 789 1397 824 cpistola,
1424 797 1487 816 cum
1509 789 1629 816 Nestorii
1648 788 1830 824 responsione
1848 789 1889 823 (in

1092 833 1279 862 Conciliorum
1291 835 1459 871 generalium
1477 835 1544 862 edit.
1562 835 1702 868 Vaticana,
1723 835 1802 868 1608,
1816 840 1886 863 tom.

1059 884 1080 912 Β
1094 880 1116 913 1,
1133 889 1195 917 pag.
1213 881 1265 909 255
1279 887 1307 909 et
1318 882 1392 917 9.56),
1404 890 1455 909 nec
1469 890 1525 909 non
1539 882 1655 918 epistola
1670 891 1699 910 ιι.
1717 882 1754 910 1x
1775 890 1887 910 memo-

1093 931 1151 954 rata
1166 927 1204 963 (in
1221 928 1304 955 citata
1321 927 1365 955 ed.
1385 928 1570 955 Conciliorum
1587 936 1680 963 gener.
1697 933 1716 956 t.
1728 929 1750 961 I,
1765 936 1794 963 p.
1810 927 1886 963 I08),

1092 977 1120 1001 et
1133 973 1186 1001 alia
1203 973 1360 1010 Cyrilliana.
1378 974 1410 1001 ν.
1427 974 1554 1002 Lambec.
1567 975 1611 1007 III,
1624 975 1678 1002 col.
1693 975 1754 1002 476.
1771 975 1811 1002 De
1824 975 1887 1010 epi-

1092 1020 1170 1048 stolis
1183 1019 1277 1056 Cyrilli
1290 1020 1325 1048 ad
1336 1021 1504 1053 Nestorium,
1514 1025 1542 1048 et
1554 1021 1638 1056 hujus
1653 1021 1886 1056 responsionibus

1092 1067 1181 1103 plura,
1193 1067 1310 1102 aliisque
1324 1067 1418 1103 Cyrilli
1430 1067 1463 1095 ad
1479 1067 1571 1095 varius
1585 1068 1709 1103 epistolis
1723 1068 1777 1096 late
1792 1068 1885 1096 disse-

1093 1113 1130 1140 rit
1142 1113 1248 1140 Walclt.
1265 1113 1283 1140 I.
1297 1121 1333 1145 c.,
1352 1121 1379 1148 p.
1393 1113 1445 1140 585
1459 1121 1519 1148 sqq.
1538 1111 1622 1140 HARL.

1127 1157 1153 1185 5.
1177 1158 1309 1193 Ἀνέγνων
1325 1158 1356 1185 τὸ
1372 1158 1573 1193 ὑπομνηστικὸν
1591 1158 1623 1185 τὸ
1644 1158 1797 1186 ἀποστιλὲν
1816 1157 1886 1193 παρ’

1092 1202 1178 1238 ὑμῶν.
1197 1204 1318 1239 Epistula
1335 1204 1361 1236 8,
1375 1204 1409 1232 ad
1421 1204 1538 1232 clericos
1551 1203 1787 1238 Couslantinopol.
1811 1203 1886 1231 inter

1092 1255 1121 1275 se
1133 1248 1309 1280 dissidentes,
1323 1254 1389 1276 tum.
1402 1249 1434 1282 γ,
1445 1254 1522 1284 parte
1538 1257 1565 1281 ιι,
1580 1257 1607 1284 p.
1621 1249 1706 1276 52-36
1715 1240 1772 1282 pel
1785 1249 1884 1276 iisdem

1092 1293 1169 1320 Actis
1189 1301 1250 1329 pag.
1269 1293 1328 1321 1‘26.
1345 1294 1379 1321 Et
1394 1301 1458 1320 eum
1475 1294 1552 1321 Marii
1568 1293 1726 1321 Mercatoris
1741 1293 1884 1324 versione,

1091 1339 1139 1366 sed
1164 1347 1226 1373 quae
1259 1339 1286 1366 iu
1313 1339 1409 1366 multis
1434 1339 1541 1374 plcuior
1569 1343 1611 1366 cst
1636 1338 1710 1373 apud
1740 1338 1885 1365 Baluzium

1091 1393 1152 1420 pag.
1173 1385 1235 1418 6M,
1255 1390 1283 1413 et
1304 1391 1370 1413 tum.
1387 1386 1410 1413 II
1426 1385 1493 1413 edit.
1510 1385 1685 1413 Camerinum
1706 1393 1734 1420 p.
1758 1385 1804 1417 49,
1818 1393 1885 1412 cum

1090 1431 1216 1459 Carnerii
1245 1432 1330 1459 notis.
1358 1432 1438 1459 ann.
1453 1447 1488 1452 —-—
1505 1432 1598 1460 Graece
1621 1435 1650 1459 et
1674 1431 1734 1459 Lat.
1753 1431 1781 1458 in
1797 1431 1884 1458 Mausi

1090 1477 1216 1511 Collect.,
1242 1484 1308 1507 tom.
1332 1479 1377 1512 IV,
1403 1488 1430 1515 p.
1457 1479 1534 1511 1005,
1560 1483 1588 1506 et
1604 1478 1764 1507 Mereaturis
1780 1480 1884 1508 vcrsio.

1091 1532 1152 1560 qua:
1169 1530 1244 1552 recta
1269 1530 1298 1553 et
1323 1525 1492 1561 pra-ferenda
1512 1533 1571 1553 esse
1590 1525 1693 1553 dicitur
1718 1525 1825 1556 Ganeo.
1845 1527 1885 1553 uti

1092 1578 1165 1598 nunc
1182 1570 1292 1606 legitur,
1313 1572 1465 1604 coutextui,
1485 1571 1521 1598 ib.
1538 1575 1605 1598 tom.
1627 1570 1658 1604 ν,
1677 1579 1703 1606 p.
1716 1572 1778 1598 72L
1797 1572 1883 1599 ῙΙΑιιι..

1126 1617 1153 1644 4.
1189 1617 1367 1650 Ἀξιάκουστα
1397 1618 1447 1652 μὲν
1470 1619 1517 1644 καὶ
1537 1618 1673 1653 ἐξαίρετα.
1700 1617 1824 1652 Epistula
1851 1619 1885 1646 ad

1091 1663 1277 1690 Theodosium
1303 1663 1455 1696 Juniurem,
1476 1665 1616 1699 praemissa
1634 1664 1712 1692 libris
1724 1668 1818 1691 contra
1832 1665 1883 1691 Ju-

1092 1709 1205 1741 Iiamtm,
1218 1713 1284 1736 tum.
1298 1709 1356 1741 VII,
1370 1717 1398 1745 p.
1418 1710 1442 1737 I.

1126 1754 1152 1782 5.
1174 1755 1294 1791 ’Δπόχρη
1308 1756 1358 1791 μὲν
1370 1756 1407 1787 ὡς
1418 1756 1568 1791 διάκειμαι.
1584 1755 1705 1791 Epistula
1720 1757 1765 1788 Η,
1780 1757 1814 1785 ad
1830 1757 1884 1785 \‘a-

1091 1799 1235 1830 lerianum,
1252 1800 1336 1827 lcunii
1360 1800 1531 1835 episcopum,
1547 1800 1678 1828 adversus
1691 1808 1739 1828 eos
1757 1801 1805 1836 qui
1818 1809 1883 1829 cum

1091 1843 1219 1874 Nestorio
1234 1845 1366 1872 sentiunt.
1385 1845 1463 1872 Tom.
1482 1845 1514 1876 ι’,
1529 1850 1607 1880 parte
1623 1854 1652 1878 ιι,
1672 1853 1733 1881 pag.
1748 1846 1883 1879 158-l7l,

1091 1900 1124 1919 ex
1143 1896 1220 1926 parte
1239 1899 1268 1918 ιιι
1284 1891 1375 1917 Actor.
1393 1889 1489 1925 synodi
1508 1889 1651 1924 Ephesium
1665 1897 1693 1925 p.
1709 1889 1772 1917 448.
1787 1890 1884 1918 Memi-

1091 1936 1133 1964 nit
1160 1936 1313 1967 Liberatus,
1339 1943 1399 1969 cap.
1420 1934 1455 1967 9;
1484 1934 1614 1962 Leontius
1639 1935 1722 1970 Byz.;
1748 1935 1885 1970 Eulogius

1090 1981 1163 2017 apud
1189 1981 1327 2015 Pbotium,
1353 1981 1472 2015 itemque
1500 1980 1555 2007 alii.
1578 1980 1644 2009 Vide
1673 1981 1883 2009 'I‘illemuutium

1092 2033 1158 2067 tom.
1173 2028 1242 2060 XIV,
1260 2035 1287 2062 p.
1306 2027 1367 2054 569.

1125 2075 1151 2102 6.
1174 2075 1246 2110 Ἄρα
1262 2073 1295 2109 δὴ
1321 2072 1401 2100 πάλιν
1418 2073 1492 2108 ἡμᾶς
1511 2073 1570 2104 ταῖς
1587 2072 1642 2100 τῶν
1659 2073 1744 2106 ἁγίων
1762 2073 1883 2100 ἓπεσθαι

1090 2120 1156 2148 δεῖν.
1175 2119 1293 2147 llumilia
1312 2127 1328 2145 x
1342 2119 1488 2154 paschalis,
1505 2124 1570 2146 tom.
1585 2118 1617 2151 γ,
1634 2124 1710 2154 parte
1723 2127 1752 2152 ιι,
1766 2127 1794 2154 p.
1816 2119 1881 2146 I23}

1092 2167 1153 2194 “2.

1055 2229 1076 2256 ο
1126 2214 1152 2240 7.
1170 2214 1240 2248 Ἆρα
1257 2212 1337 2239 πάλιν
1358 2213 1432 2248 ἡμᾶς
1456 2212 1490 2239 τὰ
1509 2212 1633 2247 λαμπρά.
1655 2211 1773 2239 Humilia
1791 2220 1818 2238 lx
1833 2220 1883 2247 pa-

1090 2258 1203 2288 schalis.
1220 2262 1286 2285 tom.
1299 2258 1332 2290 ν,
1347 2262 1424 2293 parte
1441 2266 1470 2290 ιι,
1483 2265 1543 2292 pag.
1562 2257 1686 2284 loti-[25.

1125 2304 1150 2331 8.
1174 2304 1348 2339 Ἀφικόμενοι
1363 2313 1435 2336 τινες
1454 2304 1507 2330 ἀπὸ
1523 2302 1568 2330 τοῦ
1582 2303 1660 2338 ὗρῡυς
1672 2302 1720 2329 τηῦ
1738 2302 1882 2337 Καλαμῶ-

1089 2359 1144 2382 νος.
1159 2350 1281 2386 Epistula
1298 2350 1332 2377 ad
1348 2349 1529 2386 Calosyrium,
1555 2349 1626 2377 libro
1646 2353 1738 2375 contra
1762 2348 1883 2375 Ant/iro-

1090 2397 1270 2432 pomorplu'tas
1293 2396 1431 2431 praemissa
1459 2401 1525 2423 tum.
1541 2395 1596 2427 VII,
1612 2403 1638 2430 p.
1656 2395 1783 2422 563—565.
1798 2396 1881 2423 Faan.

1090 2442 1128 2470 De
1153 2442 1214 2470 cod.
1232 2442 1362 2469 Laurent.
1380 2442 1410 2469 V.
1433 2441 1547 2468 Bandini
1564 2440 1622 2468 Cat.
1641 2441 1716 2468 codd.
1743 2441 1842 2474 Laur.,
1864 2443 1883 2474 l,

1089 2496 1115 2523 p.
1136 2488 1195 2520 129,
1214 2496 1242 2515 ιι.
1258 2487 1302 2515 22.
1323 2488 1406 2515 IhuL.

1123 2533 1149 2560 9.
1167 2533 1308 2567 ’Λφίκοντο
1323 2533 1372 2568 μέν
1383 2542 1456 2566 τινες
1471 2534 1542 2561 κατὰ
1555 2534 1585 2561 τδ
1600 2534 1696 2566 εἰωθὸς
1709 2535 1738 2560 ὲν
1759 2534 1884 2566 Ἀλεξα.-

1088 2578 1177 2612 opus.
1194 2579 1315 2613 Epistula
1335 2579 1360 2611 ‘I,
1380 2579 1414 2606 ad
1440 2580 1590 2608 monachos
1604 2580 1713 2616 [Egypti
1737 2580 1786 2615 (ιι),
1807 2583 1883 2608 scri-

1089 2629 1134 2658 pta
1163 2624 1196 2651 A.
1226 2624 1257 2652 C.
1279 2624 1341 2651 429.
1363 2625 1440 2652 Τοιιι.
1469 2625 1502 2658 ν,
1530 2630 1607 2661 parte
1628 2633 1657 2659 ιι,
1675 2634 1735 2661 pag.
1754 2625 1832 2654 I-I9.
1856 2627 1883 2653 In

1088 2669 1163 2696 Actis
1183 2669 1292 2696 concilii
1312 2670 1453 2705 Ephesini,
1472 2676 1549 2706 parte
1569 2679 1588 2703 ι,
1613 2675 1680 2698 tum.
1696 2671 1706 2699 I
1721 2671 1788 2698 edit.
1809 2671 1882 2699 Binii

1085 2741 1161 2778 dices
1187 2740 1215 2768 in
1241 2741 1343 2776 quibus
1368 2743 1481 2778 singulae
1504 2743 1623 2771 humilia:
1651 2747 1733 2778 atque
1757 2743 1883 2778 cpistola

1084 2777 1348 2814 legunturketrquus
1366 2777 1466 2812 paséim
1484 2782 1532 2805 aut
1546 2777 1697 2814 generatim
1717 2777 1800 2814 supra
1823 2779 1882 2805 Iauv-

1084 2811 1157 2842 davi,
1174 2812 1219 2838 hic
1232 2811 1354 2840 indicare
1367 2811 1454 2840 vacat.
1478 2811 1563 2841 ΗΑιιιῖ.

1121 2846 1244 2885 (biﬁdo
1272 2847 1440 2885 ’lillemonts
1456 2853 1523 2885 tum.
1559 2848 1628 2881 XIV,
1652 2857 1678 2884 p.
1709 2849 1771 2877 350.
1795 2850 1880 2879 Fam.

1085 2881 1169 2926 Mans}
1185 2881 1371 2926 (_30IIect.,‘IV,
1386 2891 1413 2918 p.
1434 2883 1484 2921 .’>'_87
1500 2892 1560 2921 sqq.
1583 2881 1667 2916 Ηλιιιζ.
