1929 3042
65 163 92 192 69
666 162 806 190 NOTITIA
825 161 870 189 ΕΞ

895 161 1063 190 FABRICIO.
1648 162 1683 188 70

63 219 168 251 a.1618,
189 227 252 255 pag.
271 219 303 248 9.
323 219 440 254 Antiqua
462 217 552 246 versio
570 217 642 253 apud
659 218 800 246 Baluzium
813 219 840 245 in

927 217 972 245 20.
991 218 1022 245 Εἰ
1035 217 1146 249 τέλειος,
1164 217 1254 253 φασιν,
1272 216 1347 244 ἐστὶν
1372 217 1386 244 ὁ
1409 216 1505 252 Πατὴρ
1530 216 1559 244 ἐν
1575 217 1609 252 τῇ
1629 216 1683 252 ἰδίᾳ.

62 266 125 294 Nora
139 264 239 292 collect.
260 265 409 297 concilior.,
423 271 482 299 pag.
506 263 569 291 387.
595 262 691 300 [Mans
715 268 781 292 tom.
807 264 840 297 ν,

63 320 84 346 p.
93 309 161 346 αλ]

90 355 128 383 10.
150 355 303 390 Βασιλικὴν
322 355 347 381 οι
369 354 459 381 πιστοὶ
474 353 605 389 σήμερον.
627 353 744 382 Ilomilia
762 354 790 381 in
803 354 842 382 fe-

61 408 122 430 stum
142 402 195 428 τῶν
216 401 316 437 βαῖων,
333 401 391 428 sive
402 400 564 436 palmarum,
582 403 611 427 et
627 399 661 427 de
676 399 840 435 pulloasini.

61 449 127 477 Tom.
143 447 176 480 γ,
197 452 282 482 parte
306 455 335 479 ιι,
359 455 387 482 p.
415 445 546 478 591-405,
566 446 686 481 primum
710 447 785 474 edita
805 447 841 475 ab

61 495 168 522 Auberto
193 501 210 521 e
239 501 295 520 ms.
311 492 416 520 Bodlei.
436 491 475 529 [n.
495 491 570 528 119.]
584 492 664 520 FABR.
679 492 842 521 —Codices

60 540 168 576 quidam,
186 544 217 566 ut
234 540 264 566 in
289 539 356 567 Bibl.
378 538 500 571 Coislin.,
518 546 580 574 pag.
596 539 659 572 402,
673 547 734 567 eam
750 540 840 568 homi-

60 587 114 613 liam
134 585 262 612 tribuunt
283 584 402 620 Cyrillo;
427 585 475 612 alii
500 592 567 612 vero
595 584 721 620 Eulogio,
749 584 841 612 archi-

60 631 132 666 episc.
157 629 348 657 Alexandrino
362 650 370 661 ,
394 637 426 658 ac
455 629 547 658 Graece
570 634 599 657 et
623 629 684 657 Lat.
707 633 796 658 exstat
812 629 841 658 in

60 678 173 705 Auctario
198 685 270 704 novo
295 676 463 708 Comlieﬂsii,
493 680 560 703 tom.
587 676 608 709 I,
632 684 692 712 pag.
711 677 773 710 651,
792 685 842 704 no-

60 729 123 750 tante
148 723 297 756 Fabricio,
324 722 394 750 infra
416 722 471 750 vol.
495 721 549 754 IX,
565 730 625 758 pag.
645 722 696 750 129
719 727 774 750 vet.
794 722 839 751 ed.

61 770 133 796 ΙΙλιὶι..

91 816 129 842 11.
157 816 218 841 Δεῖν
249 815 347 850 ᾠήθην
374 815 406 850 τῇ
433 815 466 850 σῇ
490 814 640 850 Θεοσεὸείᾳ.
664 814 786 850 Epistola
805 813 840 842 ad

61 861 192 892 hortatum,
222 860 368 895 Nicopolis
398 859 424 887 in
445 859 532 888 veteri
559 860 643 895 Epiro
669 860 838 895 episcopum.

893 264 1097 300 μεγαλειότητι.
1116 264 1185 291 Vide
1204 272 1288 299 supra
1307 271 1384 291 num.
1402 263 1448 295 25,
1470 263 1498 290 in
1521 262 1682 290 recensione

894 318 1008 346 operum
1029 315 1104 338 temo
1118 310 1163 338 VII
1177 310 1292 338 Auberti
1307 314 1510 338 contentorutn.

929 356 975 383 21.
991 357 1115 383 Ἕκαστα.
1144 356 1200 383 τῶν
1231 355 1292 383 καθ’
1319 357 1392 392 ἡμᾶς
1410 355 1593 391 πραγμάτων.
1615 355 1680 390 Ει)1‹

893 403 964 431 stola
983 402 1027 435 59,
1051 402 1085 430 ad
1105 402 1239 430 Domnum
1257 402 1398 429 canonica.
1415 402 1493 429 Tom.
1510 401 1567 433 VII,
1587 408 1614 436 p.
1631 400 1681 428 2119

895 455 984 484 seqq.,
996 452 1025 475 et
1040 452 1106 475 tom.
1122 447 1145 475 ll
1166 446 1265 475 Cancil.
1285 446 1398 479 Labbei,
1418 454 1447 481 p.
1466 446 1554 480 1.188;
1572 450 1600 474 et
1618 455 1680 474 eum

894 493 1032 521 Theodori
1058 492 1226 520 Balsamonis
1243 492 1356 520 sclioliis
1372 496 1437 519 tom.
1457 492 1479 520 II
1492 492 1614 528 Synodiei
1631 492 1679 519 lle-

893 540 1044 576 veregiani,
1057 547 1085 575 p.
1103 539 1164 566 1'75.
1183 538 1262 566 FABR.
1281 552 1317 558 ——-
1331 537 1364 566 V.
1387 537 1486 574 passim
1500 539 1555 574 jam
1576 545 1677 566 memo-

894 590 969 614 ratos
982 585 1063 613 codd.

929 630 1027 658 Oxonii
1047 631 1074 658 in
1089 630 1152 658 ad.
1171 630 1282 658 Baroee.
1297 629 1400 658 CLVIII
1416 629 1484 656 bibl.
1503 629 1607 656 Bodlci.

930 675 1045 704 Taurini
1058 675 1085 704 in
1096 676 1159 704 cod.
1169 675 1226 708 CV,
1243 675 1270 703 in
1288 675 1347 703 Cat.
1360 675 1420 702 bibl.
1439 674 1560 707 Taurin.,
1577 683 1604 709 p.
1617 675 1676 702 195.

929 722 961 750 ιιι
979 721 1041 750 eod.
1062 721 1163 750 Caesar.
1186 721 1278 754 XLIV,
1309 729 1337 748 ιι.
1358 721 1402 752 51,
1419 727 1482 755 epp.
1507 720 1519 746 1
1546 719 1583 747 ad
1598 720 1676 747 Maxi-

893 776 980 800 mum,
1007 767 1078 795 diac.
1105 767 1286 799 Antiochen.;
1312 766 1329 793 2
1354 766 1388 794 ad
1403 765 1595 798 Gennadium;
1612 766 1628 793 5
1645 766 1677 793 ad

894 814 1028 841 Damnum
1056 813 1202 846 Antioch;
1223 813 1240 840 4
1264 812 1298 840 ad
1323 812 1468 848 episcopos
1500 812 1528 838 in
1551 811 1635 848 Libya
1653 818 1677 839 el

893 859 1055 894 Pentapoli;
1083 863 1165 894 atque
1193 867 1221 886 ιι.
1245 859 1262 886 5
1277 863 1305 886 et
1318 859 1345 891 4,
1369 857 1396 884 in
1415 857 1478 884 cod.
1496 857 1576 889 XLV,
1591 866 1620 884 ιι.
1633 858 1678 884 29.

62 907 127 933 Tum.
144 906 175 938 V,
193 910 277 941 parte
293 915 321 938 ιι,
335 915 362 941 p.
382 907 509 939 155—157,
527 914 560 933 ex
573 911 650 942 parte
668 915 695 933 ιιι
711 907 841 934 Actorum
858 899 879 926 Β
893 904 925 931 ιτ.
946 905 1074 932 Lambec.
1097 905 1172 938 VIII,
1194 913 1221 940 p.
1250 904 1301 931 887
1325 909 1353 931 et
1382 903 1435 931 914
1456 911 1514 938 seq.
1529 919 1563 923 —
1575 903 1603 931 In
1616 903 1678 931 cod.

63 951 157 979 concilii
176 951 325 986 Ephesini,
343 956 409 978 tom.
431 951 442 978 I
459 951 542 983 Binii,
560 959 587 986 p.
604 951 665 979 446.
683 951 778 978 Latina
793 959 841 979 ve-

64 1003 99 1024 tas
118 997 205 1024 versio
234 1001 328 1024 exstat
353 997 380 1023 in
398 997 534 1032 Synodico
560 1001 656 1024 contra
682 997 840 1032 tragmdiam

63 1043 154 1075 Irenmi,
167 1051 229 1079 pag.
250 1043 315 1070 909.
333 1043 424 1070 Baluz.
443 1043 519 1070 Nora
535 1043 643 1070 collect.
662 1043 805 1070 conciIior.

94 1090 130 1115 12.
145 1089 227 1115 Δεῦτε
249 1080 301 1124 δὴί
323 1087 400 1115 δεῦτε
423 1088 513 1120 πάλιν,
526 1088 765 1123 ἀγαλλιασώμεοα.
785 1088 840 1116 llo-

65 1134 127 1163 milia
141 1143 164 1162 ιι
181 1134 331 1170 paschalis.
350 1134 428 1161 Tom.
445 1134 476 1166 V,
494 1138 571 1168 parte
584 1143 612 1166 ιι,
631 1142 658 1169 p.
679 1134 805 1162 142—161.

95 1181 131 1207 13.
150 1179 231 1208 ,ιεῦτε
252 1180 347 1212 πάλιν,
367 1179 596 1215 ἀγαλλιασώμεϐα
610 1180 649 1214 τῷ
666 1179 771 1214 Κυρίῳ.
789 1179 843 1207 Ho-

66 1224 126 1251 milia
148 1230 180 1251 xv
194 1224 346 1259 paschalis.
367 1224 445 1251 Tom.
463 1224 495 1255 V,
514 1229 591 1259 parte
612 1232 643 1257 ιι,
665 1232 694 1260 p.
712 1224 840 1252 198—210.

96 1270 132 1296 11.
153 1269 271 1304 Διψώντί
294 1278 340 1304 μοι.
355 1270 436 1296 πάλιν
450 1269 499 1305 τῆς
514 1270 591 1304 ὑμῶν
605 1270 764 1302 ἐπιεικείας.
779 1270 842 1306 Epi-

65 1315 120 1342 sloia
137 1315 166 1343 19
181 1315 333 1350 posterior,
346 1324 361 1343 e
376 1316 472 1343 Rhodo
487 1316 598 1350 scripta,
614 1320 677 1343 ante
696 1316 840 1352 synodum,

66 1361 93 1388 ad
112 1362 211 1389 clerum
239 1363 430 1397 populumque
453 1361 679 1389 Alexandrinum.
708 1362 786 1389 Tom.
807 1363 840 1395 V,

67 1403 131 1440 parte
152 1414 180 1438 ιι,
198 1414 225 1441 p.
241 1406 288 1438 85,
308 1414 341 1434 ex
356 1411 433 1441 parte
450 1415 457 1433 ι
471 1407 563 1434 Actor.
575 1407 672 1443 synodi
687 1407 841 1443 Ephesium,

69 1458 122 1478 tom.
135 1452 143 1478 I
158 1452 239 1484 Binii,
261 1460 324 1487 pag.
341 1453 399 1479 165'.

102 1498 138 1524 15.
158 1499 248 1532 Ἔγνω
275 1507 329 1525 που
356 1499 465 1530 πάντως
491 1499 538 1526 καὶ
566 1498 610 1526 διὰ
635 1499 749 1526 πολλῶνι
776 1499 842 1535 Epi-

68 1544 125 1571 stula
138 1544 153 1571 2
166 1545 199 1572 ad
214 1545 297 1573 Joan.
318 1545 531 1573 Antiochenam.
554 1545 632 1573 Tom.
661 1547 694 1578 V,
711 1551 788 1582 parte
812 1555 841 1580 ιι,

70 1598 90 1624 μ.
114 1589 200 1622 4241,
227 1598 263 1618 ex
288 1595 366 1626 parte
383 1599 390 1618 ι
407 1591 538 1618 Actorum
561 1591 670 1619 concilii
699 1592 841 1627 Ephesini.

71 1639 123 1661 tom.
138 1635 243 1669 IBinii,
259 1644 324 1671 pag.
340 1636 400 1663 1.14.
419 1636 498 1664 FABR.

98 1680 135 1707 16.
155 1681 227 1708 Ἔδει
250 1681 304 1716 μὲν
333 1681 475 1717 ἀρκεῖσθαι
490 1683 550 1713 ταῖς
568 1682 622 1709 τῶν
641 1682 841 1719 προλαϐόντων.

70 1724 170 1754 Ilomilia
190 1727 294 1762 Ephesi
312 1727 395 1760 dicta,
412 1735 474 1755 cum
495 1733 610 1764 synaxes
635 1732 841 1764 peragerentur,

70 1771 178 1807 deposito
191 1772 332 1800 Nestorio.
352 1773 383 1800 Τ.
401 1773 433 1805 V,
447 1777 525 1808 parte
547 1781 576 1805 ιι,
592 1781 652 1809 pag.
667 1774 797 1801 558—561.
813 1775 843 1802 In

71 1817 159 1845 Latinis
173 1818 345 1846 cditionibus
371 1823 460 1846 exstat
487 1827 521 1846 ex
547 1819 675 1847 versione
689 1819 843 1856 Wolfgangi

71 1863 178 1891 Museuli.
195 1865 248 1892 Sed
262 1865 403 1893 Auhertus
417 1865 536 1894 servavit
546 1866 702 1894 versionem
725 1874 843 1902 quacum

72 1909 158 1945 legitur
183 1911 211 1938 in
244 1916 326 1946 parte
354 1920 373 1939 ιι
395 1912 526 1939 Actorum
553 1912 649 1948 synodi
678 1912 842 1948 Ephesinae,

72 1959 126 1981 tom.
144 1956 246 1989 lBinii,
263 1966 293 1992 p.
317 1957 380 1985 219.
396 1957 456 1985 Alia
472 1963 552 1986 vetus
565 1958 755 1994 interpretatio
769 1959 842 1995 apud

71 2000 204 2034 Balulicm,
221 2011 249 2037 p.
267 2003 322 2030 518
337 2003 418 2031 Nova
434 2004 543 2032 collect.

101 2048 137 2074 17.
153 2048 181 2074 El
195 2049 243 2075 καὶ
262 2048 433 2085 πλατύτερον
448 2049 511 2077 ἔδει.
538 2050 658 2086 Epistola
681 2051 727 2085 22,
742 2052 775 2079 ad
789 2052 844 2080 cle-

72 2100 122 2120 rum
136 2094 320 2130 populumque
334 2095 423 2127 Alex.,
439 2100 507 2123 tom.
525 2096 557 2128 V,
570 2101 646 2131 parte
659 2105 687 2130 ιι,
701 2105 728 2132 p.
746 2098 793 2130 79,
809 2105 844 2126 ex

73 2143 136 2171 parte
150 2147 166 2166 ιι
181 2139 314 2167 Actorum
333 2140 429 2176 synodi
454 2140 608 2176 Ephesinte,
636 2146 702 2170 tom.
729 2142 739 2170 I
760 2143 842 2176 Binii,

72 2190 94 2217 ῃ.
111 2184 167 2211 217.

102 2229 139 2255 18.
154 2230 182 2257 Εἰ
198 2230 248 2266 μὲν
265 2228 297 2258 εὖ
317 2230 416 2263 εἰδότες
431 2231 531 2259 ἀθλεῖν.
548 2232 664 2260 Homilia
680 2233 708 2261 in
734 2233 842 2262 transﬂ-

74 2276 224 2308 gnrationem
247 2277 369 2309 Domini.
384 2277 477 2306 Graece
501 2279 621 2314 primum
643 2279 716 2307 edita
732 2288 748 2307 a
762 2281 840 2308 Joan.

75 2321 175 2350 Meursio
197 2323 224 2351 in
252 2323 340 2351 Variis
366 2325 459 2356 sacris,
480 2324 566 2360 Lugd.
589 2324 648 2352 Bai.
668 2325 747 2357 1619,
770 2325 842 2358 in-II,

75 2374 123 2402 pag.
153 2369 226 2396 145.
255 2370 286 2397 In
316 2369 432 2397 Auberti
458 2370 580 2398 editibne
606 2370 726 2406 Operum
750 2371 842 2407 Cyrilli

76 2417 129 2439 ιοιιι.
143 2414 172 2446 V,
187 2419 264 2450 parte
276 2423 306 2448 ιι,
321 2423 349 2450 p.
371 2415 502 2449 552-554,
518 2415 613 2444 Graece
625 2420 653 2443 et
674 2416 782 2446 Latine.
797 2417 845 2452 qui

75 2459 161 2487 rectius
175 2461 239 2496 legit
255 2462 280 2488 οἱ
306 2461 356 2496 μὲν
369 2458 398 2488 εὖ
417 2461 527 2492 εἰδότες.

104 2505 139 2531 19.
153 2506 182 2532 Εἰ
199 2507 248 2542 μὲν
262 2505 298 2542 ἦν
319 2507 456 2543 σιωπῆσαι
473 2507 520 2533 καὶ
545 2507 595 2543 μή.
610 2507 732 2542 Epistola
758 2507 785 2540 9,
811 2507 845 2535 ad

76 2548 232 2580 leeslinum
258 2553 419 2588 episcopum
445 2553 537 2586 Rom.,
568 2549 634 2581 tom.
662 2553 694 2585 V,
722 2558 800 2589 parte
815 2563 844 2586 ιι,

77 2605 98 2628 »ι-
110 2597 193 2630 36—59.
210 2607 243 2626 ex
256 2604 335 2634 parte
350 2607 358 2626 ι
377 2600 437 2627 Act.
453 2600 561 2628 concilii
588 2600 730 2635 Ephesini.
751 2605 816 2628 tom.
834 2601 845 2628 I

77 2641 143 2675 Binii.
169 2653 195 2679 p.
218 2645 276 2673 129.
296 2645 534 2679 ἢθη-11³1181,
559 2651 626 2674 tom.
651 2647 696 2678 IV,
723 2655 750 2682 p.
776 2647 845 2674 1012

77 2695 125 2724 sqq.
140 2690 229 2719 Melius
244 2700 288 2727 ap.
307 2691 448 2720 Constant.
464 2700 492 2727 p.
515 2692 583 2720 1085
596 2700 668 2728 sqq.,
685 2697 753 2720 teste
767 2693 843 2720 Wal-

78 2734 127 2760 chio
141 2735 158 2761 l.
174 2744 208 2768 c.,
229 2745 256 2772 p.
279 2736 332 2763 595
347 2744 419 2771 sqq.,
437 2742 519 2771 quem
543 2735 679 2768 conteres,
695 2739 724 2763 et
740 2744 766 2771 p.
791 2737 843 2764 158

80 2786 136 2814 sqq”
153 2789 181 2808 ac
194 2790 220 2816 p.
236 2782 287 2809 678
301 2790 357 2818 sq.,
372 2782 406 2809 de
421 2781 570 2810 leestino
580 2782 694 2817 ejusque
710 2782 769 2809 aliis
781 2782 841 2817 epi-

80 2825 148 2853 stolis.
164 2827 242 2855 llmL.

855 1573 876 1602 C

858 2249 880 2276 D

893 949 973 983 XLV,
992 959 1021 977 n.
1040 950 1083 983 12,
1102 951 1149 978 ubi
1171 950 1286 985 epistola
1307 950 1353 977 illa
1374 949 1560 977 subdividitur
1578 949 1606 976 in
1625 953 1679 976 tres

892 1003 1023 1024 canones.
1054 997 1086 1024 V.
1119 997 1220 1025 Kollar.
1241 997 1336 1031 Suppl.
1355 996 1388 1024 ad
1414 996 1552 1028 Lambec.,
1569 1003 1596 1031 p.
1617 995 1677 1022 520.

892 1042 962 1070 Ibid.
978 1051 1006 1070 n.
1020 1043 1064 1075 15,
1082 1043 1162 1078 epist.
1182 1043 1216 1070 ad
1233 1043 1317 1078 episc.
1335 1041 1427 1078 Libyae
1441 1047 1469 1070 et
1484 1041 1678 1077 Pentapoleos;

893 1094 1009 1124 utraque
1021 1089 1048 1116 in
1063 1089 1201 1125 Synodico
1220 1094 1286 1117 tom.
1305 1089 1338 1121 II,
1360 1097 1388 1124 p.
1407 1088 1468 1116 178.
1489 1088 1573 1115 11Αιιι..

927 1135 971 1161 22.
989 1132 1110 1170 Ἔμὰϐον
1125 1135 1200 1170 παρὰ
1213 1134 1259 1162 τοῦ
1274 1134 1417 1170 ἀγαπητοῦ
1430 1134 1592 1169 μονάζοντος
1607 1131 1677 1160 [Ioui-

892 1180 949 1208 λου.
974 1181 1061 1216 Epist.
1075 1181 1119 1209 19.
1137 1180 1384 1208 Commonitorium
1399 1180 1432 1208 ad
1452 1180 1608 1212 Maximum,
1622 1180 1676 1208 dia-

892 1235 991 1255 conum
1011 1228 1222 1255 Antiochenum.
1237 1227 1277 1255 Id.
1295 1235 1322 1263 p.
1340 1227 1402 1255 192.

927 1273 971 1300 23.
994 1273 1118 1308 Ἑμφανῆ
1131 1273 1179 1309 μὲν
1195 1273 1365 1309 καθίστησιν.
1383 1272 1504 1308 Epistola
1521 1272 1566 1304 59,
1585 1277 1676 1308 poste.

893 1320 950 1347 rior
969 1319 1003 1347 de
1032 1319 1085 1347 [Ide
1111 1318 1144 1346 ad
1169 1319 1347 1347 Succensum.
1368 1319 1407 1347 Id.
1428 1327 1456 1354 p.
1473 1320 1602 1347 141-151.
1625 1320 1677 1348 Sed

893 1370 968 1398 nota,
996 1370 1101 1401 partem
1119 1365 1300 1400 posteriorem
1320 1373 1337 1392 a
1360 1373 1422 1401 pag.
1451 1365 1503 1393 145
1526 1373 1584 1401 seq.
1609 1366 1679 1393 male

893 1415 1012 1438 assutam
1023 1418 1056 1438 ex
1074 1410 1189 1446 epistola
1207 1410 1241 1437 ad
1260 1410 1389 1438 Acacium
1405 1418 1432 1445 p.
1450 1411 1502 1438 115
1516 1418 1587 1446 seq..
1605 1411 1677 1446 quod

893 1456 1004 1483 llsserio
1031 1456 1114 1483 etiam
1142 1455 1256 1490 pulchre
1281 1455 1469 1482 observatum.
1488 1455 1585 1483 Latina
1601 1460 1678 1484 vetus

893 1501 983 1529 versio
997 1505 1087 1528 exstat
1101 1501 1129 1528 in
1145 1500 1281 1536 Synodico
1297 1504 1391 1528 contra
1409 1500 1569 1536 tragoediam
1584 1501 1677 1528 Irenaei

893 1547 965 1582 apud
990 1546 1083 1574 Baluz.
1102 1554 1130 1582 p.
1160 1546 1222 1574 923.
1243 1547 1312 1574 Vide
1337 1550 1365 1574 et
1388 1554 1449 1581 pag.
1471 1545 1522 1574 786
1538 1553 1596 1582 seq.
1611 1546 1680 1574 Pro-

893 1591 1002 1619 dicrant
1031 1599 1141 1626 quoque
1167 1591 1253 1618 ambae
1275 1590 1369 1627 Cyrilli
1388 1590 1423 1618 ad
1440 1589 1607 1618 Succensum
1623 1591 1682 1626 epi-

893 1637 980 1669 stolae,
993 1637 1123 1673 Dionysio
1142 1637 1247 1672 Exiguo
1270 1637 1433 1672 interprete,
1449 1637 1478 1664 in
1493 1637 1617 1664 Antidota
1630 1637 1680 1664 ad—

893 1691 982 1710 versus
1005 1683 1125 1715 liceretea,
1143 1683 1224 1710 Basil.
1249 1683 1327 1715 1528,
1350 1683 1396 1709 fol.
1419 1682 1521 1710 Locum
1537 1690 1572 1709 ex
1588 1687 1680 1717 postc-

894 1729 967 1756 riore
985 1729 1100 1764 epistola
1116 1729 1237 1757 vindieat
1261 1733 1356 1756 contra
1372 1729 1537 1756 Severianos
1563 1728 1680 1763 Epitrai-

893 1783 955 1803 mus
982 1775 1055 1810 apud
1083 1775 1221 1802 Photium.
1237 1774 1299 1802 cod.
1318 1782 1422 1806 cexxtx,
1450 1774 1498 1809 qui
1524 1778 1551 1801 et
1580 1774 1682 1809 prioris

894 1821 1029 1849 meminit.
1042 1820 1111 1849 Vide
1131 1825 1159 1848 et
1177 1820 1352 1848 collationem
1373 1827 1435 1850 cum
1452 1819 1607 1847 Severianis
1622 1820 1680 1847 sive

893 1866 1050 1902 Acephalis,
1075 1866 1195 1893 habitam
1222 1865 1457 1900 Constantinopoli
1485 1864 1517 1892 A.
1545 1864 1576 1892 C.
1607 1865 1680 1898 552,

895 1917 961 1940 tom.
972 1912 994 1939 II
1008 1911 1091 1944 Binii,
1111 1919 1138 1947 p.
1153 1911 1215 1939 661.
1230 1911 1310 1938 FABR.

929 1967 1057 2003 Epistolas
1084 1967 1146 1995 duae
1180 1967 1214 1994 ad
1240 1966 1410 1994 Succensum
1441 1966 1529 1994 Paris.
1558 1966 1586 1993 in
1616 1966 1680 1994 eod.

893 2013 1112 2046 DCCCLXXXII,
1126 2021 1155 2040 ιι.
1175 2013 1201 2046 9,
1217 2018 1246 2040 et
1263 2021 1292 2040 ιι.
1311 2013 1338 2046 4,
1353 2012 1470 2048 epistola
1481 2020 1539 2048 seq.
1558 2012 1592 2040 ad
1607 2013 1680 2040 Evo-

893 2058 993 2093 ptium.
1012 2058 1094 2086 ΗΑιιι..

928 2114 973 2141 21.
991 2114 1132 2150 Ἐνέτυχον
1140 2115 1196 2145 τοῖς
1213 2113 1289 2150 παρά
1304 2113 1356 2148 τῆς
1367 2113 1418 2148 σῆς
1433 2112 1596 2145 θεοσεδείαίῖ.
1614 2112 1680 2148 Ερῑ-

894 2160 963 2188 stola
975 2159 1008 2188 ad
1023 2160 1177 2195 Evoptium.
1193 2159 1272 2187 Tom.
1284 2159 1340 2192 VII,
1353 2167 1380 2194 p.
1394 2158 1447 2186 200
1460 2166 1535 2193 seqq.
1553 2158 1622 2186 Vide
1635 2166 1681 2185 su-

894 2215 954 2242 pra,
970 2214 1048 2234 num.
1065 2206 1109 2239 19,
1131 2206 1158 2233 in
1169 2206 1330 2233 recensione
1343 2213 1457 2240 operum
1470 2212 1529 2240 qua:
1540 2204 1681 2232 tomusVII

895 2253 1009 2281 Auberti
1028 2252 1160 2280 continet.

926 2309 971 2337 25.
997 2309 1137 2344 Ἑνέτυχον
1154 2308 1204 2343 μὲν
1216 2308 1255 2344 τῷ
1275 2306 1480 2344 ὑπομνηστικῷ.
1498 2306 1619 2342 Epistola
1634 2306 1679 2340 38,

892 2355 969 2390 prior
992 2355 1026 2382 de
1051 2354 1103 2382 ﬁde
1128 2354 1163 2381 ad
1187 2354 1354 2381 Succensum
1376 2352 1431 2388 (α),
1456 2351 1632 2379 Diocaesarm:
1653 2352 1681 2378 in

893 2401 995 2429 Isauria
1019 2401 1187 2436 episcopum.
1211 2400 1288 2427 Tom.
1305 2399 1337 2431 V,
1355 2403 1432 2434 parte
1454 2407 1482 2431 ιι,
1502 2406 1530 2433 p.
1550 2398 1680 2431 135—141,

894 2452 922 2475 et
934 2455 968 2475 ex
981 2448 1067 2475 veteri
1078 2447 1204 2474 versione
1221 2446 1292 2481 apud
1306 2445 1457 2478 Baluzium,
1474 2453 1501 2480 p.
1523 2444 1574 2472 918
1587 2452 1644 2479 seq.

932 2493 975 2521 26.
996 2493 1044 2519 Ἐν
1062 2492 1111 2527 μὲν
1128 2493 1221 2527 ἔμοιγε
1235 2492 1281 2518 καὶ
1294 2491 1353 2518 λίαν
1364 2491 1494 2527 θυμῆρες.
1507 2490 1623 2518 Ilomilia
1638 2498 1682 2517 xxt

895 2538 1039 2574 paschalis.
1055 2538 1133 2565 Tom.
1149 2538 1181 2571 V,
1199 2542 1275 2572 parte
1289 2545 1317 2570 ll,
1335 2545 1395 2572 pag.
1412 2536 1541 2565 265-269.

930 2596 975 2623 27,
998 2596 1106 2632 Ἐπειδὴ
1123 2605 1168 2631 μοι
1183 2595 1321 2631 γέγραφεν
1341 2596 1357 2631 ὴ
1375 2594 1502 2622 εὐλάϐεια
1515 2594 1601 2630 ὑμῶν.
1619 2594 1683 2629 Epi-

896 2642 964 2671 ﬂola
978 2643 1005 2675 6,
1018 2643 1051 2670 ad
1066 2651 1113 2670 eos
1132 2642 1180 2677 qui
1191 2642 1264 2677 vulgi
1281 2642 1439 2669 rumoribus
1450 2649 1609 2676 persuasum
1627 2642 1684 2668 aie-

896 2689 962 2717 bant
979 2689 1105 2716 Nestorio
1118 2689 1262 2716 restitisse.
1279 2688 1357 2715 'I‘om.
1374 2688 1405 2719 V,
1421 2691 1497 2722 parte
1518 2695 1548 2719 ιι,
1569 2695 1630 2722 pag.
1649 2686 1684 2714 50

896 2744 966 2771 seq.,
996 2743 1030 2762 ex
1051 2740 1127 2770 parte
1153 2743 1161 2762 ι
1184 2735 1276 2762 Actor.
1297 2734 1406 2762 concilii
1423 2733 1563 2768 Ephesini.
1578 2733 1655 2760 Tom.
1672 2733 1682 2760 I

897 2781 978 2811 Binii.
997 2789 1025 2816 p.
1041 2781 1101 2808 125.

931 2826 975 2854 28.
1012 2825 1120 2862 Ἐπειδὴ
1151 2825 1303 2862 πρώτιστον
1335 2825 1399 2860 ἡμῖν
1423 2824 1477 2855 τοῖς
1499 2823 1681 2858 Χριστιανοῖς.

109 2875 139 2916 (it)
151 2882 184 2909 De
197 2884 241 2911 illo
253 2880 392 2912 Succenso
411 2884 604 2913 Tillcmontius
619 2889 685 2912 tom.
702 2884 771 2918 XIV,
787 2891 848 2920 pag.
860 2882 921 2911 570.
