1929 3042
211 129 245 157 59

825 129 966 158 NOTITIA
986 129 1033 157 EX
1053 127 1220 157 FABRICIO.

1805 123 1840 152 ϐυ

210 186 332 214 Putmar.
346 191 374 214 et
387 188 414 214 in
432 186 460 214 S.
475 187 602 220 Paulum,
623 187 650 214 In
677 186 757 214 codd.
782 187 854 214 LXX
877 191 906 214 et
917 186 996 214 CXV.
1012 194 1034 221 Α
1050 193 1090 220 sq.
1109 201 1143 206 -
1160 184 1304 212 Nonnullis
1322 187 1386 211 sunt
1401 182 1546 211 Florentia:
1561 182 1588 210 in
1607 182 1687 210 codd.
1706 182 1837 210 Laurent.

211 231 342 260 V.Catal.
357 233 431 260 codd.
446 233 491 261 Gr.
502 232 594 266 Talna,
608 241 636 268 p.
653 233 703 261 I65
724 238 752 261 et
769 233 832 260 2I7.
848 233 996 260 —Vindo-

211 278 290 306 bonae
305 279 331 305 in
345 279 412 306 bibl.
428 279 528 306 Caesar.
541 279 568 306 in
593 280 654 306 cod.
667 279 796 311 LXXVII,
812 287 840 306 ιι.
851 278 896 311 51,
913 278 997 313 quin-

211 332 264 358 que
290 324 419 356 homilize,
434 329 462 352 et
485 333 512 351 n.
536 325 580 358 40,
607 325 676 352 hom.
697 325 729 352 de
747 324 852 357 Paulo,
869 324 998 360 episcopo

212 369 355 401 Emeseno,
371 374 398 397 et
410 370 441 396 de
449 371 581 397 incarnat.
592 370 707 403 Domini,
727 374 754 398 et
770 371 904 406 posterior
915 370 998 397 etiam

211 415 238 441 in
254 415 314 442 cod.
339 415 504 448 LXXXVIII,
535 425 564 444 n.
596 417 623 450 5,
639 417 667 444 in
694 417 790 452 festum
810 417 952 452 Puriﬁcat.
970 416 998 444 in

211 460 271 486 cod.
286 459 400 492 CXLVI,
416 469 444 487 ιι.
459 461 502 488 17.
523 461 553 489 V.
581 461 709 489 Lambee.
729 461 888 493 Comment.,
905 461 950 494 III,
969 470 996 496 p.

210 503 341 537 588-592,
358 509 386 532 et
399 505 451 532 476
478 521 513 525 —
529 508 567 533 Ac
580 507 634 534 vol.
660 507 692 538 V,
709 514 736 541 p.
754 506 815 534 ⁸260.
830 522 865 525 -
879 506 911 533 1η
932 507 997 542 virg.

211 549 336 582 Mariam,
359 551 457 585 Ephesi
487 557 582 579 contra
606 552 761 579 Nestorium
787 552 889 579 habita.
913 552 952 578 Ib.
971 552 1000 578 in

211 596 265 622 vol.
278 596 345 629 VIII,
362 597 415 624 col.
433 597 494 624 820.
511 597 538 624 In
557 598 600 626 Jo.
620 598 726 625 Patusse
741 597 926 632 Enryclopa'd.
940 597 999 632 plri-

212 641 271 674 lol.,
290 642 342 669 vol.
361 642 394 674 Il,
421 648 462 670 est
478 651 505 678 p.
535 643 587 670 52?.
612 643 706 678 Cyrilli
732 648 823 670 contra
850 643 1000 670 Nestorium

210 696 306 720 sermo,
323 688 413 715 dictus
435 688 462 715 in
483 689 586 724 synodo
610 689 765 723 Ephesina;
787 696 847 724 pag.
883 688 945 720 5'26,
963 687 1001 714 De

212 732 303 760 Sotere
318 739 406 761 nostro
422 735 476 762 Deo
492 739 516 761 et
539 735 661 768 homine;
690 739 718 762 et
732 743 758 770 p.
771 735 832 767 529,
853 735 887 762 de
904 734 1001 762 eodem

212 784 374 815 argumento
403 788 494 808 sermo
524 781 616 808 dictus
637 781 738 817 Ephesi
764 781 792 809 in
807 781 929 817 templo,
955 780 1000 809 die

214 825 242 852 S.
261 825 377 853 Joannis
389 826 573 861 evangelista.
585 827 669 855 IIImL.
704 834 711 840 '

1047 231 1079 257 V.
1095 230 1207 257 Bandin.
1222 229 1279 257 Cat.
1294 229 1369 256 codd.
1381 229 1503 262 Laur.,l,
1518 237 1545 264 p.
1562 228 1621 261 122,
1632 238 1659 256 ιι.
1677 228 1729 262 ως
1741 228 1839 263 ι).129,

1048 284 1074 303 n.
1091 276 1145 309 ‘22;
1164 284 1191 311 p.
1207 276 1268 308 5M,
1285 284 1313 302 n.
1330 276 1363 308 7;
1382 275 1437 302 vol.
1455 275 1488 307 II,
1505 283 1566 311 pag.
1594 274 1656 306 111,
1680 283 1708 301 ιι.
1725 274 1760 306 5;
1779 274 1841 308 plu-

1048 329 1093 349 res
1109 321 1138 348 in
1150 321 1230 348 codd.
1243 321 1346 356 Anglia:
1362 324 1390 347 et
1413 320 1526 347 Ilibern.
1547 327 1602 347 sec.
1629 319 1709 346 catal.
1726 319 1753 346 in
1770 318 1838 345 bibl.

1048 366 1150 394 Bodlei.
1167 375 1195 394 ιι,
1214 367 1259 398 26,
1272 366 1316 398 85,
1332 366 1376 398 86,
1391 366 1472 400 epist.
1489 365 1627 392 canonica:
1643 373 1650 398 ;
1666 373 1694 391 ιι.
1709 364 1754 396 9|,
1778 363 1840 394 I42,

1049 414 1110 445 185,
1132 413 1302 446 1171,1220,
1323 413 1401 440 1955.
1420 427 1455 431 —
1470 411 1547 438 Tom.
1564 411 1597 443 II,
1615 411 1688 438 inter
1702 410 1841 438 cod.Gaie

1049 467 1076 487 n.
1094 460 1172 492 5905,
1183 459 1292 495 epistola
1306 459 1431 486 canonica
1442 466 1504 485 cum
1515 457 1636 489 scholiis,
1650 461 1724 492 etep.
1739 457 1773 483 ad
1783 456 1842 490 epi—

1048 515 1138 542 scopos
1154 506 1250 541 Libyte,
1266 515 1297 533 at:
1324 505 1508 540 Pentapoleos.
1529 503 1695 531 intereodd.
1714 503 1792 534 Mori,
1811 511 1839 528 ιι.

1049 551 1128 578 9198.
1143 566 1178 571 —
1188 551 1311 583 Dublini,
1328 559 1355 578 ιι.
1371 551 1423 578 9.77
1439 555 1467 577 et
1481 549 1542 576 280.
1555 565 1590 569 -
1601 549 1713 576 Taurini
1729 548 1756 574 in
1769 547 1839 575 bibl.

1050 597 1133 632 Regia
1146 597 1220 632 epist.
1243 596 1278 623 ad
1300 596 1434 623 Damnum
1449 600 1478 622 et
1500 595 1534 622 ad
1558 595 1671 630 epist-op.
1697 593 1784 629 Libym
1817 597 1841 619 et

1050 643 1189 679 Pentapol.
1223 643 1250 670 in
1266 643 1327 671 cod.
1342 642 1396 674 CV,
1423 650 1450 677 p.
1468 641 1516 669 i97
1543 640 1629 668 Calai.
1647 654 1682 660 -—-
1696 640 1783 668 Paris.
1814 639 1840 666 in

1051 689 1172 717 sedecim
1196 688 1275 717 codd.
1306 687 1410 716 Gnecis
1436 687 1504 714 bibl.
1536 685 1612 721 pubi.
1641 684 1792 712 secundum
1819 683 1841 711 Il

1051 736 1105 763 vol.
1120 735 1217 767 Catal.,
1233 739 1262 762 et
1282 742 1330 762 sex
1357 733 1414 760 Lat.
1432 735 1459 760 in
1476 737 1540 761 tom.
1556 732 1590 759 Ill
1607 739 1638 758 ac
1661 731 1704 758 IV.
1723 745 1758 749 —
1774 729 1842 764 Epi-

1051 781 1125 809 stola:
1146 782 1278 808 canonica:
1302 779 1349 808 Gr.
1370 769 1401 807 εἶ
1411 779 1470 806 Lat.
1496 786 1559 805 cum
1577 777 1689 805 scholiis
1701 775 1843 803 Theodori

1052 827 1231 860 Balsamonis,
1257 827 1286 854 in
1315 826 1388 854 Guil.
1422 824 1561 860 Bcveregii
1593 823 1718 851 Pandert.
1745 831 1841 849 canon.

251 873 294 904 ιγ’.
309 870 435 906 Episton
445 871 489 898 LX
499 871 592 907 Cyrilli
606 877 634 900 et
650 873 766 900 aliorqu
780 873 873 901 Graece
886 877 914 900 et
927 872 1002 900 Lati-
1019 869 1038 896 Β
1054 874 1141 902 Oxon.
1167 873 1244 905 1672,
1275 872 1334 904 l'ol.,
1352 876 1419 899 tom.
1451 871 1483 904 II,
1502 875 1572 906 part.
1585 878 1604 902 I,
1623 877 1649 905 p.
1672 869 1721 896 I76
1734 877 1793 904 sqq.
1810 883 1845 888 -—-

215 914 281 941 tine.
296 915 360 950 Pag.
379 916 472 949 1-215,
488 917 610 952 exceptis
631 918 735 952 paucis,
757 926 817 953 quae
830 917 926 945 Latine
942 923 1003 945 tan-

215 964 273 987 tum
285 961 399 996 reperiri
410 966 569 996 potuerunt,
591 963 761 998 deprompta:
791 971 825 991 ex
847 964 923 991 Actis
936 972 1002 991 con-

214 1005 354 1038 ciliorum,
369 1006 512 1041 Ephesini,
527 1007 761 1036 Chalcedonensis
775 1007 815 1044 [in
840 1009 910 1037 Bibl.
926 1011 1002 1038 Patr.

215 1052 269 1078 vol.
286 1051 308 1083 I,
322 1059 349 1087 p.
365 1051 428 1085 415,
444 1053 488 1080 ed.
514 1053 625 1089 Paris.],
640 1058 694 1081 etc.
705 1074 712 1086 ,
731 1059 760 1082 ιιι
777 1055 846 1082 inl‘ra
870 1056 897 1083 in
913 1057 1003 1086 indice

214 1097 387 1132 alphabetieo
408 1098 593 1131 homiliarum,
619 1100 798 1134 epistolarum
823 1105 851 1129 ct
865 1102 1004 1130 minorum

214 1143 410 1178 opusculorum
439 1144 534 1180 Cyrilli
562 1145 722 1173 distinctius
747 1147 933 1175 annotabitur.
963 1150 1004 1176 Ex

215 1189 260 1217 his
276 1189 381 1217 Latinae
393 1189 530 1218 editiones
542 1190 662 1225 Operam
674 1190 768 1227 Cyrilli
788 1192 921 1221 exhibent
942 1194 1002 1229 epi-

213 1235 298 1263 stolas
313 1235 435 1269 XXXIX,
448 1244 482 1263 cx
497 1237 624 1264 versione
646 1237 799 1274 \Volfgangi
817 1239 943 1266 Musculi.
964 1241 1003 1267 Ex

213 1282 338 1317 epistolis
350 1282 442 1317 Cyrilli
455 1283 489 1310 ad
498 1283 654 1310 Nestorium
664 1287 692 1311 et
703 1284 836 1312 Joannem
853 1285 1003 1314 Antioche-

215 1335 282 1354 num
302 1328 455 1356 afferuntur
471 1329 596 1363 quaedam
616 1328 643 1356 iu
659 1334 736 1364 parte
748 1337 775 1357 111
792 1331 901 1358 concilii
921 1331 1003 1359 Chal-

215 1374 389 1407 cedonensis,
404 1379 470 1401 tom.
484 1375 506 1402 II
521 1375 602 1407 Binii,
616 1383 645 1410 p.
671 1375 733 1403 519.
749 1376 828 1403 Fam.
847 1392 883 1396 ——
894 1377 1005 1405 Ceiilier

216 1420 243 1447 in
259 1429 266 1446 :
285 1420 402 1447 Histoire
414 1420 458 1448 de:
475 1425 583 1448 auteuu
596 1421 698 1453 ecclés.,
724 1426 790 1449 tom.
805 1422 849 1455 III,
861 1431 923 1459 pag.
940 1423 1003 1456 288,

215 1465 277 1493 illas
291 1466 422 1501 epistolas
444 1466 590 1502 diligenter
607 1468 763 1501 recensuit;
782 1468 1004 1504 Oudiu.quoque

215 1512 236 1539 I.
250 1519 287 1544 c.,
306 1520 367 1548 pag.
388 1512 455 1539 1010
476 1520 549 1547 sqq.,
575 1512 633 1540 LXI
656 1513 750 1549 (ζμ-1111
780 1514 920 1549 epistolas,
937 1523 1004 1550 qua-

209 1566 279 1585 vrum
294 1558 420 1592 plurima:
432 1558 466 1586 ad
474 1559 616 1586 historiam
633 1559 741 1586 concilii
766 1560 897 1594 Ephesini
908 1581 914 1593 ,
929 1565 956 1588 et.
969 1561 1004 1588 ad

216 1603 403 1630 dissensiones
426 1603 520 1638 Cyrilli
548 1611 611 1631 cum
636 1604 679 1631 δυ.
697 1604 868 1632 Antiochcno
889 1605 1005 1641 aliisque

216 1648 404 1676 Orientalibus
429 1648 578 1684 pertinent,
597 1654 752 1682 enumerat,
765 1655 794 1677 et
814 1651 847 1677 de
866 1652 1006 1679 nonnullis

216 1695 340 1730 quaedam
362 1700 489 1728 annotat;
501 1696 629 1731 denique,
646 1706 654 1721 ι
669 1697 769 1731 quibus
784 1696 938 1733 (epistolis),
954 1698 1002 1730 ait,

217 1741 281 1769 addi
309 1741 414 1776 possint
436 1741 496 1769 alia:
519 1741 589 1774 duae,
616 1742 746 1769 nimirum
771 1743 885 1777 epistola
908 1744 1005 1780 Cyrilli

217 1788 293 1815 Alex.
311 1788 344 1815 ad
361 1787 499 1823 Optimum
509 1789 667 1823 episcopum
679 1809 685 1820 ,
703 1789 730 1815 in
751 1789 834 1816 verba
852 1790 1004 1824 Genescos,

217 1835 307 1861 Omnis
329 1835 373 1869 qui
399 1834 520 1861 occiderit
542 1833 619 1866 Cain,
647 1835 674 1861 in
699 1835 850 1870 septnplum
869 1838 1003 1872 punietur,

216 1886 283 1913 etc.,
300 1880 346 1908 Gr.
368 1884 396 1907 et
424 1880 481 1907 Lat.
497 1879 569 1907 edita
590 1880 617 1907 in
640 1879 767 1908 Chronico
787 1881 934 1909 Alt-zandr.
958 1884 1003 1911 ed.

218 1927 313 1954 Matth.
325 1923 449 1960 'IIaderi;
470 1927 574 1959 altera,
594 1926 725 1962 inscripta
741 1937 747 1954 :
768 1927 1005 1957 Commonitorium

218 1973 249 1999 de
257 1972 386 2005 Nestorio,
400 1973 473 2008 quod
484 1973 588 2008 primus
600 1973 626 2000 in
643 1973 730 2000 lucem
742 1974 841 2002 extulit
850 1976 1005 2011 Stephanus

219 2017 355 2051 Baluzius,
372 2018 418 2046 Gr.
433 2022 462 2046 et
478 2018 538 2045 Lat.
553 2019 580 2045 in
597 2017 670 2045 Nova
686 2018 839 2046 collectione
855 2021 1003 2054 concilior.,

219 2064 305 2091 Paris.
323 2063 400 2096 1685,
419 2063 478 2096 fol.,
492 2071 519 2098 p.
533 2063 600 2096 577;
619 2064 737 2099 denique
759 2065 882 2101 prologue
901 2065 930 2093 S.
952 2066 1003 2102 Cy-

220 2109 275 2136 rilli
292 2118 339 2145 pro
352 2109 423 2145 cyelo
441 2118 489 2137 xcv
505 2118 646 2142 annorum,
656 2110 751 2137 Latine
764 2116 870 2139 tantum
882 2112 917 2139 ab
928 2112 1004 2148 .IEgi-

218 2156 264 2183 dio
278 2155 424 2188 Bucherio,
438 2156 466 2184 S.
479 2156 515 2188 J.,
528 2156 580 2183 sub
592 2156 673 2183 tinem
686 2156 881 2185 Commentarii
904 2158 931 2185 in
951 2158 1004 2186 Ca-

1053 921 1126 948 Inter
1137 928 1199 955 epp.
1219 923 1261 947 est
1271 927 1297 954 p.
1311 919 1362 945 171
1373 917 1418 946 ed.
1435 925 1479 952 ep.
1496 916 1529 943 ad
1548 915 1694 943 Maximum
1707 914 1843 949 aliosque.

1053 974 1113 1001 quae
1129 970 1172 993 est
1187 965 1258 999 disp.
1276 968 1371 991 contra
1384 970 1431 990 eos
1444 960 1631 990 Occidentales
1642 959 1688 994 qui
1704 959 1842 986 Theodori

1053 1011 1153 1047 placita
1166 1018 1318 1038 consonare
1334 1017 1396 1036 eum
1409 1008 1539 1039 formula,
1561 1007 1684 1034 dicerent
1695 1025 1702 1037 ,
1719 1004 1781 1032 ﬁdei
1798 1005 1844 1032 Ni-

1053 1065 1145 1090 cicnm,
1172 1060 1201 1084 et
1227 1056 1279 1083 sub
1311 1054 1421 1082 nomine
1443 1063 1449 1080 :
1474 1053 1610 1088 Expositio
1629 1052 1656 1078 in
1684 1050 1842 1086 symbolum,

1053 1107 1143 1130 exstat
1153 1103 1180 1130 in
1196 1101 1277 1130 codd.
1292 1105 1374 1136 atque
1389 1100 1418 1127 in
1432 1098 1517 1126 Mausi
1537 1098 1662 1130 Collect.,
1681 1101 1747 1129 ete.,
1776 1100 1841 1123 tom.

1054 1148 1087 1181 V,
1104 1156 1131 1184 p.
1147 1148 1209 1175 385.
1226 1147 1309 1174 IIARL.

1090 1195 1131 1222 ιδ’.
1153 1191 1381 1230 Προσφωνητικὺς
1401 1190 1435 1218 ad
1460 1191 1646 1225 imperatorem
1674 1187 1841 1214 Theodosium

1053 1241 1203 1272 Juniorem,
1221 1239 1285 1274 περὶ
1300 1238 1349 1273 τῆς
1369 1237 1453 1274 ὀρθῆς
1469 1234 1597 1269 πίστεως,
1613 1235 1644 1261 de
1661 1239 1731 1260 recta
1747 1234 1774 1260 in
1791 1233 1843 1259 Do-

1054 1287 1155 1314 minum
1169 1289 1288 1313 nostrum
1301 1284 1391 1311 Iesum
1409 1282 1541 1310 Christum
1555 1281 1616 1315 ﬁde.
1630 1281 1660 1308 P.
1677 1279 1753 1306 1-42.
1773 1278 1842 1306 Inci-

1055 1333 1113 1369 pit:
1128 1332 1183 1367 Τῆς
1200 1332 1249 1368 μὲν
1268 1332 1296 1357 ὲν
1313 1328 1466 1366 ἀνθρώπως
1489 1327 1613 1359 εὐκλείας
1637 1327 1667 1352 τὸ
1695 1325 1842 1352 ἀνώτατον.

1055 1379 1179 1414 Scriptus
1193 1377 1225 1405 Α.
1242 1377 1273 1405 C.
1289 1377 1350 1404 150.
1368 1375 1435 1403 Vide
1452 1373 1654 1402 Tillemontium
1678 1377 1744 1399 tom.
1774 1371 1843 1402 XIV,

1054 1433 1081 1460 p.
1092 1425 1143 1452 510
1153 1433 1213 1459 sqq.
1225 1424 1255 1451 In
1270 1423 1374 1451 Latinis
1389 1420 1557 1449 editionibus
1568 1419 1687 1447 occurrit
1698 1418 1740 1446 Jo.
1754 1417 1843 1445 ΟΕςο-

1055 1471 1182 1506 Iampadii
1198 1470 1399 1505 interpretatio.
1420 1468 1490 1496 Cum
1502 1467 1555 1495 alia
1567 1467 1693 1494 versione
1705 1466 1732 1493 in
1745 1469 1822 1500 parte
1837 1473 1844 1492 I

1055 1517 1184 1545 Actorum
1199 1516 1307 1543 concilii
1322 1515 1463 1550 Ephesini,
1485 1514 1579 1541 Roma:
1594 1512 1672 1545 1608,
1683 1517 1766 1547 atque
1783 1511 1845 1538 inde

1056 1562 1082 1589 in
1097 1561 1210 1588 Biniana
1229 1568 1254 1587 a.
1271 1560 1347 1592 1618,
1365 1564 1431 1586 tom.
1448 1559 1469 1592 I,
1485 1567 1513 1594 p.
1532 1558 1577 1591 20,
1595 1563 1676 1592 atque
1700 1557 1845 1584 Labbcana

1057 1611 1122 1634 tom.
1146 1607 1189 1639 III,
1219 1614 1245 1642 p.
1274 1606 1318 1639 45,
1351 1606 1451 1632 eitatur
1475 1604 1502 1632 in
1523 1604 1639 1632 concilio
1662 1612 1687 1630 ιι
1701 1602 1843 1630 Aetionel

1055 1658 1083 1681 et
1103 1653 1143 1680 10.

1093 1704 1131 1727 ιε’.
1143 1698 1369 1735 Ιιροσφωνητικδς
1379 1699 1438 1731 ταῖς
1449 1697 1656 1727 εὖσεῦεστάταις
1665 1695 1845 1731 βασιλίσσαις,

1055 1747 1127 1782 λόγος
1144 1747 1175 1782 β’.
1192 1747 1264 1774 Libri
1287 1747 1338 1773 duo
1361 1746 1392 1773 de
1413 1750 1485 1773 recta
1500 1745 1552 1779 ﬁde
1575 1744 1608 1771 ad
1636 1743 1846 1778 religiosissima;

1056 1796 1171 1830 reginae,
1206 1792 1352 1821 Theodosii
1382 1791 1504 1820 Junioris
1532 1791 1685 1826 eonjugem,
1712 1789 1847 1816 Liciniam

1055 1840 1217 1872 Eudoxiam,
1242 1845 1418 1872 sororesque,
1444 1836 1581 1864 Flacillam
1608 1839 1636 1862 et
1662 1834 1846 1862 I‘ulcheriam.

1056 1886 1112 1914 Sub
1131 1886 1201 1913 idem
1216 1890 1323 1920 tempus
1337 1883 1432 1919 scripti
1444 1890 1510 1910 eum
1523 1882 1672 1918 superiore.
1688 1881 1766 1909 I‘rior
1786 1890 1847 1916 pag.

1055 1932 1167 1959 42-127.
1181 1931 1280 1966 Incipit
1297 1930 1494 1965 Σεμνολόγημα
1508 1929 1557 1963 μὲν
1579 1928 1776 1963 οἱκουμενικόν.
1796 1927 1848 1954 Po-

1055 1978 1153 2005 sterior
1167 1986 1194 2012 p.
1214 1975 1341 2003 128-180.
1363 1974 1479 2009 Incipit:
1497 1974 1559 2005 Τοῖς
1571 1973 1601 2000 τὸ
1613 1973 1683 1999 Οεῑον
1701 1972 1747 1999 καὶ
1766 1973 1849 2008 obpi-

1054 2031 1110 2048 vmv
1133 2021 1302 2058 ἱερουργοῦσι
1325 2021 1465 2056 κήρυγμα.
1490 2019 1616 2047 Citantur
1638 2027 1664 2053 p.
1682 2017 1716 2045 18
1728 2025 1770 2051 sq.
1790 2018 1847 2044 loca

1054 2067 1195 2094 Athanasii
1218 2068 1249 2093 ἐκ
1279 2066 1326 2093 τοῦ
1350 2066 1420 2100 Περὶ
1445 2064 1622 2099 σαρκώσεως
1639 2064 1743 2097 λόγου,
1764 2063 1848 2089 Atiiei

1054 2113 1186 2148 episcopi,
1193 2112 1320 2140 Antiochi
1329 2111 1460 2148 episcopi,
1468 2109 1650 2146 Amphilochii
1662 2107 1784 2143 episcopi
1793 2108 1849 2134 Icu—

1037 2162 1040 2166 ‘
1054 2158 1143 2191 ιι11,ἐκ
1152 2157 1198 2184 τοῦ
1210 2158 1277 2192 Περὶ
1288 2158 1342 2191 τῆς
1352 2157 1425 2184 κατὰ
1435 2156 1534 2190 σάρκα
1542 2154 1722 2190 γεννήσεως,
1737 2153 1848 2180 Αιιιιιιυ‹

219 2210 320 2229 nonem
348 2202 502 2237 paschalcm
537 2202 656 2230 Victoris
692 2203 831 2238 Aquitani.
867 2204 1001 2239 Antuerp.
1021 2204 1110 2239 pnis,
1133 2204 1254 2239 episcopi
1290 2202 1537 2238 Adrianopolitaui,
1571 2200 1693 2232 Joannis,
1725 2200 1847 2235 (πρίω-υἱ

220 2246 298 2273 I633.
317 2256 326 2272 ι
345 2247 427 2278 Infra,
443 2254 470 2273 ιι.
488 2246 548 2278 150,
569 2247 701 2274 asseritur
716 2248 803 2276 editio
825 2257 851 2276 a.
876 2249 953 2277 1651.
972 2265 1006 2270 --

219 2292 326 2320 Waleh.
340 2300 448 2327 quoque
461 2292 489 2319 in
500 2292 568 2319 Hist.
593 2293 670 2326 liam,
687 2293 718 2326 V,
743 2294 854 2329 possint,
868 2303 893 2322 e.
911 2303 962 2331 gr.,
977 2305 1003 2331 p.

219 2339 271 2366 355
285 2347 338 2373 sq.,
352 2338 414 2371 556,
427 2338 479 2366 558
502 2343 530 2366 et
553 2339 629 2371 alibi,
644 2340 671 2366 in
694 2341 790 2375 primis
804 2349 864 2377 pag.
877 2342 1005 2375 582-410,

219 2385 390 2419 frequentem
405 2385 583 2419 epistularum
597 2385 689 2422 Cyrilli
711 2387 777 2413 facit
795 2388 961 2415 mentionem
973 2390 1006 2416 ad

221 2430 408 2458 iliustrandam
422 2431 564 2459 historiam
581 2432 718 2460 haereseos
741 2433 919 2461 Nestorianm.
931 2434 1007 2462 Man-

220 2476 278 2503 sius
291 2476 319 2503 in
336 2476 444 2504 Colleet.
454 2477 546 2504 coucil.
559 2477 690 2512 ampliss.,
703 2483 769 2505 tom.
782 2478 814 2505 IV
821 2482 850 2506 et
862 2479 893 2511 V,
903 2480 1008 2514 recepit

219 2530 266 2549 eas
292 2530 352 2557 qua:
379 2522 412 2549 ad
434 2523 649 2550 controversiam
675 2523 767 2559 Cyrilli
800 2531 861 2551 cum
881 2525 1007 2552 Nestorio

221 2568 368 2603 pertinent.
381 2568 463 2601 Add.,
477 2569 531 2596 vol.
551 2569 572 2601 I,
592 2577 618 2604 p.
639 2569 700 2602 700,
716 2569 785 2597 XLV
798 2579 810 2602 ',
839 2569 872 2598 dc
889 2570 1006 2599 Combe-

221 2614 273 2640 lisii
288 2613 356 2641 edit.
372 2614 490 2647 Maximi,
504 2614 556 2641 vol.
571 2614 638 2646 VIII,
649 2623 675 2650 p.
692 2615 739 2642 7-11
756 2621 809 2642 vet.
828 2616 884 2648 ed.,
899 2621 927 2643 et
950 2617 1005 2644 vol.

220 2660 266 2692 IX,
283 2661 316 2688 de
332 2661 439 2693 Photio,
456 2670 482 2697 p.
501 2661 562 2693 595,
582 2661 648 2694 LIV,
679 2666 732 2689 vet.
744 2662 789 2689 ed.
808 2679 843 2683 -—
858 2663 887 2690 In
913 2664 1007 2691 multis

221 2707 301 2734 codd.
328 2712 442 2736 servata:
470 2713 534 2736 sunt
551 2708 684 2743 epistolae,
709 2717 782 2736 nunc
806 2709 910 2744 plures,
934 2719 1007 2738 nunc

221 2753 374 2789 pauciores,
391 2759 439 2782 aut
468 2762 520 2781 una
547 2755 676 2782 alterave.
700 2755 736 2781 De
762 2755 842 2782 codd.
876 2755 1007 2783 Caesareis

220 2799 388 2827 Vindobonaz
402 2800 432 2827 V.
448 2800 574 2828 Lambcc.
592 2800 749 2832 Comment,
763 2801 789 2827 in
806 2800 889 2830 indie.
903 2801 936 2827 ad
951 2801 1003 2828 vol.

221 2844 266 2878 III,
285 2846 316 2874 IV
331 2852 356 2876 ct
374 2847 439 2880 VIII,
457 2852 504 2874 aut
530 2847 643 2875 Nesselii
672 2846 760 2874 fiatut.
783 2847 809 2874 in
831 2847 898 2880 ind.,
922 2855 947 2881 p.
974 2847 1005 2874 -11

1056 2250 1305 2286 Constantinopol.,
1324 2249 1465 2277 Severiani
1477 2248 1610 2284 episcopi,
1624 2247 1719 2274 Vitalis
1737 2247 1847 2281 episco—

1057 2296 1095 2332 pi,
1116 2296 1148 2322 ἐκ
1161 2295 1209 2321 τοῦ
1223 2295 1291 2329 Περὶ
1307 2296 1437 2327 πΙστεως
1452 2293 1542 2327 λόγου.
1570 2297 1597 2320 et
1618 2291 1765 2327 Theophili
1787 2292 1847 2327 epi-

1057 2342 1142 2376 scopi,
1157 2342 1189 2368 ὲκ
1203 2340 1250 2367 τοῦ
1265 2340 1489 2376 προσφωνητικοῦ
1501 2339 1579 2373 λόγωι
1594 2338 1667 2372 πρὸς
1682 2337 1754 2371 τοὺς
1774 2347 1847 2371 φρο-

1056 2389 1186 2421 νοῦντας
1197 2389 1232 2415 τὰ
1248 2387 1424 2422 Ὤριγένους.
1443 2386 1473 2414 In
1487 2385 1591 2413 Latinis
1612 2383 1784 2412 editionibus
1799 2392 1847 2411 oc-

1057 2434 1146 2462 currit
1157 2434 1199 2462 Jo.
1214 2433 1421 2468 OEcolampadii
1435 2431 1634 2467 interpretatio.
1650 2430 1692 2466 ιν.
1711 2437 1793 2464 supra
1814 2430 1846 2457 ad

1036 2473 1070 2514 )3'
1084 2480 1135 2511 ιιι,
1151 2479 1185 2506 de
1199 2479 1278 2507 editt.
1297 2478 1371 2514 Lat.]
1385 2477 1437 2505 Sed
1454 2477 1592 2504 Aubcrtus
1610 2475 1729 2503 servavit
1741 2475 1846 2503 versio—

1058 2534 1120 2553 nem
1135 2533 1251 2560 quacum
1266 2525 1294 2552 hi
1305 2524 1369 2552 libri
1384 2524 1510 2558 prodiere
1533 2522 1561 2550 in
1582 2527 1660 2557 parte
1683 2529 1690 2548 I
1713 2522 1845 2548 Actorum

1057 2571 1166 2599 concilii
1181 2570 1323 2606 Ephesiui,
1339 2569 1408 2597 edit.
1429 2569 1550 2596 Biniana:
1573 2568 1644 2603 (qua:
1653 2568 1708 2603 jam
1722 2567 1791 2594 mihi
1812 2568 1846 2594 ad

1058 2616 1177 2651 inaltus),
1190 2620 1256 2643 tom.
1276 2615 1296 2647 I,
1312 2623 1339 2650 p.
1357 2615 1391 2641 15
1408 2618 1436 2641 ct
1448 2614 1491 2641 90.
1507 2613 1634 2640 Citantur
1649 2612 1683 2639 ab
1697 2612 1846 2647 I‘Iphraimo

1057 2668 1086 2690 et
1102 2662 1216 2697 Eulogio
1229 2661 1301 2697 apud
1322 2660 1451 2689 Photium
1473 2659 1534 2687 cod.
1551 2667 1656 2691 ccxxtx,
1677 2667 1773 2690 ccxxx,
1786 2664 1814 2686 et
1831 2667 1844 2685 a

1059 2709 1151 2737 Leone
1163 2708 1197 2735 Μ.
1212 2708 1329 2743 epistola
1346 2707 1407 2735 151,
1421 2707 1536 2734 qu.~
1545 2705 1623 2733 Coni.
1636 2705 1742 2731 “aleh.
1768 2706 1785 2732 l.
1807 2713 1843 2736 c.,

1058 2755 1178 2791 pag.58i
1188 2754 1435 2790 sq.——Vindobon:e
1447 2753 1473 2780 in
1487 2752 1622 2779 eod.(2a:s.
1636 2751 1802 2784 LXXXVI",
1815 2761 1841 2778 ιι.

1058 2801 1083 2832 ὖ,
1097 2801 1134 2828 Dc
1148 2805 1219 2827 mla
1240 2800 1291 2835 [ide
1304 2800 1374 2827 liber
1395 2798 1532 2827 secundus
1549 2797 1581 2825 ad
1600 2797 1802 2833 ‘imperatriees,
1817 2798 1841 2824 in

1059 2847 1237 2882 quadraginta
1271 2846 1320 2874 tria
1342 2846 1430 2881 capita
1458 2845 1580 2877 di\isus;
1607 2847 1688 2879 atque
1714 2844 1844 2872 Lambec-
