1929 3042
317 101 328 108 .
345 100 385 107 «μα
406 102 466 109 ωι...

16 159 45 187 85
634 160 774 188 NOTITIA
794 160 812 188 Ε

867 159 1028 188 FABRICIO.
1617 158 1653 188 66

13 218 119 254 annot.]
137 218 236 246 Colon.
261 218 337 246 1516.
359 217 474 245 Librum
499 217 619 253 primum
635 218 729 247 Graec
750 220 807 255 pri-
822 223 844 251 Α
858 219 941 246 minis
955 217 1095 254 leguntur)
1107 218 1264 253 vulgaverat
1278 216 1365 253 Lugd.
1384 216 1476 244 Batav.
1492 216 1569 250 1605,
1583 217 1610 245 in
1623 218 1651 246 4.

14 272 74 292 unus
95 272 161 292 cum
184 272 256 292 nova
278 264 391 292 meliore
415 264 541 292 versione
565 272 615 292 sua
638 272 664 292 a.
685 264 754 292 1619
776 265 810 292 ad

14 311 165 338 editionem
184 310 330 337 adornavit
346 309 475 337 Nicolaus
491 307 656 342 Borbbnius,
671 309 811 344 professor

14 364 39 385 ct
64 358 205 392 interpres
226 357 318 392 regius
335 356 384 392 (ιι),
401 356 428 383 in
444 356 522 391 cujus
539 356 678 391 opusculis
695 360 810 391 utraque

14 404 108 439 lingua
130 402 237 438 prodiit
254 401 342 429 Paris.
365 401 444 434 1650;
461 401 540 433 1654,
559 401 602 428 12.
621 401 719 428 Totum
742 408 811 436 opus

14 448 109 475 Graece
128 452 156 475 et
177 447 273 474 Latine
288 447 409 482 primum
429 447 457 473 in
471 446 586 474 Auberti
605 446 730 474 editione
747 454 813 474 con-

14 494 144 528 spicitur,
165 493 237 520 liber
259 492 366 529 primus
388 500 422 520 ex
440 492 579 525 Borbonii,
595 492 687 520 caeteri
706 500 738 519 ex
758 492 811 519 Au-

14 539 87 567 berti
116 540 354 575 interpretatione.
382 539 472 574 Atque
497 539 534 566 ita
564 547 692 566 recusum
719 538 834 573 lingua-

15 591 135 621 utraque
157 591 199 614 est
222 586 256 614 ad
272 586 375 613 calcem
398 585 518 621 Operum
537 585 648 617 Juliani,
661 593 695 613 ex
710 585 810 613 Ezech.

15 633 179 668 Spanhemi-i
215 633 376 660 recensione
403 633 576 668 vulgatorum
605 632 704 667 Lipsiae
732 632 810 665 1696,

16 679 61 706 fol.
86 679 224 707 Videntur
243 679 324 706 etiam
346 679 374 706 hi
394 678 488 714 Cyrilli
514 679 577 706 libri
601 678 725 706 translati
747 677 811 705 ferri

16 725 146 761 Syriaco;
165 733 229 752 nam
245 725 395 752 laudantur
413 733 427 752 a
442 725 515 752 Mosc
534 725 672 760 Barceplia
692 729 768 760 parte
780 731 812 751 ιιι

16 770 53 799 De
71 772 211 807 paradiso,
224 779 285 806 pag.
301 771 429 799 125-429.
447 771 469 798 Ε
482 771 584 799 Graecis
601 771 686 798 citant
704 770 745 797 Jo.
762 770 814 797 Da—
836 787 837 790 η

15 824 164 845 mascenus
186 818 214 844 in
235 816 403 849 .Parallelis,
424 821 451 844 et
479 821 575 844 catena
598 816 757 844 Possiniana
784 815 812 843 in
836 825 838 827 ·

17 864 153 895 Marcum,
179 871 240 899 pag.
257 863 319 896 515,
340 863 435 891 laudat
458 863 591 899 Cyrillum
612 864 641 890 ἐν
664 863 721 894 τοῖς
745 862 813 898 πρὸς

24 908 170 934 Ἰουλιανὺν
196 898 335 943 κεφαλαίῳ
355 909 391 943 γ’.
415 898 568 936 Concilium
586 917 622 940 IV,
641 908 748 936 actione
768 908 809 941 10,
829 898 849 925 Β

19 959 85 981 tom.
101 950 138 982 Ill
151 954 231 987 Binii,
253 962 312 990 pag.
325 954 370 987 95,
387 956 416 982 ὲν
435 954 482 981 τοῦ
503 955 573 982 κατὰ
595 955 649 982 τῶν
668 954 812 981 Ἰουλιανοῦ

18 1001 163 1036 δογμάτων
180 1001 282 1036 βιϐλίου
300 1001 404 1036 τρίτου,
418 1001 472 1028 ἀπὸ
487 1001 566 1035 λόγου
581 1001 704 1028 δεκάτου.
719 1000 813 1028 Μετιιῇ

17 1047 60 1073 nit
73 1052 102 1074 et
118 1047 290 1082 Nicephorus
305 1055 358 1080 xiv,
374 1047 418 1079 14,
433 1051 462 1075 et
480 1052 543 1075 ante
559 1047 610 1074 bos
629 1047 813 1074 Thcodoritus

18 1093 99 1127 epist.
118 1093 162 1120 85.
184 1093 306 1120 Primum
320 1093 402 1120 modo
413 1093 514 1121 Juliani
527 1093 628 1121 librum
642 1093 811 1120 confutatum

18 1147 33 1165 ει
43 1135 146 1174 Cyrillo
160 1139 272 1174 conjicit
285 1139 355 1166 Lud.
371 1139 454 1166 Ellies
464 1139 499 1166 du
511 1139 561 1166 Pin
575 1143 640 1166 tom.
653 1139 686 1166 1V
698 1138 736 1165 De
745 1138 810 1165 scri-

17 1184 137 1219 ptoribus
158 1184 348 1217 ecclesiasticis,
365 1192 426 1220 pag.
448 1184 482 1211 48
501 1194 507 1211 :
525 1184 551 1211 Il
569 1185 658 1220 paruit
681 1184 746 1220 qu’il
768 1184 811 1212 n’a

19 1231 105 1266 re’futl
119 1239 169 1266 que
183 1239 229 1258 son
245 1233 358 1266 premier
376 1230 449 1263 livre,
465 1230 532 1258 dans
547 1230 631 1265 laquei
647 1234 686 1256 cet
707 1224 812 1264 aposth

19 1277 154 1311 attaquait
168 1284 198 1302 cn
212 1275 321 1311 géne’ral
337 1275 363 1302 la
379 1275 488 1310 religion
502 1276 659 1302 chrétienne.
676 1275 812 1303 Sed'falli-

21 1326 64 1348 tur
78 1322 162 1353 idem,
179 1321 289 1357 quando
302 1329 363 1357 pag.
376 1321 410 1349 52
419 1321 504 1348 libros
516 1321 608 1356 Cyrilli
620 1325 714 1348 contra
725 1322 810 1349 Julia-

19 1376 85 1395 num
108 1377 124 1396 a
146 1368 206 1396 Nic.
231 1368 369 1407 Borbonio
393 1372 508 1402 utraque
531 1367 624 1402 lingua
650 1375 721 1395 anno
743 1367 812 1394 1650
840 1366 843 1378 ⁵

17 1415 108 1442 editos
130 1415 238 1447 scribit,
259 1420 321 1441 nam
346 1414 464 1449 primum
489 1414 678 1441 tantummodo
699 1414 810 1447 librum,

20 1466 49 1488 ut
64 1461 133 1493 dixi,
148 1461 288 1496 vulgatum
305 1460 339 1487 ab
352 1467 385 1487 eo
401 1464 516 1487 constat.
535 1460 614 1487 FABR.

54 1507 226 1534 Viudobona:
248 1506 275 1533 in
295 1506 355 1533 cod.
371 1506 495 1533 Caesareo
515 1505 586 1538 XIX,
602 1513 630 1532 n.
652 1506 695 1538 M,
708 1509 735 1533 et
749 1505 809 1532 cod.

859 265 995 293 Cotelerio
1014 264 1055 291 'in‘
1073 264 1146 291 notis
1168 263 1201 290 ad
1226 263 1397 290 Monumenta
1414 262 1506 290 (ἔντεα
1522 264 1651 296 tom.'lll,

860 319 887 347 p.
903 311 965 343 557,
977 315 1058 342 teste;
1071 310 1117 337 hic
1132 309 1204 337 liber
1219 309 1380 337 inscribitur
1388 309 1420 337 in
1433 309 1494 337 aliis
1510 310 1652 338 codim‘bus

861 365 937 390 mss.,
950 356 1098 384 Solutiones
1113 356 1321 390 dogmaticarum
1332 356 1514 390 quwstionum,
1530 356 1654 391 proposi-

862 407 952 430 tarum
976 411 991 430 a
1013 402 1124 430 Tiberio
1139 401 1255 428 diacono
1272 405 1300 428 et
1323 400 1476 429 fratribus:
1500 401 1653 434 Ἑπιλύσεις

861 448 1032 484 δογματικῶν
1050 441 1214 483 ζητημάτων
1239 445 1457 482 ὲπιζητηθέντων
1481 448 1556 484 παρὰ
1572 448 1651 475 Τιϐε-

862 494 919 529 ρίου
932 493 1056 519 διακόνου
1079 493 1126 519 καὶ
1144 491 1194 526 τῆς
1218 491 1397 526 ἀδελφότητος
1414 499 1420 505 ·
1441 491 1483 518 vel
1499 491 1652 525 Ἐπιλύσεις

861 541 915 566 τῶν
963 537 1197 574 προσενεχθεισῶν
1244 536 1367 562 πεύσεων
1412 536 1486 572 παρὰ
1526 538 1651 574 Τιϐερίου

862 584 984 611 διακόνου
1009 584 1055 610 καὶ
1075 583 1128 609 τῶν
1146 581 1285 617 ὰδελφῶν;
1307 581 1347 609 vel
1370 580 1491 617 denique
1518 583 1651 619 Κυρίλλου

863 630 931 666 πρὸς
948 630 1084 665 Τιϐέριον.
1102 628 1180 655 FABB.

899 676 945 704 Sic
967 676 995 703 in
1010 675 1071 703 cod.
1086 675 1217 702 Laurent.
1240 671 1337 700 Medic.
1356 672 1414 706 XII,
1433 681 1461 700 n.
1478 673 1521 706 52,
1537 675 1606 710 plut.
1624 675 1651 707 5,

862 723 894 750 ἐκ
914 723 968 749 τῶν
992 722 1142 749 ἐπιλύσεων
1166 721 1219 746 τῶν
1243 720 1413 755 δογματικῶν
1436 720 1652 756 ὲ-πιζητηϐἑντων

863 770 926 804 περὶ
944 767 1045 805 (forsan
1064 767 1149 804 παρὰ)
1167 765 1293 802 Τιϐερίου
1316 766 1450 800 δ;ακᾶνου,
1466 772 1518 795 etc.
1536 768 1567 795 V.
1579 760 1654 796 'Ban-

863 815 920 843 diu.
945 814 1004 842 Cat.
1030 814 1105 841 codd.
1130 813 1175 842 Cr.
1198 813 1280 840 Laur.
1298 814 1318 846 I,
1337 822 1363 849 p.
1382 814 1415 841 47
1437 822 1478 850 sq.
1493 815 1569 842 —In
1590 815 1652 843 cod.

862 862 944 894 XVII,
958 869 986 888 n.
1002 861 1046 892 2-1,
1062 861 1131 896 plut,
1145 860 1176 888 ϐε
1195 860 1331 892 Ἐπίλυσις
1346 861 1517 896 δογματικῶν
1532 862 1654 898 ζητημά-

863 917 916 935 των
937 907 1121 943 προτεθέντων
1142 905 1181 942 τῷ
1202 907 1345 941 ἁγιωτάτῳ
1363 907 1498 942 Κυρίὶὰιι).
1515 908 1610 936 Diﬂ'crl.
1626 915 1654 936 ct

863 962 978 983 numero
994 958 1022 982 et
1038 953 1133 981 ordine
1150 954 1185 980 ab
1201 953 1294 980 editis.
1316 952 1346 979 In
1367 953 1461 981 codice
1477 954 1653 989 praemittitur

862 1001 988 1036 epistola,
1007 999 1140 1032 Ἀξίωσις,
1163 1004 1216 1027 etc.
1245 998 1407 1036 Supplicatio
1433 1000 1531 1027 tradita
1553 999 1582 1027 S.
1604 1000 1653 1037 Cy-

863 1047 931 1083 ryllo
948 1062 982 1066 —
1002 1055 1018 1074 a
1044 1046 1228 1081 fraternitate;
1252 1053 1334 1080 quam
1364 1046 1522 1081 epistolam,
1544 1046 1572 1074 in
1596 1048 1657 1075 edia

865 1095 938 1122 tione
962 1093 1147 1121 desideratam
1166 1092 1282 1119 Bandin.
1304 1093 1321 1119 I.
1344 1100 1368 1119 c.
1389 1100 1416 1128 p.
1440 1092 1491 1120 128
1511 1100 1552 1128 sq.
1585 1093 1654 1121 inlc—

862 1148 936 1175 gram
951 1139 998 1166 Gr.
1011 1138 1107 1170 edidit,
1121 1142 1188 1165 tum.
1206 1146 1233 1164 n.
1250 1138 1284 1164 22
1297 1138 1423 1173 sequitur
1435 1138 1527 1174 Cyrilli
1539 1139 1652 1174 epistola

862 1187 896 1214 ad
925 1185 1108 1221 Calosyrium,
1131 1184 1291 1219 episcopum
1317 1184 1499 1217 Arsenoitem,
1522 1184 1654 1212 adversus

863 1240 911 1260 eos
936 1232 982 1267 qui
1008 1232 1094 1258 Deum
1119 1230 1402 1265 anthropomorphum
1427 1233 1559 1258 statuunt.
1581 1230 1651 1258 Add.

863 1287 944 1314 supra
961 1278 995 1305 ad
1011 1286 1039 1305 n.
1055 1277 1110 1304 VII.
1129 1277 1213 1304 IIARL.

897 1325 949 1359 κγ’.
977 1325 1015 1351 De
1039 1323 1067 1351 S.
1091 1324 1219 1351 Triuitate
1249 1322 1324 1355 liber,
1350 1330 1377 1357 p.
1403 1322 1483 1355 1-55;
1508 1330 1570 1350 eum
1593 1330 1654 1350 ver-

863 1373 938 1400 sione
959 1371 1073 1399 Joannis
1094 1369 1240 1405 Wegelini,
1265 1368 1427 1405 Augustani,
1444 1369 1492 1404 qui
1514 1369 1620 1403 primus
1638 1377 1653 1396 c

863 1427 914 1446 ms.
928 1418 1022 1445 codice
1036 1416 1211 1444 bibliotheca:
1226 1415 1321 1450 patriae
1336 1415 1424 1442 edidit
1436 1419 1463 1442 et
1478 1414 1505 1441 in
1518 1415 1606 1450 capita
1621 1414 1655 1442 18

863 1465 973 1498 divisit,
994 1466 1123 1499 Augustae
1147 1463 1255 1491 Vindel.
1282 1462 1351 1490 1604
1377 1461 1427 1498 (c),
1448 1462 1476 1490 in
1500 1461 1532 1494 8,
1554 1461 1655 1489 additis

863 1513 945 1540 etiam
963 1512 1046 1543 notis,
1062 1510 1110 1538 sed
1125 1517 1185 1545 quae
1200 1509 1234 1537 ab
1250 1509 1372 1536 Auberto
1391 1513 1455 1536 sunt
1476 1508 1593 1536 omissaa.
1612 1509 1655 1536 In-

20 1552 150 1584 LXXVII,
164 1561 190 1579 n.
203 1552 230 1583 9,
241 1551 422 1587 fragmentum
437 1551 494 1579 sive
508 1559 570 1587 pars
583 1551 713 1579 continua
728 1551 790 1578 libri
803 1560 811 1578 ι

867 1559 952 1594 cipit:
977 1556 1086 1592 Ἐπειδὴ
1120 1555 1272 1592 πρώτιστον
1297 1555 1364 1590 ἡμῖν
1389 1556 1446 1586 τοῖς
1469 1554 1652 1591 Χριστιανοῖς.

20 1602 114 1626 contra
137 1597 286 1625 lulianum.
316 1598 347 1625 V.
372 1597 500 1625 Lambec.
526 1606 588 1625 cum
613 1597 726 1625 Kollarii
749 1602 813 1625 nota

21 1645 168 1672 Comment.
186 1645 237 1677 VI,
260 1648 330 1680 part.
353 1653 387 1677 ll,
413 1652 440 1680 p.
462 1644 518 1671 212
535 1652 608 1680 λδοιιη
631 1652 662 1672 ac
681 1644 735 1672 vol.
755 1644 811 1678 VII,

20 1699 82 1726 pag.
103 1691 167 1718 299.

56 1736 193 1764 Monacliii
214 1736 242 1764 in
262 1736 323 1763 cod.
342 1735 374 1764 CI
394 1736 507 1764 elector.
524 1736 593 1763 bibl.
614 1735 707 1772 σιμ-ἔιιί
721 1740 813 1764 contra

18 1783 125 1810 Julian.
152 1787 220 1810 tom.
243 1783 275 1810 V.
304 1783 378 1810 Idem
405 1787 497 1810 contra
520 1782 812 1819 Authrapamorpltitas.

19 1829 132 1856 Primus
151 1833 242 1856 tomus
256 1829 321 1856 libri
339 1837 357 1855 ιι
377 1834 468 1856 contra
484 1828 600 1861 Iuliam,
615 1829 680 1856 item
697 1833 762 1856 tom.
779 1829 812 1861 II,

20 1875 65 1904 Ill.
84 1874 130 1907 IV,
141 1874 178 1906 η,
194 1874 316 1910 ejusdem
330 1874 394 1902 libri
407 1874 532 1902 secundi.
550 1875 582 1902 V.
600 1874 658 1902 Cat.
675 1874 749 1901 codd.
766 1874 812 1902 Cr.

21 1920 133 1952 Bacon,
149 1929 177 1956 p.
193 1921 249 1947 58.‘
266 1939 270 1943 λ

56 1967 85 1993 In
102 1967 172 1994 bibl.
189 1966 272 1994 Marc.
287 1966 384 1994 Venet.
404 1967 432 1994 in
450 1966 531 1994 codd.
544 1966 650 1999 CXXII,
662 1966 767 1994 CXXIII
787 1971 815 1994 et

20 2013 139 2045 CXXIV,
161 2018 253 2040 contra
275 2012 377 2041 Julian.
393 2013 459 2041 libri
478 2021 506 2046 x,
522 2021 577 2042 sec.
595 2017 649 2041 cat.
668 2012 748 2041 codd.
765 2012 812 2040 Gr.

21 2059 117 2090 Mare,
130 2067 158 2094 p.
174 2059 208 2086 70
223 2063 252 2086 et
265 2059 308 2086 71.

56 2104 86 2131 1η
107 2104 176 2132 bibl.
200 2105 332 2132 Escorial.
353 2105 516 2133 Acclamatio
534 2105 568 2132 ad
588 2105 768 2139 Theodosium,
787 2109 815 2132 et

20 2159 53 2177 ex
70 2150 307 2178 confutationibus
325 2151 458 2179 adversus
474 2151 612 2179 Iulianum
631 2151 768 2179 scctioncs
782 2151 815 2179 10

20 2196 85 2222 libri
103 2204 132 2227 ιι,
146 2200 216 2223 teste
232 2196 330 2223 Pluere
344 2196 372 2223 in
387 2196 480 2223 Itiner.
494 2205 539 2231 per
552 2196 639 2231 Hisp.,
655 2204 682 2231 p.
700 2196 760 2223 161.
786 2205 788 2207 ·

863 1605 922 1632 Jam
946 1611 960 1631 a
983 1603 1079 1630 multis
1105 1602 1290 1632 observatum,
1310 1601 1384 1627 hunc
1407 1599 1508 1627 librum
1530 1604 1655 1627 constare

863 1647 1000 1682 excerptis
1014 1646 1126 1674 Joannis
1142 1645 1302 1672 Damasceni
1323 1652 1338 1672 e
1361 1644 1471 1680 Cyrillo.
1490 1644 1558 1672 Vide
1576 1644 1654 1672 Pela-

864 1693 937 1720 vium
961 1692 999 1720 De
1020 1691 1069 1720 SS.
1088 1692 1227 1724 Triuitatc,
1248 1699 1276 1726 p.
1294 1691 1355 1718 472.
1378 1690 1511 1718 Similiter
1528 1696 1655 1726 excerpta

864 1747 879 1766 e
901 1738 995 1775 Cyrilli
1021 1738 1131 1772 scriptis
1158 1741 1240 1770 sunt,
1260 1745 1320 1772 quae
1337 1737 1371 1764 ab
1391 1736 1514 1765 Auberto
1541 1742 1655 1772 praeter-

864 1785 963 1816 missa,
988 1783 1167 1811 Hoeschelius
1193 1783 1269 1818 prior
1292 1782 1385 1810 Graece
1410 1783 1568 1818 vulgaverat
1592 1791 1657 1810 cum

864 1829 947 1857 variis
961 1829 1070 1856 Patrum
1085 1829 1205 1856 homiliis
1220 1836 1281 1863 pag.
1299 1828 1350 1856 505
1363 1836 1432 1863 scq.,
1448 1828 1576 1863 Augusta
1587 1828 1654 1857 Vin-

840 1884 844 1886 '
864 1875 919 1903 del.
941 1875 1018 1907 1587,
1036 1875 1065 1902 in
1087 1875 1114 1907 8,
1131 1879 1213 1909 atque
1235 1867 1307 1901 idem
1326 1873 1484 1909 Wegelinus
1503 1882 1519 1901 e
1539 1882 1603 1901 mss.
1621 1874 1654 1901 ad

865 1921 968 1949 calcem
986 1921 1052 1948 libri
1071 1929 1134 1948 cum
1153 1920 1279 1948 versione
1302 1928 1350 1948 sua
1373 1920 1523 1955 subiunxit,
1539 1927 1655 1955 quorum

865 1967 942 1994 initia
960 1967 1093 1994 ascribam
1110 1975 1117 1993 :

900 2012 1077 2046 Πιστεύομεν,
1094 2011 1141 2038 ἕνα
1158 2011 1225 2039 Θεὶιν
1234 2009 1303 2039 εἶναι
1324 2012 1414 2046 πάσης
1430 2011 1524 2043 οὐσίας
1541 2013 1588 2039 καὶ
1606 2012 1656 2048 φύ-

866 2067 943 2091 σεως.
958 2059 988 2086 Ρ.
1003 2058 1065 2085 119.
1088 2058 1173 2084 Παντὶ
1198 2057 1334 2094 ἀνθρώπῳ
1354 2057 1473 2094 ἔμφυτον
1496 2058 1572 2093 παρὰ
1588 2058 1656 2086 Θεοῦ

865 2104 1012 2140 δεξαμένῳ.
1026 2104 1055 2132 1).
1073 2104 1189 2131 121.Ἐί
1209 2103 1321 2135 τέλειος,
1340 2104 1431 2138 φασὶν,
1450 2104 1524 2130 ἐστὶν
1535 2105 1549 2130 ὀ
1564 2105 1657 2140 Πατὴρ
1674 2111 1677 2115 ”

865 2150 893 2176 ὲν
908 2151 941 2185 τῇ
963 2149 1015 2185 ἰδίᾳ
1038 2148 1238 2184 μεγαλειότητι.
1262 2149 1293 2176 P.
1318 2148 1446 2175 125-140.
1465 2148 1539 2176 Idem
1561 2148 1655 2176 dicen-

865 2195 931 2223 dum
946 2195 987 2222 'de
1013 2195 1100 2222 altero
1119 2195 1278 2226 volumine,
1304 2194 1378 2230 quod
1395 2194 1476 2222 idem
1499 2194 1658 2229 Wegelinus

58 2241 145 2267 Paris.
166 2240 193 2267 in
212 2240 278 2268 bibl.
294 2241 370 2276 publ.
394 2241 455 2268 cod.
476 2240 613 2273 MCCLXI,
630 2240 815 2268 Antirrhctica
831 2246 853 2276 D
867 2241 935 2269 ibid.
952 2241 1080 2274 1611,‘in
1101 2241 1127 2274 8,
1143 2241 1236 2269 Graece
1259 2245 1288 2268 et
1309 2241 1407 2268 Latine
1424 2240 1585 2274 variiscum
1607 2241 1659 2268 Da-

23 2286 82 2313 ado.
95 2286 246 2319 Iulianum,
260 2287 324 2314 libri
338 2287 382 2314 III.
397 2287 480 2314 HARL.

56 2332 111 2367 7.,‘3’.
138 2333 217 2360 Κατὰ
238 2333 528 2369 Ἀνθρωπομορφιτῶν,
546 2333 645 2361 Contra
669 2334 816 2369 Anthropo-

22 2380 171 2414 morphitas
186 2379 260 2412 liber,
276 2379 415 2415 prtemissa
426 2379 540 2415 epistola
552 2380 585 2407 ad
596 2379 765 2415 Calosyrium
779 2380 815 2416 (ιν)

22 2425 183 2460 episcopum
196 2425 379 2457 Arscnoitem,
389 2433 470 2460 quem
485 2425 626 2461 ἀγαπητὸν
638 2425 684 2452 καὶ
697 2425 818 2452 ποθεινό-

21 2478 104 2496 τατον
118 2471 247 2505 appellat.
264 2471 294 2498 Ρ.
310 2471 437 2504 565-598,
450 2478 512 2499 cum
524 2471 652 2499 versione
666 2471 815 2498 Bonavent.

23 2517 161 2550 Vulcanii,
182 2519 229 2552 qui
256 2519 362 2554 primus
383 2518 476 2547 Graece
496 2524 524 2547 et
542 2519 638 2547 Latine
661 2526 724 2546 cum
744 2518 817 2546 notis

24 2563 97 2598 (qua:
115 2567 144 2591 ct
163 2564 229 2599 ipsa:
247 2564 275 2591 in
290 2565 403 2593 Auberti
421 2565 543 2594 editione
563 2565 597 2593 ad
619 2565 721 2593 calcem
738 2565 816 2592 volu—

59 2619 100 2657 (α)
120 2620 195 2657 Qbiit
209 2621 225 2657 e
240 2621 442 2657 Augusti16u.
764 2616 781 2657 _‘

58 2656 97 2691 (ὁ)
120 2655 360 2693 Videi'l‘illernont.
370 2662 437 2685 tom.
449 2657 518 2689 XIV,
529 2665 556 2693 p.
572 2656 623 2685 665
632 2660 660 2685 et
675 2657 736 2685 669.
748 2655 813 2693 [Ou-

22 2690 94 2728 din._,
112 2695 178 2728 ερῐηἶ
192 2692 213 2724 1,
226 2700 253 2728 p.
269 2692 368 2728 1046.}

60 2726 96 2761 (c)
117 2725 288 2760 Quibusdam
307 2725 510 2763 exemplaribus
528 2735 616 2755 novus
632 2727 728 2755 titulus
744 2735 815 2763 prae-

25 2761 96 2789 ﬁxus
116 2770 180 2789 cum
198 2763 339 2790 notatione
356 2761 420 2790 anni
443 2762 520 2795 1608,
543 2763 730 2797 adiunctaque
745 2761 815 2790 Cre—

24 2797 94 2833 gorii
115 2797 314 2833 Thaumaturgi
335 2798 370 2825 de
392 2797 440 2825 SS.
461 2797 599 2833 ’I‘rinitatc
615 2797 690 2825 brevi
711 2797 818 2833 confes-

24 2832 113 2860 sione.
131 2833 212 2861 Ii‘lmn.
227 2848 263 2853 -——
277 2831 368 2860 Altera
378 2832 475 2860 editio
496 2832 625 2867 Inscripta
639 2835 681 2860 est
697 2841 705 2858 :1
719 2832 751 2859 D.
767 2831 817 2867 Cy-

25 2867 81 2903 rilli
95 2883 127 2888 —
145 2867 210 2895 liber
221 2868 253 2894 de
265 2867 312 2895 SS.
326 2867 464 2899 Trinitate,
474 2867 642 2903 ct-impn'mis
656 2868 688 2894 de
704 2875 817 2903 persona

25 2901 123 2930 Christi
140 2911 232 2937 (ιῃριις,
248 2911 279 2930 ex
294 2908 360 2930 meto
374 2903 432 2933 cod.
450 2901 706 2937 (Ira'ceﬂesrriptus.
723 2902 817 2932 Latine

867 2287 997 2320 masceni,
1009 2287 1090 2315 Pselli
1102 2292 1130 2315 et
1143 2287 1179 2323 (d)
1193 2287 1380 2323 Cbaritonymi
1394 2286 1576 2322 Cbristonymi
1590 2287 1659 2314 Her;

867 2333 988 2370 monymi
1011 2333 1143 2368 vulgavit,
1167 2333 1195 2360 in
1218 2341 1274 2368 quo
1294 2332 1426 2368 Excerpta
1450 2331 1544 2368 Cyrilli
1566 2337 1657 2359 contra

867 2381 1049 2412 Nestorianas,
1063 2387 1096 2407 ex
1112 2379 1336 2415 interpretatione
1350 2378 1522 2414 S.'Symb‘oli,
1538 2386 1571 2406 ex
1587 2378 1660 2405 The—

868 2426 967 2458 sauris,
983 2433 1017 2453 ex
1036 2425 1108 2453 libro
1129 2433 1185 2461 quo
1203 2426 1312 2461 reginas
1330 2424 1488 2459 alloquitur,
1502 2428 1530 2451 et
1545 2431 1578 2451 ex
1597 2423 1660 2452 Dia-
1676 2433 1678 2435 ν

869 2472 948 2508 legis,
963 2472 997 2499 ἐκ
1015 2472 1067 2500 τοῦ
1080 2473 1154 2499 κατὰ
1178 2472 1289 2499 πεῦσιν
1312 2471 1361 2498 καὶ
1381 2471 1542 2505 ἀπόκρισιν
1555 2469 1659 2506 λόγου.

870 2527 904 2546 ex
925 2517 1071 2545 duodecim
1098 2518 1226 2553 capitulis
1237 2531 1249 2550 ,-
1269 2518 1326 2545 sive
1352 2517 1603 2549 anathematismis,
1627 2525 1660 2544 ex

870 2562 993 2598 epistolis
1012 2562 1046 2589 ad
1067 2561 1196 2590 Acacium
1212 2567 1240 2599 et
1252 2563 1332 2590 Joan.
1350 2561 1562 2594 Antiochenuln,
1579 2565 1607 2589 et
1627 2569 1660 2589 ex

862 2627 951 2646 uersus
965 2624 1001 2654 “et
1018 2617 1121 2654 sclioliis
1143 2619 1241 2654 passim
1257 2618 1418 2650 declaratus,
1438 2617 1609 2654 ciumfragm.
1629 2616 1658 2645 S.
1703 2627 1714 2639 κ

865 2650 995 2690 Gregorii,
1011 2650 1229 2690 Neocaesariensis
1239 2655 1373 2689 episcopi,
1393 2654 1425 2680 de
1438 2650 1577 2690 Trinitaté,
1595 2653 1659 2690 Ιιιιετ

867 2686 942 2717 tenus
965 2689 1076 2721 inedita,
1096 2692 1121 2716 ει
1143 2686 1285 2716 corollaria
1309 2686 1427 2720 metrico,
1448 2689 1577 2723 totiusque
1590 2686 1660 2714 -lt'bri

866 2725 970 2757 indice;
987 2732 1044 2760 qua:
1063 2724 1152 2751 omnia
1166 2725 1226 2763 jarn
1246 2726 1361 2763 primum
1374 2725 1432 2763 μασι
1445 2722 1564 2763 εάιῑιὶοηε.
1576 2731 1660 2763 acces-

868 2755 970 2791 seram,
991 2755 1082 2795 opera
1095 2755 1230 2795 ιςιῑὶιᾴἱυ
1246 2755 1400 2795 'Wege‘lini,»
1416 2757 1577 2794 Augustani.‘
1596 2755 1660 2785 'Au-

869 2799 956 2830 gusta;
967 2794 1171 2830 Vindel.=1608,‘
1183 2794 1208 2821 8'.
1225 2795 1307 2822 ΒΑΜ..
1325 2806 1327 2813 ι

906 2830 945 2865 (ά)
966 2828 1172 2865 HicSpartiata
1184 2829 1300 2857 natione
1320 2834 1361 2865 eti
1371 2829 1452 2865 Sixto
1470 2828 1508 2865 IV_
1519 2826 1660 2865 Familiaris

956 2864 1022 2892 Vide
1046 2861 1165 2894 Leonem
1190 2865 1319 2892 Allatium
1343 2864 1382 2892 De
1405 2863 1532 2898 Gcorgiis,
1552 2869 1579 2897 p.
1597 2861 1660 2895 395,
