1929 3042
251 156 288 185 67
867 155 1036 186 NO‘UTIAI

1095 159 1268 189 FABRICID.
1850 158 1886 187 68

251 223 377 244 sermone
393 215 431 242 De
443 216 627 244 incarnatione
640 215 716 243 Θεοῦ
731 217 840 250 Λόγου,
853 216 928 251 quod
944 216 972 244 S.
984 217 1036 244 \‘ir-

1097 218 1129 245 v.
1159 219 1243 246 tum
1267 211 1438 246 homitiariun
1451 238 1460 251 ,

252 271 287 299 go
301 263 338 290 sit
352 262 493 294 Θειπόκος.
507 262 646 298 Incipiunt
663 267 792 297 excerpta
809 262 855 290 illa
870 261 1017 298 Cyriliiana
1032 273 1040 291 :

251 310 284 336 01
298 309 344 336 τὸν
358 309 476 344 Χριστὸν
499 309 539 340 εὶς
560 309 636 340 υἱοὺς
661 308 818 344 μερίζοντες
836 308 893 336 δύο.
916 308 996 336 Fons.
1009 320 1046 329 -—

250 355 330 383 Conf.
346 354 448 383 Oudin.
468 355 487 382 I.
503 362 541 387 e.,
557 363 618 390 pag.
634 354 704 382 1048
718 362 778 390 sqq.

285 420 371 448 Paris.
393 420 421 448 in
440 421 506 448 bibl.
530 419 606 456 pubi.
628 421 689 449 cod.
707 421 947 455 DCCCLXXXVII,
966 430 994 450 n.
1013 419 1041 455 3,

248 467 403 499 Anastasii,
425 468 585 503 patriarcha:
614 467 784 500 Arctior/teni,
805 473 829 495 et
849 467 943 504 Cyrilti
964 476 1043 504 expo-

247 514 308 540 sitio
325 513 475 540 orthodoxa:
494 513 571 548 ﬁdei,
593 521 620 540 n.
636 514 663 546 4,
681 513 776 549 Cyritli
793 522 836 549 op.
852 514 883 541 de
902 514 923 541 Τ
924 515 1040 547 rinitate,

248 558 312 586 add.
338 558 407 586 intra
432 559 466 586 de
492 558 660 586 Damasceno
685 567 712 595 p.
738 559 800 592 796,
823 559 878 587 vol.
900 560 966 592 VIII,
984 564 1040 587 vet.

247 604 316 632 cdit.
332 619 367 624 —
379 604 409 632 In
424 605 570 632 Anecdotis
588 605 741 638 litterariis,
761 613 776 633 e
796 613 861 633 mss.
878 605 958 633 codd.
977 612 1041 634 eru-

249 650 294 682 tis,
311 650 366 677 vol.
385 649 429 682 III,
447 654 489 677 est
507 658 540 677 ex
556 651 617 678 cod.
633 650 756 678 Naniano
771 651 928 686 Epiphanii,
947 659 1041 679 mona—

248 696 293 724 chi
311 700 340 724 et
357 696 519 732 presbyteri,
542 695 581 723 De
600 696 654 724 vita
676 697 850 724 sanctissima
867 696 990 732 Deiparce
1009 697 1041 724 li-

248 743 308 775 ber,
319 750 334 770 a
346 742 423 770 Joan.
436 742 546 778 Aloysio
556 742 725 778 Mingarellio
734 741 827 770 Graece
840 747 868 771 et
880 742 938 770 Lat.
948 743 1040 771 editus

247 789 375 824 notisque
391 788 552 816 illustratus.
569 787 598 815 In
615 796 659 820 eo,
675 797 737 824 pag.
752 789 797 820 12,
811 788 982 824 Epiphanius
997 796 1039 816 re-

247 835 300 862 fert
314 834 501 870 dijudicatque
517 834 621 870 Cyrilli,
637 834 677 861 uti
694 833 814 869 scripsit,
831 833 866 861 de
882 834 1038 869 genealogia

247 881 349 910 Christi
371 881 545 913 sententiam,
572 879 732 908 arbitrantis
745 879 819 907 haud
842 879 895 907 sibi
919 879 1037 907 invicem

247 927 387 956 adversari
412 927 592 962 evangelistas
621 926 777 953 Matthteum
805 933 838 954 ac
862 925 974 953 Lucam.
997 925 1037 953 Ad

248 974 325 1002 illum
346 973 435 1000 locum
455 972 605 1007 Mingarell.
630 978 690 1007 pag.
712 971 755 1004 85,
773 976 831 998 not.
854 970 898 1003 I5,
916 971 1038 998 animad-

246 1020 340 1051 vertit,
356 1018 384 1046 in
405 1018 499 1054 Cyrilli
518 1017 552 1045 ad
574 1024 637 1052 opp.
657 1017 727 1044 nihil
751 1017 804 1044 tale
828 1017 946 1044 inveniri
967 1025 974 1044 :
992 1025 1037 1044 ar-

247 1065 365 1094 bitratur
379 1063 462 1099 igitur
483 1062 584 1099 Cyrillo
599 1070 630 1089 ea
642 1062 732 1089 tribui
747 1062 782 1089 ab
796 1062 961 1097 Epiphanio,
977 1070 1038 1097 qua:

245 1109 358 1138 Joannis
387 1108 546 1136 Damasccni
585 1107 650 1139 sint,
689 1107 717 1134 in
746 1106 819 1134 libro
853 1114 880 1134 tv
918 1106 957 1134 De
985 1106 1038 1141 ﬁde

246 1152 407 1184 orthodoxa,
431 1159 455 1179 c.
479 1152 522 1183 M,
548 1159 575 1186 p.
600 1151 662 1184 272,
685 1155 768 1186 atque
787 1150 880 1187 Cyrilli
904 1151 980 1179 Alex.
1001 1151 1036 1178 li-

246 1198 339 1230 brum,
357 1197 391 1225 ab
413 1197 534 1225 Auberto
558 1197 663 1225 editum
685 1201 767 1232 atque
791 1197 954 1232 inscriptum
973 1205 979 1224 :
999 1197 1037 1225 De

244 1249 416 1273 sacrosancta
436 1244 575 1276 Trinitatc,
588 1243 691 1280 Cyrillo
710 1243 855 1276 tributum,
872 1244 940 1271 nihil
962 1244 1036 1272 aliud

244 1299 305 1319 csse
321 1299 403 1327 quam
433 1291 541 1318 initium
566 1290 657 1325 operis
681 1289 716 1318 S.‘
739 1290 853 1317 Joannis
877 1290 1036 1318 Damasceni

246 1337 284 1364 De
295 1337 348 1371 ﬁde
361 1336 516 1368 orthodoxa,
531 1336 657 1371 quamvis
672 1335 882 1371 interpolatum;
898 1341 926 1364 et
945 1337 1036 1372 suspi-

245 1387 334 1414 catur,
350 1381 378 1408 in
401 1381 564 1416 quibusdam
582 1380 663 1408 codd.
682 1381 747 1408 olim
768 1389 837 1416 opus
857 1381 924 1409 illud
941 1382 1037 1409 Dama-

246 1427 321 1455 sceni
350 1426 452 1462 Cyrillo
481 1426 565 1453 fuisse
597 1426 769 1462 inscriptum.
801 1426 913 1454 Librum
946 1432 1037 1455 tamen

245 1473 392 1509 quemdam
405 1473 441 1499 De
452 1478 511 1499 ortu
526 1472 638 1508 Virginis
651 1472 752 1508 Cyl-illo
765 1472 841 1500 Alex.
856 1473 941 1500 tribui
953 1473 1036 1500 etiam

246 1518 427 1547 a'I‘ritbcmio
452 1519 550 1546 didicit
571 1526 604 1546 ex
628 1519 828 1554 Papcbrochio,
848 1519 927 1554 cujus
944 1519 1035 1546 locum

245 1574 280 1593 ex
295 1566 366 1593 Actis
383 1565 518 1597 Sanctam,
534 1564 602 1592 'tom.
625 1564 636 1591 l
658 1565 730 1595 Maii,
742 1573 803 1600 pag.
825 1573 904 1597 xxxv,
926 1565 1034 1599 repetit.
1049 1571 1071 1600 ο

246 1612 324 1646 Quod
346 1620 413 1639 vero
439 1611 642 1646 Papebroehius
668 1610 787 1642 dubitat,
812 1610 877 1638 talia
900 1618 915 1637 a
934 1610 1038 1646 Cyrillo

247 1659 330 1686 luisse
349 1658 513 1692 consoripta,
542 1657 691 1692 Mingarell.
707 1656 843 1689 observat,
856 1656 1037 1683 Trithemiun

247 1704 275 1732 in
286 1705 356 1732 libro
367 1704 403 1731 De
416 1702 585 1739 scriptoribus
595 1701 697 1734 ρει-ιαμ,
707 1710 766 1737 cap.
780 1702 839 1733 131,
849 1707 1037 1730 recensentes:

245 1751 340 1787 Cyrilli
363 1750 439 1777 Alex.
465 1749 568 1781 libros,
596 1749 654 1776 haec
679 1749 867 1776 tantummodo
888 1749 1010 1776 scribere
1029 1757 1035 1776 :

248 1797 285 1824 De
300 1801 360 1824 ortu
381 1801 406 1823 et
426 1795 504 1822 laude
521 1794 549 1822 S.
567 1794 660 1822 Maria:
680 1794 744 1821 liber
762 1802 840 1821 unus.
864 1794 968 1829 Itaque,
988 1794 1035 1826 ait,

247 1843 308 1872 fieri
337 1843 418 1872 etiam
442 1846 533 1877 potest
553 1847 583 1868 ut
606 1840 761 1876 hujusmodi
785 1840 903 1872 libellus,
935 1840 1037 1876 Cyrillo

246 1889 392 1924 ascriptus,
418 1896 514 1916 revera
540 1887 685 1918 exstiterit,
709 1894 790 1921 quem
816 1891 844 1914 et
868 1886 1037 1922 Epiphanius

246 1935 470 1965 nmtcrtviderit,
493 1939 521 1961 et
541 1933 570 1961 S.
590 1934 774 1961 Damascenus
796 1932 886 1967 aliqua
908 1939 941 1960 ex
961 1937 1037 1967 parte

249 1980 434 2016 exscripserit.
454 1980 537 2007 IImL.

281 2048 332 2076 κδ’,
355 2047 504 2082 Συναγωγὴ
524 2047 579 2074 τῶν
601 2046 783 2081 ἀναγωγικῶς
811 2045 1037 2081 ἑρμηνευομένων

247 2094 393 2130 ρητῶντῆς
411 2093 533 2125 Halani;
547 2093 667 2129 Γραφῆς·
684 2092 809 2120 Collectio
820 2092 951 2119 dictorum
962 2090 1037 2118 Vete-

247 2142 283 2168 ris
295 2141 454 2168 Testamcnti
470 2141 613 2176 anagogicz
627 2140 828 2176 explicatorum,
843 2147 870 2173 p.
883 2138 964 2171 1-69;
973 2146 1036 2165 cum

246 2186 373 2214 versione
390 2186 516 2213 Gentiani
533 2186 654 2217 Hervcti,
674 2193 735 2220 qua:
750 2184 872 2211 occurrit
891 2183 919 2211 in
932 2183 1036 2211 Latinis

245 2232 518 2268 Cyrillieditionibus
535 2239 560 2258 ιι.
582 2231 650 2258 1573
668 2236 695 2258 et
715 2230 895 2258 16035.6er
914 2230 1033 2265 primum
1050 2245 1072 2272 υ

245 2276 280 2304 ab
299 2277 421 2304 Auberlo
437 2277 464 2304 in
482 2277 570 2303 lucem
591 2275 724 2311 producta
747 2279 812 2302 sunt
836 2282 870 2302 ex
890 2274 985 2302 codice
1000 2275 1030 2301 D.

247 2322 361 2351 Riberii.
377 2323 472 2358 Neque
488 2323 546 2349 haec
564 2321 713 2356 Συναγωγή
725 2324 781 2348 tota
790 2319 922 2356 Cyrillum
937 2323 1032 2347 aucto-

247 2377 305 2397 rem
322 2369 422 2402 habet;
446 2369 504 2400 sed,
524 2373 555 2395 ut
576 2368 633 2402 ipse
659 2367 754 2394 titulus
771 2366 923 2402 proﬁtetur,
947 2367 1034 2401 ἐρανι-

247 2415 342 2441 σθεῖσα
356 2414 427 2441 κατὰ
441 2413 551 2447 σύνοψιν
569 2412 615 2439 καὶ
629 2412 796 2447 σαφεστέραν
813 2411 982 2446 ἀπαγγελίαν
1001 2410 1033 2438 ἐκ

244 2469 275 2487 τε
291 2459 346 2486 τῶν
356 2459 402 2486 τοῦ
417 2458 559 2486 θεσπεσίου
576 2458 722 2494 Κυρίλλου,
740 2458 787 2484 καὶ
812 2457 865 2485 τῶν
879 2458 925 2484 τοῦ
948 2458 1033 2493 μεγά-

245 2506 291 2532 λου
305 2503 431 2538 Μαξίμου
446 2504 492 2530 χαὶ
510 2503 611 2530 Λοιπῶν
629 2503 769 2538 ἐξηγητῶν
785 2511 792 2518 θ
811 2503 930 2530 Breviter
952 2503 1033 2530 colle-

245 2556 288 2579 cta
315 2556 339 2578 et
367 2549 506 2576 dilucidius
531 2551 651 2585 exposita
675 2558 688 2576 ε
706 2550 811 2585 scriptis
831 2550 912 2576 divini
928 2549 1033 2584 Cyrilli,

246 2596 336 2631 ntagni
358 2594 478 2627 Maximi,
507 2599 532 2621 et
559 2595 674 2622 aliorum
695 2594 723 2622 S.
747 2594 890 2630 Scriptum
904 2595 1035 2629 interpre—

246 2647 312 2668 tum.
329 2641 429 2676 Incipit
453 2650 458 2667 :
478 2641 664 2678 Κατηραμένη
685 2642 722 2677 γῆ
742 2643 771 2668 ὲν
799 2642 856 2673 τοῖς
879 2641 968 2676 ἔργοις
988 2640 1035 2668 τοῦ

252 2686 347 2722 Ἀδάμ.

279 2757 318 2791 (ιι)
332 2756 362 2784 In
372 2756 489 2785 Walchii
507 2757 625 2795 Historia
639 2760 743 2795 hare},
761 2762 826 2795 tom.
843 2758 874 2789 ν.
890 2757 989 2795 passim
1001 2761 1030 2786 et

245 2792 411 2828 frequenter,
429 2797 510 2828 atque
525 2793 552 2821 in
572 2792 656 2821 Mansi
670 2793 836 2822 Collectione
853 2793 950 2820 concil.
970 2801 1028 2820 am-

244 2827 320 2889 pliss.
333 2827 374 2868 .de
391 2827 486 2856 multis
505 2829 580 2857 hisce
601 2829 722 2857 homiliis
739 2833 821 2863 atque
845 2828 978 2862 epistolis,
995 2828 1028 2855 ad

254 2870 359 2890 izcresm
375 2867 403 2889 et
418 2865 630 2890 controversiam
655 2864 843 2890 Nestorianam
868 2863 1028 2890 pertinenti-

243 2899 260 2926 b

263 2862 359 2902 :cresin
375 2867 403 2903 et
418 2865 630 2892 controversiam
655 2862 843 2904 Nestorianam
868 2863 1029 2897 pertinenti-

264 2906 304 2931 uS,
319 2906 371 2935 3g),
385 2906 440 2934 iam
456 2907 537 2935 supra
558 2904 748 2928 annotavtmus
767 2907 776 2930 ⁴ἶ
796 2906 847 2926 DCC
865 2905 961 2926 omnes
981 2906 1028 2927 CO-

1479 216 1652 254 qiuotanmt
1679 221 1702 245 et
1716 217 1886 254 scriptorum

1131 255 1264 281 minorum
1287 254 1382 288 Cyrilli
1408 252 1500 286 Alcm,
1527 254 1648 288 ascriptis
1672 253 1765 280 ordine
1780 252 1884 288 alpha-

1129 289 1210 316 betico
1225 288 1392 325 singulorum
1406 289 1489 316 initiis
1508 288 1559 324 (a).

1130 346 1155 373 I.
1183 346 1351 381 Ἀναλάμπει
1377 346 1459 374 πάλιν
1490 346 1539 382 τῆς
1564 345 1645 380 atria;
1657 343 1764 381 ἐηρτῆς.
1785 343 1886 373 Homi-

1092 392 1129 420 lia
1144 401 1207 420 xvnl
1224 393 1370 428 paschalis,
1386 398 1454 420 tom.
1474 392 1507 425 ν,
1523 396 1602 428 parte
1620 399 1650 424 ιι,
1668 400 1730 428 pag.
1747 390 1885 419 253—2“.

1128 437 1156 465 2.
1185 438 1297 474 ’Λνδρες
1323 438 1457 473 amictum
1483 438 1532 464 καὶ
1562 437 1680 469 πίστεως
1709 437 1791 469 ἄξιοι.
1819 436 1887 472 Epi-

1091 483 1161 510 stola
1173 483 1201 515 2,
1214 483 1248 510 ad
1258 483 1426 514 Nestorium,
1443 487 1509 509 tom.
1526 482 1558 515 ν,
1577 486 1653 517 parte
1671 490 1738 518 n,p.
1754 481 1836 509 19-21
1850 489 1886 509 ex

1091 534 1168 564 parte
1183 537 1191 556 ι
1203 529 1298 557 Actor.
1311 529 1420 557 concilii
1432 528 1574 564 Ephesini,
1585 528 1670 556 tom.l
1681 528 1763 560 Binii,
1779 536 1808 563 p.
1821 528 1885 555 119.

1090 574 1192 602 Eadem
1202 583 1264 602 cum
1276 575 1353 602 Marii
1366 575 1523 603 Mercatoris
1530 574 1698 602 versione‘in
1707 578 1727 601 ι.
1744 574 1766 601 11
1780 573 1889 601 Hercc—

1090 621 1154 648 toris
1162 616 1230 648 edit.
1239 621 1424 653 Garnerianai,
1434 629 1460 657 p.
1475 621 1520 654 42,
1531 626 1560 648 et
1573 629 1608 648 ex
1622 621 1675 648 alia
1690 620 1820 648 versione
1831 628 1883 647 an—

1090 667 1166 702 tiqua
1173 667 1246 702 apud
1257 667 1398 694 Baluzium
1407 667 1435 694 in
1443 667 1516 695 Nova
1525 667 1685 695 Collectione
1694 666 1843 697 conciliat,
1855 674 1883 701 p.

1088 711 1150 744 400,
1159 713 1206 747 qui
1221 712 1496 748 Mcrcatorisquoque
1505 712 1760 747 interpretationem
1769 711 1886 739 exhibet

1089 767 1117 794 p.
1128 759 1190 786 610.
1206 759 1493 787 ΡΑιιιι.--Ἶίιιι1ι›1›οιιω
1507 759 1534 786 in
1543 758 1711 786 cod.C:esar.
1721 758 1883 790 LXXXIIX,

1088 813 1118 832 n.
1140 805 1167 837 3,
1192 805 1250 833 hmo
1266 805 1392 841 epistola,
1419 813 1482 833 cum
1504 805 1624 833 Nestorii
1644 805 1825 841 responsione
1842 806 1885 840 (in

1087 850 1274 879 Conciliorum
1286 852 1454 887 generalium
1472 851 1539 879 edit.
1557 852 1698 884 Vaticana,
1719 851 1798 885 I608,
1812 857 1881 879 tom.

1054 901 1075 929 Β
1090 897 1111 930 I,
1129 906 1190 934 pag.
1208 898 1260 926 255
1275 904 1303 926 et
1313 899 1387 934 256),
1399 907 1450 926 nec
1464 907 1521 926 non
1535 899 1650 934 cpistola
1665 907 1694 926 ιι.
1712 899 1749 927 IX
1771 907 1883 927 memo-

1089 948 1147 972 rata
1161 944 1200 979 (in
1217 945 1300 972 citata
1316 944 1360 972 ed.
1380 944 1566 972 Conciliorum
1582 952 1676 980 gener.
1692 949 1711 972 t.
1723 945 1744 977 I,
1761 953 1790 980 p.
1804 944 1881 980 108),

1087 995 1116 1017 et
1128 990 1182 1018 alia
1199 990 1355 1027 Cyrilliana.
1374 991 1406 1019 V.
1422 991 1550 1019 Lambec.
1562 991 1606 1024 111,
1619 992 1673 1019 col.
1688 991 1750 1019 476.
1767 992 1806 1019 De
1820 991 1883 1026 e'pi—

1088 1037 1166 1064 stolis
1178 1037 1272 1072 Cyrilli
1285 1038 1320 1064 ad
1331 1037 1500 1069 Nestorium,
1510 1042 1537 1065 et
1550 1037 1633 1072 hujus
1648 1038 1882 1072 responsionibus

1087 1084 1176 1119 plura,
1189 1083 1306 1119 aliisque
1319 1083 1413 1120 Cyrilli
1425 1084 1459 1111 ad
1474 1084 1566 1111 varios
1581 1084 1704 1120 epistolis
1719 1085 1773 1112 late
1787 1084 1881 1112 disse-

1088 1130 1125 1156 rit
1138 1129 1244 1157 Walch.
1260 1130 1278 1157 l.
1292 1137 1329 1162 e.,
1348 1138 1374 1165 p.
1388 1129 1440 1156 385
1454 1137 1514 1164 sqq.
1534 1128 1618 1156 “ARL.

1122 1175 1149 1202 5.
1172 1175 1304 1209 Ἀνέγνων
1321 1175 1351 1201 τὸ
1367 1175 1569 1210 ὑπομνηστικὸν
1587 1175 1618 1201 τὸ
1639 1175 1791 1202 inodum
1811 1173 1881 1210 παρ’

1087 1218 1174 1255 ὑμῶν.
1192 1220 1314 1255 Epistola
1330 1221 1357 1253 8,
1370 1220 1404 1248 ad
1417 1220 1533 1248 clericos
1546 1219 1782 1254 Conslantinopol.
1805 1220 1882 1247 inter

1087 1272 1116 1292 se
1128 1264 1304 1297 dissidentes,
1319 1270 1385 1293 tom.
1398 1265 1430 1298 ν,
1441 1271 1517 1300 parte
1533 1273 1561 1298 ιι,
1576 1274 1602 1300 p.
1616 1256 1768 1299 32-50}!
1779 1265 1881 1293 iisdem

1087 1310 1164 1337 Actis
1185 1318 1246 1345 pag.
1264 1310 1324 1338 126.
1341 1310 1375 1338 Et
1390 1318 1452 1337 cum
1470 1310 1547 1337 Marii
1563 1309 1722 1337 Mercatoris
1737 1310 1880 1341 versione,

1087 1355 1134 1382 sed
1159 1363 1221 1390 qua:
1254 1355 1281 1382 in
1309 1355 1404 1383 multis
1429 1355 1536 1391 plenior
1564 1360 1606 1382 est
1632 1355 1705 1390 apud
1735 1354 1881 1382 Baluzium

1087 1410 1147 1438 pag.
1169 1402 1231 1435 641,
1250 1407 1278 1430 et
1300 1407 1366 1430 tom.
1382 1402 1405 1429 II
1421 1402 1488 1429 edit.
1505 1401 1680 1430 Garneriame
1702 1409 1730 1437 p.
1753 1401 1798 1433 49,
1814 1409 1881 1428 cum

1085 1448 1211 1476 Garnerii
1240 1449 1325 1476 notis.
1353 1449 1433 1476 Fsan.
1449 1464 1483 1468 —
1500 1448 1593 1476 Graece
1617 1452 1645 1476 et
1670 1448 1730 1475 Lat.
1749 1447 1777 1475 in
1791 1448 1880 1475 Μαιιεὶ

1085 1494 1211 1528 Collect.,
1237 1501 1303 1524 tom.
1328 1496 1372 1528 IV,
1398 1504 1424 1532 p.
1453 1495 1530 1528 I005,
1555 1500 1583 1523 et
1600 1495 1760 1524 Mercatoris
1775 1496 1879 1525 versio.

1086 1549 1147 1576 qua:
1164 1547 1239 1569 recta
1265 1547 1294 1570 et
1318 1542 1487 1578 pnelcrenda
1507 1550 1566 1570 esse
1586 1542 1688 1570 dicitur
1713 1542 1820 1573 Graeco.
1838 1544 1880 1569 uti

1088 1595 1161 1614 nunc
1177 1587 1288 1623 legitur,
1308 1588 1460 1620 eontextui,
1479 1588 1517 1615 ib.
1534 1592 1599 1615 tom.
1622 1586 1654 1620 ν,
1672 1596 1698 1623 p.
1711 1588 1773 1615 721.
1791 1589 1878 1616 11Αιιι.

1122 1633 1148 1660 4.
1184 1633 1363 1666 Ἀξιάκουστα
1393 1635 1442 1669 μὲν
1465 1635 1512 1660 καὶ
1533 1634 1668 1670 ἐξαίρετα.
1696 1634 1818 1669 Epistola
1843 1635 1880 1662 ad

1086 1679 1272 1707 Theodosium
1298 1680 1450 1713 Juniorem,
1471 1681 1611 1716 przemissa
1630 1681 1707 1708 libris
1720 1685 1813 1708 contra
1826 1681 1878 1708 Ju-

1087 1725 1200 1757 lianum,
1213 1729 1279 1752 tom.
1293 1725 1351 1757 VII,
1365 1734 1394 1761 p.
1413 1726 1438 1754 I.

1121 1771 1148 1798 5.
1170 1771 1289 1807 ’Λπόχρη
1303 1772 1352 1807 μὲν
1365 1773 1402 1804 ὠς
1414 1772 1564 1808 διάκειμαι.
1580 1771 1700 1808 Epistola
1715 1774 1759 1805 Η,
1774 1773 1807 1801 ad
1823 1774 1879 1801 Ya—

1086 1816 1230 1846 Ierianum.
1247 1816 1331 1844 Iconii
1355 1816 1526 1852 episcopum,
1542 1816 1674 1844 adversus
1687 1825 1734 1845 eos
1751 1818 1798 1852 qui
1812 1826 1878 1845 cum

1087 1860 1214 1891 Nestorio
1229 1861 1361 1888 sentiunt.
1379 1861 1458 1889 'l‘om.
1477 1862 1509 1893 Υ,
1524 1867 1602 1896 parte
1618 1870 1647 1895 ιι,
1668 1870 1728 1897 pag.
1743 1862 1861 1889 158-171
1871 1884 1877 1895 ,

1085 1916 1120 1936 ex
1139 1913 1215 1943 parte
1235 1915 1264 1934 ιιι
1278 1907 1370 1934 Actor.
1389 1906 1484 1941 synodi
1503 1906 1646 1940 Ephesios:
1661 1914 1688 1941 p.
1704 1906 1766 1933 £48.
1781 1906 1879 1934 Memi-

1086 1953 1128 1980 nit
1155 1952 1308 1983 Liberatus,
1334 1959 1394 1985 cap.
1415 1950 1450 1983 9;
1479 1950 1610 1978 Leontius
1635 1951 1717 1986 Byz.;
1743 1951 1879 1987 Eulogius

1086 1998 1159 2034 apud
1184 1998 1323 2031 Photium,
1348 1997 1467 2031 itemque
1495 1996 1550 2024 alii.
1573 1996 1639 2025 Vide
1669 1997 1878 2025 Tillemontium

1087 2049 1153 2072 tom.
1168 2044 1237 2076 XIV,
1255 2051 1283 2078 p.
1301 2043 1362 2070 569.

1121 2091 1146 2118 6.
1169 2091 1241 2126 ’Λρα
1257 2089 1290 2125 δὴ
1316 2089 1396 2116 πάλιν
1414 2089 1486 2125 ἡμᾶς
1506 2089 1565 2121 ταῖς
1583 2089 1637 2116 τῶν
1654 2089 1739 2122 ἁγίων
1757 2089 1877 2116 ἕπεσθαι

1085 2136 1151 2164 δεῖν.
1170 2135 1288 2163 Ilomilia
1307 2143 1323 2162 ιι
1337 2135 1484 2170 paschalis,
1500 2140 1565 2162 tom.
1580 2135 1612 2168 V,
1629 2140 1705 2170 parte
1718 2143 1746 2168 ιι,
1760 2143 1788 2170 p.
1810 2136 1875 2163 125-

1087 2183 1148 2210 142.

1121 2230 1147 2256 7.
1165 2229 1235 2264 “Aps
1252 2229 1332 2256 πάλιν
1353 2229 1428 2265 ἡμᾶς
1451 2228 1486 2255 τὰ
1504 2228 1628 2263 λαμπρά.
1650 2227 1767 2255 Ilomilia
1786 2236 1812 2255 Ix
1826 2236 1875 2264 pa-

1086 2274 1198 2306 schalis,
1215 2279 1282 2302 tom.
1294 2275 1328 2306 ν,
1343 2279 1420 2309 parte
1437 2282 1466 2306 ιι,
1478 2282 1538 2309 pag.
1558 2273 1681 2300 IOtHQS.

1119 2320 1146 2353 8.
1170 2321 1343 2356 Ἀφικόμενοι
1359 2329 1430 2352 τινες
1449 2320 1503 2346 ἀπὸ
1518 2319 1564 2346 τοῦ
1577 2319 1656 2354 ὅρους
1668 2318 1714 2345 soi
1732 2319 1874 2354 Καλαμῶ-

1085 2376 1139 2399 νος.
1154 2367 1276 2402 Epistola
1293 2366 1327 2393 ad
1344 2366 1524 2402 Calosyrium,
1550 2365 1622 2393 libro
1641 2370 1732 2391 contra
1756 2365 1875 2392 Ant/iro—

1086 2413 1266 2448 pomorp/u’tas
1288 2413 1426 2447 praemissa
1455 2417 1520 2439 tom.
1536 2412 1591 2443 VII,
1608 2419 1634 2447 p.
1651 2411 1778 2438 565-565.
1794 2412 1873 2439 an.

1086 2459 1124 2486 De
1148 2458 1209 2486 cod.
1227 2458 1357 2485 Laurent.
1375 2458 1406 2486 V.
1428 2457 1543 2485 Bandini
1559 2456 1618 2484 Cat.
1637 2457 1710 2484 cadd.
1737 2457 1834 2490 ιω..
1855 2459 1875 2490 1,

1084 2512 1111 2539 p.
1130 2504 1190 2536 129,
1209 2511 1237 2531 n.
1254 2503 1298 2531 22.
1319 2504 1401 2531 linit.

1118 2550 1144 2577 9.
1163 2549 1304 2584 Ἀ’ρίκοντο
1319 2550 1367 2584 μέν
1378 2558 1452 2581 τινες
1466 2550 1537 2577 κατὰ
1551 2550 1580 2576 τδ
1596 2550 1691 2582 εἰωθὸς
1704 2551 1732 2576 ὲν
1753 2550 1876 2582 “Δ).εξα.·-

1083 2594 1172 2629 δρειᾳ.
1190 2595 1311 2630 Epistola
1332 2595 1356 2627 1,
1376 2595 1410 2622 ad
1436 2595 1585 2623 monachos
1599 2596 1708 2632 [Egypti
1731 2596 1781 2631 (ιι),
1803 2599 1875 2624 scri—

1084 2645 1130 2675 pta
1158 2641 1192 2668 Α.
1222 2640 1252 2667 C.
1275 2640 1336 2667 4‘29.
1359 2640 1436 2667 Tom.
1464 2641 1497 2673 ν,
1526 2646 1603 2676 parte.
1623 2650 1652 2675 ιι,
1670 2650 1730 2677 pag.
1749 2642 1824 2670 1-19.
1846 2643 1875 2669 1η

1083 2685 1159 2713 Actis
1179 2685 1287 2712 concilii
1307 2685 1449 2721 Ephesini,
1468 2691 1545 2722 parte
1565 2695 1583 2719 ι,
1609 2691 1676 2714 ιυιιι.
1691 2687 1701 2715 1
1716 2687 1783 2714 cdit.
1804 2687 1874 2715 Binii

1080 2757 1157 2794 dices
1183 2757 1210 2784 in
1237 2757 1339 2792 quibus
1364 2758 1477 2794 singula:
1500 2758 1619 2787 homiliaa
1646 2764 1727 2794 atque
1752 2759 1875 2794 epistola

1079 2793 1343 2830 legunturuetrquos
1361 2793 1462 2828 pasSim
1480 2798 1528 2821 aut
1542 2793 1692 2830 generatim
1712 2793 1795 2830 supra
1817 2795 1874 2821 tau--

1080 2827 1153 2858 ἀρνί,
1170 2827 1215 2854 hic
1228 2827 1349 2856 indicare
1362 2827 1450 2856 vacat.
1474 2827 1559 2857 11Αιιιῖ.

1117 2862 1240 2900 (td-[ide
1267 2864 1425 2900 'lillemont.
1454 2869 1519 2892 tom.
1554 2864 1623 2897 XIV,
1647 2873 1674 2900 p.
1705 2865 1766 2893 530.
1791 2866 1872 2895 Puta.

1080 2897 1165 2944 Mans}
1181 2897 1367 2946 (Iollect..lV,
1383 2907 1409 2935 p.
1430 2900 1480 2937 {{87
1496 2908 1556 2936 sqq.
1579 2897 1663 2931 litat.
