1929 3042
67 163 99 191 69
678 163 819 191 NOTITIA
838 162 883 190 EX
908 162 1075 191 FABRICIO.
1660 163 1695 189 τυ

65 230 90 248 a.
103 219 182 252 1618,
204 227 266 255 pag.
285 219 314 248 9.
332 219 452 254 Antiqua
475 218 565 247 versio
582 218 655 254 apud
671 219 813 247 Baluzium
826 219 851 246 in

940 218 985 246 20.
1004 219 1035 246 Εἰ
1048 218 1159 251 τέλειος,
1176 218 1267 253 φασὶν,
1285 218 1359 246 ἐστὶν
1384 219 1399 246 ὸ
1422 218 1517 253 Πατὴρ
1543 218 1572 245 ὲν
1588 219 1622 254 τῇ
1641 217 1695 254 ἰδίᾳ.

65 265 134 294 Nova
150 265 253 292 collect.
273 265 421 298 conciliem,
435 272 495 300 pag.
519 264 581 291 587.
608 263 704 301 [Mans
728 268 793 293 tom.
819 265 852 298 V,

66 320 90 346 p.
100 309 174 346 #7.]

97 356 138 382 10.
163 355 315 390 Βασιλικὴν
335 355 359 382 oi
380 354 472 381 πιστοὶ
487 354 618 390 σήμερον,
639 354 756 382 Homilia
775 355 802 382 in
815 354 854 382 fe-

66 407 133 431 stum
155 402 210 428 τῶν
231 401 328 437 βαῒων,
345 401 403 428 sive
414 400 577 436 palmarum,
595 404 623 428 et
640 400 674 428 de
688 400 764 436 pullo
772 401 852 428 asini.

65 449 138 477 Tom.
156 448 191 480 V,
213 453 294 482 parte
318 455 348 479 ιι,
372 455 399 482 p.
428 446 558 479 591-105,
578 446 698 482 primum
723 448 797 475 edita
818 447 853 476 ab

66 495 182 523 Auberto
209 502 225 521 e
254 502 307 521 ms.
324 493 428 521 Bodlei.
448 492 488 530 [n.
507 492 582 529 119.]
597 493 677 521 FABR.
691 509 727 514 —
739 493 854 522 Codices

65 540 182 576 quidam,
201 545 232 567 ut
249 540 277 567 in
301 540 368 567 Bibl.
391 539 513 572 Coislin.,
531 547 592 574 pag.
609 539 671 573 402,
686 548 746 568 eam
762 541 853 568 hami-

66 586 124 613 liam
146 585 275 612 tribuunt
294 584 414 620 Cyrillo;
440 585 488 612 alii
512 593 580 613 vero
609 585 734 620 Eulogio,
761 585 854 613 archi-

65 631 144 666 cpisc.
171 629 381 662 Alexandrino,
406 637 438 658 ac
467 629 560 658 Graece
583 635 611 658 et
636 630 695 658 Lat.
720 634 808 658 exstat
824 630 853 659 in

66 678 187 705 Auctario
213 685 282 704 novo
308 676 476 709 Comhcﬂsii,
506 681 572 704 tom.
599 677 620 710 l,
644 685 705 713 pag.
723 678 786 711 651,
804 686 854 706 no-

68 729 135 751 tante
161 724 309 756 Fabricio,
337 723 406 751 intra
428 723 483 750 vol.
507 722 561 755 IX,
577 730 637 758 pag.
657 723 708 751 129
732 728 786 751 vet.
806 723 851 752 ed.

67 769 146 797 “ARL.

100 816 141 842 11.
171 817 233 841 Δεῖν
264 815 360 851 ᾠήθην
385 816 418 851 τῇ
445 816 478 851 σῇ
503 815 652 851 θεοσεϐείᾳ.
676 815 798 851 Epistola
818 815 852 843 ad

67 861 207 892 Donatum,
237 860 380 895 Nicopolis
409 860 436 887 in
457 860 544 888 veteri
571 860 655 896 Epiro
681 861 850 896 episcopum.

905 265 1110 302 μεγαλειότητι.
1129 265 1198 293 Vide
1217 273 1301 301 supra
1321 272 1397 293 num.
1415 265 1461 297 25,
1482 264 1510 292 in
1533 264 1695 292 recensione

906 319 1020 347 operum
1041 316 1116 339 tomo
1131 311 1176 339 Vll
1190 311 1305 340 Auberti
1319 316 1523 339 eontentorum.

942 357 987 384 21.
1004 358 1128 384 “Exacta.
1157 357 1212 384 τῶν
1244 357 1305 384 καθ’
1332 358 1405 393 ἡμᾶς
1423 357 1605 393 πραγμάτων.
1627 357 1692 392 Epi-

906 403 976 432 stola
995 403 1039 436 59,
1063 403 1098 431 ad
1117 403 1252 431 Domuum
1270 403 1410 430 canonica.
1427 403 1505 430 Tom.
1523 402 1580 435 VII,
1599 410 1627 437 p.
1643 402 1693 430 209

907 456 996 484 seqq.,
1009 453 1038 476 et
1053 453 1118 476 tom.
1134 448 1157 476 11
1178 447 1278 476 Concil.
1297 448 1410 480 Labbei,
1430 455 1459 483 p.
1478 447 1567 481 MSS;
1585 451 1613 476 et
1631 456 1692 475 cum

906 494 1045 522 Theodori
1070 494 1238 521 Balsamonis
1255 493 1368 521 scholiis
1385 497 1449 521 tom.
1469 494 1491 521 11
1504 494 1627 529 Synodin‘
1643 494 1691 520 Bc-

906 541 1056 576 veregiani,
1069 548 1097 576 p.
1115 540 1176 568 175.
1195 539 1274 567 FABB.
1293 553 1328 559 -—-
1343 539 1377 567 V.
1399 539 1498 575 passim
1512 541 1567 576 jam
1588 548 1690 568 memo-

906 591 981 614 ratos
994 586 1075 614 codd.

941 631 1039 659 Oxonii
1059 632 1087 659 in
1101 631 1164 660 ωδ,
1183 631 1294 660 Barocc.
1310 630 1412 659 CLVIII
1428 630 1496 658 bibl.
1515 631 1619 658 Bodlci.

942 677 1058 705 Taurini
1071 677 1097 705 in
1108 677 1170 705 eod.
1181 676 1238 709 CV,
1255 676 1283 704 in
1299 676 1359 705 Cat.
1372 677 1433 703 bibl.
1451 676 1572 708 Taurin.,
1589 677 1688 711 p.193.

941 723 974 751 In
991 722 1053 751 cod.
1074 722 1175 751 Caesar.
1198 722 1290 755 XLIV,
1321 731 1349 750 ιι.
1370 722 1414 754 51,
1431 729 1495 756 epp.
1519 721 1531 748 1
1559 721 1595 748 ad
1610 722 1688 749 Maxi-

905 777 992 801 mum,
1019 768 1090 796 diae.
1117 768 1298 801 Antiocheu.;
1324 767 1342 795 2
1366 767 1400 795 ad
1415 767 1607 800 Genuadium;
1624 768 1640 794 5
1657 768 1689 794 ad

906 815 1041 842 Domuum
1068 815 1214 847 Antioch.;
1235 815 1252 842 4
1276 814 1310 841 ad
1336 813 1481 849 episcopos
1512 813 1540 840 in
1563 813 1647 849 Libya
1665 819 1690 841 ct

906 860 1067 895 Pentapoli;
1095 864 1177 895 atque
1205 868 1234 887 ιι.
1257 860 1274 887 5
1289 864 1317 887 et
1331 860 1358 892 .1,
1381 859 1408 886 in
1428 858 1490 886 cod.
1507 858 1588 891 XLV,
1603 867 1632 886 ιι.
1646 859 1690 886 29.

69 907 140 934 Tum.
158 907 189 938 V,
207 911 290 941 parte
305 915 334 939 ιι,
347 915 374 942 p.
394 907 521 940 155-157,
539 915 572 934 cx
585 911 662 942 parte
681 915 707 934 Ill
723 907 853 935 Actorum
870 900 891 926 Β
904 905 937 932 V.
958 906 1086 934 Lambec.
1108 906 1184 939 VIII,
1206 914 1233 941 p.
1262 905 1313 932 887
1337 910 1365 933 et
1394 905 1447 932 911
1468 913 1525 940 seq.
1541 905 1689 932 —1ucod.

70 952 170 979 concilii
189 952 337 986 Ephesini,
355 956 421 979 tom.
443 952 453 979 I
472 952 553 984 Binii,
572 960 599 987 p.
616 952 677 979 416.
695 952 790 979 Latina
805 959 853 980 ve-

71 1003 110 1025 tus
130 997 219 1024 versio
250 1001 340 1024 exstat
365 997 391 1024 in
409 997 546 1033 Synodico
571 1002 668 1025 contra
693 998 852 1033 tragwdiam

70 1044 167 1076 lrenmi,
181 1051 244 1079 pag.
266 1044 328 1071 909.
345 1044 436 1070 Baluz.
455 1043 530 1071 Nova
547 1044 654 1071 collect.
674 1044 817 1071 concilior.

103 1089 141 1116 12.
157 1089 241 1115 Δεῦτε
265 1080 315 1124 δὴ,⁵
335 1088 412 1116 δεῦτε
435 1088 525 1120 πάλιν,
538 1088 776 1124 ἀγαλλιασώμεοα.
797 1088 852 1117 110-

71 1135 138 1163 milia
152 1143 177 1161 ιι
194 1134 344 1170 paschalis.
362 1134 439 1161 Tom.
456 1135 488 1166 ιτ,
505 1139 583 1169 parte
596 1143 624 1167 ιι,
643 1142 669 1170 p.
690 1135 817 1163 142-161.

103 1181 143 1207 15.
162 1179 246 1208 Δεῦτε
267 1180 359 1211 πάλιν,
379 1179 607 1215 ἀγαλλιασώμεοα
621 1180 660 1215 τῷ
678 1180 783 1215 Κυρίῳ.
801 1180 855 1208 Ilo-

71 1224 137 1251 milia
161 1231 193 1251 Iv
208 1224 358 1259 paschalis.
379 1224 456 1251 Tom.
475 1224 507 1256 V,
525 1229 603 1260 parte
624 1233 654 1257 ιι,
677 1233 706 1261 p.
723 1225 851 1253 198-210.

105 1270 144 1296 H.
165 1269 285 1304 Διψῶντί
307 1278 352 1304 μοι
367 1270 447 1296 πάλιν
461 1270 511 1305 τῆς
525 1270 602 1305 ὑμιῖιν
617 1271 776 1303 ἐπιεικείας.
791 1271 854 1306 Epi-

71 1316 131 1342 stola
149 1315 179 1344 19
194 1316 345 1350 posterior,
357 1324 372 1343 e
388 1316 484 1343 Rhodo
499 1316 611 1351 scripta,
625 1321 689 1344 ante
708 1317 852 1352 synodum,

72 1361 101 1388 ad
122 1362 224 1389 clerum
255 1363 441 1398 populumque
465 1362 690 1390 Alexandrinum.
720 1363 797 1390 Tom.
819 1364 852 1396 V,

73 1404 142 1440 parte
164 1415 193 1439 ιι,
210 1415 239 1441 p.
257 1407 301 1439 85,
320 1415 354 1434 ex
367 1411 444 1442 parte
461 1415 468 1434 ι
483 1408 574 1434 Actor.
587 1407 683 1444 synodi
699 1408 852 1444 Ephesium,

74 1458 132 1479 tom.
145 1452 154 1478 I
169 1452 254 1485 Binii,
275 1460 336 1488 pag.
352 1453 410 1480 165'.

110 1498 149 1525 15.
170 1499 263 1532 Ἔγνω
289 1507 340 1525 που
367 1499 476 1531 πάντως
503 1499 550 1526 καὶ
577 1499 621 1527 διὰ
647 1499 760 1527 πολλῶνι
788 1500 854 1536 Epi-

73 1545 134 1572 stula
148 1545 164 1571 2
178 1545 212 1572 ad
226 1545 309 1573 Joan.
329 1545 542 1574 Antiocheuum.
565 1546 644 1574 Tom.
672 1547 705 1579 V,
722 1552 799 1582 parte
824 1556 852 1580 ιι,

75 1598 99 1624 p.
124 1590 213 1623 52-“,
240 1599 276 1618 ex
300 1595 400 1626 partct
419 1591 549 1619 Actorum
572 1592 681 1620 concilii
711 1592 852 1628 Ephesini.

76 1639 134 1662 tom.
150 1635 256 1668 lBinii,
271 1644 335 1671 pag.
351 1636 411 1663 111.
430 1637 509 1664 FABR-

106 1680 146 1708 16.
167 1682 240 1708 Ἔδει
264 1682 316 1716 μὲν
344 1682 487 1717 ἀρκεῖσθαι
502 1683 561 1714 ταῖς
579 1682 634 1709 τῶν
653 1683 853 1719 προλαϐόντων.

76 1725 183 1754 llomilia
203 1727 305 1762 Ephesi
323 1728 405 1760 dicta,
424 1735 486 1755 cum
507 1734 622 1764 synaxes
646 1733 853 1764 peragerentur,

76 1772 190 1808 deposito
203 1772 343 1801 Nestorio.
363 1773 394 1800 Τ.
412 1774 444 1806 V,
459 1778 537 1809 parte
558 1782 587 1806 ιι,
603 1782 664 1810 pag.
678 1774 808 1802 558-361.
824 1775 854 1802 In

77 1817 171 1846 Latinis
185 1819 356 1847 cditionibus
382 1823 471 1847 exstat
497 1827 533 1847 ex
559 1820 686 1848 versione
700 1820 854 1856 Wolfgangi

77 1864 190 1892 Musculi.
207 1865 261 1893 Sed
276 1865 414 1893 Aubertus
428 1866 547 1894 servavit
558 1867 713 1894 versionem
736 1875 854 1902 quacum

79 1910 170 1946 legitur
196 1911 223 1938 in
257 1916 337 1947 parte
365 1920 383 1939 ιι
406 1913 537 1940 Actorum
565 1913 660 1949 synodi
689 1913 853 1948 Ephesium,

79 1959 137 1982 tom.
155 1956 164 1983 1
178 1956 260 1989 Binii,
277 1965 304 1992 p.
329 1957 391 1985 219.
407 1958 467 1985 Alia
483 1964 563 1986 vetus
577 1959 766 1995 interpretatio
781 1960 854 1995 apud

76 2000 217 2035 Baluzium,
234 2011 262 2038 p.
280 2003 333 2031 5.18
347 2004 429 2032 Nova:
446 2005 554 2033 collect.

110 2048 148 2074 17.
165 2049 194 2075 Εἰ
208 2049 256 2076 καὶ
275 2049 444 2086 πλατύτερον
459 2050 522 2078 ἔδει.
549 2051 670 2086 Epistola
692 2052 738 2085 22,
753 2052 786 2080 ad
800 2053 855 2081 cle-

79 2100 132 2120 ntm
147 2095 331 2130 populumque
344 2095 433 2128 Alex.,
451 2101 518 2123 tom.
535 2096 568 2129 V,
581 2102 658 2132 parte
670 2106 698 2130 ιι,
712 2105 740 2133 p.
757 2098 804 2130 79,
820 2106 854 2126 ex

79 2143 147 2172 parte
161 2148 178 2166 ιι
193 2139 325 2167 Actorum
344 2141 439 2176 synodi
465 2140 619 2177 Ephesinze,
647 2147 713 2171 tom.
740 2143 750 2170 I
771 2143 852 2176 Binii,

79 2191 102 2210 ιι.
120 2184 179 2210 217.

79 2191 102 2218 p.
120 2185 179 2212 217.

904 950 985 983 XLV,
1004 960 1033 978 n.
1051 951 1095 984 12,
1114 952 1161 979 ubi
1183 952 1298 987 epistola
1320 952 1365 978 illa
1386 951 1573 978 subdividitur
1591 951 1618 978 in
1637 955 1691 978 tres

904 1004 1035 1026 canones.
1066 998 1098 1025 V.
1131 998 1232 1026 Kollar.
1253 998 1348 1033 Suppl.
1366 997 1400 1025 ad
1426 997 1564 1030 Lambec.,
1581 1005 1608 1033 p.
1628 997 1689 1024 520.

905 1043 974 1071 Ibid.
989 1052 1017 1071 η.
1032 1044 1076 1076 15,
1094 1044 1174 1079 epist.
1194 1044 1228 1071 ad
1244 1044 1329 1080 episc.
1347 1043 1439 1080 Libya:
1453 1049 1481 1071 et
1495 1043 1690 1079 Pentapoleos;

905 1095 1021 1126 utraque
1032 1091 1060 1118 in
1074 1090 1213 1126 Syuodico
1232 1096 1298 1118 tom.
1317 1090 1350 1122 II,
1371 1099 1399 1126 p.
1419 1090 1480 1118 178.
1500 1090 1584 1117 "ARL.

938 1136 983 1162 22.
1001 1133 1122 1170 Ἐμὰοον
1137 1136 1212 1171 παρὰ
1225 1136 1272 1163 τοῦ
1286 1136 1429 1171 ἀγαπητοῦ
1443 1136 1604 1171 μονάζοντος
1618 1134 1689 1162 Παύ-

904 1181 961 1209 λου.
986 1182 1073 1217 Epist.
1087 1182 1132 1210 19.
1149 1182 1396 1210 Commonitorium
1411 1182 1444 1210 ad
1464 1182 1620 1214 Maximum,
1634 1181 1688 1210 dia-

904 1236 1003 1256 conum
1023 1229 1234 1256 Antiochenum.
1249 1229 1289 1256 Id.
1307 1237 1334 1264 p.
1352 1228 1414 1256 192.

939 1275 982 1301 25.
1006 1274 1130 1310 Ἑμψανῆ
1143 1275 1192 1310 μὲν
1207 1275 1377 1310 καθίστησιν.
1396 1274 1516 1310 Epistola
1533 1274 1578 1306 59,
1597 1279 1687 1309 postc-

905 1321 961 1348 rior
981 1321 1015 1348 de
1044 1320 1096 1348 ﬁde
1123 1320 1157 1348 ad
1181 1320 1359 1348 Succensum.
1379 1321 1419 1348 Id.
1440 1329 1468 1356 p.
1485 1321 1614 1349 141-151.
1637 1322 1688 1350 Sed

905 1371 979 1399 nota,
1008 1371 1113 1402 partem
1131 1365 1312 1401 posteriorem
1332 1374 1348 1393 a
1371 1374 1433 1402 pag.
1463 1367 1514 1395 145
1537 1374 1596 1402 seq.
1620 1367 1691 1394 male

904 1416 1023 1439 assutam
1034 1419 1068 1439 ex
1086 1411 1200 1446 epistola
1219 1411 1252 1438 ad
1271 1411 1400 1439 Acacium
1417 1420 1443 1447 p.
1462 1412 1513 1440 115
1528 1420 1599 1447 seq.,
1617 1413 1689 1448 quod

905 1457 1016 1484 Usserio
1043 1457 1125 1484 etiam
1153 1457 1268 1491 pulchre
1293 1456 1480 1484 observatum.
1500 1456 1596 1484 Latina
1612 1461 1689 1485 vetus

904 1502 995 1530 versio
1009 1506 1098 1529 exstat
1112 1502 1140 1529 in
1157 1501 1293 1537 Synodieo
1308 1506 1403 1529 contra
1420 1502 1580 1537 tragmdiam
1595 1502 1688 1530 ἰτεηωί

905 1548 976 1583 apud
1002 1547 1095 1575 Baluz.
1114 1555 1141 1582 p.
1171 1547 1233 1575 925.
1254 1548 1323 1575 Vide
1348 1551 1376 1575 et
1399 1555 1460 1583 pag.
1482 1547 1533 1575 786
1550 1555 1607 1583 seq.
1622 1548 1691 1576 Pro-

905 1591 1014 1620 dicrant
1042 1599 1152 1627 quoque
1178 1592 1265 1619 ambae
1287 1591 1381 1628 Cyrilli
1400 1591 1434 1619 ad
1452 1591 1619 1620 Succensum
1634 1593 1693 1627 epi-

904 1638 992 1670 stolae,
1005 1638 1135 1674 Dionysio
1154 1638 1258 1673 Exiguo
1281 1638 1444 1673 interprete,
1460 1638 1489 1665 in
1504 1637 1628 1665 Antidota
1641 1639 1692 1666 ad—

904 1692 993 1711 versus
1016 1684 1136 1717 Iiwreses,
1155 1684 1236 1711 Basil.
1260 1683 1338 1716 1528,
1361 1683 1408 1711 fol.
1430 1683 1532 1711 Locum
1548 1691 1583 1711 ex
1599 1688 1691 1718 postc-

905 1731 978 1758 riore
996 1731 1111 1765 epistola
1127 1730 1249 1758 vindicat
1272 1735 1367 1758 contra
1384 1730 1548 1758 Severianos
1574 1730 1692 1765 Epitrai-

904 1784 966 1804 mus
994 1777 1066 1811 apud
1094 1776 1232 1804 Photium.
1249 1775 1310 1803 cod.
1329 1783 1434 1807 centu,
1461 1775 1509 1810 qui
1535 1780 1563 1803 et
1591 1775 1693 1810 prioris

905 1822 1040 1850 meminit.
1053 1821 1122 1850 Vide
1142 1826 1170 1849 et
1188 1821 1363 1850 collationem
1384 1829 1446 1851 cum
1463 1821 1618 1849 Severianis
1633 1822 1691 1849 sive

904 1867 1061 1902 Aceplialis,
1086 1867 1206 1894 habitam
1233 1866 1468 1902 Constantinopoli
1496 1866 1528 1893 A.
1557 1866 1587 1894 C.
1618 1867 1692 1899 552,

905 1917 971 1941 tom.
983 1913 1005 1940 Il
1019 1913 1102 1945 Binii,
1122 1920 1149 1948 p.
1165 1912 1226 1940 661.
1241 1912 1321 1940 FABR.

939 1969 1068 2004 Epistoltc
1095 1968 1157 1996 dua;
1191 1968 1225 1996 ad
1251 1968 1421 1995 Succensum
1452 1968 1540 1995 Paris.
1569 1967 1597 1995 in
1627 1968 1690 1996 cod.

904 2015 1123 2047 DCCCLXXXII,
1137 2023 1166 2041 ιι.
1185 2014 1212 2047 9,
1228 2019 1257 2042 et
1273 2022 1303 2041 ιι.
1323 2015 1350 2047 ι,
1364 2014 1481 2050 epistola
1492 2021 1550 2049 seq.
1569 2014 1603 2041 ad
1618 2014 1691 2042 Evo-

904 2059 1004 2094 ptium.
1022 2059 1105 2086 Hann.

939 2115 984 2142 24.
1003 2114 1142 2151 Ὲνέτυχον
1151 2116 1206 2147 τοῖς
1223 2114 1300 2151 παρὰ
1315 2114 1366 2150 τῆς
1379 2114 1429 2150 σῆς
1443 2114 1607 2146 θεοσεῦείας-
1625 2114 1691 2149 Epi-

905 2161 974 2188 stola
986 2161 1019 2188 ad
1034 2161 1188 2196 Evoptium.
1204 2160 1282 2188 Tom.
1295 2160 1351 2193 VII,
1364 2168 1391 2196 p.
1405 2160 1457 2187 200
1470 2167 1546 2195 seqq.
1564 2160 1633 2187 Vide
1646 2168 1692 2187 su-

905 2215 965 2243 pra,
982 2215 1059 2234 num.
1076 2207 1120 2240 19,
1142 2207 1169 2234 in
1180 2207 1340 2234 recensione
1354 2214 1468 2242 operum
1481 2214 1540 2242 qua-
1551 2206 1691 2234 tomusVlI

111 2229 149 2256 18.
165 2230 194 2257 Εἰ
211 2230 261 2266 μὲν
278 2229 308 2258 εὖ
329 2231 427 2264 εἰδότες
441 2232 542 2260 ἀθλεῖν.
559 2232 675 2261 Homilia
691 2233 720 2261 in
744 2234 851 2262 transii—

913 2229 965 2239 μμ,
1079 2229 1120 2240 η,

913 2254 1020 2281 ὶιὼεηί
1039 2253 1171 2281 continet.

79 2277 238 2308 gurationem
261 2278 380 2310 Domini,
395 2278 488 2306 Griecc
511 2279 631 2314 primum
654 2280 727 2308 edita
743 2289 758 2308 a
773 2281 852 2309 Joan.

81 2321 187 2350 Πρω-δίο
210 2323 237 2351 in
264 2323 351 2352 Variis
376 2325 470 2357 sacris,
490 2324 576 2360 Lugd.
599 2325 659 2352 Bat.
679 2325 758 2358 1619,
781 2326 853 2358 in-L,

81 2375 133 2402 pag.
164 2369 239 2396 1-15.
268 2369 298 2397 In
327 2369 442 2398 Auberti
469 2370 590 2398 editione
616 2370 737 2406 Operam
761 2371 853 2407 Cyrilli

81 2417 139 2440 tom.
153 2414 183 2446 v,
199 2419 277 2450 parte
288 2423 317 2448 ιι,
332 2423 360 2451 p.
381 2415 513 2449 552-55t,
529 2416 623 2445 Graece
636 2421 664 2444 et
685 2416 794 2447 Latine.
807 2417 856 2452 qui

81 2460 172 2487 rectius
188 2461 252 2496 legit
268 2462 292 2487 al.
318 2461 366 2496 μὲν
379 2458 409 2488 εὖ
428 2462 538 2493 εἰδότες.

112 2505 150 2532 19.
165 2506 193 2532 Εἰ
211 2507 260 2541 μὲν
275 2504 310 2542 ἦν
330 2507 467 2543 σιωπῆσαι
483 2507 532 2534 καὶ
556 2507 606 2544 μή.
621 2507 743 2543 Epistola
768 2507 796 2541 9,
821 2508 856 2536 ad

82 2549 245 2580 Caelestinum
270 2553 429 2588 episcopum
455 2554 548 2586 Rom.,
579 2549 645 2582 tom;
673 2554 705 2586 V,
733 2559 810 2590 parte
825 2563 855 2587 ιι.

83 2605 105 2628 ρ.
118 2597 205 2630 36-39,
222 2607 255 2626 ex
268 2604 369 2634 parte]
388 2600 448 2627 Act.
464 2600 572 2628 concilii
599 2600 740 2636 Ephesini,
761 2605 827 2628 tom.
845 2601 856 2629 l

82 2642 154 2674 Binii,
181 2652 207 2679 p.
229 2645 288 2673 129.
308 2645 387 2673 FABR.
402 2646 545 2679 —-Mausi.
570 2651 636 2675 tom.
661 2647 706 2679 IV,
733 2655 761 2683 p.
787 2647 855 2675 1012

82 2696 133 2724 sqq.
149 2690 241 2719 Melius
257 2699 300 2727 ap.
318 2691 459 2720 Constant.
475 2700 503 2727 p.
526 2692 593 2720 1085
607 2701 679 2728 sqq.,
695 2697 763 2720 teste
778 2693 853 2721 Wal-

83 2734 136 2761 cliio
151 2735 168 2762 l.
185 2743 220 2767 c.,
241 2744 269 2771 p.
291 2735 343 2763 595
358 2744 430 2771 sqq.,
447 2743 529 2771 quem
554 2736 689 2768 confercs,
706 2740 734 2764 et
751 2744 776 2772 p.
802 2737 853 2764 458

83 2786 145 2814 sqq.,
162 2789 192 2808 ac
206 2790 232 2816 ιι.
248 2781 299 2809 678
313 2789 368 2817 sq.,
383 2782 416 2809 de
431 2782 580 2811 Caelestino
590 2783 705 2817 ejusque
721 2782 780 2810 aliis
792 2783 852 2818 epi-

85 2825 157 2853 stolis.
175 2826 255 2855 lItnL.

937 2310 982 2338 25.
1007 2309 1147 2346 Ἐνὲτυχον
1165 2309 1215 2344 μὲν
1227 2309 1266 2345 τῷ
1286 2308 1491 2345 ὑπομνηστικῷ.
1509 2308 1630 2343 Epistola
1645 2307 1690 2341 58,

903 2356 980 2391 prior
1003 2356 1037 2383 de
1061 2355 1114 2383 ﬁde
1140 2355 1173 2382 ad
1198 2355 1365 2382 Succensum
1386 2353 1441 2390 (α),
1467 2353 1643 2381 Diocaesaretc
1663 2353 1692 2380 in

904 2402 1006 2430 Isauria
1030 2401 1198 2437 episcopum.
1222 2401 1299 2428 Tom.
1316 2401 1348 2432 V,
1366 2405 1443 2435 parte
1465 2408 1493 2432 ιι,
1514 2407 1541 2435 p.
1561 2399 1691 2432 155-111,

905 2453 932 2476 et
945 2456 978 2476 ex
991 2448 1077 2476 veteri
1089 2448 1215 2476 versione
1232 2447 1302 2482 apud
1316 2447 1468 2479 Baluzium,
1485 2454 1512 2482 p.
1533 2446 1585 2473 918
1597 2453 1654 2481 seq.

943 2493 986 2522 26.
1007 2494 1054 2520 Ἐν
1072 2493 1122 2529 μὲν
1139 2494 1232 2528 ἔμοιγε
1246 2493 1292 2520 καὶ
1305 2493 1364 2520 λίαν
1375 2492 1505 2528 θυμῆρες.
1517 2492 1633 2519 Ilomilia
1648 2500 1692 2519 tm

906 2539 1050 2574 paschalis.
1066 2539 1144 2566 Tom.
1159 2539 1192 2572 V,
1209 2543 1285 2573 parte
1300 2546 1328 2571 ιι,
1346 2546 1406 2574 pag.
1423 2537 1552 2566 265—269.

941 2597 985 2624 27.
1009 2597 1117 2632 Ἐπειδή
1134 2606 1178 2632 μοι
1194 2596 1332 2632 γέγραφεν
1351 2597 1368 2632 ἡ
1386 2595 1513 2623 εὐλάϐεια
1526 2596 1612 2631 ὐμῶν.
1629 2595 1694 2631 Epi-

906 2642 975 2671 s‘tola
989 2644 1015 2676 6,
1029 2644 1061 2671 ad
1077 2651 1124 2671 eos
1143 2643 1190 2678 qui
1202 2643 1274 2679 vulgi
1291 2643 1450 2670 rumoribus
1461 2650 1620 2678 persuasum
1638 2643 1694 2670 aie-

907 2690 973 2718 bant
990 2689 1115 2717 Nestorio
1129 2689 1272 2717 restitisse.
1290 2689 1368 2717 Tom.
1384 2689 1416 2720 V,
1431 2693 1508 2723 parte
1529 2697 1559 2721 ιι,
1579 2696 1640 2724 pag.
1660 2688 1694 2715 50

906 2744 977 2771 seq.,
1006 2744 1040 2763 ex
1062 2741 1137 2771 parte
1164 2744 1171 2762 ι
1195 2736 1287 2764 Actor.
1308 2735 1417 2763 concilii
1433 2735 1573 2769 Ephesini.
1589 2735 1666 2762 Tom.
1683 2735 1693 2762 1

907 2782 988 2812 Binii,
1008 2790 1035 2817 p.
1052 2782 1112 2808 125.

941 2827 986 2854 28.
1023 2826 1130 2863 Ἐπειδὴ
1162 2826 1314 2862 πρώτιστον
1345 2826 1411 2862 ἡμῖν
1434 2827 1488 2858 τοῖς
1510 2826 1692 2862 Χριστιανοῑς.

114 2875 147 2915 (ὰ)
161 2882 195 2910 Dc
209 2883 253 2910 illo
266 2880 402 2912 SuccenSo
422 2878 614 2913 'l'illcmontius
629 2889 695 2912 tom.
713 2875 782 2918 XIV,
798 2892 858 2921 pag.
871 2883 931 2912 570.
