1929 3042
245 129 279 156 75
863 128 1003 156 NOTlTlA
1023 129 1066 156 Ex
1089 130 1254 158 FABRlClO.
1687 119 1691 122 ”
1833 128 1867 154 76

243 187 360 222 φύσεως.
372 187 444 215 Vide
461 194 542 222 supra
570 193 646 213 num.
662 185 697 212 25
713 186 740 212 in
768 185 926 213 recensione
958 186 1022 213 torni

1112 188 1154 215 89.
1171 189 1210 215 Τὰ
1224 188 1337 224 λαμπρὰ
1353 188 1398 214 καὶ
1421 187 1527 222 μεγάλα
1552 187 1605 214 τῶν
1630 187 1866 222 κατορθωμάτων.

245 234 287 262 VH
302 233 370 272 Opp.
384 233 486 269 Cyrilli.

277 281 321 307 77.
340 280 439 307 Πολλαὶ
455 279 516 307 καθ’
530 278 610 313 ἡμῶν
625 279 768 312 γεγόνασιν
787 278 878 304 ἐκεῖσε
891 276 1022 304 διαϐολαί.

243 326 361 362 Epistola
381 325 434 358 26,
459 325 493 352 ad
511 324 667 360 episcopos,
690 323 919 359 Theopemptum,
947 323 1027 350 Pota-

242 380 350 400 monem
383 375 412 399 et
441 371 598 403 Danielem,
637 369 874 405 Constantinopoli
905 373 1025 404 agentes.

242 418 319 445 Tom.
343 417 376 450 V,
399 421 478 453 parte
509 424 539 449 ιι,
565 424 592 451 p.
610 415 655 449 9|,
675 424 709 443 ex
723 419 801 450 parte
816 423 834 442 ιι
848 415 941 443 Actor.
963 422 1026 442 con-

241 464 296 491 cilii
312 463 454 499 Ephesini,
471 461 557 490 tom.l
572 461 654 494 Binii,
666 469 693 496 p.
713 461 776 488 297.

275 509 318 536 78.
332 508 417 544 Πολλὴ
438 508 486 543 μὲν
517 507 576 534 λίαν
600 507 618 542 ἡ
644 506 762 538 σύνοδος.
783 506 900 534 Homilia
919 507 959 538 εἰς
977 505 1026 541 τὴν

239 555 371 591 ὺπαντὴν,
401 555 429 581 in
447 562 584 582 occursum
611 553 726 585 Domini,
756 552 831 579 edita
854 552 974 587 primum
989 551 1025 578 ab

242 601 363 628 Auberto
377 608 451 628 erns.
471 600 555 635 regio.
570 599 648 626 Tom.
665 598 698 630 V,
710 602 787 633 parte
799 605 830 630 ll,
845 605 872 633 p.
891 596 1022 624 585-592.

242 647 320 675 Facti.

274 691 442 735 Venetiisoin
459 690 520 718 cod.
544 689 669 718 Naniano
692 688 816 721 LXlll,n.
833 689 860 721 7,
879 688 959 716 Hom.
985 689 1025 720 εὶς

242 738 287 774 τὴν
299 737 420 772 ὑπάντην
429 736 476 763 τοῦ
492 736 605 771 Κυρίου,
622 739 676 762 etc.
688 735 798 770 Incipit,
811 735 897 770 Χαῖρε
909 735 1022 770 σφόδρα,

240 784 359 819 Θύγατερ
387 782 468 810 Σιών.
482 781 528 810 Sic
541 780 638 816 incipit
652 787 761 816 quoque
775 780 803 807 in
818 780 879 808 cod.
893 779 1022 807 Laurent.

239 829 319 861 XVII,
336 836 364 855 ιι.
379 827 422 854 52.
438 827 508 863 plut.
519 826 554 858 9;
568 825 616 853 sed
629 825 665 852 ibi
685 819 816 853 tribuitur
839 824 939 860 Cyrillo
957 825 1023 853 Hie-

1078 233 1199 268 Epistola
1213 233 1258 265 25,
1279 233 1313 260 ad
1334 233 1438 261 clerum
1451 233 1639 268 populumque
1659 232 1736 259 Alex.
1754 230 1868 263 Tont.V,

1078 282 1155 313 parte
1166 287 1195 311 ιι,
1211 286 1272 314 pag.
1285 278 1328 311 88,
1347 286 1379 306 ex
1395 284 1473 313 parte
1490 286 1507 304 ιι
1519 278 1650 305 Actorum
1663 277 1758 313 synodi
1776 277 1869 312 Ephe-

1077 325 1154 358 sinze,
1172 330 1238 352 tom.
1259 325 1363 357 lBinii,
1381 333 1409 360 p.
1421 324 1482 351 247.

1111 370 1154 398 90.
1170 370 1210 397 Τὰ
1224 370 1326 406 συνήθη
1343 371 1389 398 καὶ
1404 370 1452 397 νῦν
1465 369 1687 405 ἀναγνωσόμεθα.
1703 366 1870 396 Protheoria

1075 416 1110 444 ad
1139 416 1279 444 homiliam
1299 424 1352 444 xvn
1371 416 1539 452 paschalem.
1573 416 1652 442 Tom.
1671 415 1703 448 ν,
1732 420 1811 450 parte
1836 423 1868 448 ιι,

1076 471 1137 498 pag.
1153 463 1216 490 222.

1110 509 1156 537 91,
1171 509 1227 545 Τῆς
1239 510 1278 541 είς
1303 509 1370 537 Θεὸν
1394 509 1440 545 (al.
1466 508 1594 545 Χριστὸν)
1617 508 1728 544 ἀγάπης
1755 507 1807 544 τὴν
1821 507 1868 534 δύ-

1075 563 1166 591 ναμιν.
1183 555 1214 583 1ιι
1229 555 1373 587 Joannem,
1394 552 1597 582 Antiochenum
1608 555 1732 589 episcop.
1749 553 1870 588 ἀποσχί-

1075 609 1170 632 σαντα,
1187 601 1244 628 sive
1264 600 1482 632 schismaticum,
1495 600 1619 627 homilia.
1640 599 1718 627 Tom.
1733 599 1766 631 V,
1783 603 1869 634 parte

1074 655 1104 679 ιι,
1120 655 1147 682 p.
1162 646 1290 674 ὅθι-564.
1307 646 1337 685 In
1351 646 1457 674 Latinis
1472 645 1644 674 editionibus
1657 649 1748 673 exstat
1760 653 1776 672 e
1799 653 1868 672 ver-

1075 693 1152 720 sione
1172 692 1254 720 Woll‘.
1272 692 1406 725 Musculi;
1427 691 1476 719 sed
1498 692 1637 719 Aubertus
1664 691 1776 718 exhibet
1801 699 1868 718 eum

1075 739 1301 774 interpretatione
1321 746 1382 773 quae
1404 737 1550 766 additaest
1567 737 1595 765 in
1613 741 1690 772 parte
1715 745 1734 764 ιι
1764 736 1863 764 Actor.

1073 784 1183 811 concilii
1199 783 1341 819 Ephesini,
1357 787 1424 810 tom.
1436 783 1447 810 1
1459 783 1541 816 Binii,
1553 791 1581 818 p.
1596 782 1659 810 251..

1109 829 1153 857 92.
1166 830 1222 865 Τῆς
1237 829 1397 861 Θεοσισείας
1409 828 1486 864 ὑμῶν
1507 828 1553 855 τὸν
1571 828 1662 863 ζῆλον.
1683 827 1807 863 Epistola
1820 828 1867 858 17.

239 874 444 910 rosolymitano,
468 876 497 899 et
514 875 625 906 recepta
646 874 689 897 est
706 871 779 898 inter
799 870 893 906 Cyrilli
915 871 1022 898 llieros.
1040 871 1060 898 Β
1073 866 1186 903 homine
1202 875 1298 911 synodi
1313 875 1390 903 Alex,
1404 875 1439 902 ad
1457 875 1607 902 monachos
1625 874 1866 909 Constantinopol.

238 928 301 956 opp.
315 919 382 947 edit.
399 919 511 945 Thom
528 917 625 949 Milles,
637 924 664 952 p.
678 916 741 944 518.
753 917 785 954 γ.
804 917 920 944 Bandin.
932 916 1020 945 Calai.

237 967 312 993 codd.
328 966 409 992 Laur.
422 965 443 997 ι,
458 956 486 999 p’.
501 963 562 991 M9.
579 963 609 990 ln
639 962 700 990 cod.
725 968 817 990 autem
832 963 930 996 xxxr,
947 972 975 991 ιι.
996 964 1022 997 8,

237 1014 306 1049 plut.
321 1012 364 1046 60,
387 1010 537 1039 ascribitur
553 1009 656 1045 Cyrillo
671 1009 831 1043 Alexandr.;
851 1014 880 1037 et
906 1010 1023 1038 Bandin.

237 1060 255 1086 l.
271 1067 308 1091 c.,
326 1066 354 1093 p.
367 1057 429 1090 442,
448 1056 572 1088 adnotat,
591 1056 719 1084 eumdem
736 1063 797 1083 esse
816 1063 981 1089 sermonem,
991 1064 1024 1084 ac

237 1105 284 1140 qui
303 1105 329 1132 in
347 1104 493 1139 superiore
515 1101 577 1130 cod.
597 1102 708 1138 legitur.
735 1102 809 1129 idem
833 1099 924 1129 sermo
954 1102 1023 1129 assi-

236 1154 337 1186 gnatur
349 1149 449 1185 Cyrillo
458 1149 536 1176 Alex.
552 1148 581 1175 in
596 1147 664 1176 Cod.
692 1147 791 1175 Caesar.
810 1146 925 1180 CXLVI,
937 1156 965 1174 ιι.
980 1148 1023 1180 17,

236 1201 332 1224 contra
343 1194 444 1231 Cyrillo
460 1193 639 1228 Hierosolym.
654 1193 681 1220 in
695 1192 756 1220 cod.
775 1192 820 1224 XI,
838 1200 866 1219 ιι.
883 1193 946 1225 7,et
957 1192 1023 1224 CLI,

235 1252 266 1271 ιι.
281 1241 324 1269 56.
342 1241 373 1268 V.
390 1240 518 1268 Lambec.
535 1238 635 1266 Comm.
649 1239 694 1272 ιγ,
714 1239 776 1272 260,
791 1243 819 1266 et
841 1238 909 1271 V'lll,
923 1246 950 1274 p.
963 1239 1024 1270 156,

237 1295 269 1314 ac
282 1295 310 1322 p.
326 1286 388 1314 507.
405 1286 488 1314 llam.
649 1318 653 1322 _

272 1332 315 1360 79.
343 1332 507 1367 Πολυμερῶς
540 1332 587 1359 καὶ
620 1330 796 1366 πολυτρόπως
823 1330 836 1356 ὁ
865 1329 919 1356 τῶν
956 1329 1025 1355 ὅλων

237 1379 312 1410 Θεὸς.
329 1378 447 1405 llomilia
462 1386 496 1405 xx
521 1377 667 1414 paschalis.
684 1376 762 1404 Tom.
788 1376 820 1408 V,
849 1379 925 1410 parte
950 1383 979 1406 ιι,
996 1383 1023 1410 p.

236 1424 368 1452 257-264.

280 1471 323 1498 80.
343 1470 365 1496 Π
371 1470 452 1506 ρέπον
465 1467 540 1505 οἶμαι
554 1469 602 1496 καὶ
616 1468 663 1495 νῦν
679 1469 775 1495 εἰπεῖν,
793 1467 913 1503 Epistola
929 1467 974 1500 29,
990 1467 1024 1495 ad

237 1514 442 1546 Maxiiuianum,
457 1514 616 1549 episcopum
630 1511 865 1548 Constantinopol.
889 1513 965 1540 Tom.
991 1513 1023 1545 V,

238 1565 315 1596 parte
328 1568 358 1592 ιι,
381 1568 408 1596 p.
432 1560 525 1593 95-98,
551 1567 585 1587 ex
612 1564 690 1596 parte
714 1567 742 1587 ιιι
764 1559 893 1587 Actorum
914 1559 1023 1586 concilii

238 1605 381 1641 Ephesini,
395 1610 463 1632 tom.
475 1605 485 1632 l
499 1603 581 1636 Binii,
593 1612 620 1639 p.
636 1604 699 1631 illi.

273 1652 317 1679 81.
336 1651 549 1687 Προσιδοκῶμεν
577 1650 688 1678 ἐλθόντα
699 1649 744 1677 τὸν
763 1650 850 1685 τίμιον
869 1649 1023 1686 Νεστόριην.

238 1697 361 1733 Epistola
378 1696 424 1729 20,
439 1696 472 1724 ad
490 1696 647 1724 Comarium
665 1695 703 1731 (a)
722 1701 749 1723 et
763 1695 950 1728 Potamonem,
965 1695 1024 1730 epi-

239 1751 345 1778 scopas,
367 1747 396 1770 ct
418 1742 592 1774 Dalmatium,
619 1741 870 1774 archimandritam,
891 1747 919 1769 et
932 1742 1025 1768 Timo-

238 1790 333 1817 theum
349 1793 431 1824 atque
442 1788 597 1824 Eulogium,
613 1787 796 1824 presbyteros.
812 1788 889 1815 Tom.
902 1788 935 1821 ν,
950 1792 1026 1822 parte

236 1841 267 1868 ιι,
282 1844 309 1871 p.
326 1835 421 1868 81-86,
436 1843 468 1862 ex
480 1839 556 1869 parte
573 1843 592 1862 ιι
613 1834 743 1862 Actorum
764 1834 859 1871 synodi
870 1834 1024 1870 Ephesinaa,

239 1886 306 1910 tom.
325 1881 335 1908 l
352 1881 432 1913 Binii,
449 1888 476 1916 p.
490 1880 552 1908 211.

274 1927 318 1954 82.
334 1926 396 1958 Πῶς
413 1927 427 1953 ὁ
447 1926 513 1958 Θεὸς
541 1925 683 1962 ἁχώρητες
702 1924 837 1961 ὲχωρὴθη.
853 1923 921 1952 Vide
942 1931 1024 1958 supra

238 1980 316 2000 num.
328 1971 361 1999 10
377 1972 404 1999 in
417 1971 578 1999 recensione
593 1971 712 2006 Operum
725 1969 819 2006 Cyrilli
835 1974 908 1997 tomo
924 1969 1023 1997 Vcon-

239 2022 389 2046 tantorum.

275 2062 319 2089 85.
340 2062 494 2088 Σαλπίσατε
522 2061 655 2094 σάλπιγγι
678 2060 707 2087 ἐν
730 2059 810 2086 Σιών.
834 2057 952 2085 Homilia
977 2065 1023 2085 vm

239 2109 385 2144 paschalis.
403 2108 482 2136 Tom.
498 2108 531 2141 ν,
544 2112 622 2144 parte
636 2115 666 2138 ιι,
682 2114 743 2141 pag.
761 2104 873 2133 92—107.

274 2154 317 2182 84.
335 2153 529 2190 Σεμνολόγημα
555 2153 604 2189 μὲν
632 2150 830 2186 οἰκουμενικόν.
849 2150 918 2179 Vide
941 2158 1024 2186 supra

239 2207 316 2227 num.
333 2200 376 2227 l5.

274 2245 317 2273 85.
330 2245 413 2272 Σκιὰν
428 2245 477 2279 μὲν
488 2244 502 2271 ὁ
516 2244 598 2279 νόμος
614 2243 670 2278 ἔχει
683 2242 738 2268 τῶν
754 2241 914 2278 μελλόντων.
928 2242 1023 2270 Homi-

238 2291 274 2318 ha
287 2298 324 2318 xu
335 2289 480 2325 paschalis.
490 2287 568 2314 Tom.
586 2287 618 2319 V,
634 2291 710 2322 parte
724 2294 753 2319 ιι,
770 2294 797 2322 p.
811 2286 936 2314 161-177.

273 2336 318 2364 86.
340 2334 486 2368 Συναλγεῖς
513 2333 587 2368 ἡμᾶς
615 2332 749 2366 ἀδελφοῖς.
778 2332 901 2367 Epistola
923 2332 974 2364 58,
991 2331 1024 2359 ad

238 2382 383 2413 Domnum,
401 2380 560 2414 episcopum
573 2378 735 2406 Antiochen.
751 2378 829 2405 Tom.
847 2378 880 2410 ν,
902 2381 980 2412 parte
996 2386 1024 2410 ιι,

238 2435 265 2462 p.
280 2426 332 2454 208
345 2433 402 2461 seq.
418 2425 513 2452 Exstat
523 2427 551 2451 et
563 2424 634 2451 inter
652 2423 784 2459 epistolas
805 2423 952 2450 canonicas
973 2423 1024 2451 Pa-

239 2470 313 2500 trum
327 2478 390 2499 cum
401 2467 599 2498 commentario
616 2469 756 2497 Theodori
777 2469 957 2497 Balsamonis.
976 2469 1020 2505 LV.

239 2519 273 2546 ad
289 2527 318 2545 η.
339 2515 400 2553 21.]

273 2565 316 2592 87.
332 2563 502 2590 Συντέϐειται
522 2562 569 2589 καὶ
587 2561 635 2589 νῦν
656 2562 722 2597 ἡμῖν
737 2562 751 2588 ὸ
769 2561 856 2595 λόγος.
884 2561 1017 2595 Prologus

238 2609 358 2638 homiliaa
369 2608 505 2645 paschalis
523 2616 596 2635 xxxx.
614 2607 693 2635 Tom.
705 2608 737 2640 ν.
758 2611 838 2642 parte
849 2615 878 2639 ιι,
893 2615 920 2642 p.
933 2606 994 2634 555.

274 2654 318 2683 88.
331 2655 372 2681 Τὰ
383 2654 523 2691 γραφέντα
536 2653 611 2688 παρὰ
622 2653 672 2688 τῆς
696 2652 833 2689 ὑμετέρας
857 2652 1023 2688 τιμιότητος.

239 2701 360 2736 Epistola
377 2709 429 2733 ut,
447 2700 482 2728 ad
502 2699 647 2728 Aurelium
667 2698 874 2735 (Augustinum)
891 2704 919 2727 et
942 2704 1024 2726 caete-

237 2755 284 2774 ros
298 2748 324 2774 in
347 2747 450 2782 synodo
473 2744 704 2780 Carthaginiensi.
733 2744 810 2772 Tom.
830 2745 861 2777 V,
890 2749 967 2780 parte
994 2753 1023 2778 ιι,

238 2803 265 2830 p.
285 2794 338 2822 ⁸212
348 2803 405 2831 seq.

1074 921 1152 949 Tom.
1173 921 1205 953 ν,
1219 925 1296 956 parte
1310 929 1340 954 ιι,
1359 929 1387 956 p.
1409 920 1444 948 80
1460 928 1531 956 seq.,
1549 928 1582 948 ex
1608 924 1684 955 parte
1706 928 1714 947 ι
1730 920 1865 947 Actorum

1073 966 1184 995 concilii
1199 966 1344 1002 Ephesini.
1364 970 1431 994 tom.
1448 967 1459 994 l
1477 966 1560 999 Binii,
1580 974 1608 1001 p.
1623 965 1685 993 l58.

1110 1013 1156 1040 95.
1169 1012 1225 1048 Τῆς
1244 1012 1294 1048 μὲν
1314 1011 1394 1046 ἁγίας
1424 1011 1502 1047 ἡμῶν
1520 1011 1733 1047 ἀναλαμπούσης
1753 1011 1865 1047 ἑορτῆς.

1074 1058 1191 1087 Homilia
1206 1066 1232 1085 vt
1247 1058 1392 1093 paschalis.
1429 1058 1509 1086 Tom.
1526 1058 1559 1091 V,
1575 1062 1652 1092 parte
1679 1065 1707 1089 ιι,
1720 1065 1748 1092 p.
1767 1056 1866 1085 60-8l.

1107 1104 1152 1132 9A.
1169 1104 1223 1139 Τῆς
1238 1104 1286 1139 μὲν
1306 1105 1335 1130 ἐν
1351 1103 1505 1140 ἀνθρώποις
1524 1103 1650 1134 εὐκλείας
1663 1103 1693 1129 τὸ
1715 1102 1866 1130 ἀνώτατον.

1074 1149 1142 1177 Vide
1158 1157 1241 1184 supra
1259 1157 1337 1176 num.
1351 1149 1393 1176 16.

1109 1196 1153 1223 95.
1169 1196 1224 1230 Τῆς
1238 1195 1287 1230 μὲν
1299 1195 1417 1230 εὐθύμου
1433 1194 1478 1230 (al.
1492 1194 1624 1229 εὐσήμου)
1642 1194 1688 1220 καὶ
1703 1194 1778 1224 θείας
1787 1193 1867 1228 ἡμῶν

1075 1241 1312 1276 ἑορτῆςλιοιιιίιίιι
1336 1249 1344 1267 ι
1371 1240 1516 1276 paschalis.
1549 1241 1628 1267 Tom.
1653 1241 1686 1273 V,
1720 1244 1801 1276 parte
1832 1248 1866 1272 ιι.

1075 1293 1101 1322 p.
1117 1285 1179 1312 1-16

1109 1331 1153 1358 96.
1169 1331 1225 1366 Τῆς
1245 1331 1294 1366 μὲν
1309 1331 1362 1358 τῶν
1378 1331 1463 1365 ἁγίων
1487 1331 1610 1363 εὐκλείας
1636 1340 1665 1358 τε
1692 1331 1740 1358 καὶ
1761 1330 1857 1366 δόξης.

1075 1376 1202 1409 Homilia,
1220 1376 1292 1404 dicta
1312 1377 1424 1412 Ephesi,
1445 1377 1487 1404 die
1501 1376 1531 1404 S.
1545 1376 1659 1404 Joannis
1683 1377 1866 1412 evangelistaz.

1075 1422 1152 1449 Tom.
1187 1422 1218 1454 V,
1236 1427 1312 1456 parte
1325 1430 1354 1454 ιι,
1378 1430 1405 1457 p.
1427 1422 1557 1450 552-554.
1585 1423 1624 1450 Ex
1633 1422 1787 1458 Wolfgangi
1803 1422 1867 1450 Mu—

1075 1467 1143 1495 sculi
1170 1467 1298 1494 versione
1327 1472 1416 1495 exstat
1439 1467 1466 1495 in
1482 1467 1586 1495 Latinis
1609 1468 1705 1504 Cyrilli
1730 1468 1867 1496 editioni-

1076 1513 1136 1541 bus.
1153 1513 1205 1540 Sed
1233 1513 1372 1541 Aubertus
1386 1513 1508 1548 praetulit
1528 1521 1599 1546 eam,
1618 1522 1735 1549 quacum
1761 1514 1868 1549 legitur

1039 1543 1059 1571 ϐ
1077 1559 1104 1586 in
1117 1564 1235 1594 partem
1249 1543 1506 1587 Actorum-concilii
1522 1543 1667 1594 Ephesini,
1689 1565 1755 1587 tom.
1773 1543 1804 1587 lu
1815 1559 1865 1586 Bi-

1075 1605 1124 1638 nii,
1143 1614 1169 1640 p.
1189 1605 1250 1632 59-4.
1276 1605 1400 1632 Habelur
1419 1609 1448 1632 et
1460 1605 1557 1633 Latine
1579 1613 1594 1633 e
1613 1605 1702 1632 veteri
1731 1605 1868 1633 versione

1075 1651 1146 1686 apud
1159 1651 1310 1683 Baluzium,
1338 1659 1365 1687 p.
1391 1651 1443 1679 545
1474 1651 1554 1679 Nova:
1581 1651 1688 1679 Collect.
1707 1651 1811 1680 Confer
1831 1652 1868 1680 de

1076 1697 1126 1724 hac
1140 1697 1252 1724 homilia
1269 1697 1484 1730 Tillemontium,
1498 1702 1564 1724 tom.
1579 1697 1649 1730 XIV,
1667 1705 1694 1733 p.
1705 1697 1767 1724 455.

1111 1743 1154 1770 97.
1179 1743 1212 1770 Τί
1234 1744 1413 1779 τερπνότερον
1441 1744 1489 1771 καὶ
1516 1744 1543 1770 τί
1572 1743 1701 1780 ἡδύτερον
1719 1745 1775 1776 τοῖς
1791 1744 1868 1779 φιλο-

1076 1789 1157 1821 Θέοις.
1178 1789 1296 1817 ﬂomilia
1310 1791 1338 1817 in
1357 1789 1386 1818 S.
1401 1798 1513 1818 caenam.
1525 1789 1604 1818 Tom.
1621 1789 1739 1825 V,parte
1752 1798 1784 1822 ιι,
1801 1798 1866 1826 pag.

1075 1835 1200 1862 560-579.
1213 1835 1291 1863 Edita
1307 1836 1426 1872 primum
1440 1835 1475 1862 ab
1483 1835 1606 1863 Auberto
1620 1843 1636 1864 e
1648 1843 1716 1863 mss.
1734 1835 1821 1872 regiis
1833 1840 1866 1863 et

1075 1880 1198 1908 Vatican.
1212 1881 1292 1908 Faun.

1110 1936 1228 1972 Ilosquae
1242 1938 1269 1964 in
1285 1937 1346 1965 cod.
1358 1938 1390 1967 V.
1403 1947 1432 1966 ιι.
1447 1938 1490 1965 17.
1502 1937 1533 1965 ν.
1550 1937 1669 1965 Μαιώκὶ
1683 1937 1766 1964 Notit.
1781 1938 1861 1964 codd.

1074 1981 1170 2017 Hatq.,
1185 1990 1212 2017 p.
1226 1983 1251 2010 7.
1271 1983 1355 2010 “ABL.

1109 2037 1153 2065 98.
1173 2038 1236 2070 Τοῖς
1251 2039 1326 2074 παρὰ
1346 2039 1395 2074 τῆς
1416 2039 1465 2074 σῆς
1488 2039 1649 2073 θεοφιλείας.
1670 2039 1793 2074 Epistola
1818 2040 1866 2071 57,

1075 2083 1110 2111 ad
1131 2084 1248 2112 Atticum
1263 2085 1384 2120 episcop.
1404 2085 1481 2112 Tom.
1497 2085 1529 2117 ν,
1546 2089 1623 2120 parte
1643 2093 1672 2117 ιι,
1689 2093 1716 2120 p.
1733 2085 1866 2118 204-208,

1074 2135 1109 2156 ex
1124 2128 1270 2163 Nicephori
1283 2137 1337 2161 xtv,
1351 2129 1396 2156 27.
1411 2129 1492 2156 Fann.

1108 2174 1231 2201 Florent.
1248 2174 1276 2201 in
1300 2174 1361 2201 cod.
1390 2174 1520 2202 Laurent.
1544 2174 1602 2207 Xll,
1626 2175 1695 2210 plut.
1717 2175 1744 2207 6,
1769 2183 1799 2202 ιι.
1818 2176 1866 2207 35,

1039 2219 1062 2249 D
1075 2218 1157 2247 Attici
1172 2219 1287 2254 epistola
1301 2219 1335 2246 ad
1351 2219 1482 2256 Cyrillum
1499 2221 1588 2253 Alex.,
1611 2227 1638 2248 et
1659 2229 1687 2248 ιι.
1707 2222 1751 2253 51,
1769 2221 1866 2257 Cyrilli

1076 2272 1120 2300 ep.
1136 2265 1169 2292 ad
1182 2266 1312 2293 Atticum.
1330 2267 1362 2295 γ.
1389 2267 1503 2294 Bandin.
1525 2267 1659 2302 Cutalog.,
1676 2267 1697 2300 l,
1713 2275 1741 2302 p.
1767 2268 1814 2295 l2l
1837 2273 1867 2296 et

1078 2311 1138 2338 122.
1155 2311 1239 2339 ΗΑιιι.

1109 2369 1154 2396 99.
1175 2369 1237 2401 Τοῖς
1254 2369 1328 2405 παρὰ
1343 2371 1393 2405 τῆς
1404 2371 1453 2406 σῆς
1469 2368 1618 2406 omen-um.
1633 2370 1754 2405 Epistola
1767 2370 1812 2402 56,
1831 2371 1867 2398 ad

1076 2414 1205 2442 Acacium
1231 2415 1406 2450 episcopum,
1438 2416 1502 2451 περὶ
1527 2415 1573 2441 τοῦ
1601 2415 1807 2450 ἀποπομπαῐου,
1834 2416 1867 2442 de

1075 2460 1146 2486 hirco
1165 2461 1311 2491 emissario,
1324 2460 1402 2487 Tom.
1418 2460 1451 2492 ν,
1466 2464 1543 2495 parte
1561 2469 1590 2492 ιι,
1600 2468 1661 2496 pag.
1680 2460 1810 2492 121-152,
1831 2469 1866 2488 ex
1889 2479 1892 2499 ε

1074 2510 1151 2540 parte
1175 2514 1203 2533 ιιι
1226 2506 1318 2533 Actor.
1347 2505 1443 2541 synodi
1470 2506 1630 2540 Ephesium,
1656 2511 1722 2533 tom.
1746 2506 1866 2538 [Binii,
1888 2508 1889 2512 ‘

1075 2559 1103 2586 p.
1126 2552 1193 2584 458,
1213 2551 1315 2580 citatur
1338 2558 1354 2578 a
1375 2550 1543 2578 Theodorito
1568 2556 1597 2579 et
1620 2551 1769 2585 Ephraimo
1791 2553 1866 2587 apud

1075 2597 1203 2625 Photium
1215 2597 1276 2625 eod.
1293 2604 1398 2629 ccxxrx,
1415 2604 1442 2631 p.
1458 2597 1520 2624 H6.

1111 2655 1170 2682 100.
1191 2656 1253 2688 Τοῖς
1271 2656 1301 2682 τὸ
1320 2655 1390 2682 θεῖον
1409 2656 1455 2682 καὶ
1476 2655 1600 2690 οὐράνιον
1627 2655 1800 2691 ίερουργοῦσι
1818 2656 1869 2691 κή-

1077 2710 1178 2736 ρυγμα.
1194 2701 1262 2728 Vide
1275 2709 1357 2736 supra
1367 2710 1395 2728 ιι.
1411 2701 1444 2728 15
1464 2701 1492 2727 in
1509 2701 1670 2728 recensione
1685 2709 1801 2737 operum
1813 2701 1870 2737 Cy-

1076 2747 1129 2773 rilli
1144 2747 1172 2773 in
1190 2751 1267 2781 parte
1285 2755 1302 2773 ιι
1319 2746 1384 2773 tomi
1405 2747 1426 2773 V
1443 2749 1646 2773 contentorum.

1111 2791 1171 2818 101.
1193 2793 1254 2824 Τοῖς
1274 2792 1304 2818 τὺ
1320 2792 1417 2818 σεπτὸν
1439 2792 1484 2818 καὶ
1499 2791 1570 2818 θεῖον
1585 2792 1758 2827 ίερουργοῦσι
1781 2793 1870 2828 κήριμ

274 2856 311 2887 (ιι)
336 2853 518 2882 Camarionein
537 2853 564 2881 in
588 2852 673 2880 veteri
697 2851 822 2878 versione
849 2850 919 2885 apud
942 2850 1092 2881 Baiuzium,
1111 2859 1137 2885 p.
1157 2850 1298 2877 185Νοιιω
1310 2849 1416 2877 Called.
1437 2849 1614 2877 ronriliorum.
1630 2849 1686 2876 Vol.
1704 2848 1748 2876 lx.
