1929 3042
55 169 83 197 77
657 167 797 195 NOTITIA
816 166 834 193 Ii

890 165 1049 194 FABRICIO.
1633 167 1668 194 78

54 234 112 262 γμα..
141 225 259 253 Ilomilia
289 233 341 253 xxx
362 221 506 261 paScbalis.
529 224 606 252 Tom.
628 225 661 258 V,
690 229 766 261 parte
794 233 829 258 ιι,
847 227 869 256 Α
918 210 1053 251 Monachii
1075 223 1102 250 in
1122 223 1188 252 bibl.
1210 224 1322 252 elector.
1339 224 1399 252 cod.
1413 222 1479 252 LIII.
1495 224 1666 253 Anatbemat.

72 292 78 298 .
91 269 215 298 512-550.

55 280 78 307 p.
91 280 221 302 oux-000.,

86 316 139 344 102.
159 316 196 343 Τὸ
221 315 274 352 μὲν
289 316 396 343 εὔτονον
409 317 450 347 εἰς
470 315 622 343 εὐλάϐειαν.
641 316 763 351 Epistola
787 316 831 348 48,

57 362 84 390 ad
109 361 280 390 Gennadium
310 362 401 398 presb.
426 365 454 389 et
479 361 736 394 archimandritam,
763 362 833 397 quod

57 407 234 434 connivendum
253 408 288 435 sit
312 409 339 435 in
357 407 445 444 aliqua
470 417 487 435 a
507 409 578 444 juris
601 409 696 444 rigare,
723 409 833 444 majoris

57 452 211 480 emolumenti
221 461 316 480 causa.
331 453 409 481 Tom.
423 454 455 486 V,
472 457 549 490 parte
563 462 592 487 ιι,
605 462 633 489 p.
649 454 696 482 191
711 462 752 489 sq.

86 498 141 525 103.
161 498 214 525 Τοῦ
238 499 366 534 Σωτῆρος
379 499 457 534 ήμῶν
472 499 598 533 λέγοντος
613 500 745 535 ἐναργῶς.
765 500 831 536 Epi-

56 543 115 571 stula
134 543 176 576 15,
195 543 230 571 ad
250 544 408 572 Nestorium
430 545 495 582 περὶ
511 545 562 580 τῆς
579 546 785 581 ἀκοινωνησίας,
801 537 833 574 de

55 590 321 631 εποηιπιιιηίταείοηει
337 591 438 626 scripta
453 591 564 619 nomine
575 592 670 628 synodi
681 592 708 620 in
719 592 833 629 Aigypto

55 640 221 670 congregatae.
237 636 316 663 Tom.
330 637 362 669 V,
378 641 454 672 parte
469 645 498 670 ιι⁷
516 645 576 673 pag.
595 637 686 671 67-77,
704 639 834 674 subjectis

56 680 189 708 duodecim
213 681 353 718 capitulis,
386 683 424 718 (a)
452 683 509 711 sive
533 684 782 718 anathematismis,
818 693 834 713 a

56 726 181 759 Nestorio,
206 727 230 755 si
260 728 328 756 velit
349 729 450 764 recipi,
474 729 634 765 probandis.
663 731 703 758 Ex
727 735 803 767 parte
824 739 833 759 ι

55 775 174 802 Actorum
190 774 303 803 concilii
322 775 464 810 Ephesini,
482 779 548 803 tom.
563 776 573 803 I
590 776 672 809 Binii,
693 785 754 813 pag.
769 777 831 805 151.

56 821 81 849 In
101 820 194 847 iisdem
218 820 306 853 Actis,
328 829 356 856 p.
381 822 444 861 159,.
463 825 573 850 exstant
594 822 691 850 Latine
713 823 832 851 Nestorii

56 867 187 895 duodecim
213 868 446 901 anathematismi,
459 869 572 896 totidem
582 868 738 905 Cyrillianis
749 877 834 904 oppo-

883 268 986 305 Cyrilli,
999 276 1062 296 cum
1071 269 1192 305 apologia
1202 274 1295 297 contra
1305 270 1470 305 Orientales;
1486 270 1562 298 deest
1578 275 1669 298 autem

883 315 1001 352 primus,
1027 314 1174 348 secundus,
1204 316 1317 350 quintus
1341 320 1369 344 et
1392 302 1486 344 sexﬁis
1509 315 1669 343 anathema-

884 361 992 389 tismus.
1004 361 1037 389 ν.
1049 361 1109 389 Cat.
1122 361 1197 389 codd.
1213 361 1258 389 Gr.
1270 361 1369 391 Bavar.
1383 370 1443 397 pag.
1465 362 1508 391 16.
1522 362 1556 390 Et
1569 363 1597 390 in
1608 362 1670 390 aliis

883 407 963 435 codd.
977 408 1042 435 hinc
1052 407 1115 436 inde
1126 408 1181 444 jam
1193 408 1358 436 memoratis.
1373 408 1455 436 ΗΑιιι..

919 453 979 480 104.
1000 453 1036 480 Τὸ
1051 453 1197 489 φιλομαθὲς
1209 453 1255 480 καὶ
1270 453 1420 488 φιλόπονον.
1439 454 1560 489 Epistola
1575 455 1620 487 47,
1635 454 1669 482 ad

883 498 1067 532 Anastasium,
1085 498 1279 532 Alexandrum,
1303 499 1505 532 Martinianum,
1525 500 1667 533 Joannem.

884 544 1058 580 Paregorium
1077 545 1170 580 presb.
1184 548 1212 572 et
1233 544 1379 572 Maximum
1404 543 1457 580 (al.
1471 545 1668 581 Maximinum)

883 590 1038 623 diaconum,
1050 594 1078 618 et
1094 595 1209 618 caeteros
1223 591 1317 618 Patres
1327 591 1486 619 monachos.
1504 591 1537 618 In
1549 596 1670 619 sanctum

883 636 1029 672 symbolum
1046 637 1193 664 Nicwnum.
1212 637 1290 665 Tom.
1312 636 1346 670 V,
1364 641 1442 672 parte
1456 644 1484 669 ιι,
1499 644 1525 672 p.
1543 637 1668 669 175-191,

883 691 917 710 ex
931 688 1008 718 parte
1026 683 1103 711 tertia
1117 683 1247 711 Actorum
1264 683 1386 719 ejusdem
1402 683 1534 718 Ephesini
1551 685 1668 718 concilii,

883 736 911 763 p.
932 729 994 756 457.
1015 729 1045 756 In
1059 729 1165 757 Latinis
1181 729 1351 757 editionibus
1372 729 1473 765 legitur
1492 729 1526 757 e‘x
1545 731 1670 758 versione

883 774 995 802 Joannis
1006 775 1160 810 Theophili,
1169 775 1315 811 subiuncta
1327 775 1460 805 relatione
1468 776 1564 811 synodi
1574 775 1673 804 Orien—

884 821 978 848 talium
998 821 1031 848 ad
1053 821 1228 849 Callimorem
1252 829 1354 857 regem,
1374 821 1408 850 de
1427 822 1598 857 depositione
1621 823 1672 859 Cy-

883 866 937 895 rilli
952 870 980 894 et
996 867 1157 900 Memnonis,
1172 867 1274 902 Ephesi
1294 867 1391 902 episc.,
1403 875 1438 895 ex
1456 867 1529 896 Actis
1543 868 1672 896 concilia-

55 913 93 940 tili
107 917 132 940 et
150 921 212 940 cum
232 914 312 941 Marii
332 914 490 942 Mercatoris
501 914 699 948 confutatione,
718 915 746 943 in
762 915 833 942 Mer-
849 907 869 934 Β
884 911 943 939 buli
955 911 1146 940 Orientalium.
1164 912 1224 940 Alia
1242 912 1334 940 versio
1346 917 1425 941 vetus
1444 913 1473 940 in
1495 913 1640 942 collatione
1655 914 1672 941 5

57 963 134 986 calore
154 959 292 993 Garnerii,
309 964 376 988 tom.
395 961 428 994 II,
445 961 546 996 p.116.
564 961 699 989 Caeterum
719 962 834 998 epistola

57 1005 94 1032 illa
110 1004 198 1041 Cyrilli
218 1014 283 1033 cum
300 1007 426 1035 versione
441 1007 519 1034 Marii
532 1008 691 1035 Mercatoris
713 1008 834 1036 occurrit

57 1051 80 1078 in
91 1050 209 1078 Gamerii
224 1051 384 1086 Mercatore,
403 1057 469 1081 tom.
480 1053 513 1086 II,
527 1061 554 1089 p.
570 1053 614 1086 69,
629 1057 656 1081 et
671 1062 704 1082 ex
717 1054 769 1082 alia
788 1061 834 1082 ve—'

57 1095 100 1124 teri
110 1097 234 1125 versione
245 1098 318 1133 apud
330 1098 470 1126 Baluzium
485 1107 513 1134 p.
527 1099 588 1131 112,
602 1104 630 1126 et
639 1107 672 1126 ex
683 1099 735 1127 alia
745 1108 772 1135 p.
783 1099 833 1128 679

57 1142 124 1171 Nam
137 1142 298 1173 collectioni:
316 1144 461 1177 conciliem,
481 1144 528 1180 qui
545 1144 705 1172 Mercatoris
724 1151 834 1180 quoque

57 1189 198 1217 versionem
219 1189 333 1219 exhibet
356 1199 384 1225 p.
408 1190 469 1218 644.
497 1190 610 1226 Legitur
635 1193 663 1217 et
682 1190 778 1218 Latine
805 1191 834 1219 in

57 1234 188 1263 collatione
206 1240 284 1264 sexta
300 1236 396 1272 synodi
419 1244 446 1268 ν,
467 1240 534 1263 tom.
552 1235 576 1264 ιι
600 1235 683 1268 Binii,
705 1240 781 1271 parte
803 1244 833 1269 ιι,

58 1287 109 1315 pag.
126 1280 168 1312 96,
188 1284 217 1308 et
234 1288 271 1308 ex
289 1281 411 1317 Dionysii
432 1280 530 1316 Exigui
550 1281 677 1308 versione
696 1281 836 1316 prodierat

58 1324 133 1353 Paris.
152 1325 231 1358 1628,
263 1326 333 1359 in-8,
353 1330 381 1353 et
394 1326 423 1353 in
434 1326 558 1353 Antidota
575 1326 698 1353 adversus
715 1326 832 1358 haereses,

58 1369 128 1398 Basil.
144 1372 221 1405 1528,
235 1372 296 1406 101.,
314 1373 365 1401 sub
380 1372 460 1400 titulo
480 1372 540 1401 libri
556 1377 649 1401 contra
673 1372 832 1400 Nestorium.

58 1417 128 1447 Ριιιιι.

88 1463 150 1491 Vide
172 1471 257 1499 supra
277 1471 352 1491 num.
372 1464 404 1491 17
417 1464 445 1492 in
462 1463 623 1491 recensione
641 1470 754 1501 operum
774 1471 835 1499 qua:

59 1512 139 1536 tomus
159 1509 205 1536 VII
227 1509 297 1536 edit.
319 1508 532 1537 Graeco-Latinae
557 1509 689 1537 continet.
718 1508 835 1546 Legitur

59 1554 235 1582 memorabilis
255 1555 301 1582 illa
324 1554 438 1591 epistola
450 1555 477 1581 in
495 1554 581 1582 Mansi
602 1553 709 1582 Collect.
727 1554 833 1588 concil.,

883 957 980 993 synodi
1002 958 1035 990 V,
1056 962 1122 985 tom.
1142 958 1165 985 II
1188 958 1259 986 Binii
1279 963 1356 993 parte
1373 967 1402 991 ιι,
1429 967 1456 994 p.
1483 959 1526 987 70.
1554 960 1625 989 Vide
1642 965 1671 989 et

884 1001 1052 1035 Tillemont.,
1065 1006 1131 1030 tom.
1141 1002 1211 1036 XIV,
1227 1011 1255 1038 p.
1276 1003 1337 1031 640.
1352 1003 1431 1031 Fusa.

919 1048 1039 1076 Florent.
1062 1049 1090 1076 in
1104 1049 1166 1077 cod.
1189 1049 1319 1077 Laurent.
1341 1050 1412 1084 XXI,
1429 1059 1456 1078 ιι.
1468 1052 1495 1079 7.
1509 1052 1542 1081 ν.
1554 1051 1670 1081 Bandin.

884 1091 1019 1128 Cutalog.,
1032 1093 1053 1125 Ι,
1065 1101 1127 1129 pag.
1145 1093 1207 1121 544.
1221 1094 1305 1121 Hann.

920 1138 979 1166 105.
1000 1139 1036 1165 Τὸ
1057 1139 1176 1175 Χριστδς
1196 1139 1282 1174 ὄνομα
1303 1139 1366 1166 οὔτε
1387 1141 1450 1177 ὅρου
1471 1141 1584 1178 δύναμιν
1602 1142 1670 1178 ἔχει.

883 1183 951 1212 Vide
962 1191 1054 1220 supra,
1070 1193 1146 1212 num.
1168 1184 1184 1213 8
1200 1184 1229 1213 in
1247 1186 1407 1214 recensione
1422 1195 1536 1223 operum
1549 1196 1610 1224 quae
1629 1192 1672 1217 to-

883 1237 945 1258 mus
956 1231 979 1258 V
989 1231 1057 1258 edit.
1069 1231 1184 1259 Auberti
1195 1231 1326 1259 continet.

920 1275 979 1303 106.
1001 1277 1114 1312 Φαιδρὸν
1130 1277 1185 1312 ὁρῶ
1197 1278 1228 1304 τὸ
1240 1279 1365 1315 σύστημα
1379 1279 1432 1307 τῶν
1448 1279 1542 1314 ἁγίων.
1555 1280 1672 1309 Ilomilia

883 1321 985 1357 Ephesi
1002 1321 1134 1350 adirersus
1151 1322 1308 1351 Nestorium
1322 1324 1426 1357 habita,
1441 1325 1522 1360 ὴνιχα
1538 1326 1670 1361 κατῆλθον

884 1368 909 1394 οι
931 1367 1002 1393 ἑπτὰ
1014 1366 1082 1402 πρὸς
1105 1368 1154 1403 τὴν
1167 1368 1248 1402 ἁγίαν
1260 1369 1378 1404 Μαρίαν.
1404 1369 1482 1398 Tom.
1499 1371 1532 1404 V,
1547 1376 1626 1406 parte
1639 1380 1669 1404 ιι,

884 1419 912 1447 p.
931 1412 1057 1440 555-558.
1081 1412 1112 1440 In
1131 1412 1236 1441 Latinis
1252 1413 1422 1443 editionibus
1442 1420 1530 1443 exstat
1544 1424 1560 1444 e
1584 1416 1670 1446 Wolf-

884 1457 965 1494 gangi
980 1457 1096 1485 Musculi
1121 1458 1364 1494 interpretatione;
1386 1461 1434 1488 sed
1452 1461 1589 1490 Aubertus
1603 1471 1672 1498 prte-

885 1503 948 1531 tulit
965 1503 1120 1531 versionem
1139 1504 1230 1538 aliam,
1251 1513 1368 1541 quacum
1391 1506 1491 1542 legitur
1507 1507 1535 1535 in
1556 1513 1634 1543 parte
1652 1517 1671 1537 ιι

883 1549 1016 1578 Actorum
1036 1550 1131 1586 synodi
1143 1551 1296 1586 Ephesinac,
1307 1556 1373 1579 tom.
1391 1553 1401 1580 I
1416 1553 1497 1586 Binii,
1509 1561 1536 1589 p.
1558 1554 1621 1584 221.

60 1580 116 1626 1....
127 1580 502 1635 1v:’,;,"';os;..:j.g
511 1580 711 1633 signa"...
729 1580 833 1632 ...έιδξ

921 1595 982 1623 107.
1001 1580 1115 1631 Φαιξρὺς
1129 1580 1194 1631 ἡμὶν
1207 1597 1221 1622 ὁ
1234 1580 1313 1631 λόγος
1327 1597 1374 1624 καὶ
1388 1580 1498 1635 χάριτοξ
1509 1580 1672 1635 ξιιτξξτιίιησ-
1691 1626 1702 1634 ,

59 1651 129 1679 quam
158 1645 294 1672 Mercator
310 1645 466 1679 confecisse
492 1644 603 1676 dicitur,
628 1644 703 1671 ibid..
715 1648 781 1672 tom.
798 1643 833 1677 V,

59 1690 147 1725 p.725;
156 1691 248 1718 versio
256 1690 377 1727 Dionysii
386 1690 493 1726 Exigui,
505 1689 638 1726 (saec.v1.)
647 1697 727 1725 quam
736 1697 834 1725 parum

59 1733 159 1762 differre
179 1735 367 1764 aMercatoris
379 1736 511 1770 versione
532 1735 691 1771 pronuntiat
713 1735 834 1764 Mansius

59 1784 117 1808 tom.
138 1781 181 1814 IV,
196 1790 227 1817 p.
248 1781 334 1817 .1085,
355 1782 402 1810 ubi
415 1782 511 1810 Latine
525 1782 634 1815 editur;
652 1781 732 1809 tertia
755 1786 835 1809 vetus

59 1826 148 1859 versio,
161 1826 243 1858 ibid,,
262 1831 328 1854 tom.
342 1827 376 1860 V,
396 1835 457 1862 pag.
471 1827 536 1860 502;
553 1831 659 1862 quarta,
682 1827 710 1854 in
726 1827 795 1862 Lupi
806 1831 835 1854 et

59 1871 151 1899 Baluzii
160 1873 298 1908 Synodico
305 1873 389 1907 edita;
400 1873 495 1908 quinta
505 1874 534 1900 in
544 1873 619 1901 Actis
630 1873 720 1908 quinti
732 1880 832 1901 meum.

59 1918 158 1946 cousilii
170 1919 198 1947 in
215 1918 300 1946 Mansi
323 1919 431 1946 collect.
451 1923 517 1946 tom.
530 1918 577 1951 IX,
589 1925 616 1954 p.
632 1919 682 1946 511
700 1926 760 1955 sqq.

91 1962 254 1991 Vindobome
275 1964 304 1991 in
319 1963 381 1991 cod.
400 1963 469 1992 Caes.
489 1963 596 1997 LXXV,
622 1964 649 1991 in
668 1972 724 1999 quo
742 1964 836 1993 multa!

60 2009 170 2044 epistola:
187 2009 296 2044 aliaque
312 2010 442 2045 opuscula
454 2010 487 2037 de
506 2010 551 2037 illa
571 2011 756 2038 controversia
772 2014 836 2039 sunt

61 2054 172 2088 collecta,
195 2054 423 2082 Anathematismi
446 2063 474 2083 ιι.
501 2055 545 2083 49.
569 2056 601 2084 V.
629 2055 769 2089 Lambec.,
789 2056 834 2090 III,

61 2107 113 2135 pag.
132 2100 192 2133 595,
214 2100 306 2136 ibique
326 2100 438 2128 Kollarii
458 2105 561 2130 notam.
574 2102 648 2129 —In
666 2102 727 2130 cod.
742 2102 834 2135 XLIV,

61 2155 84 2174 n.
104 2147 151 2180 10;
169 2147 250 2180 XLV,
280 2155 310 2174 ιι.
340 2147 391 2181 49;
422 2147 465 2180 L1,
492 2155 521 2175 n.
540 2148 592 2181 19;
610 2147 665 2181 LII,
679 2157 707 2176 n.
725 2149 751 2181 9,
772 2156 835 2176 cum

60 2192 177 2228 anonymi
201 2192 352 2227 appendice
375 2192 409 2220 de
437 2193 614 2228 opinionibus
640 2195 836 2223 haeresiarcha-

61 2245 124 2265 rum.
142 2238 172 2266 V.
189 2237 332 2270 Lambec.,
354 2237 421 2271 VIII,
439 2245 499 2274 pag.
518 2238 569 2267 896
588 2246 641 2274 sq.,
662 2239 724 2272 957,
741 2239 793 2267 995
808 2242 835 2267 et

62 2282 128 2311 1002.
608 2292 615 2299 ’

92 2329 231 2357 Florentiae
255 2329 284 2357 in
307 2329 368 2357 cod.
389 2328 518 2356 Laurent.
541 2329 599 2362 XII,
620 2338 647 2356 n.
670 2330 696 2362 6,
719 2330 789 2365 plut.
809 2331 835 2364 6,

60 2373 144 2409 Cyrilli
165 2374 387 2402 anathematisrni
407 2374 465 2408 XII,
488 2375 526 2402 ita
541 2375 653 2410 quidem
673 2375 782 2410 digesti,
807 2380 838 2403 ut

60 2427 147 2448 eorum
166 2421 284 2456 quilibet
308 2420 459 2456 subiectam
482 2420 583 2448 habeat
594 2420 688 2457 Cyrilli
709 2422 839 2457 explana—

61 2465 165 2500 tionem.
181 2466 343 2495 Theodoriti
360 2457 613 2502 reprehensionem,
629 2474 661 2494 ac
673 2475 769 2494 rursus
784 2467 838 2504 Cy-

62 2511 111 2539 rilli
123 2512 321 2545 defensionem,
333 2520 381 2540 seu
391 2520 552 2548 responsum
563 2521 570 2545 ;
584 2512 723 2547 praemissa
734 2517 775 2540 est
785 2513 838 2549 Cy-

63 2556 110 2584 rilli
130 2558 210 2593 epist.
237 2558 271 2587 ad
291 2557 448 2593 Evoptium.
471 2573 506 2578 —-
524 2558 555 2586 In
581 2557 642 2585 cod.
670 2558 740 2590 XXI,
764 2567 790 2586 n.
810 2560 836 2591 8,

62 2602 123 2636 plut.
137 2603 180 2636 IV,
207 2603 301 2633 diﬁ‘ert
312 2608 404 2631 tamen
424 2603 459 2631 ab
477 2603 568 2630 editis.
591 2603 622 2631 V.
641 2603 755 2631 Bandin.
776 2603 835 2632 Cat.

62 2648 127 2674 codd.
144 2649 188 2676 Gr.
203 2649 332 2681 Laur.,1,
346 2656 406 2684 pag.
422 2648 473 2676 118
484 2653 513 2677 et
523 2648 584 2676 544.
724 2680 728 2684 λ

91 2693 171 2722 Paris.
193 2695 223 2723 in
243 2695 313 2724 bibl.
336 2695 412 2730 pubi.
431 2695 460 2722 in
474 2695 536 2722 cod.
551 2694 610 2723 Lat.
633 2694 770 2723 MCDLVII
790 2695 835 2731 (in

62 2744 108 2772 quo
122 2741 212 2769 multa;
225 2745 292 2768 sunt
306 2741 401 2776 Cyrilli
422 2740 545 2776 epistolae
558 2744 586 2768 et
600 2741 651 2768 alia
671 2742 802 2776 opuscula
815 2741 834 2776 ).

61 2791 86 2811 I.
95 2785 118 2817 8,
129 2791 154 2814 et
167 2787 193 2814 in
204 2787 268 2815 cod.
283 2787 343 2815 Lat.
355 2787 520 2818 IIMCXXIII.
537 2795 565 2814 n.
580 2787 603 2814 1.
616 2787 646 2814 V.
659 2786 746 2815 Cutal.
760 2787 834 2814 codd.

62 2828 113 2857 bibl.
125 2831 218 2864 Paris,
235 2833 281 2862 III.
291 2840 353 2868 pag.
370 2833 419 2860 117
434 2837 461 2860 et
472 2833 532 2861 210.

849 2261 875 2292 D

885 1639 974 1677 μένος.
990 1640 1145 1669 Encomium
1156 1642 1183 1670 in
1199 1641 1228 1670 S.
1242 1642 1358 1670 Mariam
1377 1643 1531 1680 Deiparam.
1546 1645 1624 1673 Tom.
1639 1647 1671 1679 V,

882 1691 960 1722 parte
983 1695 1012 1720 ιι,
1026 1694 1054 1722 p.
1071 1687 1198 1720 579-585,
1212 1688 1246 1716 ab
1257 1688 1378 1716 Auberto
1396 1690 1514 1725 primum
1531 1691 1671 1727 vulgatum

883 1740 960 1761 ems.
973 1733 1058 1768 regio.
1072 1732 1122 1769 [V.
1139 1733 1278 1766 Lambec.,
1295 1738 1360 1761 tom.
1379 1735 1447 1768 VIII,
1463 1743 1490 1771 p.
1509 1736 1593 1774 820.]

920 1778 980 1806 108.
1000 1779 1068 1815 Φέρε
1088 1779 1120 1814 δὴ
1144 1779 1236 1812 πάλιν,
1254 1781 1350 1815 καιροῦ
1375 1782 1590 1818 παραθήγοντος.
1614 1783 1670 1811 Ho-

875 1825 961 1854 “milia
974 1826 1110 1861 paschalis
1120 1834 1182 1854 xxv.
1198 1826 1275 1854 Tom.
1290 1826 1322 1860 V,
1333 1831 1411 1862 parte
1426 1836 1455 1861 ιι,
1467 1836 1494 1864 p.
1507 1829 1634 1857 290-502.

919 1870 980 1898 109.
1000 1870 1138 1906 Φοϐοῦμαι
1161 1871 1206 1898 τὸν
1227 1871 1341 1900 θάνατον
1365 1874 1405 1900 ὅτι
1420 1875 1517 1910 πικρός
1542 1875 1587 1911 μοί
1601 1877 1669 1903 ἐστι.

885 1915 1001 1943 IIomilia
1025 1916 1094 1952 Περὶ
1116 1917 1204 1949 ἐξόδου
1227 1917 1316 1952 ψυχῆς
1338 1922 1362 1945 et
1390 1919 1421 1946 de
1443 1920 1555 1948 secundo
1575 1920 1671 1949 Christi

885 1962 1008 1989 adventu.
1033 1962 1110 1990 Tom.
1127 1963 1158 1994 V,
1176 1967 1253 1998 parte
1274 1972 1304 1996 ιι,
1322 1972 1349 2000 p.
1374 1964 1504 1994 404-416,
1529 1967 1671 1995 Prodierat

884 2006 978 2036 Graece
988 2008 1076 2036 Paris.
1093 2008 1165 2043 apud
1178 2008 1349 2037 Wechelium
1361 2010 1439 2042 1558,
1451 2010 1537 2040 forma
1554 2013 1669 2047 minore,

885 2057 947 2078 cum
962 2051 1038 2079 horis
1057 2057 1086 2080 et
1098 2052 1207 2087 Iiturgia
1228 2053 1329 2086 Mariae,
1344 2058 1373 2081 ut
1389 2054 1527 2084 Gesnerus
1541 2058 1623 2085 etiam
1644 2059 1671 2086 in

885 2096 1046 2125 Bibliotheca
1065 2105 1114 2125 sua
1135 2098 1283 2126 adnotavit.
1300 2099 1394 2128 Exstat
1410 2104 1437 2128 et
1451 2101 1545 2130 Graece
1566 2105 1670 2132 editum

886 2144 920 2171 ad
936 2145 1038 2172 calcem
1054 2144 1224 2180 Ὠρολογιου
1249 2145 1406 2174 Graecorum
1429 2148 1527 2177 Venet.
1545 2150 1624 2182 1555,
1642 2152 1669 2184 8,

887 2189 973 2223 1555,
1006 2189 1086 2223 1611,
1111 2190 1153 2218 12.
1183 2191 1214 2218 In
1243 2191 1347 2220 Latinis
1375 2192 1471 2229 Cyrilli
1501 2195 1671 2224 editionibus

886 2239 974 2262 exstat
997 2242 1014 2262 e
1044 2236 1169 2264 versione
1203 2236 1355 2266 Sebastiani
1380 2238 1562 2274 Castellionis,
1588 2249 1669 2277 quam

887 2279 1023 2308 Aubertus
1053 2289 1161 2317 quoque
1190 2284 1318 2311 servavit.
1344 2284 1496 2313 Transtulit
1518 2291 1546 2314 et
1569 2287 1671 2323 Caspar

887 2325 1008 2354 Ursinus
1024 2327 1126 2355 Velius.
1143 2328 1223 2356 FABR.

920 2372 948 2400 S.
973 2373 1068 2409 Cyrilli
1093 2374 1125 2401 de
1154 2376 1250 2403 anima:
1275 2376 1399 2409 decessu,
1426 2377 1507 2413 deque
1535 2378 1592 2415 ejus
1616 2380 1670 2407 vita

886 2418 972 2446 altera
993 2427 1088 2452 sermo,
1110 2419 1141 2448 (Ζ.
1156 2420 1255 2448 Ursino
1267 2421 1345 2449 Velio
1362 2422 1522 2458 interprete.
1540 2424 1669 2460 Ejusdem

886 2463 976 2492 Ursini
987 2468 1077 2493 tomus
1095 2465 1206 2501 quidam
1222 2466 1360 2502 Evangelii
1378 2467 1482 2496 Lucani
1500 2469 1580 2504 (Luc.
1595 2478 1668 2503 xvm,

886 2510 948 2546 15.)
982 2511 1010 2538 in
1035 2520 1131 2540 versus
1159 2512 1208 2548 (52
1233 2513 1424 2551 hexametros)
1451 2515 1588 2548 redactus,
1615 2521 1670 2545 etc.

886 2557 996 2585 Viennae
1006 2558 1151 2586 Pannonia
1165 2559 1194 2586 in
1204 2559 1254 2586 ted.
1267 2559 1309 2587 Jo.
1323 2559 1460 2596 Singreni,
1473 2561 1550 2594 1521,
1565 2562 1630 2591 min.
1643 2564 1670 2591 4.

886 2603 917 2630 V.
934 2604 1016 2631 Denis
1033 2602 1128 2631 ννῐθηέ
1138 2603 1495 2639 Buchdrucker-Geschicltte,
1516 2615 1543 2642 p.
1559 2607 1610 2635 221
1629 2616 1669 2643 sq.

885 2653 914 2675 et
924 2649 1101 2677 Lambacheri
1118 2650 1185 2677 Bibl.
1199 2652 1282 2687 antiq.
1296 2652 1378 2684 cinia,
1399 2660 1426 2687 p.
1445 2651 1489 2680 99.
1501 2668 1536 2672 ——
1553 2653 1581 2680 In
1603 2653 1669 2682 bibl.

885 2695 988 2723 Rodiei.
1004 2695 1065 2723 cod.
1077 2696 1190 2724 Barocc.
1205 2696 1331 2724 CXLVII.
1345 2697 1430 2724 ΗΑιιι.

920 2741 979 2768 110.
1001 2741 1114 2777 Χαίρετε
1128 2743 1156 2768 ὲν
1171 2743 1265 2778 Κυρίῳ
1288 2743 1412 2775 πάντοτε,
1429 2743 1509 2770 πάλιν
1525 2743 1591 2778 ἐρῶ.
1608 2745 1668 2779 χαί-

886 2794 955 2819 ρετε.
983 2786 1080 2822 Τρέχει
1103 2786 1131 2814 δὲ
1156 2788 1202 2814 καὶ
1229 2788 1303 2822 ἡμῖν.
1327 2788 1444 2816 Homilia
1469 2789 1491 2816 Il
1520 2790 1667 2826 paschalis.

885 2831 962 2859 Tom.
980 2833 1010 2863 V.
1024 2838 1102 2868 parte
1113 2841 1141 2865 ιι,
1155 2841 1181 2869 p.
1197 2833 1290 2862 16-31.

92 2888 127 2923 (ιι)
146 2890 210 2919 Vide
234 2891 391 2919 Tillemont.
416 2897 482 2920 tom.
502 2891 570 2924 XIV,
596 2899 656 2926 pag.
683 2891 745 2925 558,
769 2891 830 2925 569,
851 2890 911 2920 572.
