  <div class='ocr_page' id='page_1' title='image "/cluster/home/n/w/nwhite01/storage/ocr_20150623/68/njp.32101077772711/056.png"; bbox 0 0 1929 3042; ppageno 0'>
   <div class='ocr_carea' id='block_1_1' title="bbox 690 143 1076 173">
    <p class='ocr_par' dir='ltr' id='par_1_1' title="bbox 690 143 1076 173">
     <span class='ocr_line' id='line_1_1' title="bbox 690 143 1076 173; baseline 0 0"><span class='ocrx_word' id='word_1_1' title='bbox 690 143 832 173; x_wconf 70' lang='lat' dir='ltr'><strong>NOTITIA</strong></span> <span class='ocrx_word' id='word_1_2' title='bbox 847 145 894 173; x_wconf 74' lang='lat' dir='ltr'><strong>EX</strong></span> <span class='ocrx_word' id='word_1_3' title='bbox 912 145 1076 173; x_wconf 77' lang='lat' dir='ltr'><strong>FABRICIO.</strong></span> 
     </span>
    </p>
   </div>
   <div class='ocr_carea' id='block_1_2' title="bbox 1668 138 1705 171">
    <p class='ocr_par' dir='ltr' id='par_1_2' title="bbox 1668 138 1705 171">
     <span class='ocr_line' id='line_1_2' title="bbox 1668 138 1705 171; baseline 0 0"><span class='ocrx_word' id='word_1_4' title='bbox 1668 138 1705 171; x_wconf 63' lang='lat' dir='ltr'><strong>ita</strong></span> 
     </span>
    </p>
   </div>
   <div class='ocr_carea' id='block_1_3' title="bbox 42 197 1703 244">
    <p class='ocr_par' dir='ltr' id='par_1_3' title="bbox 42 197 1703 244">
     <span class='ocr_line' id='line_1_3' title="bbox 42 197 1703 244; baseline 0.004 -22"><span class='ocrx_word' id='word_1_5' title='bbox 42 197 150 224; x_wconf 89' lang='lat' dir='ltr'><strong>rillum.</strong></span> <span class='ocrx_word' id='word_1_6' title='bbox 166 198 201 225; x_wconf 87' lang='lat' dir='ltr'><strong>In</strong></span> <span class='ocrx_word' id='word_1_7' title='bbox 225 204 312 234; x_wconf 80' lang='lat' dir='ltr'><strong>parte</strong></span> <span class='ocrx_word' id='word_1_8' title='bbox 327 209 334 227; x_wconf 92' lang='grc' dir='ltr'><strong>ι</strong></span> <span class='ocrx_word' id='word_1_9' title='bbox 350 200 480 244; x_wconf 78' lang='lat' dir='ltr'><strong>Actorum</strong></span> <span class='ocrx_word' id='word_1_10' title='bbox 496 200 606 229; x_wconf 76' lang='lat' dir='ltr'><strong>concilii</strong></span> <span class='ocrx_word' id='word_1_11' title='bbox 624 201 836 236; x_wconf 82' lang='lat' dir='ltr'><strong>Epllesiui,tom.</strong></span> <span class='ocrx_word' id='word_1_12' title='bbox 853 204 898 241; x_wconf 60' lang='grc' dir='ltr'><strong>[Α</strong></span> <span class='ocrx_word' id='word_1_13' title='bbox 916 208 989 231; x_wconf 83' lang='lat' dir='ltr'><strong>teros</strong></span> <span class='ocrx_word' id='word_1_14' title='bbox 1014 208 1042 231; x_wconf 81' lang='lat' dir='ltr'><strong>et</strong></span> <span class='ocrx_word' id='word_1_15' title='bbox 1066 199 1303 244; x_wconf 59' lang='lat' dir='ltr'><strong>archimandritas,</strong></span> <span class='ocrx_word' id='word_1_16' title='bbox 1322 210 1382 237; x_wconf 76' lang='lat' dir='ltr'><strong>pag.</strong></span> <span class='ocrx_word' id='word_1_17' title='bbox 1400 201 1462 229; x_wconf 76' lang='lat' dir='ltr'><strong>9H.</strong></span> <span class='ocrx_word' id='word_1_18' title='bbox 1490 201 1587 236; x_wconf 82' lang='lat' dir='ltr'><strong>Incipit</strong></span> <span class='ocrx_word' id='word_1_19' title='bbox 1601 200 1703 236; x_wconf 79' lang='lat' dir='ltr'><strong>:Egre-</strong></span> 
     </span>
    </p>
   </div>
   <div class='ocr_carea' id='block_1_4' title="bbox 42 239 861 283">
    <p class='ocr_par' dir='ltr' id='par_1_4' title="bbox 42 239 861 283">
     <span class='ocr_line' id='line_1_4' title="bbox 42 239 861 283; baseline 0.006 -12"><span class='ocrx_word' id='word_1_20' title='bbox 42 244 127 276; x_wconf 79' lang='lat' dir='ltr'><strong>Binii,</strong></span> <span class='ocrx_word' id='word_1_21' title='bbox 155 253 228 281; x_wconf 80' lang='lat' dir='ltr'><strong>pag.</strong></span> <span class='ocrx_word' id='word_1_22' title='bbox 264 247 326 274; x_wconf 78' lang='lat'><strong>162.</strong></span> <span class='ocrx_word' id='word_1_23' title='bbox 356 239 456 283; x_wconf 76' lang='lat' dir='ltr'><strong>Incipit</strong></span> <span class='ocrx_word' id='word_1_24' title='bbox 479 256 486 274; x_wconf 84' lang='lat'>:</span> <span class='ocrx_word' id='word_1_25' title='bbox 511 248 593 275; x_wconf 80' lang='grc' dir='ltr'>Μέλει</span> <span class='ocrx_word' id='word_1_26' title='bbox 617 249 742 276; x_wconf 80' lang='grc' dir='ltr'><strong>πλεῖστον</strong></span> <span class='ocrx_word' id='word_1_27' title='bbox 769 252 861 276; x_wconf 79' lang='grc' dir='ltr'><strong>θεοσε-</strong></span> 
     </span>
    </p>
   </div>
   <div class='ocr_carea' id='block_1_5' title="bbox 43 289 860 331">
    <p class='ocr_par' dir='ltr' id='par_1_5' title="bbox 43 289 860 331">
     <span class='ocr_line' id='line_1_5' title="bbox 43 289 860 331; baseline 0.001 -9"><span class='ocrx_word' id='word_1_28' title='bbox 43 291 120 322; x_wconf 73' lang='grc' dir='ltr'><strong>δείεις</strong></span> <span class='ocrx_word' id='word_1_29' title='bbox 131 292 239 326; x_wconf 81' lang='grc' dir='ltr'><strong>ἡμῶν.</strong></span> <span class='ocrx_word' id='word_1_30' title='bbox 256 293 358 329; x_wconf 82' lang='lat' dir='ltr'><strong>[Mans.</strong></span> <span class='ocrx_word' id='word_1_31' title='bbox 370 294 415 327; x_wconf 84' lang='lat' dir='ltr'><strong>tv,</strong></span> <span class='ocrx_word' id='word_1_32' title='bbox 430 302 491 330; x_wconf 80' lang='lat' dir='ltr'><strong>pag.</strong></span> <span class='ocrx_word' id='word_1_33' title='bbox 509 294 598 328; x_wconf 72' lang='lat'><strong>1109;</strong></span> <span class='ocrx_word' id='word_1_34' title='bbox 613 295 673 322; x_wconf 78' lang='lat' dir='ltr'><strong>Lat.</strong></span> <span class='ocrx_word' id='word_1_35' title='bbox 691 295 722 328; x_wconf 87' lang='lat' dir='ltr'><strong>v,</strong></span> <span class='ocrx_word' id='word_1_36' title='bbox 741 303 769 331; x_wconf 87' lang='lat' dir='ltr'><strong>p.</strong></span> <span class='ocrx_word' id='word_1_37' title='bbox 787 289 860 326; x_wconf 73' lang='lat'><strong>529.!</strong></span> 
     </span>
    </p>
   </div>
   <div class='ocr_carea' id='block_1_6' title="bbox 79 338 830 379">
    <p class='ocr_par' dir='ltr' id='par_1_6' title="bbox 79 338 830 379">
     <span class='ocr_line' id='line_1_6' title="bbox 79 338 830 379; baseline 0.003 -12"><span class='ocrx_word' id='word_1_38' title='bbox 79 338 142 368; x_wconf 73' lang='lat' dir='ltr'><strong>Alia</strong></span> <span class='ocrx_word' id='word_1_39' title='bbox 162 348 235 377; x_wconf 78' lang='lat' dir='ltr'><strong>pag.</strong></span> <span class='ocrx_word' id='word_1_40' title='bbox 253 342 317 370; x_wconf 62' lang='grc'><strong>164.</strong></span> <span class='ocrx_word' id='word_1_41' title='bbox 346 343 469 379; x_wconf 66' lang='grc' dir='ltr'><strong>ἢρτηται</strong></span> <span class='ocrx_word' id='word_1_42' title='bbox 486 342 536 377; x_wconf 80' lang='grc' dir='ltr'><strong>τῆς</strong></span> <span class='ocrx_word' id='word_1_43' title='bbox 548 343 587 374; x_wconf 78' lang='grc' dir='ltr'><strong>εἰς</strong></span> <span class='ocrx_word' id='word_1_44' title='bbox 601 343 668 370; x_wconf 82' lang='grc' dir='ltr'><strong>Θεὸν</strong></span> <span class='ocrx_word' id='word_1_45' title='bbox 681 343 830 375; x_wconf 74' lang='grc' dir='ltr'><strong>εὑσεόείςις.</strong></span> 
     </span>
    </p>
   </div>
   <div class='ocr_carea' id='block_1_7' title="bbox 45 408 860 462">
    <p class='ocr_par' dir='ltr' id='par_1_7' title="bbox 45 408 860 462">
     <span class='ocr_line' id='line_1_7' title="bbox 45 408 860 462; baseline 0.004 -11"><span class='ocrx_word' id='word_1_46' title='bbox 45 421 124 451; x_wconf 78' lang='lat' dir='ltr'><strong>nu.</strong></span> <span class='ocrx_word' id='word_1_47' title='bbox 142 421 297 462; x_wconf 28' lang='lat' dir='ltr'><strong>,Scn&#39;pta</strong></span> <span class='ocrx_word' id='word_1_48' title='bbox 327 421 441 460; x_wconf 81' lang='lat' dir='ltr'><strong>Cyrilli</strong></span> <span class='ocrx_word' id='word_1_49' title='bbox 474 408 570 462; x_wconf 80' lang='lat' dir='ltr'><strong>edita,</strong></span> <span class='ocrx_word' id='word_1_50' title='bbox 586 431 652 462; x_wconf 80' lang='lat' dir='ltr'><strong>qute</strong></span> <span class='ocrx_word' id='word_1_51' title='bbox 667 423 701 453; x_wconf 83' lang='lat' dir='ltr'><strong>in</strong></span> <span class='ocrx_word' id='word_1_52' title='bbox 723 423 860 454; x_wconf 76' lang='lat' dir='ltr'><strong>editione</strong></span> 
     </span>
    </p>
   </div>
   <div class='ocr_carea' id='block_1_8' title="bbox 134 461 770 493">
    <p class='ocr_par' dir='ltr' id='par_1_8' title="bbox 134 461 770 493">
     <span class='ocr_line' id='line_1_8' title="bbox 134 461 770 493; baseline 0.005 -3"><span class='ocrx_word' id='word_1_53' title='bbox 134 461 260 492; x_wconf 82' lang='lat' dir='ltr'><strong>Paris.</strong></span> <span class='ocrx_word' id='word_1_54' title='bbox 279 461 519 493; x_wconf 60' lang='lat' dir='ltr'><strong>Graeco-Latina</strong></span> <span class='ocrx_word' id='word_1_55' title='bbox 537 461 770 493; x_wconf 77' lang='lat' dir='ltr'><strong>desiderantur.</strong></span> 
     </span>
    </p>
   </div>
   <div class='ocr_carea' id='block_1_9' title="bbox 80 533 861 570">
    <p class='ocr_par' dir='ltr' id='par_1_9' title="bbox 80 533 861 570">
     <span class='ocr_line' id='line_1_9' title="bbox 80 533 861 570; baseline 0.004 -10"><span class='ocrx_word' id='word_1_56' title='bbox 80 533 145 560; x_wconf 75' lang='lat'><strong>152.</strong></span> <span class='ocrx_word' id='word_1_57' title='bbox 164 533 307 570; x_wconf 76' lang='lat' dir='ltr'><strong>Epistula</strong></span> <span class='ocrx_word' id='word_1_58' title='bbox 330 535 365 562; x_wconf 90' lang='lat' dir='ltr'><strong>ad</strong></span> <span class='ocrx_word' id='word_1_59' title='bbox 391 533 536 570; x_wconf 83' lang='lat' dir='ltr'><strong>Optimum,</strong></span> <span class='ocrx_word' id='word_1_60' title='bbox 569 533 721 563; x_wconf 76' lang='lat' dir='ltr'><strong>Antiochiae</strong></span> <span class='ocrx_word' id='word_1_61' title='bbox 751 534 861 563; x_wconf 68' lang='lat' dir='ltr'><strong>Pisidiae</strong></span> 
     </span>
    </p>
   </div>
   <div class='ocr_carea' id='block_1_10' title="bbox 43 579 860 616">
    <p class='ocr_par' dir='ltr' id='par_1_10' title="bbox 43 579 860 616">
     <span class='ocr_line' id='line_1_10' title="bbox 43 579 860 616; baseline 0.004 -10"><span class='ocrx_word' id='word_1_62' title='bbox 43 579 233 614; x_wconf 80' lang='lat' dir='ltr'><strong>episcopum,</strong></span> <span class='ocrx_word' id='word_1_63' title='bbox 250 588 312 615; x_wconf 65' lang='lat' dir='ltr'><strong>quae</strong></span> <span class='ocrx_word' id='word_1_64' title='bbox 334 581 451 615; x_wconf 90' lang='lat' dir='ltr'><strong>incipit:</strong></span> <span class='ocrx_word' id='word_1_65' title='bbox 467 581 522 608; x_wconf 78' lang='grc' dir='ltr'><strong>Καὶ</strong></span> <span class='ocrx_word' id='word_1_66' title='bbox 548 581 637 612; x_wconf 81' lang='grc' dir='ltr'><strong>ἄλλως</strong></span> <span class='ocrx_word' id='word_1_67' title='bbox 664 581 760 616; x_wconf 79' lang='grc' dir='ltr'><strong>ἡδέως.</strong></span> <span class='ocrx_word' id='word_1_68' title='bbox 792 582 860 610; x_wconf 88' lang='lat' dir='ltr'><strong>Vide</strong></span> 
     </span>
    </p>
   </div>
   <div class='ocr_carea' id='block_1_11' title="bbox 46 626 472 661">
    <p class='ocr_par' dir='ltr' id='par_1_11' title="bbox 46 626 472 661">
     <span class='ocr_line' id='line_1_11' title="bbox 46 626 472 661; baseline 0.002 -9"><span class='ocrx_word' id='word_1_69' title='bbox 46 634 133 661; x_wconf 83' lang='lat' dir='ltr'><strong>supra</strong></span> <span class='ocrx_word' id='word_1_70' title='bbox 154 626 188 653; x_wconf 88' lang='lat' dir='ltr'><strong>in</strong></span> <span class='ocrx_word' id='word_1_71' title='bbox 206 627 318 659; x_wconf 85' lang='lat' dir='ltr'><strong>Indice,</strong></span> <span class='ocrx_word' id='word_1_72' title='bbox 335 635 412 654; x_wconf 89' lang='lat' dir='ltr'><strong>num.</strong></span> <span class='ocrx_word' id='word_1_73' title='bbox 429 627 472 653; x_wconf 68' lang='grc' dir='ltr'><strong>Διί.</strong></span> 
     </span>
    </p>
   </div>
   <div class='ocr_carea' id='block_1_12' title="bbox 82 671 860 709">
    <p class='ocr_par' dir='ltr' id='par_1_12' title="bbox 82 671 860 709">
     <span class='ocr_line' id='line_1_12' title="bbox 82 671 860 709; baseline 0.004 -11"><span class='ocrx_word' id='word_1_74' title='bbox 82 671 149 698; x_wconf 81' lang='grc'><strong>155.</strong></span> <span class='ocrx_word' id='word_1_75' title='bbox 169 671 431 704; x_wconf 78' lang='lat' dir='ltr'><strong>Commonitorium,</strong></span> <span class='ocrx_word' id='word_1_76' title='bbox 444 672 593 700; x_wconf 89' lang='lat' dir='ltr'><strong>Posidonio</strong></span> <span class='ocrx_word' id='word_1_77' title='bbox 608 672 713 706; x_wconf 87' lang='lat' dir='ltr'><strong>datum,</strong></span> <span class='ocrx_word' id='word_1_78' title='bbox 727 673 800 709; x_wconf 83' lang='lat' dir='ltr'><strong>quod</strong></span> <span class='ocrx_word' id='word_1_79' title='bbox 816 674 860 701; x_wconf 84' lang='lat' dir='ltr'><strong>in-</strong></span> 
     </span>
    </p>
   </div>
   <div class='ocr_carea' id='block_1_13' title="bbox 46 716 858 752">
    <p class='ocr_par' dir='ltr' id='par_1_13' title="bbox 46 716 858 752">
     <span class='ocr_line' id='line_1_13' title="bbox 46 716 858 752; baseline 0.002 -9"><span class='ocrx_word' id='word_1_80' title='bbox 46 716 135 751; x_wconf 84' lang='lat' dir='ltr'><strong>cipit:</strong></span> <span class='ocrx_word' id='word_1_81' title='bbox 160 717 197 743; x_wconf 80' lang='grc' dir='ltr'><strong>Ἡ</strong></span> <span class='ocrx_word' id='word_1_82' title='bbox 229 717 381 752; x_wconf 69' lang='grc' dir='ltr'><strong>Νεστορίευ</strong></span> <span class='ocrx_word' id='word_1_83' title='bbox 398 718 507 749; x_wconf 77' lang='grc' dir='ltr'><strong>πίστις,</strong></span> <span class='ocrx_word' id='word_1_84' title='bbox 525 718 625 752; x_wconf 76' lang='grc' dir='ltr'>μᾶλλον</span> <span class='ocrx_word' id='word_1_85' title='bbox 649 718 678 745; x_wconf 67' lang='grc' dir='ltr'><strong>δὲ</strong></span> <span class='ocrx_word' id='word_1_86' title='bbox 705 719 858 752; x_wconf 77' lang='grc' dir='ltr'><strong>κακοδοξία,</strong></span> 
     </span>
    </p>
   </div>
   <div class='ocr_carea' id='block_1_14' title="bbox 46 762 481 799">
    <p class='ocr_par' dir='ltr' id='par_1_14' title="bbox 46 762 481 799">
     <span class='ocr_line' id='line_1_14' title="bbox 46 762 481 799; baseline 0.002 -11"><span class='ocrx_word' id='word_1_87' title='bbox 46 762 89 798; x_wconf 82' lang='grc' dir='ltr'><strong>[ν.</strong></span> <span class='ocrx_word' id='word_1_88' title='bbox 105 770 199 797; x_wconf 85' lang='lat' dir='ltr'><strong>supra</strong></span> <span class='ocrx_word' id='word_1_89' title='bbox 218 763 250 790; x_wconf 89' lang='lat' dir='ltr'><strong>in</strong></span> <span class='ocrx_word' id='word_1_90' title='bbox 267 763 370 795; x_wconf 84' lang='lat' dir='ltr'><strong>Indice,</strong></span> <span class='ocrx_word' id='word_1_91' title='bbox 383 771 410 789; x_wconf 94' lang='lat' dir='ltr'><strong>n.</strong></span> <span class='ocrx_word' id='word_1_92' title='bbox 424 763 481 799; x_wconf 78' lang='lat'><strong>39.]</strong></span> 
     </span>
    </p>
   </div>
   <div class='ocr_carea' id='block_1_15' title="bbox 82 809 859 847">
    <p class='ocr_par' dir='ltr' id='par_1_15' title="bbox 82 809 859 847">
     <span class='ocr_line' id='line_1_15' title="bbox 82 809 859 847; baseline 0.004 -11"><span class='ocrx_word' id='word_1_93' title='bbox 82 809 147 836; x_wconf 71' lang='grc'><strong>154.</strong></span> <span class='ocrx_word' id='word_1_94' title='bbox 184 809 320 842; x_wconf 82' lang='lat' dir='ltr'><strong>Libellus,</strong></span> <span class='ocrx_word' id='word_1_95' title='bbox 340 817 357 837; x_wconf 81' lang='lat' dir='ltr'><strong>a</strong></span> <span class='ocrx_word' id='word_1_96' title='bbox 378 809 483 845; x_wconf 77' lang='lat' dir='ltr'><strong>Cyrillo</strong></span> <span class='ocrx_word' id='word_1_97' title='bbox 510 814 538 837; x_wconf 88' lang='lat' dir='ltr'><strong>et</strong></span> <span class='ocrx_word' id='word_1_98' title='bbox 569 810 724 843; x_wconf 78' lang='lat' dir='ltr'><strong>Memnone,</strong></span> <span class='ocrx_word' id='word_1_99' title='bbox 758 811 859 847; x_wconf 78' lang='lat' dir='ltr'><strong>Ephesi</strong></span> 
     </span>
    </p>
   </div>
   <div class='ocr_carea' id='block_1_16' title="bbox 47 855 883 891">
    <p class='ocr_par' dir='ltr' id='par_1_16' title="bbox 47 855 883 891">
     <span class='ocr_line' id='line_1_16' title="bbox 47 855 883 891; baseline 0.005 -10"><span class='ocrx_word' id='word_1_100' title='bbox 47 855 149 889; x_wconf 84' lang='lat' dir='ltr'><strong>episc.,</strong></span> <span class='ocrx_word' id='word_1_101' title='bbox 172 855 293 884; x_wconf 85' lang='lat' dir='ltr'><strong>oblatus</strong></span> <span class='ocrx_word' id='word_1_102' title='bbox 312 855 433 884; x_wconf 88' lang='lat' dir='ltr'><strong>concilio</strong></span> <span class='ocrx_word' id='word_1_103' title='bbox 448 856 596 891; x_wconf 86' lang='lat' dir='ltr'><strong>Ephesino.</strong></span> <span class='ocrx_word' id='word_1_104' title='bbox 621 857 689 885; x_wconf 73' lang='lat' dir='ltr'><strong>Vide</strong></span> <span class='ocrx_word' id='word_1_105' title='bbox 714 857 742 885; x_wconf 89' lang='lat' dir='ltr'><strong>in</strong></span> <span class='ocrx_word' id='word_1_106' title='bbox 761 858 859 885; x_wconf 89' lang='lat' dir='ltr'><strong>eodem</strong></span> <span class='ocrx_word' id='word_1_107' title='bbox 877 879 883 891; x_wconf 56' lang='grc' dir='ltr'><strong>ε</strong></span> 
     </span>
    </p>
   </div>
   <div class='ocr_carea' id='block_1_17' title="bbox 48 899 594 937">
    <p class='ocr_par' dir='ltr' id='par_1_17' title="bbox 48 899 594 937">
     <span class='ocr_line' id='line_1_17' title="bbox 48 899 594 937; baseline 0.002 -10"><span class='ocrx_word' id='word_1_108' title='bbox 48 899 143 928; x_wconf 85' lang='lat' dir='ltr'><strong>Indice</strong></span> <span class='ocrx_word' id='word_1_109' title='bbox 161 909 168 926; x_wconf 87' lang='lat'><strong>:</strong></span> <span class='ocrx_word' id='word_1_110' title='bbox 190 900 317 932; x_wconf 74' lang='grc' dir='ltr'><strong>Εὑσεὸὲς</strong></span> <span class='ocrx_word' id='word_1_111' title='bbox 329 900 466 935; x_wconf 70' lang='grc' dir='ltr'><strong>θέσπισμα.</strong></span> <span class='ocrx_word' id='word_1_112' title='bbox 478 902 506 927; x_wconf 73' lang='grc' dir='ltr'><strong>ἐν</strong></span> <span class='ocrx_word' id='word_1_113' title='bbox 521 901 594 937; x_wconf 78' lang='grc' dir='ltr'><strong>τῇδε.</strong></span> 
     </span>
    </p>
   </div>
   <div class='ocr_carea' id='block_1_18' title="bbox 86 945 858 982">
    <p class='ocr_par' dir='ltr' id='par_1_18' title="bbox 86 945 858 982">
     <span class='ocr_line' id='line_1_18' title="bbox 86 945 858 982; baseline 0.003 -10"><span class='ocrx_word' id='word_1_114' title='bbox 86 945 150 972; x_wconf 78' lang='grc'><strong>155.</strong></span> <span class='ocrx_word' id='word_1_115' title='bbox 170 945 371 981; x_wconf 83' lang='lat' dir='ltr'><strong>Fragmentum</strong></span> <span class='ocrx_word' id='word_1_116' title='bbox 397 946 522 979; x_wconf 72' lang='lat' dir='ltr'><strong>homiliaz,</strong></span> <span class='ocrx_word' id='word_1_117' title='bbox 555 947 629 982; x_wconf 86' lang='lat' dir='ltr'><strong>quod</strong></span> <span class='ocrx_word' id='word_1_118' title='bbox 650 947 745 982; x_wconf 89' lang='lat' dir='ltr'><strong>incipit</strong></span> <span class='ocrx_word' id='word_1_119' title='bbox 762 947 858 975; x_wconf 81' lang='lat' dir='ltr'><strong>:Dives</strong></span> 
     </span>
    </p>
   </div>
   <div class='ocr_carea' id='block_1_19' title="bbox 50 992 859 1029">
    <p class='ocr_par' dir='ltr' id='par_1_19' title="bbox 50 992 859 1029">
     <span class='ocr_line' id='line_1_19' title="bbox 50 992 859 1029; baseline 0.005 -12"><span class='ocrx_word' id='word_1_120' title='bbox 50 996 86 1018; x_wconf 76' lang='lat' dir='ltr'><strong>est</strong></span> <span class='ocrx_word' id='word_1_121' title='bbox 106 992 191 1018; x_wconf 80' lang='lat' dir='ltr'><strong>hodie</strong></span> <span class='ocrx_word' id='word_1_122' title='bbox 206 992 342 1019; x_wconf 81' lang='lat' dir='ltr'><strong>Dominus</strong></span> <span class='ocrx_word' id='word_1_123' title='bbox 356 996 453 1024; x_wconf 77' lang='lat' dir='ltr'><strong>noster,</strong></span> <span class='ocrx_word' id='word_1_124' title='bbox 475 992 502 1019; x_wconf 92' lang='lat' dir='ltr'><strong>in</strong></span> <span class='ocrx_word' id='word_1_125' title='bbox 517 996 593 1027; x_wconf 80' lang='lat' dir='ltr'><strong>parte</strong></span> <span class='ocrx_word' id='word_1_126' title='bbox 609 1001 637 1020; x_wconf 87' lang='grc' dir='ltr'><strong>ιιι</strong></span> <span class='ocrx_word' id='word_1_127' title='bbox 655 993 747 1021; x_wconf 77' lang='lat' dir='ltr'><strong>Actor.</strong></span> <span class='ocrx_word' id='word_1_128' title='bbox 762 994 859 1029; x_wconf 87' lang='lat' dir='ltr'><strong>synodi</strong></span> 
     </span>
    </p>
   </div>
   <div class='ocr_carea' id='block_1_20' title="bbox 53 1037 857 1073">
    <p class='ocr_par' dir='ltr' id='par_1_20' title="bbox 53 1037 857 1073">
     <span class='ocr_line' id='line_1_20' title="bbox 53 1037 857 1073; baseline 0.001 -8"><span class='ocrx_word' id='word_1_129' title='bbox 53 1037 216 1072; x_wconf 63' lang='lat' dir='ltr'><strong>Ephesium,</strong></span> <span class='ocrx_word' id='word_1_130' title='bbox 234 1038 325 1065; x_wconf 85' lang='lat' dir='ltr'><strong>tom.I</strong></span> <span class='ocrx_word' id='word_1_131' title='bbox 344 1037 427 1070; x_wconf 87' lang='lat' dir='ltr'><strong>Binii,</strong></span> <span class='ocrx_word' id='word_1_132' title='bbox 444 1046 471 1072; x_wconf 92' lang='lat' dir='ltr'><strong>p.</strong></span> <span class='ocrx_word' id='word_1_133' title='bbox 483 1038 546 1064; x_wconf 82' lang='grc'><strong>581.</strong></span> <span class='ocrx_word' id='word_1_134' title='bbox 564 1038 656 1070; x_wconf 84' lang='lat' dir='ltr'><strong>Aliud,</strong></span> <span class='ocrx_word' id='word_1_135' title='bbox 671 1046 698 1073; x_wconf 91' lang='lat' dir='ltr'><strong>p.</strong></span> <span class='ocrx_word' id='word_1_136' title='bbox 720 1038 782 1066; x_wconf 61' lang='grc' dir='ltr'><strong>Εὖ.</strong></span> <span class='ocrx_word' id='word_1_137' title='bbox 794 1038 857 1071; x_wconf 86' lang='lat' dir='ltr'><strong>Eos,</strong></span> 
     </span>
    </p>
   </div>
   <div class='ocr_carea' id='block_1_21' title="bbox 53 1083 469 1118">
    <p class='ocr_par' dir='ltr' id='par_1_21' title="bbox 53 1083 469 1118">
     <span class='ocr_line' id='line_1_21' title="bbox 53 1083 469 1118; baseline -0.002 -9"><span class='ocrx_word' id='word_1_138' title='bbox 53 1085 96 1118; x_wconf 82' lang='lat' dir='ltr'><strong>qui</strong></span> <span class='ocrx_word' id='word_1_139' title='bbox 110 1084 219 1118; x_wconf 79' lang='lat' dir='ltr'><strong>pietate</strong></span> <span class='ocrx_word' id='word_1_140' title='bbox 239 1083 313 1118; x_wconf 80' lang='lat' dir='ltr'><strong>firmi</strong></span> <span class='ocrx_word' id='word_1_141' title='bbox 328 1087 402 1116; x_wconf 81' lang='lat' dir='ltr'><strong>sunt,</strong></span> <span class='ocrx_word' id='word_1_142' title='bbox 415 1087 469 1111; x_wconf 89' lang='lat' dir='ltr'><strong>etc.</strong></span> 
     </span>
    </p>
   </div>
   <div class='ocr_carea' id='block_1_22' title="bbox 92 1129 858 1166">
    <p class='ocr_par' dir='ltr' id='par_1_22' title="bbox 92 1129 858 1166">
     <span class='ocr_line' id='line_1_22' title="bbox 92 1129 858 1166; baseline 0.001 -11"><span class='ocrx_word' id='word_1_143' title='bbox 92 1129 154 1157; x_wconf 79' lang='grc'><strong>156.</strong></span> <span class='ocrx_word' id='word_1_144' title='bbox 186 1129 314 1165; x_wconf 78' lang='lat' dir='ltr'><strong>Epistula</strong></span> <span class='ocrx_word' id='word_1_145' title='bbox 341 1130 376 1157; x_wconf 88' lang='lat' dir='ltr'><strong>ad</strong></span> <span class='ocrx_word' id='word_1_146' title='bbox 401 1129 510 1156; x_wconf 89' lang='lat' dir='ltr'><strong>clericos</strong></span> <span class='ocrx_word' id='word_1_147' title='bbox 538 1129 858 1166; x_wconf 80' lang='lat' dir='ltr'><strong>Gonstantinopolitanos,</strong></span> 
     </span>
    </p>
   </div>
   <div class='ocr_carea' id='block_1_23' title="bbox 55 1175 859 1212">
    <p class='ocr_par' dir='ltr' id='par_1_23' title="bbox 55 1175 859 1212">
     <span class='ocr_line' id='line_1_23' title="bbox 55 1175 859 1212; baseline 0.002 -10"><span class='ocrx_word' id='word_1_148' title='bbox 55 1176 165 1210; x_wconf 71' lang='lat' dir='ltr'><strong>plenior</strong></span> <span class='ocrx_word' id='word_1_149' title='bbox 190 1185 228 1204; x_wconf 73' lang='lat' dir='ltr'><strong>ex</strong></span> <span class='ocrx_word' id='word_1_150' title='bbox 258 1176 336 1204; x_wconf 75' lang='lat' dir='ltr'><strong>Marii</strong></span> <span class='ocrx_word' id='word_1_151' title='bbox 362 1175 520 1203; x_wconf 81' lang='lat' dir='ltr'><strong>Mercatoris</strong></span> <span class='ocrx_word' id='word_1_152' title='bbox 544 1176 678 1203; x_wconf 85' lang='lat' dir='ltr'><strong>versione.</strong></span> <span class='ocrx_word' id='word_1_153' title='bbox 693 1176 762 1204; x_wconf 73' lang='lat' dir='ltr'><strong>Vide</strong></span> <span class='ocrx_word' id='word_1_154' title='bbox 776 1183 859 1212; x_wconf 81' lang='lat' dir='ltr'><strong>supra</strong></span> 
     </span>
    </p>
   </div>
   <div class='ocr_carea' id='block_1_24' title="bbox 58 1222 645 1258">
    <p class='ocr_par' dir='ltr' id='par_1_24' title="bbox 58 1222 645 1258">
     <span class='ocr_line' id='line_1_24' title="bbox 58 1222 645 1258; baseline -0.002 -9"><span class='ocrx_word' id='word_1_155' title='bbox 58 1223 84 1249; x_wconf 88' lang='lat' dir='ltr'><strong>in</strong></span> <span class='ocrx_word' id='word_1_156' title='bbox 94 1222 192 1251; x_wconf 83' lang='lat' dir='ltr'><strong>Indice</strong></span> <span class='ocrx_word' id='word_1_157' title='bbox 211 1232 218 1250; x_wconf 93' lang='lat'>:</span> <span class='ocrx_word' id='word_1_158' title='bbox 241 1224 374 1257; x_wconf 74' lang='grc' dir='ltr'><strong>’Ᾱνέγνων</strong></span> <span class='ocrx_word' id='word_1_159' title='bbox 388 1223 417 1249; x_wconf 62' lang='lat' dir='ltr'><strong>cs</strong></span> <span class='ocrx_word' id='word_1_160' title='bbox 432 1223 645 1258; x_wconf 58' lang='grc' dir='ltr'><strong>ὑπσμιιηᾳτικόν.</strong></span> 
     </span>
    </p>
   </div>
   <div class='ocr_carea' id='block_1_25' title="bbox 93 1267 859 1300">
    <p class='ocr_par' dir='ltr' id='par_1_25' title="bbox 93 1267 859 1300">
     <span class='ocr_line' id='line_1_25' title="bbox 93 1267 859 1300; baseline 0.001 -6"><span class='ocrx_word' id='word_1_161' title='bbox 93 1268 155 1294; x_wconf 82' lang='grc'><strong>157.</strong></span> <span class='ocrx_word' id='word_1_162' title='bbox 175 1267 306 1295; x_wconf 76' lang='lat' dir='ltr'><strong>Collectio</strong></span> <span class='ocrx_word' id='word_1_163' title='bbox 320 1268 425 1295; x_wconf 83' lang='lat' dir='ltr'><strong>uberior</strong></span> <span class='ocrx_word' id='word_1_164' title='bbox 439 1268 568 1295; x_wconf 71' lang='lat' dir='ltr'><strong>dit-torum</strong></span> <span class='ocrx_word' id='word_1_165' title='bbox 580 1267 705 1300; x_wconf 80' lang='lat' dir='ltr'><strong>Nestorii,</strong></span> <span class='ocrx_word' id='word_1_166' title='bbox 719 1276 751 1295; x_wconf 83' lang='lat' dir='ltr'><strong>cx</strong></span> <span class='ocrx_word' id='word_1_167' title='bbox 763 1268 859 1296; x_wconf 74' lang='lat' dir='ltr'><strong>Latina</strong></span> 
     </span>
    </p>
   </div>
   <div class='ocr_carea' id='block_1_26' title="bbox 59 1313 857 1347">
    <p class='ocr_par' dir='ltr' id='par_1_26' title="bbox 59 1313 857 1347">
     <span class='ocr_line' id='line_1_26' title="bbox 59 1313 857 1347; baseline 0.001 -6"><span class='ocrx_word' id='word_1_168' title='bbox 59 1313 137 1341; x_wconf 67' lang='lat' dir='ltr'><strong>Marii</strong></span> <span class='ocrx_word' id='word_1_169' title='bbox 163 1314 331 1342; x_wconf 81' lang='lat' dir='ltr'><strong>Mercatoris</strong></span> <span class='ocrx_word' id='word_1_170' title='bbox 355 1314 500 1347; x_wconf 86' lang='lat' dir='ltr'><strong>versione,</strong></span> <span class='ocrx_word' id='word_1_171' title='bbox 520 1319 586 1342; x_wconf 89' lang='lat' dir='ltr'><strong>tom.</strong></span> <span class='ocrx_word' id='word_1_172' title='bbox 617 1315 645 1342; x_wconf 92' lang='lat' dir='ltr'><strong>lI‘</strong></span> <span class='ocrx_word' id='word_1_173' title='bbox 659 1314 725 1342; x_wconf 84' lang='lat' dir='ltr'><strong>edit.</strong></span> <span class='ocrx_word' id='word_1_174' title='bbox 751 1315 857 1343; x_wconf 87' lang='lat' dir='ltr'><strong>Game-</strong></span> 
     </span>
    </p>
   </div>
   <div class='ocr_carea' id='block_1_27' title="bbox 60 1359 578 1395">
    <p class='ocr_par' dir='ltr' id='par_1_27' title="bbox 60 1359 578 1395">
     <span class='ocr_line' id='line_1_27' title="bbox 60 1359 578 1395; baseline 0.002 -9"><span class='ocrx_word' id='word_1_175' title='bbox 60 1360 154 1392; x_wconf 64' lang='lat' dir='ltr'><strong>rianm,</strong></span> <span class='ocrx_word' id='word_1_176' title='bbox 174 1368 203 1395; x_wconf 88' lang='lat' dir='ltr'><strong>p.</strong></span> <span class='ocrx_word' id='word_1_177' title='bbox 228 1359 360 1387; x_wconf 78' lang='lat'><strong>103-106.</strong></span> <span class='ocrx_word' id='word_1_178' title='bbox 576 1390 578 1392; x_wconf 94' lang='lat'><em>_</em></span> 
     </span>
    </p>
   </div>
   <div class='ocr_carea' id='block_1_28' title="bbox 97 1405 859 1442">
    <p class='ocr_par' dir='ltr' id='par_1_28' title="bbox 97 1405 859 1442">
     <span class='ocr_line' id='line_1_28' title="bbox 97 1405 859 1442; baseline 0.003 -10"><span class='ocrx_word' id='word_1_179' title='bbox 97 1405 158 1432; x_wconf 80' lang='grc'><strong>158.</strong></span> <span class='ocrx_word' id='word_1_180' title='bbox 171 1406 266 1434; x_wconf 89' lang='lat' dir='ltr'><strong>Locus</strong></span> <span class='ocrx_word' id='word_1_181' title='bbox 282 1406 411 1442; x_wconf 79' lang='lat' dir='ltr'><strong>insignis,</strong></span> <span class='ocrx_word' id='word_1_182' title='bbox 427 1413 483 1441; x_wconf 81' lang='lat' dir='ltr'><strong>quo</strong></span> <span class='ocrx_word' id='word_1_183' title='bbox 502 1406 602 1433; x_wconf 76' lang='lat' dir='ltr'><strong>scholia</strong></span> <span class='ocrx_word' id='word_1_184' title='bbox 625 1405 721 1442; x_wconf 83' lang='lat' dir='ltr'><strong>Cyrilli</strong></span> <span class='ocrx_word' id='word_1_185' title='bbox 741 1406 775 1434; x_wconf 88' lang='lat' dir='ltr'><strong>de</strong></span> <span class='ocrx_word' id='word_1_186' title='bbox 792 1407 859 1435; x_wconf 93' lang='lat' dir='ltr'><strong>Uui-</strong></span> 
     </span>
    </p>
   </div>
   <div class='ocr_carea' id='block_1_29' title="bbox 61 1450 858 1486">
    <p class='ocr_par' dir='ltr' id='par_1_29' title="bbox 61 1450 858 1486">
     <span class='ocr_line' id='line_1_29' title="bbox 61 1450 858 1486; baseline 0.003 -8"><span class='ocrx_word' id='word_1_187' title='bbox 61 1451 153 1486; x_wconf 77' lang='lat' dir='ltr'><strong>genito</strong></span> <span class='ocrx_word' id='word_1_188' title='bbox 169 1452 297 1479; x_wconf 83' lang='lat' dir='ltr'><strong>auctiora</strong></span> <span class='ocrx_word' id='word_1_189' title='bbox 311 1460 344 1479; x_wconf 85' lang='lat' dir='ltr'><strong>ex</strong></span> <span class='ocrx_word' id='word_1_190' title='bbox 359 1460 410 1480; x_wconf 90' lang='lat' dir='ltr'><strong>ms.</strong></span> <span class='ocrx_word' id='word_1_191' title='bbox 425 1450 502 1480; x_wconf 85' lang='lat' dir='ltr'><strong>dedit</strong></span> <span class='ocrx_word' id='word_1_192' title='bbox 521 1452 594 1479; x_wconf 88' lang='lat' dir='ltr'><strong>idem</strong></span> <span class='ocrx_word' id='word_1_193' title='bbox 612 1453 733 1480; x_wconf 78' lang='lat' dir='ltr'><strong>Joannes</strong></span> <span class='ocrx_word' id='word_1_194' title='bbox 754 1452 858 1480; x_wconf 84' lang='lat' dir='ltr'><strong>Game-</strong></span> 
     </span>
    </p>
   </div>
   <div class='ocr_carea' id='block_1_30' title="bbox 63 1499 857 1535">
    <p class='ocr_par' dir='ltr' id='par_1_30' title="bbox 63 1499 857 1535">
     <span class='ocr_line' id='line_1_30' title="bbox 63 1499 857 1535; baseline 0.001 -10"><span class='ocrx_word' id='word_1_195' title='bbox 63 1499 128 1526; x_wconf 81' lang='lat' dir='ltr'><strong>rius.</strong></span> <span class='ocrx_word' id='word_1_196' title='bbox 149 1499 222 1527; x_wconf 70' lang='lat' dir='ltr'><strong>Vide</strong></span> <span class='ocrx_word' id='word_1_197' title='bbox 247 1507 342 1535; x_wconf 84' lang='lat' dir='ltr'><strong>supra,</strong></span> <span class='ocrx_word' id='word_1_198' title='bbox 361 1507 437 1526; x_wconf 94' lang='lat' dir='ltr'><strong>num.</strong></span> <span class='ocrx_word' id='word_1_199' title='bbox 463 1499 489 1531; x_wconf 90' lang='lat'><strong>8,</strong></span> <span class='ocrx_word' id='word_1_200' title='bbox 510 1499 537 1526; x_wconf 92' lang='lat' dir='ltr'><strong>iu</strong></span> <span class='ocrx_word' id='word_1_201' title='bbox 557 1499 716 1527; x_wconf 82' lang='lat' dir='ltr'><strong>recensione</strong></span> <span class='ocrx_word' id='word_1_202' title='bbox 744 1506 857 1534; x_wconf 88' lang='lat' dir='ltr'><strong>operum</strong></span> 
     </span>
    </p>
   </div>
   <div class='ocr_carea' id='block_1_31' title="bbox 63 1544 549 1578">
    <p class='ocr_par' dir='ltr' id='par_1_31' title="bbox 63 1544 549 1578">
     <span class='ocr_line' id='line_1_31' title="bbox 63 1544 549 1578; baseline -0.002 -7"><span class='ocrx_word' id='word_1_203' title='bbox 63 1552 121 1578; x_wconf 72' lang='lat' dir='ltr'><strong>qua:</strong></span> <span class='ocrx_word' id='word_1_204' title='bbox 141 1549 237 1572; x_wconf 83' lang='lat' dir='ltr'><strong>tomus</strong></span> <span class='ocrx_word' id='word_1_205' title='bbox 252 1545 275 1572; x_wconf 68' lang='grc' dir='ltr'><strong>ν</strong></span> <span class='ocrx_word' id='word_1_206' title='bbox 285 1545 401 1572; x_wconf 79' lang='lat' dir='ltr'><strong>Auberti</strong></span> <span class='ocrx_word' id='word_1_207' title='bbox 417 1544 549 1572; x_wconf 77' lang='lat' dir='ltr'><strong>continet.</strong></span> 
     </span>
    </p>
   </div>
   <div class='ocr_carea' id='block_1_32' title="bbox 95 1588 857 1625">
    <p class='ocr_par' dir='ltr' id='par_1_32' title="bbox 95 1588 857 1625">
     <span class='ocr_line' id='line_1_32' title="bbox 95 1588 857 1625; baseline 0.003 -10"><span class='ocrx_word' id='word_1_208' title='bbox 95 1588 144 1615; x_wconf 82' lang='lat'><strong>159</strong></span> <span class='ocrx_word' id='word_1_209' title='bbox 154 1609 161 1614; x_wconf 96' lang='lat'><strong>.</strong></span> <span class='ocrx_word' id='word_1_210' title='bbox 183 1588 308 1624; x_wconf 73' lang='lat' dir='ltr'><strong>Epistula</strong></span> <span class='ocrx_word' id='word_1_211' title='bbox 321 1589 356 1615; x_wconf 83' lang='lat' dir='ltr'><strong>ad</strong></span> <span class='ocrx_word' id='word_1_212' title='bbox 371 1588 496 1616; x_wconf 77' lang='lat' dir='ltr'><strong>Acacium</strong></span> <span class='ocrx_word' id='word_1_213' title='bbox 510 1588 709 1616; x_wconf 83' lang='lat' dir='ltr'><strong>Berrhoensem.</strong></span> <span class='ocrx_word' id='word_1_214' title='bbox 727 1589 755 1616; x_wconf 91' lang='lat' dir='ltr'><strong>In</strong></span> <span class='ocrx_word' id='word_1_215' title='bbox 771 1589 857 1625; x_wconf 82' lang='lat' dir='ltr'><strong>Syno-</strong></span> 
     </span>
    </p>
   </div>
   <div class='ocr_carea' id='block_1_33' title="bbox 65 1633 855 1671">
    <p class='ocr_par' dir='ltr' id='par_1_33' title="bbox 65 1633 855 1671">
     <span class='ocr_line' id='line_1_33' title="bbox 65 1633 855 1671; baseline 0.004 -11"><span class='ocrx_word' id='word_1_216' title='bbox 65 1633 122 1661; x_wconf 88' lang='lat' dir='ltr'><strong>dico</strong></span> <span class='ocrx_word' id='word_1_217' title='bbox 137 1634 272 1662; x_wconf 80' lang='lat' dir='ltr'><strong>adversus</strong></span> <span class='ocrx_word' id='word_1_218' title='bbox 285 1634 445 1670; x_wconf 73' lang='lat' dir='ltr'><strong>tragoediam</strong></span> <span class='ocrx_word' id='word_1_219' title='bbox 460 1634 567 1667; x_wconf 72' lang='lat' dir='ltr'><strong>Irensei,</strong></span> <span class='ocrx_word' id='word_1_220' title='bbox 583 1642 606 1662; x_wconf 92' lang='lat' dir='ltr'><strong>c.</strong></span> <span class='ocrx_word' id='word_1_221' title='bbox 627 1635 670 1667; x_wconf 82' lang='lat'><strong>56,</strong></span> <span class='ocrx_word' id='word_1_222' title='bbox 690 1643 718 1670; x_wconf 93' lang='lat' dir='ltr'><strong>p.</strong></span> <span class='ocrx_word' id='word_1_223' title='bbox 734 1635 782 1662; x_wconf 87' lang='grc'><strong>851</strong></span> <span class='ocrx_word' id='word_1_224' title='bbox 802 1643 855 1671; x_wconf 88' lang='lat' dir='ltr'><strong>sq.,</strong></span> 
     </span>
    </p>
   </div>
   <div class='ocr_carea' id='block_1_34' title="bbox 63 1679 855 1717">
    <p class='ocr_par' dir='ltr' id='par_1_34' title="bbox 63 1679 855 1717">
     <span class='ocr_line' id='line_1_34' title="bbox 63 1679 855 1717; baseline 0.004 -11"><span class='ocrx_word' id='word_1_225' title='bbox 63 1679 132 1715; x_wconf 80' lang='lat' dir='ltr'><strong>apud</strong></span> <span class='ocrx_word' id='word_1_226' title='bbox 145 1680 291 1708; x_wconf 83' lang='lat' dir='ltr'><strong>Baluzium</strong></span> <span class='ocrx_word' id='word_1_227' title='bbox 304 1679 413 1708; x_wconf 80' lang='lat' dir='ltr'><strong>Collect.</strong></span> <span class='ocrx_word' id='word_1_228' title='bbox 429 1688 502 1708; x_wconf 75' lang='lat' dir='ltr'><strong>name</strong></span> <span class='ocrx_word' id='word_1_229' title='bbox 512 1681 659 1714; x_wconf 58' lang='lat' dir='ltr'><strong>conciliem,</strong></span> <span class='ocrx_word' id='word_1_230' title='bbox 672 1689 699 1717; x_wconf 90' lang='lat' dir='ltr'><strong>p.</strong></span> <span class='ocrx_word' id='word_1_231' title='bbox 716 1681 855 1715; x_wconf 76' lang='lat'><strong>758-762;</strong></span> 
     </span>
    </p>
   </div>
   <div class='ocr_carea' id='block_1_35' title="bbox 66 1726 855 1762">
    <p class='ocr_par' dir='ltr' id='par_1_35' title="bbox 66 1726 855 1762">
     <span class='ocr_line' id='line_1_35' title="bbox 66 1726 855 1762; baseline 0.004 -9"><span class='ocrx_word' id='word_1_232' title='bbox 66 1726 168 1754; x_wconf 82' lang='lat' dir='ltr'><strong>Latine.</strong></span> <span class='ocrx_word' id='word_1_233' title='bbox 184 1726 284 1762; x_wconf 82' lang='lat' dir='ltr'><strong>Incipit</strong></span> <span class='ocrx_word' id='word_1_234' title='bbox 296 1735 303 1754; x_wconf 87' lang='lat'><strong><em>:</em></strong></span> <span class='ocrx_word' id='word_1_235' title='bbox 315 1726 456 1753; x_wconf 79' lang='lat' dir='ltr'><strong>Decentem</strong></span> <span class='ocrx_word' id='word_1_236' title='bbox 472 1734 500 1753; x_wconf 81' lang='lat' dir='ltr'><strong>se</strong></span> <span class='ocrx_word' id='word_1_237' title='bbox 515 1727 595 1754; x_wconf 87' lang='lat' dir='ltr'><strong>etiam</strong></span> <span class='ocrx_word' id='word_1_238' title='bbox 616 1735 685 1754; x_wconf 88' lang='lat' dir='ltr'><strong>nunc</strong></span> <span class='ocrx_word' id='word_1_239' title='bbox 703 1736 795 1756; x_wconf 85' lang='lat' dir='ltr'><strong>curam</strong></span> <span class='ocrx_word' id='word_1_240' title='bbox 813 1729 855 1755; x_wconf 83' lang='lat' dir='ltr'><strong>iu-</strong></span> 
     </span>
    </p>
   </div>
   <div class='ocr_carea' id='block_1_36' title="bbox 64 1773 855 1808">
    <p class='ocr_par' dir='ltr' id='par_1_36' title="bbox 64 1773 855 1808">
     <span class='ocr_line' id='line_1_36' title="bbox 64 1773 855 1808; baseline 0.006 -10"><span class='ocrx_word' id='word_1_241' title='bbox 64 1774 124 1808; x_wconf 81' lang='lat' dir='ltr'><strong>cipit</strong></span> <span class='ocrx_word' id='word_1_242' title='bbox 147 1774 275 1801; x_wconf 76' lang='lat' dir='ltr'><strong>sanctitas</strong></span> <span class='ocrx_word' id='word_1_243' title='bbox 306 1777 363 1800; x_wconf 86' lang='lat' dir='ltr'><strong>tua.</strong></span> <span class='ocrx_word' id='word_1_244' title='bbox 394 1773 470 1800; x_wconf 81' lang='lat' dir='ltr'><strong>Adde</strong></span> <span class='ocrx_word' id='word_1_245' title='bbox 503 1773 661 1801; x_wconf 86' lang='lat' dir='ltr'><strong>Tillemont.</strong></span> <span class='ocrx_word' id='word_1_246' title='bbox 691 1774 769 1802; x_wconf 84' lang='lat' dir='ltr'><strong>Tom.</strong></span> <span class='ocrx_word' id='word_1_247' title='bbox 786 1775 855 1808; x_wconf 80' lang='lat' dir='ltr'><strong>XIV,</strong></span> 
     </span>
    </p>
   </div>
   <div class='ocr_carea' id='block_1_37' title="bbox 66 1819 856 1857">
    <p class='ocr_par' dir='ltr' id='par_1_37' title="bbox 66 1819 856 1857">
     <span class='ocr_line' id='line_1_37' title="bbox 66 1819 856 1857; baseline 0.004 -11"><span class='ocrx_word' id='word_1_248' title='bbox 66 1827 123 1855; x_wconf 77' lang='lat' dir='ltr'><strong>pag.</strong></span> <span class='ocrx_word' id='word_1_249' title='bbox 140 1819 201 1852; x_wconf 80' lang='lat'><strong>519,</strong></span> <span class='ocrx_word' id='word_1_250' title='bbox 220 1827 280 1855; x_wconf 87' lang='lat' dir='ltr'><strong>seq.</strong></span> <span class='ocrx_word' id='word_1_251' title='bbox 311 1819 391 1847; x_wconf 73' lang='lat' dir='ltr'><strong>FABﬂ.</strong></span> <span class='ocrx_word' id='word_1_252' title='bbox 414 1835 448 1839; x_wconf 91' lang='lat'><strong>——</strong></span> <span class='ocrx_word' id='word_1_253' title='bbox 462 1819 492 1846; x_wconf 95' lang='lat' dir='ltr'><strong>In</strong></span> <span class='ocrx_word' id='word_1_254' title='bbox 512 1819 648 1856; x_wconf 87' lang='lat' dir='ltr'><strong>Synodico</strong></span> <span class='ocrx_word' id='word_1_255' title='bbox 669 1821 754 1848; x_wconf 85' lang='lat' dir='ltr'><strong>multa</strong></span> <span class='ocrx_word' id='word_1_256' title='bbox 778 1830 856 1857; x_wconf 86' lang='lat' dir='ltr'><strong>repe-</strong></span> 
     </span>
    </p>
   </div>
   <div class='ocr_carea' id='block_1_38' title="bbox 68 1865 855 1903">
    <p class='ocr_par' dir='ltr' id='par_1_38' title="bbox 68 1865 855 1903">
     <span class='ocr_line' id='line_1_38' title="bbox 68 1865 855 1903; baseline 0.006 -13"><span class='ocrx_word' id='word_1_257' title='bbox 68 1865 172 1893; x_wconf 88' lang='lat' dir='ltr'><strong>riuntur</strong></span> <span class='ocrx_word' id='word_1_258' title='bbox 188 1866 306 1893; x_wconf 86' lang='lat' dir='ltr'><strong>collecta</strong></span> <span class='ocrx_word' id='word_1_259' title='bbox 322 1866 355 1894; x_wconf 92' lang='lat' dir='ltr'><strong>dc</strong></span> <span class='ocrx_word' id='word_1_260' title='bbox 372 1865 462 1896; x_wconf 79' lang='lat' dir='ltr'><strong>turbis</strong></span> <span class='ocrx_word' id='word_1_261' title='bbox 483 1865 664 1893; x_wconf 80' lang='lat' dir='ltr'><strong>Orientalium</strong></span> <span class='ocrx_word' id='word_1_262' title='bbox 682 1871 743 1902; x_wconf 87' lang='lat' dir='ltr'><strong>post</strong></span> <span class='ocrx_word' id='word_1_263' title='bbox 762 1875 855 1903; x_wconf 88' lang='lat' dir='ltr'><strong>pacem</strong></span> 
     </span>
    </p>
   </div>
   <div class='ocr_carea' id='block_1_39' title="bbox 69 1910 277 1938">
    <p class='ocr_par' dir='ltr' id='par_1_39' title="bbox 69 1910 277 1938">
     <span class='ocr_line' id='line_1_39' title="bbox 69 1910 277 1938; baseline 0.01 -2"><span class='ocrx_word' id='word_1_264' title='bbox 69 1910 174 1937; x_wconf 82' lang='lat' dir='ltr'><strong>iactam.</strong></span> <span class='ocrx_word' id='word_1_265' title='bbox 191 1911 277 1938; x_wconf 73' lang='lat' dir='ltr'><strong>HABL.</strong></span> 
     </span>
    </p>
   </div>
   <div class='ocr_carea' id='block_1_40' title="bbox 100 1954 854 1995">
    <p class='ocr_par' dir='ltr' id='par_1_40' title="bbox 100 1954 854 1995">
     <span class='ocr_line' id='line_1_40' title="bbox 100 1954 854 1995; baseline 0.005 -13"><span class='ocrx_word' id='word_1_266' title='bbox 100 1954 160 1982; x_wconf 72' lang='grc'><strong>140.</strong></span> <span class='ocrx_word' id='word_1_267' title='bbox 184 1956 226 1984; x_wconf 80' lang='lat' dir='ltr'><strong>Ad</strong></span> <span class='ocrx_word' id='word_1_268' title='bbox 248 1956 375 1983; x_wconf 81' lang='lat' dir='ltr'><strong>Acacium</strong></span> <span class='ocrx_word' id='word_1_269' title='bbox 392 1957 590 1986; x_wconf 71' lang='lat' dir='ltr'><strong>Melitincnsem.</strong></span> <span class='ocrx_word' id='word_1_270' title='bbox 613 1958 706 1986; x_wconf 83' lang='lat' dir='ltr'><strong>Baluz.</strong></span> <span class='ocrx_word' id='word_1_271' title='bbox 720 1979 726 1991; x_wconf 94' lang='lat'><strong>,</strong></span> <span class='ocrx_word' id='word_1_272' title='bbox 749 1959 854 1995; x_wconf 84' lang='lat' dir='ltr'><strong>p.917,</strong></span> 
     </span>
    </p>
   </div>
   <div class='ocr_carea' id='block_1_41' title="bbox 69 2003 854 2037">
    <p class='ocr_par' dir='ltr' id='par_1_41' title="bbox 69 2003 854 2037">
     <span class='ocr_line' id='line_1_41' title="bbox 69 2003 854 2037; baseline 0.005 -9"><span class='ocrx_word' id='word_1_273' title='bbox 69 2005 94 2028; x_wconf 81' lang='lat' dir='ltr'><strong>et</strong></span> <span class='ocrx_word' id='word_1_274' title='bbox 107 2010 138 2029; x_wconf 83' lang='lat' dir='ltr'><strong>ex</strong></span> <span class='ocrx_word' id='word_1_275' title='bbox 155 2003 211 2030; x_wconf 81' lang='lat' dir='ltr'><strong>alia</strong></span> <span class='ocrx_word' id='word_1_276' title='bbox 226 2003 352 2030; x_wconf 80' lang='lat' dir='ltr'><strong>versione</strong></span> <span class='ocrx_word' id='word_1_277' title='bbox 369 2003 396 2030; x_wconf 93' lang='lat' dir='ltr'><strong>in</strong></span> <span class='ocrx_word' id='word_1_278' title='bbox 413 2004 559 2032; x_wconf 89' lang='lat' dir='ltr'><strong>collatione</strong></span> <span class='ocrx_word' id='word_1_279' title='bbox 576 2004 592 2032; x_wconf 80' lang='lat'><strong>5</strong></span> <span class='ocrx_word' id='word_1_280' title='bbox 611 2005 720 2032; x_wconf 88' lang='lat' dir='ltr'><strong>concilii</strong></span> <span class='ocrx_word' id='word_1_281' title='bbox 743 2013 769 2037; x_wconf 69' lang='grc' dir='ltr'><strong>ι’,</strong></span> <span class='ocrx_word' id='word_1_282' title='bbox 788 2010 854 2032; x_wconf 87' lang='lat' dir='ltr'><strong>tom.</strong></span> 
     </span>
    </p>
   </div>
   <div class='ocr_carea' id='block_1_42' title="bbox 69 2047 855 2087">
    <p class='ocr_par' dir='ltr' id='par_1_42' title="bbox 69 2047 855 2087">
     <span class='ocr_line' id='line_1_42' title="bbox 69 2047 855 2087; baseline 0.005 -12"><span class='ocrx_word' id='word_1_283' title='bbox 69 2047 89 2074; x_wconf 90' lang='lat' dir='ltr'><strong>II</strong></span> <span class='ocrx_word' id='word_1_284' title='bbox 106 2048 188 2082; x_wconf 87' lang='lat' dir='ltr'><strong>Binii,</strong></span> <span class='ocrx_word' id='word_1_285' title='bbox 211 2054 290 2084; x_wconf 79' lang='lat' dir='ltr'><strong>parte</strong></span> <span class='ocrx_word' id='word_1_286' title='bbox 309 2058 340 2082; x_wconf 83' lang='grc' dir='ltr'>ιι,</span> <span class='ocrx_word' id='word_1_287' title='bbox 358 2057 386 2085; x_wconf 90' lang='lat' dir='ltr'><strong>p.</strong></span> <span class='ocrx_word' id='word_1_288' title='bbox 402 2050 445 2083; x_wconf 83' lang='lat'><strong>70,</strong></span> <span class='ocrx_word' id='word_1_289' title='bbox 468 2050 513 2078; x_wconf 91' lang='lat' dir='ltr'><strong>ubi</strong></span> <span class='ocrx_word' id='word_1_290' title='bbox 527 2051 646 2079; x_wconf 82' lang='lat' dir='ltr'><strong>traditur</strong></span> <span class='ocrx_word' id='word_1_291' title='bbox 661 2051 757 2079; x_wconf 82' lang='lat' dir='ltr'><strong>eadem</strong></span> <span class='ocrx_word' id='word_1_292' title='bbox 767 2051 855 2087; x_wconf 74' lang='lat' dir='ltr'><strong>Cyril-</strong></span> 
     </span>
    </p>
   </div>
   <div class='ocr_carea' id='block_1_43' title="bbox 68 2092 857 2132">
    <p class='ocr_par' dir='ltr' id='par_1_43' title="bbox 68 2092 857 2132">
     <span class='ocr_line' id='line_1_43' title="bbox 68 2092 857 2132; baseline 0.005 -12"><span class='ocrx_word' id='word_1_293' title='bbox 68 2092 109 2121; x_wconf 85' lang='lat' dir='ltr'><strong>lus</strong></span> <span class='ocrx_word' id='word_1_294' title='bbox 121 2094 204 2122; x_wconf 83' lang='lat' dir='ltr'><strong>etiam</strong></span> <span class='ocrx_word' id='word_1_295' title='bbox 221 2094 366 2130; x_wconf 84' lang='lat' dir='ltr'><strong>scripsisse</strong></span> <span class='ocrx_word' id='word_1_296' title='bbox 380 2095 415 2122; x_wconf 82' lang='lat' dir='ltr'><strong>ad</strong></span> <span class='ocrx_word' id='word_1_297' title='bbox 432 2095 608 2124; x_wconf 86' lang='lat' dir='ltr'><strong>Theodorum</strong></span> <span class='ocrx_word' id='word_1_298' title='bbox 623 2096 808 2132; x_wconf 80' lang='lat' dir='ltr'><strong>Ancyranum,</strong></span> <span class='ocrx_word' id='word_1_299' title='bbox 829 2101 857 2125; x_wconf 89' lang='lat' dir='ltr'><strong>et</strong></span> 
     </span>
    </p>
   </div>
   <div class='ocr_carea' id='block_1_44' title="bbox 71 2139 855 2180">
    <p class='ocr_par' dir='ltr' id='par_1_44' title="bbox 71 2139 855 2180">
     <span class='ocr_line' id='line_1_44' title="bbox 71 2139 855 2180; baseline 0.005 -14"><span class='ocrx_word' id='word_1_300' title='bbox 71 2139 199 2174; x_wconf 88' lang='lat' dir='ltr'><strong>Firmum,</strong></span> <span class='ocrx_word' id='word_1_301' title='bbox 217 2141 350 2170; x_wconf 61' lang='lat' dir='ltr'><strong>Caesareae</strong></span> <span class='ocrx_word' id='word_1_302' title='bbox 369 2143 550 2180; x_wconf 69' lang='lat' dir='ltr'><strong>Cappadocia:</strong></span> <span class='ocrx_word' id='word_1_303' title='bbox 579 2145 750 2180; x_wconf 82' lang='lat' dir='ltr'><strong>episcopum.</strong></span> <span class='ocrx_word' id='word_1_304' title='bbox 780 2144 813 2171; x_wconf 87' lang='lat' dir='ltr'><strong>Et</strong></span> <span class='ocrx_word' id='word_1_305' title='bbox 829 2143 855 2170; x_wconf 92' lang='lat' dir='ltr'><strong>iu</strong></span> 
     </span>
    </p>
   </div>
   <div class='ocr_carea' id='block_1_45' title="bbox 70 2185 853 2225">
    <p class='ocr_par' dir='ltr' id='par_1_45' title="bbox 70 2185 853 2225">
     <span class='ocr_line' id='line_1_45' title="bbox 70 2185 853 2225; baseline 0.004 -13"><span class='ocrx_word' id='word_1_306' title='bbox 70 2185 179 2220; x_wconf 77' lang='lat' dir='ltr'><strong>epistola</strong></span> <span class='ocrx_word' id='word_1_307' title='bbox 196 2187 213 2214; x_wconf 90' lang='grc'><strong>5</strong></span> <span class='ocrx_word' id='word_1_308' title='bbox 228 2187 332 2224; x_wconf 80' lang='lat' dir='ltr'><strong>Pelagii</strong></span> <span class='ocrx_word' id='word_1_309' title='bbox 348 2188 371 2216; x_wconf 88' lang='grc'><strong>11</strong></span> <span class='ocrx_word' id='word_1_310' title='bbox 389 2189 423 2216; x_wconf 86' lang='lat' dir='ltr'><strong>ad</strong></span> <span class='ocrx_word' id='word_1_311' title='bbox 449 2189 594 2225; x_wconf 87' lang='lat' dir='ltr'><strong>episcopos</strong></span> <span class='ocrx_word' id='word_1_312' title='bbox 623 2190 718 2217; x_wconf 73' lang='lat' dir='ltr'><strong>Istrizc.</strong></span> <span class='ocrx_word' id='word_1_313' title='bbox 738 2189 853 2224; x_wconf 87' lang='lat' dir='ltr'><strong>Incipit:</strong></span> 
     </span>
    </p>
   </div>
   <div class='ocr_carea' id='block_1_46' title="bbox 70 2231 634 2271">
    <p class='ocr_par' dir='ltr' id='par_1_46' title="bbox 70 2231 634 2271">
     <span class='ocr_line' id='line_1_46' title="bbox 70 2231 634 2271; baseline 0.009 -13"><span class='ocrx_word' id='word_1_314' title='bbox 70 2231 158 2260; x_wconf 80' lang='lat' dir='ltr'><strong>Latere</strong></span> <span class='ocrx_word' id='word_1_315' title='bbox 171 2238 247 2261; x_wconf 85' lang='lat' dir='ltr'><strong>tuam</strong></span> <span class='ocrx_word' id='word_1_316' title='bbox 264 2242 315 2262; x_wconf 88' lang='lat' dir='ltr'><strong>non</strong></span> <span class='ocrx_word' id='word_1_317' title='bbox 327 2235 445 2271; x_wconf 81' lang='lat' dir='ltr'><strong>oportuit</strong></span> <span class='ocrx_word' id='word_1_318' title='bbox 455 2237 634 2263; x_wconf 78' lang='lat' dir='ltr'><strong>sanctitatem.</strong></span> 
     </span>
    </p>
   </div>
   <div class='ocr_carea' id='block_1_47' title="bbox 100 2278 854 2317">
    <p class='ocr_par' dir='ltr' id='par_1_47' title="bbox 100 2278 854 2317">
     <span class='ocr_line' id='line_1_47' title="bbox 100 2278 854 2317; baseline 0.005 -12"><span class='ocrx_word' id='word_1_319' title='bbox 100 2278 158 2306; x_wconf 71' lang='grc'><strong>141.</strong></span> <span class='ocrx_word' id='word_1_320' title='bbox 172 2279 214 2306; x_wconf 75' lang='lat' dir='ltr'><strong>Ad</strong></span> <span class='ocrx_word' id='word_1_321' title='bbox 235 2279 384 2308; x_wconf 81' lang='lat' dir='ltr'><strong>Rabbulam</strong></span> <span class='ocrx_word' id='word_1_322' title='bbox 399 2281 572 2314; x_wconf 81' lang='lat' dir='ltr'><strong>Edessenum,</strong></span> <span class='ocrx_word' id='word_1_323' title='bbox 597 2282 624 2309; x_wconf 95' lang='lat' dir='ltr'><strong>in</strong></span> <span class='ocrx_word' id='word_1_324' title='bbox 643 2282 739 2309; x_wconf 83' lang='lat' dir='ltr'><strong>eodem</strong></span> <span class='ocrx_word' id='word_1_325' title='bbox 767 2281 854 2317; x_wconf 74' lang='lat' dir='ltr'><strong>Syno-</strong></span> 
     </span>
    </p>
   </div>
   <div class='ocr_carea' id='block_1_48' title="bbox 71 2323 855 2363">
    <p class='ocr_par' dir='ltr' id='par_1_48' title="bbox 71 2323 855 2363">
     <span class='ocr_line' id='line_1_48' title="bbox 71 2323 855 2363; baseline 0.005 -12"><span class='ocrx_word' id='word_1_326' title='bbox 71 2323 135 2358; x_wconf 79' lang='lat' dir='ltr'><strong>dico,</strong></span> <span class='ocrx_word' id='word_1_327' title='bbox 163 2334 191 2361; x_wconf 92' lang='lat' dir='ltr'><strong>p.</strong></span> <span class='ocrx_word' id='word_1_328' title='bbox 219 2325 281 2359; x_wconf 72' lang='grc'><strong>812,</strong></span> <span class='ocrx_word' id='word_1_329' title='bbox 308 2327 375 2354; x_wconf 84' lang='lat' dir='ltr'><strong>edit.</strong></span> <span class='ocrx_word' id='word_1_330' title='bbox 401 2327 516 2355; x_wconf 84' lang='lat' dir='ltr'><strong>Baluzii.</strong></span> <span class='ocrx_word' id='word_1_331' title='bbox 545 2327 803 2363; x_wconf 76' lang='lat' dir='ltr'><strong>IncipitzPiissimo</strong></span> <span class='ocrx_word' id='word_1_332' title='bbox 832 2332 855 2355; x_wconf 88' lang='lat' dir='ltr'><strong>et</strong></span> 
     </span>
    </p>
   </div>
   <div class='ocr_carea' id='block_1_49' title="bbox 71 2371 725 2410">
    <p class='ocr_par' dir='ltr' id='par_1_49' title="bbox 71 2371 725 2410">
     <span class='ocr_line' id='line_1_49' title="bbox 71 2371 725 2410; baseline 0.008 -14"><span class='ocrx_word' id='word_1_333' title='bbox 71 2376 185 2399; x_wconf 84' lang='lat' dir='ltr'><strong>amatore</strong></span> <span class='ocrx_word' id='word_1_334' title='bbox 201 2371 300 2400; x_wconf 81' lang='lat' dir='ltr'><strong>Christi</strong></span> <span class='ocrx_word' id='word_1_335' title='bbox 310 2373 473 2409; x_wconf 74' lang='lat' dir='ltr'><strong>imperatore</strong></span> <span class='ocrx_word' id='word_1_336' title='bbox 486 2374 625 2410; x_wconf 84' lang='lat' dir='ltr'><strong>dirigentc.</strong></span> <span class='ocrx_word' id='word_1_337' title='bbox 646 2374 725 2401; x_wconf 65' lang='lat' dir='ltr'><strong>Fann.</strong></span> 
     </span>
    </p>
   </div>
   <div class='ocr_carea' id='block_1_50' title="bbox 103 2417 852 2453">
    <p class='ocr_par' dir='ltr' id='par_1_50' title="bbox 103 2417 852 2453">
     <span class='ocr_line' id='line_1_50' title="bbox 103 2417 852 2453; baseline 0.005 -9"><span class='ocrx_word' id='word_1_338' title='bbox 103 2417 160 2444; x_wconf 68' lang='grc'><strong>112.</strong></span> <span class='ocrx_word' id='word_1_339' title='bbox 177 2418 220 2446; x_wconf 76' lang='lat' dir='ltr'><strong>Ad</strong></span> <span class='ocrx_word' id='word_1_340' title='bbox 230 2418 406 2453; x_wconf 75' lang='lat' dir='ltr'><strong>Aristolaum,</strong></span> <span class='ocrx_word' id='word_1_341' title='bbox 419 2421 561 2448; x_wconf 87' lang='lat' dir='ltr'><strong>tribunum</strong></span> <span class='ocrx_word' id='word_1_342' title='bbox 570 2425 597 2448; x_wconf 82' lang='lat' dir='ltr'><strong>et</strong></span> <span class='ocrx_word' id='word_1_343' title='bbox 610 2421 757 2448; x_wconf 87' lang='lat' dir='ltr'><strong>notarium.</strong></span> <span class='ocrx_word' id='word_1_344' title='bbox 772 2420 852 2453; x_wconf 67' lang='lat' dir='ltr'><strong>Ibidi,</strong></span> 
     </span>
    </p>
   </div>
   <div class='ocr_carea' id='block_1_51' title="bbox 71 2463 854 2501">
    <p class='ocr_par' dir='ltr' id='par_1_51' title="bbox 71 2463 854 2501">
     <span class='ocr_line' id='line_1_51' title="bbox 71 2463 854 2501; baseline 0.005 -12"><span class='ocrx_word' id='word_1_345' title='bbox 71 2469 123 2498; x_wconf 76' lang='lat' dir='ltr'><strong>pag.</strong></span> <span class='ocrx_word' id='word_1_346' title='bbox 153 2463 216 2490; x_wconf 89' lang='lat'><strong>889.</strong></span> <span class='ocrx_word' id='word_1_347' title='bbox 245 2463 510 2499; x_wconf 80' lang='lat' dir='ltr'><strong>IncipitzDominus</strong></span> <span class='ocrx_word' id='word_1_348' title='bbox 542 2474 614 2493; x_wconf 80' lang='lat' dir='ltr'><strong>meus</strong></span> <span class='ocrx_word' id='word_1_349' title='bbox 644 2465 854 2501; x_wconf 78' lang='lat' dir='ltr'><strong>religiosissimus</strong></span> 
     </span>
    </p>
   </div>
   <div class='ocr_carea' id='block_1_52' title="bbox 72 2507 854 2547">
    <p class='ocr_par' dir='ltr' id='par_1_52' title="bbox 72 2507 854 2547">
     <span class='ocr_line' id='line_1_52' title="bbox 72 2507 854 2547; baseline 0.006 -13"><span class='ocrx_word' id='word_1_350' title='bbox 72 2507 265 2537; x_wconf 79' lang='lat' dir='ltr'><strong>Beronicianus.</strong></span> <span class='ocrx_word' id='word_1_351' title='bbox 290 2510 326 2538; x_wconf 87' lang='grc' dir='ltr'>Ει</span> <span class='ocrx_word' id='word_1_352' title='bbox 339 2519 368 2545; x_wconf 86' lang='lat' dir='ltr'><strong>p.</strong></span> <span class='ocrx_word' id='word_1_353' title='bbox 380 2511 442 2538; x_wconf 80' lang='lat'><strong>915.</strong></span> <span class='ocrx_word' id='word_1_354' title='bbox 467 2511 566 2547; x_wconf 89' lang='lat' dir='ltr'><strong>Incipit</strong></span> <span class='ocrx_word' id='word_1_355' title='bbox 585 2522 590 2538; x_wconf 92' lang='lat'><strong>:</strong></span> <span class='ocrx_word' id='word_1_356' title='bbox 607 2512 718 2539; x_wconf 89' lang='lat' dir='ltr'><strong>Piarum</strong></span> <span class='ocrx_word' id='word_1_357' title='bbox 737 2513 854 2539; x_wconf 83' lang='lat' dir='ltr'><strong>sanctio-</strong></span> 
     </span>
    </p>
   </div>
   <div class='ocr_carea' id='block_1_53' title="bbox 72 2556 852 2593">
    <p class='ocr_par' dir='ltr' id='par_1_53' title="bbox 72 2556 852 2593">
     <span class='ocr_line' id='line_1_53' title="bbox 72 2556 852 2593; baseline 0.004 -12"><span class='ocrx_word' id='word_1_358' title='bbox 72 2562 126 2582; x_wconf 86' lang='lat' dir='ltr'><strong>num</strong></span> <span class='ocrx_word' id='word_1_359' title='bbox 139 2564 199 2591; x_wconf 67' lang='lat' dir='ltr'><strong>qua</strong></span> <span class='ocrx_word' id='word_1_360' title='bbox 211 2564 305 2592; x_wconf 81' lang='lat' dir='ltr'><strong>nuper.</strong></span> <span class='ocrx_word' id='word_1_361' title='bbox 319 2556 396 2584; x_wconf 86' lang='lat' dir='ltr'><strong>Adde</strong></span> <span class='ocrx_word' id='word_1_362' title='bbox 409 2557 567 2586; x_wconf 88' lang='lat' dir='ltr'><strong>Tillemont.</strong></span> <span class='ocrx_word' id='word_1_363' title='bbox 584 2562 649 2585; x_wconf 88' lang='lat' dir='ltr'><strong>tom.</strong></span> <span class='ocrx_word' id='word_1_364' title='bbox 662 2558 730 2590; x_wconf 79' lang='lat' dir='ltr'><strong>XIV,</strong></span> <span class='ocrx_word' id='word_1_365' title='bbox 746 2567 772 2593; x_wconf 91' lang='lat' dir='ltr'><strong>p.</strong></span> <span class='ocrx_word' id='word_1_366' title='bbox 791 2558 852 2585; x_wconf 85' lang='lat'><strong>619.</strong></span> 
     </span>
    </p>
   </div>
   <div class='ocr_carea' id='block_1_54' title="bbox 102 2603 851 2640">
    <p class='ocr_par' dir='ltr' id='par_1_54' title="bbox 102 2603 851 2640">
     <span class='ocr_line' id='line_1_54' title="bbox 102 2603 851 2640; baseline 0.001 -11"><span class='ocrx_word' id='word_1_367' title='bbox 102 2603 160 2630; x_wconf 77' lang='grc'><strong>145.</strong></span> <span class='ocrx_word' id='word_1_368' title='bbox 178 2603 217 2630; x_wconf 79' lang='lat' dir='ltr'><strong>Ad</strong></span> <span class='ocrx_word' id='word_1_369' title='bbox 231 2603 402 2631; x_wconf 88' lang='lat' dir='ltr'><strong>Theodosium</strong></span> <span class='ocrx_word' id='word_1_370' title='bbox 417 2604 483 2639; x_wconf 91' lang='lat' dir='ltr'><strong>imp.</strong></span> <span class='ocrx_word' id='word_1_371' title='bbox 501 2604 593 2632; x_wconf 87' lang='lat' dir='ltr'><strong>Baluz.</strong></span> <span class='ocrx_word' id='word_1_372' title='bbox 605 2625 612 2637; x_wconf 90' lang='lat'><strong>,</strong></span> <span class='ocrx_word' id='word_1_373' title='bbox 626 2612 654 2640; x_wconf 88' lang='lat' dir='ltr'><strong>p.</strong></span> <span class='ocrx_word' id='word_1_374' title='bbox 667 2604 851 2640; x_wconf 66' lang='lat' dir='ltr'><strong>89LIncipit:</strong></span> 
     </span>
    </p>
   </div>
   <div class='ocr_carea' id='block_1_55' title="bbox 71 2647 578 2685">
    <p class='ocr_par' dir='ltr' id='par_1_55' title="bbox 71 2647 578 2685">
     <span class='ocr_line' id='line_1_55' title="bbox 71 2647 578 2685; baseline 0.004 -10"><span class='ocrx_word' id='word_1_375' title='bbox 71 2647 203 2676; x_wconf 66' lang='lat' dir='ltr'><strong>Eternam</strong></span> <span class='ocrx_word' id='word_1_376' title='bbox 217 2650 299 2676; x_wconf 75' lang='lat' dir='ltr'><strong>vitam</strong></span> <span class='ocrx_word' id='word_1_377' title='bbox 313 2650 450 2685; x_wconf 81' lang='lat' dir='ltr'><strong>providere</strong></span> <span class='ocrx_word' id='word_1_378' title='bbox 466 2659 482 2678; x_wconf 80' lang='grc' dir='ltr'><strong>ιι</strong></span> <span class='ocrx_word' id='word_1_379' title='bbox 496 2655 578 2678; x_wconf 91' lang='lat' dir='ltr'><strong>terra.</strong></span> 
     </span>
    </p>
   </div>
   <div class='ocr_carea' id='block_1_56' title="bbox 101 2695 853 2732">
    <p class='ocr_par' dir='ltr' id='par_1_56' title="bbox 101 2695 853 2732">
     <span class='ocr_line' id='line_1_56' title="bbox 101 2695 853 2732; baseline 0.003 -11"><span class='ocrx_word' id='word_1_380' title='bbox 101 2695 209 2722; x_wconf 64' lang='lat' dir='ltr'><strong>11.4.Ad</strong></span> <span class='ocrx_word' id='word_1_381' title='bbox 225 2695 358 2723; x_wconf 79' lang='lat' dir='ltr'><strong>Joannem</strong></span> <span class='ocrx_word' id='word_1_382' title='bbox 371 2696 572 2724; x_wconf 79' lang='lat' dir='ltr'><strong>Antiochenam.</strong></span> <span class='ocrx_word' id='word_1_383' title='bbox 589 2697 669 2728; x_wconf 84' lang='lat' dir='ltr'><strong>lbid.,</strong></span> <span class='ocrx_word' id='word_1_384' title='bbox 686 2705 713 2732; x_wconf 86' lang='lat' dir='ltr'><strong>p.</strong></span> <span class='ocrx_word' id='word_1_385' title='bbox 731 2697 792 2724; x_wconf 77' lang='lat' dir='ltr'><strong>9H.</strong></span> <span class='ocrx_word' id='word_1_386' title='bbox 809 2697 853 2723; x_wconf 93' lang='lat' dir='ltr'><strong>ln-</strong></span> 
     </span>
    </p>
   </div>
   <div class='ocr_carea' id='block_1_57' title="bbox 73 2740 855 2778">
    <p class='ocr_par' dir='ltr' id='par_1_57' title="bbox 73 2740 855 2778">
     <span class='ocr_line' id='line_1_57' title="bbox 73 2740 855 2778; baseline 0.004 -12"><span class='ocrx_word' id='word_1_387' title='bbox 73 2740 129 2775; x_wconf 77' lang='lat' dir='ltr'><strong>eipit</strong></span> <span class='ocrx_word' id='word_1_388' title='bbox 149 2750 155 2767; x_wconf 92' lang='lat'>:</span> <span class='ocrx_word' id='word_1_389' title='bbox 180 2740 295 2768; x_wconf 81' lang='lat' dir='ltr'><strong>Litteras</strong></span> <span class='ocrx_word' id='word_1_390' title='bbox 324 2750 339 2768; x_wconf 91' lang='lat' dir='ltr'><strong>a</strong></span> <span class='ocrx_word' id='word_1_391' title='bbox 361 2746 408 2768; x_wconf 86' lang='lat' dir='ltr'><strong>tua</strong></span> <span class='ocrx_word' id='word_1_392' title='bbox 436 2742 595 2778; x_wconf 73' lang='lat' dir='ltr'><strong>perfectione</strong></span> <span class='ocrx_word' id='word_1_393' title='bbox 620 2743 804 2773; x_wconf 75' lang='lat' dir='ltr'><strong>transmissus;</strong></span> <span class='ocrx_word' id='word_1_394' title='bbox 828 2747 855 2769; x_wconf 88' lang='lat' dir='ltr'><strong>ct</strong></span> 
     </span>
    </p>
   </div>
   <div class='ocr_carea' id='block_1_58' title="bbox 74 2787 854 2823">
    <p class='ocr_par' dir='ltr' id='par_1_58' title="bbox 74 2787 854 2823">
     <span class='ocr_line' id='line_1_58' title="bbox 74 2787 854 2823; baseline 0.003 -9"><span class='ocrx_word' id='word_1_395' title='bbox 74 2793 94 2820; x_wconf 82' lang='lat' dir='ltr'><strong>p.</strong></span> <span class='ocrx_word' id='word_1_396' title='bbox 109 2787 170 2815; x_wconf 84' lang='lat'><strong>916.</strong></span> <span class='ocrx_word' id='word_1_397' title='bbox 185 2787 303 2822; x_wconf 85' lang='lat' dir='ltr'><strong>Incipit:</strong></span> <span class='ocrx_word' id='word_1_398' title='bbox 323 2787 379 2822; x_wconf 78' lang='lat' dir='ltr'><strong>Ego</strong></span> <span class='ocrx_word' id='word_1_399' title='bbox 395 2789 500 2823; x_wconf 86' lang='lat' dir='ltr'><strong>quidem</strong></span> <span class='ocrx_word' id='word_1_400' title='bbox 517 2790 668 2818; x_wconf 76' lang='lat' dir='ltr'><strong>abstersisse</strong></span> <span class='ocrx_word' id='word_1_401' title='bbox 679 2799 694 2816; x_wconf 91' lang='lat' dir='ltr'><strong>a</strong></span> <span class='ocrx_word' id='word_1_402' title='bbox 709 2798 746 2817; x_wconf 86' lang='lat' dir='ltr'><strong>se.</strong></span> <span class='ocrx_word' id='word_1_403' title='bbox 761 2790 854 2817; x_wconf 62' lang='lat' dir='ltr'><strong>Greece</strong></span> 
     </span>
    </p>
   </div>
   <div class='ocr_carea' id='block_1_59' title="bbox 74 2833 716 2864">
    <p class='ocr_par' dir='ltr' id='par_1_59' title="bbox 74 2833 716 2864">
     <span class='ocr_line' id='line_1_59' title="bbox 74 2833 716 2864; baseline 0.005 -4"><span class='ocrx_word' id='word_1_404' title='bbox 74 2836 94 2859; x_wconf 76' lang='lat' dir='ltr'><strong>tl</strong></span> <span class='ocrx_word' id='word_1_405' title='bbox 109 2833 203 2861; x_wconf 83' lang='lat' dir='ltr'><strong>Latine</strong></span> <span class='ocrx_word' id='word_1_406' title='bbox 220 2835 246 2861; x_wconf 93' lang='lat' dir='ltr'><strong>in</strong></span> <span class='ocrx_word' id='word_1_407' title='bbox 258 2834 386 2862; x_wconf 88' lang='lat' dir='ltr'><strong>Garnerii</strong></span> <span class='ocrx_word' id='word_1_408' title='bbox 402 2835 531 2863; x_wconf 74' lang='lat' dir='ltr'><strong>Auctario</strong></span> <span class='ocrx_word' id='word_1_409' title='bbox 545 2836 716 2864; x_wconf 78' lang='lat' dir='ltr'><strong>&#39;l&#39;heodoriti.</strong></span> 
     </span>
    </p>
   </div>
   <div class='ocr_carea' id='block_1_60' title="bbox 102 2874 853 2920">
    <p class='ocr_par' dir='ltr' id='par_1_60' title="bbox 102 2874 853 2920">
     <span class='ocr_line' id='line_1_60' title="bbox 102 2874 853 2920; baseline 0.004 -13"><span class='ocrx_word' id='word_1_410' title='bbox 102 2880 157 2908; x_wconf 76' lang='lat'><strong>1-15.</strong></span> <span class='ocrx_word' id='word_1_411' title='bbox 170 2881 211 2909; x_wconf 78' lang='lat' dir='ltr'><strong>Ad</strong></span> <span class='ocrx_word' id='word_1_412' title='bbox 223 2874 383 2916; x_wconf 49' lang='lat' dir='ltr'><strong>Mairimum,</strong></span> <span class='ocrx_word' id='word_1_413' title='bbox 396 2882 536 2915; x_wconf 64' lang='lat' dir='ltr'><strong>Joannem,</strong></span> <span class='ocrx_word' id='word_1_414' title='bbox 553 2883 728 2917; x_wconf 70' lang='lat' dir='ltr'><strong>Thalassium,</strong></span> <span class='ocrx_word' id='word_1_415' title='bbox 739 2884 853 2920; x_wconf 69' lang='lat' dir='ltr'><strong>presby-</strong></span> 
     </span>
    </p>
   </div>
   <div class='ocr_carea' id='block_1_61' title="bbox 877 883 896 910">
    <p class='ocr_par' dir='ltr' id='par_1_61' title="bbox 877 883 896 910">
     <span class='ocr_line' id='line_1_61' title="bbox 877 883 896 910; baseline 0 0"><span class='ocrx_word' id='word_1_416' title='bbox 877 883 896 910; x_wconf 86' lang='grc' dir='ltr'><strong><em>Β</em></strong></span> 
     </span>
    </p>
   </div>
   <div class='ocr_carea' id='block_1_62' title="bbox 912 248 1531 285">
    <p class='ocr_par' dir='ltr' id='par_1_62' title="bbox 912 248 1531 285">
     <span class='ocr_line' id='line_1_62' title="bbox 912 248 1531 285; baseline -0.003 -9"><span class='ocrx_word' id='word_1_417' title='bbox 912 249 969 285; x_wconf 76' lang='lat' dir='ltr'><strong>gius</strong></span> <span class='ocrx_word' id='word_1_418' title='bbox 980 249 1085 284; x_wconf 78' lang='lat' dir='ltr'><strong>quidem</strong></span> <span class='ocrx_word' id='word_1_419' title='bbox 1103 248 1175 275; x_wconf 71' lang='lat' dir='ltr'><strong>zelus</strong></span> <span class='ocrx_word' id='word_1_420' title='bbox 1188 248 1366 284; x_wconf 78' lang='lat' dir='ltr'><strong>religiositatis</strong></span> <span class='ocrx_word' id='word_1_421' title='bbox 1380 252 1473 275; x_wconf 64' lang='lat' dir='ltr'><strong>vestra</strong></span> <span class='ocrx_word' id='word_1_422' title='bbox 1483 253 1531 274; x_wconf 84' lang='lat' dir='ltr'><strong>est.</strong></span> 
     </span>
    </p>
   </div>
   <div class='ocr_carea' id='block_1_63' title="bbox 949 294 1703 331">
    <p class='ocr_par' dir='ltr' id='par_1_63' title="bbox 949 294 1703 331">
     <span class='ocr_line' id='line_1_63' title="bbox 949 294 1703 331; baseline -0.003 -9"><span class='ocrx_word' id='word_1_423' title='bbox 949 296 1009 323; x_wconf 68' lang='lat'><strong>146.</strong></span> <span class='ocrx_word' id='word_1_424' title='bbox 1027 296 1067 322; x_wconf 84' lang='lat' dir='ltr'><strong>Ad</strong></span> <span class='ocrx_word' id='word_1_425' title='bbox 1086 295 1222 327; x_wconf 68' lang='lat' dir='ltr'><strong>Musaeum,</strong></span> <span class='ocrx_word' id='word_1_426' title='bbox 1240 295 1372 322; x_wconf 79' lang='lat' dir='ltr'><strong>Antaradi</strong></span> <span class='ocrx_word' id='word_1_427' title='bbox 1400 296 1559 331; x_wconf 79' lang='lat' dir='ltr'><strong>episcopum.</strong></span> <span class='ocrx_word' id='word_1_428' title='bbox 1573 294 1655 325; x_wconf 85' lang='lat' dir='ltr'><strong>Ibid.,</strong></span> <span class='ocrx_word' id='word_1_429' title='bbox 1675 301 1703 329; x_wconf 90' lang='lat' dir='ltr'><strong>p.</strong></span> 
     </span>
    </p>
   </div>
   <div class='ocr_carea' id='block_1_64' title="bbox 912 339 1672 376">
    <p class='ocr_par' dir='ltr' id='par_1_64' title="bbox 912 339 1672 376">
     <span class='ocr_line' id='line_1_64' title="bbox 912 339 1672 376; baseline -0.003 -9"><span class='ocrx_word' id='word_1_430' title='bbox 912 340 974 367; x_wconf 90' lang='lat'><strong>917.</strong></span> <span class='ocrx_word' id='word_1_431' title='bbox 992 340 1090 376; x_wconf 83' lang='lat' dir='ltr'><strong>Incipit</strong></span> <span class='ocrx_word' id='word_1_432' title='bbox 1105 350 1111 366; x_wconf 86' lang='lat'>:</span> <span class='ocrx_word' id='word_1_433' title='bbox 1124 340 1182 376; x_wconf 81' lang='lat' dir='ltr'><strong>Ego</strong></span> <span class='ocrx_word' id='word_1_434' title='bbox 1194 340 1298 376; x_wconf 83' lang='lat' dir='ltr'><strong>quidem</strong></span> <span class='ocrx_word' id='word_1_435' title='bbox 1314 348 1417 375; x_wconf 76' lang='lat' dir='ltr'><strong>semper</strong></span> <span class='ocrx_word' id='word_1_436' title='bbox 1432 344 1484 367; x_wconf 73' lang='lat' dir='ltr'><strong>tua:</strong></span> <span class='ocrx_word' id='word_1_437' title='bbox 1495 339 1672 375; x_wconf 78' lang='lat' dir='ltr'><strong>religiositati.</strong></span> 
     </span>
    </p>
   </div>
   <div class='ocr_carea' id='block_1_65' title="bbox 911 395 1702 433">
    <p class='ocr_par' dir='ltr' id='par_1_65' title="bbox 911 395 1702 433">
     <span class='ocr_line' id='line_1_65' title="bbox 911 395 1702 433; baseline -0.001 -9"><span class='ocrx_word' id='word_1_438' title='bbox 911 398 914 401; x_wconf 84' lang='lat'>&#39;</span> <span class='ocrx_word' id='word_1_439' title='bbox 947 397 1009 425; x_wconf 68' lang='grc'><strong>147.</strong></span> <span class='ocrx_word' id='word_1_440' title='bbox 1030 397 1153 433; x_wconf 79' lang='lat' dir='ltr'><strong>Epistola</strong></span> <span class='ocrx_word' id='word_1_441' title='bbox 1179 397 1214 424; x_wconf 88' lang='lat' dir='ltr'><strong>ad</strong></span> <span class='ocrx_word' id='word_1_442' title='bbox 1236 397 1397 429; x_wconf 84' lang='lat' dir='ltr'><strong>Nestorium,</strong></span> <span class='ocrx_word' id='word_1_443' title='bbox 1412 404 1446 424; x_wconf 84' lang='lat' dir='ltr'><strong>ex</strong></span> <span class='ocrx_word' id='word_1_444' title='bbox 1471 395 1590 423; x_wconf 78' lang='lat' dir='ltr'><strong>Arabico</strong></span> <span class='ocrx_word' id='word_1_445' title='bbox 1614 403 1702 428; x_wconf 75' lang='lat' dir='ltr'><strong>versa,</strong></span> 
     </span>
    </p>
   </div>
   <div class='ocr_carea' id='block_1_66' title="bbox 912 442 1704 478">
    <p class='ocr_par' dir='ltr' id='par_1_66' title="bbox 912 442 1704 478">
     <span class='ocr_line' id='line_1_66' title="bbox 912 442 1704 478; baseline -0.003 -8"><span class='ocrx_word' id='word_1_446' title='bbox 912 443 985 478; x_wconf 83' lang='lat' dir='ltr'><strong>apud</strong></span> <span class='ocrx_word' id='word_1_447' title='bbox 1002 443 1153 471; x_wconf 86' lang='lat' dir='ltr'><strong>Eusebium</strong></span> <span class='ocrx_word' id='word_1_448' title='bbox 1174 443 1369 470; x_wconf 80' lang='lat' dir='ltr'><strong>Renaudotum</strong></span> <span class='ocrx_word' id='word_1_449' title='bbox 1393 443 1420 470; x_wconf 91' lang='lat' dir='ltr'><strong>in</strong></span> <span class='ocrx_word' id='word_1_450' title='bbox 1448 442 1566 470; x_wconf 85' lang='lat' dir='ltr'><strong>Historia</strong></span> <span class='ocrx_word' id='word_1_451' title='bbox 1584 443 1704 478; x_wconf 86' lang='lat' dir='ltr'><strong>patriar-</strong></span> 
     </span>
    </p>
   </div>
   <div class='ocr_carea' id='block_1_67' title="bbox 912 488 1702 524">
    <p class='ocr_par' dir='ltr' id='par_1_67' title="bbox 912 488 1702 524">
     <span class='ocr_line' id='line_1_67' title="bbox 912 488 1702 524; baseline 0.004 -10"><span class='ocrx_word' id='word_1_452' title='bbox 912 489 1022 516; x_wconf 81' lang='lat' dir='ltr'><strong>charum</strong></span> <span class='ocrx_word' id='word_1_453' title='bbox 1042 488 1131 520; x_wconf 72' lang='lat' dir='ltr'><strong>Alex.,</strong></span> <span class='ocrx_word' id='word_1_454' title='bbox 1154 497 1182 524; x_wconf 88' lang='lat' dir='ltr'><strong>p.</strong></span> <span class='ocrx_word' id='word_1_455' title='bbox 1205 489 1265 516; x_wconf 88' lang='lat'><strong>109.</strong></span> <span class='ocrx_word' id='word_1_456' title='bbox 1285 488 1382 523; x_wconf 85' lang='lat' dir='ltr'><strong>Incipit</strong></span> <span class='ocrx_word' id='word_1_457' title='bbox 1397 497 1402 514; x_wconf 93' lang='lat'>:</span> <span class='ocrx_word' id='word_1_458' title='bbox 1417 488 1475 515; x_wconf 84' lang='lat' dir='ltr'><strong>Non</strong></span> <span class='ocrx_word' id='word_1_459' title='bbox 1498 489 1596 516; x_wconf 85' lang='lat' dir='ltr'><strong>credidi</strong></span> <span class='ocrx_word' id='word_1_460' title='bbox 1611 497 1702 517; x_wconf 79' lang='lat' dir='ltr'><strong>verum</strong></span> 
     </span>
    </p>
   </div>
   <div class='ocr_carea' id='block_1_68' title="bbox 912 528 1152 570">
    <p class='ocr_par' dir='ltr' id='par_1_68' title="bbox 912 528 1152 570">
     <span class='ocr_line' id='line_1_68' title="bbox 912 528 1152 570; baseline 0.004 -9"><span class='ocrx_word' id='word_1_461' title='bbox 912 543 966 561; x_wconf 78' lang='lat' dir='ltr'><strong>esse</strong></span> <span class='ocrx_word' id='word_1_462' title='bbox 983 535 1054 570; x_wconf 82' lang='lat' dir='ltr'><strong>quod</strong></span> <span class='ocrx_word' id='word_1_463' title='bbox 1072 528 1108 562; x_wconf 32' lang='lat' dir='ltr'><strong>de.</strong></span> <span class='ocrx_word' id='word_1_464' title='bbox 1118 539 1152 562; x_wconf 82' lang='lat' dir='ltr'><strong>te.</strong></span> 
     </span>
    </p>
   </div>
   <div class='ocr_carea' id='block_1_69' title="bbox 948 578 1701 615">
    <p class='ocr_par' dir='ltr' id='par_1_69' title="bbox 948 578 1701 615">
     <span class='ocr_line' id='line_1_69' title="bbox 948 578 1701 615; baseline 0 -9"><span class='ocrx_word' id='word_1_465' title='bbox 948 578 1007 606; x_wconf 72' lang='grc'><strong>148.</strong></span> <span class='ocrx_word' id='word_1_466' title='bbox 1027 579 1188 615; x_wconf 84' lang='lat' dir='ltr'><strong>Fragmenta</strong></span> <span class='ocrx_word' id='word_1_467' title='bbox 1202 588 1233 606; x_wconf 76' lang='lat' dir='ltr'><strong>ea:</strong></span> <span class='ocrx_word' id='word_1_468' title='bbox 1245 587 1366 606; x_wconf 84' lang='lat' dir='ltr'><strong>sermone</strong></span> <span class='ocrx_word' id='word_1_469' title='bbox 1377 579 1408 605; x_wconf 87' lang='lat' dir='ltr'><strong>de</strong></span> <span class='ocrx_word' id='word_1_470' title='bbox 1419 578 1480 614; x_wconf 82' lang='lat' dir='ltr'><strong>ﬁde.</strong></span> <span class='ocrx_word' id='word_1_471' title='bbox 1499 578 1580 610; x_wconf 79' lang='lat' dir='ltr'><strong>lbid.,</strong></span> <span class='ocrx_word' id='word_1_472' title='bbox 1596 587 1623 614; x_wconf 94' lang='lat' dir='ltr'><strong>p.</strong></span> <span class='ocrx_word' id='word_1_473' title='bbox 1639 579 1701 606; x_wconf 74' lang='lat'><strong>927.</strong></span> 
     </span>
    </p>
   </div>
   <div class='ocr_carea' id='block_1_70' title="bbox 912 617 1687 662">
    <p class='ocr_par' dir='ltr' id='par_1_70' title="bbox 912 617 1687 662">
     <span class='ocr_line' id='line_1_70' title="bbox 912 617 1687 662; baseline -0.003 -9"><span class='ocrx_word' id='word_1_474' title='bbox 912 626 998 661; x_wconf 90' lang='lat' dir='ltr'><strong>Incip.</strong></span> <span class='ocrx_word' id='word_1_475' title='bbox 1014 635 1020 653; x_wconf 89' lang='lat'><strong>:</strong></span> <span class='ocrx_word' id='word_1_476' title='bbox 1039 626 1097 662; x_wconf 85' lang='lat' dir='ltr'><strong>Ego</strong></span> <span class='ocrx_word' id='word_1_477' title='bbox 1110 630 1335 661; x_wconf 76' lang='lat' dir='ltr'><strong>contemperatum</strong></span> <span class='ocrx_word' id='word_1_478' title='bbox 1353 633 1404 652; x_wconf 87' lang='lat' dir='ltr'><strong>non</strong></span> <span class='ocrx_word' id='word_1_479' title='bbox 1420 625 1526 660; x_wconf 85' lang='lat' dir='ltr'><strong>recipio.</strong></span> <span class='ocrx_word' id='word_1_480' title='bbox 1684 617 1687 620; x_wconf 21' lang='lat' dir='ltr'><strong>i</strong></span> 
     </span>
    </p>
   </div>
   <div class='ocr_carea' id='block_1_71' title="bbox 948 670 1703 708">
    <p class='ocr_par' dir='ltr' id='par_1_71' title="bbox 948 670 1703 708">
     <span class='ocr_line' id='line_1_71' title="bbox 948 670 1703 708; baseline -0.001 -10"><span class='ocrx_word' id='word_1_481' title='bbox 948 672 1008 699; x_wconf 72' lang='grc'><strong>149.</strong></span> <span class='ocrx_word' id='word_1_482' title='bbox 1024 671 1185 708; x_wconf 85' lang='lat' dir='ltr'><strong>Fragmenta</strong></span> <span class='ocrx_word' id='word_1_483' title='bbox 1207 680 1238 699; x_wconf 74' lang='lat' dir='ltr'><strong>ea;</strong></span> <span class='ocrx_word' id='word_1_484' title='bbox 1255 671 1365 707; x_wconf 81' lang='lat' dir='ltr'><strong>epistola</strong></span> <span class='ocrx_word' id='word_1_485' title='bbox 1382 671 1416 698; x_wconf 88' lang='lat' dir='ltr'><strong>ad</strong></span> <span class='ocrx_word' id='word_1_486' title='bbox 1432 671 1573 698; x_wconf 77' lang='lat' dir='ltr'><strong>monachos</strong></span> <span class='ocrx_word' id='word_1_487' title='bbox 1597 670 1703 697; x_wconf 72' lang='lat' dir='ltr'><strong>Phaen—</strong></span> 
     </span>
    </p>
   </div>
   <div class='ocr_carea' id='block_1_72' title="bbox 911 716 1703 753">
    <p class='ocr_par' dir='ltr' id='par_1_72' title="bbox 911 716 1703 753">
     <span class='ocr_line' id='line_1_72' title="bbox 911 716 1703 753; baseline -0.003 -7"><span class='ocrx_word' id='word_1_488' title='bbox 911 727 961 751; x_wconf 79' lang='lat' dir='ltr'><strong>ses,</strong></span> <span class='ocrx_word' id='word_1_489' title='bbox 975 725 1071 746; x_wconf 85' lang='lat' dir='ltr'><strong>contra</strong></span> <span class='ocrx_word' id='word_1_490' title='bbox 1081 727 1193 746; x_wconf 87' lang='lat' dir='ltr'><strong>errores</strong></span> <span class='ocrx_word' id='word_1_491' title='bbox 1201 718 1338 753; x_wconf 80' lang='lat' dir='ltr'><strong>Origenis.</strong></span> <span class='ocrx_word' id='word_1_492' title='bbox 1351 717 1502 746; x_wconf 90' lang='lat' dir='ltr'><strong>Concilior.</strong></span> <span class='ocrx_word' id='word_1_493' title='bbox 1516 721 1582 744; x_wconf 86' lang='lat' dir='ltr'><strong>tom.</strong></span> <span class='ocrx_word' id='word_1_494' title='bbox 1596 717 1617 744; x_wconf 87' lang='lat' dir='ltr'><strong>V</strong></span> <span class='ocrx_word' id='word_1_495' title='bbox 1635 716 1703 744; x_wconf 87' lang='lat' dir='ltr'><strong>edit.</strong></span> 
     </span>
    </p>
   </div>
   <div class='ocr_carea' id='block_1_73' title="bbox 911 764 1214 801">
    <p class='ocr_par' dir='ltr' id='par_1_73' title="bbox 911 764 1214 801">
     <span class='ocr_line' id='line_1_73' title="bbox 911 764 1214 801; baseline -0.003 -9"><span class='ocrx_word' id='word_1_496' title='bbox 911 765 1024 797; x_wconf 83' lang='lat' dir='ltr'><strong>Labbei,</strong></span> <span class='ocrx_word' id='word_1_497' title='bbox 1038 774 1065 801; x_wconf 88' lang='lat' dir='ltr'><strong>p.</strong></span> <span class='ocrx_word' id='word_1_498' title='bbox 1084 764 1214 793; x_wconf 81' lang='lat'><strong>657-660.</strong></span> 
     </span>
    </p>
   </div>
   <div class='ocr_carea' id='block_1_74' title="bbox 950 809 1705 847">
    <p class='ocr_par' dir='ltr' id='par_1_74' title="bbox 950 809 1705 847">
     <span class='ocr_line' id='line_1_74' title="bbox 950 809 1705 847; baseline -0.003 -9"><span class='ocrx_word' id='word_1_499' title='bbox 950 811 1006 839; x_wconf 82' lang='lat'><strong>150.</strong></span> <span class='ocrx_word' id='word_1_500' title='bbox 1028 811 1156 847; x_wconf 79' lang='lat' dir='ltr'><strong>Prwfatio</strong></span> <span class='ocrx_word' id='word_1_501' title='bbox 1164 813 1191 838; x_wconf 86' lang='lat' dir='ltr'><strong>in</strong></span> <span class='ocrx_word' id='word_1_502' title='bbox 1202 811 1303 847; x_wconf 80' lang='lat' dir='ltr'><strong>cyclum</strong></span> <span class='ocrx_word' id='word_1_503' title='bbox 1319 810 1471 847; x_wconf 85' lang='lat' dir='ltr'><strong>pasclmlem</strong></span> <span class='ocrx_word' id='word_1_504' title='bbox 1487 818 1622 837; x_wconf 76' lang='lat' dir='ltr'><strong>atinorum</strong></span> <span class='ocrx_word' id='word_1_505' title='bbox 1635 809 1705 837; x_wconf 69' lang='lat' dir='ltr'><strong>XCV</strong></span> 
     </span>
    </p>
   </div>
   <div class='ocr_carea' id='block_1_75' title="bbox 913 856 1703 894">
    <p class='ocr_par' dir='ltr' id='par_1_75' title="bbox 913 856 1703 894">
     <span class='ocr_line' id='line_1_75' title="bbox 913 856 1703 894; baseline -0.003 -10"><span class='ocrx_word' id='word_1_506' title='bbox 913 857 1066 894; x_wconf 86' lang='lat' dir='ltr'><strong>(conditum</strong></span> <span class='ocrx_word' id='word_1_507' title='bbox 1083 857 1115 885; x_wconf 81' lang='grc' dir='ltr'><strong>Α.</strong></span> <span class='ocrx_word' id='word_1_508' title='bbox 1133 857 1165 885; x_wconf 88' lang='lat' dir='ltr'><strong>C.</strong></span> <span class='ocrx_word' id='word_1_509' title='bbox 1187 857 1249 885; x_wconf 69' lang='grc'><strong>456.</strong></span> <span class='ocrx_word' id='word_1_510' title='bbox 1271 857 1339 885; x_wconf 69' lang='lat' dir='ltr'><strong>Vide</strong></span> <span class='ocrx_word' id='word_1_511' title='bbox 1366 856 1525 887; x_wconf 80' lang='lat' dir='ltr'><strong>Tillemont,</strong></span> <span class='ocrx_word' id='word_1_512' title='bbox 1545 859 1610 883; x_wconf 88' lang='lat' dir='ltr'><strong>tom.</strong></span> <span class='ocrx_word' id='word_1_513' title='bbox 1632 856 1703 887; x_wconf 76' lang='lat' dir='ltr'><strong>XIV,</strong></span> 
     </span>
    </p>
   </div>
   <div class='ocr_carea' id='block_1_76' title="bbox 911 900 1706 940">
    <p class='ocr_par' dir='ltr' id='par_1_76' title="bbox 911 900 1706 940">
     <span class='ocr_line' id='line_1_76' title="bbox 911 900 1706 940; baseline -0.003 -10"><span class='ocrx_word' id='word_1_514' title='bbox 911 912 971 940; x_wconf 76' lang='lat' dir='ltr'><strong>pag.</strong></span> <span class='ocrx_word' id='word_1_515' title='bbox 989 903 1040 931; x_wconf 71' lang='grc'><strong>625</strong></span> <span class='ocrx_word' id='word_1_516' title='bbox 1052 903 1135 939; x_wconf 87' lang='lat' dir='ltr'><strong>scq.),</strong></span> <span class='ocrx_word' id='word_1_517' title='bbox 1152 903 1248 932; x_wconf 81' lang='lat' dir='ltr'><strong>Latine</strong></span> <span class='ocrx_word' id='word_1_518' title='bbox 1263 903 1336 930; x_wconf 87' lang='lat' dir='ltr'><strong>edita</strong></span> <span class='ocrx_word' id='word_1_519' title='bbox 1351 903 1386 930; x_wconf 89' lang='lat' dir='ltr'><strong>ab</strong></span> <span class='ocrx_word' id='word_1_520' title='bbox 1399 902 1507 938; x_wconf 64' lang='lat' dir='ltr'><strong>(Egidio</strong></span> <span class='ocrx_word' id='word_1_521' title='bbox 1524 900 1660 929; x_wconf 75' lang='lat' dir='ltr'><strong>Eucherio</strong></span> <span class='ocrx_word' id='word_1_522' title='bbox 1676 901 1706 929; x_wconf 90' lang='lat' dir='ltr'><strong>in</strong></span> 
     </span>
    </p>
   </div>
   <div class='ocr_carea' id='block_1_77' title="bbox 910 947 1703 984">
    <p class='ocr_par' dir='ltr' id='par_1_77' title="bbox 910 947 1703 984">
     <span class='ocr_line' id='line_1_77' title="bbox 910 947 1703 984; baseline -0.003 -8"><span class='ocrx_word' id='word_1_523' title='bbox 910 949 1039 977; x_wconf 86' lang='lat' dir='ltr'><strong>Doctrina</strong></span> <span class='ocrx_word' id='word_1_524' title='bbox 1055 953 1211 984; x_wconf 81' lang='lat' dir='ltr'><strong>temporum,</strong></span> <span class='ocrx_word' id='word_1_525' title='bbox 1233 956 1294 984; x_wconf 80' lang='lat' dir='ltr'><strong>pag.</strong></span> <span class='ocrx_word' id='word_1_526' title='bbox 1310 948 1441 975; x_wconf 72' lang='grc'><strong>481-484.</strong></span> <span class='ocrx_word' id='word_1_527' title='bbox 1463 948 1604 982; x_wconf 80' lang='lat' dir='ltr'><strong>Antwerp.</strong></span> <span class='ocrx_word' id='word_1_528' title='bbox 1624 947 1703 978; x_wconf 59' lang='lat'><strong>1655,</strong></span> 
     </span>
    </p>
   </div>
   <div class='ocr_carea' id='block_1_78' title="bbox 911 993 1702 1031">
    <p class='ocr_par' dir='ltr' id='par_1_78' title="bbox 911 993 1702 1031">
     <span class='ocr_line' id='line_1_78' title="bbox 911 993 1702 1031; baseline -0.003 -9"><span class='ocrx_word' id='word_1_529' title='bbox 911 995 956 1022; x_wconf 79' lang='lat' dir='ltr'><strong>fol.</strong></span> <span class='ocrx_word' id='word_1_530' title='bbox 974 995 1039 1031; x_wconf 88' lang='lat' dir='ltr'><strong>[Sed</strong></span> <span class='ocrx_word' id='word_1_531' title='bbox 1057 995 1221 1030; x_wconf 87' lang='lat' dir='ltr'><strong>locupletior</strong></span> <span class='ocrx_word' id='word_1_532' title='bbox 1238 998 1282 1022; x_wconf 84' lang='lat' dir='ltr'><strong>est</strong></span> <span class='ocrx_word' id='word_1_533' title='bbox 1306 994 1334 1022; x_wconf 90' lang='lat' dir='ltr'><strong>in</strong></span> <span class='ocrx_word' id='word_1_534' title='bbox 1362 994 1423 1022; x_wconf 86' lang='lat' dir='ltr'><strong>cod.</strong></span> <span class='ocrx_word' id='word_1_535' title='bbox 1453 993 1483 1020; x_wconf 85' lang='grc' dir='ltr'><strong>Β.</strong></span> <span class='ocrx_word' id='word_1_536' title='bbox 1511 993 1587 1029; x_wconf 90' lang='lat' dir='ltr'><strong>publ.</strong></span> <span class='ocrx_word' id='word_1_537' title='bbox 1615 993 1702 1021; x_wconf 85' lang='lat' dir='ltr'><strong>Paris.</strong></span> 
     </span>
    </p>
   </div>
   <div class='ocr_carea' id='block_1_79' title="bbox 910 1036 1703 1074">
    <p class='ocr_par' dir='ltr' id='par_1_79' title="bbox 910 1036 1703 1074">
     <span class='ocr_line' id='line_1_79' title="bbox 910 1036 1703 1074; baseline -0.005 -6"><span class='ocrx_word' id='word_1_538' title='bbox 910 1040 1038 1073; x_wconf 83' lang='lat' dir='ltr'><strong>DCIX,n.</strong></span> <span class='ocrx_word' id='word_1_539' title='bbox 1053 1041 1080 1067; x_wconf 73' lang='grc'><strong>4.</strong></span> <span class='ocrx_word' id='word_1_540' title='bbox 1095 1040 1128 1068; x_wconf 85' lang='lat' dir='ltr'><strong>V.</strong></span> <span class='ocrx_word' id='word_1_541' title='bbox 1143 1040 1202 1068; x_wconf 84' lang='lat' dir='ltr'><strong>Cat.</strong></span> <span class='ocrx_word' id='word_1_542' title='bbox 1220 1039 1300 1068; x_wconf 91' lang='lat' dir='ltr'><strong>codd.</strong></span> <span class='ocrx_word' id='word_1_543' title='bbox 1317 1039 1416 1072; x_wconf 83' lang='lat' dir='ltr'><strong>Paris.,</strong></span> <span class='ocrx_word' id='word_1_544' title='bbox 1433 1038 1477 1072; x_wconf 93' lang='lat' dir='ltr'><strong>III,</strong></span> <span class='ocrx_word' id='word_1_545' title='bbox 1494 1046 1555 1074; x_wconf 79' lang='lat' dir='ltr'><strong>pag.</strong></span> <span class='ocrx_word' id='word_1_546' title='bbox 1573 1038 1603 1065; x_wconf 83' lang='grc'><strong>51</strong></span> <span class='ocrx_word' id='word_1_547' title='bbox 1611 1036 1631 1074; x_wconf 88' lang='grc'><strong>.]</strong></span> <span class='ocrx_word' id='word_1_548' title='bbox 1646 1038 1703 1065; x_wconf 81' lang='lat' dir='ltr'><strong>Me-</strong></span> 
     </span>
    </p>
   </div>
   <div class='ocr_carea' id='block_1_80' title="bbox 910 1081 1704 1121">
    <p class='ocr_par' dir='ltr' id='par_1_80' title="bbox 910 1081 1704 1121">
     <span class='ocr_line' id='line_1_80' title="bbox 910 1081 1704 1121; baseline -0.005 -8"><span class='ocrx_word' id='word_1_549' title='bbox 910 1086 991 1113; x_wconf 90' lang='lat' dir='ltr'><strong>minit</strong></span> <span class='ocrx_word' id='word_1_550' title='bbox 1008 1085 1075 1121; x_wconf 76' lang='lat' dir='ltr'><strong>cycli</strong></span> <span class='ocrx_word' id='word_1_551' title='bbox 1089 1085 1174 1118; x_wconf 88' lang='lat' dir='ltr'><strong>illius,</strong></span> <span class='ocrx_word' id='word_1_552' title='bbox 1193 1093 1226 1112; x_wconf 77' lang='lat' dir='ltr'><strong>ex</strong></span> <span class='ocrx_word' id='word_1_553' title='bbox 1252 1085 1373 1119; x_wconf 87' lang='lat' dir='ltr'><strong>quinque</strong></span> <span class='ocrx_word' id='word_1_554' title='bbox 1389 1083 1472 1119; x_wconf 85' lang='lat' dir='ltr'><strong>cyclis</strong></span> <span class='ocrx_word' id='word_1_555' title='bbox 1503 1081 1704 1110; x_wconf 83' lang='lat' dir='ltr'><strong>decemnoven-</strong></span> 
     </span>
    </p>
   </div>
   <div class='ocr_carea' id='block_1_81' title="bbox 909 1129 1704 1166">
    <p class='ocr_par' dir='ltr' id='par_1_81' title="bbox 909 1129 1704 1166">
     <span class='ocr_line' id='line_1_81' title="bbox 909 1129 1704 1166; baseline -0.005 -7"><span class='ocrx_word' id='word_1_556' title='bbox 909 1131 1019 1160; x_wconf 86' lang='lat' dir='ltr'><strong>ualibus</strong></span> <span class='ocrx_word' id='word_1_557' title='bbox 1037 1131 1200 1163; x_wconf 85' lang='lat' dir='ltr'><strong>constantis,</strong></span> <span class='ocrx_word' id='word_1_558' title='bbox 1216 1130 1376 1166; x_wconf 81' lang='lat' dir='ltr'><strong>Sigebertus</strong></span> <span class='ocrx_word' id='word_1_559' title='bbox 1395 1129 1610 1163; x_wconf 87' lang='lat' dir='ltr'><strong>Gcmblacensis,</strong></span> <span class='ocrx_word' id='word_1_560' title='bbox 1631 1137 1656 1156; x_wconf 90' lang='lat' dir='ltr'><strong>c.</strong></span> <span class='ocrx_word' id='word_1_561' title='bbox 1668 1129 1704 1156; x_wconf 71' lang='grc'><strong>24</strong></span> 
     </span>
    </p>
   </div>
   <div class='ocr_carea' id='block_1_82' title="bbox 909 1176 1341 1214">
    <p class='ocr_par' dir='ltr' id='par_1_82' title="bbox 909 1176 1341 1214">
     <span class='ocr_line' id='line_1_82' title="bbox 909 1176 1341 1214; baseline -0.002 -10"><span class='ocrx_word' id='word_1_562' title='bbox 909 1177 948 1205; x_wconf 82' lang='lat' dir='ltr'><strong>De</strong></span> <span class='ocrx_word' id='word_1_563' title='bbox 963 1178 1132 1214; x_wconf 82' lang='lat' dir='ltr'><strong>scriptoribus</strong></span> <span class='ocrx_word' id='word_1_564' title='bbox 1151 1176 1341 1204; x_wconf 81' lang='lat' dir='ltr'><strong>ecclesiasticis.</strong></span> 
     </span>
    </p>
   </div>
   <div class='ocr_carea' id='block_1_83' title="bbox 944 1221 1703 1258">
    <p class='ocr_par' dir='ltr' id='par_1_83' title="bbox 944 1221 1703 1258">
     <span class='ocr_line' id='line_1_83' title="bbox 944 1221 1703 1258; baseline -0.003 -8"><span class='ocrx_word' id='word_1_565' title='bbox 944 1223 1005 1250; x_wconf 87' lang='grc'><strong>151.</strong></span> <span class='ocrx_word' id='word_1_566' title='bbox 1023 1223 1152 1258; x_wconf 85' lang='lat' dir='ltr'><strong>Liturgia,</strong></span> <span class='ocrx_word' id='word_1_567' title='bbox 1170 1230 1202 1250; x_wconf 86' lang='lat' dir='ltr'><strong>ex</strong></span> <span class='ocrx_word' id='word_1_568' title='bbox 1217 1222 1335 1250; x_wconf 81' lang='lat' dir='ltr'><strong>Arabico</strong></span> <span class='ocrx_word' id='word_1_569' title='bbox 1346 1221 1442 1249; x_wconf 85' lang='lat' dir='ltr'><strong>Latine</strong></span> <span class='ocrx_word' id='word_1_570' title='bbox 1461 1228 1539 1248; x_wconf 80' lang='lat' dir='ltr'><strong>versa</strong></span> <span class='ocrx_word' id='word_1_571' title='bbox 1550 1229 1565 1249; x_wconf 83' lang='lat' dir='ltr'><strong>a</strong></span> <span class='ocrx_word' id='word_1_572' title='bbox 1581 1221 1703 1249; x_wconf 81' lang='lat' dir='ltr'><strong>Victorio</strong></span> 
     </span>
    </p>
   </div>
   <div class='ocr_carea' id='block_1_84' title="bbox 910 1264 1703 1303">
    <p class='ocr_par' dir='ltr' id='par_1_84' title="bbox 910 1264 1703 1303">
     <span class='ocr_line' id='line_1_84' title="bbox 910 1264 1703 1303; baseline -0.004 -7"><span class='ocrx_word' id='word_1_573' title='bbox 910 1268 1045 1303; x_wconf 77' lang='lat' dir='ltr'><strong>Scialagb.</strong></span> <span class='ocrx_word' id='word_1_574' title='bbox 1063 1268 1191 1303; x_wconf 69' lang='lat' dir='ltr'><strong>Augusta:</strong></span> <span class='ocrx_word' id='word_1_575' title='bbox 1204 1267 1338 1295; x_wconf 83' lang='lat' dir='ltr'><strong>Vindelic.</strong></span> <span class='ocrx_word' id='word_1_576' title='bbox 1355 1266 1434 1299; x_wconf 68' lang='grc'>1604,</span> <span class='ocrx_word' id='word_1_577' title='bbox 1455 1267 1524 1299; x_wconf 66' lang='lat' dir='ltr'><strong>in-I,</strong></span> <span class='ocrx_word' id='word_1_578' title='bbox 1543 1271 1624 1301; x_wconf 83' lang='lat' dir='ltr'><strong>atque</strong></span> <span class='ocrx_word' id='word_1_579' title='bbox 1638 1264 1703 1293; x_wconf 84' lang='lat' dir='ltr'><strong>inde</strong></span> 
     </span>
    </p>
   </div>
   <div class='ocr_carea' id='block_1_85' title="bbox 910 1312 1704 1342">
    <p class='ocr_par' dir='ltr' id='par_1_85' title="bbox 910 1312 1704 1342">
     <span class='ocr_line' id='line_1_85' title="bbox 910 1312 1704 1342; baseline -0.003 -1"><span class='ocrx_word' id='word_1_580' title='bbox 910 1314 938 1341; x_wconf 94' lang='lat' dir='ltr'><strong>in</strong></span> <span class='ocrx_word' id='word_1_581' title='bbox 956 1313 1024 1341; x_wconf 84' lang='lat' dir='ltr'><strong>Bibl.</strong></span> <span class='ocrx_word' id='word_1_582' title='bbox 1050 1314 1162 1342; x_wconf 84' lang='lat' dir='ltr'><strong>Patrum</strong></span> <span class='ocrx_word' id='word_1_583' title='bbox 1182 1313 1270 1340; x_wconf 78' lang='lat' dir='ltr'><strong>Paris.</strong></span> <span class='ocrx_word' id='word_1_584' title='bbox 1287 1313 1403 1340; x_wconf 64' lang='lat'><strong>11.1654.</strong></span> <span class='ocrx_word' id='word_1_585' title='bbox 1422 1313 1500 1340; x_wconf 90' lang='lat' dir='ltr'><strong>Tom.</strong></span> <span class='ocrx_word' id='word_1_586' title='bbox 1515 1313 1558 1340; x_wconf 74' lang='lat' dir='ltr'><strong>VI.</strong></span> <span class='ocrx_word' id='word_1_587' title='bbox 1578 1312 1704 1340; x_wconf 72' lang='lat' dir='ltr'><strong>Maxima:</strong></span> 
     </span>
    </p>
   </div>
   <div class='ocr_carea' id='block_1_86' title="bbox 909 1358 1701 1395">
    <p class='ocr_par' dir='ltr' id='par_1_86' title="bbox 909 1358 1701 1395">
     <span class='ocr_line' id='line_1_86' title="bbox 909 1358 1701 1395; baseline -0.004 -8"><span class='ocrx_word' id='word_1_588' title='bbox 909 1361 1085 1392; x_wconf 81' lang='lat' dir='ltr'><strong>auctoritatis,</strong></span> <span class='ocrx_word' id='word_1_589' title='bbox 1103 1360 1191 1395; x_wconf 84' lang='lat' dir='ltr'><strong>inquit</strong></span> <span class='ocrx_word' id='word_1_590' title='bbox 1202 1359 1390 1395; x_wconf 76' lang='lat' dir='ltr'><strong>Villalpandus</strong></span> <span class='ocrx_word' id='word_1_591' title='bbox 1402 1358 1430 1386; x_wconf 93' lang='lat' dir='ltr'><strong>in</strong></span> <span class='ocrx_word' id='word_1_592' title='bbox 1439 1367 1499 1394; x_wconf 86' lang='lat' dir='ltr'><strong>cap.</strong></span> <span class='ocrx_word' id='word_1_593' title='bbox 1512 1366 1530 1385; x_wconf 92' lang='grc' dir='ltr'><strong>ιι</strong></span> <span class='ocrx_word' id='word_1_594' title='bbox 1539 1358 1701 1390; x_wconf 85' lang='lat' dir='ltr'><strong>Ezechielis,</strong></span> 
     </span>
    </p>
   </div>
   <div class='ocr_carea' id='block_1_87' title="bbox 909 1403 1704 1442">
    <p class='ocr_par' dir='ltr' id='par_1_87' title="bbox 909 1403 1704 1442">
     <span class='ocr_line' id='line_1_87' title="bbox 909 1403 1704 1442; baseline -0.003 -10"><span class='ocrx_word' id='word_1_595' title='bbox 909 1413 936 1442; x_wconf 88' lang='lat' dir='ltr'><strong>p.</strong></span> <span class='ocrx_word' id='word_1_596' title='bbox 952 1406 1015 1437; x_wconf 72' lang='grc'><strong>512,</strong></span> <span class='ocrx_word' id='word_1_597' title='bbox 1028 1406 1108 1432; x_wconf 70' lang='lat' dir='ltr'><strong>rideri</strong></span> <span class='ocrx_word' id='word_1_598' title='bbox 1125 1405 1197 1432; x_wconf 85' lang='lat' dir='ltr'><strong>debet</strong></span> <span class='ocrx_word' id='word_1_599' title='bbox 1213 1404 1241 1432; x_wconf 92' lang='lat' dir='ltr'><strong>S.</strong></span> <span class='ocrx_word' id='word_1_600' title='bbox 1258 1404 1374 1440; x_wconf 86' lang='lat' dir='ltr'><strong>Cyrillus</strong></span> <span class='ocrx_word' id='word_1_601' title='bbox 1388 1405 1415 1431; x_wconf 88' lang='lat' dir='ltr'><strong>in</strong></span> <span class='ocrx_word' id='word_1_602' title='bbox 1432 1413 1462 1431; x_wconf 82' lang='lat' dir='ltr'><strong>ea</strong></span> <span class='ocrx_word' id='word_1_603' title='bbox 1482 1403 1603 1439; x_wconf 79' lang='lat' dir='ltr'><strong>liturgia,</strong></span> <span class='ocrx_word' id='word_1_604' title='bbox 1623 1412 1704 1439; x_wconf 83' lang='lat' dir='ltr'><strong>quam</strong></span> 
     </span>
    </p>
   </div>
   <div class='ocr_carea' id='block_1_88' title="bbox 910 1449 1702 1487">
    <p class='ocr_par' dir='ltr' id='par_1_88' title="bbox 910 1449 1702 1487">
     <span class='ocr_line' id='line_1_88' title="bbox 910 1449 1702 1487; baseline -0.003 -9"><span class='ocrx_word' id='word_1_605' title='bbox 910 1460 993 1487; x_wconf 84' lang='lat' dir='ltr'><strong>nuper</strong></span> <span class='ocrx_word' id='word_1_606' title='bbox 1006 1450 1206 1486; x_wconf 63' lang='lat' dir='ltr'><strong>exngyptiaca</strong></span> <span class='ocrx_word' id='word_1_607' title='bbox 1231 1451 1320 1486; x_wconf 87' lang='lat' dir='ltr'><strong>lingua</strong></span> <span class='ocrx_word' id='word_1_608' title='bbox 1336 1452 1362 1478; x_wconf 87' lang='lat' dir='ltr'><strong>in</strong></span> <span class='ocrx_word' id='word_1_609' title='bbox 1375 1450 1499 1478; x_wconf 85' lang='lat' dir='ltr'><strong>Latinam</strong></span> <span class='ocrx_word' id='word_1_610' title='bbox 1512 1451 1638 1478; x_wconf 75' lang='lat' dir='ltr'><strong>convertit</strong></span> <span class='ocrx_word' id='word_1_611' title='bbox 1658 1449 1702 1477; x_wconf 77' lang='lat' dir='ltr'><strong>Vi-</strong></span> 
     </span>
    </p>
   </div>
   <div class='ocr_carea' id='block_1_89' title="bbox 910 1496 1704 1532">
    <p class='ocr_par' dir='ltr' id='par_1_89' title="bbox 910 1496 1704 1532">
     <span class='ocr_line' id='line_1_89' title="bbox 910 1496 1704 1532; baseline -0.003 -8"><span class='ocrx_word' id='word_1_612' title='bbox 910 1498 1006 1524; x_wconf 82' lang='lat' dir='ltr'><strong>ctorius</strong></span> <span class='ocrx_word' id='word_1_613' title='bbox 1036 1497 1206 1530; x_wconf 80' lang='lat' dir='ltr'><strong>Ilacurensis,</strong></span> <span class='ocrx_word' id='word_1_614' title='bbox 1225 1496 1370 1530; x_wconf 80' lang='lat' dir='ltr'><strong>Maronita,</strong></span> <span class='ocrx_word' id='word_1_615' title='bbox 1388 1505 1522 1532; x_wconf 86' lang='lat' dir='ltr'><strong>quamque</strong></span> <span class='ocrx_word' id='word_1_616' title='bbox 1538 1496 1644 1532; x_wconf 83' lang='lat' dir='ltr'><strong>vulgari</strong></span> <span class='ocrx_word' id='word_1_617' title='bbox 1659 1504 1704 1522; x_wconf 85' lang='lat' dir='ltr'><strong>eu-</strong></span> 
     </span>
    </p>
   </div>
   <div class='ocr_carea' id='block_1_90' title="bbox 871 1541 1702 1582">
    <p class='ocr_par' dir='ltr' id='par_1_90' title="bbox 871 1541 1702 1582">
     <span class='ocr_line' id='line_1_90' title="bbox 871 1541 1702 1582; baseline 0 -13"><span class='ocrx_word' id='word_1_618' title='bbox 871 1553 892 1582; x_wconf 76' lang='lat' dir='ltr'><strong>c</strong></span> <span class='ocrx_word' id='word_1_619' title='bbox 910 1546 954 1569; x_wconf 87' lang='lat' dir='ltr'><strong>rat</strong></span> <span class='ocrx_word' id='word_1_620' title='bbox 971 1541 1101 1569; x_wconf 78' lang='lat' dir='ltr'><strong>Velserus.</strong></span> <span class='ocrx_word' id='word_1_621' title='bbox 1115 1542 1237 1578; x_wconf 76' lang='lat' dir='ltr'><strong>Liturgia</strong></span> <span class='ocrx_word' id='word_1_622' title='bbox 1254 1543 1321 1575; x_wconf 66' lang='lat' dir='ltr'><strong>haec,</strong></span> <span class='ocrx_word' id='word_1_623' title='bbox 1337 1542 1454 1570; x_wconf 74' lang='lat' dir='ltr'><strong>Arabico</strong></span> <span class='ocrx_word' id='word_1_624' title='bbox 1467 1547 1495 1570; x_wconf 86' lang='lat' dir='ltr'><strong>et</strong></span> <span class='ocrx_word' id='word_1_625' title='bbox 1508 1542 1621 1577; x_wconf 82' lang='lat' dir='ltr'><strong>Coptiee</strong></span> <span class='ocrx_word' id='word_1_626' title='bbox 1633 1541 1702 1569; x_wconf 88' lang='lat' dir='ltr'><strong>scri-</strong></span> 
     </span>
    </p>
   </div>
   <div class='ocr_carea' id='block_1_91' title="bbox 909 1587 1702 1623">
    <p class='ocr_par' dir='ltr' id='par_1_91' title="bbox 909 1587 1702 1623">
     <span class='ocr_line' id='line_1_91' title="bbox 909 1587 1702 1623; baseline -0.001 -8"><span class='ocrx_word' id='word_1_627' title='bbox 909 1593 964 1623; x_wconf 86' lang='lat' dir='ltr'><strong>pta,</strong></span> <span class='ocrx_word' id='word_1_628' title='bbox 979 1588 1006 1615; x_wconf 92' lang='lat' dir='ltr'><strong>iu</strong></span> <span class='ocrx_word' id='word_1_629' title='bbox 1026 1587 1193 1616; x_wconf 80' lang='lat' dir='ltr'><strong>membranis</strong></span> <span class='ocrx_word' id='word_1_630' title='bbox 1208 1588 1261 1616; x_wconf 81' lang='lat' dir='ltr'><strong>fuit</strong></span> <span class='ocrx_word' id='word_1_631' title='bbox 1275 1588 1348 1616; x_wconf 86' lang='lat' dir='ltr'><strong>inter</strong></span> <span class='ocrx_word' id='word_1_632' title='bbox 1363 1596 1429 1616; x_wconf 87' lang='lat' dir='ltr'><strong>mss.</strong></span> <span class='ocrx_word' id='word_1_633' title='bbox 1443 1587 1553 1616; x_wconf 86' lang='lat' dir='ltr'><strong>codices</strong></span> <span class='ocrx_word' id='word_1_634' title='bbox 1566 1588 1598 1615; x_wconf 91' lang='lat' dir='ltr'><strong>D.</strong></span> <span class='ocrx_word' id='word_1_635' title='bbox 1614 1587 1702 1615; x_wconf 78' lang='lat' dir='ltr'><strong>Abra-</strong></span> 
     </span>
    </p>
   </div>
   <div class='ocr_carea' id='block_1_92' title="bbox 908 1633 1702 1666">
    <p class='ocr_par' dir='ltr' id='par_1_92' title="bbox 908 1633 1702 1666">
     <span class='ocr_line' id='line_1_92' title="bbox 908 1633 1702 1666; baseline 0.001 -6"><span class='ocrx_word' id='word_1_636' title='bbox 908 1634 981 1661; x_wconf 87' lang='lat' dir='ltr'><strong>hami</strong></span> <span class='ocrx_word' id='word_1_637' title='bbox 1011 1633 1229 1666; x_wconf 84' lang='lat' dir='ltr'><strong>IIinckeImanni.</strong></span> <span class='ocrx_word' id='word_1_638' title='bbox 1256 1634 1334 1662; x_wconf 69' lang='lat' dir='ltr'><strong>Fann.</strong></span> <span class='ocrx_word' id='word_1_639' title='bbox 1350 1635 1427 1662; x_wconf 73' lang='lat' dir='ltr'><strong>~Iu</strong></span> <span class='ocrx_word' id='word_1_640' title='bbox 1444 1635 1505 1662; x_wconf 90' lang='lat' dir='ltr'><strong>cod.</strong></span> <span class='ocrx_word' id='word_1_641' title='bbox 1532 1634 1646 1662; x_wconf 85' lang='lat' dir='ltr'><strong>Coisliu.</strong></span> <span class='ocrx_word' id='word_1_642' title='bbox 1674 1634 1702 1661; x_wconf 87' lang='lat' dir='ltr'><strong>iu</strong></span> 
     </span>
    </p>
   </div>
   <div class='ocr_carea' id='block_1_93' title="bbox 908 1680 1701 1716">
    <p class='ocr_par' dir='ltr' id='par_1_93' title="bbox 908 1680 1701 1716">
     <span class='ocr_line' id='line_1_93' title="bbox 908 1680 1701 1716; baseline 0 -8"><span class='ocrx_word' id='word_1_643' title='bbox 908 1681 1053 1708; x_wconf 82' lang='lat' dir='ltr'><strong>Montfauc.</strong></span> <span class='ocrx_word' id='word_1_644' title='bbox 1066 1680 1125 1709; x_wconf 86' lang='lat' dir='ltr'><strong>Cat.</strong></span> <span class='ocrx_word' id='word_1_645' title='bbox 1138 1681 1199 1708; x_wconf 87' lang='lat' dir='ltr'><strong>bibl.</strong></span> <span class='ocrx_word' id='word_1_646' title='bbox 1220 1681 1312 1714; x_wconf 83' lang='lat' dir='ltr'><strong>CoisL,</strong></span> <span class='ocrx_word' id='word_1_647' title='bbox 1331 1689 1358 1716; x_wconf 89' lang='lat' dir='ltr'><strong>p.</strong></span> <span class='ocrx_word' id='word_1_648' title='bbox 1380 1681 1441 1714; x_wconf 85' lang='lat'><strong>188,</strong></span> <span class='ocrx_word' id='word_1_649' title='bbox 1460 1681 1591 1709; x_wconf 85' lang='lat' dir='ltr'><strong>tribuitur</strong></span> <span class='ocrx_word' id='word_1_650' title='bbox 1607 1681 1649 1708; x_wconf 85' lang='lat' dir='ltr'><strong>illa</strong></span> <span class='ocrx_word' id='word_1_651' title='bbox 1667 1681 1701 1708; x_wconf 89' lang='lat' dir='ltr'><strong>li-</strong></span> 
     </span>
    </p>
   </div>
   <div class='ocr_carea' id='block_1_94' title="bbox 909 1727 1702 1764">
    <p class='ocr_par' dir='ltr' id='par_1_94' title="bbox 909 1727 1702 1764">
     <span class='ocr_line' id='line_1_94' title="bbox 909 1727 1702 1764; baseline 0.001 -10"><span class='ocrx_word' id='word_1_652' title='bbox 909 1728 997 1764; x_wconf 74' lang='lat' dir='ltr'><strong>turgia</strong></span> <span class='ocrx_word' id='word_1_653' title='bbox 1010 1728 1122 1760; x_wconf 84' lang='lat' dir='ltr'><strong>Jacobo,</strong></span> <span class='ocrx_word' id='word_1_654' title='bbox 1142 1727 1220 1755; x_wconf 83' lang='lat' dir='ltr'><strong>fratri</strong></span> <span class='ocrx_word' id='word_1_655' title='bbox 1235 1727 1354 1755; x_wconf 88' lang='lat' dir='ltr'><strong>Domini.</strong></span> <span class='ocrx_word' id='word_1_656' title='bbox 1370 1743 1404 1747; x_wconf 93' lang='lat'><strong>—</strong></span> <span class='ocrx_word' id='word_1_657' title='bbox 1418 1728 1446 1755; x_wconf 92' lang='lat' dir='ltr'><strong>Iu</strong></span> <span class='ocrx_word' id='word_1_658' title='bbox 1463 1727 1526 1756; x_wconf 82' lang='lat' dir='ltr'><strong>Seb.</strong></span> <span class='ocrx_word' id='word_1_659' title='bbox 1545 1728 1702 1758; x_wconf 79' lang='lat' dir='ltr'><strong>Renaudoti</strong></span> 
     </span>
    </p>
   </div>
   <div class='ocr_carea' id='block_1_95' title="bbox 908 1773 1701 1809">
    <p class='ocr_par' dir='ltr' id='par_1_95' title="bbox 908 1773 1701 1809">
     <span class='ocr_line' id='line_1_95' title="bbox 908 1773 1701 1809; baseline 0.003 -9"><span class='ocrx_word' id='word_1_660' title='bbox 908 1773 1016 1801; x_wconf 81' lang='lat' dir='ltr'><strong>Collect.</strong></span> <span class='ocrx_word' id='word_1_661' title='bbox 1031 1774 1164 1809; x_wconf 86' lang='lat' dir='ltr'><strong>Iiturgiar.</strong></span> <span class='ocrx_word' id='word_1_662' title='bbox 1180 1773 1367 1806; x_wconf 84' lang='lat' dir='ltr'><strong>Orientalium,</strong></span> <span class='ocrx_word' id='word_1_663' title='bbox 1387 1778 1452 1801; x_wconf 81' lang='lat' dir='ltr'><strong>tom.</strong></span> <span class='ocrx_word' id='word_1_664' title='bbox 1474 1774 1494 1806; x_wconf 91' lang='lat' dir='ltr'><strong>I,</strong></span> <span class='ocrx_word' id='word_1_665' title='bbox 1514 1774 1602 1802; x_wconf 86' lang='lat' dir='ltr'><strong>Paris.</strong></span> <span class='ocrx_word' id='word_1_666' title='bbox 1621 1774 1701 1805; x_wconf 81' lang='lat'><strong>1716,</strong></span> 
     </span>
    </p>
   </div>
   <div class='ocr_carea' id='block_1_96' title="bbox 908 1819 1700 1855">
    <p class='ocr_par' dir='ltr' id='par_1_96' title="bbox 908 1819 1700 1855">
     <span class='ocr_line' id='line_1_96' title="bbox 908 1819 1700 1855; baseline -0.001 -8"><span class='ocrx_word' id='word_1_667' title='bbox 908 1820 934 1852; x_wconf 62' lang='lat' dir='ltr'><strong>tl,</strong></span> <span class='ocrx_word' id='word_1_668' title='bbox 953 1829 980 1855; x_wconf 94' lang='lat' dir='ltr'><strong>p.</strong></span> <span class='ocrx_word' id='word_1_669' title='bbox 996 1819 1040 1853; x_wconf 82' lang='lat'><strong>58,</strong></span> <span class='ocrx_word' id='word_1_670' title='bbox 1059 1823 1088 1847; x_wconf 86' lang='lat' dir='ltr'><strong>et</strong></span> <span class='ocrx_word' id='word_1_671' title='bbox 1101 1819 1225 1847; x_wconf 79' lang='lat' dir='ltr'><strong>Renaud.</strong></span> <span class='ocrx_word' id='word_1_672' title='bbox 1238 1823 1296 1847; x_wconf 87' lang='lat' dir='ltr'><strong>not.</strong></span> <span class='ocrx_word' id='word_1_673' title='bbox 1313 1827 1340 1854; x_wconf 88' lang='lat' dir='ltr'><strong>p.</strong></span> <span class='ocrx_word' id='word_1_674' title='bbox 1356 1819 1408 1846; x_wconf 76' lang='lat'><strong>315</strong></span> <span class='ocrx_word' id='word_1_675' title='bbox 1422 1827 1494 1854; x_wconf 55' lang='grc' dir='ltr'>ειμι,</span> <span class='ocrx_word' id='word_1_676' title='bbox 1510 1819 1604 1855; x_wconf 78' lang='lat' dir='ltr'><strong>Cyrilli</strong></span> <span class='ocrx_word' id='word_1_677' title='bbox 1622 1819 1700 1846; x_wconf 79' lang='lat' dir='ltr'><strong>Alex.</strong></span> 
     </span>
    </p>
   </div>
   <div class='ocr_carea' id='block_1_97' title="bbox 908 1865 1701 1902">
    <p class='ocr_par' dir='ltr' id='par_1_97' title="bbox 908 1865 1701 1902">
     <span class='ocr_line' id='line_1_97' title="bbox 908 1865 1701 1902; baseline -0.001 -10"><span class='ocrx_word' id='word_1_678' title='bbox 908 1866 1016 1901; x_wconf 81' lang='lat' dir='ltr'><strong>liturgia</strong></span> <span class='ocrx_word' id='word_1_679' title='bbox 1033 1866 1105 1894; x_wconf 89' lang='lat' dir='ltr'><strong>inter</strong></span> <span class='ocrx_word' id='word_1_680' title='bbox 1117 1869 1172 1894; x_wconf 85' lang='lat' dir='ltr'><strong>tres</strong></span> <span class='ocrx_word' id='word_1_681' title='bbox 1182 1866 1307 1902; x_wconf 80' lang='lat' dir='ltr'><strong>Iiturgias</strong></span> <span class='ocrx_word' id='word_1_682' title='bbox 1319 1865 1490 1901; x_wconf 82' lang='lat' dir='ltr'><strong>Coptitarum</strong></span> <span class='ocrx_word' id='word_1_683' title='bbox 1502 1865 1701 1898; x_wconf 77' lang='lat' dir='ltr'><strong>Jacobitarum,</strong></span> 
     </span>
    </p>
   </div>
   <div class='ocr_carea' id='block_1_98' title="bbox 907 1911 1716 1947">
    <p class='ocr_par' dir='ltr' id='par_1_98' title="bbox 907 1911 1716 1947">
     <span class='ocr_line' id='line_1_98' title="bbox 907 1911 1716 1947; baseline -0.001 -8"><span class='ocrx_word' id='word_1_684' title='bbox 907 1920 941 1939; x_wconf 77' lang='lat' dir='ltr'><strong>ex</strong></span> <span class='ocrx_word' id='word_1_685' title='bbox 955 1911 1068 1947; x_wconf 88' lang='lat' dir='ltr'><strong>Coptico</strong></span> <span class='ocrx_word' id='word_1_686' title='bbox 1077 1919 1224 1939; x_wconf 85' lang='lat' dir='ltr'><strong>conversas</strong></span> <span class='ocrx_word' id='word_1_687' title='bbox 1237 1921 1242 1938; x_wconf 93' lang='lat'>:</span> <span class='ocrx_word' id='word_1_688' title='bbox 1257 1912 1284 1939; x_wconf 91' lang='lat' dir='ltr'><strong>in</strong></span> <span class='ocrx_word' id='word_1_689' title='bbox 1300 1915 1365 1939; x_wconf 88' lang='lat' dir='ltr'><strong>tom.</strong></span> <span class='ocrx_word' id='word_1_690' title='bbox 1378 1912 1411 1944; x_wconf 90' lang='lat' dir='ltr'><strong>II,</strong></span> <span class='ocrx_word' id='word_1_691' title='bbox 1426 1919 1454 1938; x_wconf 91' lang='lat' dir='ltr'><strong>n.</strong></span> <span class='ocrx_word' id='word_1_692' title='bbox 1467 1911 1618 1947; x_wconf 69' lang='lat' dir='ltr'><strong>20,p.27:‘i,</strong></span> <span class='ocrx_word' id='word_1_693' title='bbox 1631 1915 1716 1939; x_wconf 62' lang='lat' dir='ltr'><strong>noun.</strong></span> 
     </span>
    </p>
   </div>
   <div class='ocr_carea' id='block_1_99' title="bbox 907 1957 1703 1994">
    <p class='ocr_par' dir='ltr' id='par_1_99' title="bbox 907 1957 1703 1994">
     <span class='ocr_line' id='line_1_99' title="bbox 907 1957 1703 1994; baseline -0.003 -8"><span class='ocrx_word' id='word_1_694' title='bbox 907 1967 934 1994; x_wconf 89' lang='lat' dir='ltr'><strong>p.</strong></span> <span class='ocrx_word' id='word_1_695' title='bbox 951 1958 1014 1990; x_wconf 69' lang='lat'><strong>285,</strong></span> <span class='ocrx_word' id='word_1_696' title='bbox 1030 1974 1064 1977; x_wconf 98' lang='lat'>—</span> <span class='ocrx_word' id='word_1_697' title='bbox 1077 1957 1148 1985; x_wconf 86' lang='lat' dir='ltr'><strong>inter</strong></span> <span class='ocrx_word' id='word_1_698' title='bbox 1165 1958 1301 1992; x_wconf 80' lang='lat' dir='ltr'><strong>liturgias,</strong></span> <span class='ocrx_word' id='word_1_699' title='bbox 1318 1966 1351 1985; x_wconf 84' lang='lat' dir='ltr'><strong>ex</strong></span> <span class='ocrx_word' id='word_1_700' title='bbox 1373 1958 1453 1985; x_wconf 89' lang='lat' dir='ltr'><strong>codd.</strong></span> <span class='ocrx_word' id='word_1_701' title='bbox 1470 1958 1590 1994; x_wconf 75' lang='lat' dir='ltr'><strong>Syriacis</strong></span> <span class='ocrx_word' id='word_1_702' title='bbox 1605 1957 1703 1984; x_wconf 81' lang='lat' dir='ltr'><strong>Latine</strong></span> 
     </span>
    </p>
   </div>
   <div class='ocr_carea' id='block_1_100' title="bbox 907 2003 1704 2032">
    <p class='ocr_par' dir='ltr' id='par_1_100' title="bbox 907 2003 1704 2032">
     <span class='ocr_line' id='line_1_100' title="bbox 907 2003 1704 2032; baseline -0.001 0"><span class='ocrx_word' id='word_1_703' title='bbox 907 2013 1008 2032; x_wconf 71' lang='lat' dir='ltr'><strong>versas.</strong></span> <span class='ocrx_word' id='word_1_704' title='bbox 1023 2004 1092 2032; x_wconf 80' lang='lat' dir='ltr'><strong>Add.</strong></span> <span class='ocrx_word' id='word_1_705' title='bbox 1107 2004 1210 2032; x_wconf 87' lang='lat' dir='ltr'><strong>Abrah.</strong></span> <span class='ocrx_word' id='word_1_706' title='bbox 1234 2003 1441 2032; x_wconf 86' lang='lat' dir='ltr'><strong>Ecchellensem</strong></span> <span class='ocrx_word' id='word_1_707' title='bbox 1462 2004 1489 2031; x_wconf 95' lang='lat' dir='ltr'><strong>in</strong></span> <span class='ocrx_word' id='word_1_708' title='bbox 1509 2004 1582 2032; x_wconf 81' lang='lat' dir='ltr'><strong>uotis</strong></span> <span class='ocrx_word' id='word_1_709' title='bbox 1604 2004 1638 2031; x_wconf 85' lang='lat' dir='ltr'><strong>ad</strong></span> <span class='ocrx_word' id='word_1_710' title='bbox 1658 2011 1704 2031; x_wconf 80' lang='lat' dir='ltr'><strong>ca-</strong></span> 
     </span>
    </p>
   </div>
   <div class='ocr_carea' id='block_1_101' title="bbox 909 2048 1703 2086">
    <p class='ocr_par' dir='ltr' id='par_1_101' title="bbox 909 2048 1703 2086">
     <span class='ocr_line' id='line_1_101' title="bbox 909 2048 1703 2086; baseline -0.001 -8"><span class='ocrx_word' id='word_1_711' title='bbox 909 2051 988 2086; x_wconf 80' lang='lat' dir='ltr'><strong>talog.</strong></span> <span class='ocrx_word' id='word_1_712' title='bbox 1018 2050 1152 2078; x_wconf 88' lang='lat' dir='ltr'><strong>librorum</strong></span> <span class='ocrx_word' id='word_1_713' title='bbox 1170 2048 1311 2077; x_wconf 86' lang='lat' dir='ltr'><strong>Chaldaic.</strong></span> <span class='ocrx_word' id='word_1_714' title='bbox 1327 2053 1354 2077; x_wconf 90' lang='lat' dir='ltr'><strong>et</strong></span> <span class='ocrx_word' id='word_1_715' title='bbox 1368 2050 1499 2085; x_wconf 74' lang='lat' dir='ltr'><strong>Syrorum</strong></span> <span class='ocrx_word' id='word_1_716' title='bbox 1523 2049 1600 2077; x_wconf 87' lang='lat' dir='ltr'><strong>Ebed</strong></span> <span class='ocrx_word' id='word_1_717' title='bbox 1624 2050 1703 2085; x_wconf 81' lang='lat' dir='ltr'><strong>Jesu,</strong></span> 
     </span>
    </p>
   </div>
   <div class='ocr_carea' id='block_1_102' title="bbox 908 2096 1699 2133">
    <p class='ocr_par' dir='ltr' id='par_1_102' title="bbox 908 2096 1699 2133">
     <span class='ocr_line' id='line_1_102' title="bbox 908 2096 1699 2133; baseline -0.001 -8"><span class='ocrx_word' id='word_1_718' title='bbox 908 2106 967 2133; x_wconf 79' lang='lat' dir='ltr'><strong>cap.</strong></span> <span class='ocrx_word' id='word_1_719' title='bbox 980 2097 1024 2125; x_wconf 75' lang='lat'><strong>‘29.</strong></span> <span class='ocrx_word' id='word_1_720' title='bbox 1036 2098 1066 2125; x_wconf 82' lang='lat' dir='ltr'><strong>V.</strong></span> <span class='ocrx_word' id='word_1_721' title='bbox 1080 2097 1224 2125; x_wconf 83' lang='lat' dir='ltr'><strong>Renaudot</strong></span> <span class='ocrx_word' id='word_1_722' title='bbox 1236 2097 1309 2132; x_wconf 86' lang='lat' dir='ltr'><strong>apud</strong></span> <span class='ocrx_word' id='word_1_723' title='bbox 1325 2097 1508 2128; x_wconf 78' lang='lat' dir='ltr'><strong>Montfaucou.</strong></span> <span class='ocrx_word' id='word_1_724' title='bbox 1525 2097 1552 2126; x_wconf 88' lang='lat' dir='ltr'><strong>in</strong></span> <span class='ocrx_word' id='word_1_725' title='bbox 1565 2096 1699 2133; x_wconf 72' lang='lat' dir='ltr'><strong>Pulteogr.</strong></span> 
     </span>
    </p>
   </div>
   <div class='ocr_carea' id='block_1_103' title="bbox 908 2142 1698 2178">
    <p class='ocr_par' dir='ltr' id='par_1_103' title="bbox 908 2142 1698 2178">
     <span class='ocr_line' id='line_1_103' title="bbox 908 2142 1698 2178; baseline -0.003 -8"><span class='ocrx_word' id='word_1_726' title='bbox 908 2143 1010 2176; x_wconf 71' lang='lat' dir='ltr'><strong>Cra-cu,</strong></span> <span class='ocrx_word' id='word_1_727' title='bbox 1028 2151 1055 2178; x_wconf 94' lang='lat' dir='ltr'><strong>p.</strong></span> <span class='ocrx_word' id='word_1_728' title='bbox 1077 2143 1140 2176; x_wconf 74' lang='grc'><strong>514,</strong></span> <span class='ocrx_word' id='word_1_729' title='bbox 1155 2142 1190 2170; x_wconf 88' lang='lat' dir='ltr'><strong>de</strong></span> <span class='ocrx_word' id='word_1_730' title='bbox 1210 2142 1337 2178; x_wconf 76' lang='lat' dir='ltr'><strong>liturgia,</strong></span> <span class='ocrx_word' id='word_1_731' title='bbox 1357 2142 1539 2177; x_wconf 72' lang='lat' dir='ltr'><strong>qurcdicitur</strong></span> <span class='ocrx_word' id='word_1_732' title='bbox 1552 2142 1582 2169; x_wconf 90' lang='lat' dir='ltr'><strong>D.</strong></span> <span class='ocrx_word' id='word_1_733' title='bbox 1603 2142 1698 2173; x_wconf 68' lang='lat' dir='ltr'><strong>Marci,</strong></span> 
     </span>
    </p>
   </div>
   <div class='ocr_carea' id='block_1_104' title="bbox 907 2188 1713 2225">
    <p class='ocr_par' dir='ltr' id='par_1_104' title="bbox 907 2188 1713 2225">
     <span class='ocr_line' id='line_1_104' title="bbox 907 2188 1713 2225; baseline -0.002 -9"><span class='ocrx_word' id='word_1_734' title='bbox 907 2189 1064 2216; x_wconf 84' lang='lat' dir='ltr'><strong>charactere</strong></span> <span class='ocrx_word' id='word_1_735' title='bbox 1092 2188 1361 2225; x_wconf 60' lang='lat' dir='ltr'><strong>(Egyptico—Graéco,</strong></span> <span class='ocrx_word' id='word_1_736' title='bbox 1388 2195 1469 2223; x_wconf 81' lang='lat' dir='ltr'><strong>quam</strong></span> <span class='ocrx_word' id='word_1_737' title='bbox 1496 2196 1561 2215; x_wconf 79' lang='lat' dir='ltr'><strong>vero</strong></span> <span class='ocrx_word' id='word_1_738' title='bbox 1589 2188 1713 2215; x_wconf 66' lang='lat' dir='ltr'><strong>adnotat-</strong></span> 
     </span>
    </p>
   </div>
   <div class='ocr_carea' id='block_1_105' title="bbox 873 2234 1702 2269">
    <p class='ocr_par' dir='ltr' id='par_1_105' title="bbox 873 2234 1702 2269">
     <span class='ocr_line' id='line_1_105' title="bbox 873 2234 1702 2269; baseline -0.002 -8"><span class='ocrx_word' id='word_1_739' title='bbox 873 2234 973 2264; x_wconf 85' lang='lat' dir='ltr'><strong>Dibid.</strong></span> <span class='ocrx_word' id='word_1_740' title='bbox 1005 2234 1150 2264; x_wconf 81' lang='lat' dir='ltr'><strong>Reuaudot</strong></span> <span class='ocrx_word' id='word_1_741' title='bbox 1178 2234 1303 2262; x_wconf 86' lang='lat' dir='ltr'><strong>eamdem</strong></span> <span class='ocrx_word' id='word_1_742' title='bbox 1334 2241 1394 2264; x_wconf 84' lang='lat' dir='ltr'><strong>esse</strong></span> <span class='ocrx_word' id='word_1_743' title='bbox 1432 2238 1514 2269; x_wconf 86' lang='lat' dir='ltr'><strong>atque</strong></span> <span class='ocrx_word' id='word_1_744' title='bbox 1547 2241 1607 2260; x_wconf 82' lang='lat' dir='ltr'><strong>eam</strong></span> <span class='ocrx_word' id='word_1_745' title='bbox 1641 2241 1702 2268; x_wconf 64' lang='lat' dir='ltr'><strong>quae</strong></span> 
     </span>
    </p>
   </div>
   <div class='ocr_carea' id='block_1_106' title="bbox 908 2278 1699 2316">
    <p class='ocr_par' dir='ltr' id='par_1_106' title="bbox 908 2278 1699 2316">
     <span class='ocr_line' id='line_1_106' title="bbox 908 2278 1699 2316; baseline -0.004 -8"><span class='ocrx_word' id='word_1_746' title='bbox 908 2280 1019 2316; x_wconf 72' lang='lat' dir='ltr'><strong>Coptica</strong></span> <span class='ocrx_word' id='word_1_747' title='bbox 1036 2284 1125 2309; x_wconf 77' lang='lat' dir='ltr'><strong>exstet</strong></span> <span class='ocrx_word' id='word_1_748' title='bbox 1137 2280 1188 2309; x_wconf 85' lang='lat' dir='ltr'><strong>sub</strong></span> <span class='ocrx_word' id='word_1_749' title='bbox 1199 2280 1309 2308; x_wconf 86' lang='lat' dir='ltr'><strong>nomine</strong></span> <span class='ocrx_word' id='word_1_750' title='bbox 1321 2279 1424 2315; x_wconf 77' lang='lat' dir='ltr'><strong>Cyrilli.</strong></span> <span class='ocrx_word' id='word_1_751' title='bbox 1436 2295 1471 2298; x_wconf 92' lang='lat'><strong><em>—</em></strong></span> <span class='ocrx_word' id='word_1_752' title='bbox 1485 2278 1572 2306; x_wconf 66' lang='lat' dir='ltr'><strong>Paris.</strong></span> <span class='ocrx_word' id='word_1_753' title='bbox 1590 2279 1617 2305; x_wconf 89' lang='lat' dir='ltr'><strong>iu</strong></span> <span class='ocrx_word' id='word_1_754' title='bbox 1632 2278 1699 2306; x_wconf 86' lang='lat' dir='ltr'><strong>bibl.</strong></span> 
     </span>
    </p>
   </div>
   <div class='ocr_carea' id='block_1_107' title="bbox 908 2323 1699 2360">
    <p class='ocr_par' dir='ltr' id='par_1_107' title="bbox 908 2323 1699 2360">
     <span class='ocr_line' id='line_1_107' title="bbox 908 2323 1699 2360; baseline -0.004 -7"><span class='ocrx_word' id='word_1_755' title='bbox 908 2326 983 2360; x_wconf 90' lang='lat' dir='ltr'><strong>publ.</strong></span> <span class='ocrx_word' id='word_1_756' title='bbox 997 2325 1069 2353; x_wconf 83' lang='lat' dir='ltr'><strong>inter</strong></span> <span class='ocrx_word' id='word_1_757' title='bbox 1086 2325 1166 2353; x_wconf 90' lang='lat' dir='ltr'><strong>codd.</strong></span> <span class='ocrx_word' id='word_1_758' title='bbox 1179 2325 1343 2357; x_wconf 86' lang='lat' dir='ltr'><strong>Orientales,</strong></span> <span class='ocrx_word' id='word_1_759' title='bbox 1362 2324 1514 2352; x_wconf 84' lang='lat' dir='ltr'><strong>secundum</strong></span> <span class='ocrx_word' id='word_1_760' title='bbox 1541 2328 1594 2351; x_wconf 83' lang='lat' dir='ltr'><strong>cat.</strong></span> <span class='ocrx_word' id='word_1_761' title='bbox 1618 2323 1699 2350; x_wconf 85' lang='lat' dir='ltr'><strong>codd.</strong></span> 
     </span>
    </p>
   </div>
   <div class='ocr_carea' id='block_1_108' title="bbox 907 2370 1699 2407">
    <p class='ocr_par' dir='ltr' id='par_1_108' title="bbox 907 2370 1699 2407">
     <span class='ocr_line' id='line_1_108' title="bbox 907 2370 1699 2407; baseline -0.004 -7"><span class='ocrx_word' id='word_1_762' title='bbox 907 2373 993 2400; x_wconf 79' lang='lat' dir='ltr'><strong>Paris.</strong></span> <span class='ocrx_word' id='word_1_763' title='bbox 1009 2373 1064 2400; x_wconf 82' lang='lat' dir='ltr'><strong>vol.</strong></span> <span class='ocrx_word' id='word_1_764' title='bbox 1081 2373 1102 2405; x_wconf 91' lang='lat' dir='ltr'><strong>I,</strong></span> <span class='ocrx_word' id='word_1_765' title='bbox 1120 2381 1146 2407; x_wconf 91' lang='lat' dir='ltr'><strong>p.</strong></span> <span class='ocrx_word' id='word_1_766' title='bbox 1156 2373 1200 2404; x_wconf 69' lang='grc'><strong>54,</strong></span> <span class='ocrx_word' id='word_1_767' title='bbox 1214 2372 1259 2405; x_wconf 79' lang='lat'><strong>57,</strong></span> <span class='ocrx_word' id='word_1_768' title='bbox 1273 2371 1363 2404; x_wconf 66' lang='lat'><strong>60,72</strong></span> <span class='ocrx_word' id='word_1_769' title='bbox 1373 2376 1401 2399; x_wconf 88' lang='lat' dir='ltr'><strong>et</strong></span> <span class='ocrx_word' id='word_1_770' title='bbox 1414 2371 1458 2403; x_wconf 82' lang='grc'>75,</span> <span class='ocrx_word' id='word_1_771' title='bbox 1472 2371 1566 2407; x_wconf 77' lang='lat' dir='ltr'><strong>Cyrilli</strong></span> <span class='ocrx_word' id='word_1_772' title='bbox 1577 2370 1699 2406; x_wconf 79' lang='lat' dir='ltr'><strong>liturgia,</strong></span> 
     </span>
    </p>
   </div>
   <div class='ocr_carea' id='block_1_109' title="bbox 910 2416 1698 2454">
    <p class='ocr_par' dir='ltr' id='par_1_109' title="bbox 910 2416 1698 2454">
     <span class='ocr_line' id='line_1_109' title="bbox 910 2416 1698 2454; baseline -0.004 -8"><span class='ocrx_word' id='word_1_773' title='bbox 910 2418 1034 2454; x_wconf 80' lang='lat' dir='ltr'><strong>Syriace,</strong></span> <span class='ocrx_word' id='word_1_774' title='bbox 1051 2419 1078 2446; x_wconf 90' lang='lat' dir='ltr'><strong>in</strong></span> <span class='ocrx_word' id='word_1_775' title='bbox 1091 2418 1171 2446; x_wconf 87' lang='lat' dir='ltr'><strong>codd.</strong></span> <span class='ocrx_word' id='word_1_776' title='bbox 1187 2417 1295 2448; x_wconf 74' lang='lat' dir='ltr'><strong>XXXII,</strong></span> <span class='ocrx_word' id='word_1_777' title='bbox 1313 2426 1342 2444; x_wconf 82' lang='grc' dir='ltr'>ιι.</span> <span class='ocrx_word' id='word_1_778' title='bbox 1356 2417 1383 2449; x_wconf 73' lang='lat'><strong>2,</strong></span> <span class='ocrx_word' id='word_1_779' title='bbox 1404 2417 1496 2449; x_wconf 81' lang='lat' dir='ltr'><strong>LXVI,</strong></span> <span class='ocrx_word' id='word_1_780' title='bbox 1511 2416 1602 2449; x_wconf 79' lang='lat' dir='ltr'><strong>XCIV,</strong></span> <span class='ocrx_word' id='word_1_781' title='bbox 1627 2425 1655 2443; x_wconf 92' lang='lat' dir='ltr'><strong>n.</strong></span> 
     </span>
    </p>
   </div>
   <div class='ocr_carea' id='block_1_110' title="bbox 907 2462 1699 2500">
    <p class='ocr_par' dir='ltr' id='par_1_110' title="bbox 907 2462 1699 2500">
     <span class='ocr_line' id='line_1_110' title="bbox 907 2462 1699 2500; baseline -0.005 -7"><span class='ocrx_word' id='word_1_782' title='bbox 907 2481 942 2484; x_wconf 98' lang='lat'>—</span> <span class='ocrx_word' id='word_1_783' title='bbox 959 2465 1080 2500; x_wconf 74' lang='lat' dir='ltr'><strong>Coptica,</strong></span> <span class='ocrx_word' id='word_1_784' title='bbox 1097 2466 1124 2495; x_wconf 90' lang='lat' dir='ltr'><strong>in</strong></span> <span class='ocrx_word' id='word_1_785' title='bbox 1140 2464 1305 2496; x_wconf 59' lang='lat' dir='ltr'><strong>cod.XX\’l,</strong></span> <span class='ocrx_word' id='word_1_786' title='bbox 1323 2472 1351 2491; x_wconf 72' lang='grc' dir='ltr'>ιι.</span> <span class='ocrx_word' id='word_1_787' title='bbox 1363 2464 1390 2496; x_wconf 74' lang='lat'><strong>3,</strong></span> <span class='ocrx_word' id='word_1_788' title='bbox 1406 2471 1469 2491; x_wconf 90' lang='lat' dir='ltr'><strong>cum</strong></span> <span class='ocrx_word' id='word_1_789' title='bbox 1485 2463 1602 2491; x_wconf 81' lang='lat' dir='ltr'><strong>Arabica</strong></span> <span class='ocrx_word' id='word_1_790' title='bbox 1613 2462 1699 2490; x_wconf 79' lang='lat' dir='ltr'><strong>inier-</strong></span> 
     </span>
    </p>
   </div>
   <div class='ocr_carea' id='block_1_111' title="bbox 907 2508 1699 2546">
    <p class='ocr_par' dir='ltr' id='par_1_111' title="bbox 907 2508 1699 2546">
     <span class='ocr_line' id='line_1_111' title="bbox 907 2508 1699 2546; baseline -0.003 -8"><span class='ocrx_word' id='word_1_791' title='bbox 907 2510 1073 2546; x_wconf 83' lang='lat' dir='ltr'><strong>prctatione,</strong></span> <span class='ocrx_word' id='word_1_792' title='bbox 1088 2515 1118 2538; x_wconf 84' lang='lat' dir='ltr'><strong>et</strong></span> <span class='ocrx_word' id='word_1_793' title='bbox 1129 2510 1210 2538; x_wconf 86' lang='lat' dir='ltr'><strong>codd.</strong></span> <span class='ocrx_word' id='word_1_794' title='bbox 1222 2510 1318 2543; x_wconf 73' lang='lat' dir='ltr'><strong>XXXI,</strong></span> <span class='ocrx_word' id='word_1_795' title='bbox 1331 2517 1359 2536; x_wconf 82' lang='grc' dir='ltr'>ιι.</span> <span class='ocrx_word' id='word_1_796' title='bbox 1380 2509 1408 2542; x_wconf 86' lang='grc'>5,</span> <span class='ocrx_word' id='word_1_797' title='bbox 1419 2514 1501 2544; x_wconf 84' lang='lat' dir='ltr'><strong>atque</strong></span> <span class='ocrx_word' id='word_1_798' title='bbox 1515 2508 1582 2541; x_wconf 85' lang='lat' dir='ltr'><strong>XLI,</strong></span> <span class='ocrx_word' id='word_1_799' title='bbox 1598 2517 1613 2536; x_wconf 90' lang='lat' dir='ltr'><strong>e</strong></span> <span class='ocrx_word' id='word_1_800' title='bbox 1624 2508 1699 2537; x_wconf 72' lang='lat' dir='ltr'><strong>Grae-</strong></span> 
     </span>
    </p>
   </div>
   <div class='ocr_carea' id='block_1_112' title="bbox 907 2555 1701 2593">
    <p class='ocr_par' dir='ltr' id='par_1_112' title="bbox 907 2555 1701 2593">
     <span class='ocr_line' id='line_1_112' title="bbox 907 2555 1701 2593; baseline -0.004 -9"><span class='ocrx_word' id='word_1_801' title='bbox 907 2564 939 2584; x_wconf 85' lang='lat' dir='ltr'><strong>ca</strong></span> <span class='ocrx_word' id='word_1_802' title='bbox 964 2557 1057 2593; x_wconf 77' lang='lat' dir='ltr'><strong>lingua</strong></span> <span class='ocrx_word' id='word_1_803' title='bbox 1080 2557 1108 2585; x_wconf 90' lang='lat' dir='ltr'><strong>in</strong></span> <span class='ocrx_word' id='word_1_804' title='bbox 1136 2556 1276 2592; x_wconf 84' lang='lat' dir='ltr'><strong>Copticam</strong></span> <span class='ocrx_word' id='word_1_805' title='bbox 1309 2564 1457 2589; x_wconf 82' lang='lat' dir='ltr'><strong>conversa;</strong></span> <span class='ocrx_word' id='word_1_806' title='bbox 1473 2555 1614 2583; x_wconf 88' lang='lat' dir='ltr'><strong>dimidiam</strong></span> <span class='ocrx_word' id='word_1_807' title='bbox 1634 2563 1701 2582; x_wconf 76' lang='lat' dir='ltr'><strong>vero</strong></span> 
     </span>
    </p>
   </div>
   <div class='ocr_carea' id='block_1_113' title="bbox 907 2601 1697 2639">
    <p class='ocr_par' dir='ltr' id='par_1_113' title="bbox 907 2601 1697 2639">
     <span class='ocr_line' id='line_1_113' title="bbox 907 2601 1697 2639; baseline -0.004 -8"><span class='ocrx_word' id='word_1_808' title='bbox 907 2606 1014 2638; x_wconf 82' lang='lat' dir='ltr'><strong>partem</strong></span> <span class='ocrx_word' id='word_1_809' title='bbox 1039 2609 1156 2639; x_wconf 86' lang='lat' dir='ltr'><strong>occupat</strong></span> <span class='ocrx_word' id='word_1_810' title='bbox 1178 2603 1269 2630; x_wconf 80' lang='lat' dir='ltr'><strong>versio</strong></span> <span class='ocrx_word' id='word_1_811' title='bbox 1287 2602 1413 2630; x_wconf 81' lang='lat' dir='ltr'><strong>Arabica.</strong></span> <span class='ocrx_word' id='word_1_812' title='bbox 1426 2601 1568 2630; x_wconf 82' lang='lat' dir='ltr'><strong>—Oxonii</strong></span> <span class='ocrx_word' id='word_1_813' title='bbox 1583 2601 1611 2628; x_wconf 89' lang='lat' dir='ltr'><strong>in</strong></span> <span class='ocrx_word' id='word_1_814' title='bbox 1630 2601 1697 2629; x_wconf 89' lang='lat' dir='ltr'><strong>bibl.</strong></span> 
     </span>
    </p>
   </div>
   <div class='ocr_carea' id='block_1_114' title="bbox 906 2647 1698 2679">
    <p class='ocr_par' dir='ltr' id='par_1_114' title="bbox 906 2647 1698 2679">
     <span class='ocr_line' id='line_1_114' title="bbox 906 2647 1698 2679; baseline -0.004 -2"><span class='ocrx_word' id='word_1_815' title='bbox 906 2650 1009 2677; x_wconf 86' lang='lat' dir='ltr'><strong>Bodlei.</strong></span> <span class='ocrx_word' id='word_1_816' title='bbox 1024 2658 1051 2677; x_wconf 84' lang='grc' dir='ltr'>ιι.</span> <span class='ocrx_word' id='word_1_817' title='bbox 1062 2650 1127 2678; x_wconf 74' lang='grc'><strong>5291</strong></span> <span class='ocrx_word' id='word_1_818' title='bbox 1148 2650 1207 2678; x_wconf 86' lang='lat' dir='ltr'><strong>Cat.</strong></span> <span class='ocrx_word' id='word_1_819' title='bbox 1217 2650 1289 2677; x_wconf 87' lang='lat' dir='ltr'><strong>inter</strong></span> <span class='ocrx_word' id='word_1_820' title='bbox 1303 2649 1382 2677; x_wconf 88' lang='lat' dir='ltr'><strong>codd.</strong></span> <span class='ocrx_word' id='word_1_821' title='bbox 1392 2649 1504 2676; x_wconf 65' lang='lat' dir='ltr'><strong>Thomas</strong></span> <span class='ocrx_word' id='word_1_822' title='bbox 1516 2647 1698 2679; x_wconf 81' lang='lat' dir='ltr'><strong>Marcscballi,</strong></span> 
     </span>
    </p>
   </div>
   <div class='ocr_carea' id='block_1_115' title="bbox 907 2695 1698 2732">
    <p class='ocr_par' dir='ltr' id='par_1_115' title="bbox 907 2695 1698 2732">
     <span class='ocr_line' id='line_1_115' title="bbox 907 2695 1698 2732; baseline -0.003 -8"><span class='ocrx_word' id='word_1_823' title='bbox 907 2701 988 2732; x_wconf 84' lang='lat' dir='ltr'><strong>atque</strong></span> <span class='ocrx_word' id='word_1_824' title='bbox 1003 2705 1030 2724; x_wconf 85' lang='grc' dir='ltr'>ιι.</span> <span class='ocrx_word' id='word_1_825' title='bbox 1048 2697 1117 2724; x_wconf 81' lang='lat'><strong>5878</strong></span> <span class='ocrx_word' id='word_1_826' title='bbox 1126 2705 1156 2724; x_wconf 87' lang='lat' dir='ltr'><strong>ac</strong></span> <span class='ocrx_word' id='word_1_827' title='bbox 1176 2696 1256 2729; x_wconf 83' lang='lat'><strong>5879,</strong></span> <span class='ocrx_word' id='word_1_828' title='bbox 1271 2697 1342 2723; x_wconf 86' lang='lat' dir='ltr'><strong>inter</strong></span> <span class='ocrx_word' id='word_1_829' title='bbox 1354 2695 1432 2723; x_wconf 90' lang='lat' dir='ltr'><strong>codd.</strong></span> <span class='ocrx_word' id='word_1_830' title='bbox 1446 2695 1626 2729; x_wconf 79' lang='lat' dir='ltr'><strong>Huntingtou.</strong></span> <span class='ocrx_word' id='word_1_831' title='bbox 1643 2695 1698 2722; x_wconf 81' lang='lat' dir='ltr'><strong>Co—</strong></span> 
     </span>
    </p>
   </div>
   <div class='ocr_carea' id='block_1_116' title="bbox 906 2743 1221 2778">
    <p class='ocr_par' dir='ltr' id='par_1_116' title="bbox 906 2743 1221 2778">
     <span class='ocr_line' id='line_1_116' title="bbox 906 2743 1221 2778; baseline -0.006 -7"><span class='ocrx_word' id='word_1_832' title='bbox 906 2744 980 2778; x_wconf 86' lang='lat' dir='ltr'><strong>ptice</strong></span> <span class='ocrx_word' id='word_1_833' title='bbox 997 2749 1024 2771; x_wconf 83' lang='lat' dir='ltr'><strong>et</strong></span> <span class='ocrx_word' id='word_1_834' title='bbox 1039 2743 1120 2773; x_wconf 85' lang='lat' dir='ltr'><strong>Arab.</strong></span> <span class='ocrx_word' id='word_1_835' title='bbox 1138 2743 1221 2772; x_wconf 74' lang='grc' dir='ltr'>Ιῐλιιι.</span> 
     </span>
    </p>
   </div>
   <div class='ocr_carea' id='block_1_117' title="bbox 942 2787 1696 2825">
    <p class='ocr_par' dir='ltr' id='par_1_117' title="bbox 942 2787 1696 2825">
     <span class='ocr_line' id='line_1_117' title="bbox 942 2787 1696 2825; baseline -0.007 -8"><span class='ocrx_word' id='word_1_836' title='bbox 942 2790 1003 2817; x_wconf 68' lang='grc'><strong>152.</strong></span> <span class='ocrx_word' id='word_1_837' title='bbox 1015 2790 1174 2825; x_wconf 80' lang='lat' dir='ltr'><strong>Fragmenta</strong></span> <span class='ocrx_word' id='word_1_838' title='bbox 1198 2798 1228 2816; x_wconf 64' lang='lat' dir='ltr'><strong>ex</strong></span> <span class='ocrx_word' id='word_1_839' title='bbox 1249 2788 1357 2816; x_wconf 74' lang='lat' dir='ltr'><strong>Itontilia</strong></span> <span class='ocrx_word' id='word_1_840' title='bbox 1376 2788 1443 2823; x_wconf 77' lang='grc' dir='ltr'><strong>πρὸς</strong></span> <span class='ocrx_word' id='word_1_841' title='bbox 1460 2788 1523 2819; x_wconf 71' lang='grc' dir='ltr'>τοὺς</span> <span class='ocrx_word' id='word_1_842' title='bbox 1540 2787 1696 2822; x_wconf 75' lang='grc' dir='ltr'><strong>τολμῶντας</strong></span> 
     </span>
    </p>
   </div>
   <div class='ocr_carea' id='block_1_118' title="bbox 905 2833 1698 2871">
    <p class='ocr_par' dir='ltr' id='par_1_118' title="bbox 905 2833 1698 2871">
     <span class='ocr_line' id='line_1_118' title="bbox 905 2833 1698 2871; baseline -0.005 -9"><span class='ocrx_word' id='word_1_843' title='bbox 905 2836 1004 2870; x_wconf 73' lang='grc' dir='ltr'><strong>λέγειν,</strong></span> <span class='ocrx_word' id='word_1_844' title='bbox 1025 2835 1061 2871; x_wconf 81' lang='grc' dir='ltr'><strong>μὴ</strong></span> <span class='ocrx_word' id='word_1_845' title='bbox 1086 2836 1141 2862; x_wconf 76' lang='grc' dir='ltr'>δεῖν</span> <span class='ocrx_word' id='word_1_846' title='bbox 1164 2835 1233 2871; x_wconf 74' lang='grc' dir='ltr'>ὑπὲρ</span> <span class='ocrx_word' id='word_1_847' title='bbox 1259 2834 1311 2860; x_wconf 75' lang='grc' dir='ltr'><strong>τῶν</strong></span> <span class='ocrx_word' id='word_1_848' title='bbox 1331 2835 1360 2860; x_wconf 84' lang='grc' dir='ltr'><strong>ὲν</strong></span> <span class='ocrx_word' id='word_1_849' title='bbox 1385 2834 1473 2860; x_wconf 64' lang='grc' dir='ltr'><strong>πίπτει</strong></span> <span class='ocrx_word' id='word_1_850' title='bbox 1491 2833 1698 2867; x_wconf 67' lang='grc' dir='ltr'><strong>κεκοιμημένων</strong></span> 
     </span>
    </p>
   </div>
   <div class='ocr_carea' id='block_1_119' title="bbox 909 2878 1699 2918">
    <p class='ocr_par' dir='ltr' id='par_1_119' title="bbox 909 2878 1699 2918">
     <span class='ocr_line' id='line_1_119' title="bbox 909 2878 1699 2918; baseline -0.003 -10"><span class='ocrx_word' id='word_1_851' title='bbox 909 2882 1230 2918; x_wconf 48' lang='lat' dir='ltr'><strong>apossépzzv,adversus</strong></span> <span class='ocrx_word' id='word_1_852' title='bbox 1262 2890 1313 2913; x_wconf 63' lang='lat' dir='ltr'><strong>(os,</strong></span> <span class='ocrx_word' id='word_1_853' title='bbox 1336 2881 1379 2916; x_wconf 79' lang='lat' dir='ltr'><strong>qui</strong></span> <span class='ocrx_word' id='word_1_854' title='bbox 1404 2884 1510 2916; x_wconf 68' lang='lat' dir='ltr'><strong>negant,</strong></span> <span class='ocrx_word' id='word_1_855' title='bbox 1539 2878 1699 2915; x_wconf 64' lang='lat' dir='ltr'><strong>o/fcrct’dum</strong></span> 
     </span>
    </p>
   </div>
  </div>
