1929 3042
224 184 258 210 87
845 185 985 213 NOTITIA
1004 186 1051 214 EX
1071 186 1238 214 FABRICIO.
1825 186 1861 214 88

227 256 263 261 —
276 240 306 270 In
321 241 383 270 eod.
397 242 509 277 quidem
527 242 627 270 Ca‘sar.
642 243 675 275 Χ,
695 252 721 270 ιι.
741 243 783 276 12,
799 243 900 279 Cyrillo
914 244 1013 271 tribui-
1029 248 1050 276 Α
1066 245 1106 272 nit
1118 245 1234 281 Cyrillus
1250 245 1309 280 ipse
1320 245 1434 280 epistola
1447 244 1481 272 ad
1490 244 1645 280 Eulogium,
1655 252 1716 280 pag.
1729 243 1790 271 151.
1805 244 1862 271 Κύ-

229 288 324 316 tur.V.
338 287 466 316 Lambec.
481 287 627 316 Comment.
643 289 696 316 vol.
710 286 753 321 VI,
766 293 836 324 part.
852 296 871 321 ι,
883 297 910 324 p.
920 289 954 316 82
964 297 1017 325 sq.;

228 333 276 361 sed
293 333 432 362 Kollarius
452 335 481 362 in
497 340 572 368 nota,
591 335 637 362 ubi
657 335 760 362 multus
778 341 822 370 est
843 335 876 363 de
894 336 946 363 ista
967 336 1019 363 bo-

229 379 314 412 inilia,
325 380 530 412 animadvertit,
543 389 602 408 eam
619 389 732 416 prorsus
750 381 887 409 diversam
906 389 967 410 esse
984 382 1018 409 ab

230 424 274 450 illa
290 424 318 451 S.
331 424 554 461 Cyrillihomilia,
569 434 629 462 quae
642 425 699 454 fere
715 427 836 462 ejusdem
853 427 1017 463 argumenti,

229 468 278 497 sed
298 470 394 499 Latine
412 476 527 505 tantum,
543 472 678 500 habeatur
691 472 759 501 edit.
778 473 872 510 Cyr-illi
886 482 948 509 opp.
965 473 1018 502 Pa-

230 517 324 545 risina:
339 526 364 545 a.
382 519 458 551 1638,
477 524 542 547 tom.
557 519 589 552 V,
608 525 680 554 part.
697 528 725 552 ιι,
741 528 802 556 pag.
818 520 879 548 116.
897 520 981 548 Hann.

267 564 327 592 176.
348 564 377 592 In
393 564 503 592 Catenis
529 565 640 593 ineditis
653 566 688 593 ad
702 566 768 594 Actu
788 571 816 594 et
830 567 865 594 ad
879 567 1017 603 epistolam

231 607 321 638 Jacobi
337 615 364 638 et
389 612 504 646 primam
529 611 603 639 Petri
627 621 658 639 αι·
678 612 799 646 Joannis,
816 612 909 649 Cyrilli
938 613 1015 641 Alex.

233 657 363 692 symbola:
380 656 519 693 leguntur.
540 657 609 686 Vide
624 658 809 686 Montfauconi
833 658 902 686 Bibl.
921 659 1016 687 Coisli-

231 703 351 734 nimiam,
361 710 432 739 .pag.
446 703 508 732 265.
523 703 604 731 ΓΑιιιι.
619 701 651 732 V.
667 712 750 740 supra
757 705 811 732 vol.
826 705 895 738 VIII,
911 713 938 740 p.
954 705 1016 738 693,

230 748 282 775 695
293 753 321 775 et
332 747 394 780 696,
414 749 448 776 de
462 753 558 777 catena
571 750 599 777 in
613 750 750 785 Epistolas
763 748 849 778 Pauli.
860 750 905 778 Slc
919 758 1017 778 occur-

231 798 296 820 runt
307 792 455 830 Cyrilliana
468 794 565 830 fragm.
577 795 606 822 in
628 795 732 823 catenis
743 795 770 822 in
781 793 915 830 Epistolas
929 795 1017 828 Pauli,

230 839 258 866 in
274 839 411 875 Epistolas
418 841 575 873 catholicas,
588 841 616 868 in
632 839 665 868 IV
677 839 832 876 Evangelia,
843 840 871 868 in
885 840 1016 873 Psalmos,

230 886 257 912 in
273 886 371 913 Jobum
383 891 412 914 et
426 886 571 914 Parabolas
586 886 740 914 Salomonis
756 886 900 914 Florentiae
921 886 949 913 in
970 894 1017 913 co-

1073 291 1162 327 pt‘A’i.ov
1175 291 1202 318 ἒν
1215 292 1274 322 ταῖς
1293 290 1481 326 Ἀντιρρήσεσι
1499 289 1592 318 laudat
1606 289 1772 325 Eplrraimus
1786 289 1860 324 apud

1071 337 1198 364 Pbotium
1228 336 1289 364 cod.
1311 344 1419 369 ccxxrx,
1433 344 1494 372 pag.
1521 336 1583 363 111.
1609 335 1715 363 Walch.
1736 335 1755 362 I.
1776 343 1814 367 ε..
1831 344 1858 370 p.

1072 383 1133 416 682,
1149 384 1316 418 suspicatur,
1335 383 1386 410 sub
1403 390 1437 410 eo
1454 381 1663 418 intelligendum
1687 389 1748 409 esse
1763 381 1860 417 Cyrilti

1070 431 1278 466 Apologeticum
1298 437 1348 466 pro
1362 429 1411 457 XII
1431 429 1559 464 capitulis
1583 429 1613 456 in
1635 428 1720 456 Μαιιεί
1735 427 1859 458 ϐοηθεῖ..

1072 481 1137 504 tom.
1149 477 1182 509 V,
1197 484 1256 512 pag.
1278 475 1320 503 19.
1334 475 1416 507 Add.,
1428 483 1505 502 num.
1518 475 1562 508 18,
1581 482 1663 510 supra
1677 494 1684 507 ,
1706 474 1733 500 in
1762 480 1862 500 recen-

1071 523 1148 550 sione
1168 530 1282 558 Operum
1302 529 1363 557 quae
1381 525 1471 548 tomus
1492 520 1539 548 VII
1559 520 1626 548 edit.
1650 519 1766 549 Auberti
1784 526 1861 546 eom-

1063 569 1210 610 _plectitur.
1226 567 1324 605 mutu]

1107 615 1168 643 180.
1189 615 1227 642 De
1245 623 1387 651 synagoga:
1399 615 1500 650 delectu
1516 612 1589 641 liber.
1608 612 1777 644 Gennadius,
1797 619 1859 647 cap.

1071 662 1104 691 57
1121 661 1159 690 De
1177 663 1346 698 scriptoribus
1366 661 1455 688 eules.

1105 708 1166 735 181.
1187 707 1286 736 Contra
1304 707 1487 734 Messalianos.
1508 705 1667 733 'I'illemont.
1696 708 1763 731 tom.
1787 702 1860 735 XIV.

1071 761 1131 788 pag.
1140 752 1201 785 615,
1217 752 1277 780 669.

1108 799 1168 826 182.
1188 798 1274 831 Liber,
1295 803 1354 825 acta
1373 796 1466 834 synodi
1485 802 1577 824 contra
1587 796 1736 824 Nestorium
1752 796 1862 830 eiusque

1072 844 1184 871 assulas
1209 844 1390 880 complectens,
1416 851 1508 879 quem,
1529 851 1582 870 una
1597 850 1657 869 cum
1678 841 1749 869 libro
1767 846 1862 868 contra

1072 890 1185 917 Neston'i
1199 890 1374 926 blasphemiae
1391 890 1503 924 scripto,
1522 888 1628 915 misisse
1644 895 1673 915 se
1695 887 1729 914 ad
1749 893 1860 922 praepo—

229 931 338 959 dicibus
353 931 421 959 bibl.
436 931 566 959 Laurent.
588 932 685 960 Medic.
701 932 733 960 V.
745 931 858 959 Bandin.
872 931 931 960 Cat.
946 931 1020 960 codd.
1038 935 1058 962 Il
1073 936 1156 964 situm
1172 940 1288 964 testatur
1303 935 1422 971 Cyrillus
1441 934 1556 970 epistola
1573 933 1607 960 ad
1623 933 1780 968 Eulogium,
1796 939 1859 967 pag.

229 976 313 1005 Grec.
331 977 424 1010 Laur.,
440 978 461 1010 I,
480 986 540 1013 pag.
552 978 687 1011 363,102,
706 976 755 1006 159
768 981 796 1006 et
813 978 880 1012 161;
895 986 955 1014 pag.
971 977 1015 1010 91,

228 1030 257 1050 ιι.
273 1023 321 1056 21;
338 1031 399 1059 pag.
417 1024 452 1051 52
466 1023 663 1051 οι297.11.ιιιι..

265 1068 325 1096 177.
345 1069 479 1105 Κυρίλλου
504 1070 543 1102 εἰς
567 1069 616 1101 τὰς
645 1068 834 1104 ἀπορουμένας
856 1069 944 1101 λέξεις
968 1069 1018 1104 τῆς

230 1115 310 1149 ἁγίας
332 1115 453 1151 Γραφῆς.
477 1115 526 1143 Ms.
547 1115 574 1142 in
592 1114 675 1142 variis
691 1112 876 1147 bibliothecis,
892 1114 937 1142 cui
950 1114 1018 1142 sub-

227 1161 352 1197 iungitur
374 1161 522 1198 Ἐρμηνεία
535 1162 673 1197 ὀνομάτων
689 1161 735 1188 καὶ
749 1162 848 1195 λέξεων
865 1161 1018 1198 Ἑσραῖκῶν

229 1209 283 1234 τῶν
306 1208 335 1235 ὲν
355 1209 411 1240 τοῖς
442 1207 526 1239 θείαις
549 1208 680 1243 Γραφαῖς.
706 1207 785 1239 Vide,
805 1207 828 1234 si
843 1207 942 1243 placet,
957 1215 1018 1242 quze

230 1254 286 1282 dixi
303 1262 396 1290 supra,
417 1254 464 1281 lib.
481 1262 516 1286 Iv,
535 1262 594 1289 cap.
616 1253 671 1290 [56,
689 1254 743 1282 vol.
761 1254 806 1286 VI,
823 1261 884 1289 pag.
898 1253 948 1281 199
963 1252 1017 1290 sq.]

231 1298 310 1328 FABB.
332 1316 367 1320 —
386 1300 472 1328 Paris.
494 1299 521 1326 in
539 1299 607 1335 bibl.
631 1300 708 1334 publ.
734 1300 796 1328 cod.
813 1291 1015 1332 neccxnvm,

231 1355 259 1374 η.
274 1346 301 1373 2.
321 1345 416 1382 Cyrilli
439 1345 516 1373 Alex.
532 1353 609 1373 vocc.
626 1343 754 1373 Hebraic.
779 1344 952 1381 alphabetico
969 1352 1016 1372 or-

230 1392 294 1420 dine
309 1392 486 1427 digestarum,
507 1389 708 1426 interpretatio.
727 1389 812 1418 ηΑιιι.

267 1435 327 1462 178.
347 1435 515 1463 Glossarium
533 1435 658 1463 Grrecum
682 1435 733 1462 sub
763 1435 856 1472 Cyrilli
874 1436 950 1464 Alex.
968 1443 1017 1464 no-

231 1481 305 1508 mine
324 1480 418 1508 itidem
437 1489 489 1508 ms.
518 1481 592 1516 quod
608 1481 727 1516 incipit:
745 1482 858 1514 Ἅπας,
878 1482 995 1516 ἔϐλαψας
1009 1490 1015 1496 ·

230 1528 369 1564 ἀασάμην,
397 1528 534 1564 ἐϐλάὸην·
567 1529 680 1562 ἀάσατο,
707 1530 849 1565 ἠγνόησεν,
875 1530 1014 1565 ἥμαρτεν·

232 1574 389 1610 ἐφθόνησεν,
399 1574 531 1606 ἀάπτους,
542 1575 793 1610 ἀπροσπελάστους.
805 1576 883 1603 ῈΑηιι.
894 1574 1017 1603 —Vcnc-

232 1605 276 1648 liis
290 1621 318 1648 in
325 1605 400 1648 bibl.
416 1621 498 1648 Marc.
511 1605 691 1655 'anxvm,
721 1605 809 1649 exstat
825 1621 922 1658 Cyrilli
939 1621 1016 1649 Alex.
1031 1605 1051 1634 ο

232 1667 362 1699 Lexicon,
378 1666 456 1702 cujus
472 1665 581 1694 initium
602 1672 644 1695 est
661 1676 666 1694 :
687 1668 749 1697 Ἀρι,
773 1668 897 1703 σύστημα
912 1667 1017 1699 ὓδατος,

232 1715 370 1742 diversum
389 1713 423 1741 ab
443 1721 476 1741 eo
488 1713 561 1749 quod
582 1713 610 1741 li.
626 1714 644 1741 l.
658 1714 725 1741 citat
736 1713 887 1742 Fabricius.
916 1713 947 1741 V.
958 1712 1016 1741 Cat.

232 1761 306 1789 codtL
327 1760 372 1789 Cr.
393 1759 489 1793 Mam,
511 1767 572 1796 pag.
591 1759 652 1787 301.
673 1759 756 1787 "ARL.

269 1807 360 1844 [Falso
374 1807 498 1843 quaedam
515 1807 629 1834 attribui
645 1806 757 1842 Cyrillo,
775 1807 831 1842 jam
849 1806 950 1840 passim
969 1804 1018 1832 ad-

232 1854 397 1882 notavimus.
413 1853 458 1882 Sic
473 1853 500 1881 in
517 1853 578 1881 cod.
593 1852 693 1880 Caesar.
704 1851 868 1883 CLXXXVI,
886 1850 1018 1886 Spiritui:-

233 1901 270 1927 lvs
289 1908 415 1936 anagogw
432 1900 460 1927 in
479 1900 654 1927 hexaemeron
674 1897 734 1925 libri
752 1897 813 1929 XII,
835 1897 863 1925 in
883 1904 938 1932 quo
961 1896 1019 1931 ipse

231 1945 350 1982 Cyrillus‘
366 1946 477 1978 citatur,
490 1949 518 1973 et
532 1945 606 1980 quod
618 1944 645 1972 in
658 1943 718 1972 cod.
736 1943 837 1971 Caesar.
853 1941 1018 1978 przecedeuti

231 1991 375 2020 CXXXXV
388 1992 521 2022 asseritur
535 1990 680 2019 Anastasio
695 1990 816 2018 Sinaitm.
833 1989 864 2017 V.
878 1989 1018 2022 Lambec.,

232 2039 345 2075 lV,pag.
363 2038 495 2070 437-439,
511 2042 540 2065 et
552 2037 660 2065 Fabric.
679 2036 760 2069 infra,
777 2036 806 2063 in
822 2035 876 2063 vol.
892 2034 938 2068 IX,
956 2043 1017 2071 pag.

232 2085 284 2112 528
298 2093 339 2120 sq.
354 2084 399 2112 ed.
417 2089 474 2112 vet.
488 2099 522 2104 -—
532 2084 561 2111 In
572 2083 633 2111 cod.
648 2082 806 2114 CCXLVIII.
819 2089 846 2109 ι).
864 2081 880 2109 5
892 2102 899 2114 ,
910 2081 1018 2109 Iudam-

233 2139 292 2158 rum
301 2131 443 2166 disputatio
461 2139 519 2158 cum
530 2129 559 2157 S.
570 2129 715 2157 Athanasio
728 2133 752 2156 et
763 2127 861 2164 Cyrillo
872 2128 904 2155 de
920 2128 1019 2155 adora-

233 2177 303 2204 tione
318 2176 346 2205 S.
362 2177 446 2204 crucis
460 2180 484 2203 et
503 2183 644 2203 sacrarum
666 2174 826 2211 imaginum,
846 2174 874 2201 in
890 2173 1017 2201 Lambec.

232 2224 389 2256 Comment.,
408 2223 440 2255 V,
458 2223 510 2250 col.
525 2222 588 2254 287,
608 2220 656 2249 ubi
677 2228 742 2248 vero
760 2220 896 2248 Xollarius
910 2220 938 2247 in
955 2225 1020 2247 nota

1070 983 1130 1010 151.
1148 982 1248 1010 Confer
1262 982 1435 1014 Garnerium,
1455 985 1521 1008 tom.
1543 980 1576 1012 II,
1598 979 1631 1007 ad
1647 979 1763 1006 Marium
1786 979 1860 1006 Mcr-

1069 1034 1200 1060 catorem,
1225 1035 1286 1063 pag.
1311 1027 1374 1058 515,
1400 1031 1429 1053 et
1457 1024 1674 1057 Tillemontium,
1693 1028 1761 1050 tom.
1787 1022 1859 1054 XIV,

1069 1082 1130 1110 pag.
1149 1074 1201 1101 105
1211 1081 1269 1108 seq.

1105 1118 1164 1145 183.
1176 1118 1207 1145 In
1227 1117 1362 1145 Psalmum
1375 1125 1432 1145 vtn.
1447 1117 1474 1145 S.
1488 1116 1615 1152 Ephraim
1631 1115 1702 1152 apud
1718 1114 1858 1143 Pbotium.

1068 1164 1130 1192 cod.
1148 1172 1258 1196 ccxxrx,
1291 1171 1353 1199 pag.
1375 1163 1427 1190 120
1450 1163 1516 1190 edit.
1540 1162 1645 1198 primae.
1676 1161 1756 1189 Fssn.
1773 1161 1860 1195 Frag-

1068 1215 1161 1237 menta
1192 1209 1219 1237 in
1251 1209 1423 1244 expositione
1444 1209 1541 1244 psalmi
1567 1215 1611 1236 ctn
1627 1208 1654 1236 in
1675 1207 1736 1234 cod.
1756 1206 1858 1234 ϐείω-ι

1067 1256 1184 1284 Vindob.
1207 1255 1396 1288 CLXXXVIII,
1417 1263 1445 1282 n.
1475 1254 1520 1282 22.
1542 1254 1574 1282 V.
1591 1253 1732 1285 Lambec.,
1745 1251 1791 1284 IV,
1804 1252 1857 1279 col.

1068 1303 1119 1330 157
1135 1310 1175 1337 sq.
1191 1301 1375 1329 —Incatenis
1393 1301 1421 1328 in
1438 1301 1614 1333 Psalterium,
1625 1300 1653 1327 in
1662 1299 1743 1328 codd.
1757 1298 1858 1327 Caesar.

1067 1347 1102 1380 X,
1113 1347 1173 1375 XIV
1184 1352 1213 1376 et
1226 1347 1273 1375 XV
1294 1347 1329 1375 de
1356 1347 1458 1382 quibus
1485 1354 1514 1374 v.
1535 1346 1676 1378 Lambec.,
1691 1345 1746 1373 vol.
1763 1345 1810 1372 III.
1826 1358 1860 1364 -—-

1067 1395 1164 1423 Oxbnii
1177 1395 1206 1422 in
1222 1394 1290 1422 bibl.
1309 1393 1427 1425 Bodlei.,
1446 1401 1475 1420 n.
1501 1393 1564 1425 710,
1582 1393 1614 1425 2;
1634 1392 1712 1425 1982,
1736 1391 1770 1426 1;
1787 1391 1859 1418 2528

1068 1441 1154 1469 Catal.
1165 1456 1200 1460 —
1216 1440 1286 1468 Add.
1300 1439 1332 1468 ad
1349 1448 1376 1467 ιι.
1392 1439 1453 1473 176,
1471 1447 1563 1474 supra.
1580 1439 1664 1466 ΗΑιιι..

1104 1487 1165 1514 181.
1188 1486 1369 1515 Commentum
1388 1485 1528 1521 Evangelii
1556 1486 1583 1512 in
1611 1485 1766 1512 Matthcum
1795 1483 1861 1510 libro

1067 1533 1190 1565 serundo,
1209 1532 1304 1560 laudat
1318 1531 1467 1559 Facundos
1475 1539 1511 1564 ιι,
1529 1532 1555 1558 '7.
1571 1531 1679 1558 Tomam
1692 1530 1860 1557 undecimum

1069 1583 1093 1606 ct
1110 1579 1291 1606 duodecimum
1310 1578 1376 1606 Acta
1392 1577 1489 1613 synodi
1497 1585 1524 1604 vr
1537 1576 1859 1610 Constantinopolitanae,

1069 1625 1175 1652 actione
1188 1633 1214 1657 x,
1223 1628 1251 1652 et
1266 1624 1394 1652 secunda:
1408 1624 1533 1651 Nicaeum.
1547 1622 1790 1658 Frcquentissimae
1803 1621 1857 1658 Cy-

1054 1671 1123 1698 'ri|li
1136 1670 1265 1706 symbola:
1281 1670 1309 1697 in
1327 1669 1437 1697 Catenis
1453 1669 1486 1697 ad
1503 1669 1670 1696 Mattbaum.
1690 1667 1800 1696 Citatur
1830 1671 1859 1694 et

1068 1723 1084 1742 a
1099 1715 1214 1742 Leontio
1229 1715 1293 1750 Byz.
1307 1717 1399 1741 contra
1410 1714 1566 1749 Eutychem,
1577 1717 1605 1741 et
1622 1713 1722 1748 βιϐλίον
1739 1712 1858 1747 πρῶτον,

1069 1762 1103 1788 ab
1114 1761 1262 1796 prraimo
1275 1760 1347 1796 apud
1359 1761 1498 1793 Photium,
1514 1767 1575 1795 pag.
1596 1759 1658 1792 121),
1673 1758 1734 1786 cod.
1751 1766 1857 1786 ccxxix.

1070 1807 1147 1835 Alius
1162 1808 1250 1840 locus,
1269 1815 1330 1842 pag.
1353 1805 1413 1834 152.

1106 1854 1165 1882 185.
1186 1855 1219 1882 1η
1234 1854 1344 1887 Lucam,
1359 1861 1430 1889 saepe
1444 1853 1546 1881 citatur
1573 1853 1600 1880 in
1627 1852 1729 1880 Catena
1746 1852 1858 1880 Graeco-

1070 1907 1129 1928 rum
1153 1901 1263 1928 Patrum
1287 1899 1454 1927 Corderiana
1482 1904 1508 1927 el
1529 1899 1631 1927 Catena
1643 1906 1725 1926 aurea
1745 1898 1860 1926 Thomas

1069 1946 1222 1982 Aquinatis.
1234 1945 1314 1973 FABR.
1330 1945 1368 1974 De
1379 1944 1519 1973 catcnisin
1533 1944 1688 1972 Manlianum
1703 1948 1731 1971 et
1743 1943 1858 1976 Lucam,

1069 2001 1096 2020 γ.
1117 2001 1210 2027 supra,
1224 1992 1277 2019 vol.
1294 1991 1363 2024 VIII,
1380 1999 1440 2027 pag.
1459 1991 1510 2018 669
1529 1998 1602 2025 sqq.,
1617 1994 1644 2017 et
1660 1990 1688 2017 in
1707 1990 1814 2017 catenis
1830 1989 1858 2016 in

1070 2038 1225 2066 Mattlizeum
1244 2038 1367 2072 aliosque
1393 2038 1421 2064 in
1445 2037 1524 2064 codd.
1554 2037 1654 2064 Caesar.
1679 2035 1777 2068 XXIX,
1798 2035 1857 2068 XL,

1070 2084 1150 2116 XLII,
1167 2084 1246 2116 XLV,
1261 2083 1354 2116 XLVI,
1365 2083 1493 2116 LXXVII,
1508 2083 1560 2111 sub
1579 2083 1639 2115 lin.,
1655 2082 1690 2110 de
1711 2082 1815 2118 quibus
1829 2090 1856 2109 ν.

1071 2129 1199 2157 Lambec.
1216 2129 1330 2161 Comm.,
1350 2129 1405 2156 vol.
1423 2137 1461 2161 ιιι,
1477 2134 1530 2156 etc.
1540 2129 1624 2156 Iliun.

1107 2175 1166 2203 186.
1187 2176 1220 2203 In
1234 2175 1371 2211 epistolam
1395 2175 1429 2201 ad
1445 2174 1567 2202 Hebrwos
1582 2174 1659 2201 Liber
1675 2173 1705 2202 II
1723 2174 1826 2202 citatur
1843 2181 1858 2202 ι

1071 2221 1198 2249 Facundo
1211 2229 1247 2253 xl,
1265 2221 1291 2253 ’1,
1309 2220 1478 2248 Theodorito
1496 2219 1602 2255 Dialog.
1620 2223 1647 2247 et
1661 2220 1811 2248 Theodoro
1829 2220 1858 2248 in

233 2270 322 2302 docet,
340 2269 368 2296 id
389 2269 553 2305 opusculum
572 2275 633 2295 esse
655 2266 783 2303 anonymi
806 2266 960 2303 cujusdam,
985 2266 1016 2294 ad

1076 2269 1143 2296 libro
1159 2268 1245 2295 ’Ότιὸ
1261 2267 1354 2302 Πατὴρ
1369 2267 1412 2293 ἀεὶ
1431 2267 1522 2302 γεννᾷ.
1537 2266 1662 2294 Meminit
1672 2271 1701 2294 et
1716 2267 1855 2302 interpre—

232 2321 353 2344 mentem
368 2315 510 2343 Athanasii
527 2320 555 2342 et
570 2314 675 2350 Cyrilli,
691 2313 800 2342 Iudaeos
812 2313 953 2341 confutare
972 2320 1019 2339 co-

182 2396 185 2397 ν
233 2361 333 2388 nantis.
349 2360 425 2388 Adde
446 2367 529 2396 supra
546 2359 604 2395 ad§
620 2359 653 2387 III
667 2359 695 2387 in
711 2360 790 2387 notit.
805 2358 885 2386 codd.
901 2358 1019 2390 vol.Vll,

232 2414 294 2444 pag.
312 2407 365 2435 172
380 2415 439 2443 sqq.
452 2411 480 2435 et
494 2415 554 2442 pag.
570 2407 631 2435 611.

268 2454 308 2482 Ad
322 2455 414 2489 spuria
432 2461 540 2489 quoque
556 2453 731 2481 referendum
746 2452 854 2479 videtur
873 2457 967 2486 opusc.
986 2450 1020 2478 de

234 2501 371 2528 mensuris
384 2505 412 2528 et
424 2499 603 2535 ponderibus,
613 2499 686 2534 quod
701 2497 806 2533 Cyrillo
827 2497 904 2525 Alex.
922 2496 1020 2524 tribui-

233 2552 278 2574 tur
293 2546 322 2574 in
341 2545 419 2574 codd.
436 2545 522 2574 Paris.
536 2545 603 2573 bibl.
619 2545 694 2580 publ.
708 2543 917 2575 MCCCLXXIII,
936 2551 963 2569 n.
974 2543 1017 2574 15,

234 2598 261 2622 LI.
278 2592 512 2626 MCCCLXXXIX,
526 2600 553 2620 ιι.
567 2591 610 2619 12.
622 2589 720 2626 Hann]

331 2663 382 2693 X1.
401 2663 527 2702 Scripta
546 2659 659 2699 σῃ]νὶΗί
680 2658 842 2697 deperdita
866 2656 918 2696 (α).

273 2735 330 2763 179.
365 2734 537 2770 Ἀντίρρησις
567 2735 659 2759 contra
697 2729 834 2758 Andream
864 2730 1018 2757 Samosate-

236 2789 312 2813 num,
329 2781 375 2816 qni
394 2780 528 2807 adversus
543 2778 593 2806 XII
610 2777 728 2812 capitula
748 2777 906 2812 scripserat.
924 2776 1018 2805 Memi-

273 2860 310 2893 (α)
328 2858 408 2886 Conf.
423 2857 590 2893 Tillemont..
612 2861 677 2893 torri.
695 2856 762 2893 XIV,
773 2865 832 2891 pag.
847 2856 897 2883 666
913 2863 984 2890 seq.,
995 2859 1022 2881 et

237 2891 358 2924 L‘cillier,
377 2893 395 2919 ι.
413 2900 449 2921 ‹-.,
467 2900 528 2927 pag.
549 2892 601 2919 554
616 2897 643 2919 et
657 2892 717 2918 569.
738 2891 819 2927 nm.

1070 2314 1180 2342 talionis
1193 2313 1288 2350 Cyrilli
1301 2313 1330 2340 in
1344 2313 1494 2348 Epistolam
1511 2312 1545 2340 ad
1561 2313 1699 2345 Hebraeos,
1714 2313 1856 2348 Ephraim.

1068 2361 1266 2393 Antiochenus,
1277 2360 1347 2396 apud
1357 2358 1484 2387 Photium
1504 2357 1566 2385 cod.
1581 2365 1684 2385 ccxxrx.
1703 2357 1860 2386 Alexander

1069 2407 1297 2442 IIierapolitanus,
1306 2405 1422 2441 epistola
1432 2404 1465 2432 ad
1473 2404 1602 2431 Acacium
1612 2403 1824 2435 Berrhoenscm,
1831 2402 1859 2429 in

1069 2454 1171 2482 Baluzii
1197 2454 1269 2481 Nova
1288 2452 1396 2480 Called.
1417 2451 1566 2483 conciliat,
1585 2458 1646 2486 pag.
1663 2449 1724 2482 762,
1737 2454 1765 2477 et
1782 2457 1859 2484 quae-

1072 2499 1134 2527 dam
1152 2499 1252 2531 exilia
1277 2498 1356 2526 all'ert
1379 2500 1474 2524 auclor
1491 2495 1618 2531 Synodici
1643 2499 1860 2530 contra'tragm—

1073 2545 1145 2573 diam
1157 2545 1262 2576 Irenaei.
1272 2551 1331 2579 cap.
1339 2543 1407 2576 218;
1421 2543 1470 2575 id.,
1482 2550 1542 2578 pag.
1553 2541 1614 2574 928,
1628 2541 1860 2576 quemadmodum

1073 2597 1100 2620 et
1115 2592 1192 2628 plura
1208 2590 1340 2618 Leontius
1360 2590 1422 2626 Byz.
1438 2593 1529 2615 contra
1548 2587 1702 2623 Eutychen.
1723 2586 1762 2614 Ex
1783 2591 1861 2617 sexto

1074 2630 1161 2670 tomo,
1173 2636 1343 2668 Anastasius,
1358 2643 1418 2670 pag.
1438 2633 1489 2661 188
1505 2633 1614 2669 Hadegi.

1109 2683 1169 2711 187.
1188 2682 1259 2710 Libri
1279 2687 1330 2709 (res
1350 2681 1475 2709 adversus
1495 2679 1639 2707 Diodorum
1657 2679 1824 2710 Tarsensem,
1836 2681 1862 2704 et

1075 2729 1235 2756 Theodorum
1246 2728 1466 2762 Mopsuestenum
1480 2725 1526 2761 (ὁ),
1544 2725 1620 2761 quasi
1630 2725 1783 2752 Nestoriani
1796 2725 1860 2759 dag-

1075 2775 1152 2802 matis
1169 2778 1299 2805 auctores,
1311 2777 1335 2800 et
1351 2772 1418 2800 alius
1428 2773 1466 2800 De
1484 2771 1670 2798 incarnatione
1681 2769 1746 2797 liber
1756 2770 1859 2802 (diver-

1077 2853 1168 2881 \~itatis
1187 2851 1355 2881 defensores.
1372 2850 1515 2885 Acephalis
1539 2849 1708 2885 responsuri,
1724 2853 1861 2885 negarunt

1076 2889 1161 2916 libros
1176 2888 1236 2915 illos
1252 2894 1310 2914 esse
1325 2885 1428 2921 Cyrilli.

273 2929 309 2965 (ιι)
321 2928 424 2957 Eodem
442 2926 660 2973 Libci'ato‘tcstc,
681 2926 807 2971 quidam“
815 2926 956 2955 catholica:
971 2933 1022 2954 no-
1075 2957 1100 2965 ῃ
