1929 3042
560 333 838 413 CARD.
899 332 1289 411 ANGELO
1347 330 1518 408 MAI

779 477 1210 536 PR/EFATION
1218 475 1298 534 ES

483 595 540 625 AD
558 594 592 625 S.
619 591 790 625 CYRILLI
811 590 1041 623 ANECDOTA
1064 591 1243 622 SCRIPTA
1266 590 1321 620 ΑΒ
1344 589 1442 621 IPSO
1464 590 1587 620 EDITJ

226 215 1856 245 Mm

548 685 706 718 (Bibliotheca
716 687 739 712 Ν
741 692 786 711 ova
797 686 908 715 Patrum,
920 688 978 710 tom.
990 684 1021 715 Il,
1036 684 1119 709 Roma:
1133 683 1206 714 18H;
1218 686 1277 708 tom.
1291 684 1309 710 ll

752 692 786 711 vva
797 686 908 715 Patrum,
920 688 978 710 tom.
990 684 1021 715 Il,
1036 684 1119 709 Roma:
1133 683 1206 714 18H;
1218 686 1277 708 tom.
1291 683 1334 714 ιιι,
1349 683 1416 714 1885,
1439 683 1513 715 ἰυ-ι.)

261 866 286 898 I.
302 864 487 896 Editionum
500 863 533 894 S.
546 861 659 902 Cyrilli
672 858 1052 900 imper/eclio.—Qu0ties
1063 867 1122 898 ego
1131 857 1310 897 generalem
1325 856 1410 888 illam
1421 857 1519 889 sancti
1533 856 1639 897 Cyrilli
1649 855 1855 888 Alexandrini

222 924 355 957 operum
367 912 549 950 editionem,
561 911 599 943 ab
610 911 746 942 Auberto
757 908 845 940 Gallo
853 911 974 949 septem
985 910 1077 940 tomis
1088 908 1255 948 vulgatam,
1268 916 1364 939 manu
1375 908 1547 944 versabam,
1558 908 1650 938 toties
1667 915 1718 938 me
1735 913 1855 957 cupere

222 955 364 1004 memini,
379 968 412 996 ut
429 972 510 996 nova
536 963 639 1002 aliqua
655 963 828 996 curaretur,
843 968 914 999 quin
933 963 1019 991 tanto
1034 959 1204 990 Aubertina
1215 957 1340 998 plenior
1355 960 1438 989 esset
1455 966 1492 989 ac
1508 957 1632 994 melior,
1648 959 1770 997 quanto
1786 955 1855 986 hac

192 1049 198 1053 ,
221 1018 361 1049 minores
379 1016 454 1048 alias
474 1019 505 1046 et
523 1014 708 1046 vetustiores
725 1020 891 1052 superasse
909 1011 1043 1043 videtur.
1065 1010 1189 1042 Etenim
1204 1009 1289 1041 haud
1305 1009 1453 1040 minimus
1471 1008 1564 1049 hujus
1581 1009 1730 1040 editionis
1745 1017 1855 1039 naevus

220 1073 279 1106 est,
296 1068 381 1110 quod
393 1069 500 1100 Latina
509 1067 607 1099 Grieci
620 1067 723 1097 textus
741 1063 958 1104 interpretatio
970 1063 1072 1094 varios
1084 1062 1178 1093 habet
1191 1064 1346 1098 auctores,
1358 1061 1413 1101 qui
1426 1061 1535 1100 viginti
1545 1060 1612 1092 fere
1623 1065 1833 1092 numerantur
1846 1069 1852 1090 :

221 1128 286 1161 quo
299 1120 333 1151 ﬁt
350 1123 384 1151 ut
403 1118 506 1159 Cyrilli
522 1117 658 1149 elocutio
673 1123 777 1154 neque
794 1121 935 1145 consona
954 1121 1058 1153 neque
1076 1111 1244 1143 uniformis
1258 1111 1375 1143 Latinis
1389 1111 1517 1143 auribus
1534 1111 1698 1151 oculisque
1711 1111 1852 1142 aecidat:

221 1175 252 1203 et
269 1171 398 1211 quidem
412 1169 478 1201 veri
498 1169 592 1200 etiam
610 1166 769 1205 crassique
790 1172 912 1196 errores
934 1163 1142 1202 interpretum
1162 1161 1286 1194 Latinas
1309 1161 1452 1202 plagulas
1467 1161 1636 1193 maculant.
1661 1162 1855 1193 Necessariis

220 1223 351 1260 insuper
365 1219 492 1252 scholiis
509 1220 573 1250 sive
593 1217 708 1250 criticis
734 1216 797 1247 sive
811 1214 981 1254 exegeticis
1000 1216 1084 1245 caret
1101 1221 1186 1253 saepe
1200 1212 1343 1251 Cyrillus,
1362 1216 1393 1245 et
1405 1213 1611 1252 materiaipsa
1626 1213 1854 1252 respirationes

220 1271 427 1311 capitulorum
443 1269 673 1308 divisionesque
691 1266 820 1297 idoneas
834 1263 919 1295 haud
933 1272 1003 1294 raro
1025 1263 1183 1294 desiderat
1199 1272 1205 1293 :
1224 1263 1352 1294 Graecus
1372 1272 1446 1294 vero
1466 1266 1631 1295 contextus
1645 1262 1737 1294 foedis
1749 1271 1853 1303 quan-

219 1321 326 1361 doque
350 1319 473 1351 mendis
503 1319 638 1354 laborat;
662 1315 862 1347 materiarum
887 1314 1008 1345 indices
1026 1313 1074 1344 vel
1091 1312 1188 1344 exiles
1205 1316 1289 1350 sunt,
1305 1312 1353 1344 vel
1368 1313 1483 1344 alicubi
1499 1313 1594 1350 nulli;
1610 1313 1745 1353 quilibet
1760 1313 1853 1344 deni-

220 1383 284 1415 que
303 1373 431 1404 editoris
458 1373 628 1412 apparatus
650 1373 682 1401 et
699 1370 837 1408 isagoge,
858 1371 889 1398 et
900 1366 1097 1406 singulorum
1114 1374 1247 1406 operum
1262 1365 1358 1396 veluti
1376 1365 1506 1397 historia
1521 1374 1554 1397 ac
1565 1365 1721 1406 judicium
1737 1365 1854 1401 frustra

220 1424 403 1464 requiritur.
428 1424 612 1462 Quanquam
633 1421 728 1461 igitur
742 1419 826 1451 haud
848 1419 916 1450 leve
936 1422 983 1450 est
996 1418 1124 1448 Auberti
1143 1418 1301 1455 meritum,
1322 1417 1458 1448 modesti
1476 1418 1649 1458 caateroqui
1668 1417 1808 1449 hominis
1823 1421 1854 1448 et

218 1470 499 1517 ingenui,propter
509 1475 589 1506 hanc
605 1478 763 1505 tomorum
774 1474 821 1503 tot
832 1480 926 1512 quam
938 1470 1023 1510 gravi
1034 1470 1141 1501 labore
1155 1479 1212 1502 suo
1229 1470 1345 1501 molem
1357 1469 1664 1507 instruxit;attamen
1679 1470 1854 1510 optandum

219 1532 304 1566 erat.
326 1532 361 1561 ut
379 1528 539 1560 Maurinus
562 1526 675 1566 aliquis
698 1524 873 1556 monachus
894 1523 1042 1564 Cyrillum
1059 1531 1189 1563 quoque
1209 1525 1363 1554 consueto
1385 1522 1558 1553 sodalitatis
1578 1531 1643 1552 suae
1667 1521 1852 1562 splendore.

219 1580 364 1612 doctrina
373 1588 409 1611 ac
424 1579 528 1610 studio
546 1577 606 1609 sibi
617 1575 836 1608 adornandum
851 1574 1037 1613 susciperet.
1053 1573 1139 1613 quod
1156 1575 1190 1603 ut
1205 1571 1376 1613 aliquando
1392 1571 1524 1603 meliore
1545 1575 1724 1612 temporum
1743 1571 1855 1603 condi-

219 1632 308 1663 tione
326 1631 388 1667 ﬁat,
403 1630 463 1670 piis
480 1629 559 1660 votis
575 1628 727 1668 deposco.

260 1686 298 1715 II.
310 1683 505 1722 Scriptorum
517 1680 630 1721 Cyrilh'
640 1689 758 1720 nupera
772 1677 1072 1719 conquisitio.—His
1087 1677 1126 1708 de
1139 1677 1265 1708 Auberti
1279 1677 1418 1708 editione
1433 1677 1568 1709 breviter
1576 1681 1681 1718 atque,
1697 1681 1730 1709 ut
1743 1687 1852 1718 spero,

219 1735 417 1776 aequabiliter
438 1734 539 1772 dictis,
564 1734 705 1765 nondum
727 1736 832 1763 tamen
860 1732 927 1771 ejus
948 1731 1144 1771 praecipuum
1166 1731 1337 1762 memoravi
1357 1730 1610 1768 incommodum,
1634 1734 1679 1762 tot
1706 1731 1854 1762 videlicet

221 1786 325 1826 Cyrilli
349 1785 575 1825 opusculorum
593 1784 764 1820 defectum,
779 1792 851 1823 quae
867 1783 979 1823 partim
990 1783 1110 1820 Graece,
1124 1782 1236 1821 partim
1253 1782 1360 1812 Latine
1376 1781 1517 1821 dispersa
1535 1781 1568 1812 in
1583 1781 1745 1821 impressis
1765 1781 1853 1812 libris

221 1837 393 1875 exstabant,
409 1839 439 1868 et
452 1837 579 1868 Auberti
594 1837 735 1867 notitiam
748 1835 1004 1874 diligentiamque
1022 1833 1180 1872 fugerunt.
1196 1834 1271 1864 Haec
1288 1833 1408 1864 scilicet
1419 1836 1563 1864 accurate
1579 1836 1723 1864 recenset
1741 1833 1852 1864 Fabri-

221 1889 288 1921 cius
303 1889 340 1919 B.
361 1888 399 1920 θ.
415 1887 469 1919 lib.
487 1897 521 1925 v,
547 1897 617 1928 cap.
635 1887 689 1924 22,
707 1897 739 1918 n.
757 1887 773 1916 8
787 1888 797 1926 (
812 1886 863 1917 ed.
879 1894 952 1916 nov.
973 1889 994 1916 t.
1010 1886 1061 1922 IX,
1083 1895 1115 1925 p.
1132 1885 1187 1915 487
1210 1885 1305 1925 seq.),
1323 1893 1394 1925 quae
1420 1886 1568 1916 nimirum
1588 1895 1605 1916 a
1619 1894 1702 1916 novo
1728 1886 1852 1917 editore

221 1939 329 1972 sedule
340 1938 516 1979 colligenda
531 1942 614 1970 sunt.
631 1939 741 1979 Neque
755 1938 807 1969 hic
818 1937 1002 1974 sistendum,
1019 1937 1073 1968 sed
1083 1937 1114 1967 in
1126 1937 1334 1968 conciliorum
1343 1937 1482 1975 raetibus,
1496 1938 1671 1978 praesertim
1684 1937 1851 1977 Ephesini,

219 1992 254 2022 in
277 1990 414 2030 antiquis
433 1989 650 2030 apologetieis.
670 1989 839 2028 panopliis,
861 1988 1050 2028 scriptorum
1065 1989 1298 2019 enarratoribus
1308 1997 1366 2019 seu
1383 1988 1622 2029 bibliographis.
1640 1990 1852 2030 apprimeque

219 2042 254 2073 in
268 2041 393 2079 Photio,
410 2050 470 2073 nec
484 2050 549 2072 non
564 2040 702 2080 antiquis
716 2039 896 2071 auctoribus
913 2040 1009 2071 Mario
1024 2041 1206 2077 Mercatore,
1225 2043 1310 2079 puta,
1327 2040 1486 2077 Facundo,
1499 2040 1655 2079 Liberato,
1672 2042 1851 2079 Anastasio,

220 2093 364 2131 Leontio,
388 2096 418 2125 et
440 2093 570 2134 reliquis
584 2092 743 2132 praecipue
762 2091 910 2122 adversus
923 2091 1084 2130 Eutychis,
1105 2091 1252 2129 Nestorii,
1273 2092 1427 2130 Dioscori,
1448 2093 1566 2131 Severi,
1587 2093 1729 2134 aliasque
1744 2098 1850 2126 sectas

222 2146 401 2187 hujusmodi
426 2145 660 2186 pugnatoribus,
677 2143 791 2184 scripta
809 2143 913 2182 Cyrilli
937 2143 1078 2175 rimanda
1098 2146 1183 2174 sunt.
1205 2144 1284 2180 Quid
1303 2144 1342 2175 de
1361 2145 1477 2175 Graecis
1498 2145 1600 2177 dicam
1619 2146 1659 2177 ad
1676 2149 1851 2186 utrumque

220 2199 453 2230 Testamentum
468 2197 598 2234 catenis,
610 2204 681 2236 qua}
695 2199 741 2226 tot
755 2195 859 2235 Cyrilli
872 2195 993 2232 divitias
1002 2194 1180 2227 ostentant?
1194 2196 1242 2226 Me
1261 2198 1348 2227 certe
1363 2196 1570 2227 coacervandi
1591 2206 1663 2228 cum
1676 2198 1851 2238 majoribus

221 2249 346 2289 scriptis
361 2249 500 2280 minores
514 2248 606 2279 etiam
622 2247 803 2278 minimasve
817 2247 921 2287 Cyrilli
937 2247 975 2279 ad
989 2256 1089 2278 unum
1102 2255 1218 2288 corpus
1238 2247 1387 2288 reliquias
1398 2249 1514 2288 cupido
1529 2249 1713 2287 incesserat,
1730 2254 1851 2282 totum-

221 2310 284 2342 que
305 2301 453 2341 Cyrillum
471 2301 581 2332 decem
602 2300 724 2332 circiter
743 2301 838 2332 tomis
859 2299 1166 2340 comprehendendi:
1184 2308 1290 2340 neque
1309 2300 1336 2331 is
1362 2300 1553 2340 injucundus
1573 2301 1662 2333 labor
1684 2302 1809 2339 fuisset,
1826 2303 1852 2334 si

221 2354 277 2385 otii
292 2353 364 2385 satis
379 2355 572 2393 suppeteret,
591 2353 639 2383 vel
658 2353 684 2384 si
698 2356 826 2384 caeteras
841 2361 932 2383 curas
946 2360 1032 2382 meas
1043 2360 1200 2391 seponere
1211 2351 1437 2389 decrevissem;
1454 2353 1539 2392 quod
1551 2353 1625 2393 quia
1640 2362 1704 2384 non
1718 2353 1850 2393 placuit,

221 2403 310 2435 nolui
324 2407 431 2434 tamen
451 2403 610 2443 Cyrillum,
630 2413 695 2444 quo
707 2412 789 2444 pene
805 2411 870 2443 pra)
891 2402 1013 2434 caateris
1036 2402 1187 2440 delector,
1204 2402 1367 2434 deserere:
1386 2403 1441 2434 sed
1462 2404 1576 2435 omissa
1591 2403 1676 2434 omni
1691 2404 1850 2435 editorum

221 2455 289 2495 ejus
303 2463 435 2494 operum
451 2454 671 2493 sollicitudine,
698 2455 838 2487 converti
865 2462 916 2485 me
941 2454 1046 2494 potius
1076 2455 1114 2486 ad
1141 2453 1354 2494 indagandum
1389 2455 1542 2495 quidquid
1568 2455 1645 2486 tanti
1665 2455 1723 2486 viri
1747 2456 1850 2487 adhuc

219 2506 375 2537 ineditum
386 2506 542 2539 Vaticanis
560 2507 722 2540 codicibus
737 2506 891 2538 contineri
910 2506 993 2538 haud
1011 2505 1114 2538 fallaci
1135 2507 1315 2548 conjectura
1328 2507 1377 2539 vel
1392 2508 1578 2539 certitudine
1597 2509 1702 2548 potius
1716 2517 1850 2549 compe-

221 2565 335 2588 reram.
349 2558 437 2594 Quod
461 2567 532 2590 cum
546 2567 698 2600 prospere
717 2561 841 2598 ut’puto
855 2558 984 2598 egerim,
1001 2561 1032 2589 et
1046 2567 1095 2590 res
1123 2559 1203 2590 ultra
1213 2562 1320 2590 votum
1348 2561 1492 2595 cesserit.
1508 2560 1600 2592 facile
1624 2560 1683 2591 erit
1698 2561 1852 2601 deinceps

221 2606 334 2639 futuris
349 2608 478 2640 eruditis
500 2609 648 2649 Cyrillum
663 2607 800 2648 denique
812 2611 877 2639 tum
893 2618 930 2640 ex
947 2609 1164 2649 superioribus
1180 2610 1382 2648 editionibus,
1399 2613 1465 2641 tum
1482 2619 1520 2641 ex
1539 2611 1587 2641 his
1603 2611 1720 2642 nostris
1733 2611 1852 2643 addita-

221 2658 337 2689 mentis
363 2659 554 2699 cumulatum
581 2657 723 2689 efﬁcere:
749 2659 837 2698 cujus
869 2658 947 2689 mihi
973 2661 1058 2690 certe
1076 2661 1160 2690 tanta
1174 2659 1214 2690 ad
1230 2667 1342 2690 manus
1359 2660 1444 2690 venit
1461 2660 1563 2699 copia,
1584 2663 1618 2690 ut
1642 2659 1768 2691 duobus
1781 2670 1851 2692 eam

193 2750 198 2755 Δ
222 2709 444 2747 voluminibus,
453 2718 518 2740 non
534 2710 602 2740 sine
613 2718 684 2741 mea
694 2710 954 2751 interpretatione
964 2710 1178 2750 exposuerim,
1195 2719 1330 2750 quorum
1338 2711 1424 2751 prius
1435 2720 1519 2742 nunc
1534 2711 1776 2742 describendum
1792 2715 1849 2742 est.

262 2758 314 2789 IlI.
340 2759 478 2798 Cyrillus
493 2759 530 2789 de
549 2759 715 2790 Trinitate.
732 2778 769 2782 —
795 2761 1019 2800 Episcopatum
1042 2760 1175 2800 Cyrillus
1194 2760 1412 2792 Alexandrina;
1437 2761 1570 2793 civitatis
1589 2769 1713 2800 gerens,
1734 2763 1766 2793 in
1789 2770 1851 2802 qua

222 2809 438 2848 superioribus
449 2809 539 2840 annis
559 2809 647 2840 Arius
662 2810 913 2842 scelestissimam
939 2809 1084 2841 haaresim
1106 2814 1344 2850 propagaverat,
1362 2811 1437 2842 nihil
1452 2811 1627 2851 impensius
1641 2811 1672 2842 in
1689 2812 1754 2843 suis
1772 2811 1850 2843 scri-

223 2861 285 2899 ptis
293 2860 561 2901 concionibusque
572 2862 645 2901 egit,
655 2871 749 2901 quam
759 2866 792 2894 ut
802 2862 884 2893 illius
895 2861 1122 2899 haeresiarchas,
1131 2864 1224 2900 atque
1237 2861 1436 2899 asseclarum,
1447 2863 1682 2903 praisertimuuc
1698 2863 1853 2895 recentio-
