  <div class='ocr_page' id='page_1' title='image "/cluster/home/n/w/nwhite01/storage/ocr_20150623/68/njp.32101077772711/062.png"; bbox 0 0 1929 3042; ppageno 0'>
   <div class='ocr_carea' id='block_1_1' title="bbox 73 167 1716 222">
    <p class='ocr_par' dir='ltr' id='par_1_1' title="bbox 73 167 1716 222">
     <span class='ocr_line' id='line_1_1' title="bbox 73 167 1716 222; baseline 0.004 -21"><span class='ocrx_word' id='word_1_1' title='bbox 73 167 109 194; x_wconf 76' lang='lat'><strong>95</strong></span> <span class='ocrx_word' id='word_1_2' title='bbox 762 175 1019 205; x_wconf 67' lang='lat' dir='ltr'>PREFATIONES.</span> <span class='ocrx_word' id='word_1_3' title='bbox 1663 179 1700 208; x_wconf 69' lang='lat'>94</span> <span class='ocrx_word' id='word_1_4' title='bbox 1712 217 1716 222; x_wconf 91' lang='lat'><em>_</em></span> 
     </span>
    </p>
   </div>
   <div class='ocr_carea' id='block_1_2' title="bbox 71 230 1701 279">
    <p class='ocr_par' dir='ltr' id='par_1_2' title="bbox 71 230 1701 279">
     <span class='ocr_line' id='line_1_2' title="bbox 71 230 1701 279; baseline 0.006 -19"><span class='ocrx_word' id='word_1_5' title='bbox 71 230 114 261; x_wconf 89' lang='lat' dir='ltr'>ris</span> <span class='ocrx_word' id='word_1_6' title='bbox 134 230 294 268; x_wconf 84' lang='lat' dir='ltr'>Eunomii,</span> <span class='ocrx_word' id='word_1_7' title='bbox 316 237 470 264; x_wconf 78' lang='lat' dir='ltr'>venenata</span> <span class='ocrx_word' id='word_1_8' title='bbox 492 234 605 274; x_wconf 89' lang='lat' dir='ltr'>scripta</span> <span class='ocrx_word' id='word_1_9' title='bbox 620 235 831 275; x_wconf 80' lang='lat' dir='ltr'>redargueret,</span> <span class='ocrx_word' id='word_1_10' title='bbox 848 236 1038 277; x_wconf 84' lang='lat' dir='ltr'>plebemque</span> <span class='ocrx_word' id='word_1_11' title='bbox 1049 243 1131 269; x_wconf 64' lang='lat' dir='ltr'>cura:</span> <span class='ocrx_word' id='word_1_12' title='bbox 1142 247 1206 270; x_wconf 72' lang='lat' dir='ltr'>suae</span> <span class='ocrx_word' id='word_1_13' title='bbox 1222 239 1370 279; x_wconf 80' lang='lat' dir='ltr'>pastorali</span> <span class='ocrx_word' id='word_1_14' title='bbox 1384 238 1532 271; x_wconf 87' lang='lat' dir='ltr'>creditam</span> <span class='ocrx_word' id='word_1_15' title='bbox 1547 237 1578 270; x_wconf 92' lang='lat' dir='ltr'>in</span> <span class='ocrx_word' id='word_1_16' title='bbox 1594 238 1701 270; x_wconf 90' lang='lat' dir='ltr'>ortho-</span> 
     </span>
    </p>
   </div>
   <div class='ocr_carea' id='block_1_3' title="bbox 71 280 1698 330">
    <p class='ocr_par' dir='ltr' id='par_1_3' title="bbox 71 280 1698 330">
     <span class='ocr_line' id='line_1_3' title="bbox 71 280 1698 330; baseline 0.007 -20"><span class='ocrx_word' id='word_1_17' title='bbox 71 280 154 312; x_wconf 76' lang='lat' dir='ltr'>doxa</span> <span class='ocrx_word' id='word_1_18' title='bbox 168 281 230 312; x_wconf 92' lang='lat' dir='ltr'>ﬁde</span> <span class='ocrx_word' id='word_1_19' title='bbox 242 288 455 315; x_wconf 76' lang='lat' dir='ltr'>conservaret.</span> <span class='ocrx_word' id='word_1_20' title='bbox 471 285 620 326; x_wconf 86' lang='lat' dir='ltr'>Princeps</span> <span class='ocrx_word' id='word_1_21' title='bbox 635 289 665 318; x_wconf 90' lang='lat' dir='ltr'>et</span> <span class='ocrx_word' id='word_1_22' title='bbox 680 287 833 318; x_wconf 79' lang='lat' dir='ltr'>maximus</span> <span class='ocrx_word' id='word_1_23' title='bbox 849 286 888 319; x_wconf 90' lang='lat' dir='ltr'>de</span> <span class='ocrx_word' id='word_1_24' title='bbox 902 287 963 319; x_wconf 91' lang='lat' dir='ltr'>hoc</span> <span class='ocrx_word' id='word_1_25' title='bbox 974 292 1159 327; x_wconf 88' lang='lat' dir='ltr'>argumento</span> <span class='ocrx_word' id='word_1_26' title='bbox 1170 289 1361 330; x_wconf 82' lang='lat' dir='ltr'>liberCyrilli</span> <span class='ocrx_word' id='word_1_27' title='bbox 1373 292 1420 321; x_wconf 90' lang='lat' dir='ltr'>est</span> <span class='ocrx_word' id='word_1_28' title='bbox 1429 289 1615 326; x_wconf 75' lang='lat' dir='ltr'>Thesaurus,</span> <span class='ocrx_word' id='word_1_29' title='bbox 1634 298 1698 330; x_wconf 89' lang='lat' dir='ltr'>quo</span> 
     </span>
    </p>
   </div>
   <div class='ocr_carea' id='block_1_4' title="bbox 71 331 1698 380">
    <p class='ocr_par' dir='ltr' id='par_1_4' title="bbox 71 331 1698 380">
     <span class='ocr_line' id='line_1_4' title="bbox 71 331 1698 380; baseline 0.004 -18"><span class='ocrx_word' id='word_1_30' title='bbox 71 331 168 362; x_wconf 85' lang='lat' dir='ltr'>veluti</span> <span class='ocrx_word' id='word_1_31' title='bbox 181 333 337 373; x_wconf 86' lang='lat' dir='ltr'>ampliore</span> <span class='ocrx_word' id='word_1_32' title='bbox 356 336 595 367; x_wconf 85' lang='lat' dir='ltr'>armamentario</span> <span class='ocrx_word' id='word_1_33' title='bbox 612 345 648 368; x_wconf 90' lang='lat' dir='ltr'>ea</span> <span class='ocrx_word' id='word_1_34' title='bbox 661 337 864 368; x_wconf 75' lang='lat' dir='ltr'>continentur</span> <span class='ocrx_word' id='word_1_35' title='bbox 876 346 974 376; x_wconf 85' lang='lat' dir='ltr'>arma,</span> <span class='ocrx_word' id='word_1_36' title='bbox 989 347 1060 378; x_wconf 70' lang='lat' dir='ltr'>quae</span> <span class='ocrx_word' id='word_1_37' title='bbox 1082 339 1114 370; x_wconf 91' lang='lat' dir='ltr'>in</span> <span class='ocrx_word' id='word_1_38' title='bbox 1131 339 1192 370; x_wconf 92' lang='lat' dir='ltr'>hoc</span> <span class='ocrx_word' id='word_1_39' title='bbox 1201 348 1337 380; x_wconf 81' lang='lat' dir='ltr'>,quoque</span> <span class='ocrx_word' id='word_1_40' title='bbox 1352 340 1472 374; x_wconf 86' lang='lat' dir='ltr'>minore</span> <span class='ocrx_word' id='word_1_41' title='bbox 1488 339 1524 370; x_wconf 85' lang='lat' dir='ltr'>de</span> <span class='ocrx_word' id='word_1_42' title='bbox 1543 340 1698 370; x_wconf 78' lang='lat' dir='ltr'>Trinitate</span> 
     </span>
    </p>
   </div>
   <div class='ocr_carea' id='block_1_5' title="bbox 71 384 1697 429">
    <p class='ocr_par' dir='ltr' id='par_1_5' title="bbox 71 384 1697 429">
     <span class='ocr_line' id='line_1_5' title="bbox 71 384 1697 429; baseline 0.006 -18"><span class='ocrx_word' id='word_1_43' title='bbox 71 385 248 413; x_wconf 59' lang='lat' dir='ltr'>«emuntur</span> <span class='ocrx_word' id='word_1_44' title='bbox 263 384 430 423; x_wconf 88' lang='lat' dir='ltr'>opusculo,</span> <span class='ocrx_word' id='word_1_45' title='bbox 451 385 537 425; x_wconf 86' lang='lat' dir='ltr'>quod</span> <span class='ocrx_word' id='word_1_46' title='bbox 549 385 672 426; x_wconf 85' lang='lat' dir='ltr'>planius</span> <span class='ocrx_word' id='word_1_47' title='bbox 687 390 780 427; x_wconf 88' lang='lat' dir='ltr'>atque</span> <span class='ocrx_word' id='word_1_48' title='bbox 796 388 985 419; x_wconf 84' lang='lat' dir='ltr'>contractius</span> <span class='ocrx_word' id='word_1_49' title='bbox 995 391 1089 428; x_wconf 88' lang='lat' dir='ltr'>atque</span> <span class='ocrx_word' id='word_1_50' title='bbox 1101 388 1140 420; x_wconf 89' lang='lat' dir='ltr'>ad</span> <span class='ocrx_word' id='word_1_51' title='bbox 1157 389 1243 420; x_wconf 89' lang='lat' dir='ltr'>rudis</span> <span class='ocrx_word' id='word_1_52' title='bbox 1253 389 1364 429; x_wconf 88' lang='lat' dir='ltr'>populi</span> <span class='ocrx_word' id='word_1_53' title='bbox 1373 398 1464 420; x_wconf 89' lang='lat' dir='ltr'>usum</span> <span class='ocrx_word' id='word_1_54' title='bbox 1475 389 1697 421; x_wconf 87' lang='lat' dir='ltr'>accommoda-</span> 
     </span>
    </p>
   </div>
   <div class='ocr_carea' id='block_1_6' title="bbox 70 433 1697 481">
    <p class='ocr_par' dir='ltr' id='par_1_6' title="bbox 70 433 1697 481">
     <span class='ocr_line' id='line_1_6' title="bbox 70 433 1697 481; baseline 0.004 -18"><span class='ocrx_word' id='word_1_55' title='bbox 70 434 134 464; x_wconf 88' lang='lat' dir='ltr'>tius</span> <span class='ocrx_word' id='word_1_56' title='bbox 145 433 243 474; x_wconf 84' lang='lat' dir='ltr'>(sicut</span> <span class='ocrx_word' id='word_1_57' title='bbox 253 436 346 467; x_wconf 84' lang='lat' dir='ltr'>etiam</span> <span class='ocrx_word' id='word_1_58' title='bbox 359 437 391 467; x_wconf 92' lang='lat' dir='ltr'>in</span> <span class='ocrx_word' id='word_1_59' title='bbox 400 440 551 477; x_wconf 85' lang='lat' dir='ltr'>sequente</span> <span class='ocrx_word' id='word_1_60' title='bbox 567 439 608 468; x_wconf 87' lang='lat' dir='ltr'>De</span> <span class='ocrx_word' id='word_1_61' title='bbox 620 438 835 470; x_wconf 74' lang='lat' dir='ltr'>incarnatione</span> <span class='ocrx_word' id='word_1_62' title='bbox 842 439 978 480; x_wconf 89' lang='lat' dir='ltr'>ipsemet</span> <span class='ocrx_word' id='word_1_63' title='bbox 992 441 1075 481; x_wconf 86' lang='lat' dir='ltr'>dicit)</span> <span class='ocrx_word' id='word_1_64' title='bbox 1088 441 1266 481; x_wconf 91' lang='lat' dir='ltr'>composuit</span> <span class='ocrx_word' id='word_1_65' title='bbox 1273 440 1415 480; x_wconf 84' lang='lat' dir='ltr'>Cyrillus.</span> <span class='ocrx_word' id='word_1_66' title='bbox 1427 440 1565 472; x_wconf 85' lang='lat' dir='ltr'>Alterum</span> <span class='ocrx_word' id='word_1_67' title='bbox 1575 440 1697 479; x_wconf 83' lang='lat' dir='ltr'>insigne</span> 
     </span>
    </p>
   </div>
   <div class='ocr_carea' id='block_1_7' title="bbox 73 485 1697 533">
    <p class='ocr_par' dir='ltr' id='par_1_7' title="bbox 73 485 1697 533">
     <span class='ocr_line' id='line_1_7' title="bbox 73 485 1697 533; baseline 0.004 -17"><span class='ocrx_word' id='word_1_68' title='bbox 73 485 270 519; x_wconf 87' lang='lat' dir='ltr'>deTrinitate</span> <span class='ocrx_word' id='word_1_69' title='bbox 281 489 432 529; x_wconf 89' lang='lat' dir='ltr'>scriptum</span> <span class='ocrx_word' id='word_1_70' title='bbox 439 490 689 531; x_wconf 76' lang='lat' dir='ltr'>Cyrilli,Dialogi</span> <span class='ocrx_word' id='word_1_71' title='bbox 699 496 812 532; x_wconf 82' lang='lat' dir='ltr'>septem</span> <span class='ocrx_word' id='word_1_72' title='bbox 826 496 898 524; x_wconf 90' lang='lat' dir='ltr'>sunt</span> <span class='ocrx_word' id='word_1_73' title='bbox 911 493 1150 526; x_wconf 87' lang='lat' dir='ltr'>luculentissimi</span> <span class='ocrx_word' id='word_1_74' title='bbox 1157 493 1199 524; x_wconf 83' lang='lat' dir='ltr'>ad</span> <span class='ocrx_word' id='word_1_75' title='bbox 1204 493 1376 530; x_wconf 76' lang='lat' dir='ltr'>Hermiam,</span> <span class='ocrx_word' id='word_1_76' title='bbox 1387 493 1441 533; x_wconf 87' lang='lat' dir='ltr'>qui</span> <span class='ocrx_word' id='word_1_77' title='bbox 1459 493 1573 533; x_wconf 90' lang='lat' dir='ltr'>pariter</span> <span class='ocrx_word' id='word_1_78' title='bbox 1583 493 1697 523; x_wconf 80' lang='lat' dir='ltr'>fecun-</span> 
     </span>
    </p>
   </div>
   <div class='ocr_carea' id='block_1_8' title="bbox 74 534 1700 584">
    <p class='ocr_par' dir='ltr' id='par_1_8' title="bbox 74 534 1700 584">
     <span class='ocr_line' id='line_1_8' title="bbox 74 534 1700 584; baseline 0.005 -19"><span class='ocrx_word' id='word_1_79' title='bbox 74 534 240 568; x_wconf 86' lang='lat' dir='ltr'>dissimum</span> <span class='ocrx_word' id='word_1_80' title='bbox 252 540 395 571; x_wconf 83' lang='lat' dir='ltr'>Auctoris</span> <span class='ocrx_word' id='word_1_81' title='bbox 410 540 581 580; x_wconf 86' lang='lat' dir='ltr'>ingenium,</span> <span class='ocrx_word' id='word_1_82' title='bbox 592 542 811 584; x_wconf 89' lang='lat' dir='ltr'>inﬁnitumque</span> <span class='ocrx_word' id='word_1_83' title='bbox 822 544 1017 576; x_wconf 69' lang='lat' dir='ltr'>orthodoxire</span> <span class='ocrx_word' id='word_1_84' title='bbox 1034 544 1135 576; x_wconf 86' lang='lat' dir='ltr'>zelum</span> <span class='ocrx_word' id='word_1_85' title='bbox 1150 545 1375 576; x_wconf 83' lang='lat' dir='ltr'>demonstrant.</span> <span class='ocrx_word' id='word_1_86' title='bbox 1385 544 1523 575; x_wconf 90' lang='lat' dir='ltr'>Tertium</span> <span class='ocrx_word' id='word_1_87' title='bbox 1533 545 1575 574; x_wconf 87' lang='lat' dir='ltr'>De</span> <span class='ocrx_word' id='word_1_88' title='bbox 1597 544 1700 574; x_wconf 72' lang='lat' dir='ltr'>Trini-</span> 
     </span>
    </p>
   </div>
   <div class='ocr_carea' id='block_1_9' title="bbox 73 588 1699 636">
    <p class='ocr_par' dir='ltr' id='par_1_9' title="bbox 73 588 1699 636">
     <span class='ocr_line' id='line_1_9' title="bbox 73 588 1699 636; baseline 0.006 -20"><span class='ocrx_word' id='word_1_89' title='bbox 73 590 139 617; x_wconf 76' lang='lat' dir='ltr'>tate</span> <span class='ocrx_word' id='word_1_90' title='bbox 153 588 316 628; x_wconf 86' lang='lat' dir='ltr'>quoddam</span> <span class='ocrx_word' id='word_1_91' title='bbox 339 592 524 631; x_wconf 88' lang='lat' dir='ltr'>opusculum</span> <span class='ocrx_word' id='word_1_92' title='bbox 540 593 636 625; x_wconf 87' lang='lat' dir='ltr'>edidit</span> <span class='ocrx_word' id='word_1_93' title='bbox 657 595 776 635; x_wconf 89' lang='lat' dir='ltr'>primus</span> <span class='ocrx_word' id='word_1_94' title='bbox 790 597 849 627; x_wconf 92' lang='lat' dir='ltr'>sub</span> <span class='ocrx_word' id='word_1_95' title='bbox 871 595 975 636; x_wconf 83' lang='lat' dir='ltr'>Cyrilli</span> <span class='ocrx_word' id='word_1_96' title='bbox 989 597 1117 634; x_wconf 76' lang='lat' dir='ltr'>nomine</span> <span class='ocrx_word' id='word_1_97' title='bbox 1131 597 1329 636; x_wconf 86' lang='lat' dir='ltr'>Wegelinus:</span> <span class='ocrx_word' id='word_1_98' title='bbox 1344 593 1558 628; x_wconf 78' lang='lat' dir='ltr'>verumtamen</span> <span class='ocrx_word' id='word_1_99' title='bbox 1573 596 1604 627; x_wconf 92' lang='lat' dir='ltr'>id</span> <span class='ocrx_word' id='word_1_100' title='bbox 1622 594 1699 626; x_wconf 85' lang='lat' dir='ltr'>nihil</span> 
     </span>
    </p>
   </div>
   <div class='ocr_carea' id='block_1_10' title="bbox 73 636 1699 686">
    <p class='ocr_par' dir='ltr' id='par_1_10' title="bbox 73 636 1699 686">
     <span class='ocr_line' id='line_1_10' title="bbox 73 636 1699 686; baseline 0.002 -17"><span class='ocrx_word' id='word_1_101' title='bbox 73 636 142 669; x_wconf 83' lang='lat' dir='ltr'>fere</span> <span class='ocrx_word' id='word_1_102' title='bbox 155 647 227 671; x_wconf 81' lang='lat' dir='ltr'>eSse</span> <span class='ocrx_word' id='word_1_103' title='bbox 243 640 327 672; x_wconf 84' lang='lat' dir='ltr'>aliud</span> <span class='ocrx_word' id='word_1_104' title='bbox 349 651 443 682; x_wconf 87' lang='lat' dir='ltr'>quam</span> <span class='ocrx_word' id='word_1_105' title='bbox 462 643 737 684; x_wconf 86' lang='lat' dir='ltr'>interpolationem</span> <span class='ocrx_word' id='word_1_106' title='bbox 755 649 850 685; x_wconf 88' lang='lat' dir='ltr'>atque</span> <span class='ocrx_word' id='word_1_107' title='bbox 868 646 1093 686; x_wconf 87' lang='lat' dir='ltr'>compendium</span> <span class='ocrx_word' id='word_1_108' title='bbox 1112 646 1217 686; x_wconf 88' lang='lat' dir='ltr'>operis</span> <span class='ocrx_word' id='word_1_109' title='bbox 1242 645 1372 677; x_wconf 86' lang='lat' dir='ltr'>Joannis</span> <span class='ocrx_word' id='word_1_110' title='bbox 1384 644 1566 676; x_wconf 82' lang='lat' dir='ltr'>Damasceni</span> <span class='ocrx_word' id='word_1_111' title='bbox 1581 644 1623 673; x_wconf 85' lang='lat' dir='ltr'>De</span> <span class='ocrx_word' id='word_1_112' title='bbox 1638 643 1699 682; x_wconf 82' lang='lat' dir='ltr'>ﬁde</span> 
     </span>
    </p>
   </div>
   <div class='ocr_carea' id='block_1_11' title="bbox 74 686 1696 734">
    <p class='ocr_par' dir='ltr' id='par_1_11' title="bbox 74 686 1696 734">
     <span class='ocr_line' id='line_1_11' title="bbox 74 686 1696 734; baseline 0.004 -18"><span class='ocrx_word' id='word_1_113' title='bbox 74 686 268 727; x_wconf 69' lang='lat' dir='ltr'>orthodoxa,</span> <span class='ocrx_word' id='word_1_114' title='bbox 311 689 449 731; x_wconf 88' lang='lat' dir='ltr'>ideoque</span> <span class='ocrx_word' id='word_1_115' title='bbox 484 692 724 732; x_wconf 87' lang='lat' dir='ltr'>abjudicandum</span> <span class='ocrx_word' id='word_1_116' title='bbox 746 694 872 734; x_wconf 85' lang='lat' dir='ltr'>Cyrillo,</span> <span class='ocrx_word' id='word_1_117' title='bbox 889 695 955 734; x_wconf 86' lang='lat' dir='ltr'>jam</span> <span class='ocrx_word' id='word_1_118' title='bbox 985 695 1039 727; x_wconf 90' lang='lat' dir='ltr'>diu</span> <span class='ocrx_word' id='word_1_119' title='bbox 1066 695 1166 727; x_wconf 87' lang='lat' dir='ltr'>critici</span> <span class='ocrx_word' id='word_1_120' title='bbox 1191 695 1378 727; x_wconf 87' lang='lat' dir='ltr'>docuerunt.</span> <span class='ocrx_word' id='word_1_121' title='bbox 1399 694 1460 726; x_wconf 90' lang='lat' dir='ltr'>Sed</span> <span class='ocrx_word' id='word_1_122' title='bbox 1491 696 1608 734; x_wconf 76' lang='lat' dir='ltr'>praeter</span> <span class='ocrx_word' id='word_1_123' title='bbox 1627 693 1696 724; x_wconf 79' lang='lat' dir='ltr'>haec</span> 
     </span>
    </p>
   </div>
   <div class='ocr_carea' id='block_1_12' title="bbox 74 737 1700 785">
    <p class='ocr_par' dir='ltr' id='par_1_12' title="bbox 74 737 1700 785">
     <span class='ocr_line' id='line_1_12' title="bbox 74 737 1700 785; baseline 0.004 -18"><span class='ocrx_word' id='word_1_124' title='bbox 74 737 267 770; x_wconf 81' lang='lat' dir='ltr'>nominatim</span> <span class='ocrx_word' id='word_1_125' title='bbox 281 740 326 770; x_wconf 80' lang='lat' dir='ltr'>De</span> <span class='ocrx_word' id='word_1_126' title='bbox 342 741 496 773; x_wconf 72' lang='lat' dir='ltr'>Trinitate</span> <span class='ocrx_word' id='word_1_127' title='bbox 504 742 653 783; x_wconf 85' lang='lat' dir='ltr'>inscripta</span> <span class='ocrx_word' id='word_1_128' title='bbox 668 751 775 784; x_wconf 89' lang='lat' dir='ltr'>opera,</span> <span class='ocrx_word' id='word_1_129' title='bbox 787 745 902 785; x_wconf 89' lang='lat' dir='ltr'>passim</span> <span class='ocrx_word' id='word_1_130' title='bbox 912 745 1042 785; x_wconf 81' lang='lat' dir='ltr'>Cyrillus</span> <span class='ocrx_word' id='word_1_131' title='bbox 1052 746 1085 777; x_wconf 89' lang='lat' dir='ltr'>in</span> <span class='ocrx_word' id='word_1_132' title='bbox 1092 745 1304 777; x_wconf 87' lang='lat' dir='ltr'>voluminibus</span> <span class='ocrx_word' id='word_1_133' title='bbox 1316 745 1380 776; x_wconf 88' lang='lat' dir='ltr'>suis</span> <span class='ocrx_word' id='word_1_134' title='bbox 1389 753 1447 785; x_wconf 92' lang='lat' dir='ltr'>pro</span> <span class='ocrx_word' id='word_1_135' title='bbox 1462 743 1524 775; x_wconf 89' lang='lat' dir='ltr'>hoc</span> <span class='ocrx_word' id='word_1_136' title='bbox 1539 743 1700 784; x_wconf 71' lang='lat' dir='ltr'>praacipuo</span> 
     </span>
    </p>
   </div>
   <div class='ocr_carea' id='block_1_13' title="bbox 73 785 1702 835">
    <p class='ocr_par' dir='ltr' id='par_1_13' title="bbox 73 785 1702 835">
     <span class='ocr_line' id='line_1_13' title="bbox 73 785 1702 835; baseline 0.002 -16"><span class='ocrx_word' id='word_1_137' title='bbox 73 785 224 826; x_wconf 80' lang='lat' dir='ltr'>dogmate</span> <span class='ocrx_word' id='word_1_138' title='bbox 233 793 364 829; x_wconf 82' lang='lat' dir='ltr'>pugnat;</span> <span class='ocrx_word' id='word_1_139' title='bbox 381 794 411 821; x_wconf 90' lang='lat' dir='ltr'>et</span> <span class='ocrx_word' id='word_1_140' title='bbox 421 791 548 831; x_wconf 86' lang='lat' dir='ltr'>quidem</span> <span class='ocrx_word' id='word_1_141' title='bbox 563 793 700 824; x_wconf 87' lang='lat' dir='ltr'>etiamin</span> <span class='ocrx_word' id='word_1_142' title='bbox 712 794 881 834; x_wconf 76' lang='lat' dir='ltr'>praeclaris,</span> <span class='ocrx_word' id='word_1_143' title='bbox 895 803 975 835; x_wconf 90' lang='lat' dir='ltr'>quos</span> <span class='ocrx_word' id='word_1_144' title='bbox 989 804 1046 826; x_wconf 92' lang='lat' dir='ltr'>nos</span> <span class='ocrx_word' id='word_1_145' title='bbox 1056 795 1118 826; x_wconf 89' lang='lat' dir='ltr'>hoc</span> <span class='ocrx_word' id='word_1_146' title='bbox 1131 800 1275 835; x_wconf 88' lang='lat' dir='ltr'>tempore</span> <span class='ocrx_word' id='word_1_147' title='bbox 1291 794 1456 832; x_wconf 90' lang='lat' dir='ltr'>edidimus,</span> <span class='ocrx_word' id='word_1_148' title='bbox 1469 793 1702 825; x_wconf 88' lang='lat' dir='ltr'>commentariis</span> 
     </span>
    </p>
   </div>
   <div class='ocr_carea' id='block_1_14' title="bbox 73 835 1702 884">
    <p class='ocr_par' dir='ltr' id='par_1_14' title="bbox 73 835 1702 884">
     <span class='ocr_line' id='line_1_14' title="bbox 73 835 1702 884; baseline 0.004 -18"><span class='ocrx_word' id='word_1_149' title='bbox 73 835 113 866; x_wconf 83' lang='lat' dir='ltr'>ad</span> <span class='ocrx_word' id='word_1_150' title='bbox 133 838 223 869; x_wconf 85' lang='lat' dir='ltr'>Pauli</span> <span class='ocrx_word' id='word_1_151' title='bbox 236 839 391 879; x_wconf 81' lang='lat' dir='ltr'>Epistolas</span> <span class='ocrx_word' id='word_1_152' title='bbox 405 844 436 872; x_wconf 89' lang='lat' dir='ltr'>et</span> <span class='ocrx_word' id='word_1_153' title='bbox 450 842 490 873; x_wconf 91' lang='lat' dir='ltr'>ad</span> <span class='ocrx_word' id='word_1_154' title='bbox 508 842 660 874; x_wconf 89' lang='lat' dir='ltr'>Psalmos.</span> <span class='ocrx_word' id='word_1_155' title='bbox 679 843 768 875; x_wconf 92' lang='lat' dir='ltr'>Nunc</span> <span class='ocrx_word' id='word_1_156' title='bbox 786 852 820 875; x_wconf 91' lang='lat' dir='ltr'>se</span> <span class='ocrx_word' id='word_1_157' title='bbox 835 843 912 875; x_wconf 92' lang='lat' dir='ltr'>mihi</span> <span class='ocrx_word' id='word_1_158' title='bbox 932 844 1044 876; x_wconf 86' lang='lat' dir='ltr'>obtulit</span> <span class='ocrx_word' id='word_1_159' title='bbox 1062 844 1166 884; x_wconf 88' lang='lat' dir='ltr'>Cyrilli</span> <span class='ocrx_word' id='word_1_160' title='bbox 1180 844 1346 882; x_wconf 87' lang='lat' dir='ltr'>ineditum,</span> <span class='ocrx_word' id='word_1_161' title='bbox 1364 847 1398 876; x_wconf 88' lang='lat' dir='ltr'>ut</span> <span class='ocrx_word' id='word_1_162' title='bbox 1413 852 1496 880; x_wconf 90' lang='lat' dir='ltr'>reor,</span> <span class='ocrx_word' id='word_1_163' title='bbox 1514 841 1702 882; x_wconf 88' lang='lat' dir='ltr'>opusculum</span> 
     </span>
    </p>
   </div>
   <div class='ocr_carea' id='block_1_15' title="bbox 73 886 1702 936">
    <p class='ocr_par' dir='ltr' id='par_1_15' title="bbox 73 886 1702 936">
     <span class='ocr_line' id='line_1_15' title="bbox 73 886 1702 936; baseline 0.003 -19"><span class='ocrx_word' id='word_1_164' title='bbox 73 886 119 917; x_wconf 83' lang='lat' dir='ltr'>De</span> <span class='ocrx_word' id='word_1_165' title='bbox 136 889 294 921; x_wconf 75' lang='lat' dir='ltr'>Trinitate</span> <span class='ocrx_word' id='word_1_166' title='bbox 303 890 335 921; x_wconf 90' lang='lat' dir='ltr'>in</span> <span class='ocrx_word' id='word_1_167' title='bbox 346 891 495 924; x_wconf 87' lang='lat' dir='ltr'>Vaticano</span> <span class='ocrx_word' id='word_1_168' title='bbox 506 901 634 933; x_wconf 86' lang='lat' dir='ltr'>perraro</span> <span class='ocrx_word' id='word_1_169' title='bbox 647 894 778 932; x_wconf 87' lang='lat' dir='ltr'>codice;</span> <span class='ocrx_word' id='word_1_170' title='bbox 795 894 1048 935; x_wconf 72' lang='lat' dir='ltr'>quaalucubratio</span> <span class='ocrx_word' id='word_1_171' title='bbox 1064 895 1157 936; x_wconf 81' lang='lat' dir='ltr'>plane</span> <span class='ocrx_word' id='word_1_172' title='bbox 1167 895 1206 927; x_wconf 86' lang='lat' dir='ltr'>ab</span> <span class='ocrx_word' id='word_1_173' title='bbox 1221 895 1274 926; x_wconf 85' lang='lat' dir='ltr'>illa</span> <span class='ocrx_word' id='word_1_174' title='bbox 1289 895 1403 932; x_wconf 82' lang='lat' dir='ltr'>diﬁ‘ert,</span> <span class='ocrx_word' id='word_1_175' title='bbox 1419 902 1514 934; x_wconf 88' lang='lat' dir='ltr'>quam</span> <span class='ocrx_word' id='word_1_176' title='bbox 1530 892 1597 933; x_wconf 88' lang='lat' dir='ltr'>pari</span> <span class='ocrx_word' id='word_1_177' title='bbox 1611 891 1702 923; x_wconf 88' lang='lat' dir='ltr'>titulo</span> 
     </span>
    </p>
   </div>
   <div class='ocr_carea' id='block_1_16' title="bbox 74 936 1702 984">
    <p class='ocr_par' dir='ltr' id='par_1_16' title="bbox 74 936 1702 984">
     <span class='ocr_line' id='line_1_16' title="bbox 74 936 1702 984; baseline 0.002 -17"><span class='ocrx_word' id='word_1_178' title='bbox 74 936 134 967; x_wconf 88' lang='lat' dir='ltr'>sub</span> <span class='ocrx_word' id='word_1_179' title='bbox 152 937 235 982; x_wconf 84' lang='lat' dir='ltr'>falso</span> <span class='ocrx_word' id='word_1_180' title='bbox 242 939 345 979; x_wconf 78' lang='lat' dir='ltr'>Cyn&#39;lli</span> <span class='ocrx_word' id='word_1_181' title='bbox 355 941 624 981; x_wconf 86' lang='lat' dir='ltr'>nominevulgavit</span> <span class='ocrx_word' id='word_1_182' title='bbox 636 943 824 981; x_wconf 86' lang='lat' dir='ltr'>Wegelinus.</span> <span class='ocrx_word' id='word_1_183' title='bbox 841 943 888 974; x_wconf 80' lang='lat' dir='ltr'>Ait</span> <span class='ocrx_word' id='word_1_184' title='bbox 896 947 1000 975; x_wconf 87' lang='lat' dir='ltr'>autem</span> <span class='ocrx_word' id='word_1_185' title='bbox 1015 944 1145 984; x_wconf 80' lang='lat' dir='ltr'>Cyrillus</span> <span class='ocrx_word' id='word_1_186' title='bbox 1155 953 1224 984; x_wconf 87' lang='lat' dir='ltr'>cap.</span> <span class='ocrx_word' id='word_1_187' title='bbox 1237 943 1254 974; x_wconf 91' lang='lat'>3</span> <span class='ocrx_word' id='word_1_188' title='bbox 1267 946 1487 984; x_wconf 87' lang='lat' dir='ltr'>se,postquam</span> <span class='ocrx_word' id='word_1_189' title='bbox 1496 945 1603 974; x_wconf 86' lang='lat' dir='ltr'>contra</span> <span class='ocrx_word' id='word_1_190' title='bbox 1617 941 1702 971; x_wconf 88' lang='lat' dir='ltr'>blas-</span> 
     </span>
    </p>
   </div>
   <div class='ocr_carea' id='block_1_17' title="bbox 73 986 1702 1033">
    <p class='ocr_par' dir='ltr' id='par_1_17' title="bbox 73 986 1702 1033">
     <span class='ocr_line' id='line_1_17' title="bbox 73 986 1702 1033; baseline 0.001 -15"><span class='ocrx_word' id='word_1_191' title='bbox 73 986 220 1026; x_wconf 84' lang='lat' dir='ltr'>phemias</span> <span class='ocrx_word' id='word_1_192' title='bbox 230 987 462 1028; x_wconf 65' lang='lat' dir='ltr'>haereticorum,</span> <span class='ocrx_word' id='word_1_193' title='bbox 473 991 655 1023; x_wconf 85' lang='lat' dir='ltr'>Arianorum</span> <span class='ocrx_word' id='word_1_194' title='bbox 663 992 793 1030; x_wconf 87' lang='lat' dir='ltr'>scilicet,</span> <span class='ocrx_word' id='word_1_195' title='bbox 808 993 881 1023; x_wconf 82' lang='lat' dir='ltr'>satis</span> <span class='ocrx_word' id='word_1_196' title='bbox 892 992 1102 1024; x_wconf 87' lang='lat' dir='ltr'>decertaverat</span> <span class='ocrx_word' id='word_1_197' title='bbox 1115 992 1200 1033; x_wconf 91' lang='lat' dir='ltr'>(puta</span> <span class='ocrx_word' id='word_1_198' title='bbox 1210 993 1243 1023; x_wconf 90' lang='lat' dir='ltr'>in</span> <span class='ocrx_word' id='word_1_199' title='bbox 1257 992 1426 1029; x_wconf 82' lang='lat' dir='ltr'>Thesauro,</span> <span class='ocrx_word' id='word_1_200' title='bbox 1436 991 1471 1022; x_wconf 92' lang='lat' dir='ltr'>in</span> <span class='ocrx_word' id='word_1_201' title='bbox 1482 990 1702 1021; x_wconf 81' lang='lat' dir='ltr'>commentario</span> 
     </span>
    </p>
   </div>
   <div class='ocr_carea' id='block_1_18' title="bbox 74 1037 1701 1083">
    <p class='ocr_par' dir='ltr' id='par_1_18' title="bbox 74 1037 1701 1083">
     <span class='ocr_line' id='line_1_18' title="bbox 74 1037 1701 1083; baseline 0.002 -16"><span class='ocrx_word' id='word_1_202' title='bbox 74 1037 117 1067; x_wconf 77' lang='lat' dir='ltr'>ad</span> <span class='ocrx_word' id='word_1_203' title='bbox 131 1038 298 1077; x_wconf 80' lang='lat' dir='ltr'>Joannem,</span> <span class='ocrx_word' id='word_1_204' title='bbox 314 1043 345 1072; x_wconf 89' lang='lat' dir='ltr'>et</span> <span class='ocrx_word' id='word_1_205' title='bbox 354 1041 452 1082; x_wconf 83' lang='lat' dir='ltr'>alibi),</span> <span class='ocrx_word' id='word_1_206' title='bbox 467 1050 552 1073; x_wconf 91' lang='lat' dir='ltr'>nunc</span> <span class='ocrx_word' id='word_1_207' title='bbox 567 1042 627 1074; x_wconf 89' lang='lat' dir='ltr'>hoc</span> <span class='ocrx_word' id='word_1_208' title='bbox 643 1042 829 1083; x_wconf 88' lang='lat' dir='ltr'>opusculum</span> <span class='ocrx_word' id='word_1_209' title='bbox 841 1043 893 1083; x_wconf 85' lang='lat' dir='ltr'>pie</span> <span class='ocrx_word' id='word_1_210' title='bbox 903 1043 1102 1075; x_wconf 89' lang='lat' dir='ltr'>credentibus</span> <span class='ocrx_word' id='word_1_211' title='bbox 1117 1044 1265 1080; x_wconf 83' lang='lat' dir='ltr'>scribere,</span> <span class='ocrx_word' id='word_1_212' title='bbox 1279 1046 1313 1073; x_wconf 91' lang='lat' dir='ltr'>ut</span> <span class='ocrx_word' id='word_1_213' title='bbox 1331 1042 1431 1073; x_wconf 86' lang='lat' dir='ltr'>divina</span> <span class='ocrx_word' id='word_1_214' title='bbox 1445 1042 1600 1080; x_wconf 80' lang='lat' dir='ltr'>dogmata,</span> <span class='ocrx_word' id='word_1_215' title='bbox 1616 1043 1701 1071; x_wconf 79' lang='lat' dir='ltr'>extra</span> 
     </span>
    </p>
   </div>
   <div class='ocr_carea' id='block_1_19' title="bbox 75 1091 1700 1135">
    <p class='ocr_par' dir='ltr' id='par_1_19' title="bbox 75 1091 1700 1135">
     <span class='ocr_line' id='line_1_19' title="bbox 75 1091 1700 1135; baseline 0.001 -16"><span class='ocrx_word' id='word_1_216' title='bbox 75 1095 203 1120; x_wconf 88' lang='lat' dir='ltr'>omnem</span> <span class='ocrx_word' id='word_1_217' title='bbox 220 1092 442 1123; x_wconf 63' lang='lat' dir='ltr'>controversiae</span> <span class='ocrx_word' id='word_1_218' title='bbox 456 1092 567 1131; x_wconf 89' lang='lat' dir='ltr'>aleam,</span> <span class='ocrx_word' id='word_1_219' title='bbox 583 1093 737 1126; x_wconf 88' lang='lat' dir='ltr'>didactico</span> <span class='ocrx_word' id='word_1_220' title='bbox 754 1103 842 1126; x_wconf 89' lang='lat' dir='ltr'>more</span> <span class='ocrx_word' id='word_1_221' title='bbox 854 1097 1001 1135; x_wconf 75' lang='lat' dir='ltr'>exponat.</span> <span class='ocrx_word' id='word_1_222' title='bbox 1016 1096 1139 1134; x_wconf 89' lang='lat' dir='ltr'>Reapse</span> <span class='ocrx_word' id='word_1_223' title='bbox 1150 1097 1253 1125; x_wconf 88' lang='lat' dir='ltr'>autem</span> <span class='ocrx_word' id='word_1_224' title='bbox 1266 1093 1454 1134; x_wconf 88' lang='lat' dir='ltr'>promissum</span> <span class='ocrx_word' id='word_1_225' title='bbox 1473 1092 1597 1124; x_wconf 87' lang='lat' dir='ltr'>abunde</span> <span class='ocrx_word' id='word_1_226' title='bbox 1612 1091 1700 1122; x_wconf 83' lang='lat' dir='ltr'>facit:</span> 
     </span>
    </p>
   </div>
   <div class='ocr_carea' id='block_1_20' title="bbox 75 1140 1703 1185">
    <p class='ocr_par' dir='ltr' id='par_1_20' title="bbox 75 1140 1703 1185">
     <span class='ocr_line' id='line_1_20' title="bbox 75 1140 1703 1185; baseline -0.001 -12"><span class='ocrx_word' id='word_1_227' title='bbox 75 1147 112 1171; x_wconf 78' lang='lat' dir='ltr'>ea</span> <span class='ocrx_word' id='word_1_228' title='bbox 123 1140 245 1181; x_wconf 88' lang='lat' dir='ltr'>quippe</span> <span class='ocrx_word' id='word_1_229' title='bbox 264 1143 489 1182; x_wconf 86' lang='lat' dir='ltr'>perspicuitate</span> <span class='ocrx_word' id='word_1_230' title='bbox 503 1147 534 1174; x_wconf 90' lang='lat' dir='ltr'>et</span> <span class='ocrx_word' id='word_1_231' title='bbox 556 1144 723 1184; x_wconf 64' lang='lat' dir='ltr'>theologia:</span> <span class='ocrx_word' id='word_1_232' title='bbox 741 1145 854 1185; x_wconf 88' lang='lat' dir='ltr'>peritia</span> <span class='ocrx_word' id='word_1_233' title='bbox 867 1145 1051 1176; x_wconf 86' lang='lat' dir='ltr'>altissimum</span> <span class='ocrx_word' id='word_1_234' title='bbox 1065 1144 1221 1175; x_wconf 83' lang='lat' dir='ltr'>Trinitatis</span> <span class='ocrx_word' id='word_1_235' title='bbox 1228 1143 1412 1183; x_wconf 90' lang='lat' dir='ltr'>mysterium</span> <span class='ocrx_word' id='word_1_236' title='bbox 1427 1142 1539 1173; x_wconf 89' lang='lat' dir='ltr'>evolvit</span> <span class='ocrx_word' id='word_1_237' title='bbox 1554 1150 1589 1172; x_wconf 89' lang='lat' dir='ltr'>ac</span> <span class='ocrx_word' id='word_1_238' title='bbox 1600 1140 1703 1178; x_wconf 86' lang='lat' dir='ltr'>tradit,</span> 
     </span>
    </p>
   </div>
   <div class='ocr_carea' id='block_1_21' title="bbox 76 1192 1702 1236">
    <p class='ocr_par' dir='ltr' id='par_1_21' title="bbox 76 1192 1702 1236">
     <span class='ocr_line' id='line_1_21' title="bbox 76 1192 1702 1236; baseline -0.001 -14"><span class='ocrx_word' id='word_1_239' title='bbox 76 1199 147 1231; x_wconf 59' lang='lat' dir='ltr'>quas</span> <span class='ocrx_word' id='word_1_240' title='bbox 155 1195 279 1224; x_wconf 89' lang='lat' dir='ltr'>tantum</span> <span class='ocrx_word' id='word_1_241' title='bbox 297 1197 392 1234; x_wconf 89' lang='lat' dir='ltr'>atque</span> <span class='ocrx_word' id='word_1_242' title='bbox 409 1204 426 1226; x_wconf 87' lang='lat' dir='ltr'>a</span> <span class='ocrx_word' id='word_1_243' title='bbox 439 1196 503 1226; x_wconf 92' lang='lat' dir='ltr'>Deo</span> <span class='ocrx_word' id='word_1_244' title='bbox 519 1196 718 1236; x_wconf 87' lang='lat' dir='ltr'>peculiariter</span> <span class='ocrx_word' id='word_1_245' title='bbox 734 1197 880 1228; x_wconf 85' lang='lat' dir='ltr'>edoctum</span> <span class='ocrx_word' id='word_1_246' title='bbox 895 1196 1077 1235; x_wconf 87' lang='lat' dir='ltr'>magistrum</span> <span class='ocrx_word' id='word_1_247' title='bbox 1095 1196 1195 1226; x_wconf 88' lang='lat' dir='ltr'>decet.</span> <span class='ocrx_word' id='word_1_248' title='bbox 1214 1196 1289 1226; x_wconf 88' lang='lat' dir='ltr'>Tres</span> <span class='ocrx_word' id='word_1_249' title='bbox 1301 1193 1480 1233; x_wconf 81' lang='lat' dir='ltr'>singillatim</span> <span class='ocrx_word' id='word_1_250' title='bbox 1496 1192 1615 1223; x_wconf 89' lang='lat' dir='ltr'>divinas</span> <span class='ocrx_word' id='word_1_251' title='bbox 1629 1199 1702 1231; x_wconf 90' lang='lat' dir='ltr'>per-</span> 
     </span>
    </p>
   </div>
   <div class='ocr_carea' id='block_1_22' title="bbox 77 1242 1704 1288">
    <p class='ocr_par' dir='ltr' id='par_1_22' title="bbox 77 1242 1704 1288">
     <span class='ocr_line' id='line_1_22' title="bbox 77 1242 1704 1288; baseline -0.002 -13"><span class='ocrx_word' id='word_1_252' title='bbox 77 1252 170 1275; x_wconf 86' lang='lat' dir='ltr'>sonas</span> <span class='ocrx_word' id='word_1_253' title='bbox 192 1246 329 1286; x_wconf 86' lang='lat' dir='ltr'>propriis</span> <span class='ocrx_word' id='word_1_254' title='bbox 349 1248 502 1288; x_wconf 86' lang='lat' dir='ltr'>cujusque</span> <span class='ocrx_word' id='word_1_255' title='bbox 518 1249 710 1287; x_wconf 74' lang='lat' dir='ltr'>argumentis</span> <span class='ocrx_word' id='word_1_256' title='bbox 727 1248 861 1279; x_wconf 88' lang='lat' dir='ltr'>illustrat</span> <span class='ocrx_word' id='word_1_257' title='bbox 882 1251 976 1288; x_wconf 87' lang='lat' dir='ltr'>atque</span> <span class='ocrx_word' id='word_1_258' title='bbox 995 1248 1175 1279; x_wconf 85' lang='lat' dir='ltr'>conﬁrmat:</span> <span class='ocrx_word' id='word_1_259' title='bbox 1193 1247 1288 1286; x_wconf 89' lang='lat' dir='ltr'>idque</span> <span class='ocrx_word' id='word_1_260' title='bbox 1308 1244 1506 1286; x_wconf 89' lang='lat' dir='ltr'>opusculum,</span> <span class='ocrx_word' id='word_1_261' title='bbox 1527 1243 1621 1275; x_wconf 91' lang='lat' dir='ltr'>cedro</span> <span class='ocrx_word' id='word_1_262' title='bbox 1636 1242 1704 1273; x_wconf 88' lang='lat' dir='ltr'>sine</span> 
     </span>
    </p>
   </div>
   <div class='ocr_carea' id='block_1_23' title="bbox 78 1294 1006 1339">
    <p class='ocr_par' dir='ltr' id='par_1_23' title="bbox 78 1294 1006 1339">
     <span class='ocr_line' id='line_1_23' title="bbox 78 1294 1006 1339; baseline 0.003 -13"><span class='ocrx_word' id='word_1_263' title='bbox 78 1294 173 1327; x_wconf 89' lang='lat' dir='ltr'>dubio</span> <span class='ocrx_word' id='word_1_264' title='bbox 184 1295 372 1335; x_wconf 86' lang='lat' dir='ltr'>liniendum,</span> <span class='ocrx_word' id='word_1_265' title='bbox 387 1298 497 1337; x_wconf 84' lang='lat' dir='ltr'>viginti</span> <span class='ocrx_word' id='word_1_266' title='bbox 513 1302 544 1331; x_wconf 92' lang='lat' dir='ltr'>et</span> <span class='ocrx_word' id='word_1_267' title='bbox 559 1303 631 1331; x_wconf 85' lang='lat' dir='ltr'>octo</span> <span class='ocrx_word' id='word_1_268' title='bbox 652 1298 797 1339; x_wconf 87' lang='lat' dir='ltr'>capitulis</span> <span class='ocrx_word' id='word_1_269' title='bbox 808 1298 1006 1330; x_wconf 83' lang='lat' dir='ltr'>terminatur.</span> 
     </span>
    </p>
   </div>
   <div class='ocr_carea' id='block_1_24' title="bbox 114 1373 1702 1416">
    <p class='ocr_par' dir='ltr' id='par_1_24' title="bbox 114 1373 1702 1416">
     <span class='ocr_line' id='line_1_24' title="bbox 114 1373 1702 1416; baseline -0.001 -13"><span class='ocrx_word' id='word_1_270' title='bbox 114 1373 159 1402; x_wconf 85' lang='lat' dir='ltr'>De</span> <span class='ocrx_word' id='word_1_271' title='bbox 180 1374 410 1405; x_wconf 73' lang='lat' dir='ltr'>incarnatione.</span> <span class='ocrx_word' id='word_1_272' title='bbox 421 1392 458 1397; x_wconf 85' lang='lat'>——</span> <span class='ocrx_word' id='word_1_273' title='bbox 475 1375 631 1415; x_wconf 87' lang='lat' dir='ltr'>Sequitur,</span> <span class='ocrx_word' id='word_1_274' title='bbox 649 1375 716 1416; x_wconf 82' lang='lat' dir='ltr'>pari</span> <span class='ocrx_word' id='word_1_275' title='bbox 731 1375 897 1415; x_wconf 70' lang='lat' dir='ltr'>theologica</span> <span class='ocrx_word' id='word_1_276' title='bbox 913 1376 1037 1413; x_wconf 88' lang='lat' dir='ltr'>merito,</span> <span class='ocrx_word' id='word_1_277' title='bbox 1049 1377 1196 1406; x_wconf 86' lang='lat' dir='ltr'>tractatus</span> <span class='ocrx_word' id='word_1_278' title='bbox 1210 1375 1288 1406; x_wconf 86' lang='lat' dir='ltr'>alter</span> <span class='ocrx_word' id='word_1_279' title='bbox 1306 1383 1345 1406; x_wconf 78' lang='lat' dir='ltr'>ex</span> <span class='ocrx_word' id='word_1_280' title='bbox 1360 1373 1472 1406; x_wconf 90' lang='lat' dir='ltr'>eodem</span> <span class='ocrx_word' id='word_1_281' title='bbox 1489 1373 1597 1404; x_wconf 89' lang='lat' dir='ltr'>codice</span> <span class='ocrx_word' id='word_1_282' title='bbox 1615 1378 1702 1402; x_wconf 87' lang='lat' dir='ltr'>sum-</span> 
     </span>
    </p>
   </div>
   <div class='ocr_carea' id='block_1_25' title="bbox 78 1421 1705 1467">
    <p class='ocr_par' dir='ltr' id='par_1_25' title="bbox 78 1421 1705 1467">
     <span class='ocr_line' id='line_1_25' title="bbox 78 1421 1705 1467; baseline -0.002 -12"><span class='ocrx_word' id='word_1_283' title='bbox 78 1427 148 1464; x_wconf 85' lang='lat' dir='ltr'>ptus</span> <span class='ocrx_word' id='word_1_284' title='bbox 165 1425 210 1455; x_wconf 85' lang='lat' dir='ltr'>De</span> <span class='ocrx_word' id='word_1_285' title='bbox 230 1425 359 1456; x_wconf 73' lang='lat' dir='ltr'>Domini</span> <span class='ocrx_word' id='word_1_286' title='bbox 375 1426 605 1465; x_wconf 75' lang='lat' dir='ltr'>incarnatione,</span> <span class='ocrx_word' id='word_1_287' title='bbox 621 1426 747 1465; x_wconf 80' lang='lat' dir='ltr'>triginta</span> <span class='ocrx_word' id='word_1_288' title='bbox 769 1426 910 1467; x_wconf 91' lang='lat' dir='ltr'>quinque</span> <span class='ocrx_word' id='word_1_289' title='bbox 930 1425 1075 1467; x_wconf 85' lang='lat' dir='ltr'>capitulis</span> <span class='ocrx_word' id='word_1_290' title='bbox 1093 1424 1353 1465; x_wconf 89' lang='lat' dir='ltr'>comprehensus,</span> <span class='ocrx_word' id='word_1_291' title='bbox 1373 1427 1403 1455; x_wconf 89' lang='lat' dir='ltr'>et</span> <span class='ocrx_word' id='word_1_292' title='bbox 1424 1432 1443 1454; x_wconf 89' lang='lat' dir='ltr'>a</span> <span class='ocrx_word' id='word_1_293' title='bbox 1466 1422 1571 1462; x_wconf 84' lang='lat' dir='ltr'>Cyrilli</span> <span class='ocrx_word' id='word_1_294' title='bbox 1585 1421 1705 1453; x_wconf 65' lang='lat' dir='ltr'>caateris</span> 
     </span>
    </p>
   </div>
   <div class='ocr_carea' id='block_1_26' title="bbox 79 1473 1706 1516">
    <p class='ocr_par' dir='ltr' id='par_1_26' title="bbox 79 1473 1706 1516">
     <span class='ocr_line' id='line_1_26' title="bbox 79 1473 1706 1516; baseline -0.002 -10"><span class='ocrx_word' id='word_1_295' title='bbox 79 1475 116 1506; x_wconf 89' lang='lat' dir='ltr'>de</span> <span class='ocrx_word' id='word_1_296' title='bbox 131 1475 195 1506; x_wconf 90' lang='lat' dir='ltr'>hoc</span> <span class='ocrx_word' id='word_1_297' title='bbox 204 1479 391 1514; x_wconf 80' lang='lat' dir='ltr'>argumento</span> <span class='ocrx_word' id='word_1_298' title='bbox 413 1476 537 1516; x_wconf 86' lang='lat' dir='ltr'>scriptis</span> <span class='ocrx_word' id='word_1_299' title='bbox 553 1484 681 1516; x_wconf 84' lang='lat' dir='ltr'>prorsus</span> <span class='ocrx_word' id='word_1_300' title='bbox 694 1475 846 1507; x_wconf 85' lang='lat' dir='ltr'>diversus.</span> <span class='ocrx_word' id='word_1_301' title='bbox 862 1477 963 1516; x_wconf 83' lang='lat' dir='ltr'>Atque</span> <span class='ocrx_word' id='word_1_302' title='bbox 977 1476 1010 1507; x_wconf 93' lang='lat' dir='ltr'>in</span> <span class='ocrx_word' id='word_1_303' title='bbox 1024 1475 1085 1506; x_wconf 91' lang='lat' dir='ltr'>hoc</span> <span class='ocrx_word' id='word_1_304' title='bbox 1098 1475 1318 1506; x_wconf 85' lang='lat' dir='ltr'>refutationem</span> <span class='ocrx_word' id='word_1_305' title='bbox 1332 1473 1550 1505; x_wconf 80' lang='lat' dir='ltr'>haereticorum</span> <span class='ocrx_word' id='word_1_306' title='bbox 1568 1480 1633 1503; x_wconf 91' lang='lat' dir='ltr'>non</span> <span class='ocrx_word' id='word_1_307' title='bbox 1647 1479 1706 1502; x_wconf 85' lang='lat' dir='ltr'>ne—</span> 
     </span>
    </p>
   </div>
   <div class='ocr_carea' id='block_1_27' title="bbox 78 1519 1706 1565">
    <p class='ocr_par' dir='ltr' id='par_1_27' title="bbox 78 1519 1706 1565">
     <span class='ocr_line' id='line_1_27' title="bbox 78 1519 1706 1565; baseline -0.002 -10"><span class='ocrx_word' id='word_1_308' title='bbox 78 1524 176 1564; x_wconf 82' lang='lat' dir='ltr'>gligit,</span> <span class='ocrx_word' id='word_1_309' title='bbox 192 1534 328 1565; x_wconf 89' lang='lat' dir='ltr'>quorum</span> <span class='ocrx_word' id='word_1_310' title='bbox 348 1527 509 1558; x_wconf 88' lang='lat' dir='ltr'>neminem</span> <span class='ocrx_word' id='word_1_311' title='bbox 528 1527 736 1558; x_wconf 86' lang='lat' dir='ltr'>recentiorem</span> <span class='ocrx_word' id='word_1_312' title='bbox 760 1527 915 1559; x_wconf 89' lang='lat' dir='ltr'>Eunomio</span> <span class='ocrx_word' id='word_1_313' title='bbox 935 1526 1086 1558; x_wconf 87' lang='lat' dir='ltr'>nominat.</span> <span class='ocrx_word' id='word_1_314' title='bbox 1110 1519 1166 1557; x_wconf 83' lang='lat' dir='ltr'>Illa</span> <span class='ocrx_word' id='word_1_315' title='bbox 1178 1534 1258 1563; x_wconf 83' lang='lat' dir='ltr'>vero</span> <span class='ocrx_word' id='word_1_316' title='bbox 1277 1524 1431 1557; x_wconf 86' lang='lat' dir='ltr'>calumnia</span> <span class='ocrx_word' id='word_1_317' title='bbox 1446 1532 1465 1555; x_wconf 90' lang='lat' dir='ltr'>a</span> <span class='ocrx_word' id='word_1_318' title='bbox 1480 1521 1706 1564; x_wconf 84' lang='lat' dir='ltr'>posterioribus</span> 
     </span>
    </p>
   </div>
   <div class='ocr_carea' id='block_1_28' title="bbox 78 1568 1706 1618">
    <p class='ocr_par' dir='ltr' id='par_1_28' title="bbox 78 1568 1706 1618">
     <span class='ocr_line' id='line_1_28' title="bbox 78 1568 1706 1618; baseline -0.002 -12"><span class='ocrx_word' id='word_1_319' title='bbox 78 1574 308 1616; x_wconf 75' lang='lat' dir='ltr'>Monophysitis</span> <span class='ocrx_word' id='word_1_320' title='bbox 335 1578 449 1617; x_wconf 79' lang='lat' dir='ltr'>Cyrillo</span> <span class='ocrx_word' id='word_1_321' title='bbox 474 1578 622 1618; x_wconf 89' lang='lat' dir='ltr'>imposita</span> <span class='ocrx_word' id='word_1_322' title='bbox 649 1577 689 1609; x_wconf 87' lang='lat' dir='ltr'>de</span> <span class='ocrx_word' id='word_1_323' title='bbox 715 1578 809 1609; x_wconf 86' lang='lat' dir='ltr'>unica</span> <span class='ocrx_word' id='word_1_324' title='bbox 839 1577 950 1608; x_wconf 88' lang='lat' dir='ltr'>Christi</span> <span class='ocrx_word' id='word_1_325' title='bbox 969 1581 1079 1608; x_wconf 87' lang='lat' dir='ltr'>natura</span> <span class='ocrx_word' id='word_1_326' title='bbox 1102 1577 1141 1608; x_wconf 87' lang='lat' dir='ltr'>ab</span> <span class='ocrx_word' id='word_1_327' title='bbox 1164 1585 1203 1608; x_wconf 91' lang='lat' dir='ltr'>eo</span> <span class='ocrx_word' id='word_1_328' title='bbox 1226 1580 1360 1614; x_wconf 87' lang='lat' dir='ltr'>asserta,</span> <span class='ocrx_word' id='word_1_329' title='bbox 1381 1579 1444 1607; x_wconf 87' lang='lat' dir='ltr'>tam</span> <span class='ocrx_word' id='word_1_330' title='bbox 1465 1568 1625 1607; x_wconf 83' lang='lat' dir='ltr'>evidenter</span> <span class='ocrx_word' id='word_1_331' title='bbox 1645 1572 1706 1603; x_wconf 90' lang='lat' dir='ltr'>hoc</span> 
     </span>
    </p>
   </div>
   <div class='ocr_carea' id='block_1_29' title="bbox 79 1622 1704 1668">
    <p class='ocr_par' dir='ltr' id='par_1_29' title="bbox 79 1622 1704 1668">
     <span class='ocr_line' id='line_1_29' title="bbox 79 1622 1704 1668; baseline -0.001 -12"><span class='ocrx_word' id='word_1_332' title='bbox 79 1627 196 1666; x_wconf 87' lang='lat' dir='ltr'>scripto</span> <span class='ocrx_word' id='word_1_333' title='bbox 211 1631 406 1668; x_wconf 84' lang='grc' dir='ltr'>προληπτικῶς</span> <span class='ocrx_word' id='word_1_334' title='bbox 420 1628 610 1666; x_wconf 87' lang='lat' dir='ltr'>dissolvitur,</span> <span class='ocrx_word' id='word_1_335' title='bbox 625 1630 661 1658; x_wconf 91' lang='lat' dir='ltr'>ut</span> <span class='ocrx_word' id='word_1_336' title='bbox 674 1636 768 1659; x_wconf 90' lang='lat' dir='ltr'>nemo</span> <span class='ocrx_word' id='word_1_337' title='bbox 779 1628 844 1667; x_wconf 91' lang='lat' dir='ltr'>jam</span> <span class='ocrx_word' id='word_1_338' title='bbox 858 1631 966 1658; x_wconf 88' lang='lat' dir='ltr'>contra</span> <span class='ocrx_word' id='word_1_339' title='bbox 979 1626 1102 1658; x_wconf 87' lang='lat' dir='ltr'>hiscere</span> <span class='ocrx_word' id='word_1_340' title='bbox 1116 1635 1248 1658; x_wconf 85' lang='lat' dir='ltr'>ausurus</span> <span class='ocrx_word' id='word_1_341' title='bbox 1260 1626 1309 1657; x_wconf 89' lang='lat' dir='ltr'>sit.</span> <span class='ocrx_word' id='word_1_342' title='bbox 1326 1627 1508 1666; x_wconf 86' lang='lat' dir='ltr'>Quanquam</span> <span class='ocrx_word' id='word_1_343' title='bbox 1525 1633 1598 1656; x_wconf 92' lang='lat' dir='ltr'>vero</span> <span class='ocrx_word' id='word_1_344' title='bbox 1614 1622 1704 1664; x_wconf 89' lang='lat' dir='ltr'>pole-</span> 
     </span>
    </p>
   </div>
   <div class='ocr_carea' id='block_1_30' title="bbox 79 1675 1707 1720">
    <p class='ocr_par' dir='ltr' id='par_1_30' title="bbox 79 1675 1707 1720">
     <span class='ocr_line' id='line_1_30' title="bbox 79 1675 1707 1720; baseline -0.001 -14"><span class='ocrx_word' id='word_1_345' title='bbox 79 1676 191 1708; x_wconf 88' lang='lat' dir='ltr'>micam</span> <span class='ocrx_word' id='word_1_346' title='bbox 204 1678 238 1708; x_wconf 93' lang='lat' dir='ltr'>in</span> <span class='ocrx_word' id='word_1_347' title='bbox 265 1677 324 1712; x_wconf 85' lang='lat' dir='ltr'>hac</span> <span class='ocrx_word' id='word_1_348' title='bbox 343 1679 560 1711; x_wconf 88' lang='lat' dir='ltr'>lucubratione</span> <span class='ocrx_word' id='word_1_349' title='bbox 579 1682 700 1720; x_wconf 90' lang='lat' dir='ltr'>partem</span> <span class='ocrx_word' id='word_1_350' title='bbox 720 1679 839 1711; x_wconf 88' lang='lat' dir='ltr'>naviter</span> <span class='ocrx_word' id='word_1_351' title='bbox 856 1682 965 1711; x_wconf 89' lang='lat' dir='ltr'>tractat</span> <span class='ocrx_word' id='word_1_352' title='bbox 981 1680 1126 1720; x_wconf 85' lang='lat' dir='ltr'>Cyrillus,</span> <span class='ocrx_word' id='word_1_353' title='bbox 1143 1683 1278 1712; x_wconf 85' lang='lat' dir='ltr'>attamen</span> <span class='ocrx_word' id='word_1_354' title='bbox 1297 1680 1330 1710; x_wconf 91' lang='lat' dir='ltr'>in</span> <span class='ocrx_word' id='word_1_355' title='bbox 1353 1677 1540 1719; x_wconf 80' lang='lat' dir='ltr'>exponenda</span> <span class='ocrx_word' id='word_1_356' title='bbox 1558 1675 1613 1706; x_wconf 91' lang='lat' dir='ltr'>Dei</span> <span class='ocrx_word' id='word_1_357' title='bbox 1633 1682 1707 1713; x_wconf 89' lang='lat' dir='ltr'>erga</span> 
     </span>
    </p>
   </div>
   <div class='ocr_carea' id='block_1_31' title="bbox 79 1723 1706 1769">
    <p class='ocr_par' dir='ltr' id='par_1_31' title="bbox 79 1723 1706 1769">
     <span class='ocr_line' id='line_1_31' title="bbox 79 1723 1706 1769; baseline -0.001 -13"><span class='ocrx_word' id='word_1_358' title='bbox 79 1724 223 1758; x_wconf 88' lang='lat' dir='ltr'>homines</span> <span class='ocrx_word' id='word_1_359' title='bbox 237 1727 442 1767; x_wconf 84' lang='lat' dir='ltr'>benignitate,</span> <span class='ocrx_word' id='word_1_360' title='bbox 462 1737 558 1768; x_wconf 88' lang='lat' dir='ltr'>quam</span> <span class='ocrx_word' id='word_1_361' title='bbox 571 1723 797 1760; x_wconf 78' lang='lat' dir='ltr'>incarnationis</span> <span class='ocrx_word' id='word_1_362' title='bbox 816 1737 896 1768; x_wconf 88' lang='lat' dir='ltr'>opus</span> <span class='ocrx_word' id='word_1_363' title='bbox 911 1729 1115 1766; x_wconf 84' lang='lat' dir='ltr'>demonstrat,</span> <span class='ocrx_word' id='word_1_364' title='bbox 1127 1729 1281 1769; x_wconf 90' lang='lat' dir='ltr'>plurimus</span> <span class='ocrx_word' id='word_1_365' title='bbox 1298 1731 1358 1765; x_wconf 88' lang='lat' dir='ltr'>est;</span> <span class='ocrx_word' id='word_1_366' title='bbox 1374 1731 1409 1758; x_wconf 91' lang='lat' dir='ltr'>ut</span> <span class='ocrx_word' id='word_1_367' title='bbox 1423 1726 1628 1758; x_wconf 89' lang='lat' dir='ltr'>Christianum</span> <span class='ocrx_word' id='word_1_368' title='bbox 1645 1732 1706 1764; x_wconf 93' lang='lat' dir='ltr'>po-</span> 
     </span>
    </p>
   </div>
   <div class='ocr_carea' id='block_1_32' title="bbox 79 1776 1706 1819">
    <p class='ocr_par' dir='ltr' id='par_1_32' title="bbox 79 1776 1706 1819">
     <span class='ocr_line' id='line_1_32' title="bbox 79 1776 1706 1819; baseline -0.003 -10"><span class='ocrx_word' id='word_1_369' title='bbox 79 1777 188 1818; x_wconf 88' lang='lat' dir='ltr'>pulum</span> <span class='ocrx_word' id='word_1_370' title='bbox 203 1778 259 1810; x_wconf 89' lang='lat' dir='ltr'>Dei</span> <span class='ocrx_word' id='word_1_371' title='bbox 275 1779 411 1810; x_wconf 84' lang='lat' dir='ltr'>vicissim</span> <span class='ocrx_word' id='word_1_372' title='bbox 424 1787 532 1811; x_wconf 88' lang='lat' dir='ltr'>amore</span> <span class='ocrx_word' id='word_1_373' title='bbox 547 1779 731 1817; x_wconf 85' lang='lat' dir='ltr'>inﬂammet,</span> <span class='ocrx_word' id='word_1_374' title='bbox 744 1782 838 1819; x_wconf 87' lang='lat' dir='ltr'>atque</span> <span class='ocrx_word' id='word_1_375' title='bbox 853 1779 886 1811; x_wconf 91' lang='lat' dir='ltr'>in</span> <span class='ocrx_word' id='word_1_376' title='bbox 900 1780 962 1811; x_wconf 86' lang='lat' dir='ltr'>ﬁde</span> <span class='ocrx_word' id='word_1_377' title='bbox 980 1779 1155 1817; x_wconf 87' lang='lat' dir='ltr'>conﬁrmet,</span> <span class='ocrx_word' id='word_1_378' title='bbox 1170 1787 1263 1819; x_wconf 90' lang='lat' dir='ltr'>quam</span> <span class='ocrx_word' id='word_1_379' title='bbox 1278 1778 1402 1817; x_wconf 86' lang='lat' dir='ltr'>egregie</span> <span class='ocrx_word' id='word_1_380' title='bbox 1413 1776 1520 1807; x_wconf 86' lang='lat' dir='ltr'>deﬁnit</span> <span class='ocrx_word' id='word_1_381' title='bbox 1535 1776 1622 1816; x_wconf 90' lang='lat' dir='ltr'>pium</span> <span class='ocrx_word' id='word_1_382' title='bbox 1638 1782 1706 1805; x_wconf 89' lang='lat' dir='ltr'>esse</span> 
     </span>
    </p>
   </div>
   <div class='ocr_carea' id='block_1_33' title="bbox 80 1825 1703 1869">
    <p class='ocr_par' dir='ltr' id='par_1_33' title="bbox 80 1825 1703 1869">
     <span class='ocr_line' id='line_1_33' title="bbox 80 1825 1703 1869; baseline -0.002 -10"><span class='ocrx_word' id='word_1_383' title='bbox 80 1837 150 1868; x_wconf 85' lang='lat' dir='ltr'>erga</span> <span class='ocrx_word' id='word_1_384' title='bbox 160 1829 262 1860; x_wconf 90' lang='lat' dir='ltr'>Deum</span> <span class='ocrx_word' id='word_1_385' title='bbox 276 1837 314 1860; x_wconf 86' lang='lat' dir='ltr'>ac</span> <span class='ocrx_word' id='word_1_386' title='bbox 327 1829 551 1861; x_wconf 83' lang='lat' dir='ltr'>revelationem</span> <span class='ocrx_word' id='word_1_387' title='bbox 567 1829 766 1869; x_wconf 88' lang='lat' dir='ltr'>obsequium,</span> <span class='ocrx_word' id='word_1_388' title='bbox 783 1829 994 1861; x_wconf 85' lang='lat' dir='ltr'>controversia</span> <span class='ocrx_word' id='word_1_389' title='bbox 1008 1830 1094 1860; x_wconf 92' lang='lat' dir='ltr'>omni</span> <span class='ocrx_word' id='word_1_390' title='bbox 1109 1829 1297 1869; x_wconf 89' lang='lat' dir='ltr'>curiosoque</span> <span class='ocrx_word' id='word_1_391' title='bbox 1309 1828 1402 1859; x_wconf 86' lang='lat' dir='ltr'>etiam</span> <span class='ocrx_word' id='word_1_392' title='bbox 1418 1826 1560 1858; x_wconf 78' lang='lat' dir='ltr'>examine</span> <span class='ocrx_word' id='word_1_393' title='bbox 1575 1825 1703 1860; x_wconf 90' lang='lat' dir='ltr'>omisso,</span> 
     </span>
    </p>
   </div>
   <div class='ocr_carea' id='block_1_34' title="bbox 79 1880 1322 1922">
    <p class='ocr_par' dir='ltr' id='par_1_34' title="bbox 79 1880 1322 1922">
     <span class='ocr_line' id='line_1_34' title="bbox 79 1880 1322 1922; baseline -0.002 -8"><span class='ocrx_word' id='word_1_394' title='bbox 79 1882 129 1914; x_wconf 87' lang='lat' dir='ltr'>cui</span> <span class='ocrx_word' id='word_1_395' title='bbox 142 1884 229 1914; x_wconf 88' lang='lat' dir='ltr'>certe</span> <span class='ocrx_word' id='word_1_396' title='bbox 247 1882 387 1921; x_wconf 84' lang='lat' dir='ltr'>indagini</span> <span class='ocrx_word' id='word_1_397' title='bbox 397 1890 503 1921; x_wconf 86' lang='lat' dir='ltr'>neque</span> <span class='ocrx_word' id='word_1_398' title='bbox 518 1881 608 1922; x_wconf 91' lang='lat' dir='ltr'>plebs</span> <span class='ocrx_word' id='word_1_399' title='bbox 619 1890 725 1921; x_wconf 89' lang='lat' dir='ltr'>neque</span> <span class='ocrx_word' id='word_1_400' title='bbox 735 1881 872 1912; x_wconf 80' lang='lat' dir='ltr'>maxima</span> <span class='ocrx_word' id='word_1_401' title='bbox 885 1880 1048 1912; x_wconf 91' lang='lat' dir='ltr'>hominum</span> <span class='ocrx_word' id='word_1_402' title='bbox 1061 1890 1134 1922; x_wconf 89' lang='lat' dir='ltr'>pars</span> <span class='ocrx_word' id='word_1_403' title='bbox 1147 1881 1261 1912; x_wconf 89' lang='lat' dir='ltr'>idonea</span> <span class='ocrx_word' id='word_1_404' title='bbox 1276 1883 1322 1911; x_wconf 90' lang='lat' dir='ltr'>est</span> 
     </span>
    </p>
   </div>
   <div class='ocr_carea' id='block_1_35' title="bbox 117 1950 1708 1994">
    <p class='ocr_par' dir='ltr' id='par_1_35' title="bbox 117 1950 1708 1994">
     <span class='ocr_line' id='line_1_35' title="bbox 117 1950 1708 1994; baseline -0.003 -10"><span class='ocrx_word' id='word_1_405' title='bbox 117 1954 160 1984; x_wconf 87' lang='lat' dir='ltr'>De</span> <span class='ocrx_word' id='word_1_406' title='bbox 169 1954 321 1994; x_wconf 74' lang='lat' dir='ltr'>Deipara.</span> <span class='ocrx_word' id='word_1_407' title='bbox 338 1971 376 1976; x_wconf 95' lang='lat'><strong><em>—</em></strong></span> <span class='ocrx_word' id='word_1_408' title='bbox 390 1954 524 1985; x_wconf 86' lang='lat' dir='ltr'>Tertiam</span> <span class='ocrx_word' id='word_1_409' title='bbox 536 1953 569 1984; x_wconf 90' lang='lat' dir='ltr'>in</span> <span class='ocrx_word' id='word_1_410' title='bbox 581 1953 641 1986; x_wconf 94' lang='lat' dir='ltr'>hoc</span> <span class='ocrx_word' id='word_1_411' title='bbox 651 1956 760 1986; x_wconf 89' lang='lat' dir='ltr'>nostro</span> <span class='ocrx_word' id='word_1_412' title='bbox 776 1953 934 1985; x_wconf 88' lang='lat' dir='ltr'>volumine</span> <span class='ocrx_word' id='word_1_413' title='bbox 944 1953 1052 1985; x_wconf 90' lang='lat' dir='ltr'>sedem</span> <span class='ocrx_word' id='word_1_414' title='bbox 1063 1956 1195 1993; x_wconf 89' lang='lat' dir='ltr'>occupat</span> <span class='ocrx_word' id='word_1_415' title='bbox 1205 1952 1307 1993; x_wconf 88' lang='lat' dir='ltr'>Cyrilli</span> <span class='ocrx_word' id='word_1_416' title='bbox 1319 1951 1447 1992; x_wconf 89' lang='lat' dir='ltr'>cOpiosa</span> <span class='ocrx_word' id='word_1_417' title='bbox 1457 1959 1493 1983; x_wconf 89' lang='lat' dir='ltr'>ac</span> <span class='ocrx_word' id='word_1_418' title='bbox 1503 1950 1600 1982; x_wconf 91' lang='lat' dir='ltr'>libelli</span> <span class='ocrx_word' id='word_1_419' title='bbox 1610 1950 1708 1981; x_wconf 87' lang='lat' dir='ltr'>instar</span> 
     </span>
    </p>
   </div>
   <div class='ocr_carea' id='block_1_36' title="bbox 81 2002 1701 2046">
    <p class='ocr_par' dir='ltr' id='par_1_36' title="bbox 81 2002 1701 2046">
     <span class='ocr_line' id='line_1_36' title="bbox 81 2002 1701 2046; baseline -0.003 -9"><span class='ocrx_word' id='word_1_420' title='bbox 81 2006 191 2044; x_wconf 88' lang='lat' dir='ltr'>oratio,</span> <span class='ocrx_word' id='word_1_421' title='bbox 211 2015 272 2046; x_wconf 88' lang='lat' dir='ltr'>qua</span> <span class='ocrx_word' id='word_1_422' title='bbox 298 2006 473 2037; x_wconf 89' lang='lat' dir='ltr'>ostenditur</span> <span class='ocrx_word' id='word_1_423' title='bbox 493 2006 615 2037; x_wconf 86' lang='lat' dir='ltr'>beatam</span> <span class='ocrx_word' id='word_1_424' title='bbox 637 2007 764 2038; x_wconf 87' lang='lat' dir='ltr'>Mariam</span> <span class='ocrx_word' id='word_1_425' title='bbox 788 2015 823 2037; x_wconf 90' lang='lat' dir='ltr'>re</span> <span class='ocrx_word' id='word_1_426' title='bbox 845 2015 918 2038; x_wconf 90' lang='lat' dir='ltr'>vera</span> <span class='ocrx_word' id='word_1_427' title='bbox 937 2014 1006 2037; x_wconf 86' lang='lat' dir='ltr'>esse</span> <span class='ocrx_word' id='word_1_428' title='bbox 1025 2005 1261 2045; x_wconf 86' lang='lat' dir='ltr'>rectissimeque</span> <span class='ocrx_word' id='word_1_429' title='bbox 1280 2005 1342 2036; x_wconf 93' lang='lat' dir='ltr'>dici</span> <span class='ocrx_word' id='word_1_430' title='bbox 1360 2004 1536 2044; x_wconf 87' lang='lat' dir='ltr'>Deiparam.</span> <span class='ocrx_word' id='word_1_431' title='bbox 1552 2002 1701 2034; x_wconf 83' lang='lat' dir='ltr'>Exstabat</span> 
     </span>
    </p>
   </div>
   <div class='ocr_carea' id='block_1_37' title="bbox 80 2052 1706 2096">
    <p class='ocr_par' dir='ltr' id='par_1_37' title="bbox 80 2052 1706 2096">
     <span class='ocr_line' id='line_1_37' title="bbox 80 2052 1706 2096; baseline -0.002 -10"><span class='ocrx_word' id='word_1_432' title='bbox 80 2054 145 2088; x_wconf 67' lang='lat' dir='ltr'>haec</span> <span class='ocrx_word' id='word_1_433' title='bbox 157 2056 277 2087; x_wconf 87' lang='lat' dir='ltr'>inedita</span> <span class='ocrx_word' id='word_1_434' title='bbox 292 2055 392 2087; x_wconf 89' lang='lat' dir='ltr'>oratio</span> <span class='ocrx_word' id='word_1_435' title='bbox 406 2056 439 2087; x_wconf 91' lang='lat' dir='ltr'>in</span> <span class='ocrx_word' id='word_1_436' title='bbox 454 2056 603 2087; x_wconf 86' lang='lat' dir='ltr'>Vaticano</span> <span class='ocrx_word' id='word_1_437' title='bbox 618 2057 726 2087; x_wconf 90' lang='lat' dir='ltr'>codice</span> <span class='ocrx_word' id='word_1_438' title='bbox 741 2057 871 2096; x_wconf 86' lang='lat' dir='ltr'>antiquo</span> <span class='ocrx_word' id='word_1_439' title='bbox 888 2055 964 2087; x_wconf 82' lang='grc'>1434</span> <span class='ocrx_word' id='word_1_440' title='bbox 979 2065 1037 2087; x_wconf 89' lang='lat' dir='ltr'>nec</span> <span class='ocrx_word' id='word_1_441' title='bbox 1053 2064 1116 2087; x_wconf 93' lang='lat' dir='ltr'>non</span> <span class='ocrx_word' id='word_1_442' title='bbox 1131 2056 1164 2086; x_wconf 92' lang='lat' dir='ltr'>in</span> <span class='ocrx_word' id='word_1_443' title='bbox 1179 2055 1353 2087; x_wconf 87' lang='lat' dir='ltr'>recentiore</span> <span class='ocrx_word' id='word_1_444' title='bbox 1374 2054 1477 2086; x_wconf 87' lang='lat' dir='ltr'>Ottob.</span> <span class='ocrx_word' id='word_1_445' title='bbox 1497 2053 1551 2090; x_wconf 86' lang='lat'>30;</span> <span class='ocrx_word' id='word_1_446' title='bbox 1567 2052 1706 2092; x_wconf 83' lang='lat' dir='ltr'>denique</span> 
     </span>
    </p>
   </div>
   <div class='ocr_carea' id='block_1_38' title="bbox 81 2103 1707 2144">
    <p class='ocr_par' dir='ltr' id='par_1_38' title="bbox 81 2103 1707 2144">
     <span class='ocr_line' id='line_1_38' title="bbox 81 2103 1707 2144; baseline -0.003 -6"><span class='ocrx_word' id='word_1_447' title='bbox 81 2106 225 2138; x_wconf 86' lang='lat' dir='ltr'>eamdem</span> <span class='ocrx_word' id='word_1_448' title='bbox 247 2107 405 2138; x_wconf 89' lang='lat' dir='ltr'>contineri</span> <span class='ocrx_word' id='word_1_449' title='bbox 424 2107 488 2139; x_wconf 87' lang='lat' dir='ltr'>scio</span> <span class='ocrx_word' id='word_1_450' title='bbox 503 2107 536 2138; x_wconf 93' lang='lat' dir='ltr'>in</span> <span class='ocrx_word' id='word_1_451' title='bbox 551 2107 660 2139; x_wconf 90' lang='lat' dir='ltr'>codice</span> <span class='ocrx_word' id='word_1_452' title='bbox 679 2108 773 2138; x_wconf 89' lang='lat' dir='ltr'>etiam</span> <span class='ocrx_word' id='word_1_453' title='bbox 792 2107 966 2139; x_wconf 84' lang='lat' dir='ltr'>Barberino</span> <span class='ocrx_word' id='word_1_454' title='bbox 986 2107 1055 2138; x_wconf 78' lang='grc'>253.</span> <span class='ocrx_word' id='word_1_455' title='bbox 1076 2108 1155 2138; x_wconf 84' lang='lat' dir='ltr'>Rem</span> <span class='ocrx_word' id='word_1_456' title='bbox 1178 2106 1258 2138; x_wconf 89' lang='lat' dir='ltr'>hanc</span> <span class='ocrx_word' id='word_1_457' title='bbox 1280 2114 1344 2137; x_wconf 89' lang='lat' dir='ltr'>non</span> <span class='ocrx_word' id='word_1_458' title='bbox 1365 2105 1462 2137; x_wconf 90' lang='lat' dir='ltr'>semel</span> <span class='ocrx_word' id='word_1_459' title='bbox 1484 2103 1629 2144; x_wconf 84' lang='lat' dir='ltr'>Cyrillus,</span> <span class='ocrx_word' id='word_1_460' title='bbox 1648 2103 1707 2134; x_wconf 81' lang='lat' dir='ltr'>etsi</span> 
     </span>
    </p>
   </div>
   <div class='ocr_carea' id='block_1_39' title="bbox 81 2153 1707 2197">
    <p class='ocr_par' dir='ltr' id='par_1_39' title="bbox 81 2153 1707 2197">
     <span class='ocr_line' id='line_1_39' title="bbox 81 2153 1707 2197; baseline -0.004 -7"><span class='ocrx_word' id='word_1_461' title='bbox 81 2157 192 2197; x_wconf 82' lang='lat' dir='ltr'>obiter,</span> <span class='ocrx_word' id='word_1_462' title='bbox 205 2167 272 2191; x_wconf 91' lang='lat' dir='ltr'>non</span> <span class='ocrx_word' id='word_1_463' title='bbox 289 2161 393 2190; x_wconf 87' lang='lat' dir='ltr'>tamen</span> <span class='ocrx_word' id='word_1_464' title='bbox 403 2159 562 2191; x_wconf 87' lang='lat' dir='ltr'>incuriose</span> <span class='ocrx_word' id='word_1_465' title='bbox 576 2163 761 2192; x_wconf 85' lang='lat' dir='ltr'>tractaverat</span> <span class='ocrx_word' id='word_1_466' title='bbox 772 2160 864 2192; x_wconf 86' lang='lat' dir='ltr'>etiam</span> <span class='ocrx_word' id='word_1_467' title='bbox 879 2168 1025 2191; x_wconf 87' lang='lat' dir='ltr'>sermone</span> <span class='ocrx_word' id='word_1_468' title='bbox 1047 2160 1060 2190; x_wconf 96' lang='grc' dir='ltr'><strong>Ι</strong></span> <span class='ocrx_word' id='word_1_469' title='bbox 1079 2161 1187 2191; x_wconf 90' lang='lat' dir='ltr'>contra</span> <span class='ocrx_word' id='word_1_470' title='bbox 1197 2158 1521 2194; x_wconf 87' lang='lat' dir='ltr'>Nestorium,necnon</span> <span class='ocrx_word' id='word_1_471' title='bbox 1530 2156 1563 2186; x_wconf 93' lang='lat' dir='ltr'>in</span> <span class='ocrx_word' id='word_1_472' title='bbox 1575 2153 1707 2194; x_wconf 89' lang='lat' dir='ltr'>epistola</span> 
     </span>
    </p>
   </div>
   <div class='ocr_carea' id='block_1_40' title="bbox 81 2203 1706 2252">
    <p class='ocr_par' dir='ltr' id='par_1_40' title="bbox 81 2203 1706 2252">
     <span class='ocr_line' id='line_1_40' title="bbox 81 2203 1706 2252; baseline -0.004 -11"><span class='ocrx_word' id='word_1_473' title='bbox 81 2209 257 2250; x_wconf 90' lang='lat' dir='ltr'>dogmatica</span> <span class='ocrx_word' id='word_1_474' title='bbox 271 2211 310 2241; x_wconf 91' lang='lat' dir='ltr'>ad</span> <span class='ocrx_word' id='word_1_475' title='bbox 331 2211 491 2251; x_wconf 67' lang='lat' dir='ltr'>Egyptios</span> <span class='ocrx_word' id='word_1_476' title='bbox 505 2203 690 2249; x_wconf 80' lang='lat' dir='ltr'>monachos,</span> <span class='ocrx_word' id='word_1_477' title='bbox 706 2220 777 2252; x_wconf 83' lang='lat' dir='ltr'>quae</span> <span class='ocrx_word' id='word_1_478' title='bbox 797 2214 843 2242; x_wconf 89' lang='lat' dir='ltr'>est</span> <span class='ocrx_word' id='word_1_479' title='bbox 856 2211 889 2242; x_wconf 92' lang='lat' dir='ltr'>in</span> <span class='ocrx_word' id='word_1_480' title='bbox 910 2210 1020 2242; x_wconf 90' lang='lat' dir='ltr'>ordine</span> <span class='ocrx_word' id='word_1_481' title='bbox 1034 2209 1235 2251; x_wconf 88' lang='lat' dir='ltr'>epistolarum</span> <span class='ocrx_word' id='word_1_482' title='bbox 1248 2209 1358 2248; x_wconf 89' lang='lat' dir='ltr'>prima.</span> <span class='ocrx_word' id='word_1_483' title='bbox 1373 2206 1535 2246; x_wconf 86' lang='lat' dir='ltr'>Magniﬁce</span> <span class='ocrx_word' id='word_1_484' title='bbox 1550 2213 1624 2236; x_wconf 91' lang='lat' dir='ltr'>vero</span> <span class='ocrx_word' id='word_1_485' title='bbox 1636 2204 1706 2237; x_wconf 84' lang='lat' dir='ltr'>Vir-</span> 
     </span>
    </p>
   </div>
   <div class='ocr_carea' id='block_1_41' title="bbox 82 2256 1706 2303">
    <p class='ocr_par' dir='ltr' id='par_1_41' title="bbox 82 2256 1706 2303">
     <span class='ocr_line' id='line_1_41' title="bbox 82 2256 1706 2303; baseline -0.006 -9"><span class='ocrx_word' id='word_1_486' title='bbox 82 2263 185 2303; x_wconf 86' lang='lat' dir='ltr'>ginem</span> <span class='ocrx_word' id='word_1_487' title='bbox 205 2262 346 2294; x_wconf 89' lang='lat' dir='ltr'>celebrat</span> <span class='ocrx_word' id='word_1_488' title='bbox 365 2265 396 2293; x_wconf 89' lang='lat' dir='ltr'>et</span> <span class='ocrx_word' id='word_1_489' title='bbox 418 2261 510 2292; x_wconf 87' lang='lat' dir='ltr'>tertio</span> <span class='ocrx_word' id='word_1_490' title='bbox 526 2271 655 2302; x_wconf 84' lang='lat' dir='ltr'>quoque</span> <span class='ocrx_word' id='word_1_491' title='bbox 674 2262 769 2293; x_wconf 85' lang='lat' dir='ltr'>verbo</span> <span class='ocrx_word' id='word_1_492' title='bbox 793 2261 931 2302; x_wconf 85' lang='lat' dir='ltr'>appellat</span> <span class='ocrx_word' id='word_1_493' title='bbox 948 2261 1117 2301; x_wconf 83' lang='lat' dir='ltr'>Deiparam</span> <span class='ocrx_word' id='word_1_494' title='bbox 1133 2260 1166 2291; x_wconf 91' lang='lat' dir='ltr'>in</span> <span class='ocrx_word' id='word_1_495' title='bbox 1185 2259 1326 2291; x_wconf 89' lang='lat' dir='ltr'>oratione</span> <span class='ocrx_word' id='word_1_496' title='bbox 1345 2257 1450 2289; x_wconf 88' lang='lat' dir='ltr'>habita</span> <span class='ocrx_word' id='word_1_497' title='bbox 1465 2256 1580 2296; x_wconf 91' lang='lat' dir='ltr'>Ephesi</span> <span class='ocrx_word' id='word_1_498' title='bbox 1601 2263 1706 2287; x_wconf 86' lang='lat' dir='ltr'>coram</span> 
     </span>
    </p>
   </div>
   <div class='ocr_carea' id='block_1_42' title="bbox 82 2305 1706 2354">
    <p class='ocr_par' dir='ltr' id='par_1_42' title="bbox 82 2305 1706 2354">
     <span class='ocr_line' id='line_1_42' title="bbox 82 2305 1706 2354; baseline -0.006 -9"><span class='ocrx_word' id='word_1_499' title='bbox 82 2314 217 2354; x_wconf 72' lang='lat' dir='ltr'>synodo.</span> <span class='ocrx_word' id='word_1_500' title='bbox 233 2313 320 2345; x_wconf 79' lang='lat' dir='ltr'>Adde</span> <span class='ocrx_word' id='word_1_501' title='bbox 330 2313 436 2344; x_wconf 91' lang='lat' dir='ltr'>locum</span> <span class='ocrx_word' id='word_1_502' title='bbox 452 2313 602 2345; x_wconf 86' lang='lat' dir='ltr'>orationis</span> <span class='ocrx_word' id='word_1_503' title='bbox 620 2312 632 2343; x_wconf 87' lang='lat'><strong>1</strong></span> <span class='ocrx_word' id='word_1_504' title='bbox 651 2314 693 2344; x_wconf 86' lang='lat' dir='ltr'>De</span> <span class='ocrx_word' id='word_1_505' title='bbox 712 2313 771 2352; x_wconf 82' lang='lat' dir='ltr'>ﬁde</span> <span class='ocrx_word' id='word_1_506' title='bbox 788 2313 829 2343; x_wconf 89' lang='lat' dir='ltr'>ad</span> <span class='ocrx_word' id='word_1_507' title='bbox 847 2312 982 2352; x_wconf 79' lang='lat' dir='ltr'>Reginus</span> <span class='ocrx_word' id='word_1_508' title='bbox 1000 2311 1089 2352; x_wconf 89' lang='lat' dir='ltr'>(Opp.</span> <span class='ocrx_word' id='word_1_509' title='bbox 1106 2315 1127 2342; x_wconf 89' lang='lat' dir='ltr'>t.</span> <span class='ocrx_word' id='word_1_510' title='bbox 1143 2311 1179 2349; x_wconf 90' lang='lat' dir='ltr'>V,</span> <span class='ocrx_word' id='word_1_511' title='bbox 1191 2313 1277 2351; x_wconf 88' lang='lat' dir='ltr'>parte</span> <span class='ocrx_word' id='word_1_512' title='bbox 1295 2318 1328 2347; x_wconf 85' lang='lat' dir='ltr'>II,</span> <span class='ocrx_word' id='word_1_513' title='bbox 1344 2319 1378 2350; x_wconf 92' lang='lat' dir='ltr'>p.</span> <span class='ocrx_word' id='word_1_514' title='bbox 1392 2308 1428 2339; x_wconf 77' lang='grc'>47</span> <span class='ocrx_word' id='word_1_515' title='bbox 1443 2307 1525 2348; x_wconf 85' lang='lat' dir='ltr'>sqq.)</span> <span class='ocrx_word' id='word_1_516' title='bbox 1539 2306 1599 2337; x_wconf 92' lang='lat' dir='ltr'>Sed</span> <span class='ocrx_word' id='word_1_517' title='bbox 1621 2305 1706 2336; x_wconf 87' lang='lat' dir='ltr'>enim</span> 
     </span>
    </p>
   </div>
   <div class='ocr_carea' id='block_1_43' title="bbox 82 2357 1708 2409">
    <p class='ocr_par' dir='ltr' id='par_1_43' title="bbox 82 2357 1708 2409">
     <span class='ocr_line' id='line_1_43' title="bbox 82 2357 1708 2409; baseline -0.006 -11"><span class='ocrx_word' id='word_1_518' title='bbox 82 2367 266 2409; x_wconf 60' lang='lat' dir='ltr'>praeclarum</span> <span class='ocrx_word' id='word_1_519' title='bbox 292 2365 369 2397; x_wconf 91' lang='lat' dir='ltr'>mihi</span> <span class='ocrx_word' id='word_1_520' title='bbox 385 2366 522 2404; x_wconf 89' lang='lat' dir='ltr'>obvenit,</span> <span class='ocrx_word' id='word_1_521' title='bbox 539 2369 573 2397; x_wconf 93' lang='lat' dir='ltr'>ut</span> <span class='ocrx_word' id='word_1_522' title='bbox 585 2365 647 2397; x_wconf 79' lang='lat' dir='ltr'>dixi</span> <span class='ocrx_word' id='word_1_523' title='bbox 664 2366 696 2396; x_wconf 92' lang='lat' dir='ltr'>in</span> <span class='ocrx_word' id='word_1_524' title='bbox 709 2369 774 2398; x_wconf 90' lang='lat' dir='ltr'>not.</span> <span class='ocrx_word' id='word_1_525' title='bbox 790 2365 827 2397; x_wconf 86' lang='lat' dir='ltr'>ad</span> <span class='ocrx_word' id='word_1_526' title='bbox 852 2373 922 2405; x_wconf 89' lang='lat' dir='ltr'>cap.</span> <span class='ocrx_word' id='word_1_527' title='bbox 943 2365 990 2402; x_wconf 91' lang='lat'>13,</span> <span class='ocrx_word' id='word_1_528' title='bbox 1007 2364 1173 2395; x_wconf 79' lang='lat' dir='ltr'>Iustiniani</span> <span class='ocrx_word' id='word_1_529' title='bbox 1192 2364 1272 2403; x_wconf 91' lang='lat' dir='ltr'>imp.</span> <span class='ocrx_word' id='word_1_530' title='bbox 1288 2363 1321 2393; x_wconf 91' lang='lat' dir='ltr'>in</span> <span class='ocrx_word' id='word_1_531' title='bbox 1335 2363 1401 2402; x_wconf 83' lang='lat' dir='ltr'>ejus</span> <span class='ocrx_word' id='word_1_532' title='bbox 1419 2368 1513 2401; x_wconf 89' lang='lat' dir='ltr'>quam</span> <span class='ocrx_word' id='word_1_533' title='bbox 1539 2358 1623 2390; x_wconf 90' lang='lat' dir='ltr'>edidi</span> <span class='ocrx_word' id='word_1_534' title='bbox 1641 2357 1708 2403; x_wconf 76' lang='lat' dir='ltr'>epi~</span> 
     </span>
    </p>
   </div>
   <div class='ocr_carea' id='block_1_44' title="bbox 83 2411 1706 2458">
    <p class='ocr_par' dir='ltr' id='par_1_44' title="bbox 83 2411 1706 2458">
     <span class='ocr_line' id='line_1_44' title="bbox 83 2411 1706 2458; baseline -0.008 -8"><span class='ocrx_word' id='word_1_535' title='bbox 83 2417 159 2450; x_wconf 80' lang='lat' dir='ltr'>stola</span> <span class='ocrx_word' id='word_1_536' title='bbox 182 2417 305 2458; x_wconf 70' lang='lat' dir='ltr'>duplex</span> <span class='ocrx_word' id='word_1_537' title='bbox 332 2417 547 2448; x_wconf 86' lang='lat' dir='ltr'>testimonium</span> <span class='ocrx_word' id='word_1_538' title='bbox 569 2416 608 2448; x_wconf 91' lang='lat' dir='ltr'>de</span> <span class='ocrx_word' id='word_1_539' title='bbox 632 2416 691 2447; x_wconf 86' lang='lat' dir='ltr'>hac</span> <span class='ocrx_word' id='word_1_540' title='bbox 706 2415 812 2456; x_wconf 82' lang='lat' dir='ltr'>Cyrilli</span> <span class='ocrx_word' id='word_1_541' title='bbox 827 2415 967 2447; x_wconf 79' lang='lat' dir='ltr'>oratione</span> <span class='ocrx_word' id='word_1_542' title='bbox 980 2439 987 2453; x_wconf 96' lang='lat'>,</span> <span class='ocrx_word' id='word_1_543' title='bbox 1002 2415 1044 2446; x_wconf 90' lang='lat' dir='ltr'>ita</span> <span class='ocrx_word' id='word_1_544' title='bbox 1058 2417 1094 2446; x_wconf 90' lang='lat' dir='ltr'>ut</span> <span class='ocrx_word' id='word_1_545' title='bbox 1111 2416 1226 2454; x_wconf 81' lang='lat' dir='ltr'>praeter</span> <span class='ocrx_word' id='word_1_546' title='bbox 1239 2413 1354 2453; x_wconf 87' lang='lat' dir='ltr'>stylum</span> <span class='ocrx_word' id='word_1_547' title='bbox 1368 2414 1398 2443; x_wconf 88' lang='lat' dir='ltr'>et</span> <span class='ocrx_word' id='word_1_548' title='bbox 1412 2412 1593 2442; x_wconf 82' lang='lat' dir='ltr'>consuetam</span> <span class='ocrx_word' id='word_1_549' title='bbox 1611 2411 1706 2448; x_wconf 87' lang='lat' dir='ltr'>atque</span> 
     </span>
    </p>
   </div>
   <div class='ocr_carea' id='block_1_45' title="bbox 83 2459 1708 2509">
    <p class='ocr_par' dir='ltr' id='par_1_45' title="bbox 83 2459 1708 2509">
     <span class='ocr_line' id='line_1_45' title="bbox 83 2459 1708 2509; baseline -0.007 -8"><span class='ocrx_word' id='word_1_550' title='bbox 83 2470 257 2502; x_wconf 88' lang='lat' dir='ltr'>solemnem</span> <span class='ocrx_word' id='word_1_551' title='bbox 283 2468 390 2509; x_wconf 85' lang='lat' dir='ltr'>Cyrilli</span> <span class='ocrx_word' id='word_1_552' title='bbox 411 2469 596 2506; x_wconf 90' lang='lat' dir='ltr'>doctrinam,</span> <span class='ocrx_word' id='word_1_553' title='bbox 618 2468 785 2500; x_wconf 87' lang='lat' dir='ltr'>auctoritas</span> <span class='ocrx_word' id='word_1_554' title='bbox 810 2467 905 2499; x_wconf 87' lang='lat' dir='ltr'>etiam</span> <span class='ocrx_word' id='word_1_555' title='bbox 927 2469 1067 2507; x_wconf 82' lang='lat' dir='ltr'>Augusta</span> <span class='ocrx_word' id='word_1_556' title='bbox 1084 2466 1223 2503; x_wconf 86' lang='lat' dir='ltr'>accedat,</span> <span class='ocrx_word' id='word_1_557' title='bbox 1248 2473 1320 2505; x_wconf 60' lang='lat' dir='ltr'>quae</span> <span class='ocrx_word' id='word_1_558' title='bbox 1344 2471 1470 2496; x_wconf 87' lang='lat' dir='ltr'>omnem</span> <span class='ocrx_word' id='word_1_559' title='bbox 1503 2459 1708 2493; x_wconf 84' lang='lat' dir='ltr'>dubitationis</span> 
     </span>
    </p>
   </div>
   <div class='ocr_carea' id='block_1_46' title="bbox 84 2510 1706 2563">
    <p class='ocr_par' dir='ltr' id='par_1_46' title="bbox 84 2510 1706 2563">
     <span class='ocr_line' id='line_1_46' title="bbox 84 2510 1706 2563; baseline -0.007 -10"><span class='ocrx_word' id='word_1_560' title='bbox 84 2522 265 2563; x_wconf 79' lang='lat' dir='ltr'>scrupulum</span> <span class='ocrx_word' id='word_1_561' title='bbox 291 2520 410 2551; x_wconf 78' lang='lat' dir='ltr'>eximit.</span> <span class='ocrx_word' id='word_1_562' title='bbox 441 2521 478 2551; x_wconf 90' lang='lat' dir='ltr'>Et</span> <span class='ocrx_word' id='word_1_563' title='bbox 491 2520 618 2560; x_wconf 90' lang='lat' dir='ltr'>quidem</span> <span class='ocrx_word' id='word_1_564' title='bbox 633 2519 703 2559; x_wconf 90' lang='lat' dir='ltr'>ipse</span> <span class='ocrx_word' id='word_1_565' title='bbox 722 2518 853 2558; x_wconf 79' lang='lat' dir='ltr'>Cyrillus</span> <span class='ocrx_word' id='word_1_566' title='bbox 867 2518 929 2550; x_wconf 91' lang='lat' dir='ltr'>hoc</span> <span class='ocrx_word' id='word_1_567' title='bbox 950 2527 984 2549; x_wconf 82' lang='lat' dir='ltr'>se</span> <span class='ocrx_word' id='word_1_568' title='bbox 1012 2519 1234 2557; x_wconf 83' lang='lat' dir='ltr'>argumentum</span> <span class='ocrx_word' id='word_1_569' title='bbox 1253 2515 1368 2546; x_wconf 88' lang='lat' dir='ltr'>diserte</span> <span class='ocrx_word' id='word_1_570' title='bbox 1391 2517 1540 2545; x_wconf 85' lang='lat' dir='ltr'>tractasse</span> <span class='ocrx_word' id='word_1_571' title='bbox 1554 2513 1658 2563; x_wconf 83' lang='lat' dir='ltr'>narrat</span> <span class='ocrx_word' id='word_1_572' title='bbox 1673 2510 1706 2541; x_wconf 87' lang='lat' dir='ltr'>in</span> 
     </span>
    </p>
   </div>
   <div class='ocr_carea' id='block_1_47' title="bbox 85 2562 1704 2614">
    <p class='ocr_par' dir='ltr' id='par_1_47' title="bbox 85 2562 1704 2614">
     <span class='ocr_line' id='line_1_47' title="bbox 85 2562 1704 2614; baseline -0.009 -8"><span class='ocrx_word' id='word_1_573' title='bbox 85 2562 210 2614; x_wconf 82' lang='lat' dir='ltr'>epistola</span> <span class='ocrx_word' id='word_1_574' title='bbox 225 2572 264 2604; x_wconf 92' lang='lat' dir='ltr'>ad</span> <span class='ocrx_word' id='word_1_575' title='bbox 280 2572 446 2603; x_wconf 79' lang='lat' dir='ltr'>Maximum</span> <span class='ocrx_word' id='word_1_576' title='bbox 461 2572 543 2613; x_wconf 88' lang='lat' dir='ltr'>apud</span> <span class='ocrx_word' id='word_1_577' title='bbox 560 2571 718 2603; x_wconf 89' lang='lat' dir='ltr'>Baluzium</span> <span class='ocrx_word' id='word_1_578' title='bbox 733 2571 812 2602; x_wconf 80' lang='lat' dir='ltr'>Nov.</span> <span class='ocrx_word' id='word_1_579' title='bbox 828 2570 905 2603; x_wconf 84' lang='lat' dir='ltr'>Coll.</span> <span class='ocrx_word' id='word_1_580' title='bbox 915 2569 1026 2602; x_wconf 82' lang='lat' dir='ltr'>concil.</span> <span class='ocrx_word' id='word_1_581' title='bbox 1042 2569 1102 2601; x_wconf 89' lang='lat' dir='ltr'>col.</span> <span class='ocrx_word' id='word_1_582' title='bbox 1120 2569 1188 2606; x_wconf 85' lang='lat'>915,</span> <span class='ocrx_word' id='word_1_583' title='bbox 1204 2567 1253 2599; x_wconf 85' lang='lat' dir='ltr'>his</span> <span class='ocrx_word' id='word_1_584' title='bbox 1261 2567 1364 2599; x_wconf 89' lang='lat' dir='ltr'>verbis</span> <span class='ocrx_word' id='word_1_585' title='bbox 1376 2575 1382 2597; x_wconf 93' lang='lat'>:</span> <span class='ocrx_word' id='word_1_586' title='bbox 1396 2578 1410 2595; x_wconf 76' lang='grc' dir='ltr'><strong><em>α</em></strong></span> <span class='ocrx_word' id='word_1_587' title='bbox 1427 2565 1565 2596; x_wconf 89' lang='lat' dir='ltr'>Primum</span> <span class='ocrx_word' id='word_1_588' title='bbox 1582 2562 1704 2614; x_wconf 71' lang='lat' dir='ltr'>capitu-</span> 
     </span>
    </p>
   </div>
   <div class='ocr_carea' id='block_1_48' title="bbox 83 2612 1705 2664">
    <p class='ocr_par' dir='ltr' id='par_1_48' title="bbox 83 2612 1705 2664">
     <span class='ocr_line' id='line_1_48' title="bbox 83 2612 1705 2664; baseline -0.01 -6"><span class='ocrx_word' id='word_1_589' title='bbox 83 2612 143 2658; x_wconf 78' lang='lat' dir='ltr'>lum</span> <span class='ocrx_word' id='word_1_590' title='bbox 164 2627 211 2655; x_wconf 90' lang='lat' dir='ltr'>est</span> <span class='ocrx_word' id='word_1_591' title='bbox 227 2623 315 2664; x_wconf 93' lang='lat' dir='ltr'>quod</span> <span class='ocrx_word' id='word_1_592' title='bbox 334 2626 439 2654; x_wconf 85' lang='lat' dir='ltr'>sancta</span> <span class='ocrx_word' id='word_1_593' title='bbox 452 2612 546 2663; x_wconf 87' lang='lat' dir='ltr'>Virgo</span> <span class='ocrx_word' id='word_1_594' title='bbox 560 2623 598 2654; x_wconf 89' lang='lat' dir='ltr'>sit</span> <span class='ocrx_word' id='word_1_595' title='bbox 612 2623 668 2653; x_wconf 87' lang='lat' dir='ltr'>Dei</span> <span class='ocrx_word' id='word_1_596' title='bbox 687 2622 838 2654; x_wconf 76' lang='lat' dir='ltr'>Genitrix.</span> <span class='ocrx_word' id='word_1_597' title='bbox 856 2633 870 2650; x_wconf 84' lang='grc'><strong>››</strong></span> <span class='ocrx_word' id='word_1_598' title='bbox 899 2621 965 2653; x_wconf 89' lang='lat' dir='ltr'>Nisi</span> <span class='ocrx_word' id='word_1_599' title='bbox 983 2621 1064 2653; x_wconf 84' lang='lat' dir='ltr'>forte</span> <span class='ocrx_word' id='word_1_600' title='bbox 1077 2629 1116 2653; x_wconf 88' lang='lat' dir='ltr'>eo</span> <span class='ocrx_word' id='word_1_601' title='bbox 1132 2620 1203 2651; x_wconf 89' lang='lat' dir='ltr'>loco</span> <span class='ocrx_word' id='word_1_602' title='bbox 1224 2619 1264 2650; x_wconf 89' lang='lat' dir='ltr'>de</span> <span class='ocrx_word' id='word_1_603' title='bbox 1284 2619 1388 2659; x_wconf 92' lang='lat' dir='ltr'>primo</span> <span class='ocrx_word' id='word_1_604' title='bbox 1406 2625 1464 2648; x_wconf 85' lang='lat' dir='ltr'>suo</span> <span class='ocrx_word' id='word_1_605' title='bbox 1478 2617 1512 2646; x_wconf 92' lang='lat' dir='ltr'>in</span> <span class='ocrx_word' id='word_1_606' title='bbox 1528 2612 1705 2664; x_wconf 78' lang='lat' dir='ltr'>Nestorium</span> 
     </span>
    </p>
   </div>
   <div class='ocr_carea' id='block_1_49' title="bbox 84 2662 1705 2713">
    <p class='ocr_par' dir='ltr' id='par_1_49' title="bbox 84 2662 1705 2713">
     <span class='ocr_line' id='line_1_49' title="bbox 84 2662 1705 2713; baseline -0.008 -7"><span class='ocrx_word' id='word_1_607' title='bbox 84 2683 225 2706; x_wconf 86' lang='lat' dir='ltr'>sermone</span> <span class='ocrx_word' id='word_1_608' title='bbox 237 2662 378 2713; x_wconf 68' lang='lat' dir='ltr'>cogitat:</span> <span class='ocrx_word' id='word_1_609' title='bbox 402 2674 517 2705; x_wconf 88' lang='lat' dir='ltr'>etenim</span> <span class='ocrx_word' id='word_1_610' title='bbox 534 2674 567 2705; x_wconf 88' lang='lat' dir='ltr'>id</span> <span class='ocrx_word' id='word_1_611' title='bbox 594 2673 706 2713; x_wconf 86' lang='lat' dir='ltr'>dogma</span> <span class='ocrx_word' id='word_1_612' title='bbox 735 2676 856 2713; x_wconf 88' lang='lat' dir='ltr'>postea,</span> <span class='ocrx_word' id='word_1_613' title='bbox 882 2676 977 2713; x_wconf 87' lang='lat' dir='ltr'>prout</span> <span class='ocrx_word' id='word_1_614' title='bbox 1001 2672 1134 2704; x_wconf 90' lang='lat' dir='ltr'>nuncin</span> <span class='ocrx_word' id='word_1_615' title='bbox 1154 2671 1282 2702; x_wconf 88' lang='lat' dir='ltr'>invento</span> <span class='ocrx_word' id='word_1_616' title='bbox 1311 2673 1419 2700; x_wconf 88' lang='lat' dir='ltr'>nostro</span> <span class='ocrx_word' id='word_1_617' title='bbox 1450 2667 1576 2705; x_wconf 85' lang='lat' dir='ltr'>legitur,</span> <span class='ocrx_word' id='word_1_618' title='bbox 1604 2662 1705 2694; x_wconf 87' lang='lat' dir='ltr'>multo</span> 
     </span>
    </p>
   </div>
   <div class='ocr_carea' id='block_1_50' title="bbox 83 2714 1703 2769">
    <p class='ocr_par' dir='ltr' id='par_1_50' title="bbox 83 2714 1703 2769">
     <span class='ocr_line' id='line_1_50' title="bbox 83 2714 1703 2769; baseline -0.007 -11"><span class='ocrx_word' id='word_1_619' title='bbox 83 2727 206 2758; x_wconf 88' lang='lat' dir='ltr'>uberius</span> <span class='ocrx_word' id='word_1_620' title='bbox 227 2727 392 2767; x_wconf 81' lang='lat' dir='ltr'>explicuit.</span> <span class='ocrx_word' id='word_1_621' title='bbox 415 2726 616 2758; x_wconf 85' lang='lat' dir='ltr'>Luculentam</span> <span class='ocrx_word' id='word_1_622' title='bbox 642 2726 725 2757; x_wconf 85' lang='lat' dir='ltr'>hanc</span> <span class='ocrx_word' id='word_1_623' title='bbox 747 2725 850 2765; x_wconf 85' lang='lat' dir='ltr'>Cyrilli</span> <span class='ocrx_word' id='word_1_624' title='bbox 873 2725 1046 2756; x_wconf 87' lang='lat' dir='ltr'>orationem</span> <span class='ocrx_word' id='word_1_625' title='bbox 1074 2723 1299 2755; x_wconf 84' lang='lat' dir='ltr'>commendare</span> <span class='ocrx_word' id='word_1_626' title='bbox 1322 2721 1425 2752; x_wconf 87' lang='lat' dir='ltr'>verbis</span> <span class='ocrx_word' id='word_1_627' title='bbox 1440 2719 1592 2769; x_wconf 77' lang='lat' dir='ltr'>omittam,</span> <span class='ocrx_word' id='word_1_628' title='bbox 1609 2714 1703 2769; x_wconf 67' lang='lat' dir='ltr'>nullis</span> 
     </span>
    </p>
   </div>
   <div class='ocr_carea' id='block_1_51' title="bbox 84 2764 1705 2819">
    <p class='ocr_par' dir='ltr' id='par_1_51' title="bbox 84 2764 1705 2819">
     <span class='ocr_line' id='line_1_51' title="bbox 84 2764 1705 2819; baseline -0.01 -11"><span class='ocrx_word' id='word_1_629' title='bbox 84 2777 159 2808; x_wconf 85' lang='lat' dir='ltr'>enim</span> <span class='ocrx_word' id='word_1_630' title='bbox 174 2764 324 2808; x_wconf 81' lang='lat' dir='ltr'>laudibus</span> <span class='ocrx_word' id='word_1_631' title='bbox 340 2780 428 2816; x_wconf 85' lang='lat' dir='ltr'>eget;</span> <span class='ocrx_word' id='word_1_632' title='bbox 444 2777 476 2806; x_wconf 87' lang='lat' dir='ltr'>in</span> <span class='ocrx_word' id='word_1_633' title='bbox 495 2776 582 2816; x_wconf 83' lang='lat' dir='ltr'>cujus</span> <span class='ocrx_word' id='word_1_634' title='bbox 593 2775 685 2806; x_wconf 88' lang='lat' dir='ltr'>etiam</span> <span class='ocrx_word' id='word_1_635' title='bbox 695 2764 833 2806; x_wconf 86' lang='lat' dir='ltr'>clausula</span> <span class='ocrx_word' id='word_1_636' title='bbox 847 2775 1016 2805; x_wconf 88' lang='lat' dir='ltr'>vehemens</span> <span class='ocrx_word' id='word_1_637' title='bbox 1030 2773 1068 2805; x_wconf 84' lang='lat' dir='ltr'>ad</span> <span class='ocrx_word' id='word_1_638' title='bbox 1086 2773 1305 2804; x_wconf 77' lang='lat' dir='ltr'>orthodoxiam</span> <span class='ocrx_word' id='word_1_639' title='bbox 1321 2767 1515 2801; x_wconf 88' lang='lat' dir='ltr'>retinendam</span> <span class='ocrx_word' id='word_1_640' title='bbox 1527 2764 1705 2819; x_wconf 74' lang='lat' dir='ltr'>adhortatio</span> 
     </span>
    </p>
   </div>
   <div class='ocr_carea' id='block_1_52' title="bbox 84 2815 1702 2868">
    <p class='ocr_par' dir='ltr' id='par_1_52' title="bbox 84 2815 1702 2868">
     <span class='ocr_line' id='line_1_52' title="bbox 84 2815 1702 2868; baseline -0.006 -10"><span class='ocrx_word' id='word_1_641' title='bbox 84 2827 122 2858; x_wconf 84' lang='lat' dir='ltr'>ﬁt.</span> <span class='ocrx_word' id='word_1_642' title='bbox 136 2828 216 2860; x_wconf 91' lang='lat' dir='ltr'>Illud</span> <span class='ocrx_word' id='word_1_643' title='bbox 242 2815 375 2868; x_wconf 85' lang='lat' dir='ltr'>nequeo</span> <span class='ocrx_word' id='word_1_644' title='bbox 392 2815 539 2864; x_wconf 69' lang='lat' dir='ltr'>reticere,</span> <span class='ocrx_word' id='word_1_645' title='bbox 552 2828 637 2867; x_wconf 88' lang='lat' dir='ltr'>quod</span> <span class='ocrx_word' id='word_1_646' title='bbox 653 2832 700 2858; x_wconf 86' lang='lat' dir='ltr'>est</span> <span class='ocrx_word' id='word_1_647' title='bbox 718 2827 831 2867; x_wconf 85' lang='lat' dir='ltr'>Cyrillo</span> <span class='ocrx_word' id='word_1_648' title='bbox 845 2829 951 2857; x_wconf 88' lang='lat' dir='ltr'>nostro</span> <span class='ocrx_word' id='word_1_649' title='bbox 965 2826 1055 2857; x_wconf 89' lang='lat' dir='ltr'>valde</span> <span class='ocrx_word' id='word_1_650' title='bbox 1069 2825 1291 2860; x_wconf 83' lang='lat' dir='ltr'>honoriﬁcum,</span> <span class='ocrx_word' id='word_1_651' title='bbox 1309 2821 1464 2860; x_wconf 87' lang='lat' dir='ltr'>simulque</span> <span class='ocrx_word' id='word_1_652' title='bbox 1487 2825 1604 2868; x_wconf 68' lang='lat' dir='ltr'>novum</span> <span class='ocrx_word' id='word_1_653' title='bbox 1630 2815 1702 2844; x_wconf 73' lang='lat' dir='ltr'>huic</span> 
     </span>
    </p>
   </div>
   <div class='ocr_carea' id='block_1_53' title="bbox 90 2866 1703 2919">
    <p class='ocr_par' dir='ltr' id='par_1_53' title="bbox 90 2866 1703 2919">
     <span class='ocr_line' id='line_1_53' title="bbox 90 2866 1703 2919; baseline -0.006 -10"><span class='ocrx_word' id='word_1_654' title='bbox 90 2879 196 2919; x_wconf 88' lang='lat' dir='ltr'>scripto</span> <span class='ocrx_word' id='word_1_655' title='bbox 213 2866 403 2918; x_wconf 71' lang='lat' dir='ltr'>suffragium</span> <span class='ocrx_word' id='word_1_656' title='bbox 425 2878 540 2917; x_wconf 82' lang='lat' dir='ltr'>adjicit.</span> <span class='ocrx_word' id='word_1_657' title='bbox 564 2866 688 2909; x_wconf 64' lang='lat' dir='ltr'>Etenim</span> <span class='ocrx_word' id='word_1_658' title='bbox 721 2878 783 2908; x_wconf 82' lang='lat' dir='ltr'>duo</span> <span class='ocrx_word' id='word_1_659' title='bbox 804 2876 996 2916; x_wconf 82' lang='lat' dir='ltr'>perillustres</span> <span class='ocrx_word' id='word_1_660' title='bbox 1017 2877 1132 2913; x_wconf 79' lang='lat' dir='ltr'>Patres,</span> <span class='ocrx_word' id='word_1_661' title='bbox 1148 2875 1203 2914; x_wconf 83' lang='lat' dir='ltr'>qui</span> <span class='ocrx_word' id='word_1_662' title='bbox 1228 2873 1399 2913; x_wconf 79' lang='lat' dir='ltr'>Eutychcm</span> <span class='ocrx_word' id='word_1_663' title='bbox 1422 2866 1703 2910; x_wconf 66' lang='lat' dir='ltr'>reprehenderunt.</span> 
     </span>
    </p>
   </div>
  </div>
