1929 3042
69 131 101 158 ε²⁷
640 171 643 175 ,
767 138 830 167 ΡΜ

961 140 1035 169 VESJ
1678 143 1722 176 93.

67 194 134 222 tcna
147 190 203 231 (rx).
217 192 248 223 7.
264 195 407 228 Homilia
422 197 464 226 De
472 196 626 236 parabola
643 197 743 229 decem
761 199 919 238 virginum
931 199 1114 231 inscribitur
1129 202 1242 241 Cyr-illo
1257 203 1290 233 in
1307 202 1415 234 codice
1430 203 1558 242 Syriaco
1577 203 1643 234 Vat.
1656 203 1691 234 97
1705 212 1714 241 ;

67 246 290 276 verumtamen
299 247 572 286 ealcgiturGrmce
585 249 644 279 sub
655 248 869 288 Chrysostomi
880 250 1009 281 nomine
1021 251 1054 281 in
1064 251 1173 282 Grieco
1180 253 1289 284 codice
1299 253 1379 291 Vat.,
1394 257 1558 293 exstatque
1571 254 1603 284 in
1611 246 1722 288 MontJ

68 294 202 326 fauconii
218 297 370 329 editione
384 300 466 330 inter
481 300 603 339 spurias
617 303 639 330 t.
655 300 784 341 VIIIJp.
802 301 840 332 45
854 310 958 342 seqq.,
974 302 1034 333 etsi
1062 302 1160 334 multa
1183 313 1254 335 cum
1281 305 1439 336 varietate.
1469 304 1497 336 8.
1518 305 1654 336 Homilia
1678 296 1723 335 de"

69 346 224 378 audienda
238 348 380 390 liturgia
399 351 514 391 Cyrillo
528 352 604 383 item
621 352 803 384 inscribitur
818 354 849 384 in
872 354 934 384 alio
959 354 1087 393 Syriaco
1109 355 1219 386 codice
1245 356 1310 386 Vat.
1335 356 1403 394 200,
1430 357 1484 387 sed
1506 360 1611 387 tamen
1635 356 1715 386 hanc

69 397 179 430 habere
197 400 357 440 Cyrillum
373 407 533 435 auctorem
550 403 693 435 nondum
704 404 782 435 mihi
800 405 953 444 persuasi.
971 404 988 435 9
1003 409 1034 436 et
1051 405 1097 436 10.
1114 406 1265 437 Homilias
1280 407 1356 438 duas
1370 407 1483 447 Cyrillo
1496 407 1662 446 inseriptas
1678 406 1714 436 de

69 453 247 484 ascensione
264 455 409 493 Domini,
425 459 461 487 et-
471 457 508 487 de
524 456 625 487 tribus
633 457 743 497 pueris
759 457 960 496 Babylonicis
976 463 1067 498 atque
1080 458 1221 495 Dan-icio,
1236 459 1298 489 dixi
1318 459 1392 490 olim
1409 468 1458 489 me
1473 460 1579 490 Grmce
1595 463 1626 489 et
1641 467 1712 499 par-

68 504 118 533 tim
130 504 231 535 etiam
265 506 400 546 Coptice
413 508 446 538 in
468 507 631 539 codicibus
653 508 857 545 observasse;
885 516 990 547 neque
1018 513 1123 539 tamen
1150 508 1201 539 his
1226 509 1318 540 ﬁdem
1348 509 1482 548 adjicere
1509 518 1603 539 ausus
1631 517 1714 539 sum.

69 553 176 584 Postea
187 556 301 585 tamen
316 555 376 587 alia
392 564 522 597 quoque
540 556 580 587 de
591 557 702 589 iisdem
717 557 896 588 testimonia
914 566 984 588 sum
1000 560 1129 588 nactus:
1145 558 1251 598 itaque
1268 558 1335 589 ﬁeri
1350 561 1465 598 potest,
1479 561 1514 588 ut
1526 558 1636 589 harum
1647 559 1714 589 for-

70 606 144 633 tasse
162 602 228 634 alio
247 607 398 644 tempore
419 605 573 635 rationem
589 605 734 636 habeam.
757 604 804 636 11.
820 606 957 637 Homilia
973 606 1010 637 de
1024 607 1174 646 paschate
1199 608 1344 647 quaedam
1367 607 1513 638 tribuitur
1538 608 1651 648 Cyrillo
1681 608 1715 640 in

71 659 128 682 uno
143 652 259 684 Grmco
276 653 402 691 codice,
417 653 449 684 in
469 654 530 685 alio
545 657 649 686 autem
663 654 897 694 Cbrysostomo.
913 654 959 686 12.
974 656 1081 696 Cyrilli
1095 656 1224 688 homilia
1236 658 1273 688 de
1284 658 1321 687 Β.
1337 657 1451 688 Marica
1476 658 1510 688 γ.
1528 658 1715 690 dormitione

68 703 98 733 in
113 703 225 734 codice
243 704 317 735 Vat.
334 705 429 736 Arab.
448 704 515 742 170,
531 706 649 745 Script.
664 710 724 736 eet.
743 708 764 735 t.
780 705 830 742 IV,
852 714 885 745 p.
904 704 972 736 311.
992 705 1038 736 13.
1054 707 1200 746 Ejusdem
1215 707 1320 746 Cyrilli
1333 707 1468 739 Homilia
1478 708 1514 738 de
1535 708 1716 747 pwnitenn‘a

68 758 113 787 est
124 754 156 786 in
171 755 248 787 cod.
263 756 336 787 Vat.
352 756 481 796 Coptico
495 755 543 794 59,
559 757 679 796 Script.
693 760 752 787 vel.
768 759 791 786 t.
806 756 844 794 ν,
859 761 939 795 part.
955 764 990 793 ιι,
1006 766 1040 797 p.
1059 757 1126 787 154.
1145 757 1192 788 14.
1207 758 1428 796 Fragmentum
1442 757 1588 788 Homilim
1597 758 1633 789 de
1643 768 1714 789 con-

70 807 277 837 summatione
294 807 413 838 seculi.
433 806 508 838 Vide
522 806 562 838 ad
577 806 684 837 Matth.
701 815 792 843 xxxv,
822 805 871 836 29.
896 806 944 838 15.
962 806 1121 837 Adversus
1135 807 1317 845 Eunuchos,
1347 817 1386 839 ex
1407 807 1562 839 Chronico
1591 809 1716 848 Georgii

72 857 243 889 Hamartoli
259 861 292 890 et
306 858 437 890 Joannis
453 857 561 889 Siculi.
576 856 719 897 Denique
733 856 914 897 paschalem
928 857 1051 888 tertiam
1062 857 1235 894 homiliam,
1256 865 1312 888 seu
1333 858 1511 897 epistolam,
1539 866 1634 897 quam
1657 859 1715 890 de-

72 907 225 948 perditam
246 909 382 949 quidam
397 912 520 950 putant,
535 907 630 939 nullis
643 917 702 947 ego
717 908 750 939 in
766 908 929 940 codicibus
951 908 1074 949 reperi;
1091 917 1195 948 neque
1217 908 1282 940 ulla
1308 908 1441 940 fortasse
1472 909 1541 939 fuit.
1570 909 1716 940 Feliciter
1761 919 1766 922 ·

73 967 173 993 tamen
193 958 278 990 mihi
295 959 417 999 obtigit,
435 963 468 990 ut
484 958 640 999 paschalis
653 958 784 990 decimae
798 958 941 999 septimm
953 959 1104 990 ineditam
1118 962 1213 998 atque
1233 958 1408 997 elegantem
1436 959 1635 991 nanciscercr
1657 961 1714 990 Ar-

76 1009 159 1040 nobii
171 1010 322 1042 Latinam
335 1010 641 1050 interpretationem,
656 1017 751 1049 quam
769 1008 803 1039 in
822 1009 933 1049 quinto
948 1008 1113 1049 Spicilegii
1127 1010 1215 1039 Rom.
1231 1008 1391 1040 volumine
1405 1009 1568 1041 collocavi.
1588 1010 1632 1040 De
1647 1009 1716 1040 aliis

73 1068 141 1091 vero
160 1061 310 1092 nondum
326 1061 400 1092 satis
415 1061 493 1092 mihi
508 1061 674 1101 perpensis
690 1062 743 1091 aut
758 1059 939 1099 exploratis,
952 1068 1030 1099 quas
1048 1059 1082 1090 in
1099 1059 1262 1090 codicibus
1287 1060 1419 1100 scriptas
1452 1064 1506 1091 aut
1527 1064 1715 1091 memoratas

74 1110 225 1143 interdum
243 1112 322 1149 vidi,
336 1111 441 1151 Cyrilli
454 1111 605 1148 homiliis,
621 1110 727 1141 dicere
746 1108 953 1149 supersedeo.
970 1108 1112 1148 Denique
1128 1111 1294 1139 tractatum
1306 1109 1348 1138 De
1358 1109 1519 1148 paschate,
1537 1109 1590 1148 qui
1606 1110 1636 1140 in
1652 1109 1716 1139 edi-

75 1162 208 1194 tionibus
231 1163 384 1195 tribuitur
393 1163 507 1194 Joanni
526 1162 716 1202 Philopono,
736 1161 798 1192 vidi
813 1160 998 1200 inscriptum
1013 1159 1128 1200 Cyrillo
1146 1159 1179 1190 in
1194 1168 1258 1191 uno
1279 1160 1349 1191 cod.
1370 1161 1451 1198 Vat.,
1474 1161 1506 1191 in
1528 1161 1589 1192 alio
1612 1165 1714 1191 tamen

76 1212 142 1245 cod.
154 1213 314 1253 praedicto
325 1213 518 1253 Philopono.

111 1263 158 1294 IV.
176 1264 432 1295 Commentarius
448 1265 481 1294 in
495 1264 660 1294 Lucam.—
672 1263 732 1294 Sed
751 1265 826 1294 ecce
842 1261 927 1294 aliud
940 1262 973 1293 in
988 1262 1148 1294 volumine
1163 1264 1273 1294 nostro
1286 1262 1489 1294 continuatur
1501 1261 1595 1300 longe
1610 1262 1711 1302 majo-

76 1313 115 1343 ris
129 1312 221 1343 moiis
237 1313 348 1353 Cyrilli
361 1313 525 1353 scriptum,
542 1312 628 1353 quod
647 1313 778 1352 paginas
796 1310 856 1342 332
872 1314 1018 1352 occupat,
1035 1312 1280 1343 commentarius
1297 1320 1413 1352 nempe
1430 1312 1469 1342 ad
1495 1313 1587 1342 Lucae
1612 1312 1714 1343 Evan-

77 1363 198 1403 gelium,
214 1372 316 1403 quem
327 1372 389 1394 nos
405 1363 489 1402 gravi
515 1371 590 1394 sane
607 1362 714 1394 labore
728 1361 956 1402 impendioque
966 1361 1120 1401 temporis
1134 1370 1172 1392 ex
1187 1361 1355 1393 duodecim
1370 1362 1524 1392 Vaticanis
1534 1365 1714 1393 catenarum

77 1416 236 1447 codicibus
251 1414 497 1455 compilavimus
515 1423 521 1445 :
542 1414 585 1445 ita
600 1416 635 1445 ut
649 1422 727 1454 quas
745 1412 850 1453 Cyrilli
860 1412 1010 1453 reliquias
1026 1420 1065 1443 ex
1076 1415 1212 1452 quatuor
1223 1413 1274 1443 vix
1298 1413 1460 1444 codicibus
1481 1416 1552 1444 ante
1576 1412 1635 1443 hos
1658 1421 1715 1445 an-

78 1476 135 1498 nos
145 1466 302 1498 delibatas
319 1467 431 1500 Graece
446 1465 615 1502 edidimus,
631 1473 717 1496 nunc
735 1465 908 1505 plurimum
929 1468 1037 1496 auctas
1054 1467 1084 1495 et
1098 1463 1280 1495 emendatas
1304 1472 1343 1495 ex
1360 1467 1406 1495 tot
1423 1463 1595 1501 codicibus,
1612 1463 1715 1496 addita

79 1517 164 1548 etiam
178 1516 386 1548 translatione
401 1519 506 1547 nostra
520 1515 723 1557 scholiisque,
743 1517 819 1556 justi
834 1516 939 1556 operis
952 1516 1050 1546 instar
1067 1519 1339 1555 repraesentemus.
1366 1515 1444 1545 Sunt
1456 1517 1559 1545 autem
1589 1514 1716 1545 codices

79 1568 118 1603 hi,
134 1577 212 1608 quos
228 1568 264 1599 in
279 1568 353 1599 libri
373 1567 568 1607 marginibus
585 1567 695 1598 litteris
708 1570 744 1598 A.
760 1569 795 1598 Β.
815 1568 848 1598 C.
864 1568 899 1598 D.
923 1567 958 1598 Ε.
976 1567 1009 1597 F.
1026 1567 1062 1597 G.
1083 1567 1122 1597 H.
1138 1567 1162 1597 Ι.
1177 1567 1214 1597 Κ.
1238 1567 1271 1596 L.
1292 1566 1332 1595 M.
1344 1568 1500 1606 perpetuo
1519 1565 1704 1596 denotamus

78 1619 100 1649 Ι.
113 1619 214 1650 Codex
231 1622 274 1651 Α.
294 1619 361 1650 Vat.
377 1619 611 1656 membraneus,
629 1618 797 1655 maximus,
810 1618 844 1649 in
860 1617 929 1655 fol.,
941 1618 1049 1649 saeculi
1065 1617 1133 1648 fere
1147 1617 1232 1647 tertii
1254 1615 1380 1653 decimi,
1397 1616 1514 1647 Nicetze
1527 1620 1669 1647 catenam
1684 1616 1716 1646 in

79 1671 187 1702 Lucam
201 1670 375 1702 continens
387 1679 458 1702 cum
474 1669 590 1710 Cyrillo
610 1669 760 1710 plurimo.
781 1671 819 1700 ΙΙ.
837 1670 942 1701 Codex
956 1665 1100 1700 B.'Palat.
1112 1669 1192 1705 Vat.,
1208 1668 1430 1707 bombycinus,
1443 1668 1476 1698 in
1490 1667 1559 1705 fol.,
1574 1667 1716 1708 ejusdem

78 1722 139 1753 fere
154 1730 190 1754 ac
203 1723 238 1753 Β.
257 1723 370 1760 aetatis,
387 1721 542 1754 diversam
555 1726 661 1753 tamen
674 1725 817 1753 catenam
838 1721 1017 1753 continens.
1032 1721 1133 1760 Hujus
1151 1719 1282 1756 codicis,
1299 1719 1357 1750 sub
1369 1718 1459 1750 initio
1469 1719 1620 1758 corrupti,
1635 1726 1715 1758 apo-

79 1773 225 1813 graphum
241 1774 376 1814 insuper
392 1777 520 1805 recente
534 1781 631 1804 manu
645 1772 826 1804 coniectum
841 1772 1048 1812 inspeximus.
1060 1772 1112 1802 III.
1124 1771 1230 1801 Codex
1244 1772 1276 1801 C.
1289 1771 1371 1807 Vat.,
1389 1769 1582 1806 chartaceus,
1598 1770 1630 1799 in
1644 1768 1714 1806 fol.,

80 1825 128 1857 ubi
141 1825 213 1857 item
230 1826 335 1866 spissa
347 1825 380 1856 in
393 1826 508 1857 Lucam
523 1826 650 1856 Patrum
668 1828 790 1856 catena.
804 1825 855 1854 IV.
871 1823 978 1855 Codex
991 1824 1026 1854 D.
1037 1824 1106 1854 Vat.
1122 1823 1357 1859 membraneus,
1376 1821 1409 1852 in
1423 1820 1492 1858 fol.,
1518 1821 1625 1852 saeculi
1649 1821 1713 1853 fer-

81 1885 125 1907 me
139 1876 332 1913 duodecimi,
348 1876 423 1907 item
439 1879 562 1908 catena.
583 1876 619 1906 V.
636 1875 742 1906 Codex
756 1876 791 1905 E.
805 1875 887 1913 Vat.,
904 1875 1101 1911 chartaceus,
1121 1874 1154 1904 in
1170 1873 1239 1909 fol.,
1252 1873 1420 1905 continens
1435 1872 1560 1903 Macarii
1575 1871 1713 1913 Chryso-

82 1929 196 1969 cephali
210 1938 278 1961 non
290 1933 353 1961 tam
368 1936 532 1960 sermones
545 1936 640 1968 quam
655 1929 793 1966 Patrum,
811 1928 913 1959 citatis
932 1931 1076 1959 accurate
1091 1926 1284 1964 nominibus,
1299 1930 1442 1957 catenam
1467 1926 1501 1956 in
1525 1927 1650 1958 Lucam.
1679 1926 1714 1957 Id

82 1981 195 2011 Macarii
213 1986 299 2021 opus
313 1979 428 2011 dicitur
442 1978 536 2010 etiam
553 1978 774 2018 Alphabctum,
794 1979 868 2019 quia
884 1979 1014 2009 totidem
1028 1982 1100 2009 sunt
1121 1985 1283 2009 sermones
1302 1981 1379 2017 quot
1405 1977 1564 2017 alphabeti
1584 1977 1713 2010 litteras:

83 2033 244 2074 ceteroqui
274 2033 308 2064 in
324 2033 389 2063 Vat.
407 2031 517 2063 codice
532 2039 596 2062 non
611 2031 672 2061 nisi
687 2031 846 2062 sexdecim
860 2033 993 2068 exstant,
1009 2030 1041 2061 id
1056 2034 1103 2061 est
1116 2039 1217 2070 usque
1231 2029 1269 2061 ad
1283 2029 1417 2060 litteram
1433 2043 1463 2061 π.
1487 2030 1537 2060 VI.
1555 2031 1659 2062 Codex
1680 2033 1712 2062 F.

82 2085 141 2116 Vat.
154 2086 245 2123 alius,
263 2085 458 2121 chartaceus,
475 2083 507 2114 in
525 2083 553 2120 4,
570 2083 623 2123 qui
637 2092 702 2114 non
720 2083 781 2114 nisi
795 2083 987 2115 mediocrem
1003 2086 1124 2123 partem
1142 2082 1284 2123 praedicti
1302 2082 1545 2123 Clirysocephali
1561 2084 1711 2115 continet.

84 2136 140 2167 VII.
159 2136 264 2167 Codex
283 2135 320 2165 G.
337 2135 466 2173 Regium
485 2135 605 2170 Suecae,
626 2134 806 2172 Vaticanus,
825 2134 933 2166 saeculi
947 2134 1072 2166 circiter
1085 2133 1277 2171 duodecimi',
1295 2143 1365 2165 cum
1382 2137 1503 2165 catena.
1519 2134 1597 2165 VIII.
1610 2135 1714 2167 Codex

84 2187 116 2217 li.
131 2187 195 2218 Vat.
217 2185 416 2227 prasnobilis,
433 2183 540 2215 saeculi
554 2184 654 2215 ferme
673 2184 845 2222 undecimi,
862 2184 917 2225 qui
932 2187 1036 2216 tamen
1051 2183 1084 2214 in
1100 2184 1211 2223 grandi
1230 2184 1326 2223 mole,
1343 2184 1470 2216 nonnisi
1490 2188 1609 2225 partem
1625 2185 1713 2216 Nico—

84 2238 166 2268 tianaa
184 2240 308 2269 catenae
322 2235 554 2276 complectitur.
570 2235 624 2265 IX.
641 2235 745 2266 Codex
759 2236 773 2265 Ι
788 2235 1017 2267 Ottobonianus
1033 2236 1114 2274 Vat.,
1127 2236 1348 2267 membraneus
1363 2237 1498 2277 pris‘cus,
1512 2246 1582 2268 cum
1597 2237 1713 2277 insigni

84 2289 116 2318 ad
130 2287 299 2328 prophetas
312 2295 424 2317 omnes
440 2286 568 2324 catena,l
587 2286 708 2318 habens
725 2286 819 2317 etiam
837 2294 955 2326 paucos
971 2286 1076 2326 Cyrilli
1100 2287 1200 2325 locos,
1212 2287 1266 2327 qui
1282 2287 1396 2318 diserte
1416 2287 1561 2318 dicuntur
1585 2296 1622 2318 ex
1647 2289 1713 2328 ejus

47 2329 55 2343 ⁸
85 2339 112 2371 in
130 2342 239 2372 Lucam
260 2338 490 2371 commentario
506 2338 648 2371 detracti.
664 2339 702 2375 X,
718 2339 770 2369 XI.
783 2339 849 2376 XII,
865 2338 958 2370 nobis
973 2339 1009 2370 K.
1027 2340 1061 2370 L.
1074 2340 1126 2376 M.,
1145 2340 1272 2378 exiguas
1289 2339 1457 2370 admodum
1476 2339 1580 2379 Cyrilli
1594 2340 1625 2369 in
1650 2340 1711 2370 Lu-

85 2399 144 2422 cam
159 2391 309 2432 reiiquias
325 2390 416 2421 nobis
432 2390 684 2431 suppeditarunt.
702 2391 783 2421 Duas
798 2387 927 2431 quoque
945 2391 1065 2422 Latinas
1078 2391 1117 2422 ad
1131 2392 1222 2422 Luem
1237 2390 1437 2428 Evangelium
1463 2394 1588 2421 catenas
1603 2390 1711 2429 inspe—

85 2446 189 2483 ximus,
212 2453 310 2477 unam
326 2443 388 2474 divi
401 2443 531 2474 Thomm
547 2443 720 2483 Aquinatis,
732 2443 921 2475 Balthasaris
937 2443 1075 2475 Corderii
1092 2443 1220 2475 alteram
1243 2452 1249 2473 :
1270 2451 1341 2482 quas
1365 2439 1466 2471 sicubi
1499 2439 1581 2478 plus
1594 2439 1711 2480 aliquid

86 2496 278 2536 Cyrillianum
296 2495 486 2533 habuerunt,
502 2495 563 2527 hoc
578 2495 685 2526 Latine
701 2503 759 2526 nos
774 2495 919 2526 dedimus
934 2496 965 2526 in
982 2496 1248 2532 adnotationibus,
1264 2498 1298 2525 ut
1313 2492 1416 2533 Cyrilli
1428 2494 1540 2529 textus,
1563 2491 1621 2523 hac
1648 2492 1710 2523 sal-

88 2551 141 2578 tem
154 2547 270 2587 lingua,
286 2549 450 2586 utcunque
471 2546 662 2587 expleretur.
678 2545 739 2576 Sed
755 2545 835 2584 haac,
853 2546 995 2585 inquam,
1014 2546 1094 2577 levia
1119 2545 1240 2587 oppido
1266 2545 1460 2576 incrementa
1483 2545 1566 2573 sunt.
1593 2543 1710 2573 Corde-

88 2597 157 2630 n'um
169 2603 275 2631 autem
292 2598 539 2637 fragmentomm
554 2606 684 2629 suorum
698 2597 878 2638 imperitum
894 2597 977 2629 haud
995 2606 1066 2629 raro
1081 2597 1285 2637 interpretem
1301 2595 1407 2627 multis
1429 2594 1507 2626 locis
1525 2602 1608 2634 pene
1622 2593 1711 2624 inviti

89 2650 304 2691 redarguimus.

122 2700 201 2731 Idem
223 2702 465 2732 commentarius
494 2701 622 2740 Syriace
638 2703 834 2734 iiwcntus.—
843 2702 1024 2733 Graecorum
1039 2701 1165 2734 Patrum
1181 2701 1220 2733 ad
1233 2702 1347 2733 Lucam
1370 2703 1512 2732 catenam
1535 2707 1647 2739 nuper,
1679 2697 1711 2728 id

121 2797 154 2834 (α)
166 2798 205 2826 Cf.
226 2798 295 2825 Luc.
314 2806 353 2830 nr,
371 2797 397 2827 4,
410 2797 522 2824 homilia
536 2797 568 2823 de
579 2795 607 2823 S.
617 2796 719 2823 Joanne
727 2796 867 2857 Bartisla;
923 2796 1055 2824 lentarum
1070 2797 1269 2830 distributione;
1279 2803 1397 2830 ηχςιιι,
1414 2795 1458 2830 55,
1476 2796 1514 2823 De
1525 2795 1645 2831 passione
1658 2792 1718 2834 Dav;

128 2842 158 2857 vn.
176 2834 216 2857 15.
238 2834 277 2857 De
300 2833 424 2857 electione
439 2833 734 2857 apostolonmi:—-xn.
776 2831 802 2857 9.
828 2831 868 2857 De
922 2832 998 2857 mini.

128 2831 217 2866 H.115,
238 2834 277 2861 De
300 2833 424 2860 electione
439 2833 734 2867 apostolonmt;——xn,
759 2831 802 2867 [9,
828 2831 868 2858 De
922 2832 998 2860 mini.

92 2865 159 2896 divite
172 2870 265 2898 horren
280 2868 395 2896 dilatare
410 2865 538 2901 rogitante
547 2877 556 2901 ;
567 2882 601 2887 —
614 2875 670 2902 xtx,
692 2866 736 2901 t5,
757 2865 802 2902 De
825 2871 866 2894 ta-
