1929 3042
195 104 230 130 99
862 103 962 131 (JARD.
987 104 1066 130 AM}.
1093 105 1151 130 MAI
1772 107 1825 131 ίυυ

194 167 240 195 est
255 172 339 196 anno
357 163 444 202 1841,
465 163 589 201 Οιοηῆ,
607 163 692 194 curis
705 163 762 194 viri
781 163 822 194 cl.
842 163 978 194 Crameri
992 171 1030 194 ex
1049 162 1209 194 Gallicano
1224 163 1335 194 codice
1351 163 1479 201 editam,
1495 172 1566 195 sero
1590 163 1711 204 accepi,
1730 167 1823 204 post-

193 224 288 254 quam
305 224 366 255 ego
378 224 459 256 opus
474 215 582 255 Cyrilli
606 223 712 246 meum
728 215 985 254 proﬂigaveram:
1001 213 1143 254 alioquin
1159 214 1226 253 ejus
1241 213 1360 254 aliquot
1378 214 1456 245 locis
1469 215 1655 254 tempestive
1669 223 1748 245 usus
1770 222 1822 244 es-

192 274 271 301 sem,
289 266 315 296 si
330 265 407 296 nihil
418 265 515 302 aliud,
528 267 611 296 certe
626 264 664 295 ad
678 264 889 296 collationem.
901 265 967 294 Jam
982 272 1057 295 vero
1067 263 1125 294 hac
1138 263 1292 303 inspecta,
1304 264 1336 295 in
1353 265 1457 304 Cyrilli
1472 273 1549 305 quas
1563 264 1657 296 refert
1668 264 1823 305 partibus,

192 317 297 348 statim
314 315 430 355 agnovi
444 315 570 346 nonnisi
584 317 712 345 tenuem
727 314 799 345 libri
810 314 873 345 mei
884 317 1006 354 partem
1021 314 1084 345 illic
1095 313 1262 351 contineri,
1278 322 1349 345 cum
1365 314 1419 345 illa
1433 323 1472 344 ex
1487 314 1582 345 unico
1605 323 1665 346 nec
1691 316 1826 356 copioso

192 366 315 402 codice,
336 374 425 396 meus
439 368 542 396 autem
558 365 637 396 liber
651 373 690 395 ex
704 364 869 396 duodecim
888 374 947 395 ms.
964 365 1094 403 catenis,
1110 373 1242 405 quarum
1268 364 1389 405 aliquot
1409 365 1648 406 copiosissimas,
1677 366 1824 406 prodeat.

192 418 317 449 Etenim
332 417 387 448 ubi
401 416 623 457 quaterniones
633 416 732 446 nostri
747 416 834 455 pleni
849 417 1030 452 decurrunt,
1041 416 1084 447 ibi
1102 416 1259 448 interdum
1274 416 1321 447 vel
1338 416 1414 447 nihil
1439 417 1539 447 codex
1561 416 1738 448 Gallicanus
1764 417 1824 449 ha-

192 467 272 503 buit,
288 469 361 506 puta
376 466 409 496 in
427 474 520 505 capp.
546 465 571 499 Ι,
587 465 665 499 XVI.
676 465 789 495 XXIV:
804 464 851 495 vel
868 465 990 504 singula
1003 465 1054 496 vix
1066 464 1251 505 fragmenta,
1266 468 1341 506 puta
1355 465 1388 496 in
1402 474 1472 506 cap.
1487 467 1529 497 III
1542 469 1572 497 et
1584 467 1648 497 XV.
1677 468 1746 498 Huc
1769 476 1824 499 ac-

192 517 276 549 cedit
289 517 374 556 quod
389 516 421 546 in
441 516 521 546 libro
535 515 620 546 edito
638 514 769 553 Cyr-illus
783 515 904 545 caeteris
922 515 1066 546 Patr-ibus
1083 515 1291 553 interseritur,
1319 515 1469 555 nullaque
1491 517 1751 556 interpretatione
1767 519 1825 549 La-

192 568 257 599 tina
271 566 436 598 scholiisve
452 566 633 597 illustratur.
648 566 722 601 Quae
737 565 811 596 dum
827 565 1028 597 historialiter
1042 574 1146 602 narro,
1159 565 1243 597 haud
1257 565 1364 597 hercle
1379 566 1550 606 quidquam
1566 567 1727 606 praestanti
1742 568 1825 599 Oxo-

191 619 293 650 niensi
310 617 389 648 libro
405 617 570 648 detrahere
586 617 669 653 volo,
687 617 738 647 cui
753 616 855 647 omnis
869 625 886 647 a
900 625 950 647 me
965 617 1098 648 debetur
1114 616 1218 648 honor
1230 625 1266 647 ac
1283 624 1379 656 porro
1395 616 1546 654 defertur,
1563 620 1694 657 propter
1708 619 1756 648 rei
1773 627 1824 649 sa-

190 677 252 699 crae
268 668 444 705 utilitatem,
458 670 608 706 typorum
623 666 839 706 splendorem,
854 666 983 697 editoris
1000 670 1160 698 strenuam
1175 667 1372 699 sedulitatem
1387 670 1482 708 atque
1496 668 1653 708 peritiam.
1670 668 1733 700 Sed
1748 677 1824 700 ecce

188 719 272 750 aliud
289 727 339 749 me
355 718 557 749 vehementer
571 718 751 755 commovit,
765 718 941 757 gaudioque
955 718 1071 755 affecit,
1086 718 1171 758 quod
1195 719 1235 749 ab
1257 719 1512 759 ephemeridibus
1537 719 1671 760 publicis
1698 720 1825 752 nuntia-

191 773 257 800 tum
276 769 344 805 fuit,
361 768 465 808 Cyrilli
482 769 621 807 integros
634 768 673 799 ad
687 770 802 800 Lucam
817 770 1071 808 commentarios,
1082 770 1114 801 in
1133 770 1290 810 Syriacam
1314 770 1451 809 linguam
1472 779 1651 809 conversos,
1667 780 1773 812 nuper
1786 781 1824 803 ex

190 819 323 858 Egypto
334 818 367 848 in
382 817 523 856 Angliam
538 825 606 848 esse
622 817 777 857 perlatos;
806 818 892 858 quod
905 827 981 850 sane
999 820 1161 860 exemplar
1173 820 1199 851 si
1223 819 1309 851 nulla
1332 819 1440 851 laesum
1459 820 1570 852 lacuna
1586 821 1636 858 sit,
1657 822 1824 862 periteque

190 871 231 903 ab
245 871 420 911 interprete
434 871 513 910 Syro
527 870 734 907 elaboratum,
749 870 854 909 Cyrilli
865 870 993 902 demum
1009 874 1110 903 totum
1126 872 1372 912 ordinatumque
1391 881 1426 903 ac
1438 881 1551 912 purum
1569 881 1659 913 opus,
1675 873 1708 904 in
1719 874 1826 906 alieno

190 923 302 955 saltem
317 922 466 954 idiomate
483 921 732 961 repraasentabit.
748 922 825 952 Nam
840 925 1019 954 catenarum
1033 923 1236 955 incommoda
1252 932 1323 964 quae
1337 924 1411 961 sint,
1429 932 1522 956 nemo
1537 926 1676 957 eruditus
1698 927 1826 966 ignorat

193 973 386 1015 (quanquam
403 974 433 1003 et
446 971 498 1002 illa
513 971 680 1011 peculiaris
693 970 805 1001 harum
818 974 849 1001 et
858 971 1019 1002 verissima
1032 971 1100 1003 laus
1113 976 1172 1010 est,
1186 973 1273 1013 quod
1288 973 1450 1004 meliorem
1461 974 1613 1014 cujusque
1628 975 1734 1015 operis
1750 985 1823 1008 suc-

190 1032 263 1054 cum
278 1021 416 1053 delibare
432 1019 558 1058 solent).
575 1019 733 1058 Eclogarii
750 1019 869 1050 scilicet
885 1022 1137 1059 partes‘operum
1154 1029 1213 1060 pro
1230 1021 1318 1052 libito
1333 1029 1391 1053 suo
1407 1025 1590 1061 excerpunt,
1607 1026 1638 1053 et
1656 1024 1710 1055 ubi
1736 1024 1826 1056 lubet

192 1073 362 1109 collocant,
378 1075 409 1103 et
424 1071 617 1112 quandoque
634 1071 726 1102 etiam
740 1070 1038 1110 interpolationibus
1054 1070 1181 1102 violant.
1201 1072 1276 1103 Cum
1291 1075 1396 1103 autem
1412 1072 1560 1104 volumen
1577 1077 1718 1106 nostrum
1739 1075 1822 1108 haud

191 1133 231 1154 ex
244 1131 321 1160 uno,
338 1122 392 1154 sed
407 1131 445 1153 ex
458 1121 627 1153 duodecim
642 1130 715 1152 mss.
733 1120 894 1151 codicibus
909 1121 947 1151 sit
962 1120 1223 1160 conglutinatum,
1238 1122 1288 1152 vix
1315 1116 1506 1162 ﬁeri'potest
1527 1126 1560 1154 ut
1583 1127 1687 1164 partes
1711 1133 1825 1157 omnes

192 1172 300 1204 sedem
316 1170 488 1211 propriam,
503 1173 574 1210 post
592 1169 819 1208 eclogariorum
839 1168 998 1199 licentiam
1022 1171 1053 1199 et
1077 1169 1318 1210 discrepantiam
1347 1171 1503 1209 codicum,
1527 1173 1699 1210 retineant;
1728 1183 1824 1215 quam

192 1232 261 1256 rem
273 1220 398 1253 nonnisi
413 1220 571 1259 integrum
587 1220 693 1260 operis
707 1227 824 1259 corpus
842 1218 1014 1259 praestabit.
1030 1218 1062 1249 Si
1086 1219 1182 1258 igitur
1195 1221 1302 1251 Graeca
1312 1224 1418 1252 nostra
1432 1225 1504 1253 ante
1518 1223 1662 1262 Syriatici
1673 1223 1746 1255 libri
1761 1225 1826 1256 edi-

193 1274 313 1306 tionem
327 1271 359 1302 in
375 1269 515 1309 Angliam
529 1270 683 1308 venerint,
695 1267 839 1307 multum,
852 1268 960 1307 credo,
979 1269 1217 1310 interpretando
1237 1271 1351 1311 Cyrillo
1375 1271 1568 1311 proderunt;
1584 1274 1675 1305 sicuti
1688 1275 1822 1306 vicissim

192 1321 285 1354 nobis
299 1327 491 1360 magnopere
505 1318 616 1351 fuisset
629 1319 815 1351 commodus
831 1318 1020 1357 Anglicanus
1040 1318 1119 1350 liber
1138 1320 1320 1351 ordinandis
1342 1321 1458 1352 Graecis
1484 1330 1520 1353 ac
1544 1323 1772 1363 perpoliendis,
1796 1324 1822 1356 si

194 1373 292 1415 (quod
308 1373 374 1404 fieri
395 1380 458 1403 non
470 1370 601 1412 poterat)
618 1370 657 1402 ad
671 1379 730 1402 nos
743 1373 864 1402 maturo
883 1373 1026 1410 tempore
1045 1371 1250 1410 pervenisset.
1270 1372 1331 1402 Rei
1348 1372 1441 1412 hujus
1455 1373 1616 1413 persimile
1640 1375 1821 1416 exemplum

193 1427 242 1456 est
260 1422 386 1454 Eusebii
405 1421 618 1461 Theophania,
633 1422 666 1452 in
682 1420 810 1460 Syriaco
825 1421 943 1461 pariter
962 1420 1072 1452 codice
1086 1421 1136 1453 his
1150 1423 1242 1453 annis
1256 1422 1394 1460 inventa,
1411 1424 1500 1463 cujus
1519 1424 1627 1456 Graeca
1643 1424 1821 1464 fragmenta

192 1483 212 1507 a
227 1483 278 1505 me
290 1475 382 1505 antea
400 1471 534 1511 vulgata,
549 1471 589 1502 cl.
604 1471 685 1502 Leus
699 1470 856 1510 interpres
871 1473 903 1501 et
921 1470 1023 1502 editor
1036 1479 1102 1502 non
1116 1471 1246 1510 habuit;
1262 1480 1322 1504 nos
1346 1476 1463 1510 autem,
1482 1474 1564 1505 libro
1592 1475 1659 1514 ejus
1678 1478 1820 1515 accepto.

193 1525 301 1556 Graeca
314 1526 419 1554 nostra
434 1522 574 1555 excussis
593 1522 699 1553 denuo
714 1521 783 1552 Vat.
801 1521 964 1553 codicibus
976 1521 1107 1555 multum
1123 1523 1268 1554 auximus
1282 1526 1313 1555 et
1326 1524 1560 1562 recensuimus;
1586 1533 1647 1565 qua
1670 1534 1767 1565 super
1789 1534 1823 1557 re

192 1575 227 1606 in
242 1578 354 1615 quarto
365 1574 565 1606 Bibliotheca:
579 1573 672 1613 hujus
686 1572 845 1604 volumine
858 1572 931 1604 satis
950 1572 1096 1605 diximus.
1111 1575 1179 1606 Jam
1195 1583 1289 1606 nemo
1307 1576 1399 1606 nobis
1417 1575 1553 1615 objiciat,
1566 1576 1650 1616 quod
1675 1575 1822 1616 Cyrillum

193 1635 232 1657 ex
247 1627 378 1665 catenis,
393 1636 458 1659 non
472 1630 576 1658 autem
586 1634 625 1656 ex
639 1625 749 1657 codice
764 1625 894 1665 proprio
908 1625 1108 1666 integroque,
1128 1626 1293 1666 Vulgemus
1307 1636 1312 1657 :
1331 1636 1402 1658 nam
1414 1630 1621 1667 praeterquam
1634 1627 1720 1667 quod
1736 1626 1822 1658 nulla

193 1675 254 1707 alia
267 1677 453 1717 suppetebat
466 1677 511 1708 rei
525 1677 731 1709 conﬁciendae
749 1677 840 1714 ratio,
856 1677 935 1709 nihil
954 1686 1013 1709 nos
1031 1678 1214 1710 inusitatum
1228 1680 1360 1719 egimus.
1380 1681 1462 1711 Ecce
1480 1680 1566 1711 enim
1594 1680 1761 1720 Origenem
1790 1680 1822 1710 in

193 1727 352 1764 Genesim,
365 1727 400 1758 in
418 1726 598 1764 Proverbia,
612 1730 643 1757 et
655 1726 688 1757 in
702 1726 854 1764 Psalmos,
874 1727 1002 1758 nonnisi
1015 1736 1054 1758 ex
1067 1729 1185 1760 catenis
1199 1729 1317 1760 Ruaaus
1329 1732 1490 1769 utcunque
1501 1729 1654 1760 restituit:
1670 1729 1825 1770 ejusdem.

195 1787 257 1818 que
272 1779 348 1810 item
364 1779 510 1819 Hexapla
527 1788 674 1818 magnam
692 1782 813 1819 partem
832 1783 950 1810 catena!
969 1781 1220 1820 suppeditarunt.
1249 1781 1482 1812 Theodoretum
1508 1784 1539 1812 et
1562 1781 1765 1812 Athanasium
1789 1781 1822 1811 in

194 1830 334 1861 Psalmos
349 1833 468 1861 catena)
484 1829 560 1861 solae
574 1829 742 1861 Sirmondo
756 1832 787 1861 et
804 1829 1037 1861 Montt‘auconio
1063 1831 1255 1862 obtulerunt.
1280 1831 1492 1870 Chrysostomi
1519 1831 1593 1862 satis
1620 1831 1766 1870 copiosas
1792 1834 1824 1862 et

195 1880 337 1919 egregias
351 1880 383 1911 in
398 1880 565 1918 Ieremiam
578 1879 815 1920 explanationes
829 1887 983 1919 nusquam
1003 1880 1063 1911 nisi
1077 1880 1160 1920 apud
1171 1880 1316 1911 Ghislerii
1323 1883 1465 1912 catenam
1476 1880 1640 1911 habemus.
1650 1880 1823 1911 Eusebium

194 1930 229 1962 in
242 1923 368 1967 Lucam,
385 1929 632 1970 Polychronium
645 1930 679 1961 in
688 1928 859 1966 Danielem,
877 1929 1046 1968 Didymum
1058 1929 1091 1960 in
1105 1929 1275 1960 secundam
1292 1929 1330 1960 ad
1347 1928 1522 1961 Corinthios
1538 1937 1596 1959 nos
1613 1928 1675 1967 ipsi
1694 1931 1822 1959 catena-

195 1989 265 2012 rum
278 1989 340 2021 ope
354 1980 452 2020 adjuti
465 1981 499 2011 in
514 1979 616 2011 lucem
633 1978 810 2010 extulimus.
830 1979 993 2009 Postremo
1007 1978 1108 2019 qualis
1125 1983 1325 2020 quantusque
1341 1979 1462 2020 percipi
1487 1987 1526 2010 ex
1544 1978 1603 2009 hac
1627 1977 1730 2017 Cyrilli
1754 1978 1824 2009 edi-

195 2031 281 2062 tione
297 2030 417 2062 fructus
432 2030 541 2071 possit,
554 2029 653 2061 lector
669 2038 727 2070 per
738 2038 772 2061 se
786 2030 919 2070 quisque
933 2030 1055 2065 sentiet,
1068 2033 1099 2060 et
1115 2033 1221 2061 noster
1237 2030 1329 2061 etiam
1347 2038 1452 2061 rerum
1466 2029 1562 2061 index
1573 2029 1683 2069 partim
1694 2029 1826 2060 demon-

196 2082 317 2119 strabit,
333 2081 507 2121 praesertim
520 2082 555 2112 in
569 2090 603 2112 re
620 2081 805 2121 dogmatica,
819 2082 901 2114 circa
923 2082 1034 2113 Christi
1072 2081 1276 2119 divinitatem,
1304 2082 1455 2121 originale
1482 2084 1657 2122 peccatum,
1686 2081 1825 2112 divinam

197 2133 341 2172 gratiam,
358 2135 552 2164 sacramenta
565 2132 724 2173 baptismi,
748 2133 955 2174 poenitentiae,
975 2135 1069 2172 atque
1088 2132 1294 2170 eucharistiae,
1322 2132 1361 2163 de
1387 2140 1451 2172 quo
1477 2136 1636 2172 postremo
1648 2132 1824 2172 praesertim

196 2184 342 2223 dogmate
362 2184 485 2215 divinus
496 2186 542 2215 est
557 2183 661 2223 Cyrilli
673 2183 764 2216 locus
779 2184 830 2224 (ad
842 2193 911 2223 cap.
930 2192 1010 2220 xxn,
1029 2192 1110 2214 vers.
1128 2183 1175 2221 10,
1189 2183 1223 2214 in
1237 2184 1322 2223 ﬁne),
1335 2192 1430 2224 quem
1447 2183 1532 2214 nulla
1543 2191 1681 2223 unquam
1693 2183 1824 2215 haeresis

195 2244 300 2275 neque
314 2243 453 2275 praisens
466 2243 570 2275 neque
585 2233 689 2265 futura
700 2233 910 2266 labefactabit.
924 2234 985 2264 Sed
1004 2233 1043 2264 de
1061 2233 1166 2273 Cyrilli
1177 2233 1210 2264 in
1229 2235 1342 2265 Lucam
1357 2233 1583 2265 commentario
1597 2233 1669 2264 satis
1690 2233 1744 2276 (α).
1761 2235 1822 2265 Su-

197 2289 304 2328 perest
317 2288 351 2316 ut
367 2285 406 2316 de
421 2284 541 2324 reliqua
550 2284 718 2315 voluminis
730 2284 925 2316 continentia
935 2283 1087 2315 dicamus.

234 2338 271 2368 V.
289 2338 408 2369 Contra
425 2337 626 2376 Synusiastaa
646 2341 674 2368 et
692 2336 879 2368 (πᾶσι-ΕΜ
896 2335 978 2367 inter
991 2335 1135 2375 Syriacas
1148 2336 1348 2374 bibliotheca;
1362 2335 1518 2367 Vaticana;
1534 2336 1659 2368 codices
1674 2339 1823 2376 pervetus

196 2389 338 2429 quidam.
353 2396 486 2418 numero
504 2387 557 2418 140
574 2389 710 2424 notatus,
723 2387 840 2418 smculo
857 2391 980 2425 octavo,
994 2391 1029 2419 ut
1043 2389 1213 2418 Assemano
1229 2386 1361 2422 videtur,
1378 2387 1523 2428 scriptus,
1543 2387 1597 2427 qui
1609 2387 1739 2418 Joannis
1753 2388 1821 2419 Cre-

197 2438 345 2471 sariensis
361 2438 444 2469 inter
458 2438 602 2478 quintum
620 2441 805 2477 sextumque
818 2437 966 2469 saaculum
984 2437 1058 2469 clari
1071 2436 1250 2478 apologiam
1264 2437 1404 2468 continet
1419 2437 1544 2468 concilii
1559 2436 1822 2470 Chalcedonensis

229 2500 268 2536 (α)
284 2500 451 2540 T_estir_r_tonia
463 2504 555 2540 vetera
567 2508 617 2540 pro
635 2499 728 2540 Cy_ri|li
744 2499 771 2526 in
784 2499 886 2540 Lucam
901 2507 977 2540 corn:
1028 2504 1105 2540 prete
1124 2499 1180 2540 ait:
1198 2497 1310 2540 senatus
1327 2497 1446 2540 Cyrillui
1462 2499 1658 2540 Alexandriaaa
1675 2499 1702 2526 in
1726 2499 1821 2540 expla-

194 2532 328 2564 mentario
348 2536 413 2563 olim
432 2543 483 2563 nos
497 2532 779 2565 citavimus,'Latinas
793 2539 903 2562 catenas
922 2535 978 2562 divi
1028 2532 1176 2561 nationibus
1193 2533 1227 2560 ad
1238 2533 1336 2560 Lucam
1351 2532 1409 2561 ait:
1423 2532 1532 2560 Fuctam
1545 2542 1598 2560 esse
1609 2534 1717 2560 dicimus
1732 2532 1822 2561 um.

194 2571 336 2606 Aquinatis
353 2575 433 2606 atque
451 2570 592 2606 Corderii;
613 2570 678 2596 item
700 2569 807 2606 Graecas
834 2570 979 2598 Vaticanas
1027 2569 1215 2606 ﬁgurationem
1227 2568 1359 2606 (Domini)
1380 2577 1433 2606 non
1446 2570 1483 2606 sic
1497 2569 1601 2606 quidem
1615 2572 1644 2594 ut
1660 2577 1753 2606 corpus
1770 2570 1819 2596 hu-

193 2603 441 2642 infprophetas'ubi
453 2613 539 2642 pauca
552 2605 796 2642 fragmentacitata
808 2606 977 2642 reperimus:
1028 2603 1138 2642 manum
1157 2603 1270 2642 ﬁguram
1286 2604 1413 2635 amiserit,
1428 2603 1626 2642 sed_splendore
1642 2603 1757 2638 quodam
1775 2606 1820 2631 in-

193 2638 465 2669 deinde'scholiaslas
481 2641 585 2675 aliquot
599 2638 686 2666 Vatic.
704 2640 769 2666 Item
786 2638 896 2667 catenas
916 2641 977 2668 Vat.
1028 2639 1122 2675 quium
1140 2639 1228 2675 tuerit,
1250 2643 1315 2670 etc.,
1340 2646 1427 2673 usque
1453 2638 1486 2666 ad
1504 2640 1651 2675 sustinere
1665 2643 1818 2674 potuerunt.

194 2677 220 2704 in
237 2676 314 2708 Luc.,
335 2683 449 2711 quarum
469 2673 549 2711 nunc
571 2682 716 2711 numerum
740 2675 866 2711 auximus
892 2683 979 2710 usque
1027 2673 1080 2711 Qui
1097 2674 1280 2711 locus‘tlrzece
1302 2681 1376 2700 nunc
1396 2674 1523 2711 apparuit
1538 2673 1570 2711 in
1586 2674 1706 2711 editione
1724 2679 1820 2702 nostra

193 2711 225 2739 ad
239 2708 429 2745 Xll.Dehique
444 2710 521 2737 adest
540 2710 626 2738 codex
645 2709 781 2745 Syriacus,
803 2710 837 2737 de
854 2718 909 2745 quo
930 2708 977 2738 su-
1028 2709 1094 2736 Luc.
1115 2717 1151 2745 rx,
1167 2708 1205 2745 297
1218 2716 1280 2745 cum
1304 2716 1336 2735 ea
1357 2712 1466 2745 tantum
1492 2709 1547 2745 levi
1571 2709 1713 2745 varietate,
1734 2717 1821 2745 quam

192 2754 241 2783 pra
259 2743 394 2783 diximus;
408 2745 640 2783 Nunqcccehgc
652 2743 787 2783 scribens,
806 2745 837 2783 in
851 2743 924 2783 alirrd
940 2750 979 2773 ιε-
1027 2744 1085 2770 sive
1110 2743 1311 2783 Cyparissiota,
1329 2744 1549 2783 Isive_eclogarii
1564 2744 1673 2783 postri.
1702 2743 1821 2783 solemni

192 2773 350 2808 stirnonium
377 2779 467 2807 incido
480 2779 592 2815 Joannis
609 2773 800 2815 Cyparissiotée
821 2780 916 2807 dccad.
942 2789 977 2813 vl,
1028 2785 1103 2815 more
1130 2773 1264 2815 iecerunt.
1296 2773 1372 2815 Adde
1398 2773 1531 2815 JoannEm
1561 2773 1757 2815 Ctesariensem
1790 2779 1818 2808 in

193 2816 250 2844 Κῶ.
267 2815 322 2843 [Ψ.
336 2814 419 2850 Lugd.
436 2819 453 2840 t.
474 2814 543 2847 XXI,
559 2823 584 2850 p.
602 2813 661 2846 ﬁli,
678 2815 724 2850 qui
739 2815 874 2842 Turriano
893 2815 978 2842 intcr-
1028 2813 1203 2841 adnotatione
1221 2818 1313 2841 nostra
1331 2813 1364 2840 ad
1383 2821 1453 2841 vers.
1474 2813 1508 2841 22
1527 2814 1625 2849 capitis
1639 2822 1657 2841 ιι
1673 2814 1765 2841 Luca.
1817 2820 1826 2853 λ
