1929 3042
58 118 99 145 tot
738 110 996 150 rn’iararronas.
1627 126 1678 153 to:

57 179 195 211 adversus
203 179 477 220 contemporalem
491 189 583 211 suum
595 182 756 220 Severum,
767 183 973 222 patriarcham
985 183 1225 221 Antiochenum,
1235 184 1462 224 Acephalorum
1474 183 1679 225 coryphaeum

59 234 84 261 et
96 230 257 260 doctorem
269 229 368 260 totius
381 229 513 260 Orientis
528 229 831 270 pestilentissimum.
845 232 981 263 Joannes
998 232 1102 271 itaque
1122 236 1157 263 ut
1175 232 1395 272 adversarium,
1418 233 1532 273 Cyrillo
1554 243 1679 275 semper

60 283 141 320 prout
156 282 271 311 notum
287 283 335 310 est
353 281 437 311 abuti
452 280 590 318 solitum,
606 281 718 312 iisdem
737 281 832 313 armis
845 283 992 321 conﬁgat,
1008 282 1136 320 multos,
1160 282 1193 313 id
1216 286 1262 314 est
1286 293 1372 321 xnvr,
1396 284 1502 324 Cyrilli
1525 284 1613 316 locos
1640 293 1678 316 ex

59 330 197 370 operibus
212 339 301 362 nunc
319 330 501 371 deperditis,
517 334 625 363 contra
639 332 849 376 Synusiastas,
865 337 896 364 et
911 338 1020 364 contra
1036 332 1208 364 Diodorum
1233 335 1416 366 Tarsensem
1430 343 1466 367 ac
1477 334 1678 367 Theodorum

60 384 322 423 Mopsuestenum,
342 391 402 414 nec
416 390 482 412 non
492 390 529 412 ex
544 382 777 413 commentariis
792 382 825 413 in
840 383 961 421 Matth.,
973 384 1047 414 Luc.
1065 386 1097 414 et
1114 383 1200 414 Paul.
1219 384 1348 421 recitat;
1374 393 1453 425 quos
1479 393 1537 424 ego
1562 386 1677 417 luben-

59 435 165 466 tissime
178 435 212 465 in
228 434 293 466 hoc
308 434 470 465 volumine
481 433 589 465 Latine
605 433 714 464 saltem
731 435 882 474 exposui:
898 435 1071 474 praesertim
1086 435 1159 474 quia
1180 426 1330 466 librorum
1353 439 1460 468 contra
1483 438 1679 477 Synusiastas

59 489 84 516 et
92 485 382 523 contrajDiodorum
392 492 428 515 ac
441 483 644 515 Theodorum
658 493 713 516 sex
723 484 786 524 jam
803 493 861 523 ego
877 485 1041 524 originalia
1055 493 1271 525 compereram
1284 486 1392 517 Graeca
1405 487 1589 527 fragmenta,
1601 497 1678 529 quo-

59 545 118 566 rum
133 539 243 575 postea
257 536 421 567 veritatem
434 536 572 566 Joannes
588 534 785 566 Caesariensis
799 535 1004 567 conﬁrmavit.

90 587 197 617 Partes
211 587 431 617 commentarii
447 587 481 616 in
498 586 619 617 Cantic.
635 586 1048 620 Salamonia.—Notissima
1077 592 1107 620 et
1131 588 1314 620 universalis
1339 590 1390 620 SS.
1419 590 1543 621 Patrum
1571 591 1677 630 regula

59 641 106 674 est,
122 638 281 668 canticum
300 637 479 669 Salomouis
492 637 620 668 nonnisi
638 637 770 677 spiritali
787 646 880 668 sensu
896 639 935 669 de
960 639 1080 670 Christo
1104 641 1233 680 ejusque
1257 639 1395 671 Ecclesia
1409 648 1478 670 esse
1500 640 1676 680 intelligen-

59 688 142 720 dum:
159 689 370 729 quamobrem
385 689 469 729 gravi
483 689 734 729 reprehensione
756 689 844 729 digni
862 693 946 729 sunt,
963 691 1144 732 quicunque
1165 693 1203 723 ab
1225 691 1284 723 hac
1309 691 1528 723 decentissima
1552 693 1677 724 Patrum

60 741 189 772 omnium
206 749 322 773 norma
336 742 499 774 discedere
514 742 642 774 audent.
661 743 742 774 Ecce
759 746 864 775 autem
878 746 909 775 et
925 744 1055 783 Cyrillus
1070 748 1176 775 noster
1191 744 1224 775 in
1239 753 1277 776 eo
1294 744 1492 784 explananda
1517 745 1642 776 cantico
1662 754 1679 778 α

60 793 123 824 trito
135 793 338 833 solemnique
351 794 500 826 Ecclesiae
517 804 606 827 more
620 805 686 827 non
701 796 854 828 declinat:
870 797 959 837 cujus
971 805 1030 837 ego
1046 797 1201 838 deperditi
1214 798 1431 829 commentarii
1445 806 1517 829 cum
1531 801 1604 829 ante
1620 797 1680 829 hos

60 852 148 875 annos
160 843 338 883 fragmenta
353 845 460 876 Grtece
474 848 595 878 tantum
610 846 762 878 ediderim
776 847 809 877 in
824 847 971 888 Procopii
988 850 1096 878 catena
1115 845 1193 887 (AA.
1209 847 1300 878 class.
1320 850 1342 878 t.
1364 848 1427 886 IX),
1452 856 1537 879 nunc
1566 847 1680 880 collato

62 903 157 925 rursus
170 895 239 925 Vat.
258 894 383 931 codice,
399 898 431 926 et
446 895 550 928 addita
568 896 748 934 Latinitate,
763 897 797 928 in
815 896 875 928 hac
890 897 995 936 Cyrilli
1012 897 1238 928 anecdotorum
1259 898 1407 937 congerie
1431 899 1599 930 commode
1622 907 1678 930 ex-

61 946 155 977 hibeo.
179 946 294 985 Neque
314 946 348 976 in
367 946 415 977 his
431 947 546 980 desunt
570 948 745 988 singulares
765 948 887 989 aliquot
912 949 993 981 sacri
1012 952 1115 980 textus
1132 949 1303 987 lectiones,
1328 953 1442 989 praeter
1466 951 1612 982 eximiam
1626 959 1680 982 au-

63 995 146 1026 ctoris
160 995 326 1035 pietatem,
343 999 373 1026 et
390 996 429 1027 de
445 997 545 1028 sancti
561 996 738 1030 chrismatis
751 1001 951 1040 saeramento
961 998 1177 1030 testimonium
1192 999 1242 1038 (ad
1254 1007 1335 1029 vers.
1353 999 1387 1029 12
1404 1000 1512 1039 capitis
1533 999 1597 1040 IV).
1624 1000 1680 1031 His

63 1054 113 1084 ego
129 1045 349 1077 commentarii
364 1047 506 1086 partibus
521 1048 688 1087 Cyrilliana
705 1048 847 1088 quinque
874 1047 933 1079 alia
945 1039 1066 1079 'diversi
1088 1048 1262 1087 argumenti
1291 1049 1464 1088 fragmenta
1486 1049 1680 1082 subtexenda

63 1105 166 1127 curam.

97 1148 207 1179 Contra
223 1148 401 1180 Julianum.
418 1148 574 1179 Adversus
585 1148 765 1179 Eunuchos.
781 1149 824 1178 De
839 1148 1175 1188 Synagogwxrepudio.
1193 1149 1384 1189 Fragmenta
1395 1147 1492 1179 multa
1504 1150 1679 1180 minora.—

64 1200 100 1230 Ne
114 1200 230 1231 minora
245 1201 378 1240 quidem
396 1202 500 1242 Cyrilli
515 1202 701 1241 fragmenta,
721 1204 879 1242 quotquot
894 1202 976 1232 inter
991 1201 1073 1233 edita
1087 1211 1104 1234 a
1120 1210 1170 1233 me
1185 1202 1311 1241 scripta,
1327 1201 1373 1233 vel
1389 1201 1422 1232 in
1436 1201 1598 1233 codicibus
1622 1210 1679 1233 ex-

65 1252 203 1289 stiterunt,
220 1253 362 1293 neglexi.
374 1255 482 1294 Itaque
497 1255 599 1295 primo
610 1254 803 1293 undeviginti
817 1255 985 1294 particulas
994 1255 1113 1295 sumpsi
1125 1255 1235 1295 partim
1252 1263 1290 1286 ex
1302 1253 1410 1286 codice
1424 1253 1572 1284 Vaticano
1590 1252 1677 1290 1431,

65 1303 159 1342 partim
176 1312 214 1334 ex
233 1304 448 1342 Columnensi,
463 1308 494 1336 et
512 1314 551 1336 ex
568 1306 648 1337 meis
662 1305 792 1338 Leontio
806 1308 901 1345 atque
919 1306 1091 1336 Anastasio.
1108 1306 1227 1336 Deinde
1242 1304 1318 1336 alias
1341 1305 1419 1334 XXV
1446 1302 1614 1344 particulas
1640 1311 1677 1333 ex

66 1355 224 1394 deperditis
237 1356 390 1388 adversus
403 1358 560 1389 Iulianum
574 1357 672 1394 libris,
689 1365 706 1388 a
719 1358 839 1388 Joanne
856 1356 1013 1396 eclogario
1032 1357 1151 1394 citatas,
1170 1359 1204 1388 ut
1218 1356 1251 1387 in
1267 1355 1389 1387 Monito
1408 1354 1530 1386 dicitur.
1554 1354 1679 1392 Insigne

65 1412 160 1446 postea
173 1408 282 1448 magni
300 1408 404 1448 Cyrilli
417 1408 502 1448 apud
518 1416 576 1440 nos
591 1410 789 1446 segmentum
804 1410 851 1437 est
866 1407 1017 1437 adversus
1033 1407 1197 1443 eunuchos,
1213 1407 1252 1438 de
1266 1414 1331 1447 quo
1344 1405 1378 1436 in
1391 1405 1514 1436 Manilo
1529 1403 1623 1435 verba
1636 1403 1680 1434 fa-

67 1457 170 1493 cimus;
187 1466 246 1489 nec
262 1467 331 1490 non
345 1458 384 1490 de
393 1458 529 1498 junioris
552 1458 727 1498 specimine
742 1457 827 1497 quod
842 1457 994 1497 sequitur.
1009 1458 1173 1488 Postremo
1189 1456 1398 1495 fragmentum
1417 1464 1456 1486 ex
1469 1455 1549 1486 libro
1564 1454 1600 1484 de
1618 1454 1678 1492 Sy~

66 1516 177 1547 aagoga:
188 1509 335 1547 repudio,
350 1508 389 1540 de
404 1517 467 1548 quo
483 1509 575 1540 etiam
592 1509 625 1540 in
650 1508 771 1540 Manilo
787 1516 844 1540 suo
869 1507 953 1539 loco.
979 1509 1080 1548 Atque
1105 1506 1174 1538 haec
1201 1507 1306 1538 omnia
1331 1506 1446 1538 Latinae
1470 1504 1680 1538 translationis

67 1558 273 1589 commoditate
293 1558 355 1589 frui
370 1557 535 1590 voluimus.

281 1720 549 1766 EJUSDEM
599 1718 919 1765 PBJEFATIO
971 1718 1044 1762 AD
1094 1716 1312 1762 TOMUM
1356 1717 1450 1760 ΙΙΙ.

98 1820 120 1851 Ι.
137 1820 270 1860 Cyrillua
289 1820 435 1861 quwsitua
459 1820 494 1850 in
518 1819 635 1849 catenis
655 1818 773 1849 Veteris
799 1816 1043 1848 Testamenti.—
1055 1815 1192 1846 Alterum
1209 1814 1271 1845 hoc
1292 1813 1436 1853 procedit
1451 1813 1677 1845 anecdotorum

67 1871 93 1902 S.
102 1871 196 1912 Cyrilli
209 1870 410 1902 Alexandrini
425 1869 612 1910 scriptorum
631 1868 790 1905 volumen,
806 1867 894 1908 cujus
904 1868 1046 1898 Graecum
1059 1868 1176 1896 textum
1188 1873 1226 1896 ex
1238 1864 1400 1896 codicibus
1411 1863 1582 1901 hausimus,
1594 1864 1677 1895 Lati-

68 1930 129 1952 nam
142 1930 211 1953 vero
226 1920 519 1960 interpretationem
537 1918 683 1950 festinato
706 1917 810 1949 studio
832 1916 951 1957 publici
972 1925 1049 1948 usus
1067 1915 1164 1956 gratia
1182 1914 1330 1951 fecimus;
1348 1917 1379 1944 et
1400 1922 1495 1954 parco
1518 1913 1601 1951 licet,
1622 1915 1677 1946 sed

68 1975 157 2002 tamen
178 1971 223 2002 rei
242 1969 418 2011 praesertim
433 1968 617 2008 dogmalicm
633 1968 750 1999 idoneo
770 1967 1009 1998 adnotationum
1027 1965 1176 1997 comitatu
1191 1964 1382 2004 stipavimus.
1395 1964 1515 1994 Nostra;
1529 1963 1624 2002 igitur
1637 1964 1679 1995 ob

68 2022 266 2061 vestigandum
289 2020 437 2061 Cyrillum
448 2028 531 2051 curae
545 2018 584 2050 ad
604 2018 737 2049 ineditas
749 2018 875 2048 Patrum
890 2019 1015 2048 catenas
1035 2015 1195 2056 praecipue
1209 2016 1427 2054 respexerunt.
1444 2012 1504 2043 Sed
1518 2012 1550 2043 in
1565 2022 1677 2044 manu-

69 2073 175 2113 scriptis
191 2073 321 2113 quidem
341 2072 380 2103 ad
404 2070 629 2103 Octoteuchum
654 2073 684 2101 et
707 2069 874 2101 historicos
897 2069 950 2099 SS.
967 2068 1138 2100 Bibliorum
1153 2067 1251 2098 libros
1268 2065 1511 2102 commentariis,
1530 2065 1677 2105 Cyrillum

69 2123 254 2162 querendum
272 2123 324 2154 vix
344 2122 535 2163 putavimus;
554 2120 627 2161 quia
651 2123 859 2160 praeterquam
876 2119 962 2159 quod
979 2118 1017 2150 ad
1032 2117 1280 2149 Pentateuchum
1300 2116 1461 2156 Glaphyro
1476 2116 1581 2155 Cyrilli
1595 2117 1678 2148 edita

70 2177 190 2211 exstant,
209 2175 341 2215 copiosa
366 2173 496 2213 insuper
516 2171 639 2211 vulgata
659 2170 718 2201 fuit
735 2170 898 2210 superiore
921 2169 1037 2200 saeculo
1060 2167 1275 2208 Lipsiensibus
1301 2166 1384 2207 typis
1403 2166 1528 2198 Patrum
1551 2171 1676 2204 catena,

70 2233 129 2265 quae
140 2225 281 2265 Cyrillum
290 2233 430 2265 quoque,
440 2222 572 2264 perinde
587 2225 621 2253 ut
629 2225 675 2253 est
685 2222 718 2252 in
726 2221 883 2253 Vaticanis
897 2221 1026 2258 catenis,
1035 2220 1175 2252 continet
1183 2217 1237 2260 (a).
1254 2220 1396 2250 Attamen
1404 2218 1444 2250 ad
1454 2218 1549 2250 libros
1555 2219 1675 2257 Regum

71 2276 208 2315 egregiam
231 2276 390 2317 planeque
406 2275 560 2306 diversam
573 2273 698 2305 Patrum
713 2275 854 2304 catenam
866 2271 1006 2303 Venetiis
1029 2279 1088 2301 nos
1107 2270 1140 2300 in
1163 2269 1356 2300 Bessarionis
1381 2268 1546 2300 cardinalis
1568 2269 1677 2300 codice

70 2333 123 2356 non
136 2327 363 2357 observavimus
378 2325 491 2362 solum,
505 2332 613 2354 verum
632 2323 724 2354 etiam
740 2321 894 2362 quidquid
916 2323 982 2352 erat
999 2319 1103 2360 Cyrilli
1116 2319 1270 2350 ineditum
1290 2326 1386 2348 manu
1408 2320 1513 2348 nostra
1530 2317 1604 2348 inde
1620 2326 1676 2348 ex-

69 2376 243 2416 scripsimus,
257 2380 354 2416 atque
367 2375 429 2407 hoc
443 2374 602 2406 volumine
616 2373 810 2405 inclusimus.
827 2372 872 2403 Ad
886 2372 1000 2403 Jobum
1016 2370 1178 2410 scripsisse
1192 2368 1338 2409 Cyrillum
1353 2370 1490 2404 constat;
1506 2368 1677 2408 cmtequui

70 2423 96 2454 in
114 2426 260 2457 Vaticanis
279 2426 441 2457 codicibus
467 2424 545 2456 nihil
569 2426 684 2464 praeter
706 2423 802 2460 illam,
826 2431 917 2463 quam
942 2422 1052 2453 Junius
1078 2420 1186 2456 edidit,
1209 2421 1350 2450 catenam
1374 2417 1488 2457 reperi.
1511 2417 1555 2448 De
1572 2417 1677 2457 Cyrilli

70 2476 219 2516 peramplis
240 2476 275 2507 in
304 2475 444 2506 Psalmos
466 2473 698 2505 commentariis
723 2472 804 2503 infra
827 2472 941 2504 dicam.
959 2472 1003 2503 Ad
1029 2470 1195 2502 Proverbia
1217 2469 1267 2499 vix
1292 2475 1389 2498 unum
1408 2467 1549 2506 comperi
1572 2466 1677 2506 Gya-illi

69 2523 275 2564 fragmentum;
293 2526 368 2557 nihil
385 2529 489 2556 autem
503 2525 541 2556 ad
557 2523 775 2555 Ecclesiasten.
791 2523 835 2554 Ad
855 2522 1021 2554 duodecim
1037 2522 1175 2552 minores
1190 2517 1360 2559 prophetas
1375 2516 1479 2557 Cyrilli
1502 2525 1585 2546 curae
1600 2520 1675 2547 aeta-

70 2578 120 2608 tem
132 2577 279 2615 tulerunt;
296 2578 372 2609 item
390 2577 428 2608 ad
444 2577 555 2608 Isaiam
571 2585 577 2606 ε
594 2575 691 2607 multa
706 2583 780 2606 vero
806 2575 914 2615 Cyrilli
937 2574 976 2606 ad
994 2573 1159 2605 Jercmiam
1179 2571 1351 2609 fragmenta
1373 2567 1506 2607 vulgavit
1519 2567 1551 2597 in
1565 2569 1676 2598 catena

71 2628 230 2660 Ghislerius.
255 2629 301 2660 Ad
327 2627 522 2659 Ezechielem
546 2627 593 2657 vix
614 2630 685 2658 octo
712 2626 824 2665 exigua
848 2625 953 2665 Cyrilli
969 2624 1143 2664 fragmenta
1166 2621 1313 2653 Vaticana
1336 2622 1455 2655 catena,
1483 2616 1676 2656 caateroquin
1735 2632 1740 2641 ι

71 2678 174 2719 ingens,
189 2681 280 2712 nobis
303 2680 431 2717 obtulit;
448 2682 477 2711 et
490 2679 528 2710 ad
544 2678 704 2710 Danielem
727 2679 795 2709 tria.
815 2678 963 2718 Cyrillum
985 2677 1018 2707 in
1036 2675 1233 2707 Ezechielem
1258 2672 1431 2713 scripsisse,
1448 2673 1532 2702 extra
1549 2677 1676 2719 omnem

71 2717 275 2764 dubitationem
298 2735 345 2764 est
363 2741 369 2762 :
388 2741 459 2763 nam
476 2734 588 2771 praeter
611 2733 735 2770 reperta
759 2739 777 2760 a
801 2717 892 2761 nobis
915 2728 1088 2767 fragmenta
1103 2727 1134 2757 in
1158 2725 1287 2762 catenis,
1304 2721 1472 2754 Bandinius
1488 2719 1587 2753 Catal.
1605 2717 1675 2751 cod.

99 2803 130 2839 (α)
145 2804 238 2833 Catena
252 2805 414 2842 Lipsiensis,
432 2810 493 2840 post
508 2804 664 2840 diligentem
675 2812 736 2833 cum
753 2803 831 2831 editis
844 2802 1016 2831 collationem
1030 2800 1139 2834 factam,
1158 2799 1225 2827 nihil
1247 2798 1324 2826 nobis
1337 2797 1471 2859 inedliatplip-
1481 2793 1675 2858 sgipﬁ‘editavik
