1929 3042
243 111 294 139 105
913 111 1004 140 CABD

1137 110 1196 139 MAI
1830 109 1883 136 ἰυι

242 174 295 204 Gr.
319 173 480 210 Laurent,
507 175 528 202 t.
552 173 577 209 Ι,
593 181 624 212 p.
652 170 717 208 119,
747 170 810 202 duo
833 171 892 202 alia
920 172 1082 212 perbrevis
1099 172 1131 202 in
1149 170 1258 202 codice
1280 169 1421 201 miscello
1443 170 1607 205 memorat,
1634 175 1706 207 quas
1725 175 1744 198 a
1766 166 1884 197 nostris

240 227 362 258 diversa
387 229 470 256 sunt.
496 225 576 262 Quid
603 222 713 264 plura?
728 225 791 255 Leo
815 224 944 255 Allatius
959 225 992 255 in
1007 224 1210 261 Enchiridio,
1227 233 1259 263 p.
1278 222 1326 260 38,
1350 226 1384 253 ut
1407 222 1551 254 ostendat
1568 221 1718 261 Spiritum
1738 223 1884 252 sanctum

241 285 310 308 esse
333 277 477 317 spiritum
496 275 576 312 Filii,
593 275 666 306 citat
686 274 791 314 Cyr-illi
812 275 1002 315 explanatior

1139 273 1336 306 Ezechielem
1351 273 1399 308 τὴν
1413 270 1548 309 ἐξήγησιν
1563 272 1611 300 τοῦ
1628 272 1766 308 Κυρίλλαυ
1781 273 1823 304 εἰς
1838 274 1883 299 τὴν

246 328 384 364 Ἱεζεκιήλ.
401 327 475 358 Mihi
491 330 596 357 tamen
611 326 786 366 pretiosum
803 325 864 357 hoc
878 334 1065 366 summeque
1079 325 1254 365 optandum
1269 324 1374 366 Cyrilli
1390 325 1540 366 scriptum
1561 333 1716 365 nusquam
1732 333 1884 365 comper-

239 383 304 410 tum
321 383 378 410 est.
401 379 536 410 Felicior
549 378 583 409 in
598 379 724 410 Cantico
739 378 918 410 Salomonis
938 378 996 416 fui,
1022 378 1060 409 ad
1077 387 1171 418 quem
1195 378 1311 409 librum
1336 386 1401 408 non
1417 377 1459 408 ita
1481 385 1597 417 paucas
1611 376 1716 416 Cyrilli
1732 376 1886 416 reliquias

238 431 401 470 superiore
416 429 576 460 volumine
596 429 780 470 complexus
794 438 875 460 sum.
894 429 982 461 Mitto
997 429 1094 460 libros
1116 428 1421 460 deuterocanonicos
1435 427 1554 466 Tobiaa,
1570 427 1752 468 Sapientiae,
1768 425 1884 458 Eccle-

237 481 352 512 siastici
375 484 406 511 et
431 480 696 517 Machabworum,
716 489 798 520 quos
821 480 914 519 prisci
938 481 1046 512 Patres
1060 481 1144 512 curis
1159 481 1224 512 suis
1248 488 1318 512 raro
1341 482 1394 511 aut
1411 479 1462 510 vix
1475 479 1644 519 attigerunt
1669 489 1675 510 :
1697 486 1885 519 quanquam

236 529 429 570 Sapientiam
456 532 541 561 certe
569 533 664 569 atque
692 529 946 561 Ecclesiasticum
973 530 1105 570 Cyrillus
1124 533 1233 561 noster
1256 537 1315 560 ceu
1337 529 1457 560 divinas
1485 529 1660 569 Scripturas
1687 537 1752 560 non
1783 529 1885 559 semel

236 580 342 613 laudat
355 591 361 612 :
373 581 542 622 Sapientiae
553 584 658 611 autem
670 580 752 611 libro
764 580 850 620 regia
865 589 976 612 manus
990 581 1126 612 Matthaai
1137 580 1344 611 Cantacuzeni
1357 581 1501 611 Graecum
1515 580 1779 611 commentarium
1794 578 1886 610 addi-

236 631 293 670 dit,
307 633 396 672 cujus
412 641 471 663 nos
485 634 633 671 excerpta
647 631 680 662 in
698 631 760 662 alio
777 631 936 662 volumine
951 631 1035 663 inter
1052 631 1173 663 scholia
1187 631 1226 662 ad
1242 631 1458 671 Nicephorum
1472 631 1604 671 sparsim
1623 630 1780 662 dedimus.

274 683 313 713 II.
333 684 413 713 Item
432 683 467 713 in
484 683 604 713 catenis
619 682 701 713 Novi
720 683 1040 714 Testamenli.-—Jam
1057 683 1090 714 in
1109 683 1198 714 N0vo
1216 684 1429 720 Testamento,
1446 682 1485 714 ad
1500 682 1677 713 Mattheeum
1695 682 1827 722 quidem
1846 690 1885 713 ex

235 734 350 774 amplis
363 734 416 774 qui
436 734 599 774 perierunt
619 733 723 774 Cyrilli
735 734 929 772 tractatibus,
945 734 1114 767 mediocris
1138 735 1386 774 fragmentorum
1409 743 1560 767 numerus
1574 735 1607 766 in
1621 735 1744 766 Possini
1760 738 1792 766 et
1806 736 1883 766 Cor-

236 786 315 817 derii
330 786 447 817 catenis
461 786 576 825 legitur
591 795 597 816 :
614 786 671 817 sed
695 789 800 818 tamen
820 795 880 826 ego
905 796 1034 828 quoque
1059 796 1313 820 coacervaveram
1331 797 1413 820 nova
1431 787 1534 823 Cyrilli
1550 787 1723 827 fragmenta
1743 796 1783 818 ex
1796 788 1884 819 Vati-

235 839 323 870 canis
337 838 510 876 codicibus,
527 848 563 871 ac
587 848 669 880 pene
684 839 905 879 impresseram
914 849 922 877 ;
937 841 993 872 sed
1006 844 1135 881 accepta
1151 841 1278 872 interim
1290 841 1462 872 Oxoniensi
1475 841 1514 872 cl.
1530 841 1557 872 J.
1572 843 1606 872 A.
1624 841 1761 872 Crameri
1774 841 1884 870 Graeca

235 893 356 927 catena,
377 890 508 921 multum
526 899 565 921 ex
585 890 741 922 Vaticanis
756 891 914 928 deminui;
933 892 974 923 ita
999 895 1104 923 tamen
1120 895 1154 923 ut
1177 892 1351 932 fragmenta
1366 902 1460 933 supra
1474 893 1584 933 viginti
1599 892 1676 923 mihi
1690 891 1796 923 adhuc
1812 891 1884 922 inc-

235 940 300 971 dita
314 940 527 981 superfuerint
543 940 597 981 (a).
614 941 804 981 Conquisitis
820 943 911 973 novis
929 943 961 973 in
975 943 1152 974 Matthaeum
1168 943 1274 983 Cyrilli
1289 943 1441 984 reliquiis,
1460 943 1499 975 de
1515 943 1742 974 commentario
1759 943 1830 982 ejus
1845 942 1884 973 ad

235 993 372 1023 Marcum
388 992 589 1031 cogitandum
602 1002 620 1024 a
635 1001 687 1024 me
703 1002 772 1024 esse
788 1002 851 1025 non
863 994 1017 1034 judicavi;
1033 995 1107 1035 quia
1125 996 1159 1026 in
1174 1004 1224 1033 eo,
1241 1005 1335 1036 quem
1351 996 1427 1028 olim
1441 996 1591 1028 Pessinus
1604 995 1688 1036 typis
1701 994 1884 1026 Barberinis

235 1045 345 1075 Romaa
363 1044 501 1082 excudit,
517 1045 624 1077 Victor
638 1045 855 1077 Antiochenus
871 1046 916 1087 (ut
931 1051 1014 1078 certe
1033 1047 1225 1089 inscribitur)
1241 1052 1351 1080 auctor
1368 1049 1410 1080 ait
1427 1049 1588 1080 neminem
1607 1051 1722 1089 praeter
1741 1056 1777 1078 se
1792 1055 1883 1079 com-

234 1097 406 1128 mentarios
423 1097 456 1128 in
470 1099 608 1128 Marcum
624 1098 800 1138 scripsisse.
819 1099 937 1131 Revera
955 1103 1059 1132 autem
1078 1110 1119 1132 ne
1133 1102 1165 1132 in
1185 1101 1341 1133 Vaticanis
1364 1101 1494 1142 quidem
1515 1101 1678 1133 codicibus
1694 1101 1805 1132 Graeca
1819 1100 1883 1131 ulla

234 1148 330 1179 Marci
347 1148 525 1188 explanatio
542 1147 667 1188 legitur,
685 1152 799 1189 printer
819 1150 904 1182 illam
926 1160 1020 1191 quam
1040 1153 1100 1184 sub
1118 1153 1252 1184 Victoris
1267 1153 1396 1184 nomine
1412 1152 1527 1184 editam
1546 1152 1609 1184 dixi
1630 1161 1636 1182 :
1653 1159 1725 1192 quae
1745 1155 1883 1183 caetero-

235 1198 289 1238 qui
302 1198 402 1230 multo
413 1199 574 1239 copiosior
582 1199 661 1231 mihi
671 1201 857 1241 variansque
869 1203 1054 1234 occurrebat
1065 1203 1097 1234 in
1109 1204 1219 1235 codice
1226 1205 1294 1235 Vat.
1305 1204 1375 1242 756,
1390 1213 1449 1236 nec
1461 1213 1525 1236 non
1540 1204 1573 1235 in
1585 1204 1799 1236 Ottoboniano
1814 1203 1881 1241 113,

234 1258 299 1290 quo
317 1250 350 1281 in
369 1253 506 1291 utroque
530 1251 704 1292 exemplari
718 1261 783 1284 non
805 1254 923 1285 Victori
945 1255 978 1286 id
997 1264 1079 1296 opus
1093 1257 1252 1294 tribuitur,
1270 1257 1324 1288 sed
1339 1257 1476 1297 Origeni.
1491 1258 1553 1289 Sed
1577 1260 1682 1288 tamen
1696 1257 1728 1288 in
1747 1256 1882 1288 Ottobo-

234 1300 329 1331 niano
345 1300 425 1332 alius
439 1309 569 1341 quoque
585 1301 765 1333 nominatur
779 1303 872 1343 hujus
887 1304 996 1345 scripti
1008 1309 1118 1337 auctor
1134 1307 1283 1338 Leontius
1298 1308 1426 1339 lEtolus.
1442 1309 1565 1340 Etenim
1585 1309 1640 1341 fol.
1657 1309 1706 1346 49,
1726 1309 1784 1340 ubi
1800 1317 1882 1350 Opus

234 1350 355 1392 incipit,
372 1352 412 1383 ita
429 1360 462 1383 se
478 1352 572 1383 habet
585 1353 694 1384 titulus
709 1363 716 1385 :
739 1355 894 1391 Ὠριγένους
910 1357 995 1393 πρόλοη

1117 1358 1153 1395 ὴν
1168 1359 1318 1396 ἑρμηνείαν
1328 1360 1376 1387 τοῦ
1389 1361 1459 1388 κατὰ
1475 1360 1586 1398 Μάρκον
1601 1362 1679 1397 ἀγίθυ
1695 1362 1878 1397 Εὑαγγελὶου.

233 1402 312 1433 Tum
332 1402 364 1433 in
383 1402 523 1441 margine
537 1403 704 1435 ascribitur
721 1413 727 1435 :
751 1405 883 1442 Ἀλλαχοῢ
897 1408 994 1435 Λεοντῦ

1118 1409 1160 1445 τῆς
1176 1410 1319 1442 Αἰτωλίας.
1335 1411 1416 1442 Ecce
1431 1414 1534 1442 autem
1551 1411 1591 1442 cl.
1615 1411 1735 1451 Anglus
1751 1412 1879 1442 Crame-

234 1465 288 1487 rus
304 1456 337 1487 in
351 1456 475 1488 duobus
488 1465 591 1496 nuper
604 1457 768 1490 Parisiacis
786 1460 959 1501 codicibus,
979 1471 1038 1494 nec
1053 1472 1118 1494 non
1132 1464 1167 1495 in
1180 1464 1366 1502 Bodleiano,
1381 1464 1465 1496 hunc
1479 1465 1511 1495 in
1527 1466 1664 1497 Marcum
1679 1469 1880 1497 commenta-

235 1506 315 1537 rium
339 1506 444 1546 Cyrilli
463 1506 664 1538 Alexandrini
682 1509 813 1540 nomine
829 1512 1052 1550 pratitulatum
1072 1514 1257 1553 observavit,
1278 1519 1309 1547 et
1332 1516 1364 1547 in
1388 1525 1443 1548 sua
1467 1518 1644 1548 catenarum
1670 1515 1751 1547 serie
1771 1517 1881 1548 Graece

234 1565 306 1607 cum
330 1556 550 1607 additamentis
574 1557 716 1590 exhibuit
733 1568 740 1589 1
756 1559 861 1601 deque
878 1570 916 1593 eo
932 1562 1022 1595 titulo
1037 1564 1102 1595 sive
1121 1569 1250 1597 auctore
1268 1566 1410 1598 modeste
1424 1576 1459 1599 ac
1475 1567 1567 1598 docte
1585 1566 1618 1598 in
1633 1576 1698 1598 suae
1715 1566 1881 1607 prmfatio-

234 1606 283 1637 nis
297 1605 382 1637 calce
399 1605 558 1637 disseruit.
574 1607 808 1640 Verumtamem
822 1609 891 1642 haec
906 1619 965 1642 nos
984 1611 1134 1645 historice
1150 1618 1270 1646 tantum
1286 1624 1465 1654 narramus;
1482 1626 1587 1658 neque
1602 1618 1685 1649 enim
1700 1605 1785 1649 inter
1800 1628 1880 1658 qua-

234 1660 306 1709 tuor
327 1657 396 1688 hac
419 1657 559 1695 nomina,
584 1657 742 1697 Origenis,
760 1660 877 1700 Cyrilli,
901 1661 1036 1694 Victoris
1050 1666 1144 1703 atque
1173 1666 1306 1704 Leontii,
1331 1657 1544 1707 interponere,
1559 1671 1701 1699 nostrum
1721 1657 1880 1709 judicium

233 1708 389 1740 volumus.
410 1709 595 1749 Quanquam
612 1711 637 1741 si
655 1719 689 1743 ea
709 1712 814 1750 potius
832 1721 871 1743 ex
894 1713 1024 1748 diversis
1047 1716 1191 1749 Patribus
1205 1719 1317 1750 catena
1340 1723 1402 1756 est,
1422 1723 1456 1750 ut
1478 1720 1552 1751 satis
1574 1708 1878 1760 constarervidetur,

234 1770 328 1802 quam
352 1762 447 1793 unius
471 1762 609 1794 hominis
632 1763 820 1802 lucubratio,
838 1774 934 1797 nemo
952 1767 1018 1807 jam
1044 1770 1208 1802 mirabitur
1226 1773 1345 1804 variare
1371 1773 1405 1804 in
1422 1773 1518 1805 titulis
1543 1776 1672 1806 nomina
1698 1780 1878 1808 auctorum.

233 1813 316 1868 Mihi]
342 1823 401 1868 nos
416 1815 519 1868 igitur
536 1816 642 1856 Cyrilli
666 1817 704 1848 ad
724 1818 818 1849 Marci
834 1820 1039 1859 Evangelium
1064 1823 1269 1863 proferimus;
1287 1826 1547 1867 quandoquidem
1567 1837 1637 1868 quae
1661 1828 1693 1859 in
1713 1829 1879 1861 codicibus

232 1864 390 1919 Vaticanis
415 1865 609 1897 incrementa
629 1871 733 1905 erant.
751 1877 788 1899 ea
810 1878 914 1910 neque
929 1872 1034 1912 Cyrilli
1060 1882 1176 1906 nomen
1201 1864 1330 1915 gerunt,
1354 1864 1459 1918 neque
1482 1879 1546 1919 jam
1568 1864 1640 1918 post
1663 1879 1878 1912 Oxoniensem

233 1915 357 1971 librum.
368 1917 527 1972 incognita
545 1922 629 1972 sunt.
645 1920 705 1950 Sed
722 1929 796 1952 ecce
819 1921 947 1954 demum
962 1925 1066 1965 Cyrilli
1083 1929 1217 1965 grandes
1234 1933 1264 1960 et
1279 1915 1425 1960 indubias
1439 1915 1607 1965 ad’Luca-m
1626 1932 1877 1971 lucubrationes,

231 1968 265 2026 ip
281 1968 445 2026 superiore
464 1968 624 2026 volumine
647 1979 706 2026 nos
720 1971 781 2012 ipsi
798 1973 965 2008 edidimus.
990 1979 1034 2010 Ad
1048 1980 1178 2012 Joannis
1192 1981 1392 2021 Evangelium
1409 1986 1508 2014 exstat
1524 1994 1655 2024 magnus
1674 1986 1780 2026 Cyrilii
1795 1989 1878 2019 duo-

232 2016 334 2047 decim
351 2017 439 2075 libris
454 2020 716 2058 commentarius;
733 2023 788 2053 sed
805 2023 877 2063 quia
893 2026 1018 2065 septimi
1033 2031 1064 2059 et
1083 2030 1184 2060 octavi
1198 2030 1270 2061 libri
1279 2016 1407 2068 lacuna,
1429 2034 1554 2065 nonnisi
1570 2016 1631 2075 ope
1645 2016 1764 2068 catena}
1779 2038 1877 2070 Galli-

233 2077 320 2099 canae
344 2069 654 2128 e’xpleta'utcunque
669 2073 783 2128 fuerat,
807 2076 866 2108 alia
893 2079 971 2110 mihi
997 2081 1218 2122 supplementa
1241 2084 1367 2116 inventa
1395 2088 1477 2123 sunt,
1500 2095 1570 2126 qum
1591 2069 1694 2128 neque
1718 2090 1878 2122 Aubertus

232 2129 338 2179 neque
357 2120 523 2179 tiordnerius
546 2122 579 2153 in
600 2126 756 2179 excerptis
773 2127 962 2167 habuerunt,
979 2135 1009 2162 et
1028 2120 1214 2172 praedictum
1231 2134 1454 2167 detrimentum
1472 2120 1693 2168 vminuunthd
1709 2120 1877 2179 apostolo:

232 2180 302 2202 rum
317 2172 410 2202 Actus
428 2171 605 2211 fragmenta
627 2175 732 2215 Cyrilli
749 2186 929 2217 paraveram
953 2171 1137 2215 (Ecumenio
1154 2184 1329 2223 incognita;
1351 2186 1405 2217 sed
1428 2195 1463 2218 ea
1483 2187 1611 2219 demum
1635 2171 1739 2228 omisi:
1761 2195 1879 2231 prater

232 2232 342 2284 imum,
357 2228 525 2284 postquam
542 2228 677 2284 cognoin
692 2238 828 2270 nuperos
841 2233 879 2263 ad
895 2241 965 2266 eum
983 2234 1095 2267 librum
1111 2246 1147 2267 ex
1163 2239 1280 2270 catenis
1293 2240 1500 2272 accessiones.
1516 2241 1679 2273 Postremo
1695 2243 1734 2274 ad
1750 2228 1877 2284 Apoca-

232 2275 338 2315 lypsin
357 2276 434 2307 nihil
457 2276 560 2308 habeo
578 2277 682 2317 Cyrilli
702 2280 788 2319 quod
809 2282 949 2313 atteram.

272 2326 323 2381 ill.
350 2325 464 2382 Cyrilli
479 2326 720 2383 fra‘g-mentaAat-l
745 2329 806 2383 Ep.
833 2332 1115 2383 rata.—-Cyrillum
1132 2337 1300 2370 catholicas
1315 2348 1443 2381 quoque
1462 2343 1615 2383 Epistolas
1639 2348 1877 2380 commentariis

232 2375 296 2431 suis
312 2376 482 2432 ornavisse,
498 2377 571 2407 satis
590 2379 756 2436 constabat
775 2380 858 2420 apud
871 2382 1146 2436 Montfauconium
1161 2387 1311 2420 Biblioth.
1325 2375 1473 2430 .Coislinq
1487 2375 1522 2436 ξ).
1543 2395 1609 2433 163,
1626 2375 1680 2427 ubi

232 2426 542 2483 quissimo‘m‘iroque
559 2428 670 2459 codice
685 2429 767 2467 CClI,
783 2432 890 2462 seaculi
905 2433 980 2464 vvel
995 2443 1039 2471 vi,
1057 2440 1163 2468 narrat
1183 2442 1304 2471 exstare
1319 2444 1384 2472 tum
1401 2426 1534 2475 aliorum
1546 2426 1684 2483 Patrum,
1699 2449 1766 2478 tum
1781 2449 1875 2480 etiam

232 2475 482 2531 (lyrilli‘scholia,
498 2486 569 2518 quae
592 2482 697 2510 tamen
722 2480 790 2520 ipse
809 2490 873 2512 non
893 2484 1013 2516 recitat.
1031 2485 1092 2517 Sed
1111 2489 1196 2519 enim
1212 2491 1377 2531 complura
1401 2493 1453 2524 dat
1476 2475 1689 2526 Cramerusﬂin
1702 2475 1876 2530 catena-«ad

233 2527 401 2559 catholicas
420 2538 523 2590 nuper
546 2531 659 2563 Oxonii
682 2533 776 2565 edita.
803 2535 868 2575 Ego
888 2546 962 2568 vero
981 2548 1053 2570 cum
1078 2534 1184 2581 Cyrilli
1209 2527 1326 2575 nomen
1351 2545 1383 2575 in
1401 2546 1557 2578 Vaticanis
1585 2548 1624 2578 ad
1642 2556 1694 2579 eas
1717 2550 1877 2590 Epistolas

233 2581 594 2641 gemmentariisli‘custra
610 2585 805 2641 qumsissem,
822 2589 947 2620 tandem
968 2590 1017 2622 his
1031 2592 1143 2625 diebus
1157 2596 1282 2634 gemina
1299 2598 1402 2638 reperi
1417 2599 1522 2639 Cyrilli
1541 2601 1578 2631 ad
1595 2601 1728 2641 primam
1742 2581 1876 2636 :loannis

232 2628 403 2690 iipistolam
426 2630 556 2690 scholia,
577 2640 648 2671 quea
667 2633 770 2666 fausto
795 2646 870 2668 casu
894 2643 1087 2675 conservavit
1111 2628 1176 2675 Leo
1197 2628 1345 2685 patricius
1364 2651 1394 2679 et
1420 2628 1555 2680 caniclei
1574 2628 1755 2690 pimfcctus'

232 2681 349 2713 inedita
373 2683 537 2724 utriusque
554 2685 744 2719 Testamenti
764 2691 933 2722 summaria
953 2694 1164 2734 expositione,
1190 2681 1280 2738 cujus
1304 2699 1379 2731 olim
1405 2702 1466 2732 Lco
1489 2681 1618 2735 Allatius
1639 2704 1682 2734 De
1699 2705 1874 2745 Engastri-

232 2762 430 2829 mirifica
446 2765 1024 2830 ira?‘3.5:;.2reiicgzaaassm
1077 2779 1763 2830 i’fffwé‘;°”‘if"3-:R;;‘F°:ﬁt???ed

234 2807 332 2838 manis,
351 2807 369 2825 ι.
391 2807 474 2839 Vliet
491 2807 543 2830 Vill
558 2807 722 2840 Scriptorum
739 2811 866 2841 veterum,
881 2813 908 2836 et
924 2810 993 2838 iteru

232 2833 420 2868 protulitcum
437 2840 663 2873 interpretatione
685 2841 778 2869 Latina
801 2843 827 2870 in
846 2849 865 2872 ι.
885 2845 907 2872 li
921 2845 990 2874 Biin

1113 2821 1141 2845 ll,
1164 2814 1212 2857 26._
1227 2807 1269 2857 rex
1278 2807 1399 2846 linere-rh.

1110 2849 1149 2876 iud
1162 2849 1214 2878 Mai
1229 2852 1308 2884 ibid..
1323 2861 1349 2884 ι).
1365 2855 1425 2882 6-22.
