1929 3042
53 125 99 152 105
744 128 1002 157 PRAZFATIONES.
1632 131 1682 159 1οῦ

51 170 163 210 mylho,
179 179 275 212 capp.
291 171 310 202 9
331 174 363 203 et
388 171 437 210 20,
462 173 549 205 locos
564 175 626 205 tres
646 174 796 213 recitavit,
821 175 875 215 qui
898 175 936 206 ad
958 177 1147 207 Testamenti
1170 177 1290 207 Veteris
1312 176 1407 207 libros
1426 179 1578 218 spectant.
1603 177 1683 213 Quin

50 223 125 254 adeo
139 222 172 254 in
194 223 362 256 codicibus
389 234 518 266 quoque
542 226 843 258 Vindobonensibus
870 226 922 258 157
959 231 989 258 et
1010 227 1086 265 230,
1116 228 1198 268 apud
1220 228 1430 266 Lambecium,
1458 228 1543 260 idem
1570 229 1684 260 Leonis

51 273 170 313 patricii
183 282 267 314 opus
282 275 434 307 servatur.
448 275 524 307 Mihi
539 276 667 316 quidem
683 276 746 307 duo
762 276 904 316 praedicti
920 276 1026 316 operis
1040 276 1165 307 codices
1180 277 1317 308 Vaticani
1332 277 1486 318 comperti
1500 280 1584 315 sunt,
1601 285 1683 317 quo-

51 333 116 356 rum
134 324 217 356 alter
237 325 394 365 integrior
417 325 541 364 gemina
565 334 635 366 quae
659 325 724 356 dixi
740 325 844 366 Cyn’lli
868 326 986 358 scholia
1013 327 1232 367 suppeditavit.
1250 327 1398 368 (Alterum
1418 336 1546 368 quoque
1570 326 1686 358 diversi

51 376 174 416 generis
188 376 269 407 mihi
281 377 315 408 in
330 377 475 409 manibus
491 379 537 408 est
549 377 663 409 Leonis
678 378 835 424 κειμήλιονἱ
849 378 904 409 sed
919 378 986 418 ejus
999 378 1168 419 descriptio
1183 383 1307 420 tempus
1320 379 1405 411 aliud
1421 379 1685 420 occasionemquc

51 426 212 468 postulat.)
230 428 332 466 Nunc,
350 432 410 460 etc.
432 429 493 459 Hic
515 428 618 459 editor
634 430 792 460 Romanus
814 430 994 469 fragmenta
1018 430 1078 461 duo
1094 431 1227 470 profert,
1254 440 1319 471 quae
1339 429 1404 461 loco
1420 441 1475 462 suo
1493 431 1683 462 exhibemus.

55 477 122 508 I't'd.
144 477 186 508 ad
204 479 224 508 Ι
239 479 333 509 Ιοαη.
349 487 370 515 1,
390 479 418 517 5,
436 483 463 509 et
481 487 516 516 II,
535 477 582 508 13.

88 529 117 560 4.
135 530 252 569 Cyrilli
266 541 373 561 comm.
392 532 425 562 in
440 531 489 563 IV
509 528 601 563 Pauli
616 532 701 570 Epp.
719 548 756 553 --
775 531 900 571 Reliqui
918 540 993 571 ergo
1009 531 1087 563 mihi
1104 531 1232 563 fuerunt
1249 533 1282 564 in
1294 533 1407 564 Vetere
1435 533 1562 574 quidem
1576 535 1683 564 Testa-

50 584 171 619 mento,
188 581 270 613 liber
285 582 497 619 Psalmorum;
515 582 548 613 in
563 581 663 619 Novo,
680 581 768 613 Pauli
788 581 947 621 Epistolas,
966 581 1005 613 ad
1024 591 1102 622 quas
1120 582 1232 613 divinw
1249 583 1416 624 Scriptura:
1432 586 1536 624 partes
1553 583 1684 624 praecla-

50 641 114 663 ram
125 632 255 672 aedepol
265 632 371 672 Cyrilli
382 632 635 672 explanationem
651 631 769 662 inveni.
784 633 885 671 Atque
899 634 932 662 ut
947 631 986 662 de
1005 632 1091 663 Pauli
1103 632 1248 671 Epistolis
1263 633 1399 673 primum
1408 634 1565 671 dicam,in
1579 634 1631 666 illa
1646 633 1687 666 ad

49 685 225 722 Romanos,
246 684 278 715 in
293 687 426 724 utraque
451 683 490 714 ad
505 682 693 720 Corinthios,
720 682 860 722 itemque
876 682 915 713 ad
929 682 1081 714 Hebraeos
1109 683 1181 714 satis
1200 692 1352 723 prospera
1368 684 1494 716 fortuna
1507 694 1581 716 usus
1596 694 1684 716 sum:

49 735 81 766 in
95 734 230 775 reliquis
251 742 432 774 quanquam
451 741 503 763 eas
514 732 661 772 Cyrillum
678 732 791 772 partim
807 731 916 762 saltem
945 732 1114 763 illustrasse
1126 737 1322 774 compertum
1334 738 1389 771 est,
1407 734 1484 766 nihil
1498 743 1557 775 ego
1570 737 1685 777 reperi,

50 792 166 828 praeter
195 786 318 826 singula
339 786 514 825 fragmenta
545 785 583 816 ad
604 784 726 816 Galatas
745 787 776 815 et
794 784 832 815 ad
846 783 1057 816 Colossenses.
1074 787 1171 825 Igitur
1184 790 1218 817 ut
1233 787 1264 817 in
1274 791 1408 827 quatuor
1421 788 1580 827 Epistolis,
1609 798 1688 829 quas

50 840 124 876 dixi,
150 839 280 875 sistam,
307 837 408 869 codex
438 837 606 867 Vaticanus
634 836 724 867 valde
744 835 913 876 pretiosus,
931 836 1037 868 saeculi
1067 837 1166 868 ferme
1190 847 1247 875 xu,
1265 839 1405 878 egregias
1437 838 1514 870 mihi
1529 840 1686 879 Cyrilliani

50 890 272 923 commentarii
286 892 392 930 partes
404 891 442 920 ad
470 890 562 920 Rom.
593 891 624 919 et
640 887 679 918 ad
709 887 849 918 Corinth.
866 888 880 917 Ι
895 888 963 918 etII
977 890 1205 929 suppeditavit;
1221 899 1298 930 quas
1312 899 1370 929 ego
1386 890 1552 930 diligenter
1568 892 1686 924 exscri-

50 947 131 983 ptas,
151 941 410 982 adnotationibus
439 941 532 971 etiam
561 941 655 980 prout
670 947 751 979 opus
774 938 833 969 fuit
853 939 1021 971 instructas
1033 965 1040 978 ,
1058 944 1088 972 et
1102 942 1210 973 Latina
1226 943 1485 982 interpretatione
1501 944 1641 982 donatas,
1653 945 1687 976 in

50 995 156 1035 priore
171 993 344 1024 voluminis
358 996 446 1032 parte
459 992 543 1032 typis
558 991 709 1032 expressi.
726 992 768 1022 De
782 991 933 1023 doctrinis
948 1001 1021 1038 vero
1036 994 1141 1032 Cyrilli
1164 995 1344 1035 praecipuis,
1359 999 1426 1027 tum
1436 996 1468 1027 in
1480 997 1688 1028 adnotationi-

51 1048 108 1078 bus
143 1049 211 1077 tum
240 1046 274 1076 in
301 1045 407 1076 indice
440 1045 577 1076 lectores
607 1043 769 1075 admonui.
799 1045 911 1083 Magna
937 1045 1085 1084 equidem
1122 1046 1281 1086 voluptate
1311 1047 1451 1086 fruebar,
1468 1048 1543 1079 dum
1569 1052 1687 1080 tantam

51 1097 305 1136 praestantissimi
335 1097 442 1137 Cyrilli
474 1099 596 1137 partem
635 1104 674 1127 ex
706 1104 745 1127 eo
779 1096 890 1127 codice
921 1105 1094 1135 eruerem;
1129 1099 1226 1138 idque
1254 1108 1313 1139 ego
1345 1100 1441 1140 paulo
1467 1104 1541 1141 post
1568 1110 1686 1133 annum

53 1147 122 1179 1841
152 1148 331 1182 eth'ciebam
357 1158 365 1180 :
397 1149 514 1180 etenim
542 1148 625 1179 intra
655 1147 717 1180 hoc
753 1148 954 1186 octennium,
987 1158 1088 1189 usque
1117 1150 1156 1181 ad
1197 1151 1290 1189 1849,
1322 1153 1464 1192 quinque
1495 1153 1563 1185 haec
1592 1154 1688 1186 Novae

49 1201 183 1230 Patrum
212 1199 408 1230 bibliotheca:
435 1199 595 1231 volumina
623 1198 827 1237 adornabam,
847 1199 1024 1240 interrupto
1039 1199 1212 1232 identidem
1231 1206 1361 1243 propter
1374 1203 1450 1234 alias
1462 1205 1686 1245 occupationes

50 1253 168 1284 labore.
185 1253 320 1284 Interim
334 1261 409 1284 vero
425 1262 463 1284 ex
477 1252 586 1292 Anglia
601 1254 727 1283 catenas
740 1253 866 1283 Patrum
880 1253 1000 1293 accepi,
1016 1262 1087 1294 quae
1101 1255 1208 1286 Graece
1222 1258 1342 1287 tantum
1358 1265 1375 1288 a
1388 1257 1427 1289 cl.
1442 1259 1470 1289 J.
1489 1260 1524 1289 A.
1541 1260 1686 1295 Cramero

50 1303 137 1334 annis
156 1303 233 1334 1841
256 1307 287 1334 et
308 1303 384 1334 1844
408 1303 670 1343 imprimebantur
686 1311 693 1332 :
710 1302 764 1332 ubi
785 1301 871 1342 quod
888 1302 997 1333 attinet
1011 1303 1051 1333 ad
1077 1304 1249 1344 Epistolam
1264 1307 1352 1337 Pauli
1365 1309 1404 1339 ad
1414 1308 1586 1347 Romanos,
1603 1313 1633 1341 et
1647 1311 1686 1341 ad

49 1352 228 1384 Corinthios
244 1353 390 1393 primam,
404 1357 510 1392 partes
526 1360 612 1383 meas
631 1351 736 1392 Cyrilli
751 1352 928 1389 Vaticanas,
943 1361 1020 1393 quas
1028 1353 1093 1393 jam
1101 1354 1333 1394 impresseram,
1363 1358 1427 1390 vidi
1441 1368 1511 1390 cum
1526 1360 1588 1391 illis
1607 1370 1685 1392 con-

48 1407 237 1448 temporalis
252 1407 286 1437 in
301 1406 411 1446 Anglia
426 1406 556 1437 editoris
577 1405 693 1446 passim
713 1413 887 1444 congruere
900 1406 1092 1446 (quanquam
1113 1408 1205 1438 etiam
1233 1410 1352 1440 catenis
1373 1410 1568 1451 incognitum
1582 1414 1688 1453 Cyrilli

47 1463 183 1491 tractum
194 1458 396 1498 Nicephorus
408 1457 500 1488 nobis
511 1456 722 1497 suppeditavit
736 1456 775 1487 ad
789 1465 860 1496 cap.
869 1455 915 1496 x),
926 1464 992 1488 non
1001 1457 1043 1487 ita
1056 1460 1162 1488 tamen
1178 1459 1211 1489 in
1226 1460 1364 1492 secunda
1378 1462 1416 1493 ad
1430 1463 1617 1498 Corinthios,
1632 1465 1688 1496 ubi
1735 1473 1739 1477 '

47 1512 149 1552 Cyrilli
167 1514 277 1552 partes
298 1510 456 1542 Vaticana:
478 1509 556 1540 nihil
579 1509 696 1540 habent
719 1509 848 1548 Anglico
874 1509 955 1540 libro
983 1509 1085 1541 simile
1102 1519 1109 1541 :
1124 1511 1241 1542 etenim
1267 1512 1403 1543 Crameri
1416 1513 1518 1545 codex
1532 1515 1636 1555 Cyrilli
1648 1516 1688 1547 ad

47 1565 126 1596 hanc
139 1562 320 1603 Epistolam
336 1570 426 1592 curas
438 1569 568 1601 prorsus
583 1560 792 1591 desiderabat.
811 1560 872 1592 Sed
885 1561 968 1592 enim
983 1561 1017 1593 in
1033 1562 1192 1603 prioribus
1202 1573 1331 1605 quoque
1345 1565 1432 1597 Pauli
1445 1567 1591 1608 Epistolis
1618 1570 1687 1602 edi~

46 1617 88 1648 tio
98 1624 174 1647 mea
188 1614 266 1645 satis
281 1614 314 1645 in
331 1613 393 1645 hoc
407 1613 522 1650 ditt‘ert,
536 1613 622 1653 quod
638 1612 787 1652 Cyrillum
802 1622 820 1644 a
833 1613 1029 1654 reliquorum
1050 1615 1258 1657 interpretum
1273 1619 1363 1650 turba
1389 1628 1531 1652 seorsum
1547 1622 1686 1662 exhibet,

47 1671 74 1700 et
89 1677 165 1700 cum
179 1666 445 1707 interpretatione
458 1665 578 1703 Latina,
597 1674 692 1705 quam
707 1665 855 1705 Anglicus
873 1666 952 1697 liber
967 1667 1086 1698 nullam
1101 1668 1205 1700 habet.
1224 1670 1387 1702 Postremo
1402 1681 1498 1713 super
1516 1675 1687 1714 Epistolam

44 1720 81 1751 ad
98 1720 258 1750 Hebraeos
272 1717 352 1749 nihil
363 1717 466 1758 Cyrilli
476 1717 553 1748 mihi
559 1717 800 1758 suppeditabant
810 1717 937 1749 codices
947 1719 1143 1760 Vaticani(a);
1158 1721 1363 1753 memineram
1377 1727 1493 1762 tamen,
1505 1734 1555 1757 me
1565 1727 1686 1758 Medio-

43 1770 108 1802 lani
118 1771 152 1802 in
168 1769 365 1801 bibliotheca
379 1768 582 1799 Ambrosiana
606 1768 682 1799 olim
698 1769 812 1799 vidisse
834 1769 976 1801 codicem
1001 1771 1076 1801 satis
1090 1771 1230 1812 amplum
1253 1771 1297 1813 (E.
1313 1773 1361 1811 63,
1381 1780 1460 1814 part.
1475 1775 1559 1815 int),
1575 1776 1607 1807 in
1623 1787 1686 1818 quo

45 1825 176 1855 Patrum
189 1824 376 1854 Graecorum
391 1824 500 1852 catena
514 1821 546 1851 in
561 1821 733 1870 Epistolam
744 1821 782 1852 ad
796 1821 947 1853 Hebraeos
966 1823 1196 1855 continebatur.
1215 1825 1324 1866 Itaque
1336 1835 1407 1857 cum
1433 1826 1507 1858 inde
1531 1829 1687 1870 quidquid

45 1876 112 1903 erat
129 1871 251 1912 Cyrilli,
267 1870 406 1909 benigne
420 1870 630 1901 annuentibus
646 1869 706 1900 loci
720 1870 917 1910 praesidibus,
933 1871 1010 1902 mihi
1035 1881 1159 1904 sumere
1183 1873 1403 1914 decrevissem,
1424 1879 1565 1909 catenam
1579 1887 1596 1910 a
1613 1869 1686 1911 Cra-

47 1929 135 1952 mero
148 1921 269 1952 editam
281 1929 354 1952 cum
368 1920 421 1951 illa
435 1919 660 1951 Mediolanensi
675 1919 807 1952 fortasse
827 1929 1003 1961 congruere
1019 1923 1194 1963 suspicatus
1211 1933 1292 1964 sum,
1309 1929 1341 1958 et
1367 1927 1512 1967 inspecto
1533 1928 1614 1962 libro
1629 1939 1685 1962 co—

49 1971 171 2010 gnitum
189 1973 250 2008 est,
264 1979 304 2001 ex
323 1970 445 2002 duabus
472 1979 490 2002 a
504 1970 598 2002 docto
606 1970 706 2009 Anglo
720 1971 758 2002 ad
778 1972 962 2011 praedictam
984 1973 1155 2013 Epistolam
1175 1976 1293 2008 catenis
1309 1977 1413 2015 editis,
1431 1979 1537 2019 priore
1552 1980 1685 2021 integra,

49 2023 144 2054 altera
157 2026 282 2054 tantum
297 2022 427 2054 dimidia
446 2025 578 2063 propter
596 2022 715 2054 codicis
746 2023 904 2061 Parisiaci,
927 2024 1012 2056 unde
1032 2031 1158 2066 sumpta
1168 2027 1238 2062 fuit,
1252 2027 1426 2068 defectum;
1452 2031 1625 2070 cognitum,
1640 2034 1688 2064 in-

50 2081 156 2112 quam,
173 2077 221 2104 est
240 2072 322 2104 hanc
338 2073 467 2104 alteram
477 2073 631 2112 integram
645 2082 714 2104 esse
731 2073 762 2104 in
786 2074 896 2106 codice
913 2075 1150 2115 Mediolanensi,
1166 2080 1256 2118 cujus
1271 2087 1333 2118 Ope
1361 2084 1504 2121 optatum
1515 2083 1569 2114 diu
1580 2085 1687 2124 Cyrilli

49 2124 308 2163 supplementum
320 2123 471 2163 consequi
490 2127 644 2164 poteram.
656 2124 864 2160 Quamobrem
883 2125 1039 2165 postulavi
1054 2135 1071 2158 a
1086 2128 1126 2158 R.
1138 2128 1172 2158 D.
1189 2130 1344 2161 canonico
1364 2131 1504 2172 Josepho
1515 2123 1684 2172 Robbiato,

50 2173 166 2213 linguae
177 2174 295 2204 Graecae
311 2174 436 2213 egregie
451 2174 565 2214 perito,
583 2178 614 2205 et
628 2174 769 2213 legendis
782 2175 945 2207 codicibus
955 2178 1098 2216 apprime
1110 2179 1238 2217 idoneo,
1250 2183 1286 2211 ut
1297 2181 1373 2212 mihi
1388 2188 1572 2223 excerperet
1581 2186 1687 2225 Cyrilli

50 2228 155 2264 partes
170 2225 205 2256 in
221 2225 390 2256 Parisiensi
405 2226 514 2257 codice
532 2225 725 2257 desideratas
743 2235 749 2257 :
771 2227 857 2267 quod
873 2228 949 2259 dum
974 2229 1028 2260 ille
1053 2230 1282 2264 studiosissime
1308 2232 1437 2272 faceret,
1454 2238 1539 2267 recte
1560 2238 1686 2276 agnovit

50 2275 208 2315 permulta
223 2284 261 2306 ex
275 2285 314 2307 eo
330 2276 434 2315 Cyrilli
444 2276 671 2308 commentario
688 2281 849 2316 segmenta
863 2279 903 2310 ad
920 2279 1005 2310 illius
1016 2280 1099 2312 edita
1116 2290 1213 2322 opera
1237 2284 1408 2323 pertinere,
1432 2286 1490 2316 etsi
1507 2275 1686 2326 insignibus

49 2335 121 2358 cum
141 2326 357 2361 varietatibus.
372 2327 517 2365 detractis
530 2328 678 2358 nimirum
692 2332 745 2360 aut
760 2330 906 2362 breviatis
921 2331 1039 2370 multis,
1055 2334 1182 2365 mutatis
1210 2335 1383 2372 nonnullis,
1400 2339 1434 2367 ut
1447 2337 1480 2367 in
1501 2337 1686 2378 huiusmodi

49 2379 208 2418 execr-ptis
239 2378 406 2408 usuvenire
435 2379 525 2408 solet.
543 2378 605 2408 Sed
629 2382 732 2410 tamen
759 2382 875 2412 tractus
888 2389 1017 2422 quoque
1033 2383 1214 2424 complures
1239 2385 1273 2416 in
1297 2386 1406 2417 codice
1425 2387 1561 2426 inerant,
1582 2389 1638 2429 qui
1653 2389 1686 2421 in

49 2429 145 2460 nullis
161 2428 268 2468 Cyrilli
281 2428 473 2459 editionibus
487 2428 632 2460 videntur
651 2438 828 2462 occurrere.
1593 2428 1600 2429 ί
1666 2463 1669 2467 λ

88 2481 202 2511 Utrum
210 2487 287 2511 vero
301 2479 370 2519 ipse
385 2479 515 2519 Cyrillus
532 2481 649 2521 scripta
661 2490 716 2512 sua
732 2481 764 2513 in
781 2482 911 2515 diversis
924 2485 1125 2525 propriorum
1140 2495 1272 2527 cperum
1287 2487 1365 2519 locis
1379 2489 1632 2529 repetiverit,'an
1650 2500 1684 2523 ea

50 2539 99 2582 res
113 2530 221 2572 potius
235 2532 616 2582 catenarumAauctoribus
628 2533 794 2566 tribuenda
810 2535 860 2572 sit,
876 2537 988 2568 merito
1005 2539 1183 2578 ambigitur.
1198 2539 1290 2570 Certe
1312 2540 1364 2580 qui
1378 2541 1482 2582 ampla
1504 2542 1610 2581 Cyrilli
1627 2551 1685 2574 vo-

50 2579 170 2631 lumina
186 2579 410 2620 pervolutabit,
422 2580 507 2612 haud
519 2590 591 2613 raro
609 2584 782 2623 comperiet
793 2593 860 2616 rem
875 2587 1029 2625 eamdem,
1045 2589 1218 2628 prtesertim
1237 2579 1457 2630 dogmaticam,
1473 2579 1580 2623 multis
1594 2593 1683 2631 locis,

50 2629 161 2662 iisdem
173 2631 408 2671 propemodum
419 2631 527 2669 verbis
536 2632 584 2662 vel
600 2635 684 2664 certe
699 2636 862 2666 sententiis
875 2636 914 2667 ab
928 2641 1054 2669 auctore
1065 2639 1262 2677 inculcatam,
1274 2629 1348 2681 puta
1362 2641 1395 2672 in
1417 2642 1585 2681 Thesauro,
1596 2645 1630 2676 in
1646 2629 1684 2676 li;

50 2681 112 2712 bris
126 2681 374 2734 De‘adoratigne
387 2682 422 2734 in
437 2691 485 2722 sp.
511 2691 547 2712 ac
575 2692 654 2720 cer.,
669 2683 702 2714 in
719 2684 907 2724 Glaphyris,
926 2686 960 2717 in
977 2686 1162 2726 dogmaticis
1180 2689 1219 2720 ad
1234 2690 1445 2723 Theodosium
1461 2696 1492 2723 et
1508 2693 1547 2724 ad
1562 2695 1686 2734 reginas

50 2731 242 2768 tractatibus,
259 2731 302 2762 ad
313 2732 485 2770 Hcrmt'am,
498 2737 608 2763 contra
618 2734 808 2773 Nestorium,
823 2739 852 2767 et
867 2736 1006 2777 denique
1020 2739 1054 2769 in
1068 2739 1223 2771 Homiliis.
1247 2742 1357 2782 Itaque
1372 2742 1440 2774 fieri
1457 2748 1559 2784 potest
1574 2731 1614 2776 ut
1625 2747 1684 2786 Cy-

49 2782 135 2814 rillus
144 2783 220 2814 dum
231 2783 266 2814 in
276 2783 358 2814 hanc
372 2784 459 2815 Pauli
478 2785 649 2825 Epistulam
666 2790 827 2826 postremo
839 2787 971 2820 fortasse
985 2793 1130 2830 tempore
1150 2796 1432 2832 commentaretur,
1448 2782 1487 2826 iis
1500 2782 1684 2836 aliquando.

76 2834 120 2880 te.)
135 2835 281 2880 ‘l'ﬁcnnql'la
300 2836 561 2880 tamennfragmenta
581 2838 609 2865 in
630 2838 715 2874 Epist.
732 2840 765 2868 ad
786 2840 869 2869 Hebr.
898 2849 930 2869 ex
963 2843 1105 2872 codicibus
1129 2844 1268 2873 Vaticanis
1296 2846 1420 2875 ediderat
1447 2848 1534 2876 Maius
1553 2834 1633 2876 tonio
1663 2849 1685 2880 ιι

49 2869 214 2899 Bibliotheca
230 2871 322 2904 Νουω,
338 2879 364 2906 p.
453 2869 466 2872 ν
654 2869 663 2874 ι
986 2869 1005 2870 Π
1034 2869 1067 2871 rm
1078 2869 1104 2872 ﬁ
1139 2869 1268 2873 "HN—ﬂ“
1298 2869 1420 2875 “nam.”
1447 2869 1523 2892 mm":

169 2921 314 2952 Pauor.
337 2921 394 2951 Gn.
415 2922 546 2953 LXVIII.
1449 2932 1468 2958 α
