1929 3042
247 143 297 172 107
910 140 1011 168 CARD.
1032 140 1108 168 ANG.
1133 140 1190 167 MAI
1823 135 1874 164 l08

244 207 315 240 qua)
325 198 401 231 olim
420 198 597 238 scripserat,
610 196 725 227 abusus
745 199 784 226 sit
801 205 807 226 :
825 195 872 227 vel
889 199 998 227 contra
1012 196 1095 227 idem
1115 194 1259 235 Cyrillus,
1271 204 1297 226 sx
1313 197 1403 226 antea
1423 193 1553 226 fortasse
1571 194 1603 226 in
1616 203 1683 228 eam
1700 196 1878 237 Epistolam

244 251 423 291 scripserat,
436 247 596 280 nonnullis
613 247 686 278 inde
705 247 812 278 rivulis
827 256 881 278 eos
895 256 975 287 quos
989 247 1123 278 habebat
1133 247 1166 277 in
1186 246 1331 278 manibus
1344 246 1440 278 libros
1455 247 1640 286 irrigaverit.
1655 247 1699 278 Ex
1714 255 1780 287 quo
1796 256 1875 279 con-

242 302 349 341 tigisse
365 300 485 331 videtur
498 302 532 330 ut
545 298 642 330 iidem
657 298 816 330 interdum
831 300 948 329 tractus
962 297 1021 328 sub
1039 297 1234 328 diversorum
1248 296 1400 328 librorum
1419 297 1517 328 titulis
1533 297 1672 328 redeant.
1691 298 1753 328 Sed
1770 300 1878 329 tamen

242 355 422 383 catenarum
438 358 567 390 quoque
589 349 795 380 sarcinatores
819 347 944 380 easdem
968 347 1036 378 sine
1059 348 1157 378 dubio
1181 347 1289 387 Cyrilli
1315 347 1516 378 auctoritates
1527 347 1564 378 ad
1576 347 1695 387 plures,
1711 342 1809 388 prout
1829 358 1880 380 res

240 402 371 439 ferebat,
400 400 656 433 lucubrationum
677 409 803 432 suarum
822 401 910 431 locos
922 394 1145 431 adhibuerunt.
1162 401 1207 431 Ne
1222 400 1280 430 sim
1300 400 1461 431 verbosior
1477 399 1510 430 in
1525 408 1559 430 re
1570 399 1756 438 certissima,
1777 409 1879 432 unum

241 451 375 482 narrabo
395 450 482 491 quod
497 450 558 482 hoc
577 451 648 491 ipso
660 451 692 481 in
707 453 851 490 tempore
867 449 1048 490 exemplum
1064 450 1216 490 comperi.
1233 450 1356 481 Etenim
1370 453 1434 481 tum
1458 452 1599 480 catenam
1614 449 1646 480 in
1662 450 1779 481 Lucam
1795 459 1813 481 a
1828 459 1880 482 me

240 503 368 541 editam,
388 507 453 534 tum
464 504 557 534 etiam
580 503 661 534 hanc
676 503 709 539 in
738 503 834 543 Epist.
851 504 889 534 ad
914 502 1023 540 Hebr.,
1046 511 1146 534 unum
1166 502 1377 542 eumdemque
1406 501 1525 533 habere
1542 505 1703 533 auctorem
1719 503 1878 540 Nicetam,

240 554 366 587 codices
379 556 547 587 Vaticanus
561 559 591 586 et
606 555 848 586 Mediolanensis
869 554 1003 586 solemni
1033 555 1124 586 titulo
1141 554 1174 585 in
1194 554 1350 586 frontibus
1368 553 1534 584 aﬂirmant.
1550 554 1618 586 Jam
1638 563 1712 586 vero
1726 564 1802 586 cum
1819 564 1879 595 ego

236 605 273 638 in
283 606 510 638 commentario
526 606 631 647 Cyrilli
653 606 691 637 ad
721 607 835 638 Lucam
848 615 918 646 cap.
934 614 978 644 γι,
996 605 1043 643 13,
1071 605 1178 637 locum
1190 614 1228 636 ex
1239 605 1345 645 Cyrilli
1361 604 1490 635 homilia
1514 604 1679 642 ediderim,
1697 606 1753 645 qui
1766 606 1880 647 incipit

240 664 358 697 Τούτους
385 665 583 700 προανετὺπου,
599 669 699 700 usque
714 660 753 691 ad
768 666 817 700 τὴν
831 665 876 691 ὑπ’
891 664 1001 700 οὐρανόν

1122 668 1206 690 nunc
1222 659 1346 691 Nicetes
1357 658 1390 689 in
1402 661 1512 691 catena
1526 659 1624 700 Epist.
1640 659 1679 689 ad
1694 658 1792 689 Hebr.
1806 667 1878 698 cap.

239 719 286 748 ix,
305 710 334 749 2,
352 712 499 744 eumdem
513 712 619 752 Cyrilli
629 715 764 743 tractum
778 721 816 743 ex
831 711 942 743 eadem
962 711 1148 742 nominatim
1176 710 1307 742 homilia
1323 711 1436 751 repetit
1462 711 1496 742 in
1511 711 1620 743 codice
1634 709 1879 740 Mediolanensi-

235 763 366 795 nonnisi
381 767 487 795 tamen
502 764 679 802 dimidium,
696 772 797 804 usque
811 765 849 796 ad
864 764 994 795 verbum
1010 769 1181 796 παναύνετσλι.
1204 765 1315 804 Itaque
1331 764 1423 795 etiam
1442 763 1527 795 hunc
1547 763 1684 803 primum
1701 761 1812 802 Cyrilli
1830 761 1878 792 lo-

236 823 312 846 cum
330 823 372 845 ex
388 818 474 855 parte
498 815 616 847 codicis
647 815 766 847 inedita
781 817 820 848 ad
841 825 891 848 me
919 816 1096 848 Mediolano
1122 817 1265 855 missum,
1281 816 1379 848 nihilo
1394 819 1498 848 tamen
1513 815 1617 846 minus
1631 822 1690 854 ego
1712 814 1820 852 omisi,
1839 823 1880 845 ne

240 867 410 899 lectoribus
425 868 503 899 meis
525 872 698 908 βιδλεολάθας
711 868 844 900 viderer.

278 931 461 970 Quanquam
480 940 554 963 vero
570 932 635 963 dixi
646 931 762 963 multos
781 940 820 963 ex
835 932 941 971 Cyrillt
956 934 1034 964 iocis
1047 933 1079 964 in
1095 932 1205 964 codice
1219 932 1344 963 Mediol.
1361 933 1463 965 citatis
1482 934 1642 974 pertinere
1657 933 1696 965 ad
1713 932 1798 963 edita
1810 930 1880 970 ejus

239 989 348 1022 opera,
365 987 398 1014 ut
423 983 564 1014 eruditus
580 983 798 1014 animadvertit
823 983 1009 1019 Robbiatus,
1036 984 1210 1024 prwsertim
1228 984 1267 1015 ad
1288 984 1449 1024 Glaphyro
1470 985 1562 1026 (quos
1574 985 1663 1017 locos
1677 984 1798 1015 idcirco
1818 991 1878 1014 nos

239 1033 521 1073 praetermisimus),
537 1041 631 1064 nemo
646 1038 752 1064 tamen
762 1033 938 1074 suspicetur
947 1033 1165 1072 imaginarium
1179 1043 1248 1065 esse
1261 1035 1366 1074 Cyrilli
1378 1035 1410 1066 in
1426 1035 1524 1076 Epist.
1542 1035 1580 1067 ad
1595 1035 1690 1066 Hebr.
1707 1041 1878 1065 commen-

241 1085 364 1123 tarium,
383 1085 472 1126 quasi
491 1085 576 1117 hunc
591 1088 773 1117 catenarum
783 1089 928 1117 auctores
940 1094 976 1117 ex
993 1085 1062 1117 aliis
1072 1086 1178 1125 Cyrilli
1193 1086 1318 1127 scriptis
1338 1089 1438 1118 totum
1455 1087 1656 1118 corrascrint.
1693 1086 1771 1116 Nam
1792 1092 1879 1125 pras—

236 1134 480 1176 terquam-quod
497 1135 528 1166 in
545 1135 623 1176 ipsis
637 1135 701 1166 sive
730 1136 826 1166 Paris.
845 1136 910 1167 sive
932 1136 1058 1167 Mediol.
1075 1137 1236 1168 codicibus
1266 1137 1364 1168 multa
1381 1140 1455 1168 sunt
1477 1140 1648 1177 segmenta,
1667 1145 1738 1176 quae
1755 1136 1789 1166 in
1808 1134 1880 1166 aliis

234 1187 344 1228 Cyr-illi
373 1187 523 1228 operibus
547 1196 677 1228 prorsus
696 1196 761 1219 non
788 1191 954 1228 apparent,
979 1188 1138 1227 Cyrilliani
1152 1189 1281 1229 quidem
1307 1188 1346 1220 ad
1368 1188 1449 1220 hanc
1471 1187 1644 1229 Epistolam
1658 1186 1878 1219 commentarii

239 1241 352 1272 veritas
366 1241 499 1272 testibus
512 1241 623 1282 priscis
634 1241 880 1280 certissimisque
895 1241 1055 1279 asset-itur,
1085 1250 1167 1281 quos
1187 1241 1347 1273 Fabricius
1361 1240 1410 1280 (Β.
1427 1242 1465 1273 G.
1483 1241 1532 1273 ed.
1550 1250 1623 1272 nov.
1644 1244 1666 1271 t.
1683 1241 1736 1277 IX,
1757 1249 1790 1280 p.
1807 1238 1877 1275 495)

240 1291 404 1333 produxit;
421 1295 494 1323 sunt
507 1295 613 1323 autem
631 1292 795 1323 Facundus
814 1292 1061 1330 IIcrmianensis,
1092 1292 1321 1330 Theodoretus,
1347 1293 1533 1324 Theodorus
1565 1292 1732 1328 Abucaras,
1750 1290 1878 1330 Ephrm-

239 1344 320 1376 mius
335 1344 560 1383 Antiochenus,
578 1345 754 1376 Alexander
773 1344 1039 1385 Dterapolitanus,
1063 1350 1173 1378 auctor
1201 1347 1352 1386 Synodici
1376 1349 1486 1378 contra
1504 1345 1636 1384 tragoad.
1665 1346 1762 1382 Iren.,
1792 1345 1878 1374 Ana-

237 1398 353 1429 stasius
367 1398 483 1429 Sinaita
494 1398 527 1429 in
537 1398 680 1438 Hodego.
696 1399 910 1438 Praeterquam
926 1399 1012 1438 quod
1028 1407 1086 1430 nos
1100 1399 1160 1440 ipsi
1176 1399 1334 1431 edidimus
1361 1399 1577 1431 commentarii
1592 1398 1660 1438 ejus
1688 1396 1879 1428 nominatim

241 1451 328 1482 locos
336 1455 483 1491 quatuor,
498 1458 537 1482 ex
549 1451 712 1482 Anastasio
721 1451 907 1491 presbytero
921 1452 1050 1492 (Script.
1062 1457 1121 1482 cet.
1134 1455 1158 1483 t.
1171 1453 1236 1490 VII,
1249 1462 1304 1492 pp.
1318 1451 1405 1487 8-10,
1424 1451 1517 1483 18-24
1530 1452 1584 1492 (α).
1598 1451 1784 1490 Ibidemque
1799 1450 1881 1480 alios

240 1502 332 1537 duos,
349 1508 388 1530 ex
406 1499 550 1534 Leontio.
567 1508 622 1540 pp.
638 1498 704 1536 130,
719 1499 785 1530 140.
799 1500 884 1531 Alios
898 1500 1035 1540 denique
1048 1501 1166 1542 Script.
1179 1506 1239 1533 υίνι.
1250 1505 1271 1532 t.
1282 1503 1352 1533 VIII.
1362 1505 1392 1533 et
1402 1503 1454 1539 IX,
1466 1504 1500 1532 ut
1510 1502 1542 1532 in
1556 1501 1810 1541 praecedentibus
1820 1508 1879 1540 pa-

240 1549 321 1588 ginis
338 1549 485 1580 diximus.
501 1550 580 1580 Item
591 1548 765 1588 fragmenta
779 1549 899 1589 aliquot
913 1550 980 1590 ejus
998 1551 1104 1590 operis
1116 1555 1188 1582 sunt
1204 1551 1237 1582 in
1252 1552 1414 1583 codicibus
1424 1552 1559 1592 Syriacis
1572 1552 1640 1583 Vat.
1665 1552 1776 1592 Neque
1808 1560 1879 1583 me-

238 1601 347 1633 dicere
362 1601 458 1632 fuisse
473 1600 503 1632 id
519 1609 600 1640 opus
613 1600 772 1639 arguimus
787 1604 853 1632 tum
865 1609 904 1632 ex
916 1605 989 1633 nota
1005 1602 1108 1642 Cyrilli
1124 1597 1266 1634 ubertate
1294 1606 1360 1634 tum
1375 1603 1449 1643 quia
1474 1603 1624 1635 Leontius
1638 1603 1712 1634 citat
1734 1603 1878 1643 ejusdem

240 1652 362 1682 tomum
378 1649 566 1688 secundum,
586 1651 765 1682 Anastasius
776 1651 892 1683 Sinaita
915 1653 1194 1693 sextum.Jamque
1219 1658 1360 1694 apparet.
1385 1653 1453 1684 fore
1481 1661 1586 1693 operte
1616 1652 1765 1692 pretium,
1782 1655 1818 1683 ut
1832 1652 1880 1683 fu-

241 1707 329 1734 turus
343 1703 456 1743 aliquis
471 1702 578 1742 Cyrilli
592 1711 725 1743 Operum
735 1703 848 1742 editor,
865 1712 988 1744 sparsas
1001 1704 1095 1744 hujus
1110 1705 1327 1736 commentarii
1339 1704 1500 1745 reliquias,
1525 1704 1649 1744 Absyrti
1663 1703 1760 1735 veluti
1774 1712 1878 1734 mem-

241 1757 308 1793 bra,
322 1756 373 1796 pie
384 1755 528 1794 colligat;
562 1763 598 1786 ea
613 1755 723 1787 saltem
755 1755 884 1795 vestigia
913 1765 1108 1797 persequens
1119 1766 1190 1797 quae
1214 1766 1273 1789 nos
1287 1757 1408 1788 intento
1423 1756 1520 1796 digito
1533 1756 1744 1793 ostendimus;
1761 1764 1879 1796 nempe

241 1805 379 1843 codices,
394 1808 516 1836 veteres
531 1807 636 1842 testes,
654 1808 779 1836 catenas
798 1805 907 1843 editas,
923 1813 963 1836 ne
979 1806 1163 1838 (Ecumenio
1174 1807 1302 1847 quidem
1318 1806 1446 1842 omisso.
1458 1808 1684 1846 postremoque
1699 1804 1878 1845 symbolam

241 1856 326 1889 curis
343 1856 460 1888 nostris
475 1856 639 1888 conlatam.

281 1920 372 1957 Nunc
388 1919 466 1959 quid
488 1919 614 1951 consilii
637 1920 788 1960 ceperim,
828 1921 966 1960 pressius
989 1922 1159 1954 dicendum
1192 1925 1248 1953 est.
1278 1921 1400 1953 Codicis
1413 1920 1559 1952 Parisiaci
1570 1922 1723 1956 catenam,
1743 1927 1828 1959 quas,
1844 1920 1880 1949 ut

240 1971 318 2008 dixi,
335 1970 462 2002 nonnisi
477 1970 516 2002 ad
528 1971 666 2002 mediam
684 1971 771 2002 Pauli
781 1972 950 2012 Epistolam
968 1973 1116 2012 pertinet,
1137 1972 1306 2004 lectitando
1325 1971 1417 2004 facile
1428 1971 1581 2008 comperi,
1598 1969 1655 2000 etsi
1681 1968 1784 2000 editor
1800 1967 1878 2000 nihil

243 2023 284 2055 de
295 2023 386 2054 editis
396 2022 445 2053 vel
456 2023 582 2054 ineditis
593 2023 678 2061 dicit,
688 2031 831 2062 magnam
842 2027 974 2064 partem,
989 2024 1027 2056 ad
1038 2025 1185 2064 Cyrillum
1201 2024 1287 2064 quod
1304 2024 1426 2061 attinet,
1438 2023 1636 2062 vulgatorum
1649 2029 1783 2062 operum
1798 2020 1879 2052 locis

243 2078 400 2108 constare.
413 2076 487 2107 Pars
507 2075 712 2107 nihilominus
726 2075 889 2106 videbatur
899 2083 993 2113 nova,
1014 2084 1070 2107 seu
1084 2085 1167 2107 nunc
1185 2075 1321 2116 primum
1352 2074 1444 2106 edita.
1469 2074 1600 2104 Prorsus
1622 2072 1728 2112 itaque
1756 2071 1879 2103 codicis

240 2126 389 2170 .Parisiaci
404 2126 579 2158 institutum
596 2127 630 2157 in
643 2126 867 2158 Mediolanensi
878 2127 987 2158 codice
1007 2127 1218 2164 continuatur,
1235 2127 1289 2166 qui
1304 2127 1379 2157 item
1394 2124 1534 2166 partibus
1551 2123 1646 2156 modo
1661 2122 1765 2158 editis.
1780 2121 1879 2153 modo

245 2177 377 2210 ineditis
391 2177 558 2218 (quatenus
571 2178 741 2209 scrutando
748 2186 940 2216 cognoscere
956 2177 1053 2216 licuit)
1064 2177 1309 2209 consarcinatur.
1323 2177 1398 2213 Quae
1409 2184 1479 2207 cum
1492 2175 1534 2206 ita
1545 2183 1579 2205 se
1598 2173 1762 2210 haberent,
1776 2173 1878 2204 visum

245 2228 322 2260 mihi
336 2231 382 2260 est
396 2231 500 2268 partes
514 2227 616 2268 Cyrilli
634 2236 730 2259 novas
747 2229 910 2268 (quantum
921 2228 1051 2260 credere
1062 2228 1158 2268 licet),
1177 2231 1242 2258 tum
1259 2226 1377 2258 codicis
1393 2225 1549 2263 Parisiaci,
1563 2227 1629 2256 tum
1655 2223 1876 2255 Mediolanen-

239 2281 299 2318 sis,
316 2288 379 2312 una
393 2279 474 2311 serie
486 2282 667 2316 contexere,
685 2280 807 2311 Latinas
816 2280 908 2311 etiam
924 2279 1040 2316 facere,
1053 2283 1084 2310 et
1098 2278 1159 2310 hoc
1178 2287 1249 2309 meo
1269 2277 1439 2313 volumine,
1456 2276 1542 2316 quod
1564 2278 1665 2306 totum
1678 2282 1717 2305 ex
1732 2274 1877 2314 Cyrillia-

244 2330 294 2362 nis
308 2329 433 2370 scriptis
447 2329 661 2369 componitur,
676 2332 750 2370 apte
765 2328 1048 2370 comprehendere.
1066 2329 1241 2360 Praesertim
1257 2328 1329 2368 quia
1347 2327 1386 2358 cl.
1406 2327 1590 2363 Robbiatus,
1606 2325 1719 2357 collata
1729 2325 1878 2356 Parisiaci

243 2388 373 2422 quoque
389 2379 507 2412 codicis
521 2383 608 2420 parte
623 2389 695 2412 cum
710 2381 833 2421 integro
851 2381 962 2412 codice
985 2379 1222 2416 Mediolanensi,
1249 2378 1363 2410 multas
1387 2377 1465 2409 mihi
1495 2380 1526 2408 et
1546 2376 1785 2417 pulcherrimas,
1805 2384 1878 2416 qua:

243 2433 403 2464 Parisiaco
418 2432 500 2463 libro
516 2432 584 2463 ﬁeri
604 2433 733 2470 debent,
749 2433 989 2464 emendationes
1003 2432 1222 2472 suppeditavit.

282 2483 398 2515 Catena
417 2482 496 2520 haec,
511 2482 597 2515 unde
607 2483 755 2523 Cyrillum
773 2483 999 2523 excerpsimus,
1033 2481 1156 2513 videtur
1187 2491 1346 2522 anonyma
1359 2482 1393 2512 in
1412 2480 1522 2512 codice
1537 2478 1724 2516 Parisiensi;
1745 2486 1820 2510 nam
1836 2478 1877 2510 cl.

244 2535 409 2565 Cramerus
425 2533 543 2566 nullius
557 2533 694 2566 auctoris
708 2540 827 2565 nomen
837 2533 940 2573 ponit.
954 2534 992 2563 At
1009 2532 1252 2564 Mediolanensis
1266 2540 1335 2564 eam
1347 2531 1463 2563 diserte
1481 2530 1622 2562 inscribi‘
1654 2529 1771 2560 Nicetes
1802 2529 1876 2560 Ser-

245 2591 350 2614 rarum
362 2583 514 2625 episcopo
529 2582 578 2615 his
587 2582 691 2625 verbis
703 2591 710 2613 ε
720 2586 873 2623 Συναγωγή
887 2587 1006 2623 ιξηγήσο

1115 2587 1127 2614 ό
1139 2596 1170 2614 τι
1189 2587 1272 2614 θείων
1288 2586 1421 2622 Πατέρων
1436 2585 1484 2612 καὶ
1496 2577 1646 2611 τῶνᾶλλων
1653 2582 1824 2611 διδασκάλων
1836 2583 1876 2614 εις

244 2638 295 2674 τὴν
305 2638 375 2675 πρὸς
391 2638 532 2674 Ἐϐραίους
557 2636 717 2672 Ἐπιστολὴν
731 2635 779 2663 τοῦ
791 2637 870 2670 ἁγίου
882 2637 1031 2664 ἀποστόλου
1045 2636 1165 2670 Παύλου,
1184 2637 1344 2671 συλλεγεῖσα
1367 2635 1443 2672 παρὰ
1462 2635 1510 2662 τοῦ
1533 2636 1680 2671 ἱερωτάτου
1692 2659 1696 2662 .
1709 2634 1876 2671 μητροπολί-

244 2689 462 2726 τουἮρακλείας
474 2692 570 2725 κυρίου
582 2688 690 2722 ﬁndite
702 2688 749 2715 τοῦ
762 2689 816 2716 τῶν
828 2688 950 2725 Σερῤῶν.
969 2684 1004 2714 El

1114 2692 1127 2715 a
1141 2692 1236 2714 manu
1249 2683 1282 2713 in
1301 2682 1424 2721 paginas
1446 2682 1532 2714 calce
1555 2681 1599 2712 sic
1620 2690 1626 2711 :
1648 2684 1875 2721 Ἀπὸὰρμηνείας

244 2740 318 2776 παρὰ
337 2739 384 2767 τοῦ
398 2739 518 2775 nepam.
541 2734 687 2774 Sequitur
714 2741 787 2765 mox
801 2733 964 2775 prologus,
977 2733 1016 2764 de
1034 2742 1098 2774 quo
1125 2733 1200 2764 item
1217 2733 1294 2764 nihil
1310 2733 1386 2764 dicit
1412 2734 1590 2770 Cramerus;
1605 2731 1660 2763 sed
1676 2740 1749 2763 eum
1774 2735 1873 2763 totum

283 2830 320 2867 (ιι)
337 2829 402 2867 Qua:
419 2833 520 2867 _Lomu_s
549 2827 595 2867 ΥΠ
626 2828 757 2862 continet,
775 2828 870 2857 eadem
889 2833 977 2856 tomus
992 2828 1064 2859 Vill,
1087 2832 1186 2862 przrter
1202 2827 1384 2863 fragmentum
1404 2826 1504 2860 breve;
1530 2832 1620 2854 tomus
1640 2825 1676 2853 IX
1700 2833 1786 2853 unum
1802 2825 1879 2858 ma:

245 2862 369 2894 montum
383 2863 474 2896 habet,
495 2862 572 2890 Pra-J‘.
592 2871 609 2899 p
635 2871 697 2891 xvm
