1929 3042
54 131 97 160 109
741 133 815 163 PM

909 133 996 164 )NES.
1620 139 1670 168 HO

53 200 85 223 ex
97 190 295 223 Tbeodoreto
312 194 410 232 atque
422 193 644 233 Clirysostomo
660 198 816 232 constare,
832 195 903 227 libri
915 196 989 227 editi
1002 196 1226 228 demonstrant.
1239 196 1450 232 Quamobrem
1465 196 1540 229 hinc
1551 197 1672 230 lacuna

52 243 161 283 aliquot
175 242 209 273 in
219 243 395 275 Oxoniensi
410 245 549 277 editione
567 247 685 278 relictre
707 248 827 288 expleri
844 249 1031 288 potuissent,
1062 252 1093 280 et
1124 249 1237 280 menda
1262 249 1356 280 etiam
1384 249 1670 287 codicisParisiaci,

53 293 93 324 vel
113 293 335 333 quorumlibet
363 294 575 335 librariorum,
599 297 680 328 tolli.

85 345 159 375 Satis
174 348 301 376 constat
317 345 467 385 Cyrillum
481 356 555 379 suos
570 349 812 382 commentarios
835 351 868 381 in
891 359 1053 383 sermones
1073 349 1190 392 (λόγους)
1224 349 1429 387 distribuisse,
1446 349 1493 380 uti
1507 357 1619 390 reapse
1637 358 1671 381 se

55 397 136 428 habet
148 398 398 429 commentarius
413 398 479 437 ejus
494 398 528 428 in
544 399 673 436 Isaiam,
703 408 763 431 nec
782 408 847 431 non
866 401 1061 432 Thcsaum:
1076 409 1256 441 quanquam
1279 400 1301 430 ii
1326 408 1499 436 sermones,
1515 399 1672 432 sectiones

55 447 147 488 potius
159 449 463 479 commentariorum
479 449 604 480 dicendi
615 454 698 480 sunt.
714 451 804 481 Certe
820 451 956 483 Severus
972 451 1185 483 Antiochenus
1199 452 1282 491 apud
1298 459 1358 483 nos
1376 451 1490 482 citabat
1511 451 1615 491 Cyrilli
1638 452 1671 483 in

54 496 105 537 Ep.
125 497 163 527 II.
175 497 215 528 ad
231 498 304 528 Cor.
320 498 447 528 tertium
461 500 492 528 et
516 498 686 537 septimum
699 507 877 530 sermonem
891 499 900 539 (
909 499 998 539 λόγον)
1018 499 1071 540 (a).
1087 501 1238 532 Caeterum
1253 502 1407 540 generalis
1430 501 1543 533 horum
1568 503 1671 543 Cyrilli

54 554 173 586 operum
187 549 428 587 exegeticorum
455 548 563 580 titulus
573 549 670 580 modo
697 548 756 580 fuit
770 554 815 590 ἑρι.

909 574 914 588 ,
937 551 1166 591 interpretatio,
1194 551 1289 584 modo
1304 557 1462 592 ὑπόμνημα,
1477 557 1670 585 commenta-

55 608 120 630 nus.

87 648 112 680 5.
127 649 243 690 Cyrilli
257 653 549 684 commentariuain
567 653 760 684 Psalmasz—
772 655 848 686 Post
869 654 972 694 Cyrilli
987 654 1024 686 ad
1050 657 1185 694 quatuor
1198 655 1286 687 Pauli
1300 656 1456 697 Epistolas
1483 662 1672 691 commenta-

55 700 118 738 rios,
129 702 166 732 de
182 703 329 743 ejusdem
343 704 383 735 ad
397 704 581 736 Psalterium
592 704 860 736 lucubrationibus
876 705 1014 744 cogitare
1038 706 1133 745 coepi.
1150 706 1273 738 Etenim
1287 715 1346 746 ego
1356 707 1544 738 Balthasaris
1556 708 1672 738 Corde-

55 753 86 784 rii
96 754 126 784 in
135 754 279 785 Psalmos
299 758 441 786 catenam
455 764 527 787 cum
540 755 646 795 aliquo
662 755 810 787 Vaticano
825 755 1034 787 codiceforte
1053 757 1364 796 comparans,statim
1380 766 1569 797 agnoveram
1583 766 1672 789 com-

56 805 148 846 plures
156 806 264 846 Cyrilli
272 807 582 847 partcsCorderianae
598 807 728 839 editioni
739 808 978 848 deesse.ltaque
992 808 1139 839 constitui
1153 816 1190 840 ea
1204 811 1327 840 tantum
1338 809 1444 849 Cyrilli
1459 812 1622 848 segmenta
1634 817 1675 839 ex-

55 856 197 888 Vaticanis
212 858 380 890 codicibus
396 867 532 897 sumere,
550 868 621 900 quae
634 860 667 891 in
684 859 783 891 tribus
800 860 996 892 Corderianrc
1014 863 1132 891 catenae
1161 860 1372 892 voluminibus
1385 870 1448 892 non
1467 860 1671 901 apparebant.

55 907 111 937 Hoc
125 910 274 947 suscepto
290 909 465 948 proposito,
482 909 565 949 coepi
578 908 742 940 Vaticanas
758 910 797 941 ad
817 910 958 941 Psalmos
972 913 1099 941 catenas
1118 913 1215 950 prout
1234 919 1268 942 se
1294 911 1410 942 dabant
1438 914 1597 948 excutere,
1612 914 1673 942 tot-

57 963 108 995 que
122 955 244 987 illarum
267 957 377 988 inveni
398 958 534 996 codices,
551 961 585 990 ut
599 958 822 990 duodecimum
841 967 1008 990 numerum
1024 959 1102 990 mihi
1124 959 1335 999 expleverint;
1364 969 1444 1001 quos
1475 969 1534 1000 ego
1546 960 1673 992 codices

57 1006 82 1036 in
95 1006 159 1036 libri
173 1007 236 1038 mei
253 1009 452 1048 marginibus
474 1008 591 1040 denoto
611 1008 721 1040 litteris
746 1011 780 1039 Α.
795 1010 830 1039 Β.
849 1009 880 1040 C.
902 1009 937 1039 D.
950 1009 984 1040 E.
1001 1010 1034 1040 F.
1056 1010 1092 1040 G.
1108 1010 1147 1040 Η.
1164 1010 1189 1040 Ι.
1209 1010 1246 1040 Κ.
1268 1010 1302 1040 L.
1317 1011 1358 1040 M.
1377 1011 1413 1041 Et
1423 1010 1551 1050 quidem
1567 1011 1672 1051 Cyrilli

58 1064 158 1088 nomen
174 1057 206 1088 in
224 1057 362 1098 singulis
372 1059 516 1090 codicum
526 1059 605 1090 locis
619 1063 773 1100 perpetuo
788 1059 945 1097 scribitur,
961 1062 997 1090 ut
1011 1059 1075 1090 dixi
1100 1060 1134 1091 in
1148 1060 1254 1091 adnot.
1271 1061 1311 1092 ad
1338 1069 1418 1092 vers.
1431 1062 1448 1091 9
1463 1061 1576 1101 psalmi
1604 1071 1669 1092 xm.

57 1108 101 1139 His
114 1109 230 1141 accedit
246 1111 381 1142 unicum
391 1111 501 1142 folium
514 1111 708 1149 Veronense,
727 1112 766 1142 de
781 1121 843 1152 quo
860 1121 935 1143 mox
963 1112 1085 1152 loquar.
1102 1112 1149 1143 lbi
1163 1112 1323 1144 enimvero
1337 1115 1441 1153 erepto
1454 1116 1484 1144 et
1499 1113 1593 1153 paulo
1603 1113 1672 1145 lon-

58 1161 114 1200 gius
131 1170 301 1202 progresso
318 1170 428 1202 opere,
443 1170 515 1193 cum
534 1162 654 1193 inedita
671 1161 775 1202 Cyrilli
787 1163 917 1194 materia
937 1162 1053 1194 affatim
1073 1165 1103 1193 et
1119 1171 1214 1202 supra
1231 1171 1358 1194 omnem
1378 1172 1468 1203 spem
1482 1163 1668 1202 abundaret,

58 1213 221 1252 pcenitentia
237 1222 292 1244 me
307 1213 402 1253 cepit,
417 1213 502 1253 quod
517 1213 737 1254 supplementa
747 1213 852 1252 Cyrilli
869 1221 1012 1244 seorsum
1031 1221 1049 1244 a
1063 1218 1172 1244 catena
1186 1213 1325 1245 Corderii
1340 1214 1424 1253 typis
1438 1214 1594 1245 excudere
1623 1215 1668 1246 in-

59 1266 218 1303 stituissem,
236 1274 313 1297 cum
329 1270 439 1296 contra
468 1266 659 1306 oportuisset
682 1265 887 1296 Corderianas
913 1265 1019 1305 potius
1037 1263 1141 1304 Cyrilli
1167 1267 1273 1304 partes
1298 1266 1381 1296 inter
1396 1265 1468 1296 libri
1489 1265 1551 1296 mei
1568 1265 1668 1297 multo

59 1314 200 1346 uberiores
218 1323 256 1346 ac
274 1316 507 1356 prwstantiores
534 1315 656 1347 divitias
671 1323 838 1346 conserere
857 1324 864 1346 ί
884 1324 947 1355 quo
961 1315 1056 1353 facto,
1072 1315 1230 1354 integrum
1244 1324 1346 1356 prope
1360 1316 1462 1356 Cyrilli
1474 1316 1513 1347 ad
1528 1316 1668 1349 Psalmos

59 1367 303 1398 commentarium
317 1367 350 1398 in
364 1367 476 1398 seriem
495 1367 712 1399 restituissem.
729 1368 826 1398 Tanta
841 1367 925 1398 enim
943 1370 990 1398 est
1007 1367 1182 1407 Cyrillianaa
1203 1367 1250 1398 rei
1276 1367 1310 1398 in
1329 1368 1486 1399 Vaticanis
1506 1368 1667 1401 codicibus

58 1416 144 1455 copia,
163 1420 195 1447 ut
216 1416 395 1456 fragmenta
413 1417 546 1449 antehac
577 1418 659 1448 edita
676 1417 770 1456 longe
790 1421 917 1458 superet
937 1418 1122 1457 obruatque.
1148 1418 1239 1450 Nunc
1262 1417 1336 1458 quia
1358 1418 1523 1449 consilium
1545 1422 1666 1451 mutare

60 1469 146 1505 coepto
161 1467 193 1497 in
207 1475 309 1507 opere
332 1476 397 1499 non
412 1468 537 1506 licebat,
555 1471 698 1508 superest
713 1472 747 1500 ut
763 1471 830 1500 tum
845 1469 972 1500 demum
991 1471 1075 1500 totus
1093 1469 1197 1509 Cyrilli
1210 1469 1241 1500 in
1258 1469 1398 1500 Psalmos
1422 1470 1666 1501 commentarius

58 1525 109 1547 una
122 1517 196 1548 serie
213 1521 422 1550 connectatur
439 1517 493 1559 (b),
512 1526 582 1550 cum
597 1518 702 1549 omnia
721 1518 906 1549 sanctissimi
920 1517 977 1548 viri
990 1525 1098 1558 opera,
1119 1518 1234 1558 partim
1245 1517 1349 1549 adhuc
1366 1517 1508 1557 dispersa
1524 1521 1577 1550 aut
1589 1527 1665 1559 per-

60 1567 163 1598 turbata
175 1593 182 1605 ,
202 1577 289 1600 novo
307 1577 342 1600 ac
360 1568 491 1601 meliore
513 1573 668 1610 apparatu
686 1569 835 1606 edentur;
856 1569 941 1609 quod
965 1568 1034 1600 fore
1050 1577 1197 1609 augurOr,
1214 1572 1244 1600 et
1256 1569 1289 1601 in
1312 1569 1483 1609 superioris
1499 1569 1667 1608 voluminis

61 1618 176 1658 prologo
191 1620 265 1651 satis
280 1620 377 1652 suasi.

91 1669 116 1701 6.
129 1671 253 1702 Codices
269 1672 354 1703 unde
367 1675 507 1712 sumptu:
523 1672 672 1712 Cyrillus.
687 1689 724 1695 —
739 1672 817 1703 Sunt
832 1674 936 1703 autem
955 1674 1133 1703 catenarum
1152 1671 1186 1702 in
1205 1670 1344 1703 Psalmos
1359 1671 1500 1702 Vaticani
1528 1671 1664 1710 codices,

60 1721 131 1752 unde
143 1730 198 1754 nos
212 1723 364 1763 Cyrillum
378 1723 550 1761 hausimus,
566 1723 610 1754 bi.
626 1725 651 1754 Ι.
670 1723 775 1755 Codex
796 1731 889 1763 quem
903 1724 937 1753 A.
953 1722 1091 1763 appello,
1112 1722 1193 1753 inter
1221 1724 1352 1753 caeteros
1376 1724 1541 1762 praestans,
1562 1731 1663 1753 mem-

61 1769 191 1810 braneus,
209 1774 319 1806 saeculi
340 1782 409 1811 xm,
428 1774 461 1805 in
475 1774 531 1805 fol.
547 1774 693 1805 Continet
711 1773 738 1804 is
763 1773 880 1804 Nicetaa
894 1773 927 1804 in
942 1772 1086 1812 Psalmos
1097 1773 1223 1804 Patrum
1247 1775 1402 1810 catenam,
1428 1772 1560 1813 prtetixo
1587 1781 1662 1813 pro-

59 1821 132 1862 logo,
156 1834 248 1865 quem
272 1834 334 1857 nos
360 1829 431 1858 ante
455 1826 603 1866 Cyrillum
629 1828 770 1857 nostrum
792 1828 914 1856 exstare
938 1824 1104 1856 voluimus.
1129 1825 1182 1854 Est
1199 1823 1250 1855 hic
1268 1823 1353 1855 idem
1368 1823 1469 1854 codex
1486 1824 1573 1855 unde
1588 1824 1664 1855 olim

61 1871 272 1905 Felckmannus
287 1883 370 1906 nova
388 1875 493 1914 magni
512 1875 671 1906 Athanasii
686 1875 726 1906 ad
739 1873 881 1905 Psalmos
895 1873 1068 1913 fragmenta
1082 1873 1202 1910 extulit,
1215 1881 1286 1914 quae
1300 1873 1334 1904 in
1344 1873 1571 1906 Montfauconii
1591 1875 1661 1906 edi-

61 1921 132 1954 tione
158 1923 260 1956 videre
283 1929 341 1956 est.
365 1925 441 1961 Quia
466 1933 540 1956 vero
561 1924 612 1955 hic
639 1924 740 1955 codex
765 1923 893 1954 nonnisi
916 1931 1017 1963 usque
1032 1923 1070 1954 ad
1090 1923 1245 1963 psalmum
1265 1931 1364 1953 LXXVI
1386 1923 1568 1963 porrigitur,
1588 1925 1663 1956 satis

62 1977 167 2005 constat
182 1972 294 2006 déesse.
318 1975 450 2006 alterum
471 1975 556 2016 paris
581 1974 673 2005 molis
688 1973 847 2009 volumen,
862 1973 948 2014 quod
963 1982 1039 2004 num
1057 1972 1173 2004 alicubi
1187 1971 1290 2004 adhuc
1308 1975 1418 2011 exstet,
1436 1973 1526 2005 valde
1541 1974 1661 2007 dubito.

62 2025 93 2056 Π.
103 2026 196 2058 Codex
208 2028 256 2065 B.,
274 2027 469 2064 chartaceus,
482 2027 588 2058 saeculi
599 2035 655 2064 xv,
671 2025 741 2063 fol.,
760 2025 794 2056 in
808 2025 871 2058 duo
883 2034 996 2066 magna
1005 2024 1165 2056 volumina
1178 2024 1372 2064 dispertitus,
1385 2033 1457 2056 cum
1477 2028 1586 2058 catena
1603 2027 1661 2058 Pa-

62 2078 130 2107 trum
146 2077 182 2108 ad
199 2078 384 2109 Psalterium
403 2081 503 2109 totum
524 2077 750 2117 copiosissima.
768 2078 867 2114 Quare
882 2080 912 2108 et
928 2076 979 2107 hic
1003 2076 1085 2111 inter
1101 2075 1167 2107 fere
1186 2075 1399 2107 nobilissimos
1419 2075 1584 2108 habendus
1603 2080 1661 2109 est.

62 2125 104 2156 III.
115 2127 209 2159 Codex
218 2129 263 2166 C.,
280 2128 502 2168 bombycinus,
513 2128 547 2159 in
557 2128 585 2166 4,
600 2137 672 2159 saec.
689 2137 758 2165 xxv,
775 2127 831 2167 qui
851 2130 967 2167 praeter
985 2130 1128 2158 catenam
1143 2125 1237 2158 habet
1253 2126 1347 2157 etiam
1360 2126 1539 2166 adjunctam
1553 2136 1662 2168 quam-

62 2176 120 2207 dam
140 2178 368 2218 paraphrasim;
391 2178 433 2209 ita
456 2181 562 2210 tamen
574 2181 610 2208 ut
627 2186 646 2209 a
664 2177 745 2218 psal.
765 2185 870 2208 xxxvt
887 2177 926 2209 ad
941 2185 971 2207 LI
984 2180 1015 2208 et
1025 2176 1185 2208 interdum
1205 2175 1281 2207 alibi
1300 2174 1495 2207 scholiorum
1512 2178 1662 2210 comitatu

64 2226 237 2259 destituatur.
252 2229 306 2260 IV.
323 2229 428 2260 Codex
448 2229 497 2267 D.,
516 2229 661 2266 membr.,
679 2228 712 2259 in
736 2227 805 2266 £01.,
825 2237 898 2259 saec.
922 2237 967 2265 x1,
996 2228 1085 2260 valde
1111 2227 1237 2265 nobilis,
1262 2235 1333 2258 cum
1356 2231 1510 2267 perpetua
1540 2232 1660 2266 catena,

64 2283 121 2307 cum
132 2277 350 2319 hexaplaribus
368 2279 401 2310 in
431 2279 570 2318 margine
596 2277 811 2314 varietatibus,
835 2280 866 2308 et
880 2286 950 2308 cum
967 2277 1077 2316 grandi
1105 2277 1243 2316 isagoge,
1264 2285 1303 2308 ex
1326 2285 1388 2316 qua
1409 2276 1660 2310 Montfauconius

62 2326 88 2358 in
106 2329 167 2360 aliis
185 2330 264 2362 lecta
287 2331 449 2363 codicibus
471 2330 529 2361 tria
551 2329 693 2369 Origenis
716 2328 869 2369 opuscula
893 2328 991 2360 edidit
1019 2333 1091 2360 ante
1106 2328 1354 2366 celeberrimam
1382 2336 1470 2359 suam
1496 2329 1658 2370 Hexapla-

62 2385 118 2407 rum
130 2380 366 2412 restitutionem.
391 2381 428 2410 V.
453 2380 558 2412 Codex
571 2380 620 2417 Ε..
645 2379 876 2416 membraneus,
901 2379 970 2416 1“οΙ.⁷
987 2387 1059 2410 εωο.
1084 2387 1152 2416 xxv,
1168 2381 1277 2410 catena
1292 2377 1325 2408 in
1344 2380 1445 2408 totum
1462 2378 1656 2410 Psalterium.

62 2427 101 2458 Vl.
121 2430 218 2462 Codex
232 2432 278 2468 F.,
297 2430 331 2462 in
353 2430 396 2468 4.,
411 2431 645 2467 membraneus,
662 2429 768 2461 seaculi
789 2438 823 2460 x1
838 2429 887 2460 vel
902 2438 960 2467 xu,
978 2429 1114 2469 eleganti
1133 2428 1317 2469 scriptione,
1330 2427 1364 2458 in
1384 2427 1525 2459 Psalmos
1546 2437 1658 2461 omnes

63 2482 163 2511 catena.
185 2482 248 2513 VII.
271 2482 376 2513 Codex
402 2483 452 2520 G.,
476 2481 545 2520 fol.,
566 2482 677 2517 chart.,
707 2490 831 2521 recens,
858 2487 968 2514 catena
992 2490 1009 2514 a
1027 2481 1147 2523 psalmo
1166 2489 1196 2511 Li
1213 2487 1315 2520 usque
1326 2478 1364 2509 ad
1389 2479 1484 2510 ﬁnem
1502 2480 1654 2512 Psalterii.

64 2529 127 2561 VIII.
138 2533 235 2564 Codex
250 2534 302 2571 B.,
313 2532 382 2570 fol.,
399 2532 510 2571 chart.,
525 2533 560 2564 in
575 2533 639 2564 duo
651 2532 809 2564 volumina
820 2536 938 2571 sectus,
949 2533 1004 2573 qui
1014 2532 1072 2564 fuit
1087 2531 1163 2563 olim
1177 2529 1656 2570 GibertiepiscopiVeronensis,

65 2583 155 2613 catena
165 2583 258 2614 densa
272 2591 289 2614 a
307 2582 427 2622 psalmo
438 2592 477 2614 Lv
490 2582 525 2613 in
540 2591 650 2614 omnes
664 2582 815 2623 reliquos,
831 2591 901 2623 quas
915 2591 987 2614 cum
997 2582 1049 2612 illa
1060 2583 1227 2622 praestante
1238 2578 1357 2610 codicis
1370 2579 1404 2609 B.
1421 2579 1510 2618 valde
1525 2580 1656 2620 conspi-

65 2632 109 2660 rat.
125 2632 171 2663 IX.
181 2633 283 2665 Codex
300 2634 325 2670 Ι,
342 2633 487 2669 membr.,
503 2632 572 2670 fol.,
597 2641 671 2664 saec.
692 2641 749 2670 xu,
774 2635 884 2664 catena
903 2642 920 2664 a
940 2632 1019 2674 psal.
1036 2631 1138 2672 primo
1160 2630 1200 2662 ad
1220 2629 1532 2670 quinquagesimum;
1559 2639 1656 2671 quare

64 2680 102 2710 vix
117 2685 159 2713 est
174 2683 392 2721 dubitandum,
405 2684 481 2726 quin
499 2684 560 2716 alia
575 2684 638 2716 duo
658 2685 742 2725 paris
755 2684 848 2716 molis
867 2683 1027 2715 volumina
1050 2682 1226 2714 interierint
1241 2681 1290 2713 vel
1311 2681 1427 2714 alicubi
1457 2681 1585 2714 lateant.
1603 2683 1656 2714 Est

65 2737 122 2762 vero
137 2731 184 2764 hic
205 2733 305 2766 codex
321 2733 420 2766 multo
436 2734 631 2772 utilissimus,
649 2735 723 2775 quia
737 2733 874 2775 spatiosa
896 2741 979 2774 pene
1003 2741 1070 2772 prce
1094 2731 1216 2763 caateris
1235 2730 1377 2763 continet
1394 2730 1520 2762 Patrum
1544 2739 1657 2763 excer-

95 2811 193 2848 ‘alﬁde
208 2821 265 2845 not.
275 2817 319 2854 3d
332 2816 425 2853 Cyrilli
437 2817 638 2854 Expositionem
658 2817 687 2846 in
702 2817 724 2844 ll
739 2816 814 2850 Con,
861 2813 941 2854 ν-(ό)
964 2814 1042 2854 Quod
1071 2815 1099 2843 in
1122 2815 1173 2842 hac
1198 2813 1345 2842 novissima
1374 2813 1495 2843 editione
1526 2813 1652 2843 iecimus.

64 2852 113 2882 cap.
125 2857 174 2884 xm,
188 2859 258 2880 vers.
274 2853 300 2880 5.
355 2850 364 2853 ⁷
477 2850 486 2854 “
694 2855 697 2888 ᾗ
729 2854 733 2858 ’
774 2854 778 2858 ’

286 2853 300 2880 ἱ.
355 2850 364 2853 ⁷
477 2850 486 2854 “
694 2855 697 2888 ξ
729 2854 733 2858 '
774 2854 778 2858 ”
875 2850 949 2879 Enn.
967 2850 1047 2877 Pun.
