1929 3042
255 122 306 150 ΠΙ
936 121 1038 149 CARD.
1055 122 1135 150 ANG.
1157 121 1216 149 MAI
1834 120 1885 148 “2

259 184 331 221 pta:
347 187 418 219 qua:
428 186 479 210 res
497 185 547 209 me
563 176 731 208 commovit
745 180 790 214 ut,
809 180 926 217 praeter
940 178 1101 217 Cyrillum,
1117 178 1195 209 alios
1210 185 1338 218 quoque
1354 178 1474 218 aliquot
1491 186 1696 218 excerperem
1716 177 1826 208 Patres
1839 177 1886 208 in-

260 232 371 269 editos,
392 239 472 271 quos
491 234 633 268 tempore
654 228 821 260 commodo
845 229 879 262 in
897 228 999 260 lucem
1020 229 1190 270 proferam.
1217 230 1254 260 X.
1277 230 1382 261 Codex
1402 231 1452 268 K.,
1472 231 1618 267 membr.,
1635 230 1704 267 fol.,
1726 238 1802 261 saec.
1825 238 1884 262 xu.

258 286 368 314 catena
384 281 504 319 integra
524 279 558 309 in
573 278 724 316 Psalmos,
742 288 812 310 cum
836 279 890 310 illa
904 288 1032 319 quoque
1043 280 1173 319 isagoge
1188 279 1227 310 de
1239 288 1301 319 qua
1316 280 1381 311 dixi
1392 280 1431 311 ad
1457 281 1527 312 cod.
1559 281 1594 310 D.
1607 281 1641 311 In
1666 280 1725 311 hac
1753 281 1885 320 isagogc

257 331 437 365 suntetiam
452 329 644 361 Theodoreti
662 333 847 369 argumenta
869 330 1076 368 Psalmorum,
1097 331 1197 363 multo
1213 331 1304 363 editis
1329 331 1484 371 pleniora,
1507 340 1687 371 quanquam
1709 331 1887 362 identidem

254 387 340 416 certe
353 382 543 424 interpolata
561 385 645 412 sunt.
659 382 711 412 XI.
727 381 832 413 Codex
849 382 898 419 L.,
911 382 1058 419 membr.,
1075 382 1108 412 in
1126 382 1155 419 4,
1172 382 1281 413 saeculi
1299 383 1398 413 ferme
1419 391 1464 413 xn
1482 387 1535 414 aut
1549 393 1617 421 xm,
1631 388 1740 415 catena
1755 384 1789 414 in
1810 384 1885 415 uni-

253 444 380 468 versum
393 434 592 471 Psalterium,
611 441 684 464 cum
700 431 850 472 praedicta
873 431 1014 471 isagoge.
1031 432 1208 471 Caeteroqui
1227 431 1277 463 hic
1293 431 1395 463 codex
1419 432 1543 463 mendis
1561 433 1709 464 abundat.
1738 433 1805 463 XII.
1824 434 1886 464 Co-

251 490 376 526 dexM.,
393 490 505 525 chart.,
525 487 595 523 fol.,
611 493 683 517 saec.
703 493 759 522 xv,
786 484 819 514 in
835 484 1016 515 universum
1033 484 1218 515 Psalterium
1245 487 1367 515 catena.
1393 484 1500 514 Patres
1515 487 1620 515 autem
1640 483 1673 515 in
1691 483 1741 515 his
1763 483 1887 515 catenis

251 539 369 571 laudati
384 548 479 580 supra
494 536 722 577 quinquaginta
736 537 820 572 sunt,
838 543 954 575 nempe
973 535 1162 571 Anastasius,
1176 534 1315 566 Andreas
1333 535 1523 575 (Cretensis),
1541 531 1725 575 Anonymus
1741 534 1885 575 quidam,

251 592 437 629 Antiochus,
454 588 654 631 Apollinaris,
667 587 810 625 Arethas,
827 587 986 624 Arsenius,
1008 587 1157 625 Asterius,
1174 596 1259 618 nunc
1274 587 1342 618 sine
1355 587 1513 627 adjuncto,
1528 594 1613 617 nunc
1631 586 1774 623 Arianus,
1791 585 1886 616 Atha-

253 642 371 680 nasius,
393 641 537 677 Basilius,
557 640 734 677 Cassianus,
749 640 904 676 Clemens,
926 639 1059 678 Cyrillus
1077 639 1178 677 Alex.,
1197 639 1332 679 Cyrillus
1354 638 1524 676 Hierosol.,
1544 638 1675 678 Cyrillus
1703 638 1884 678 presbyter,

248 692 415 732 Didymus,
446 690 614 726 Diodorus,
644 690 825 730 Dionysius,
858 689 1046 727 Dorotheus,
1070 689 1281 730 Ephraemius,
1305 690 1516 730 Epiphanius,
1543 688 1703 727 Evagrius,
1729 687 1886 726 Eulogius

251 742 354 778 Δάοι,
371 740 525 772 Ensebius
539 741 666 777 Caesar.,
685 740 880 777 Gennadius,
896 741 1060 779 Georgius,
1085 741 1270 777 Germanus,
1298 740 1467 778 Gregorius
1485 740 1573 776 Naz.,
1589 737 1760 777 Gregorius
1774 738 1885 777 Nyss.,

250 793 441 829 Hadrianus,
457 790 645 830 Hesychius,
664 791 888 831 Hieronymus,
904 791 1071 832 Hypatius,
1088 792 1226 822 Joannes
1241 791 1491 831 Chrysostomus,
1508 791 1645 821 Joannes
1661 790 1886 823 Damascenus,

251 843 402 879 Isidorus,
425 843 590 879 Maximus,
606 842 843 882 Metaphrastes,
866 842 1055 881 Methodius,
1071 842 1304 883 Metrophanes,
1327 842 1450 873 Nicetas
1470 841 1577 878 David,
1590 841 1689 878 Nilus,
1714 839 1884 879 Olympio-

247 896 361 939 dorus,
388 894 553 933 Origenes,
580 892 670 924 Philo
697 894 807 931 Hebr.,
835 894 978 932 Photius,
999 895 1144 931 Severus,
1167 893 1304 931 Scholia,
1323 893 1554 931 Theodoretus,
1570 893 1768 929 Theodorus,
1782 890 1882 922 modo

222 974 225 975 ,
248 947 320 978 sine
334 947 484 986 adjuncto
501 945 645 986 (fortasse
662 946 890 987 Heracleotes),
907 947 1004 978 modo
1018 947 1232 979 Antiochenus
1248 947 1298 978 vel
1314 947 1525 987 Mopsuestiaa,
1554 945 1754 977 Theodosius
1781 943 1886 984 (cujus

253 1005 312 1027 nos
340 996 416 1027 olim
433 995 590 1027 edidimus
605 995 727 1027 scholia
741 996 887 1036 quendam
902 997 942 1028 ad
956 996 1141 1037 Danielem),
1160 996 1353 1033 Theodotus,
1370 995 1577 1036 Theophilus,
1598 999 1629 1026 et
1643 995 1775 1026 fortasse
1799 1000 1886 1023 non-

252 1048 331 1080 nulli
345 1048 409 1080 alii.
423 1048 562 1079 Citantur
581 1052 733 1088 praeterea
751 1048 922 1088 aliquando
936 1052 1040 1080 textus
1049 1049 1212 1086 Hebrazus,
1224 1048 1428 1088 Septuaginta
1441 1049 1644 1088 Interpretes,
1660 1044 1783 1084 Aquila,
1796 1043 1887 1082 Sym-

251 1097 393 1135 machus,
412 1097 600 1134 Theodotio,
619 1099 650 1128 et
662 1097 774 1133 Quinta
796 1105 832 1128 ac
850 1098 943 1128 Sexta
954 1097 1129 1129 Editiones.
1144 1098 1189 1128 Ex
1201 1097 1251 1128 his
1269 1098 1405 1137 quisque
1421 1097 1563 1129 eruditus
1586 1097 1682 1134 videt,
1700 1093 1813 1135 quanti
1836 1091 1886 1122 la-

253 1154 340 1183 teant
357 1152 391 1182 in
403 1151 452 1183 his
469 1151 633 1183 codicibus
647 1151 799 1182 doctrinae
813 1151 965 1188 thesauri,
986 1152 1041 1192 qui
1059 1151 1256 1191 singulorum
1280 1152 1406 1183 Patrum
1428 1151 1583 1183 editiones
1600 1147 1762 1181 cumulare
1789 1148 1885 1185 pote-

251 1203 334 1240 runt,
352 1202 402 1234 vel
417 1202 510 1234 etiam
525 1202 671 1242 primitus
688 1201 722 1232 in
742 1202 904 1242 publicam
922 1202 1025 1233 lucem
1046 1202 1209 1234 vindicari.
1239 1203 1303 1233 Nos
1325 1202 1446 1234 interea
1471 1210 1572 1233 unum
1597 1211 1636 1233 ex
1660 1203 1706 1232 tot
1733 1198 1885 1239 Cyrillum

251 1251 497 1286 Alexandrinum
512 1253 740 1294 excerpsimus,
755 1257 786 1285 et
804 1254 1001 1293 singulorum
1024 1254 1170 1285 codicum
1189 1244 1374 1286 indicativas
1386 1254 1505 1286 litteras
1518 1254 1551 1284 in
1567 1252 1636 1283 libri
1651 1249 1750 1282 nostri
1765 1248 1883 1286 margi-

247 1305 344 1337 nibus
358 1304 397 1336 ad
419 1307 605 1345 perpetuam
618 1305 757 1336 veritatis
767 1305 1069 1337 demonstrationem
1084 1306 1241 1337 laboriosa
1259 1307 1424 1338 sedulitate
1440 1305 1654 1346 ascripsimus.

291 1355 320 1386 7.
336 1355 456 1395 ‘Cyrilti
473 1356 686 1397 fragmentum
706 1359 880 1389 Veronense
897 1363 926 1389 et
945 1358 1020 1390 alia.
1034 1376 1072 1381 —-—
1087 1359 1156 1390 Dixi
1181 1363 1284 1397 antea,
1303 1368 1355 1391 me
1369 1359 1408 1391 de
1430 1359 1605 1390 Veronensi
1623 1365 1753 1398 quoque
1777 1354 1884 1395 Cyrilli

251 1409 427 1448 fragmento
441 1409 634 1441 locuturum.
645 1412 692 1441 ~Ea
705 1419 756 1441 res
771 1411 813 1442 ita
826 1420 859 1442 se
875 1410 970 1442 habet
984 1420 991 1441 :
1004 1413 1094 1442 Anno
1109 1411 1195 1449 18M,
1206 1415 1373 1452 postquam
1387 1413 1496 1442 Romae
1507 1414 1571 1451 jam
1585 1409 1733 1450 Cyrillum
1748 1407 1783 1438 in
1794 1405 1885 1436 Pauli

251 1460 405 1501 Epistolas
418 1461 503 1501 typis
514 1459 746 1502 impresseram,
763 1461 968 1501 ejusdemque
983 1461 1017 1492 in
1027 1461 1167 1493 Psaimos
1180 1462 1443 1493 commentarium
1462 1461 1574 1501 partim
1592 1468 1682 1499 asque
1698 1458 1789 1499 prelo
1803 1465 1882 1496 sup-

250 1519 431 1551 posueram,
447 1510 531 1542 facto
546 1511 578 1542 in
594 1510 827 1542 autumnalibus
845 1511 932 1542 feriis
951 1520 1009 1552 per
1024 1512 1223 1553 superiorem
1239 1512 1359 1543 Italiam
1376 1521 1521 1548 excursu,
1540 1510 1679 1542 Vcnetiis
1697 1508 1803 1549 primo
1819 1507 1881 1546 Cy-

245 1563 314 1595 rilli
323 1564 498 1603 fragmenta
509 1563 548 1595 ad
562 1564 685 1602 Regum
695 1563 793 1595 libros
804 1572 842 1594 ex
858 1563 1130 1608 nobili/Marciano
1144 1563 1254 1595 codice
1270 1563 1395 1602 collegi.
1417 1563 1536 1594 Deinde
1551 1562 1708 1593 Veronam
1733 1559 1881 1593 veniens,

254 1615 339 1646 adita
364 1616 431 1646 RR.
446 1615 677 1646 Canonicorum
694 1614 812 1654 insigni
835 1615 980 1646 codicum
1011 1615 1216 1653 bibliotheca,
1239 1615 1370 1656 quaesivi
1388 1623 1406 1646 a
1432 1613 1671 1646 bibliothecario
1701 1619 1778 1642 num
1804 1609 1881 1650 quid

244 1667 414 1708 -ibiCyri1li
432 1671 686 1704 conservaretur;
703 1667 757 1707 qui
781 1667 858 1698 mihi
889 1668 992 1698 statim
1018 1667 1131 1699 folium
1151 1667 1276 1704 obtulit,
1301 1667 1385 1698 inter
1410 1667 1536 1698 codices
1554 1665 1618 1695 illic
1646 1664 1880 1696 conservatum,

251 1718 338 1758 quod
353 1717 466 1758 cupide
483 1718 666 1758 inspiciens,
680 1721 782 1761 ipsam
796 1728 865 1752 esse
884 1720 1019 1759 cognovi
1030 1720 1135 1760 Cyrilli
1150 1719 1368 1760 praefationem
1388 1718 1471 1759 (quae
1492 1718 1526 1748 in
1540 1716 1698 1749 Vaticanis
1712 1712 1882 1746 codicibus

251 1770 368 1811 deerat)
390 1772 429 1802 ad
457 1781 549 1803 suum
575 1773 608 1803 in
627 1773 769 1804 Psalmos
785 1773 1059 1812 commentarium,
1074 1782 1169 1813 quem
1186 1781 1257 1813 ego,
1272 1776 1307 1804 ut
1323 1771 1399 1809 dixi,
1412 1772 1477 1811 jam
1492 1768 1674 1809 imprimere
1689 1761 1881 1804 acephalum

246 1822 364 1852 Romae
381 1830 551 1862 cceperam.
564 1824 646 1863 Ergo
670 1825 741 1856 data
755 1833 772 1856 a
785 1825 852 1856 RR.
873 1825 1037 1857 Canonicis
1056 1825 1194 1865 benigne
1209 1825 1297 1856 venia
1321 1823 1487 1864 gemmulaa
1510 1822 1604 1864 hujus
1620 1817 1781 1857 exemplar
1795 1814 1880 1870 Ρξξτξ·

250 1874 310 1904 bus
332 1873 504 1905 litterarum
523 1874 633 1907 formis
647 1876 800 1914 faciendi,
832 1881 926 1918 prout
957 1886 1041 1909 nunc
1068 1877 1102 1908 in
1128 1878 1233 1909 tabula
1261 1880 1367 1909 nostra
1390 1875 1586 1916 conspicitur
1616 1870 1679 1910 (a);
1714 1875 1789 1898 mox
1816 1865 1879 1896 ίδί·

252 1921 324 1953 dem
342 1923 409 1962 Alegi
438 1924 532 1955 etiam
560 1927 810 1967 manuscriptum
837 1924 1058 1967 capitularium
1074 1928 1219 1959 codicum
1237 1927 1411 1959 indiculum
1429 1934 1447 1957 a
1466 1925 1614 1965 Scipione
1642 1920 1776 1952 Maﬂ'acio
1803 1925 1882 1948 con.

253 1973 428 2009 fectum,in
448 1984 513 2015 quo
527 1976 586 2006 sub
611 1985 744 2009 numero
769 1977 824 2008 11'9
840 1977 886 2007 vir
906 1977 959 2010 ille
986 1976 1196 2016 doctissimus,
1219 1978 1379 2019 Cyrilliani
1413 1976 1481 2008 folii
1509 1978 1599 2007 antea
1628 1970 1806 2013 possessor,
1837 1969 1882 2000 ita

252 2023 363 2054 scribit
381 2032 388 2054 :
408 2025 541 2056 «Codex
556 2035 620 2057 non
637 2030 696 2065 est,
714 2036 809 2067 quem
827 2028 878 2060 hic
892 2028 962 2064 tibi,
977 2027 1088 2065 lector,
1103 2037 1209 2066 narro,
1234 2028 1289 2060 sed
1308 2028 1430 2068 pagella
1445 2035 1509 2058 una
1526 2021 1722 2056 membranei
1743 2020 1880 2056 codicis,

252 2075 283 2103 et
298 2074 425 2114 quidem
441 2076 532 2107 exilis
540 2077 721 2108 admodum.
734 2079 874 2111 Abscissa
889 2079 999 2120 procul
1011 2079 1108 2111 dubio
1122 2080 1190 2117 fuit,
1208 2079 1396 2111 detrimento
1408 2087 1535 2118 magno,
1546 2075 1762 2108 emolumento
1774 2071 1879 2107 nullo,

253 2124 292 2154 ab
308 2125 423 2156 eximio
439 2129 469 2156 et
483 2127 573 2157 multi
588 2127 733 2159 faciendo
752 2128 871 2161 libello.
889 2130 945 2167 Qui
964 2138 1032 2161 eam
1048 2129 1087 2160 ad
1101 2139 1152 2162 me
1171 2130 1266 2167 misit,
1286 2129 1431 2160 daturum
1449 2137 1483 2160 se
1503 2127 1591 2159 brevi
1609 2123 1786 2167 persimiles
1801 2123 1881 2153 alias

251 2174 377 2212 multas,
395 2177 622 2217 subsequentes
634 2182 723 2218 puto,
745 2181 932 2220 spopondit;
947 2181 1002 2213 sed
1030 2181 1068 2213 ab
1082 2181 1173 2212 annis
1201 2180 1346 2220 pluribus
1370 2179 1586 2220 nequidquam
1609 2179 1771 2217 exspecto.
1793 2174 1880 2206 Scri-

250 2227 340 2264 ptum
367 2224 480 2257 litteris
507 2228 679 2268 majoribus
708 2234 846 2267 constat,
868 2231 1050 2262 accentibus
1078 2239 1096 2262 a
1120 2231 1221 2270 prima
1249 2239 1345 2261 manu
1378 2230 1602 2271 superpositis;
1627 2227 1797 2268 septimum
1826 2227 1882 2256 aut

250 2278 396 2307 octavum
411 2277 562 2309 saeculum
581 2279 712 2311 redolet.
729 2281 774 2311 Ne
791 2281 892 2312 avolet
911 2280 1035 2321 pagella
1066 2284 1097 2311 et
1111 2281 1272 2320 depereat,
1288 2283 1322 2311 ut
1342 2281 1432 2312 initio
1447 2290 1550 2321 nuper
1564 2279 1654 2310 relati
1672 2277 1793 2309 codicis
1806 2275 1881 2307 dili-

250 2331 361 2366 genter
378 2332 568 2368 assueretur,
585 2332 702 2363 curavi.
718 2333 797 2369 Quid
812 2337 917 2364 autem
938 2333 1111 2369 contineat,
1125 2333 1245 2372 accipe.
1257 2333 1333 2373 (Hic
1351 2333 1503 2364 Maﬁ‘aeius
1526 2332 1736 2371 fragmentum
1759 2328 1881 2360 exscri-

247 2378 307 2416 bit,
322 2382 390 2410 tum
405 2380 508 2420 pergit
526 2381 630 2413 dicere
646 2382 665 2423 :)
683 2383 789 2422 Cyrilli
804 2383 976 2423 genuinum
993 2392 1062 2415 esse
1077 2383 1187 2421 fctum,
1208 2392 1245 2414 ex
1260 2383 1369 2423 paucis
1387 2383 1436 2414 his
1452 2383 1555 2414 verbis
1574 2382 1692 2422 optime
1711 2381 1883 2420 dignoscet

251 2429 436 2470 quicunque
458 2431 544 2463 illius
570 2441 667 2472 opera
691 2433 862 2473 aliquando
887 2434 1029 2465 triverit:
1053 2434 1271 2474 deprehendet
1300 2434 1383 2465 enim
1407 2433 1510 2465 statim
1539 2432 1707 2474 proprium
1728 2430 1810 2462 illud
1831 2430 1882 2460 di-

251 2480 345 2512 cendi
361 2489 472 2521 genus,
489 2491 524 2514 ac
542 2483 636 2515 veluti
649 2485 818 2525 specialem
834 2485 985 2525 linguam,
1012 2496 1106 2527 quam
1129 2487 1200 2527 jure
1215 2487 1393 2527 meritoque
1412 2487 1544 2518 Photius
1560 2485 1642 2526 (cod.
1666 2492 1757 2521 XLIX,
1777 2492 1811 2523 p.
1832 2482 1881 2522 38)

243 2533 367 2573 Cyrillo
388 2532 513 2564 tribuit:
546 2538 631 2573 Λόγος
653 2539 850 2575 πεπονημένος,
875 2540 923 2567 καὶ
943 2541 982 2572 εἰς
1009 2540 1164 2572 ἰδιάζουσαν
1189 2541 1260 2569 ἰδέαν
1279 2542 1504 2577 ὲκεεὸιασμένος,
1523 2541 1571 2568 καὶ
1596 2537 1651 2567 οἷον
1676 2539 1814 2575 λελυμένη
1835 2538 1883 2565 καὶ

252 2588 283 2615 τὺ
306 2590 408 2624 μέτρον
431 2588 594 2624 ὑπερορῶσα
613 2589 732 2625 ποίησις.
758 2586 839 2626 Ejus
863 2587 965 2618 oratio
986 2587 1013 2617 el

1119 2593 1165 2626 ta,
1183 2593 1213 2620 et
1237 2590 1272 2620 in
1296 2589 1484 2629 peculiarem
1507 2589 1642 2628 formam
1660 2590 1824 2624 contorta,
1845 2595 1880 2616 ac

250 2635 334 2667 velut
353 2635 452 2666 libera
471 2641 628 2676 metroque
651 2636 753 2667 soluta
777 2639 892 2677 poesis.
921 2638 1055 2670 Phrases
1077 2640 1165 2671 vides
1193 2649 1211 2673 a
1239 2640 1401 2672 communi
1421 2650 1482 2672 usu
1505 2639 1659 2680 loquendi
1680 2642 1833 2676 remotas,
1851 2642 1881 2669 et

251 2687 377 2727 poetica
399 2688 494 2719 verba
514 2696 585 2727 quae
611 2688 644 2718 in
663 2687 732 2719 aliis
743 2689 852 2719 Cvriili
876 2690 1026 2730 operibus
1048 2699 1113 2723 non
1141 2700 1205 2722 una
1227 2692 1294 2723 vice
1328 2692 1479 2732 reperias,
1505 2701 1534 2723 v.
1564 2700 1623 2731 gr.,
1642 2696 1744 2723 εὐκλεᾶ
1776 2705 1808 2723 τε
1833 2697 1879 2723 καὶ

285 2760 327 2804 (βξ)
341 2760 467 2804 \Viides‘i'n
480 2761 773 2804 tabula'(Exposi'tioni
786 2762 948 2804 in_Psalmos_
960 2771 1034 2804 prae-
1089 2773 1198 2804 quoque
1214 2766 1492 2804 celebri‘Bibliorum
1521 2766 1608 2794 V'atic.
1622 2766 1718 2794 Matth.
1732 2774 1810 2801 xxw,
1831 2766 1875 2804 53,

249 2795 406 2837 missa)_pro
418 2796 532 2837 advenat
548 2795 676 2837 cogam.
700 2796 728 2823 Id
757 2797 896 2837 pertinere
923 2795 1010 2837 viden

670 2816 676 2822 .
700 2796 728 2823 Id
757 2797 896 2837 pertinere
923 2795 1033 2837 videtur
1087 2795 1282 2837 lcgiturreque
1303 2801 1428 2837 δύναμαι.

250 2829 286 2857 ad
304 2829 452 2858 dial’ectum
471 2829 702 2864 Alexandrinam,
723 2829 854 2867 quoniam
869 2833 909 2870 _in
939 2833 1033 2861 codice
1115 2829 1129 2836 ν
1190 2834 1193 2838 ’
