1929 3042
71 170 114 200 ΙΠ
514 171 761 202 ΡΒᾸΖΕΛἩΟΝΕΞ
780 173 950 201 Εῡιῑιολιδ
967 174 1253 203 (ςιιτεεο-ιλτιΝιε.
1643 178 1694 207 ηδ

69 231 129 262 diu
142 231 346 270 fortissimus
359 231 521 271 gentilium
537 235 564 262 et
579 231 793 262 hiereticorum
811 241 898 263 arces
913 232 986 263 olim
1002 234 1122 264 euertit.
1142 233 1197 270 Et,
1217 233 1245 264 si
1257 234 1319 265 tuis
1333 235 1504 274 auspiciis,
1521 235 1695 267 cardinalie

71 282 323 321 eminentissime,
344 285 376 314 in
389 288 511 314 exteras
528 283 613 315 orbis
631 285 774 324 regiones
791 285 959 326 aliquando
976 286 1196 326 transferetur,
1212 286 1271 317 ibit
1282 296 1379 327 porro
1391 288 1455 319 illis
1470 289 1547 328 ipsis
1562 288 1696 328 insignis

70 334 159 364 armis
174 334 208 363 in
221 334 435 366 Nestorianas
452 335 614 376 reliquias,
631 335 754 376 aliaque
769 337 947 368 istiusmodi
961 342 1111 375 "tonstra,
1129 347 1195 378 qua
1207 338 1329 377 pridem
1345 339 1458 370 Oriens
1477 339 1550 378 alit,
1567 343 1621 369 aut
1631 348 1697 380 qua

71 396 127 418 non
140 385 250 417 multis
269 387 386 418 abhinc
403 388 494 418 annis
514 388 663 420 Occidens
683 389 822 428 infausto
831 394 928 429 partu
941 391 1086 430 suscepit.
1099 389 1219 428 Quibus
1228 391 1423 430 propositum
1438 401 1505 422 cum
1517 391 1558 421 sit
1571 391 1604 422 S.
1621 390 1696 430 Spi-

71 438 145 467 ritus
160 442 189 467 et
205 437 334 469 Christi
347 439 470 470 Domini
483 439 692 476 divinitatem,
706 440 779 479 ﬁdei
790 444 903 470 nostra
911 444 1014 479 caput,
1030 444 1175 477 evertere,
1187 440 1333 470 acerrimi
1342 439 1458 479 pugilis
1472 441 1533 471 vim
1544 445 1572 471 et
1587 441 1695 471 incur-

71 497 131 518 sum
142 496 206 517 non
225 488 355 526 frustra
372 489 518 526 sentient,
537 498 590 529 qui
605 493 650 520 tot
666 489 740 520 olim
755 489 876 521 Christi
893 491 950 520 Dei
973 489 1073 520 hostes
1092 489 1270 520 incredibili
1290 490 1405 520 virtute
1424 491 1608 529 prostravit.
1633 490 1696 522 Nec

71 539 164 578 magis
180 538 220 568 ab
234 538 294 570 illo
311 540 373 570 tuti
385 540 454 579 fore
465 539 609 570 censendi
623 545 695 570 sunt
710 532 1033 581 novatores:quorum
1048 544 1170 570 strenue
1186 539 1447 580 confutandorum
1458 549 1525 570 cum
1543 540 1602 571 tibi
1616 541 1697 572 Deus

72 591 204 620 animum
228 599 268 620 ac
292 594 424 620 mentem
445 590 608 627 indiderit,
628 599 681 620 nec
704 594 732 621 te
754 591 860 630 pigeat
884 590 1139 630 gravissimorum
1161 590 1358 629 negotiorum
1375 588 1539 620 intervalla
1559 590 1614 620 hoc
1633 591 1696 621 otio

73 645 172 671 sancto
188 640 400 681 distinguere,
414 651 479 672 rem
494 641 672 672 decidendis
688 641 726 672 iis
739 631 807 682 quae
822 642 854 671 in
868 641 1018 681 religione
1034 645 1106 672 sunt
1121 646 1320 672 controversa
1338 639 1491 680 capitibus
1503 640 1699 672 utilissimam

74 696 147 722 certe
166 691 299 730 feceris,
313 693 341 722 si
355 695 407 722 tuo
425 691 582 732 bene/icio,
600 701 666 732 quin
679 692 738 723 tibi
749 691 919 731 amplitudo
932 695 976 722 est
986 691 1095 729 animi,
1106 695 1209 722 vetera
1225 691 1259 722 id
1267 700 1363 731 genus
1376 695 1555 722 sanctorum
1568 691 1699 722 Patrum

74 746 268 772 monumenta
288 743 424 774 studiose
440 744 677 783 conquirantur,
689 748 717 774 et
728 752 786 782 per
803 743 930 774 idoneos
944 742 1082 772 homines
1098 743 1129 772 in
1144 741 1242 773 lucem
1257 742 1402 772 edantur.
1414 741 1468 772 Ea:
1479 740 1527 771 his
1543 741 1624 771 enim
1634 750 1700 781 qua

74 793 165 831 fuerit
177 793 334 832 primaeva
348 794 435 833 ﬁdes,
449 803 515 834 qua:
530 794 703 834 disciplinis
718 795 835 833 forma,
848 797 881 829 et
899 794 953 834 qui
971 793 1052 824 ritus
1067 794 1189 832 antiqui
1206 793 1343 824 omnium
1361 793 1475 832 optime
1491 792 1700 832 dignoscitur,

77 846 102 872 et
114 842 166 873 via;
182 842 251 874 ulla
265 843 409 875 suboriri
421 849 524 884 potest
541 845 575 876 in
585 845 646 884 ﬁde
659 845 786 875 novatio
804 853 871 885 quae
887 853 950 875 non
971 845 1069 883 possit
1094 852 1199 874 eorum
1215 843 1400 883 proejudicio
1422 842 1530 873 deleri.
1546 842 1613 873 Hoc
1627 851 1700 873 vero

77 899 102 925 te
119 899 220 925 manet
235 896 367 935 facinus
378 895 632 936 pulcherrimum,
644 896 816 928 cardinalis
834 897 1071 927 eminentissime
1084 920 1091 933 ,
1111 895 1172 926 hac
1188 905 1203 926 e
1223 895 1369 926 maximis
1385 895 1447 925 tuis
1470 893 1702 933 innumerisque

77 947 217 979 laudibus
235 957 303 978 una
320 958 354 979 eo
369 958 458 989 quem
484 949 519 980 in
532 957 627 989 regno
650 949 843 980 Francorum
862 952 891 979 et
906 947 1048 979 Ecclesia
1063 947 1120 978 Dei
1139 946 1257 977 obtines
1275 946 1376 986 gradu
1394 945 1483 985 longe
1502 944 1699 984 dignissima.

78 997 136 1028 Alii
147 998 227 1030 alios
241 998 305 1030 tibi
314 999 487 1040 triumphos
502 1003 608 1040 optent
621 1009 633 1030 :
643 1008 746 1030 omnes
758 1008 812 1039 ego
828 998 897 1036 tibi,
909 999 963 1030 sed
977 1000 1010 1030 in
1018 998 1130 1039 primis
1145 1007 1195 1027 eos
1209 1005 1318 1027 vovere
1330 1005 1393 1027 non
1406 995 1557 1031 desinam,
1571 1000 1702 1034 quorum

79 1058 135 1081 non
148 1049 179 1080 in
197 1051 295 1082 terris
312 1050 482 1086 modo.sed
493 1053 521 1081 et
537 1050 570 1082 in
585 1049 666 1081 ccli:
683 1051 867 1090 consignata
877 1050 1028 1081 memoria
1043 1049 1246 1080 immortalem
1262 1052 1290 1079 te
1313 1056 1351 1077 ex
1366 1045 1494 1077 mortali
1507 1045 1642 1086 faciant.

810 1132 845 1162 E.
870 1133 906 1163 Τ,
929 1133 965 1162 D.

1240 1171 1380 1201 Joannes
1404 1168 1613 1199 ALBERTUS.

726 1356 1058 1414 LECTORI.

116 1545 163 1579 Qui
174 1544 334 1573 Graecorum
347 1543 476 1572 Ecclesiae
488 1544 599 1573 Patrum
607 1543 812 1572 lucubrationes
829 1544 926 1572 Latine
942 1548 1048 1572 tantum
1064 1544 1093 1571 in
1102 1544 1192 1572 lucem
1208 1543 1320 1576 dedere,
1338 1541 1445 1570 tametsi
1475 1540 1569 1568 labore
1581 1547 1636 1567 suo.
1648 1548 1702 1567 non

88 1598 179 1628 parum
192 1591 327 1620 Ecclesiae
345 1591 518 1627 profuerunt,
534 1590 661 1619 nonnihil
674 1595 765 1619 tamen
780 1592 898 1627 posteris
910 1592 1037 1619 intulisse
1053 1591 1183 1619 videntur
1197 1590 1374 1624 incommodi,
1388 1589 1462 1626 quod
1480 1588 1567 1617 Graeci
1591 1586 1701 1615 codices

91 1645 142 1665 non
158 1638 238 1673 pauci
264 1638 369 1673 quibus
383 1638 426 1666 usi
452 1641 542 1670 erant,
558 1637 701 1666 hominum
716 1638 826 1666 tandem
838 1638 956 1671 incuria,
970 1646 1033 1666 cum
1049 1637 1152 1665 Latinae
1167 1636 1303 1665 versionis
1325 1635 1519 1671 opportunitas
1543 1634 1662 1666 adesset,
1674 1633 1703 1662 in

88 1683 137 1711 situ
147 1692 177 1712 ac
196 1685 323 1712 tenebris
333 1685 486 1720 perierunt.
516 1684 574 1712 Hoc
588 1684 718 1712 damnum
743 1689 891 1713 senserunt
906 1686 971 1712 olim
993 1685 1123 1720 permulti
1139 1683 1270 1712 Ecclesia:
1293 1683 1407 1711 Patres:
1422 1690 1474 1710 nec
1487 1682 1548 1717 ejus
1574 1679 1705 1708 immunis

89 1728 198 1765 Cyrillus
218 1731 385 1763 exstitisset,
397 1731 451 1758 nisi
466 1731 581 1768 studiosi
596 1732 721 1759 homines
745 1732 800 1767 jam
814 1726 990 1767 periclitanti
1018 1732 1164 1759 salutarem
1189 1737 1300 1758 manum
1328 1729 1521 1760 intendissent.
1541 1728 1615 1755 Inter
1638 1732 1708 1762 quos

90 1776 186 1803 utinam
200 1777 306 1804 Anton.
321 1777 781 1813 Asellius,Acernensisepiscopus,
796 1782 843 1805 aut
851 1778 1041 1805 Bonaventura
1053 1777 1212 1809 Vulcanius,
1226 1776 1328 1804 eruditi
1340 1776 1514 1810 interpretes,
1526 1777 1573 1801 aut
1584 1772 1709 1800 Andreas

90 1819 194 1850 Scottus
208 1826 236 1849 et
252 1822 375 1851 Jacobus
389 1822 528 1849 Pontanus
544 1829 559 1849 e
583 1822 714 1849 societate
728 1822 804 1855 Jesu,
824 1825 872 1849 aut
890 1821 990 1849 Anton.
1004 1821 1128 1854 Salmat.,
1140 1828 1174 1848 ex
1184 1821 1365 1848 Ambrosiano
1378 1818 1492 1854 collegio
1509 1817 1606 1845 doctor
1626 1817 1705 1845 theo-

90 1867 171 1904 logus,
192 1873 240 1896 aut
259 1869 350 1896 Nico].
366 1869 496 1901 Borbon.,
513 1868 612 1896 Graecae
628 1868 728 1904 linguae
741 1869 880 1904 professor
890 1863 1033 1902 emeritus,
1050 1869 1098 1904 qui
1111 1868 1138 1896 in
1153 1868 1206 1896 hoc
1230 1868 1364 1903 scriptore
1386 1865 1520 1893 vertendo
1533 1863 1650 1891 feliciter
1664 1870 1710 1890 su-

91 1916 192 1946 darunt.
210 1922 285 1950 opus
298 1923 313 1942 a
324 1922 353 1942 se
371 1915 529 1943 inchoatum
538 1915 572 1943 ad
589 1916 692 1943 exitum
708 1915 916 1951 perduxissentl
932 1916 1032 1952 Dignos
1042 1919 1117 1944 certe
1137 1919 1229 1943 tantus
1247 1913 1376 1942 Ecclesia:
1400 1912 1496 1940 (lector
1512 1916 1609 1938 nactus
1622 1909 1712 1937 inter-

90 1963 174 1994 pretes
190 1959 275 1995 longe
292 1959 406 1987 nitidior
421 1964 450 1986 et
459 1960 580 1987 ornatior
593 1963 745 1995 appareret.
761 1960 861 1988 Verum
882 1961 940 1988 sive
971 1961 1028 1988 otio
1043 1968 1098 1988 non
1117 1959 1283 1988 abundarint
1299 1958 1373 1994 quod
1395 1958 1470 1994 operi
1488 1962 1543 1985 tam
1558 1956 1647 1991 spisso
1661 1962 1710 1982 nc-

92 2005 232 2032 cessarium
248 2009 337 2038 esset,
355 2006 412 2033 sive
429 2006 490 2034 aliis
511 2006 610 2034 studiis
625 2010 672 2034 aut
685 2008 803 2042 negotiis
817 2008 948 2035 abstracti
964 2007 1036 2035 istud
1051 2008 1142 2036 oneris
1167 2007 1329 2043 abjecerint,
1357 2006 1386 2034 in
1408 2005 1508 2041 capite,
1527 2003 1600 2040 quod
1622 2003 1711 2032 aiunt.

91 2053 173 2080 solum
192 2054 369 2086 laborarunt,
384 2059 496 2082 caeteras
507 2055 630 2090 corporis
641 2059 734 2090 partes
752 2056 926 2090 imperfectas
950 2056 1132 2091 reliquerunt.
1153 2056 1230 2089 Quod
1249 2063 1311 2083 cum
1326 2055 1355 2082 in
1371 2054 1467 2090 primis
1487 2053 1623 2085 dolerem,
1638 2055 1667 2080 et
1685 2051 1712 2079 in

91 2107 144 2128 eam
159 2101 221 2128 vitae
236 2101 376 2129 rationem
397 2102 536 2137 ingressus
547 2110 636 2130 essem
654 2102 682 2130 in
698 2110 751 2137 qua
769 2103 855 2130 otium
881 2108 1048 2139 suppeteret,
1068 2104 1139 2139 cepi,
1155 2103 1330 2144 quantumvis
1346 2102 1543 2130 mediocritatis
1561 2108 1629 2128 mea:
1644 2107 1713 2128 eon-

98 2150 173 2180 sclus,
194 2149 330 2178 editionis
343 2149 425 2184 hujus
436 2149 593 2182 consilium,
607 2154 693 2182 ratus,
714 2155 744 2177 ut
758 2150 785 2177 in
804 2150 940 2186 locuplete
961 2151 1052 2184 domo,
1071 2151 1149 2178 sicin
1168 2150 1291 2178 Ecclesia
1306 2150 1356 2177 Dei
1370 2156 1430 2177 esse
1457 2156 1567 2183 quoque
1584 2146 1714 2174 ﬁctilibus

91 2199 116 2221 et
126 2194 218 2230 ligneis
228 2196 304 2223 vasis
317 2196 406 2222 locum
418 2196 548 2230 aliquem,
563 2196 584 2223 si
598 2196 679 2224 modo
697 2196 752 2224 sint
769 2196 842 2224 usui.
854 2196 1040 2232 Intelligebam
1057 2197 1131 2224 enim
1147 2205 1228 2231 quam
1248 2196 1317 2223 male
1332 2203 1348 2222 a
1360 2194 1501 2222 nonnullis
1514 2192 1714 2229 interpretibus

92 2239 193 2268 habitus
204 2245 278 2269 esset
291 2240 416 2276 plurimis
433 2240 461 2268 in
476 2241 556 2268 libris
580 2240 708 2276 Cyrillus,
735 2241 762 2268 in
783 2241 884 2276 quibus
906 2241 1090 2277 repurgandis
1108 2249 1219 2276 operam
1235 2248 1338 2276 ponere
1363 2247 1418 2268 non
1439 2239 1521 2268 modo
1540 2238 1638 2266 inutile
1657 2245 1713 2266 non

92 2292 165 2318 esset,
179 2288 226 2315 sed
249 2295 384 2323 perquam
406 2286 604 2314 necessarium.
631 2286 689 2315 Dici
712 2287 813 2323 quippe
834 2295 890 2316 non
912 2291 1003 2323 potest
1014 2291 1147 2322 quantum
1160 2287 1213 2315 sibi
1223 2287 1295 2323 juris
1308 2286 1336 2314 in
1349 2290 1412 2315 eum
1434 2285 1583 2319 sumpserit
1595 2283 1627 2312 G.
1645 2283 1714 2311 Tra-

93 2334 237 2367 pezuntius,
253 2334 348 2361 multis
362 2334 392 2361 in
412 2334 550 2369 epitomen
561 2333 690 2366 redactis,
702 2339 730 2361 et
742 2342 887 2370 perperam
900 2341 971 2369 saepe
984 2334 1133 2361 translatis.
1156 2333 1235 2368 Quod
1257 2334 1286 2362 in
1306 2333 1436 2361 Thesauro
1450 2331 1560 2366 quidem
1585 2333 1714 2365 expertus

93 2380 201 2414 primum
223 2381 327 2408 Bonav.
353 2380 509 2412 Vulcanius,
527 2388 578 2415 ego
590 2380 689 2407 deinde
717 2380 803 2407 nihilo
829 2381 1027 2417 religiosiorcm
1040 2381 1124 2409 fuisse
1141 2381 1170 2408 in
1191 2380 1344 2408 Comment.
1359 2380 1413 2407 illis
1431 2379 1459 2406 in
1478 2377 1610 2405 Joannem
1624 2376 1715 2412 reipsa

94 2427 214 2461 comperi.
224 2428 280 2454 Nec
291 2427 372 2462 longe
386 2427 491 2454 felicior
508 2427 643 2463 interpres
656 2426 894 2462 OEcolampadius,
913 2432 943 2455 ut
953 2428 1037 2455 libros
1048 2427 1086 2455 De
1095 2427 1224 2454 Trinilule
1235 2430 1263 2453 et
1275 2429 1367 2452 contra
1379 2423 1519 2452 Iulianum
1529 2421 1631 2458 legenti
1638 2421 1717 2450 facile

95 2472 199 2505 patebit.
217 2473 312 2508 Neque
331 2477 420 2500 tamen
433 2481 481 2500 eos
492 2481 540 2500 sua
557 2473 637 2500 laude
654 2480 747 2500 carere
760 2473 854 2506 velim,
864 2478 911 2501 aut
923 2482 973 2509 ego
990 2479 1046 2501 tam
1057 2477 1203 2501 accuratus
1216 2471 1322 2504 haberi,
1338 2474 1369 2498 ut
1384 2478 1440 2498 non
1452 2468 1654 2504 quamplurima
1668 2475 1716 2494 su—

96 2524 195 2551 peresse
212 2527 323 2554 quoque
336 2518 432 2546 fatear.
450 2526 510 2554 qua:
523 2518 729 2554 diligentiorum
742 2525 853 2553 operam
870 2526 902 2546 ac
922 2519 1057 2555 judicium
1075 2518 1226 2553 requirant.
1243 2517 1336 2551 Itaque
1353 2515 1375 2543 si
1387 2514 1452 2550 quid
1473 2522 1489 2542 a
1513 2520 1556 2541 me
1573 2515 1715 2548 peccatum

97 2562 299 2597 animadvertes,
317 2564 495 2592 humanitatis
508 2569 549 2592 est
561 2564 718 2600 ignoscere;
735 2571 822 2599 eoque
831 2565 932 2600 justius
945 2566 1025 2593 venia
1038 2564 1143 2600 sperari
1156 2564 1248 2596 debet,
1263 2562 1337 2598 quod
1353 2561 1463 2589 diﬂicile
1485 2559 1632 2587 admodum
1656 2563 1719 2585 erat

98 2617 121 2644 in
133 2614 181 2636 tam
195 2611 275 2647 longo
290 2611 379 2646 spatio
390 2619 444 2638 non
454 2611 596 2646 cespitarc.
606 2611 681 2639 Adde
690 2612 763 2647 quod
773 2619 835 2639 cum
847 2619 915 2647 opus
928 2616 1119 2644 retractarem,
1132 2615 1160 2639 et
1168 2610 1291 2645 quaedam
1304 2613 1400 2637 notare
1410 2608 1556 2643 cmpissen,
1570 2612 1717 2633 excussum

99 2662 125 2682 ac
140 2657 337 2691 propemodum
366 2660 503 2683 extortum
519 2655 586 2683 mihi
614 2661 654 2684 est
673 2657 763 2692 ipsum
779 2656 813 2684 de
836 2657 975 2690 manibus,
989 2657 1200 2693 bibliopolarum
1213 2656 1324 2684 assidua
1345 2653 1512 2690 ﬂagitatione
1523 2672 1530 2684 ,
1548 2659 1613 2679 suas
1624 2650 1717 2686 perire

99 2701 144 2728 sibi
156 2703 273 2730 rationes
285 2702 527 2738 objicientium,ct
545 2710 578 2730 eo
589 2703 700 2731 nomine
718 2703 745 2730 in
762 2703 863 2738 juslme
882 2703 1084 2738 quodammodo
1105 2703 1282 2740 rapientium.

129 2747 161 2775 Ut
184 2757 250 2776 vero
272 2757 324 2784 per
356 2757 425 2784 quos
436 2750 623 2785 profecerimy
639 2753 667 2777 et
689 2750 789 2785 quibus
811 2750 983 2785 adjutoribus
998 2751 1148 2778 editionem
1169 2750 1239 2778 hanc
1262 2748 1430 2780 adornarim,
1450 2755 1485 2775 ne
1501 2752 1525 2775 te
1541 2747 1634 2779 lateat,
1649 2745 1727 2774 scito

102 2795 203 2829 graliam
215 2796 243 2823 in
257 2795 355 2831 primis
366 2796 459 2824 deberi
471 2797 640 2832 amplissimo
656 2797 714 2824 viro
723 2796 755 2823 N.
767 2797 895 2832 Rigaltio,
917 2797 963 2832 qui
979 2797 1046 2825 mihi
1061 2801 1195 2833 quotquot
1215 2797 1242 2824 in
1264 2795 1346 2831 Regis
1366 2794 1515 2823 lectissima
1530 2793 1576 2821 illa
1593 2800 1663 2828 gaza
1676 2799 1724 2819 rc-

102 2840 172 2875 positi
184 2845 262 2869 erant
276 2841 373 2878 Cyrilli
390 2842 499 2870 codices
511 2842 628 2879 benigne
640 2843 853 2871 communicavit
871 2853 878 2871 ι
896 2844 1047 2879 itidemque
1070 2844 1123 2871 Π).
1142 2843 1216 2872 card.
1238 2841 1388 2869 Barberino
1401 2845 1430 2869 et
1445 2840 1478 2868 S-
1492 2838 1644 2875 Onuphrio,
1660 2845 1719 2865 om-

103 2886 141 2914 nis
150 2887 275 2916 doctrinae
287 2892 315 2917 et
331 2888 507 2917 humanitatis
519 2889 599 2917 laude
613 2887 846 2921 eminentissimis,
861 2896 976 2923 quorum
985 2889 1145 2917 auctoritate
1163 2887 1343 2916 reverendiss.
1359 2886 1541 2915 Paterlloral.
1551 2883 1722 2914 Justinianus
