1929 3042
225 186 275 216 H9
770 184 909 212 ANTONII
928 183 1063 212 ACELLH
1083 182 1272 211 PRrEFATIO.
1806 182 1856 209 m

226 246 314 274 libros
330 253 348 274 ιι
360 246 525 281 posteriores
532 244 686 272 Comment.
700 244 727 272 in
740 244 841 273 Isaiam
854 247 1009 282 prophetam
1022 251 1050 273 et
1070 246 1171 273 librum
1194 253 1240 273 vni
1257 247 1284 273 in
1296 245 1408 273 Joannis
1428 244 1603 281 anngelium
1615 242 1649 271 ad
1664 249 1716 270 nos
1734 248 1771 268 ex
1781 240 1856 268 Vati-

223 300 292 320 cana
307 291 467 319 transmisit.
479 290 547 318 Nam
563 292 691 326 quintum
703 301 735 321 ac
752 298 860 322 sextum
878 295 907 322 in
920 294 1054 322 Joannem
1078 295 1187 322 nescire
1202 299 1229 323 te
1242 302 1298 322 non
1311 299 1421 330 oportet
1445 294 1585 322 illustriss.
1613 301 1645 321 ac
1666 289 1854 319 reverendlss.

221 337 255 364 Ι).
273 336 370 364 Carolo
381 336 414 363 de
425 335 559 370 Moncbal,
582 338 790 375 archiepiscopo
801 340 947 373 Tolosano,
963 340 997 367 de
1014 340 1116 368 litteris
1129 347 1212 376 supra
1236 348 1318 376 quam
1340 340 1394 368 dici
1414 345 1505 376 potest
1520 340 1590 368 bene
1606 339 1717 370 merito,
1744 336 1854 367 deberi,

204 381 268 420 tqui
286 381 366 409 nobis
381 389 429 409 eos
445 389 479 409 ex
493 382 524 409 L.
538 382 663 411 Hostenii
679 384 862 412 eruditissimi
882 385 934 413 viri
949 385 1101 421 κειμηλίοις
1119 385 1301 421 deprompsit,
1317 385 1345 413 id
1364 386 1477 420 insuper
1491 385 1615 412 studiose
1641 381 1855 411 commendante

222 428 257 456 N.
279 427 408 455 Fabricio
424 428 564 456 Peirescio
577 430 613 461 ,in
629 435 726 458 senatu
743 430 864 466 Aquensi
880 431 1037 459 consiliario
1050 431 1123 467 regis
1137 431 1317 467 amplissimo,
1334 432 1414 467 cujus
1433 435 1522 458 morte
1540 430 1723 459 clarissimum
1747 428 1856 455 littera—

218 482 280 502 rum
298 474 390 502 lumen
407 476 574 503 exstinctum
591 475 657 503 boni
673 484 769 504 omnes
792 476 931 504 desiderio
947 485 998 504 suo
1013 484 1046 504 ac
1073 477 1168 505 dolore
1195 481 1338 505 testantur.
1357 477 1463 505 Exinde
1488 477 1534 504 alii
1556 476 1682 504 certatim
1697 475 1766 502 huic
1777 477 1854 508 operi

194 539 195 542 η
224 528 338 548 manum
357 521 552 550 admoverunt.
566 522 633 549 Nam
648 522 810 550 Thesaurum
827 530 881 550 una
892 530 955 550 cum
968 523 1030 558 ejus
1042 523 1281 558 interpretatione,
1297 527 1326 551 et
1335 523 1373 550 De
1388 523 1544 550 adoratione
1557 522 1585 550 in
1610 521 1706 557 spiritu
1731 528 1764 547 ac
1787 519 1855 547 veri-

221 572 275 595 tate
288 569 375 596 libros
388 578 452 601 xvn,
469 578 540 605 quos
554 569 707 598 Academiae
720 570 976 606 Lugduno—Batavm
989 570 1181 598 Bonaventura
1195 571 1345 600 Vulcanius
1363 571 1502 607 quondam
1519 571 1666 606 legaverat,
1682 568 1784 596 advehi
1804 575 1855 594 cu—

222 614 294 641 ravit
306 615 342 642 el.
355 623 382 642 v.
399 615 430 642 Ρ.
446 615 724 653 Puteanusjuvandis
738 618 837 646 litteris
849 622 939 645 natus.
951 618 991 646 Ex
1003 626 1052 645 sua
1078 626 1144 646 vero
1167 619 1336 647 bibliotheca
1357 619 1559 647 illustrissimus
1576 618 1607 645 Ι).
1623 617 1656 644 de
1669 616 1779 651 Harlay,
1797 615 1854 642 Ma—

221 659 369 688 cloviensis
386 661 541 697 episcopus,
570 663 681 691 codices
699 663 769 690 duos
789 663 907 698 benigne
923 663 1121 698 suppeditavit,
1136 672 1254 699 quorum
1268 672 1339 692 unus
1352 663 1481 691 Catenam
1494 664 1522 690 in
1533 662 1646 691 Joannis
1661 660 1853 696 Evangelium,

219 713 254 734 ex
267 706 361 743 Cyrilli
376 709 547 744 aliorumque
562 710 672 737 Patrum
689 708 895 735 commentariis
909 709 1111 742 concinnatam,
1127 709 1196 736 alter
1205 709 1341 745 Claphyra
1353 711 1380 737 in
1392 709 1610 741 Pentateuchum,
1621 716 1676 735 una
1691 715 1756 735 cum
1775 706 1855 733 libris

220 753 260 780 De
276 754 431 782 adoratione
449 757 476 782 in
501 756 596 791 spiritu
617 759 642 781 et
660 755 780 787 veritate,
804 761 835 781 ac
851 753 984 781 Thesauro
1006 754 1207 789 complectitur.
1225 755 1265 782 Ex
1279 754 1446 790 Augustana,
1461 755 1575 782 Mathias
1596 754 1764 789 Ebingerus,
1794 752 1854 788 ejus

222 801 281 826 tum
296 804 391 828 custos
409 801 645 836 diligentissimus,
657 801 696 828 De
707 805 878 829 sacrosancto
902 801 1031 828 Trinitate
1047 801 1134 829 libros
1151 809 1201 829 sua
1218 809 1301 828 manu
1317 801 1421 829 diﬂicili
1445 805 1568 837 tempore
1589 800 1742 836 descriptos
1759 799 1852 832 ,misit.

220 845 366 873 Postremo
381 845 555 874 Collectanea
571 855 606 875 ex
621 847 724 884 Cyrillo
742 848 857 883 aliisque
870 848 997 875 Patribus
1009 852 1139 883 excerpta
1153 848 1340 883 suppeditavit
1351 847 1431 875 nobis
1449 847 1590 874 illustriss.
1604 847 1646 874 vir
1660 847 1691 874 ι).
1709 846 1851 878 Biberius,

221 891 293 918 sacri
311 891 474 921 Consistorii
486 901 589 926 comes,
610 893 777 929 integritatis
786 898 814 920 et
829 893 994 920 eruditionis
1003 893 1090 928 gloria
1108 893 1290 920 clarissimus.
1305 892 1411 926 Quibus
1423 891 1553 919 omnibus
1575 896 1681 919 tantum
1701 891 1852 926 gratiarum

220 945 271 973 ego
284 937 372 966 debeo
389 944 523 974 quantum
538 939 660 967 Ecclesia
676 939 813 967 commodi
828 947 863 966 ex
878 939 990 974 scriptis
1015 939 1182 966 sanctissimi
1210 938 1334 966 doctoris
1355 938 1455 973 capiet.
1475 938 1598 973 Longum
1624 941 1698 965 esset
1728 937 1853 971 reliquos

221 991 389 1018 percensere
404 985 451 1020 qui
465 985 533 1013 mihi
550 986 580 1013 in
594 986 648 1014 hoc
663 986 802 1013 curriculo
818 984 928 1012 sudanti
942 992 1020 1012 suam
1035 992 1116 1019 opem
1130 989 1178 1012 aut
1192 984 1353 1011 obtulerunt
1364 987 1411 1010 aut
1426 983 1625 1018 praestiterunt.
1640 982 1722 1010 Certe
1735 985 1851 1017 praater-

219 1029 292 1057 mitti
305 1037 360 1058 non
372 1030 455 1059 debet
469 1032 602 1059 eximium
617 1040 661 1059 vv.
677 1032 712 1059 cl.
726 1032 756 1059 P.
766 1031 877 1059 Juniiet
890 1031 921 1058 D.
940 1031 1016 1058 Rous
1027 1031 1054 1058 in
1069 1029 1191 1057 editione
1207 1035 1300 1058 nostra
1314 1029 1435 1065 iuvanda
1453 1028 1631 1063 ornandaque
1649 1027 1783 1059 studium,
1804 1034 1840 1061 qu

219 1075 348 1103 homilias
365 1076 469 1111 aliquot
496 1081 524 1104 et
545 1077 635 1105 varias
657 1077 684 1104 in
703 1084 750 1103 eas
776 1076 910 1104 lectiones
934 1083 968 1102 ex
991 1074 1204 1102 instructissima
1225 1073 1312 1101 Oxon.
1329 1073 1483 1100 Academiae
1498 1073 1665 1100 bibliotheca
1689 1076 1764 1099 tanta
1784 1072 1851 1100 mihi

219 1130 283 1149 cum
298 1122 438 1150 celeritate
451 1123 596 1156 miserunt,
612 1127 642 1151 ut
657 1123 827 1158 praevertisse
844 1121 1047 1158 quodammodo
1061 1120 1225 1148 viderentur
1241 1120 1402 1156 petitionem
1414 1127 1514 1147 meam.
1531 1119 1586 1147 Nec
1601 1118 1702 1145 tacitus
1716 1117 1805 1145 abibit
1818 1118 1840 1146 N
1850 1115 1858 1119 ’

219 1165 383 1199 Borbonius,
394 1167 522 1195 candoris
529 1171 557 1195 et
572 1167 675 1203 ingenii
690 1166 802 1194 dotibus
818 1166 1022 1198 ornatissimus,
1035 1165 1082 1201 qui
1096 1165 1237 1193 luculenta
1257 1165 1338 1192 nobis
1356 1164 1508 1199 fragmenta
1528 1165 1758 1193 intermediorum
1776 1172 1803 1192 Iv
1820 1163 1853 1191 li-

219 1214 333 1242 brorum
346 1215 373 1241 in
389 1214 520 1243 Joannem
535 1223 569 1243 ex
582 1215 685 1243 Catena
712 1215 852 1243 illustriss.
868 1215 900 1242 D.
918 1214 1041 1250 episcopi
1069 1213 1261 1241 Macloviensis
1273 1214 1422 1248 desumpta
1449 1213 1567 1248 benigne
1593 1214 1717 1246 tradidit,
1734 1221 1852 1248 quorum

218 1269 270 1296 ope
284 1262 368 1290 multa
384 1262 412 1289 in
436 1271 453 1290 ν
479 1268 507 1290 et
523 1271 548 1290 vt
566 1263 627 1290 loca
651 1263 869 1296 emendavimus,
900 1270 964 1290 cum
987 1261 1100 1289 unicum
1116 1261 1238 1296 alioquin
1262 1261 1403 1297 exemplar
1426 1266 1595 1297 suppeteret,
1620 1261 1747 1294 inﬁnitis,
1771 1266 1852 1289 utne

219 1311 285 1346 quid
301 1311 484 1344 dissimulem,
501 1312 608 1339 mendis
623 1312 808 1346 inquinatum.

254 1357 292 1385 De
310 1357 407 1384 ordine
421 1357 567 1390 librorum,
597 1357 650 1384 hoc
664 1357 775 1390 habeto,
798 1365 849 1384 nos
861 1364 925 1384 eum
944 1363 1000 1384 non
1019 1363 1215 1390 usquequaque
1246 1359 1356 1383 secutos
1374 1363 1445 1388 esse,
1467 1364 1549 1391 quem
1568 1356 1738 1391 exemplaria
1754 1355 1853 1383 Latina

219 1402 411 1439 praeferebant,
421 1401 470 1429 sed
481 1402 743 1435 commodissimum,
759 1406 892 1438 quantum
908 1402 1065 1437 patiebatur
1079 1402 1148 1429 ratio
1175 1405 1322 1434 tomorum,
1346 1402 1510 1430 instituisse.
1528 1403 1651 1431 Primum
1668 1403 1760 1430 locum
1773 1403 1854 1430 libris

219 1448 258 1475 De
273 1447 428 1474 adoratione
442 1446 471 1473 in
483 1447 579 1482 spiritu
595 1451 619 1473 et
631 1447 740 1474 ueritate
755 1455 810 1474 una
828 1454 891 1474 cum
909 1446 1050 1482 Glaphyris
1064 1445 1200 1479 dedimus,
1220 1447 1304 1481 quod,
1326 1448 1465 1483 proposita
1491 1448 1620 1483 legalium
1645 1454 1774 1484 typorum
1790 1457 1854 1477 cum

220 1493 378 1529 evangelica
388 1493 506 1520 veritate
529 1493 731 1526 convenientia,
744 1494 857 1529 planum
870 1493 924 1521 iter
935 1492 969 1520 ad
982 1492 1126 1527 utriusque
1143 1492 1312 1520 Testamenti
1328 1494 1513 1529 cognitionem
1536 1495 1672 1529 aperiunt,
1689 1495 1855 1530 animosque

219 1540 254 1568 ad
265 1539 478 1574 ejusiectionem
492 1538 595 1566 utiliter
611 1542 774 1574 praeparant.
788 1539 873 1566 Porro
886 1538 975 1566 varias
991 1538 1124 1566 lectiones
1134 1545 1188 1566 non
1205 1546 1302 1566 omnes
1318 1539 1366 1566 tibi
1382 1543 1619 1574 repraasentamus,
1639 1539 1679 1567 uti
1693 1547 1746 1568 nec
1756 1548 1855 1568 emen—

219 1587 346 1615 dationes
368 1590 396 1614 et
405 1586 659 1614 animadversiones
671 1585 699 1613 in
720 1593 753 1613 ea
765 1585 915 1620 Scriptura:
929 1585 989 1612 loca
1007 1593 1125 1620 quorum
1143 1585 1235 1613 versio
1262 1592 1324 1612 cum
1338 1585 1435 1612 Latina
1464 1586 1574 1621 vulgata
1598 1587 1690 1614 minus
1712 1588 1855 1621 congruit,

219 1635 424 1670 exemplaribus
438 1642 556 1670 quorum
568 1634 602 1662 ad
622 1634 773 1669 marginem
794 1642 841 1662 eas
853 1634 1014 1662 adnotaram
1028 1642 1077 1669 per
1095 1641 1230 1662 summam
1259 1634 1395 1661 incuriam
1411 1641 1558 1669 operarum
1583 1635 1702 1664 amissis.
1730 1636 1798 1664 Haec
1829 1641 1855 1664 te

220 1681 327 1717 paucis,
339 1682 438 1716 lector,
453 1683 588 1711 monitum
603 1682 688 1710 volui.
706 1682 784 1716 Quod
799 1687 936 1718 superest,
951 1683 1085 1715 studium,
1099 1690 1203 1717 quaeso,
1217 1690 1309 1710 meum
1325 1682 1390 1710 boni
1401 1683 1524 1715 consule,
1537 1687 1565 1711 et
1577 1683 1648 1711 bene
1664 1684 1714 1711 tibi
1739 1685 1857 1720 cupien-

222 1735 278 1756 tem
289 1729 384 1757 eodem
399 1730 492 1758 animo
509 1738 688 1765 prosequere.

225 1827 353 1835 —-——

578 1924 932 1973 ADMONITIO
968 1924 1196 1972 ANTON.
1238 1926 1479 1972 AGELLII

403 2023 565 2054 Praemisso
582 2022 712 2054 editioni
728 2022 844 2053 Latium
868 2021 1018 2053 librorum
1034 2022 1078 2053 De
1100 2022 1285 2053 adorotione
1304 2023 1337 2053 in
1357 2023 1473 2062 spiritu
1498 2020 1525 2054 ἐι
1545 2024 1683 2056 veritate.

889 2107 896 2137 (
910 2106 995 2132 Roma
1020 2105 1090 2137 1588,
1104 2106 1145 2131 fol.
1161 2107 1168 2137 )

259 2249 335 2276 Beati
355 2248 450 2285 Cyrilli
466 2249 503 2276 De
527 2249 688 2277 adoratione
710 2250 739 2277 in
756 2250 856 2285 spiritu
872 2254 901 2278 et
922 2250 1039 2278 veritate
1061 2250 1141 2278 libros
1165 2259 1224 2277 cum
1242 2250 1402 2286 Lugdunum
1424 2253 1613 2288 imprimendos
1631 2255 1772 2286 misissem,
1790 2257 1857 2283 adeo

224 2295 305 2328 male,
318 2303 371 2323 non
385 2296 462 2323 modo
477 2296 653 2331 imprimentis
666 2296 836 2332 negligentia,
846 2305 937 2324 verum
948 2298 1029 2324 etiam
1041 2297 1195 2332 corrigentis
1211 2296 1300 2333 culpa,
1311 2299 1411 2334 accepti
1426 2299 1542 2334 fuerunt,
1553 2304 1582 2326 ut
1597 2300 1744 2328 innumeris
1753 2302 1856 2329 mendis

225 2343 306 2378 pleni,
324 2348 348 2370 et
366 2343 435 2378 quod
447 2344 510 2370 mihi
521 2343 655 2371 molestius
664 2344 724 2379 fuit,
737 2344 959 2371 adnotatiunculis
975 2344 1137 2379 marginibus
1147 2344 1244 2371 additis
1254 2346 1366 2380 respersi
1380 2350 1477 2378 essent,
1486 2354 1552 2381 quas
1562 2355 1644 2382 neque
1653 2355 1699 2383 ego
1710 2350 1837 2376 miseram
1848 2369 1857 2380 ρ

225 2397 308 2425 neque
330 2389 443 2423 feceram
455 2398 464 2416 :
481 2394 506 2416 et
520 2389 558 2416 ita
570 2390 666 2425 ineth
681 2394 706 2416 et
719 2390 840 2417 absurdae
852 2394 939 2422 erant,
954 2394 982 2415 ut
994 2389 1091 2416 alicubi
1107 2397 1140 2416 ne
1157 2390 1273 2417 auctoris
1287 2391 1393 2426 quidem
1404 2392 1570 2419 sanctissimi
1579 2397 1604 2418 et
1621 2393 1861 2422 eruditissimieit‘i

210 2435 326 2463 ‘nomini
334 2440 482 2471 parcerent.
493 2436 570 2469 Quod
577 2438 620 2464 ubi
631 2438 762 2473 conspexi,
777 2441 861 2464 totam
869 2436 946 2464 illam
959 2437 1140 2472 Lugdunensis
1156 2437 1336 2473 impressionis
1347 2439 1531 2473 cogitationem
1545 2437 1637 2473 abjet‘t'.
1655 2438 1706 2466 Sed
1723 2440 1856 2470 hortanti-

225 2483 273 2509 bus
294 2487 384 2517 postea
402 2483 512 2510 eruditis
525 2484 599 2515 uiris,
615 2491 768 2518 mecumque
784 2482 963 2510 benevolentia
977 2482 1135 2517 conjunctis,
1145 2487 1169 2509 et
1181 2483 1314 2519 prwcipue
1328 2483 1437 2511 illorum
1451 2484 1662 2513 adhortationem
1677 2485 1857 2516 illustrissimc

227 2528 442 2565 amplissimaque
457 2529 650 2566 card.Cara{a,
669 2531 744 2562 cuius
756 2529 834 2564 jussu
848 2538 879 2556 ac
897 2528 1031 2556 voluntate
1046 2529 1106 2556 illos
1119 2534 1309 2563 converterant,
1325 2531 1499 2566 approbante,
1515 2535 1542 2558 ut
1557 2531 1623 2558 vitia
1636 2533 1785 2567 superioris
1805 2534 1856 2561 im-

227 2577 369 2611 pressionis
385 2571 562 2611 emendarem,
584 2578 698 2605 alteram
714 2582 741 2604 ut
754 2578 850 2604 dicitur
860 2578 1054 2613 navigationem
1065 2578 1176 2613 suscepi,
1191 2583 1216 2604 et
1235 2578 1270 2605 ad
1281 2578 1401 2605 incudem
1414 2577 1491 2605 illam
1515 2578 1716 2613 impressionem
1726 2582 1857 2614 revocavi,

228 2622 371 2657 curavique
384 2627 413 2649 ut
424 2622 509 2649 denuo
528 2622 587 2649 libri
601 2621 791 2648 emendations
801 2622 1027 2657 imprimerentur.
1054 2621 1150 2654 Habes,
1177 2621 1275 2655 lector,
1288 2621 1416 2650 Romana:
1433 2623 1513 2658 hujus
1538 2623 1719 2659 impressionis
1735 2633 1858 2653 causam.

227 2668 303 2696 Nunc
321 2668 388 2695 mihi
404 2669 473 2696 ratio
486 2667 640 2704 exponenda
653 2671 690 2694 est
704 2675 784 2702 quam
801 2668 829 2694 in
840 2667 1040 2702 interpretando
1051 2676 1110 2695 sum
1129 2673 1242 2695 secutus.

265 2715 321 2750 Ego
333 2723 392 2741 cum
407 2715 521 2741 viderem
537 2715 563 2740 in
580 2718 749 2741 externorum
765 2715 868 2750 scriptis
891 2714 1080 2749 transferendis
1093 2713 1173 2748 ﬁdem
1196 2714 1347 2749 interpretis
1379 2714 1489 2749 requiri,
1502 2718 1580 2750 atque
1591 2723 1654 2743 eam
1665 2714 1770 2741 abunde
1782 2724 1854 2751 pra:—

226 2763 305 2797 παι-ἱ,
320 2764 343 2790 si
357 2763 426 2798 quod
439 2763 466 2789 in
483 2762 663 2798 permutandis
679 2764 791 2790 nummis
807 2763 944 2790 usuvcnirc
959 2763 1024 2790 sole:
1038 2783 1044 2795 ,
1063 2763 1205 2790 azslimatio
1217 2764 1354 2790 sententia
1369 2762 1536 2790 tantumdem
1549 2764 1640 2790 valens
1653 2763 1791 2793 reddatur.
1804 2773 1856 2792 non

227 2808 381 2846 scrupulose
400 2807 479 2834 verba
497 2813 687 2841 numerentur;
707 2810 819 2836 medium
838 2808 983 2845 quamdam
1003 2808 1072 2835 uiam
1093 2809 1156 2835 mihi
1175 2809 1372 2844 ingrediendum
1388 2809 1488 2844 putavi,
1507 2813 1536 2836 ut
1548 2810 1708 2837 sententiam
1736 2812 1856 2840 auctoris

229 2857 268 2884 ita
280 2855 424 2885 redderem,
443 2857 469 2879 ut
485 2862 567 2889 neque
584 2855 660 2883 illam
670 2856 757 2884 solum
769 2862 891 2892 spectans
909 2855 987 2883 verba
999 2860 1201 2888 contemnerem,
1220 2864 1304 2892 neque
1328 2865 1418 2883 rursus
1439 2857 1523 2884 verbis
1537 2856 1678 2892 plusquam
1694 2863 1759 2890 opus
1788 2859 1856 2883 esset

232 2903 422 2934 adhitrescens,
436 2901 559 2930 obscurus
575 2911 665 2931 essem.
682 2904 770 2935 Neque
796 2912 855 2932 vero
870 2903 965 2930 Latina
980 2902 1058 2930 verba
1080 2902 1127 2930 illa
1149 2907 1252 2931 tantum
1267 2904 1366 2936 natavi,
1380 2911 1436 2939 qua:
1461 2904 1533 2939 apud
1556 2903 1655 2938 tingue
1671 2907 1788 2945 ξψηυιοδ
1803 2907 1854 2926 ακ-
