1929 3042
1347 142 1359 159 Ι

38 192 83 220 121
512 231 531 251 .
618 199 760 244 ᾉΝΤΟΝΠ
776 200 798 227 Α

933 202 1122 230 ΡΒΛΕῈΑἹῚΟ.
1631 200 1682 228 ηε

34 255 119 278 ctores
141 252 339 287 reperiuntur;
366 263 430 282 nam
445 255 493 282 illa
506 256 635 283 scribendi
659 258 741 284 anxia
761 258 880 285 nimis~et
900 258 1057 294 scrupulosa
1090 258 1160 285 ratio
1175 259 1202 285 in
1218 259 1250 286 iis
1268 259 1370 294 scriptis
1385 265 1444 293 qua
1470 258 1505 284 ad
1528 256 1681 291 religionem

36 299 182 332 pertinent,
199 306 258 325 non
273 308 468 337 usquequaque
494 303 595 329 servari
619 307 720 338 potest;
743 303 871 339 religione
899 306 967 332 enim
988 305 1103 341 quadam
1125 304 1264 332 verborum
1280 305 1404 332 astrictus
1424 307 1528 330 tenetur
1539 304 1681 338 interpres,

38 344 101 370 adeo
114 348 146 370 ut
161 345 184 371 si
198 344 359 380 elegantius
372 348 520 383 transferre
536 348 609 381 velit,
630 356 713 384 neque
735 350 813 377 certis
827 350 983 385 quibusdam
1003 351 1042 377 uti
1063 350 1148 377 verbis
1174 354 1253 385 atque
1268 350 1436 381 solemnibus,
1454 349 1610 385 plerumque
1619 355 1681 374 seu--

39 391 150 417 tentiam
164 392 302 425 obscuret,
316 393 382 420 dum
398 393 556 421 Christianis
567 395 674 430 objectis
689 395 803 422 cultiora
815 395 927 430 fortasse
940 398 1051 432 quierit,-
1066 405 1134 433 stepe
1146 396 1345 432 simplicitatem
1362 395 1439 422 illam
1451 394 1598 423 Christiani
1612 394 1682 420 scri-

38 437 119 470 ptoris
135 446 152 463 a
167 438 238 472 fucis
255 439 378 466 alienam
389 448 483 475 parum
502 441 616 476 referat;
629 450 820 477 nonnunquam
831 443 926 477 etiam,
941 444 1009 479 quod
1020 448 1100 479 caput
1113 447 1161 475 est,
1177 443 1281 470 decreta
1298 442 1419 477 qua’dam
1434 445 1531 468 nostrw
1545 439 1607 473 ﬁdei
1623 440 1680 467 oio-
1730 452 1734 456 -

38 481 80 507 let.
100 481 292 514 Quamobrem
307 487 425 513 auctoris
439 495 545 514 sensum
558 487 597 513 ita
617 491 726 515 conatus
743 496 803 515 sum
823 490 979 525 transferre,
996 494 1026 517 ut
1040 489 1201 526 simplicibus
1213 489 1312 521 verbis,
1331 492 1355 515 et
1374 497 1390 515 a
1401 487 1590 514 consuetudine
1604 487 1682 514 Chri-

38 527 112 554 tiana
126 529 242 556 minime
254 530 355 558 alienis
373 535 482 565 uterer;
494 533 653 568 :curat‘ique,
669 538 799 569 quantum
823 537 908 570 potui,
924 543 956 562 ne
976 537 1004 563 in
1016 544 1045 563 eo
1076 536 1187 572 legendo
1208 535 1374 563 Christianus
1405 535 1486 561 lector
1502 535 1530 560 in
1563 533 1680 560 auctoris

39 575 170 602 sententia
182 584 275 603 mores
287 578 404 604 auctoris
420 577 589 605 desideraret.
606 579 739 607 Hactenus
754 580 785 608 de
797 589 861 608 mea:
873 583 1098 617 interpretationis
1110 583 1221 609 ratione.
1237 581 1315 609 Nunc
1329 581 1360 608 de
1377 582 1463 615 operis
1476 584 1582 607 auctore
1595 587 1680 614 pauca

39 622 149 649 dicenda
166 627 245 650 sunt.

72 667 171 703 Cyrilli
185 669 238 696 hoc
252 677 320 704 opus
333 678 399 702 esse,
415 671 459 705 qui
471 671 499 696 in
512 670 568 705 ejus
588 671 693 706 scriptis
708 671 872 707 perlegendis
883 675 916 700 sit
929 679 1059 706 versatus,
1081 678 1145 710 puto
1161 674 1344 701 dubitaturum
1372 675 1521 706 neminem;
1537 674 1615 709 idque
1628 683 1680 702 non

40 715 259 749 exinscriptione
273 715 361 742 solum
380 716 499 751 cognosci
509 719 602 751 potest,
618 724 675 752 quae
691 718 719 744 in
734 718 853 745 omnibus
862 727 926 754 quos
945 719 1031 746 videre
1056 722 1130 755 potui
1155 721 1345 756 manuscriptis
1358 720 1430 747 libris
1456 723 1607 755 prlenotata
1629 725 1678 750 est.

39 769 130 788 rerum
149 763 239 790 etiam
255 771 287 790 ea:
304 763 459 791 elocutionis
474 772 569 799 genere
580 772 640 791 cum
655 766 755 792 ueteris
770 766 827 800 eius
844 766 918 793 libris
931 767 1157 802 quamsimillimo.
1174 768 1258 795 Habet
1271 769 1340 794 enim
1360 767 1488 803 Cyrillus,
1503 768 1680 803 utscriptores

39 817 141 842 omnes,
159 819 245 837 suam
257 811 405 846 quamdam
420 812 548 838 orationis
561 811 675 846 formam
690 821 721 839 ac
731 813 844 847 faciem;
858 823 949 849 quam,
967 818 997 841 ut
1012 815 1040 841 in
1053 815 1111 850 ipsa
1125 814 1212 841 vultus
1227 815 1337 842 humani
1350 816 1435 850 specie
1459 816 1590 846 usuvenit,
1609 815 1681 842 haud

41 855 116 890 facile
127 857 156 883 in
169 857 228 884 alio
245 857 426 893 deprehendas
440 866 448 884 :
468 865 550 893 eaque
563 858 590 884 in
601 858 696 885 Latino
707 868 817 895 quoque,
826 861 872 888 sed
885 861 991 895 facilius
1006 870 1037 888 ac
1054 862 1150 887 certius
1169 863 1198 888 in
1223 861 1314 889 erco
1336 862 1503 896 perspicitur.
1518 860 1624 888 Accedit
1638 862 1681 888 al-

41 907 124 929 terum
141 909 348 939 argumentum,
367 905 436 940 quod
453 904 550 931 eaedem
567 906 703 932 sententia:
719 915 750 933 ac
767 907 892 942 dogmata
907 909 1000 943 quibus
1018 909 1046 935 in
1065 909 1104 936 his
1122 909 1195 935 libris
1214 909 1308 940 utitur,
1321 909 1349 934 in
1369 908 1429 935 aliis
1446 909 1509 935 item
1526 908 1584 942 ejus
1596 907 1679 941 libris,

41 948 70 974 de
84 949 186 984 quibus
205 950 285 977 nulla
302 955 341 977 est
359 951 548 983 controversia,
562 950 686 986 leguntur
702 951 751 988 (a).
768 953 887 988 Longum
901 963 962 981 vero
978 958 1057 987 esset,
1076 963 1159 989 neque
1170 955 1355 986 necessarium,
1370 955 1392 981 si
1405 962 1449 981 eas
1466 963 1558 981 omnes
1571 959 1681 981 senten-

41 996 89 1021 tias
106 997 238 1031 persequi
253 996 330 1023 velim
340 1005 349 1023 :
364 997 429 1023 satis
444 997 494 1023 erit
511 997 545 1024 ad
554 1005 613 1024 eam
630 1006 685 1024 rem
696 998 930 1027 demonstrandam
949 1009 1033 1028 unum
1055 1004 1101 1026 aut
1122 1000 1238 1027 alterum
1251 1000 1400 1036 exemplum
1416 1008 1631 1027 commemorare.
1641 999 1680 1027 Νο

44 1041 147 1076 longius
160 1042 271 1075 abeam,
284 1043 354 1077 quod
369 1043 397 1069 in
413 1044 499 1078 primo
510 1043 576 1070 libro
594 1045 691 1078 posuit,
712 1045 927 1073 substantialiter
950 1055 981 1073 ea:
1006 1047 1089 1074 Patre
1107 1051 1132 1074 et
1160 1047 1227 1073 Filio
1250 1046 1388 1081 procedere
1401 1046 1531 1082 Spiritum
1549 1051 1681 1079 sanctum,

43 1095 128 1115 nonne
146 1087 287 1123 Cyrillum
301 1093 436 1115 auctorem
453 1089 593 1124 coarguit?
619 1097 670 1124 quo
692 1097 725 1116 es;
746 1089 844 1118 Graecis
859 1091 1007 1119 doctoribus
1031 1100 1106 1119 nemo
1119 1093 1214 1128 dogma
1237 1093 1283 1119 hoc
1313 1093 1430 1127 apertius
1455 1092 1587 1128 protulit;
1617 1100 1683 1120 nam

42 1135 164 1162 eamdem
177 1135 342 1162 sententiam
359 1144 418 1162 cum
431 1135 505 1169 ah'bi,
524 1139 579 1164 tum
587 1137 615 1164 in
631 1136 764 1164 Thesauri
781 1138 846 1165 libro
854 1146 901 1165 ιιιιι
919 1138 1038 1174 legimus,
1055 1140 1140 1175 capite
1154 1139 1171 1166 2
1184 1140 1252 1173 et5;
1268 1140 1383 1175 itemque
1394 1139 1439 1166 lib.
1460 1147 1514 1171 xxv,
1531 1148 1590 1175 cap.
1609 1139 1636 1173 1,
1649 1144 1676 1167 et

45 1182 70 1209 in
81 1182 226 1210 Joannem
244 1182 289 1209 lib.
305 1191 332 1215 x,
345 1191 404 1218 cap.
418 1183 685 1219 23.!nsufﬂationem
703 1184 797 1212 deinde
813 1185 927 1222 Spiritus
946 1186 1032 1212 sancti
1055 1186 1084 1212 in
1101 1187 1217 1213 hominis
1245 1194 1339 1221 corpus
1356 1194 1370 1212 e
1392 1185 1455 1212 limo
1475 1186 1634 1220 formatum,
1651 1190 1681 1213 ut

43 1229 173 1257 Geneseos
189 1229 304 1256 secundo
317 1229 436 1264 legimus,
457 1229 484 1257 id
497 1230 609 1265 effecisse
628 1229 749 1266 _Cgrillus
766 1235 851 1267 putat,
876 1235 906 1258 ut
930 1231 1045 1267 Spiritus
1057 1233 1142 1260 sancti
1159 1240 1266 1259 munere
1285 1232 1405 1259 animam
1429 1231 1576 1258 decoraret.
1599 1232 1677 1259 Hanc

43 1277 208 1303 sententiam
227 1276 256 1302 in
269 1275 337 1302 libro
354 1284 456 1312 quoque
465 1277 493 1303 in
507 1276 612 1313 Evang.
625 1277 656 1304 B.
674 1277 755 1304 Joan.
768 1286 797 1311 ιι,
814 1287 837 1305 c.
847 1278 873 1311 3,
883 1283 906 1305 et
919 1279 963 1306 lib.
983 1287 1031 1312 ιιι,
1043 1287 1066 1305 c.
1081 1279 1125 1311 56,
1140 1280 1235 1314 posuit.
1260 1278 1354 1314 Cyrilli
1375 1279 1524 1314 opinionem
1550 1287 1603 1305 non
1616 1280 1682 1306 satis

42 1322 139 1358 probat
147 1321 182 1349 Β.
197 1321 310 1349 Thomas
322 1321 349 1348 in
363 1330 372 1349 1
387 1330 458 1357 par.,
474 1331 500 1358 q.
523 1323 567 1355 9|,
584 1328 637 1350 art.
654 1324 680 1357 4,
693 1328 718 1350 et
730 1325 758 1351 in
769 1324 856 1351 libello
877 1334 955 1360 quem
971 1326 1096 1353 adversus
1113 1333 1216 1352 errores
1231 1325 1384 1354 Graecorum
1408 1325 1523 1361 scripsit,
1555 1328 1683 1360 tanquam

45 1367 140 1403 Cgrilli
159 1367 302 1403 propriam
318 1368 446 1402 agnoscit.
460 1366 513 1395 Sed
528 1372 557 1395 ut
568 1368 634 1396 solet
652 1369 767 1397 Patrum
784 1371 929 1397 sententias
947 1371 1140 1398 modestissime
1159 1371 1188 1397 in
1208 1373 1309 1397 rectum
1327 1378 1433 1397 sensum
1453 1370 1637 1404 interpretari,
1654 1372 1682 1396 ut

45 1417 131 1451 magis
147 1424 194 1442 eos
210 1415 350 1451 defendere
368 1423 448 1450 quam
460 1415 648 1451 reprehendere
666 1417 797 1449 videatur,
822 1425 880 1444 eam
898 1418 1043 1444 reverentia
1069 1418 1136 1444 tanti
1151 1417 1241 1444 Patris
1257 1420 1390 1451 permotus
1401 1418 1517 1447 excusat,
1543 1415 1684 1450 allegorice

46 1462 75 1489 ab
90 1462 144 1489 illo
164 1461 303 1497 prolatum
320 1459 559 1488 dicens.Ea:cusari
582 1468 614 1486 ac
629 1460 733 1495 defendi
750 1460 828 1487 aliter
847 1468 949 1496 quoque
967 1466 1060 1496 potest,
1076 1470 1135 1488 cum
1148 1460 1265 1497 Cyrillus
1282 1461 1309 1486 in
1330 1469 1389 1487 eam
1405 1461 1564 1487 sententiam
1586 1461 1684 1487 venisse

45 1508 181 1540 videatur,
191 1513 220 1535 ut
234 1507 378 1535 Marcionis
392 1505 560 1533 etManic/uei
573 1505 748 1541 blosphemias
757 1507 936 1543 propulsaret,
947 1509 991 1543 qui
1005 1508 1125 1535 dicebant
1144 1517 1190 1544 per
1201 1508 1408 1543 insufﬂationem
1418 1505 1494 1533 illam
1509 1505 1622 1533 inditum
1631 1513 1684 1532 esse

47 1556 148 1583 homini
159 1555 211 1583 Dei
217 1555 352 1591 spiritum,
363 1554 507 1589 eumquein
515 1554 633 1581 animam
644 1554 755 1581 hominis
763 1562 925 1581 conuersum.
936 1555 990 1582 Hoc
1003 1554 1117 1590 Cyrillus
1129 1554 1281 1586 detestatus,
1297 1552 1516 1589 negat'Spiritum
1526 1553 1553 1579 in
1566 1553 1685 1580 animam

47 1612 204 1632 conuersum
213 1604 376 1638 ;asseritque
385 1602 591 1637 insufflationem
598 1601 673 1629 illam
690 1602 725 1629 ad
732 1602 851 1629 decorem
861 1603 967 1635 animae,
977 1611 1029 1630 non
1039 1603 1073 1629 ad
1087 1611 1181 1638 corpus
1195 1602 1370 1630 animandum
1378 1601 1588 1637 profecisseJVon
1597 1605 1685 1628 tamen

48 1651 251 1687 negatSpiritus
266 1652 362 1678 virtute
369 1654 447 1685 atque
458 1651 571 1686 efficacia
583 1660 677 1687 corpus
692 1651 759 1678 illud
775 1653 865 1679 anima
878 1653 978 1679 vivente
993 1656 1159 1688 oegetatum;
1174 1652 1219 1679 sed
1233 1651 1314 1679 simul
1329 1652 1384 1686 fere
1407 1652 1526 1678 animam
1537 1652 1562 1678 vi
1570 1650 1685 1686 Spiritus

47 1699 179 1734 infusam,
199 1702 224 1725 et
241 1697 363 1733 evestigio
375 1697 460 1724 sancti
472 1696 587 1732 Spiritus
600 1705 707 1724 munere
723 1697 886 1724 decoratam.
900 1697 975 1730 Quod
991 1699 1126 1734 perspicue
1138 1698 1205 1724 dixit
1219 1699 1247 1724 in
1263 1697 1439 1733 Evangelium
1457 1697 1489 1724 Β.
1506 1697 1618 1725 Joannis
1638 1697 1683 1725 lib.

47 1753 76 1778 ιι,
93 1754 156 1781 cap.
168 1745 195 1772 5.
216 1744 268 1772 Sed
280 1744 377 1780 Cyrilli
390 1745 520 1779 opinionis
537 1747 671 1772 excusatio
683 1745 796 1772 alterius
809 1746 895 1781 operis
911 1750 961 1778 est;
973 1754 1042 1773 nunc
1054 1747 1120 1773 satis
1140 1749 1179 1772 est
1197 1745 1342 1772 ostendisse
1358 1744 1454 1780 Cyrilli
1467 1745 1536 1772 hanc
1557 1753 1612 1771 esse
1623 1753 1685 1772 sen-

49 1792 175 1818 tentiam.
190 1791 271 1826 Atqui
283 1792 311 1818 in
333 1791 419 1826 primo
438 1790 516 1826 hujus
537 1791 622 1826 operis
643 1790 709 1818 libro
722 1792 776 1819 hau:
788 1792 920 1820 sententia
936 1792 1022 1828 posita
1036 1796 1094 1825 est;
1109 1799 1160 1827 quo
1178 1799 1269 1819 verum
1293 1798 1347 1818 esse
1359 1789 1453 1826 Cyrilli
1467 1790 1514 1817 hoc
1530 1798 1593 1825 opus
1614 1790 1685 1818 indi-

48 1843 138 1865 catur.

83 1884 273 1921 Erpositiones
288 1893 350 1912 vero
365 1885 458 1912 divinas
475 1885 628 1922 Scriptum,
640 1894 698 1922 quce
709 1887 737 1913 in
749 1887 810 1914 aliis
824 1887 880 1922 ejus
902 1886 972 1914 libris
989 1886 1148 1922 afferuntur,
1159 1885 1239 1912 sicubi
1252 1885 1279 1911 in
1290 1884 1329 1911 his
1347 1883 1420 1910 libris
1431 1891 1493 1909 usus
1512 1882 1614 1914 incidit,
1633 1890 1686 1909 eaa-

49 1933 109 1959 dem
117 1934 210 1967 positae
217 1935 289 1964 sunt;
302 1931 370 1966 quod
376 1931 461 1967 ipsum
470 1932 587 1959 eumdem
597 1940 652 1959 esse
662 1932 884 1968 prodit.Singuias
891 1940 1023 1959 recensere
1031 1939 1114 1966 neque
1122 1931 1232 1958 breviter
1238 1937 1353 1965 possum,
1362 1934 1385 1956 et
1396 1929 1471 1955 otiosi
1480 1928 1591 1955 hominis
1601 1931 1668 1954 esset
1678 1935 1686 1953 :

53 1979 179 2013 idquecui
195 1977 299 2004 libitum
314 1977 392 2012 fuerit
401 1977 478 2011 facile
493 1982 530 2004 est
539 1985 571 2004 ea:
583 1977 668 2004 indice
677 1977 822 2013 Scriptura
835 1986 928 2011 saeue,
945 1978 990 2013 qui
1002 1977 1038 2004 ad
1048 1977 1129 2012 finem
1141 1977 1227 2013 operis
1245 1979 1283 2002 est
1296 1976 1404 2011 positus,
1414 1975 1562 2006 desumere,
1578 1977 1603 2000 et
1625 1973 1688 2000 illas

51 2030 156 2053 mterse
164 2024 369 2060 conferre.Quin
378 2026 533 2052 etiaminter
539 2025 719 2061 Cyrilliopera
726 2026 830 2054 libellus
837 2027 945 2062 quidam
953 2027 1097 2059 invenitur,
1106 2027 1149 2062 qui
1161 2026 1334 2053 Collectanea
1345 2023 1509 2055 inscribitur;
1526 2023 1555 2049 in
1563 2031 1591 2049 co
1603 2021 1689 2050 multa

53 2075 114 2097 sunt
128 2070 274 2106 Scriptum
299 2070 357 2097 loca
371 2070 518 2097 sublimiori
541 2079 619 2098 sensu
631 2075 656 2097 et
666 2072 810 2106 anagogico
830 2071 973 2106 explicata,
990 2071 1116 2106 pleraque
1130 2078 1161 2097 eo:
1177 2069 1249 2097 libris
1258 2077 1322 2105 pene
1333 2070 1367 2096 ad
1386 2069 1491 2096 verbum
1503 2069 1688 2104 desumpta,ut

52 2116 121 2143 illud
133 2117 166 2144 de
182 2117 272 2152 Moyse
284 2116 380 2152 linguae
393 2119 546 2156 tarditatem
571 2123 724 2151 excusante,
740 2120 771 2146 de
787 2123 864 2146 wtate
875 2119 978 2152 Aaron,
988 2119 1019 2145 de
1030 2120 1105 2154 virga
1120 2118 1148 2145 in
1166 2121 1314 2154 serpentem
1322 2125 1408 2149 versa,
1423 2116 1454 2143 de
1469 2124 1546 2152 aqute
1559 2116 1687 2151 penuria,

55 2173 109 2200 qua
124 2164 257 2192 Israelita:
269 2164 349 2199 paulo
360 2170 422 2193 ante
435 2174 467 2193 ex
477 2166 592 2202 [Egypto
606 2166 720 2199 liberati,
741 2167 857 2202 primum
877 2167 966 2194 vexati
985 2166 1140 2202 probatique
1152 2170 1223 2198 sunt,
1249 2165 1280 2192 de
1292 2172 1382 2200 pugna
1398 2163 1523 2191 adversus
1537 2163 1687 2191 Amalec/ti-

54 2215 96 2238 tas
106 2212 186 2243 inita,
196 2211 276 2238 Iosue
289 2213 363 2245 duce,
379 2212 467 2248 Moyse
477 2217 634 2249 spectatore.

89 2256 123 2283 In
134 2256 233 2285 Grecis
248 2259 347 2285 catenis
362 2262 502 2294 prwterea,
519 2259 548 2285 in
566 2258 773 2286 Pentateuchum
789 2258 929 2294 praecipue,
943 2265 1001 2292 quae
1015 2257 1042 2284 in
1061 2257 1191 2284 Vaticana
1204 2255 1360 2283 bibliotheca
1371 2259 1443 2289 sunt,
1455 2264 1535 2291 quam
1553 2255 1639 2282 multa
1655 2263 1687 2281 ac

55 2311 137 2338 prope
150 2302 265 2330 dixerim
279 2304 368 2330 omnia
384 2311 416 2330 es:
426 2304 465 2330 his
477 2303 551 2330 libris
566 2307 674 2338 accepta
688 2303 770 2330 sunt?
787 2303 827 2330 ita
842 2307 871 2330 ut
882 2311 947 2338 pene
961 2307 1027 2330 totos
1048 2302 1085 2330 ibi
1098 2303 1209 2329 insertos
1233 2301 1322 2329 uideas
1335 2302 1380 2329 hos
1396 2301 1484 2334 libros,
1501 2305 1579 2336 atque
1595 2299 1688 2336 Cyrilli

57 2350 165 2376 nomine
180 2349 287 2377 citatos.

90 2395 231 2422 Postremo
244 2395 379 2423 Anastasii
391 2389 549 2431 patriarchie
575 2395 740 2428 Antiocheni,
750 2395 909 2423 sanctissimi
926 2400 950 2422 et
963 2395 1133 2422 eruditissimi
1146 2396 1205 2428 viri,
1222 2403 1299 2430 quem
1314 2402 1365 2421 non
1390 2396 1493 2420 moveat
1520 2392 1688 2420 auctoritas?

57 2449 82 2477 ιε
94 2443 167 2470 enim
179 2443 207 2470 in
221 2451 269 2470 suo
295 2444 461 2471 Deductorio
482 2444 554 2471 libro
579 2444 664 2470 dehis
687 2443 759 2470 libris
785 2443 963 2470 testimonium
987 2443 1099 2478 profert,
1117 2442 1325 2477 interrogatione
1353 2441 1486 2467 vicesima.
1501 2439 1583 2467 Locus
1599 2445 1688 2467 autent

58 2494 134 2521 quem
146 2490 212 2516 citat
236 2489 361 2516 adversus
383 2491 526 2517 sanitatem
551 2490 735 2525 auguriorum,
748 2489 780 2516 de
799 2489 864 2515 libro
879 2497 905 2516 v1
917 2492 1036 2524 sumptus
1055 2493 1102 2515 est.
1118 2488 1161 2515 Es:
1178 2489 1217 2515 his
1239 2487 1358 2514 omnibus
1380 2485 1448 2513 illud
1466 2486 1580 2522 profecto
1597 2485 1688 2522 liquet,

60 2536 196 2570 proprium
210 2543 265 2562 esse
279 2535 373 2571 Cyrilli
384 2544 460 2571 opus,
474 2545 556 2572 neque
568 2536 638 2572 apud
649 2543 808 2571 quemquam
817 2539 880 2570 puto
904 2536 972 2563 hanc
986 2544 1042 2562 rem
1061 2535 1089 2562 in
1099 2534 1206 2561 dubium
1222 2532 1408 2560 revocandam.

93 2593 132 2621 Ne
146 2602 207 2621 vero
220 2595 360 2630 quisquam
372 2594 540 2630 ‘on'cndatur,
554 2603 613 2622 cum
630 2595 792 2626 testimonia,
814 2603 873 2630 quae
887 2594 919 2621 de
945 2594 1085 2630 Scriptura
1115 2593 1298 2628 proferuntur,
1321 2591 1453 2627 aliquibus
1467 2591 1530 2618 locis
1551 2599 1603 2617 non
1625 2598 1688 2617 con-

61 2648 154 2675 gruere
163 2649 224 2667 cum
237 2641 334 2668 Latina
348 2641 459 2668 editione
470 2639 575 2675 viderit,
591 2642 771 2669 admonendus
785 2643 805 2669 is
820 2643 883 2670 mihi
893 2646 940 2675 est,
953 2642 981 2669 id
991 2651 1044 2669 non
1058 2642 1086 2668 in
1098 2649 1150 2668 uno
1162 2639 1273 2676 Cyrillo,
1284 2639 1329 2666 sed
1339 2640 1367 2666 in
1378 2639 1493 2666 omnium
1505 2638 1618 2666 Patrum
1634 2643 1688 2665 tam

62 2687 214 2716 Grcecorum
242 2698 324 2725 quam
343 2694 459 2716 ueterum
488 2689 645 2717 Latinorum
668 2689 740 2717 libris
765 2691 912 2717 usuvenire.
937 2690 970 2717 Hi
990 2697 1105 2725 namque
1124 2696 1213 2715 omnes
1245 2687 1342 2714 Veteris
1366 2686 1526 2713 Testamenti
1544 2685 1688 2721 Scripturis

97 2775 134 2838 (aq
165 2775 372 2812 Argumentum
403 2777 472 2805 nulli
487 2778 638 2805 secundum
657 2778 761 2812 praebet
788 2777 848 2812 ipse
902 2778 1007 2812 copiam
1018 2774 1686 2817 complestisimus,capitahuieoperiinsertacon-

97 2819 123 2838 τι
134 2811 188 2838 Ius.
204 2812 289 2838 initio
304 2811 501 2838 Glauhurorum
514 2814 541 2838 in
562 2813 672 2838 Genesi"
698 2813 735 2838 tn.
754 2812 848 2838 2Ldi-
903 2814 974 2838 sullo
1003 2813 1229 2838 nrazternnsimus
1244 2816 1273 2838 et
1295 2814 1479 2838 inexammata
1504 2809 1686 2838 reliquimus:

64 2809 289 2852 Cyrillus,_initio
304 2811 501 2852 Glaphyrorum
514 2814 541 2840 in
562 2809 672 2852 Genesin
696 2813 735 2852 _(p.
754 2809 848 2852 2),}ii-
903 2809 984 2852 suilor
1003 2809 1277 2852 prmtérnlisimuset
1291 2809 1479 2852 inexgminata
1504 2809 1686 2852 reliquimus;

65 2854 141 2883 cens:
160 2857 169 2873 ι
185 2847 340 2883 Sciendum
356 2846 422 2875 Veia
451 2848 533 2875 etiam
562 2849 614 2876 hoc
631 2846 718 2883 quod’
730 2846 791 2875 cum
811 2848 849 2875 De
905 2846 1011 2883 tametsi
1028 2847 1166 2874 interdum
1181 2846 1281 2883 accidit
1295 2850 1324 2873 ut
1340 2846 1456 2883 alicujus
1481 2851 1576 2883 eorum
1593 2850 1692 2877 neces:

67 2881 216 2919 adoratione
240 2886 266 2909 et
292 2881 368 2919 cultu
381 2883 407 2909 in
420 2884 514 2919 spiritu
527 2888 551 2909 ct
565 2879 675 2910 veritate
690 2883 776 2919 ]ibros
796 2890 850 2909 xvn
905 2882 976 2910 saria
992 2882 1024 2910 de
1039 2890 1120 2909 causa
1138 2881 1353 2910 meminerimus.
1370 2889 1378 2906 ι
1398 2879 1471 2908 Eon.
1483 2879 1563 2907 ΡΑτι.

65 2917 266 2953 scripserimus,
288 2917 457 2952 muilamqnc
475 2919 502 2946 in
521 2919 574 2946 illis
588 2918 851 2951 contemplationum
