1929 3042
225 219 278 247 127

822 215 988 243 VETERUM
1009 211 1227 241 TESTIMONIA.

1815 201 1868 231 ΗΒ

225 280 273 302 aut
287 275 315 301 in
344 273 424 300 libris
453 271 492 298 De
510 271 666 298 adoratione
685 271 713 297 in
730 271 837 305 spiritu.
857 271 954 298 Sermo
975 269 1014 296 illi

1082 267 1112 294 οὗ
1131 267 1199 302 πρὸς
1220 265 1361 301 Ἑρμείαν,
1378 265 1425 292 καὶ
1441 264 1488 291 τοῦ
1509 264 1578 298 Περὶ
1593 263 1692 298 τῆςὲν
1716 263 1867 297 πνεύματι

225 318 372 351 conﬂctus,
390 322 418 344 et
436 317 469 344 ad
487 316 626 351 propriam
641 315 751 343 dicendi
774 315 889 343 formam
905 320 1016 343 contor-

226 370 280 396 tus,
298 371 330 391 ac
352 362 438 390 veluti
462 363 583 390 solutum
601 370 785 397 numerosque
805 362 945 397 negligens
960 369 1018 388 me-

227 415 312 437 trum.

1069 313 1220 346 λατρείας.
1244 311 1273 337 ’0
1296 310 1324 338 δὲ
1340 310 1418 344 λόγος
1435 309 1510 345 αὑτῷ
1527 309 1713 344 πεποιημένος
1725 329 1732 340 ,
1753 308 1802 335 καὶ
1826 308 1867 335 ei:

1075 359 1229 391 ἰδιάζουσαν
1253 358 1325 385 ῑδέαν
1349 356 1572 392 ἐκϐεϐιασμένος,
1588 356 1634 382 καὶ
1651 353 1707 383 οἷον
1723 354 1866 390 λελυμένη

1068 405 1115 431 καὶ
1128 405 1158 431 τὸ
1175 404 1274 439 μέτρον
1286 403 1449 440 ὑπερορῶσα
1463 403 1583 437 ποίησις.

263 454 324 482 Vide
340 454 458 481 eumdem
477 463 538 490 pag.
550 454 602 482 578
617 459 640 480 et
657 453 708 481 579
718 453 749 479 de
760 443 832 480 libris
845 457 937 479 contra
954 452 1115 483 Nestorium,
1133 451 1164 478 de
1175 450 1312 487 Epistolis,
1323 454 1348 476 et
1358 450 1455 477 scholia
1471 449 1504 476 de
1513 448 1701 476 Incarnatione
1717 447 1866 483 Unigeniti.

712 511 934 547 Martyrologium
956 511 1106 537 Romanum
1124 509 1166 536 die
1186 509 1220 536 27
1240 509 1376 536 Januarii.

263 569 355 598 Sancti
374 569 479 605 Cyrilli,
497 571 687 598 Alexandrinae
706 570 785 597 urbis
807 570 941 606 episcopi,
955 570 1003 605 qui
1021 569 1163 597 catholica:
1177 567 1240 595 ﬁdei
1256 565 1483 603 praeclarissimas
1507 568 1714 599 propugnator,
1735 561 1867 591 doctrina

227 609 256 632 et
274 605 417 633 sanctitate
437 605 563 638 illustris,
574 606 680 641 quievit
695 606 723 633 in
742 613 820 642 pace.

818 651 902 679 Graeci
925 651 952 678 in
973 650 1130 686 Menologio,
1157 649 1174 677 9
1191 649 1276 677 Junii.

264 708 343 743 Apud
362 708 564 746 Alesandrianr
577 708 677 735 natalis
705 707 734 735 S.
753 707 860 744 Cyrilli,
877 708 1000 746 ejusdem
1020 707 1141 746 civitatis
1160 706 1292 746 episcopi,
1310 705 1363 746 viri
1381 704 1575 746 eruditissimi,
1597 708 1625 731 et
1641 704 1792 746 catholica:
1801 703 1866 746 ﬁdei

227 738 441 778 propugnatoris
463 743 566 778 egregii
589 751 595 768 :
611 750 693 777 quem
719 738 992 778 sum’musipontifex
1014 738 1185 771 leestinus’
1196 738 1325 769 idoneum
1339 740 1473 777 judicavit
1494 740 1539 768 cui
1555 747 1618 767 suas
1636 739 1710 767 vices
1727 739 1756 766 in
1771 738 1866 774 Ephe—

228 779 289 805 sino
315 778 433 806 concilio
459 778 606 813 delegaret.

734 813 818 840 Iidem
839 813 924 841 (ἵνωεὶ
947 814 974 841 iu
997 813 1119 845 Menwis,
1135 812 1225 839 eodem
1248 811 1264 839 9
1284 810 1368 838 Junii.

215 851 218 877 ἶ
265 858 395 886 Flaminis
421 859 508 886 sancti
534 858 654 894 Spiritus
675 864 766 887 mente
789 859 950 893 illustratus,
966 860 1018 887 'sol

230 903 377 937 irradians,
395 904 471 932 velut
494 905 595 937 radios,
619 905 731 932 oracula
751 905 879 938 edidisti;
908 908 954 932 tua
972 905 1021 933 do-

231 953 320 984 gmata
341 949 370 977 in
394 957 490 978 omnes
508 951 584 978 orbis
605 950 783 986 ﬁdeliumque
801 950 876 978 (iues'
889 951 1016 983 emisisti,

231 999 319 1022 coetus
344 1002 439 1023 omnes
455 995 623 1029 illuminans,
646 1004 663 1024 ο
683 996 851 1029 beatissime,
869 1003 901 1024 ac
915 997 1018 1030 divine,

231 1041 416 1075 tenebrasque
437 1041 578 1068 haereseon
605 1049 789 1076 persequens,
816 1042 843 1069 vi
859 1042 1021 1077 viribusque

232 1085 307 1112 illius
321 1085 368 1120 qui
383 1093 398 1112 e
410 1086 522 1121 Virgine
534 1090 616 1113 natus
627 1087 724 1114 eluxit.

269 1130 430 1166 Eloquentia
464 1136 492 1159 et
518 1131 644 1159 facundia
667 1132 800 1160 orationis
829 1137 899 1166 tuae,
923 1141 940 1161 ο
960 1141 1024 1161 san-

232 1176 352 1204 ctissime
365 1176 475 1213 Cyrille,
493 1178 614 1206 Ecclesia
641 1182 696 1206 tota
723 1184 882 1211 exornatur,
907 1183 935 1206 et
958 1187 1023 1214 spe-

232 1222 307 1250 ciosa
329 1227 474 1251 venustate
495 1228 540 1251 tua
560 1224 604 1259 pie
627 1224 794 1258 decoratur;
810 1230 941 1260 tuamque
958 1233 1022 1252 san-

232 1273 304 1296 ctam
337 1269 543 1297 translationem
569 1278 648 1298 sacro
672 1271 727 1297 ritu
755 1271 883 1302 honorat,
903 1279 920 1298 ο
953 1271 1024 1298 cele—

233 1313 364 1346 berrime,
373 1314 602 1349 sacerdotumque
616 1315 739 1342 omnium
751 1315 846 1348 decus,
857 1316 969 1342 Patrum
978 1323 1024 1343 co-

233 1359 352 1395 ryphzee,
362 1359 459 1394 synodi
476 1360 655 1388 sanctissime
673 1360 862 1395 propugnator
879 1360 1022 1388 acerrime.

268 1405 335 1432 Tuis
349 1405 436 1440 igneis
449 1405 632 1440 dogmatibus,
649 1415 666 1434 ο
682 1407 782 1441 praesul
811 1407 1022 1442 sapientissime,

232 1457 342 1478 omnem
370 1455 567 1478 sarmentosam
593 1451 754 1487 aridamque
777 1453 917 1480 hrcreseon
938 1458 1025 1481 mate-

225 1496 302 1533 riam
327 1497 528 1531 concremasti;
557 1499 756 1526 sententiarum
784 1504 891 1526 tuarum
908 1499 1023 1534 profun-

233 1541 336 1574 ditate,
355 1550 372 1569 0
392 1543 576 1571 sacratissime
594 1543 710 1580 Cyrille,
738 1545 886 1580 impiorum
903 1544 1023 1580 perﬁdo-

234 1595 350 1623 rumque.
360 1589 551 1617 haereticorum
561 1590 729 1626 demergitur
743 1591 898 1625 exercitus;
915 1595 962 1618 tua
972 1591 1024 1621 do-

233 1634 331 1666 ctrina,
348 1643 364 1662 o
378 1636 468 1668 beate,
480 1635 578 1664 diebus
587 1637 702 1673 singulis
714 1635 868 1665 exornatur
880 1642 937 1665 tota
954 1637 1023 1665 fide-

233 1679 301 1707 lium
313 1681 444 1715 Ecclesia,
455 1691 515 1718 quae
525 1684 623 1712 eximie
644 1689 670 1712 te
680 1685 808 1717 honorat,
825 1685 966 1720 prmdicat.

269 1727 400 1762 Repletus
413 1736 443 1756 es
458 1729 642 1758 illustratione
668 1730 755 1758 sancti
782 1730 911 1765 Spiritus,
931 1738 948 1758 ο
971 1729 1023 1765 Cy-

234 1772 305 1804 rille,
325 1780 525 1809 praceptorum
540 1775 642 1804 Christi
669 1781 771 1809 custos,
797 1782 879 1812 atque
899 1777 934 1804 ab
953 1777 1021 1804 aﬂ‘e-

234 1817 324 1846 etibus
338 1824 365 1846 et
379 1821 553 1854 passionibus
565 1828 756 1858 perpurgatus,
770 1823 948 1851 divinissimze
959 1823 1021 1850 Tri—

234 1863 329 1891 nitatis
346 1872 411 1892 vere
429 1865 517 1893 factus
535 1875 565 1894 es
583 1867 782 1895 habitaculum.

270 1909 314 1937 Uti
343 1911 412 1943 zelo,
440 1911 477 1938 ita
495 1912 622 1940 libertate
653 1913 784 1948 loquendi
808 1914 916 1949 plenus,
933 1922 949 1942 ο
965 1914 1023 1949 glo—

235 1955 308 1982 riose
322 1954 422 1991 Cyrillc
433 1977 440 1989 ,
460 1957 620 1985 orthodoxa:
640 1958 772 1986 doctrinm
796 1959 954 1994 praesidens,
968 1960 1024 1988 ha.L

236 2001 335 2028 reticas
358 2003 559 2038 mendacesque
587 2004 732 2038 impiarum
757 2004 891 2032 hacresum
916 2005 1022 2040 linguas

237 2044 397 2075 dissolvisti.

1107 857 1296 893 Φρυκτωρίαις
1311 856 1358 883 τοῦ
1372 856 1532 891 Πνεύματος
1553 854 1718 890 ὲλλαμφθεὶς
1733 853 1784 890 τὴν
1807 855 1867 882 διά-

1073 912 1164 936 νοιαν,
1185 902 1336 938 φωτοὸόλος
1358 902 1434 937 ἥλιος
1454 901 1658 937 ὲχρημάτισας,
1677 900 1772 937 ὥσπερ
1792 901 1869 928 ἀκτῖ-

1073 959 1131 983 νας,
1153 949 1188 977 τὰ
1204 950 1327 985 δόγματα
1348 949 1388 981 είς
1411 948 1499 976 πάντα
1525 947 1558 974 τὰ
1581 947 1686 984 πέρατα
1704 947 1867 980 ἐξαπέστει-

1038 1012 1058 1039 B
1073 996 1122 1028 λας
1129 996 1243 1028 πιστῶν,
1255 994 1436 1029 καταυγάζων
1446 993 1628 1030 πληρώματα,
1635 993 1866 1030 παμμακάριστε,

1072 1042 1119 1069 καὶ
1135 1041 1240 1069 διώκων
1255 1042 1285 1068 τὸ
1303 1041 1413 1072 σκότος,
1432 1040 1555 1074 θεοφόρε,
1573 1040 1628 1066 τῶν
1649 1041 1796 1075 αἱρέσεων,
1814 1040 1866 1066 δυο

1074 1088 1154 1124 νάμει
1170 1087 1216 1115 τοῦ
1234 1088 1266 1114 ὲκ
1285 1087 1424 1121 Παρθένου
1440 1086 1638 1122 ἐκλάμψαντος.

1107 1133 1246 1170 Εὑφραδίᾳ
1261 1133 1314 1160 τῶν
1325 1133 1413 1168 λόγων
1430 1141 1487 1165 σου,
1507 1132 1636 1168 ἱερώτατε
1651 1132 1781 1167 Κύριλλε,
1800 1132 1866 1160 Ἐκ-

1073 1180 1172 1216 κλησία
1185 1179 1279 1207 ἅπασα
1299 1179 1457 1215 ὡραΐζεται,
1471 1179 1518 1206 καὶ
1531 1178 1651 1209 εὺσεόῶς
1663 1177 1868 1211 καλλωπίζεται

1073 1225 1185 1261 ὡραίοις
1214 1225 1243 1251 ὲν
1267 1224 1388 1256 κάλλεσι,
1406 1224 1453 1250 καὶ
1473 1223 1539 1259 τιμᾷ
1556 1231 1602 1250 σου
1618 1222 1699 1258 ίερῶς
1714 1223 1765 1259 τὴν
1785 1222 1869 1256 ἁγίαν

1075 1271 1248 1307 μετάστασιν,
1262 1270 1434 1305 παναοίδιμε,
1448 1269 1542 1309 ἱερέων
1563 1269 1594 1296 τὸ
1608 1269 1696 1301 κλέος,
1708 1269 1764 1296 τῶν
1778 1268 1867 1295 πατι-

1075 1326 1129 1354 ρων
1155 1318 1303 1353 κορυφαῖς,
1333 1317 1383 1352 τῆς
1411 1316 1519 1344 συνόδου
1546 1315 1597 1351 τῆς
1617 1315 1754 1350 παναγίας
1780 1314 1868 1351 ὑπερ-

1075 1371 1156 1398 μαχε-

1109 1408 1172 1439 Tot;
1188 1407 1311 1443 πυρίνοις
1329 1416 1375 1434 σου
1391 1407 1508 1442 δόγμασι
1525 1406 1579 1434 τῶν
1603 1406 1735 1442 αἱρέσεων
1753 1406 1867 1434 ἃπασαν

1073 1463 1092 1488 φ
1096 1453 1236 1489 ρυγανώδη
1242 1453 1358 1488 ἔφλεεας
1371 1453 1446 1488 ὓλην,
1458 1452 1644 1488 πάνσοφε,τῶν
1654 1452 1799 1489 νοημάτων
1810 1453 1868 1484 τοῖς

1074 1499 1168 1535 βάθεσι
1188 1499 1325 1534 βυθίζεται
1338 1499 1498 1535 στράτευμα
1512 1498 1697 1526 ἀπειθούντων
1710 1498 1864 1532 δυσσεόὦν,

1075 1545 1205 1582 ἱερώτατε
1218 1545 1347 1580 Κύριλλε,
1361 1546 1416 1578 τοῖς
1424 1545 1568 1580 διδάγμασι
1583 1544 1794 1577 καλλωπίζεται,
1814 1545 1867 1579 μά-

1075 1599 1138 1626 καρ,
1155 1591 1216 1617 καθ’
1233 1591 1350 1626 ἑκάστην
1366 1591 1418 1618 τῶν
1433 1590 1536 1618 πιστῶν
1549 1592 1565 1626 ή
1581 1591 1729 1627 Ἐκκλησία
1744 1591 1864 1626 μεγαλο-

1076 1637 1182 1673 φρόνως
1192 1636 1300 1672 τιμῶσά
1312 1645 1352 1664 σε.

1117 1724 1271 1761 Ἐπλήσθης
1299 1725 1349 1760 τῆς
1377 1725 1518 1760 δᾳδουχίας
1532 1745 1540 1757 ,
1563 1724 1699 1760 nuptm,
1719 1723 1768 1751 τοῦ
1793 1724 1872 1751 θείου

1080 1771 1250 1806 Πνεύματος,
1278 1771 1330 1799 τῶν
1354 1770 1468 1798 ὲντολῶν
1489 1771 1526 1803 ὡς
1544 1770 1632 1805 φύλαξ
1657 1770 1703 1797 τοῦ
1731 1770 1866 1804 Χριστοῦ,

1074 1818 1129 1844 τῶν
1154 1817 1249 1844 παθῶν
1273 1817 1481 1852 καθηράμενος,
1512 1817 1561 1852 τῆς
1592 1816 1726 1853 ὑπερθέου
1749 1817 1866 1851 γέγονας

1074 1864 1157 1896 ὅντως
1173 1864 1287 1899 Τριάδος
1305 1863 1422 1898 ὲνδιαίτη
1428 1872 1475 1898 μα.

1111 1911 1156 1942 Ὠς
1170 1909 1263 1946 ζήλου,
1278 1911 1326 1937 καὶ
1342 1909 1497 1946 παρρησίας
1519 1909 1656 1944 ἔμπλεως,
1677 1907 1808 1944 Κύριλλέ
1822 1908 1865 1935 ἔν-

1070 1956 1130 1989 δοξε
1144 1977 1151 1988 ,
1175 1957 1225 1988 τὰς
1245 1956 1395 1992 θεομάχους
1414 1956 1504 1987 πάσας
1532 1955 1655 1990 ἀψευδὼς
1674 1954 1866 1989 γλωσσαλγίας

1070 2003 1194 2034 διέλυσας
1216 2003 1269 2030 τῶν
1295 2002 1433 2029 δυσσεὸὦν
1454 2001 1597 2038 αἱρέσεων,
1622 2001 1778 2037 ὀρθοδοξίας
1800 2009 1866 2037 προ-

1070 2050 1225 2085 ἲσςιάμενος.

273 2092 344 2130 Hm,
361 2097 385 2130 et
409 2093 551 2130 complura,
570 2095 625 2122 alia
643 2095 737 2122 ibidem
760 2095 843 2124 (ἓνωυὶ
862 2096 889 2123 in
908 2095 1023 2127 Memris,
1044 2097 1139 2123 metuis
1158 2095 1232 2122 Junii
1256 2095 1297 2130 die
1320 2103 1363 2127 lx,
1387 2099 1411 2121 et
1430 2096 1457 2130 in
1479 2095 1573 2122 concil.
1593 2095 1718 2130 Ephesini
1739 2100 1764 2122 et
1782 2095 1866 2124 Chal-

237 2127 483 2166 cedonensisaclis.
504 2129 565 2156 Vide
581 2135 708 2166 praeterea
728 2130 872 2166 Evagrium
896 2131 961 2157 lib.i
982 2131 1096 2166 Histor.,
1112 2139 1172 2165 cap.
1195 2130 1222 2161 5,
1241 2134 1264 2156 et
1284 2129 1418 2157 Socratem
1441 2129 1484 2157 lib.
1504 2138 1551 2163 vn,
1579 2138 1603 2156 ι.
1619 2127 1657 2158 32
1671 2135 1696 2158 et
1713 2131 1765 2164 55;
1785 2130 1865 2159 Nice-

237 2162 347 2196 phorum
369 2162 412 2190 lib.
429 2171 482 2196 xw,
502 2172 560 2199 cap.
580 2162 614 2192 55
630 2174 637 2198 ς
657 2162 809 2192 ιίόείίιιιιῆι
827 2166 854 2192 in
874 2165 1022 2199 Breviario,
1043 2162 1162 2202 aliosque
1180 2173 1245 2200 pene
1263 2165 1426 2192 innumeros.

664 2221 695 2251 S.
718 2221 896 2252 Anastasius
919 2221 1035 2252 Sinaita
1062 2221 1095 2251 in
1121 2220 1251 2259 Hodego
1277 2219 1357 2260 (cap.
1384 2219 1424 2260 5).

271 2267 370 2296 Sancta
392 2268 450 2297 hinc
469 2269 590 2305 synodus
613 2270 770 2307 (Ephesina)
796 2272 869 2307 quod
895 2271 1021 2300 Christus

236 2319 291 2343 tam
311 2314 454 2343 divinitate
484 2323 566 2350 quam
588 2316 758 2344 humanitate
789 2325 866 2353 atque
884 2318 1023 2352 perfectus

235 2363 319 2392 esset,
339 2359 367 2387 in
382 2360 489 2389 duabus
503 2361 645 2390 inconfuse
663 2367 690 2389 et
705 2363 924 2398 inseparabiliter
936 2363 1022 2390 unitis

235 2405 352 2436 naturis,
369 2413 455 2433 unum
470 2407 615 2435 Dominum
637 2412 679 2436 est
698 2408 820 2443 professa
836 2417 842 2434 :
861 2407 1021 2436 conﬁrmata

234 2448 365 2482 Nestorii,
392 2450 419 2477 in
435 2451 527 2485 priore
551 2452 688 2487 Ephesino
701 2453 828 2484 concilio,
844 2457 954 2479 auctore
968 2452 1022 2488 Cy-

183 2493 191 2506 '
236 2494 308 2527 rillo,
327 2495 588 2533 damnatione;quo
608 2499 719 2534 quidem
741 2498 770 2525 Β.
798 2497 900 2533 Cyrillo
916 2498 1021 2524 collau-

236 2538 310 2572 dato,
328 2540 418 2579 eidem
437 2541 490 2569 hoc
514 2542 601 2570 edidit
625 2543 743 2579 elogium
761 2552 767 2570 :
787 2542 899 2578 Cyrillo,
918 2546 1022 2569 aeterna

235 2592 377 2612 memoria.

1117 2271 1149 2298 'H
1165 2271 1192 2298 δὲ
1205 2271 1270 2305 ἁγία
1286 2271 1393 2303 σύνοδος
1405 2271 1448 2298 διὰ
1462 2271 1492 2298 τὸ
1502 2272 1604 2299 τέλειον
1617 2268 1687 2299 εἶναι
1709 2271 1739 2299 ὲν
1755 2273 1865 2310 θεότητι

1077 2315 1123 2342 καὶ
1144 2315 1246 2342 τέλειον
1274 2315 1374 2350 ὁμοίως
1398 2317 1427 2343 ἐν
1461 2317 1650 2353 ἀνθρωπότητι
1673 2318 1718 2345 τὸν
1733 2319 1865 2355 Χριστὸν,

1076 2360 1104 2387 ἐν
1119 2359 1164 2387 δύο
1182 2360 1263 2387 αὐτὸν
1286 2361 1441 2396 ήνωμέναις
1465 2361 1580 2396 φύσεσιν
1596 2362 1644 2389 ἕνα
1656 2362 1759 2398 Κύριον
1775 2365 1863 2399 ἀσυγ-

1073 2403 1161 2439 χύτως
1180 2405 1227 2432 καὶ
1246 2405 1405 2441 ὰδιαιρέτως
1424 2406 1558 2441 ἐκήρυξεν
1570 2426 1578 2438 ,
1601 2407 1798 2442 ἐπικυρώσασα
1814 2409 1865 2443 τὴν

1073 2449 1231 2485 καθαίρεσιν
1245 2450 1393 2486 Νεστορίου
1409 2450 1443 2485 ἥν
1467 2451 1595 2483 ἐποίησεν
1613 2453 1627 2478 ό
1654 2453 1789 2489 μακάριος
1807 2453 1865 2480 Κύ-

1074 2495 1172 2530 ριλλος,
1189 2497 1221 2531 τῇ
1244 2496 1272 2522 ὲν
1297 2495 1403 2531 Ἐφέσῳ
1422 2496 1453 2522 τὸ
1465 2497 1597 2532 πρότερον
1610 2498 1676 2533 ἁγίᾳ
1691 2499 1804 2534 συνόδῳ,
1819 2500 1864 2526 εὐ-

1074 2540 1219 2575 φημίσασα
1248 2540 1294 2567 καὶ
1325 2539 1372 2567 τὸν
1397 2541 1479 2567 αὐτὸν
1498 2542 1633 2577 μακάριον
1657 2543 1792 2578 Κύριλλον
1815 2543 1864 2571 καλ

1072 2586 1197 2613 εἰποῦσα·
1213 2586 1347 2622 Κυρίλλου
1364 2587 1461 2614 αἰωνία
1477 2588 1494 2623 ή
1509 2588 1614 2623 μνήμη.

832 2632 905 2660 Idem
918 2654 925 2666 ,
945 2633 1033 2660 eodem
1057 2631 1134 2664 libro,
1151 2640 1209 2667 cap.
1235 2631 1261 2658 8.

271 2687 445 2716 Adducamus
464 2697 526 2716 eum
552 2690 640 2724 ipsum
666 2689 807 2724 Cyrillum,
838 2690 930 2718 lumen
951 2689 1019 2717 illud

237 2731 348 2759 Patrum
363 2733 586 2766 celeberrimum,
607 2738 635 2760 et
656 2733 854 2769 beatissimum,
875 2735 1019 2763 docentem

237 2777 384 2812 apostolice
409 2780 552 2806 veritatem
580 2783 684 2807 natura!
702 2780 827 2808 humanae
850 2781 878 2808 in
898 2780 1018 2809 Christo.

1108 2689 1334 2724 Παραστήσωμεν
1357 2689 1438 2716 αὑτὸν
1455 2689 1499 2716 τὸν
1516 2691 1655 2726 φωστῆρα,
1681 2690 1729 2717 καὶ
1751 2690 1798 2717 τοῦ
1816 2700 1860 2726 χοι

1073 2734 1121 2770 ροῦ
1135 2735 1189 2762 τῶν
1203 2735 1334 2770 Πατέρων
1355 2735 1475 2771 ἀοίδιμον
1502 2736 1548 2762 τὸν
1564 2736 1698 2771 μακάριον
1714 2735 1859 2772 Κύριλλον,

1074 2781 1122 2816 τὴν
1138 2781 1218 2815 φύσιν
1237 2781 1365 2817 ἀλήθειαν
1390 2778 1460 2808 εἶναι
1473 2781 1644 2814 διδάσκοντος
1656 2782 1859 2815 ἀποπολικῶς.

881 2836 964 2869 Idem,
983 2837 1087 2870 ibidem,
1105 2846 1163 2873 cap.
1182 2837 1225 2864 10.

272 2877 374 2914 Cyrillo
407 2882 510 2905 azterna
540 2879 690 2912 memoria,
724 2879 794 2908 sicut
819 2885 845 2908 et
868 2880 1019 2908 Chalcedo—

239 2925 332 2952 nensis
360 2923 481 2960 synodus
503 2923 580 2952 dixit.
606 2925 713 2954 Etenim
741 2926 831 2954 nullus
864 2932 1019 2955 sanctorum

1109 2882 1242 2918 Κυρίλλου
1271 2883 1366 2910 αἰωνία
1394 2884 1410 2918 ἡ
1439 2884 1533 2920 μνήμη
1556 2883 1626 2911 καθὰ
1651 2884 1729 2919 καὶὴ
1751 2884 1859 2916 σύνοδος

1077 2927 1247 2966 Χαλκηδόνος
1260 2928 1362 2964 εἴρηκε.
1385 2929 1438 2956 Καὶ
1459 2929 1512 2965 γὰρ
1526 2929 1612 2962 οὐδεὶς
1632 2929 1686 2958 τῶν
1701 2930 1787 2966 ἁγίων
1806 2931 1859 2958 [Ια-
