1929 3042
69 83 114 110 199

817 88 984 117 ΜοΝιΤυιι.

1651 97 1703 125 150

73 140 154 176 ⁴κέρων
183 139 216 167 τὺ
234 141 381 176 πανάγιον,
398 142 445 170 καὶ
460 143 607 178 ἀμείωτον,
625 144 669 170 καὶ
686 144 803 178 αἰώνιον,
819 145 865 172 καὶ

917 146 1028 173 Patrum
1044 147 1246 176 sanctissimum
1263 150 1330 178 illud
1346 156 1374 178 et
1391 151 1562 185 indeliciens,
1581 158 1609 180 et
1620 158 1702 182 aiter-

74 186 265 217 ἁνεξάλειπτον
283 187 340 213 τῶν
362 188 482 223 Χριστοῦ
496 189 603 224 φύσεων
620 190 742 225 εἴρηκεν,
756 190 794 222 ὡς
808 190 866 217 θεο-

75 233 179 268 φάντωρ
202 232 353 269 Κύριλλος.
378 235 410 261 Ol
436 235 486 270 μὲν
513 235 567 271 γὰρ
592 236 723 271 μακάριοι
746 236 866 272 Πατέρες

73 281 113 305 τὸν
132 277 253 313 ἀριθμὸν
269 279 429 314 εἰρήκασιν·
446 281 460 306 ὁ
479 280 507 307 δὲ
522 281 721 317 τρισμακάριος
734 282 866 317 Κύριλλος

75 323 137 359 μετὰ
151 323 200 350 τοῦ
218 324 342 360 ἀριθμοῦ
358 326 405 352 καὶ
416 325 464 361 τὴν
480 326 686 360 ἁνεξάλειπτον,
705 327 751 354 καὶ
766 336 865 363 τηρου-

75 371 151 406 μένην
166 371 210 396 ἀεὶ
235 370 292 397 τῶν
312 371 420 406 φύσεων
450 372 497 399 τοῦ
523 374 626 409 Κυρίου
649 375 780 410 διαμονὴν
796 375 866 410 μετὰ

72 417 115 452 τὴν
130 416 240 449 ἕνωσιν,
250 417 302 443 καὶ
318 417 353 444 τὰ
367 418 439 455 ἑξῆς.
451 416 487 445 Εὗ
497 427 538 446 σοι
551 419 667 454 γένοιτο,
677 420 800 456 φωστὴρ,
818 420 866 447 καὶ

73 462 153 498 me
167 483 174 493 ,
192 463 242 489 καὶ
262 463 345 490 στύλε
367 465 416 500 τῆς
437 465 577 501 ἀληθείας,
596 465 725 501 Κύριλλε.
761 467 864 499 Ὄντως

72 507 215 543 Κυριλλου,
235 507 323 534 πάλιν
343 508 426 542 λέγω,
443 509 538 536 αἱωνία
553 510 569 544 ὴ
588 510 692 545 μνήμη,
709 509 746 543 μὴ
761 518 867 544 συγχω-

73 554 175 589 ροῦντος
188 553 267 589 ἡμᾶς
279 555 314 580 ὲκ
325 554 376 590 τῆς
390 553 519 589 ἀληθείας
534 553 715 590 πλανηθῆναι.

914 197 981 216 num
1004 194 1032 217 et
1051 190 1196 220 indelebile
1221 198 1326 223 natura:
1351 194 1453 223 Christi
1479 196 1645 225 beneﬁcium
1665 200 1702 228 ita

913 235 1082 269 praedicavit,
1098 237 1170 265 sicut
1186 238 1294 267 divinus
1317 240 1444 277 Cyrillus.
1470 242 1538 270 Nam
1561 243 1634 270 beati
1651 244 1702 271 Pa-

914 285 970 308 tres
983 290 1130 309 numerum
1144 283 1334 319 assignarunt;
1347 295 1379 314 ac
1395 287 1572 316 beatissimus
1583 288 1704 328 Cyrillus

914 326 998 354 simul
1013 335 1075 354 cum
1091 336 1207 356 numero
1216 329 1399 359 indelebiliter
1411 340 1574 369 semperque
1590 326 1704 362 naturas

914 378 1089 401 conservatas
1118 382 1197 408 esse,
1227 377 1309 403 etiam
1333 382 1394 412 post
1414 380 1542 407 unionem
1557 381 1703 416 perspicue

915 418 1018 451 docuit,
1033 423 1086 446 etc.
1108 419 1181 448 Bene
1203 421 1239 448 sit
1255 422 1316 455 tibi,
1334 423 1437 457 lumen,
1453 424 1497 451 fax
1509 445 1516 457 ,
1532 430 1560 453 et
1575 426 1702 453 columna

915 464 1050 497 veritatis,
1066 464 1178 500 Cyrille.
1196 466 1295 494 lterato
1316 467 1415 502 dicam,
1434 469 1529 505 Cyrilli
1544 479 1609 498 vere
1623 475 1703 498 aeter-

915 519 951 538 na
965 511 1108 544 memoria,
1124 512 1171 546 qui
1183 520 1238 539 non
1254 513 1320 540 sinit
1333 521 1384 541 nos
1400 522 1415 542 a
1429 523 1496 543 vero
1508 516 1648 544 deerrare.

73 611 104 641 B.
123 609 286 650 Eulogius
310 611 562 653 archiepiscopus
585 610 804 653 Alexandrite,
827 611 862 653 in
881 611 1021 653 creticus
1042 611 1195 653 adversus
1219 611 1442 653 culumniantes
1460 614 1516 645 SS.
1528 615 1649 653 Patres,
1676 620 1704 646 et

293 650 459 681 concilium
480 650 737 682 Chalcedonense.
763 650 857 690 Apud
880 650 1029 680 Photium
1056 650 1089 680 in
1111 650 1325 688 Bibliotheca,
1365 661 1481 683 ccxxx.

103 715 209 742 Ardeas
226 714 276 741 ille
298 715 424 742 veritatis
435 714 576 742 studiosus
591 714 720 748 Cyrillus,
731 715 791 742 haec
809 719 837 742 et
851 714 895 741 his
911 713 1065 741 consimilia
1082 712 1233 748 Scripturis
1250 722 1384 748 asserens,
1401 723 1456 742 non
1474 716 1556 743 modo
1572 716 1703 746 libenter,

73 756 99 778 et
122 749 329 785 iucundissime
349 750 483 782 accessit,
505 750 552 777 sed
573 754 601 777 et
614 748 729 777 Paulum
750 750 920 780 Emisenum,
941 749 987 784 qui
1005 748 1041 785 ab
1063 748 1122 785 ipso
1145 749 1246 777 missus
1260 754 1320 777 erat
1336 750 1364 776 in
1377 751 1488 785 publico
1501 755 1572 779 ccetu
1591 752 1704 780 concio-

74 783 340 847 naturiqsrtquaalet
361 785 414 813 sibi
440 790 469 813 et
491 786 610 813 mittenti
630 785 733 821 Cyrillo
758 785 843 812 fuerit
861 783 1014 816 sententia,
1035 783 1163 811 laudibus
1181 785 1306 820 excepit,
1322 789 1350 812 et
1368 783 1398 812 ut
1415 785 1510 813 eadem
1528 787 1702 819 sentientem,

75 828 146 847 mam
167 827 210 847 eci
228 841 235 847 .

75 827 235 856 magnuecit.

784 855 868 889 Idam,
891 855 995 883 ibidem.

104 901 214 942 Doctus,
236 905 266 943 et
284 902 362 943 pius,
380 901 556 943 minimeque,
565 902 696 943 vacillans
710 901 828 943 Cyrillus
844 910 927 930 unam
943 902 1136 943 doceo-Verbi
1149 906 1286 934 naturam,
1307 909 1335 943 et
1355 902 1428 943 illam
1451 902 1629 943 incarnatam,
1648 908 1703 934 etc.

76 936 175 964 Etenim
186 936 405 999 multa’cggitat,
423 945 476 964 non
499 936 602 970 verbis,
624 941 651 964 et
668 936 827 965 nominibus
841 945 954 965 sensum
973 938 1070 970 credit,
1090 938 1138 965 sed
1152 942 1244 965 mente
1263 938 1348 965 verba
1373 942 1401 966 et
1418 938 1530 965 nomina
1547 940 1703 973 conferens.

76 976 148 999 atoue
158 979 303 999 accommo
323 980 384 999 ans.

76 976 148 1006 atque
158 976 384 999 accommodans.

741 1072 1034 1118 MONITUM

471 1154 507 1184 In
520 1152 618 1184 libros
633 1153 676 1183 De
692 1151 877 1182 adoratione
897 1152 928 1182 in
943 1152 1059 1192 spiritu
1081 1157 1110 1184 et
1130 1155 1260 1186 veritate
1274 1154 1326 1196 (1).

108 1216 178 1243 Libri
193 1220 344 1251 sequentes
360 1215 424 1243 inde
439 1223 540 1242 nomen
561 1214 650 1242 sortiti
671 1218 736 1241 sunt
750 1213 823 1249 quod
838 1213 955 1248 Cyrillus
976 1214 1004 1241 in
1026 1215 1112 1243 forma
1133 1216 1232 1252 dialogi
1253 1224 1312 1244 eam
1331 1216 1516 1245 difﬁcultatem
1537 1218 1641 1246 solvere
1657 1227 1703 1255 ag-

80 1269 178 1296 gressus
191 1262 236 1295 sit,
255 1270 309 1297 qua
325 1262 439 1289 tandem
449 1260 565 1293 ratione,
579 1260 638 1295 lege
649 1259 736 1287 veteri
749 1267 799 1293 per
810 1259 916 1286 Novum
933 1259 1140 1288 Testamentum
1153 1261 1293 1297 abrogata,
1309 1262 1436 1290 Christus
1452 1263 1551 1290 dixerit
1563 1263 1666 1300 (Matth.
1675 1272 1702 1295 ν.

83 1307 140 1343 l1):
154 1317 162 1334 ι
178 1307 238 1335 Non
251 1308 316 1335 veni
331 1308 437 1335 solvere
452 1308 551 1342 legem,
567 1306 614 1333 sed
631 1304 796 1340 adimplere;
813 1314 823 1330 ›
841 1309 869 1332 et
884 1304 972 1340 (Joan.
991 1313 1026 1338 IV,
1046 1305 1091 1342 24)
1109 1315 1115 1333 :
1140 1316 1149 1332 ι
1167 1307 1196 1334 1η
1210 1307 1307 1343 spiritu
1323 1312 1350 1335 et
1363 1309 1478 1336 veritate
1493 1309 1579 1336 Deum
1596 1310 1703 1338 Patrem

81 1359 176 1390 oportet
191 1356 319 1384 adorare.
337 1365 346 1382 ι
367 1355 436 1383 Ειιιιι
454 1355 482 1382 in
503 1354 583 1381 ﬁnem
597 1353 699 1389 optime
715 1353 804 1386 docet,
824 1358 960 1388 praecepta
975 1353 1043 1389 legis
1060 1354 1193 1388 Mosaicae,
1209 1364 1269 1391 qua:
1284 1356 1317 1383 ab
1334 1357 1414 1384 lsrael
1429 1359 1579 1385 secundum
1594 1366 1704 1386 carnem

83 1402 213 1430 observata
231 1406 300 1430 sunt
318 1402 476 1433 carnaliter,
491 1409 506 1428 a
522 1401 612 1434 nobis,
628 1400 674 1435 qui
692 1399 843 1427 secundum
864 1399 991 1434 spiritum
1008 1400 1092 1428 lsrael
1109 1409 1205 1429 sumus
1218 1402 1302 1438 (Rom.
1317 1401 1365 1438 ix),
1382 1404 1562 1438 spiritualiter
1578 1413 1639 1432 esse
1654 1405 1704 1432 ob—

82 1447 300 1481 servandayhinc
316 1447 430 1475 umbras
447 1447 506 1474 illas
521 1447 640 1480 antiquae
657 1445 725 1481 legis
741 1444 871 1480 penicillo
885 1444 1003 1478 quodam
1018 1445 1151 1472 orationis
1165 1446 1197 1473 ad
1215 1446 1358 1474 veritatem
1373 1447 1509 1481 ell‘ormat,
1525 1453 1552 1477 et
1570 1449 1705 1477 carnalem

83 1493 149 1521 illum
158 1493 360 1529 ﬁguratumque
375 1493 478 1521 cultum
493 1501 509 1520 a
520 1492 594 1520 veris
604 1491 653 1519 Dei
666 1490 859 1518 adoratoribus
867 1489 894 1517 in
906 1490 1005 1526 spiritu
1017 1496 1044 1519 et
1057 1491 1172 1519 veritate
1180 1492 1275 1528 perﬁci
1288 1501 1367 1528 posse
1381 1494 1559 1523 demonstrat.
1576 1496 1706 1529 Quamvis

83 1545 161 1570 autem
175 1541 299 1569 omnium
317 1541 374 1569 lere
389 1536 471 1568 Hosis
491 1541 627 1568 librorum
647 1539 776 1575 mysteria
794 1538 822 1566 in
836 1538 880 1566 his
894 1539 974 1567 libris
992 1539 1161 1575 aperiantur,
1175 1548 1230 1567 non
1250 1545 1341 1570 tamen
1356 1542 1480 1570 eamdem
1497 1543 1607 1576 seriem,
1625 1552 1706 1579 quam

84 1588 108 1616 in
121 1589 261 1617 scribendo
276 1588 368 1617 tenuit
386 1588 483 1620 Moses,
502 1587 529 1614 in
546 1586 709 1622 explicando
728 1590 839 1614 secutus
856 1589 899 1613 est
910 1585 1038 1622 Cyrillus,
1055 1587 1102 1614 sed
1121 1595 1202 1614 suum
1219 1588 1364 1623 quemdam
1382 1589 1506 1616 ordinem
1523 1590 1652 1623 servavit,
1669 1590 1706 1617 ita

86 1639 110 1661 ut
121 1636 191 1670 prius
205 1639 367 1671 argumenta
383 1634 507 1670 quaedam
522 1637 597 1661 certa
615 1636 760 1668 proponat,
779 1636 836 1659 tum
853 1632 912 1660 loca
927 1633 1074 1668 Scriptum
1088 1634 1163 1660 varia
1178 1641 1239 1661 cum
1257 1634 1311 1661 illis
1329 1635 1497 1670 argumentis
1515 1636 1706 1664 convenientia

84 1688 97 1709 e
109 1681 216 1709 diversis
233 1681 385 1717 Scriptura!
401 1680 479 1707 libris
496 1680 606 1714 colligat
619 1686 651 1706 ac
665 1679 791 1714 explicet.
807 1678 893 1713 Igitur
902 1683 1048 1714 postquam
1068 1680 1102 1707 de
1120 1680 1198 1715 lapsu
1220 1681 1340 1708 hominis
1360 1681 1387 1708 in
1406 1686 1547 1716 peceatum
1565 1682 1705 1714 disseruit,

84 1727 218 1763 subjungit,
238 1727 343 1754 debere
361 1727 510 1758 hominem,
531 1726 605 1761 quod
628 1734 705 1761 aeque
721 1726 871 1761 gloriosum
894 1733 926 1753 ac
949 1726 1015 1753 utile
1037 1726 1082 1759 sit,
1104 1727 1222 1761 peccatis
1245 1727 1397 1754 valedicere
1425 1731 1453 1754 et
1478 1727 1512 1754 ad
1535 1728 1706 1755 honestatem

85 1773 197 1806 transire,
216 1774 321 1802 diaboli
340 1774 434 1809 jugum
454 1778 584 1801 excutere
604 1778 632 1801 et
650 1773 738 1809 legem
756 1773 878 1800 divinam
898 1772 987 1808 sequi,
1007 1777 1102 1807 utpote
1126 1781 1186 1808 quae
1206 1773 1239 1800 ad
1261 1780 1353 1800 veram
1378 1772 1534 1800 libertatem
1557 1781 1607 1800 nos
1627 1777 1707 1801 vocat

86 1817 136 1853 (lib.
150 1819 183 1854 ι);
204 1819 278 1848 istud
304 1824 395 1847 autem
421 1819 612 1846 tantummodo
633 1826 683 1854 per
707 1819 823 1854 gratiam
842 1819 955 1851 Christi,
971 1822 999 1845 et
1024 1826 1080 1845 non
1103 1825 1152 1853 per
1172 1818 1259 1853 legem
1279 1817 1423 1845 Mosaicam
1449 1817 1553 1845 homini
1578 1818 1706 1853 possibile

86 1864 151 1892 reddi
167 1865 223 1901 (lib.
236 1873 254 1893 ιι
269 1869 299 1893 et
312 1864 363 1900 ιιι),
378 1864 460 1892 simul
478 1868 569 1891 tamen
589 1864 694 1891 ﬁrmam
711 1863 832 1891 hominis
847 1863 1009 1890 voluntatem
1026 1863 1164 1898 animique
1184 1862 1373 1889 fortitudinem
1391 1862 1494 1898 requiri
1506 1863 1564 1899 (lib.
1581 1871 1607 1890 iv
1625 1868 1652 1890 et
1667 1862 1704 1898 v).

87 1909 182 1937 lnitium
201 1919 266 1939 vero
290 1915 320 1938 et
343 1911 552 1945 fundamentum
573 1911 669 1938 salutis
689 1910 816 1938 humanae
837 1910 918 1937 docet
934 1917 994 1937 esse
1015 1909 1095 1944 ﬁdem
1114 1909 1143 1937 in
1163 1917 1248 1936 unum
1264 1917 1360 1937 verum
1379 1910 1466 1937 Deum
1491 1917 1545 1936 una
1565 1917 1628 1937 eum
1647 1910 1707 1945 ejus

88 1955 207 1984 dilectione
219 1958 278 1992 (lib.
295 1957 344 1992 vr),
361 1958 406 1984 cui
423 1962 497 1985 recte
515 1957 639 1992 adjungit
658 1957 833 1984 dilectionem
851 1957 978 1992 proximi,
997 1964 1112 1991 eamque
1127 1956 1276 1991 plurimum
1287 1957 1461 1984 commendat
1476 1956 1525 1992 (lib
1548 1965 1584 1984 vn
1598 1961 1626 1984 et
1636 1956 1705 1992 vin).

89 2001 128 2029 His
140 2003 257 2032 decursis
275 2005 351 2039 leges
368 2005 402 2032 de
420 2004 606 2036 tabernaculo,
623 2004 657 2031 de
679 1997 868 2031 sacerdotibus
887 2007 969 2038 atque
989 2003 1080 2030 levitis
1102 2003 1271 2035 considerat;
1295 2010 1328 2029 ac
1350 2002 1438 2037 primo
1462 2002 1573 2036 quidem
1595 2005 1708 2029 cunctas

89 2048 148 2084 leges
164 2049 194 2077 ad
217 2051 426 2078 tabernaculum
443 2051 558 2086 ejusque
576 2050 667 2077 varias
687 2053 788 2084 partes,
806 2057 914 2077 necnon
938 2049 973 2076 ad
1000 2049 1233 2077 constructionem
1258 2053 1286 2076 et
1319 2048 1562 2076 sanctiﬁcationem
1583 2048 1706 2084 ejusdem

89 2098 247 2132 pertinentes,
266 2099 302 2126 ad
323 2099 470 2126 Ecclesium
495 2098 674 2126 Christianam
697 2099 811 2134 ejusque
834 2098 1020 2125 institutiones
1042 2097 1125 2124 refert
1147 2097 1205 2133 (lib.
1227 2105 1253 2124 rx
1277 2103 1305 2125 et
1324 2096 1370 2133 x);
1394 2097 1458 2124 dein
1483 2104 1654 2131 quaecunque
1672 2096 1706 2124 de

90 2146 257 2174 sacerdotibus
275 2151 305 2174 et
321 2146 465 2174 sacriﬁciis
481 2147 600 2181 antiquae
615 2146 683 2181 legis
701 2146 848 2173 constituta
867 2146 986 2178 fuerant,
1003 2146 1030 2172 in
1051 2145 1204 2173 sacerdotio
1223 2145 1290 2189 l‘lovi
1310 2145 1431 2172 Fmderis
1445 2144 1584 2180 implenda
1598 2144 1706 2179 egregie

91 2195 204 2219 monstrat
220 2192 280 2227 (lib.
295 2199 322 2218 xi
336 2195 364 2219 et
379 2190 437 2226 xu),
453 2199 513 2226 qua:
530 2196 620 2218 autem
641 2190 675 2218 de
697 2190 787 2217 levitis
806 2190 833 2217 in
853 2190 912 2225 lege
930 2190 1017 2217 veteri
1035 2190 1228 2223 continentur,
1246 2190 1404 2226 singillatim
1424 2191 1540 2226 explicat
1558 2191 1591 2218 de
1611 2190 1644 2217 iis
1660 2191 1706 2225 qui

91 2236 168 2264 divino
186 2237 339 2265 ministerio
355 2237 384 2264 in
404 2237 480 2264 Novo
495 2237 671 2263 Testamento
687 2244 715 2263 se
735 2236 926 2270 manciparunt
947 2237 1007 2273 (lib.
1024 2236 1092 2273 xm).
1108 2236 1178 2263 Hinc
1193 2237 1226 2264 ad
1244 2241 1345 2264 emtum
1360 2237 1481 2264 ﬁdelium
1501 2245 1658 2268 conversus,
1674 2245 1707 2264 ex

92 2282 205 2310 munditia
227 2283 255 2310 in
278 2283 339 2318 lege
358 2283 422 2310 olim
445 2282 604 2317 praescripta
626 2281 717 2308 cordis
741 2282 859 2316 vitatque
880 2283 1027 2316 puritatem
1047 2282 1176 2309 omnibus
1192 2281 1241 2317 qui
1263 2282 1291 2308 in
1311 2282 1427 2309 ecclesia
1447 2286 1509 2308 ante
1529 2287 1706 2316 conspectum

91 2327 180 2354 Domini
195 2329 320 2361 veniunt,
339 2328 521 2355 necessariam
543 2335 603 2355 esse
624 2327 745 2355 ostendit
762 2327 820 2363 (lib.
839 2326 905 2363 xw),
925 2328 1062 2363 simulque
1083 2335 1117 2354 ex
1134 2327 1188 2354 ritu
1207 2327 1402 2354 sacriﬁciorum
1418 2327 1524 2354 Veteris
1540 2327 1706 2356 Testamean

92 2371 194 2401 declarat
208 2382 260 2410 qua
277 2375 384 2401 ratione
399 2374 481 2401 homo
499 2373 555 2408 per;
569 2372 710 2400 Christum
731 2373 759 2399 in
776 2372 835 2400 dies
860 2372 946 2408 magis
965 2372 1126 2408 puriﬁcetur
1145 2377 1173 2400 et
1194 2371 1380 2399 sanctiﬁcatur
1399 2371 1458 2407 (lib.
1477 2371 1531 2408 xv).
1552 2372 1620 2400 Cum
1642 2382 1708 2402 vero

91 2419 186 2464 iustitia:
198 2421 330 2456 perfectio
349 2421 378 2447 in
399 2427 432 2448 eo
453 2419 596 2452 consistat,
613 2423 644 2446 ut
664 2419 747 2446 homo
770 2419 946 2454 semetipsum
978 2419 1034 2447 Deo
1056 2419 1083 2446 in
1102 2419 1231 2446 omnibus
1251 2418 1367 2446 hostiam
1388 2419 1488 2451 vivam,
1504 2423 1635 2453 sanctam,
1652 2420 1708 2449 Dm

94 2465 225 2498 placentem
239 2467 347 2498 oderat,
363 2466 435 2493 istud
451 2473 560 2501 quoque
575 2473 609 2492 ex
622 2464 809 2492 oblationibus
831 2465 899 2501 legis
915 2466 1039 2492 Mosaicae
1057 2473 1108 2493 nos
1125 2470 1200 2493 recte
1214 2465 1358 2492 instituere
1374 2464 1455 2491 docet
1470 2465 1530 2500 (lib.
1549 2466 1613 2502 xvi).
1629 2466 1706 2500 Quod

95 2511 112 2537 si
124 2511 196 2540 homo
213 2521 243 2541 ea
259 2513 367 2540 ratione
380 2512 531 2540 Ecclesiam
542 2511 645 2539 Christi
661 2512 799 2547 ingressus
816 2512 899 2540 vitam
916 2513 976 2539 labe
990 2520 1087 2547 puram
1101 2517 1182 2547 atque
1196 2511 1344 2546 perfectam
1357 2512 1413 2539 Deo
1425 2511 1568 2545 dicaverit,
1581 2513 1707 2541 mercede

96 2565 184 2588 summa
200 2563 319 2596 potietur
336 2561 364 2587 in
377 2565 478 2588 aeterna
492 2560 673 2592 beatitudine,
688 2567 769 2594 quam
783 2559 939 2587 Iudaeorum
954 2561 1090 2588 solemnes
1103 2559 1265 2587 festivitates
1282 2567 1315 2587 ex
1329 2560 1376 2587 Dei
1394 2560 1534 2588 voluntate
1549 2559 1707 2596 praeﬁgura-

97 2604 149 2634 bant
163 2608 215 2643 (lib.
234 2608 308 2643 xvn).
324 2623 359 2628 ——
375 2608 580 2642 Amplissimum
601 2607 653 2634 hoc
675 2615 754 2642 opus,
777 2607 877 2642 insigni
900 2607 1017 2642 quadam
1040 2611 1098 2635 arte
1120 2607 1293 2642 dispositum,
1310 2608 1409 2635 merito
1427 2613 1540 2637 vocatur
1561 2608 1706 2635 thesaurus

96 2653 273 2685 expositionum
290 2653 498 2688 allegoricarum
520 2656 548 2679 et
566 2652 712 2680 veritatum
735 2653 880 2679 moralium
902 2653 952 2689 (ﬁ),
974 2661 1029 2688 quo
1050 2653 1178 2680 universa
1200 2653 1243 2680 lex
1264 2653 1380 2681 Mosaica
1402 2661 1484 2681 sensu
1503 2655 1616 2690 mystico
1636 2654 1706 2682 scite

97 2699 236 2734 explicatur,
248 2707 275 2729 et
288 2702 352 2728 vita:
366 2699 517 2735 spiritualis
532 2707 582 2734 per
597 2700 711 2735 gratiam
725 2699 827 2727 Christi
845 2703 911 2727 actae
926 2699 1046 2733 initium,
1062 2699 1201 2734 profectus
1216 2707 1248 2727 ac
1264 2700 1326 2727 linis
1338 2699 1514 2728 describitur.
1709 2697 1713 2700 ’

175 2768 212 2806 _Ex
224 2769 608 2806 institutionibusrPotrologitt’
622 2770 678 2797 Jos.
694 2770 810 2806 Fessler.
828 2769 983 2806 OEniponte
999 2770 1078 2804 l85l,
1094 2771 1122 2798 in
1138 2770 1175 2804 8°,
1194 2774 1259 2798 tom.
1277 2770 1309 2803 ll,
1325 2777 1351 2804 p.
1367 2769 1427 2796 558.

126 2801 159 2835 i3)
176 2804 210 2832 ita
225 2805 379 2838 Tillcmont,
395 2813 420 2839 p.
433 2805 494 2839 671,
511 2810 539 2832 et
551 2801 671 2838 Ceillier,
689 2813 714 2842 p.
730 2805 791 2832 254.
