1929 3042
241 114 292 143 155

239 174 298 202 lum
313 177 341 201 et
349 177 434 204 terra,
463 173 509 199 ota
524 178 610 198 unum
630 174 678 197 aut
689 178 762 198 unus
787 179 856 206 apex
884 179 940 198 non
956 178 1028 206 prae—
1045 173 1066 202 Α

240 219 336 247 terihit
351 219 448 254 alege,
467 218 557 245 donec
583 216 677 244 omnia
699 216 765 244 ﬁant
784 218 804 243 ί.
825 227 834 242 ι
860 217 890 244 1η
919 217 1032 244 Joannis

239 269 371 300 praeterea
382 263 522 291 volumine
535 263 568 290 ad
578 263 722 290 mulierem
731 262 943 290 Samaritanam:
957 262 1031 289 «Mu-

238 311 299 342 lier,
318 309 401 337 crede
415 309 494 340 mihi,
514 308 579 342 quia
608 307 684 335 venit
712 307 789 340 hora,
814 306 923 342 quando
942 314 1031 342 neque

237 355 265 382 in
283 359 375 383 monte
389 355 451 386 hoc,
481 361 571 389 neque
589 353 786 389 Hierosolymis
807 353 958 380 adorabitis
981 353 1032 380 Pa-

239 405 317 428 trem.
336 400 391 428 Vos
406 400 528 427 adoratis
554 399 628 435 quod
647 400 860 438 _nescitis;nnos
885 399 1032 426 adoramus

236 447 310 482 quod
328 446 446 479 scimus;
467 446 533 481 quia
550 446 625 473 salus
639 454 673 474 ex
692 445 795 473 Iudaeis
818 449 871 473 est.
889 445 942 472 Sed
955 445 1031 472 venit

236 491 315 525 hora,
333 497 361 520 et
375 500 449 519 nunc
462 497 514 525 est,
534 492 645 527 quando
660 492 719 519 veri
744 492 906 519 adoratores
931 491 1030 519 adora-

237 539 306 567 bunt
319 540 427 567 Patrem
450 539 479 566 in
503 539 604 574 spiritu
618 543 647 566 et
666 538 795 566 veritate.
812 538 880 565 Nam
902 542 930 565 et
950 537 1031 564 Pater

237 585 306 612 tales
319 586 430 620 quaerit,
444 584 492 619 qui
509 584 629 611 ad0rent
651 591 725 611 eum.
746 583 866 618 Spiritus
879 587 922 610 est
944 583 1027 615 Deus,

236 632 265 654 et
284 635 334 654 eos
363 628 410 662 qui
439 628 558 655 adorant
588 636 662 661 eum,
680 628 708 655 in
739 627 838 662 spiritu
870 631 898 654 et
914 627 1028 654 veritate

236 677 346 707 oportet
360 672 476 700 adorare
491 674 513 700 ‘.
529 683 538 699 ι

271 718 350 746 CYR.
363 718 434 752 Quid
450 726 518 746 vero
538 717 589 745 tibi
608 717 636 744 in
662 717 706 745 his
727 717 820 745 verbis
833 725 894 745 esse
911 717 1029 744 arduum

235 763 358 797 videtur,
379 763 445 799 quid
462 764 611 791 obscurum
626 767 654 790 et
673 763 813 790 intellectu
829 763 957 790 dilﬁcile?
972 763 1027 796 dic,

235 817 303 845 rogo
317 814 352 836 te.
922 833 926 837 .

271 856 371 884 PALL.
403 857 425 884 A
450 857 592 885 veteribus
617 857 729 892 quidem
755 857 855 885 ritibus
874 857 1028 890 discedere,
1044 865 1066 893 Β

234 906 263 930 et
280 902 314 929 ab
332 910 364 930 ea
384 911 445 938 quae
467 903 619 930 secundum
641 903 742 939 Legem
768 908 811 931 est
834 904 943 940 iustitia
967 911 1028 931 ces-

235 956 307 981 sure,
327 956 412 976 sacra:
424 949 506 976 nobis
522 949 635 977 Littera;
653 949 827 984 praecipiunt.
844 949 880 976 lis
891 949 966 977 enim
980 949 1028 984 qui

235 997 263 1024 in
278 1005 338 1024 eam
356 997 439 1024 etiam
466 1002 529 1032 post
545 1003 705 1033 perceptam
735 998 817 1025 ﬁdem
846 998 1026 1031 inclinabant.

234 1042 338 1069 Paulus
354 1042 485 1069 dicebat:
507 1051 516 1067 ι
529 1042 662 1069 Evacuati
682 1042 751 1070 estis
767 1050 782 1068 a
796 1041 920 1075 Christo,
936 1043 983 1077 qui
999 1043 1026 1069 in

234 1087 305 1122 Lege
329 1087 531 1123 justiﬁcamini,
547 1095 563 1114 a
585 1087 674 1122 gratia
699 1087 850 1116 excidistis.
872 1087 927 1115 Nos
953 1088 1027 1115 enim

233 1133 334 1168 spiritu
348 1141 381 1160 ex
402 1132 455 1160 ﬁde
470 1140 546 1168 spem
560 1133 674 1168 iustitiae
687 1137 880 1169 exspectamus
900 1133 920 1159 ⁸.
934 1143 943 1159 ι
958 1133 1027 1160 Cum

233 1186 298 1206 vero
311 1179 347 1206 ob
364 1179 448 1206 vitam
463 1176 615 1206 secundu'm
631 1179 733 1214 Legem
751 1179 904 1207 institutam
916 1187 1028 1215 magnas

233 1224 315 1252 licere
342 1232 444 1260 easque
464 1225 611 1260 praeclaras
638 1225 741 1252 habere
768 1225 905 1261 gloriandi
930 1233 1027 1253 causas

232 1271 370 1303 ostendat,
401 1271 440 1298 ait
457 1279 573 1299 rursus:
597 1271 682 1305 «Qum
702 1271 771 1298 mihi
799 1271 912 1299 fuerunt
937 1272 1025 1304 lucra,

233 1317 291 1345 haec
305 1317 459 1345 arbitratus
474 1326 535 1345 sum
551 1322 667 1353 propter
686 1318 827 1346 Christum
849 1318 1024 1346 detrimenta.

234 1365 334 1393 Verum
357 1364 440 1391 etiam
465 1364 593 1391 existimo
613 1363 706 1391 omnia
734 1363 931 1392 detrimentum
965 1372 1026 1392 esse

232 1413 344 1444 propter
371 1409 540 1436 eminentem
567 1409 711 1437 scientiam
737 1409 848 1436 Domini
882 1410 935 1437 mei
960 1410 1026 1437 Jesu

232 1454 346 1487 Christi,
369 1459 483 1490 propter
494 1463 576 1490 quem
592 1455 715 1482 omnium
739 1454 937 1482 detrimentum
960 1455 1024 1488 feci,

232 1507 260 1528 et
275 1501 396 1528 arbitror
411 1506 545 1534 stercora,
566 1505 597 1528 ut
625 1501 766 1529 Christum
787 1501 970 1535 lucrifaciam,
997 1505 1025 1529 et

233 1546 358 1574 inveniar
372 1547 401 1573 in
412 1547 473 1582 ipso
493 1555 548 1574 non
576 1547 681 1575 habens
702 1555 792 1575 meam
801 1548 945 1584 justitiam,
963 1556 1024 1584 qua:
1038 1537 1060 1566 (ἶ

233 1600 267 1619 ex
281 1593 341 1628 lege
359 1596 414 1626 est,
427 1593 474 1620 sed
493 1593 578 1626 illam,
593 1601 654 1628 quae
668 1601 702 1621 ex
716 1594 769 1621 ﬁde
782 1601 825 1622 est
838 1594 951 1628 Christi,
964 1603 1024 1630 qua:

232 1645 265 1665 ex
285 1639 341 1666 Deo
369 1643 413 1666 est
429 1639 535 1674 justitia
553 1639 574 1666 ⁸.
588 1649 597 1665 ι
628 1639 713 1667 Vetus
741 1644 832 1667 autem
858 1640 926 1667 illud
944 1648 1023 1668 man-

232 1684 326 1712 datum
342 1685 518 1712 nonomnino
533 1685 612 1720 culpa
630 1693 740 1718 vacare,
760 1686 905 1714 manifeste
921 1687 1023 1714 conﬁr-

232 1732 325 1758 mavit.
341 1731 460 1767 Ideoque
476 1732 566 1767 inquit
580 1732 653 1760 illius
663 1733 689 1767 3
702 1733 883 1760 loco'novum
897 1734 951 1761 hoc
974 1742 1023 1769 per

231 1777 385 1810 Christum,
407 1778 435 1805 id
459 1782 511 1810 est,
528 1779 720 1814 evangelicum
741 1779 848 1806 utiliter
866 1779 1021 1807 inductum.

232 1823 279 1850 Sic
293 1824 368 1851 enim
388 1823 509 1851 scribit:
526 1833 535 1849 ι
551 1824 722 1859 Reprobatio
738 1825 851 1859 quidem
869 1824 900 1851 ﬁt
921 1832 1024 1860 praece-

231 1870 324 1898 dentis
341 1871 483 1903 mandati,
506 1875 620 1905 propter
639 1870 826 1898 inﬁrmitatem
850 1872 910 1906 ejus
936 1875 965 1898 et
979 1871 1023 1898 in-

233 1917 393 1949 utilitatem.
422 1917 498 1945 Nihil
514 1917 588 1944 enim
603 1917 635 1944 ad
654 1918 806 1952 perfectum
823 1906 940 1945 adduxit
956 1918 1022 1950 Lex,

232 1963 280 1991 sed
294 1963 466 1991 introductio
481 1963 605 1990 melioris
626 1964 695 1998 spei,
713 1971 762 1998 per
783 1971 864 1998 quam
883 1963 1022 1998 proxima-

231 2010 294 2037 mus
305 2010 339 2037 ad
355 2010 444 2037 Deum
461 2010 498 2036 ⁸.»
515 2010 549 2037 Et
566 2009 666 2037 iterum
681 2019 686 2035 :
706 2019 714 2034 ι
729 2009 757 2036 Si
772 2008 845 2036 enim
858 2009 934 2044 prius
954 2009 1022 2036 illud

231 2056 312 2090 culpa
330 2060 465 2088 vacasset,
480 2064 535 2082 non
552 2055 648 2090 utique
666 2054 780 2082 secundi
804 2055 881 2082 locus
898 2055 1022 2090 inquire-

231 2107 319 2130 retur.
342 2103 507 2137 Vituperans
519 2102 594 2129 enim
620 2109 668 2129 eos
691 2101 781 2128 dicit:
803 2101 873 2128 Ecce
898 2101 958 2129 dies
974 2109 1022 2129 ve-

232 2148 322 2181 niunt,
343 2149 412 2176 dicit
439 2148 582 2181 Dominus,
611 2152 639 2175 et
660 2147 856 2175 consummabo
869 2155 953 2182 super
971 2147 1021 2175 do-

231 2201 305 2220 mum
332 2193 429 2225 lsrael,
445 2197 473 2219 et
497 2199 581 2226 super
601 2192 712 2219 domum
732 2192 802 2219 Juda
828 2197 1022 2221 testamentum

231 2247 342 2271 novum,
362 2247 418 2266 non
438 2238 590 2265 secundum
607 2242 801 2265 testamentum
815 2239 889 2274 quod
905 2239 956 2267 feci
973 2248 1022 2274 pa—

231 2285 321 2312 tribus
334 2291 432 2311 eorum
452 2284 481 2310 in
513 2283 559 2310 die
580 2291 633 2318 qua
649 2283 817 2318 apprehendi
840 2293 951 2312 manum
977 2293 1024 2313 e0-

231 2334 291 2353 rum
319 2330 350 2353 ut
369 2326 516 2353 educerem
533 2325 594 2352 illos
609 2325 643 2353 de
667 2330 741 2352 terra
758 2325 878 2362 IEgypti,
892 2326 1022 2362 quoniam

230 2371 284 2406 ipsi
300 2378 356 2398 non
370 2375 585 2406 permanserunt
603 2371 630 2398 in
652 2375 817 2399 testamento
837 2380 910 2406 meo,
925 2377 953 2400 et
971 2381 1023 2408 ego

230 2415 337 2452 neglexi
347 2423 405 2448 eos,
422 2416 490 2443 dicit
502 2417 644 2444 Dominus.
660 2417 730 2450 Quia
742 2418 795 2445 hoc
808 2423 850 2446 est
871 2422 1020 2446 testamen-

229 2467 287 2489 tum
312 2462 386 2497 quod
409 2462 552 2497 disponam
567 2463 660 2491 domui
690 2464 772 2492 Israel
788 2469 849 2499 post
870 2465 929 2492 dies
946 2465 1018 2499 illos,

229 2507 297 2535 dicit
309 2507 453 2540 Dominus,
466 2508 534 2536 dans
553 2509 628 2545 leges
643 2517 718 2538 meas
728 2510 756 2538 in
769 2516 889 2538 mentem
908 2519 1017 2545 eorum,

227 2553 291 2581 etin
308 2553 391 2582 corde
403 2561 499 2582 eorum
509 2555 657 2584 inscribam
670 2564 717 2584 eas
729 2557 748 2583 °.
764 2566 773 2581 ι
792 2557 934 2592 Praecipue
950 2565 1017 2584 vero

227 2599 358 2628 novitatis
373 2608 473 2628 nomen
498 2601 654 2637 intelligens
674 2608 756 2637 atque
775 2602 929 2636 declarans,
947 2613 955 2629 ι
968 2603 1016 2631 Di-

226 2645 347 2679 cendo,»
374 2647 474 2682 inquit,
508 2657 517 2673 ι
532 2656 645 2679 novum,
665 2649 798 2676 veteravit
824 2649 918 2684 prius:
943 2649 1017 2684 quod

227 2696 319 2720 autem
345 2693 503 2728 antiquatur
538 2698 567 2721 et
592 2694 730 2726 senescit,
761 2702 845 2730 prope
876 2696 1018 2724 interitum

226 2742 269 2766 est
286 2738 306 2766 ⁷.
328 2748 338 2764 ι
366 2739 395 2766 Si
411 2739 495 2774 igitur
513 2739 581 2766 nihil
597 2739 713 2774 perfecit
731 2740 796 2773 Lex,
809 2745 836 2768 et
862 2742 1019 2777 reprobatio

263 2807 271 2823 ¹
284 2806 377 2839 Matth.
391 2816 417 2840 v,
434 2808 478 2838 17.
495 2808 536 2835 18.
576 2808 675 2836 'Joan.
700 2817 736 2842 Iv,
759 2810 854 2838 21-2i.

908 2813 917 2828 ³
927 2812 1015 2840 Galat.
1029 2821 1055 2846 v,

231 2841 334 2878 ‘uebr.
363 2851 418 2877 vm,
443 2843 515 2870 7-10.
553 2843 656 2878 ’ll)id.,
676 2843 719 2872 15.

755 111 784 139 S.
803 110 942 140 CYRILLi
961 109 1196 138 ALEXANDRINI
1215 109 1376 138 ARCHIEP.

1829 108 1881 137 136

1083 171 1120 206 μὴ
1131 169 1254 207 παρέλθῃ
1265 168 1320 196 άπὸ
1333 168 1381 196 τοῦ
1401 167 1494 204 νόμω,
1509 167 1562 200 ἕως
1576 167 1609 196 ἂν
1621 167 1710 196 πάντα
1721 166 1852 202 γένηται.
1868 177 1879 193 ι

1091 216 1134 243 Ἑν
1148 216 1176 243 δέ
1190 225 1221 251 γε
1235 217 1268 252 τῇ
1283 215 1353 242 κατὰ
1364 214 1409 242 τὸν
1430 214 1556 250 Ἰωάννην
1571 216 1730 250 συγγραφῇ,
1745 214 1816 250 πρὸς
1829 214 1882 250 τήν

1082 262 1115 289 ὲκ
1126 261 1177 296 τῆς
1195 261 1352 297 Σαμαρείας
1364 261 1491 295 γυναῖκα·
1506 269 1515 286 ι
1530 261 1644 287 Πίστευέ
1658 269 1713 296 μοι,
1729 260 1823 296 γύναι,
1839 261 1882 288 ὅτ.

1082 307 1191 344 ἔρχεται
1217 307 1288 344 ὦρα,
1312 308 1356 335 ὅτε
1376 306 1437 334 οὔτε
1456 308 1485 334 έν
1507 307 1547 343 τῷ
1562 307 1622 342 sp“
1642 307 1729 343 τούτῳ
1741 327 1749 340 ,
1769 307 1836 334 οὔτε
1853 308 1883 334 ὲν

1087 353 1282 390 Ἰεροσολύμοις
1293 354 1496 390 προσκυνήσετε
1509 354 1548 390 τῷ
1562 353 1663 389 Πατρί.
1681 353 1777 389 Ὑμεῖς
1793 362 1883 390 προσ-

1081 401 1189 426 κυνεῖτε
1210 400 1224 426 ὃ
1239 399 1289 426 οὐκ
1300 399 1400 426 οἴδατε·
1411 400 1492 434 ἡμεῖς
1505 399 1712 435 προσκυνοῦμεν
1724 400 1739 426 δ
1751 399 1879 434 οῐδαμεν,

1081 445 1122 472 ὅτι
1134 446 1150 480 ὴ
1163 445 1284 481 σωτηρία
1299 446 1332 473 ἑκ
1345 445 1399 472 τῶν
1418 445 1554 473 Ἰουδαίων
1567 445 1651 472 ἐστίν.
1669 445 1750 472 Ἀλλά
1763 445 1879 482 ἔρχεται

1080 491 1157 527 ὥρα,
1175 492 1222 519 καὶ
1244 492 1292 519 νῦν
1313 492 1398 525 ἐστιν,
1421 493 1468 518 ὅτε
1485 492 1510 518 oi.
1536 491 1659 527 ἀληθινοὶ
1686 492 1881 528 προσκυνηταὶ

1078 538 1297 574 προσκυνήσουσι
1313 538 1352 574 τῷ
1372 539 1461 574 Πατρὶ
1484 539 1513 565 ὲν
1531 538 1668 574 πνεύματι
1684 539 1731 566 καὶ
1747 539 1879 574 ἀληθείᾳ.

1081 583 1136 610 Καὶ
1149 585 1203 619 γὰρ
1216 585 1230 610 ό
1246 584 1340 620 Πατὴρ
1350 584 1487 617 τοιούτους
1498 584 1574 620 ζητεῖ
1580 585 1644 618 τοὺς
1655 585 1881 621 προσκυνοῦντας

1080 629 1171 656 αὐτόν.
1185 629 1297 665 Πνεῦμα
1307 631 1320 657 ὁ
1331 630 1407 663 Θεὸς,
1421 631 1468 658 καὶ
1479 632 1543 663 τοὺς
1553 631 1771 668 προσκυνοῦντας
1782 632 1878 666 αὐτὸν,

1079 675 1108 702 ὲν
1121 675 1256 711 πνεύματι
1273 676 1320 702 καὶ
1333 678 1366 712 τῇ
1382 676 1496 712 ἀληθείᾳ
1507 677 1547 704 δεῖ
1559 679 1732 714 προσκυνεῖν.
1754 688 1764 705 ι

1114 721 1196 748 ΚΥΡ.
1212 719 1279 748 Εῐτα
1296 722 1323 748 τί
1340 721 1370 748 τὺ
1385 722 1498 754 ἄναντες
1521 720 1591 750 εἷναί
1607 732 1647 750 σοι
1663 724 1768 757 δοκοῦν,
1791 724 1830 756 ὡς
1849 723 1878 750 ἔν

1079 775 1111 801 γε
1126 767 1158 803 δὴ
1179 767 1305 801 τούτοις;
1323 769 1356 795 Τί
1371 769 1399 796 δὲ
1421 769 1453 805 δὴ
1475 770 1506 796 τὸ
1529 769 1597 805 βαθὺ
1619 770 1666 798 καὶ
1691 770 1875 806 δυσέφικτονς

1080 813 1201 849 ὶρομένῳ
1214 814 1328 850 φράσον.

1117 858 1220 885 ΠΔΛΔ.
1246 859 1331 885 Ἐθῶν
1351 859 1401 895 μὲν
1420 860 1474 887 τῶν
1498 860 1683 897 ἀρχαιοτέρων
1708 861 1877 897 άποςροιτᾷν,

1080 905 1191 940 καὶτῆς
1214 906 1243 932 ὲν
1263 905 1347 941 Νόμῳ
1359 906 1532 941 δικαιοσύνης
1555 907 1708 942 καταλῆξαι
1728 908 1786 935 δεῖν
1803 908 1878 944 ἱερὸς

1079 950 1146 985 ἡμῖν
1159 950 1298 977 ἐπιτάττει
1312 950 1400 985 λόγος.
1423 952 1495 987 Ἔφη
1512 952 1540 978 δὲ
1550 953 1564 979 ό
1578 952 1684 985 Παῦλος
1700 954 1756 984 τοῖς
1770 953 1878 989 ταύτης

1079 994 1233 1029 ἐφιεμένοις
1248 995 1296 1022 καὶ
1312 995 1382 1037 μετὰ
1391 995 1440 1031 τὴν
1453 996 1554 1023 πίστιν·
1574 1006 1583 1022 ι
1601 997 1804 1034 Κατηργήθητε
1820 999 1878 1025 ἀπὸ

1078 1039 1124 1064 τοῦ
1142 1040 1271 1074 Χριστοῦ,
1286 1041 1384 1070 οἵτινες
1399 1041 1428 1067 ὲν
1444 1041 1529 1076 Νόμῳ
1545 1041 1700 1068 δικαιοῦσθε
1710 1061 1718 1074 ,
1733 1043 1784 1078 τῆς
1796 1044 1877 1079 χάρι-

1077 1092 1123 1115 τος
1147 1084 1304 1117 ἐξεπέσατε.
1334 1084 1429 1120 Ἡμεῖς
1453 1085 1507 1121 γὰρ
1533 1086 1670 1122 πνεύματι
1692 1087 1726 1113 ὲκ
1753 1088 1876 1120 πίστεως

1078 1128 1172 1156 ἐλπίδα
1187 1129 1360 1166 δικαιοσύνης
1371 1130 1587 1166 ἀπεκδεχόμεθα.
1603 1141 1612 1158 ›
1629 1132 1769 1164 Πολιτείας
1783 1133 1812 1159 δὲ
1825 1132 1876 1167 τῆς

1077 1175 1148 1202 κατὰ
1161 1175 1207 1202 τὸν
1220 1175 1322 1211 Νόμον,
1335 1175 1428 1202 καίτοι
1439 1176 1554 1212 λαμπρὰ
1566 1177 1614 1204 καὶ
1627 1178 1730 1213 μεγάλα
1741 1179 1874 1206 δεικνύων

1077 1222 1142 1257 ἡμῖν
1161 1222 1204 1256 ἐφ’
1219 1221 1306 1258 ἑαυτῷ
1318 1222 1353 1249 τὰ
1366 1222 1524 1258 αὐχήματα,
1538 1223 1619 1250 πάλιν
1629 1225 1722 1259 φησιν’
1745 1234 1755 1252 ι
1775 1226 1875 1252 ’Δτινα

1076 1265 1110 1303 ἦν
1127 1276 1170 1302 μοι
1183 1268 1277 1304 κέρδη,
1290 1268 1378 1296 ταῦτα
1388 1269 1497 1304 ἥγημαι
1511 1269 1555 1296 διὰ
1569 1269 1614 1296 τδν
1628 1271 1745 1305 Χριστὸν
1757 1271 1872 1307 ζημίαν.

1083 1314 1162 1340 Ἀλλὰ
1179 1314 1311 1349 μενοῦνγε
1328 1316 1374 1342 καὶ
1388 1315 1509 1350 ἡγοῦμαι
1533 1315 1568 1342 τὰ.
1590 1316 1679 1343 πάντα
1696 1316 1810 1352 ζημίαν,
1828 1318 1875 1346 διὰ

1076 1360 1106 1387 τὸ
1125 1360 1257 1396 ὑπερέχον
1272 1361 1322 1396 τῆς
1345 1361 1471 1396 γνώσεως
1487 1363 1534 1389 τοῦ
1550 1363 1653 1399 Κυρίου
1673 1365 1752 1400 ἡμῶν
1783 1364 1874 1401 Ἰησοῦ

1076 1405 1206 1441 Χριστοῦ,
1229 1406 1262 1432 δι’
1281 1407 1311 1433 ὃν
1332 1407 1366 1434 τὰ
1390 1407 1479 1434 πάντα
1498 1407 1667 1445 ἐζημιώθην,
1683 1410 1729 1436 καὶ
1749 1410 1872 1445 ἡγοῦμαι

1077 1451 1198 1479 σκύϐαλα
1213 1450 1294 1486 εἶναι,
1311 1452 1354 1480 ἵνα
1370 1453 1487 1488 Χριστὸν
1507 1454 1643 1490 κερδήσω,
1659 1456 1705 1482 καὶ
1720 1455 1827 1491 εὑρεθῶ
1841 1457 1871 1483 ὲν

1076 1497 1150 1533 αὐτῷ
1162 1498 1200 1534 μὴ
1208 1498 1277 1534 ἔχων
1288 1498 1358 1535 ἐμὴν
1369 1498 1554 1536 δικαιοσύνην,
1570 1500 1620 1536 τὴν
1634 1501 1666 1528 ὲκ
1680 1501 1786 1536 Νόμου,
1802 1502 1872 1529 ἀλλὰ

1077 1545 1126 1580 τὴν
1138 1546 1170 1571 ὲκ
1182 1545 1301 1577 πίστεως
1324 1546 1454 1581 Χριστοῦ,
1466 1546 1516 1582 τὴν
1530 1547 1562 1574 ὲκ
1577 1547 1646 1574 Θεοῦ
1659 1547 1845 1585 δικαιοσύνην.
1861 1559 1871 1576 ι

1078 1589 1135 1616 Οὐκ
1153 1589 1303 1625 ἀμώμητον
1321 1590 1350 1617 δὲ
1364 1588 1496 1627 εἶναιτὴν
1517 1592 1635 1628 ἀρχαίαν
1652 1594 1761 1629 ἐντολὴν
1782 1595 1873 1622 διεϐε-

1078 1635 1187 1662 6αιοῦτο
1198 1636 1301 1670 σαφῶς.
1314 1637 1450 1673 Ταύτητοί
1471 1647 1538 1674 φησι
1553 1640 1600 1666 καὶ
1613 1640 1670 1666 ἀντ’
1686 1641 1796 1677 ἐκείνης
1806 1642 1874 1678 ἡμῖν

1078 1682 1286 1717 είσκεκομίσθαι
1303 1683 1448 1719 χρησίμως
1465 1684 1514 1720 τὴν
1534 1684 1578 1711 διὰ
1591 1685 1710 1720 Χριστοῦ
1727 1687 1776 1714 καὶ
1797 1688 1873 1720 νέαν,

1076 1728 1148 1755 τοῦτ’
1156 1729 1224 1762 ἐστι,
1234 1730 1283 1765 τὴν
1297 1730 1489 1766 εὐαγγελικήν.
1498 1731 1600 1766 Γράφει
1614 1732 1641 1759 δὲ
1653 1732 1748 1765 οὕτως·
1765 1743 1774 1759 ι
1796 1734 1874 1760 Ἀθέ-

1076 1783 1155 1810 τησις
1171 1776 1220 1811 μὲν
1235 1776 1290 1812 γὰρ
1305 1776 1411 1810 γίνεται
1428 1777 1620 1812 προσαγούσης
1639 1778 1760 1814 ἐντολῆς,
1774 1779 1820 1807 διὰ
1843 1780 1874 1807 τδ

1076 1821 1162 1856 αὐτῆς
1181 1821 1294 1854 ἀσθενὲς
1308 1822 1356 1849 καὶ
1371 1823 1520 1857 ἀνωφελές.
1536 1822 1621 1850 Ούδὲν
1636 1823 1691 1860 γὰρ
1713 1825 1874 1853 ἐτελείωσεν

1076 1869 1090 1895 ό
1103 1869 1205 1904 Νόμος,
1219 1869 1394 1904 ἐπεισαγωγὴ
1416 1869 1445 1896 δὲ
1470 1870 1622 1906 κρείττονος
1641 1871 1759 1905 ἐλπίδος,
1781 1873 1816 1899 δι’
1839 1871 1874 1910 ἧς

1076 1914 1223 1950 ἐγγίζομεν
1235 1915 1275 1951 τῷ
1287 1915 1357 1952 Θεῷ.
1376 1925 1385 1942 ι
1404 1917 1459 1944 Καὶ
1480 1918 1572 1945 πάλιψ
1591 1928 1601 1945 ι
1625 1919 1656 1946 Εἰ
1671 1919 1725 1956 γὰρ
1741 1922 1757 1955 ἡ
1774 1921 1873 1956 πρώτη

1076 1961 1167 1996 ἐκείνη
1189 1959 1223 1997 ἦν
1243 1962 1389 1998 ἄμεμπτος
1401 1985 1408 1996 ,
1426 1963 1475 1990 οὐκ
1492 1963 1525 1990 ἃν
1539 1965 1668 2000 δευτέρας
1684 1965 1810 2002 ὲζητεῖτο
1829 1967 1873 1994 τό-

1076 2014 1137 2038 πος.
1154 2015 1163 2033 ι
1180 2006 1362 2042 Μεμφόμενος
1373 2007 1426 2044 γὰρ
1438 2008 1537 2040 αὐτοὺς
1547 2009 1638 2044 λέγει’
1656 2019 1666 2036 ι
1689 2010 1755 2038 Ἰδοὺ
1767 2012 1871 2048 ἡμέραι

1076 2051 1213 2086 ἔρχονται,
1230 2051 1303 2086 λέγει
1320 2053 1432 2089 Κύριος,
1446 2055 1493 2081 καὶ
1506 2055 1658 2082 συντελέσω
1671 2057 1718 2083 ἐπὶ
1734 2057 1780 2084 τὸν
1796 2056 1872 2086 οἷκον

1083 2097 1200 2133 Ἰσραὴλ,
1214 2099 1260 2125 καὶ
1274 2098 1320 2125 ἐπὶ
1332 2099 1377 2125 τὸν
1387 2097 1460 2126 οἷκον
1475 2099 1561 2127 Ἰούδα
1573 2100 1705 2138 διαθήκην
1720 2103 1831 2139 καινὴν,
1842 2104 1871 2131 ού

1076 2143 1146 2170 κατὰ
1162 2143 1212 2179 τὴν
1227 2144 1370 2180 διαθήκην,
1383 2145 1416 2181 ῆν
1430 2146 1546 2181 ἐποίησα
1563 2148 1618 2179 τοῖς
1631 2148 1768 2183 πατράσιν
1782 2150 1873 2177 αὐτῶν

1076 2189 1105 2216 ἐν
1121 2190 1212 2225 ἡμέρᾳ
1225 2190 1423 2226 ἐπιλαϐομένου
1447 2200 1499 2227 μου
1520 2193 1569 2228 τῆς
1590 2193 1682 2228 χειρὸς
1702 2195 1806 2226 αὐτῶν,
1830 2196 1872 2228 ὲξ‹

1075 2238 1188 2270 αγαγεῐν
1203 2236 1302 2268 αὐτοὺς
1318 2237 1350 2263 ἐκ
1364 2237 1414 2273 γῆς
1428 2238 1577 2273 Αἰγύπτου,
1593 2239 1635 2266 ὅτι
1653 2240 1732 2267 αὐτοὶ
1756 2242 1810 2268 οὐκ
1828 2243 1872 2268 ὲν-

1075 2282 1187 2318 έμειναν
1202 2284 1232 2310 ὲν
1251 2284 1284 2319 τῇ
1298 2283 1416 2321 διαθήκῃ
1433 2293 1485 2319 μου
1496 2305 1504 2318 ,
1526 2285 1605 2319 κάγὼ
1622 2286 1750 2321 ἠμέλησα
1768 2288 1870 2322 αὐτῶν,

1075 2329 1148 2364 λέγει
1161 2329 1275 2366 Κύριος.
1295 2330 1357 2356 Ὅτι
1374 2330 1443 2366 αὓτη
1462 2331 1478 2366 ἠ
1500 2331 1628 2368 διαθήκη,
1653 2333 1686 2369 ἢν
1704 2333 1872 2371 διαθήσομαι

1074 2374 1114 2410 τῷ
1140 2375 1207 2410 οῐκῳ
1227 2375 1335 2412 Ἰσραὴλ
1361 2376 1431 2411 μετὰ
1453 2376 1502 2408 τὰς
1526 2377 1633 2413 ἡμέρας
1653 2379 1771 2412 ταύτας,
1798 2381 1873 2416 λέγει

1074 2421 1188 2457 Κύριος,
1202 2422 1290 2452 διδοὺς
1311 2423 1410 2458 νόμους
1428 2431 1479 2458 μου
1501 2424 1542 2455 τίς
1556 2423 1604 2460 τὴν
1622 2424 1742 2452 διάνοιαν
1768 2427 1871 2459 αὐτῶν,

1073 2468 1121 2495 καὶ
1137 2468 1177 2500 είς
1193 2468 1242 2504 τὴν
1256 2469 1368 2504 καρδίαν
1383 2469 1473 2496 αὐτῶν
1491 2470 1638 2506 ἐπιγράψω
1652 2471 1762 2504 αὐτούς,
1779 2482 1788 2499 ι
1814 2474 1872 2507 Ἐξ-

1071 2512 1142 2548 όχως
1153 2513 1182 2540 δὲ
1195 2513 1283 2550 τὸτῆς
1297 2514 1455 2551 καινότητος
1465 2515 1550 2551 δνομα
1562 2516 1662 2548 συνιείς
1675 2525 1705 2544 τε
1721 2518 1769 2544 καὶ
1782 2519 1871 2555 ἑρμη-

1072 2559 1167 2587 νεύων·
1182 2568 1192 2586 ι
1212 2560 1256 2588 Ἐν
1266 2560 1305 2596 τῷ
1317 2561 1418 2596 λέγειν,
1431 2571 1441 2588 ι
1456 2562 1534 2597 φησὶ,
1550 2571 1559 2588 ι
1573 2563 1679 2599 καινὴν,
1691 2565 1871 2592 πεπαλαίωκε

1071 2605 1122 2640 τὴν
1146 2605 1269 2641 πρώτην·
1294 2606 1325 2632 τὸ
1341 2606 1396 2642 γὰρ
1418 2607 1620 2643 παλαιούμενον
1644 2608 1692 2635 καλ¹
1714 2610 1869 2646 γηράσκον,

1073 2651 1157 2685 ἐγγὺς
1169 2651 1332 2687 ἀφανισμοῦ.
1345 2662 1354 2677 δ
1370 2653 1402 2680 Εἰ
1416 2653 1505 2680 τοίνυν
1520 2654 1678 2682 τετελείωκε
1692 2656 1741 2691 μὲν
1753 2658 1768 2683 ό
1778 2657 1870 2692 Νόμος

1073 2696 1160 2728 οὐδὲν,
1174 2697 1303 2733 ἀθέτησις
1317 2698 1344 2724 δὲ
1361 2699 1411 2734 τῆς
1426 2700 1543 2735 ἀρχαίας
1558 2700 1669 2734 γέγονεν
1691 2703 1804 2738 ἐντολῆς
1823 2705 1870 2730 καὶ

1073 2742 1124 2777 τῆς
1143 2743 1271 2779 δευτέρας
1296 2745 1447 2781 ἑπεισφορὰ
1459 2766 1466 2779 ,
1487 2748 1713 2785 προσοικειούσης
1737 2750 1814 2785 ἡμᾶς
1831 2751 1869 2787 τῷ

1076 2813 1143 2847 4,5.
1183 2814 1321 2850 ⁸Ρ11ἰ1ίρρ.
1360 2824 1400 2849 ιιι,
1434 2818 1494 2846 7-9.
1534 2817 1638 2845 'llel)r.
1668 2826 1714 2852 vn,
1745 2819 1792 2853 18,
1826 2820 1868 2849 l9.
