1929 3042
74 135 119 162 157

427 142 471 169 DE
490 143 709 173 ΑῡΟΒΑΤΙΟΝΕ
728 146 762 174 LV
782 148 847 176 SPli

902 149 918 177 Β
938 150 982 177 ΕΤ
1002 151 1185 183 VERITATE.
1204 157 1268 185 LIB.
1289 158 1309 186 ἰ.

1651 165 1702 193 158

72 193 136 228 θεῷ’
154 195 181 221 τί
200 195 235 231 δὴ
256 196 316 232 ἄρα
331 201 413 234 φησὶν
427 201 440 226 ὁ
455 202 559 237 Σωτὴρ,
583 213 592 229 ι
611 205 667 231 Οὐχ
681 203 764 240 ἦλθον
780 216 847 235 κατα

73 239 141 259 ‘l-‘mm
160 240 206 259 ηλυ
218 243 307 259 min-..
334 245 398 259 nu.
415 247 464 259 ,δη
475 248 537 259 ,μμ
550 258 554 259 ,
569 258 574 259 ,
653 250 659 259 ι
677 251 689 259 ευ
774 254 796 259 ...

917 211 1019 244 prioris
1038 215 1158 243 mandati
1184 216 1236 245 iuit
1251 218 1310 246 haec
1338 220 1502 255 posuerioris
1531 223 1701 259 subrogatlo,

73 239 142 266 λῦσαι
160 240 206 266 τὸν
218 243 318 276 νόμον,
332 245 398 272 ἀλλὰ
415 247 575 283 πληρῶσαι;
594 260 603 275 ι
617 250 663 277 καὶ
676 239 727 282 ὃτι.
745 262 754 278 ι
774 254 862 289 Πρισς

73 287 126 321 ﬁam
142 291 313 321 προσκυνεῖν
334 291 409 326 ἡμᾶς
429 294 458 319 ἐν
476 294 610 330 πνεύματι
629 297 677 323 καὶ
691 287 804 335 ἀληθεία
824 300 862 336 τῷ

72 331 124 366 Θεῷ
135 333 179 358 καὶ
197 334 291 369 Πατρί
303 344 312 369 ;
331 346 340 362 ι
362 338 441 373 Δηλοί
457 339 520 375 γὰρ,
534 339 620 375 οἶμαι,
636 345 721 376 τουτὶ,
737 331 769 371 τὸ
792 331 862 373 duo;

73 378 218 406 παύσασθαι
233 381 293 408 δεῖν
312 383 386 418 ἡμᾶς
409 384 481 419 ἠθῶν
505 387 552 413 καὶ
578 390 706 424 λατρείας
720 391 770 427 τῆς
790 393 861 420 κατὰ

72 423 109 449 τὸν
122 423 212 458 νόμον.

102 469 177 497 ΚΥΡ.
210 471 258 503 Ὠς
273 474 318 505 είς
332 474 419 502 πλατὺ
435 476 601 513 ζητημάτων
615 480 707 517 ὲξοίχῃ
724 482 860 518 πέλαγοςί

71 515 139 546 Heio;
155 516 210 551 γὰρ
225 517 260 544 ἂν
276 519 405 556 ἁρκέσειε
419 522 491 556 νοῦς⁹
506 525 563 556 τοῖς
577 525 648 552 οὕτω
665 527 773 560 λεπτοῖς
791 529 859 556 θεω-

71 562 180 596 ρήμασιν
203 563 363 593 ὲνατενίσαι
385 567 534 604 λαμπρῶς,
548 570 586 603 ὡς
605 573 662 604 τοῖς
679 573 762 601 πάλαι
782 575 858 602 τεθε-

70 607 219 642 σπισμὲνοις
242 610 289 637 διὰ
304 611 352 638 τοῦ
372 614 508 649 πανσόφου
523 616 662 651 Μωσέως,
682 619 800 656 ἀδελφὴν
815 619 859 648 οἷά

70 662 114 688 περ
128 654 174 680 καὶ
187 655 313 689 γείτονα,
330 659 377 686 καὶ
389 659 433 686 διὰ
445 661 499 688 τῶν
511 663 601 690 αὐτῶν
617 664 710 692 ἰοῦσαν
727 665 858 703 πραγμά-

69 707 123 731 των,
137 700 185 736 τὴν
198 702 265 728 νέαν
281 704 352 739 ἡμῖν
369 706 499 740 ἐπιδεῖξαι
513 709 634 745 Γραφὴν,
652 713 698 739 καὶ
712 700 762 748 τῆς
780 700 857 750 νομι-

69 746 112 780 κῆς
127 747 268 781 πολιτείας
282 750 314 776 οὗ
327 751 430 787 σφόδρα
443 752 626 792 διῳκισμένην
639 757 688 793 τὴν
701 759 730 785 ὲν
740 746 858 797 ’Χριστῷ

68 791 141 826 ζωὴν,
157 793 182 818 εἰ
198 794 269 829 πρὸς
293 795 413 832 Θεωρίαν
433 798 527 833 ἄγοιτο
549 791 608 838 τὴν
619 791 807 842 πνευματικὴν
824 791 857 834 τα

67 837 114 867 τοῖς
129 837 254 872 ἀρχαίοις
273 839 453 877 διωρισμένα.
476 845 567 878 Τόπος
582 847 638 883 γὰρ
662 850 676 875 ὁ
689 837 791 885 -νόμος
809 853 856 878 καὶ

69 881 131 914 σκιὰ,
152 884 263 920 καὶτῆς
281 886 425 921 εὐσεΰείας
447 890 463 925 ὴ
485 891 626 927 μόρφωσις
649 894 687 926 ὡς
710 897 738 922 ὲν
762 896 854 924 ὠδῖσιν
873 884 891 911 Β

67 926 109 958 ἔτι,
134 930 180 955 καὶ
204 933 405 968 κεκρυμμένον
429 936 459 962 ὲν
484 926 567 973 ἑαυτῇ
592 939 621 965 τὸ
644 940 693 976 τῆς
725 941 855 978 ἀληθείας

68 973 154 1007 ἔχουσα
169 976 279 1009 καλλος.
301 979 337 1005 Ἦ
353 979 401 1015 οὐχ
419 978 470 1008 ὦδε
489 982 562 1019 ἔχειν
577 984 650 1020 ἐρεῖς
669 973 737 1024 ὅπερ
750 973 837 1024 ἓῷηη

96 1065 194 1093 ΠΛΛΛ.
218 1068 297 1096 Πάνυ
317 1071 424 1103 μενοῧν.
445 1073 525 1102 Ἀλλὰ
538 1075 580 1107 τίς
592 1076 625 1103 ἂν
637 1077 744 1110 γένοιτο
757 1079 853 1106 τούτου

66 1112 80 1144 ἡ
93 1111 268 1149 διασᾶιρησις;
285 1117 322 1143 Ἦ
337 1118 379 1149 τίς
394 1119 408 1145 ὁ
420 1120 521 1155 τρόπος
532 1121 580 1148 τοῦ
599 1122 788 1152 πολιτεύεσθαι
803 1126 853 1160 μὲν

68 1157 250 1191 Εὑαγγελικῶς
263 1161 382 1195 ὲξῆφθαι
396 1162 436 1189 ἔτι
446 1163 534 1191 δοκεῖν
544 1167 594 1201 τῆς
603 1168 720 1202 ἀρχαίας
731 1157 851 1205 ἐντολῆς,

67 1204 107 1230 καὶ
124 1204 244 1240 πληροῦν
259 1207 366 1234 οἴεσθαι
379 1209 414 1235 τὰ
428 1210 472 1237 διὰ
490 1210 628 1246 Μωσέως;

95 1294 170 1322 ΚΥΡ.
191 1297 249 1332 Οὐχ
270 1298 376 1331 ἁπλοῦς
397 1301 411 1327 ό
432 1301 520 1336 λόγος,
545 1303 584 1335 ὡς
603 1304 636 1331 ἄν
657 1313 699 1337 τις
719 1294 849 1334 εἰκάσειε·

67 1341 148 1375 χρῆμα
166 1342 204 1374 δὲ,
223 1342 321 1379 οἶμαι,
343 1347 388 1373 κα¹ι
404 1348 563 1384 πολυσχιδὲς
579 1349 626 1376 καὶ
644 1351 818 1388 πολύμορφον
833 1354 850 1388 ὴ

67 1386 149 1421 ἀρετή·
167 1388 212 1414 καὶ
232 1389 285 1424 τῆς
306 1391 334 1416 ὲν
350 1392 459 1428 Χριστῷ
479 1395 618 1427 πολιτείας
634 1397 668 1424 τὰ
687 1386 849 1433 αὐχήματα,

66 1429 102 1458 διὰ
119 1432 243 1469 πλείστης
261 1436 330 1471 ὅσης
350 1438 415 1473 ἡμῖν
440 1439 490 1474 τῆς
507 1441 692 1477 ἁγαθουργίας
713 1429 851 1472 ἐ-κίιίοικίλζ

65 1475 138 1525 λεῖαι.
155 1480 208 1506 Καὶ
219 1481 288 1515 γοῦν
300 1483 315 1509 ό
331 1482 474 1517 θεσπέσιος
493 1486 576 1513 Δαῦὶδ
587 1475 618 1514 ὲν
636 1475 735 1525 ψαλμῷ
755 1490 792 1525 τῷ
808 1500 851 1518 τε-

66 1520 145 1558 τάρτῳ
157 1525 202 1550 καὶ
214 1528 428 1564 τεσσαρακοστῷ
445 1531 593 1568 παρίστησι
609 1533 658 1568 μὲν
670 1534 708 1570 τῷ
724 1535 843 1572 Χριστῷ,
861 1555 881 1583 C

67 1568 186 1583 —~.h1..-..
201 1571 236 1583 Δ...
323 1573 330 1582 ν
348 1582 352 1583 ,
369 1575 376 1583 ι
433 1575 458 1583 ι-
498 1576 510 1583 Λ
561 1577 569 1583 .
581 1578 602 1583 .-
682 1580 687 1583 λ
732 1581 758 1583 γμ
798 1582 802 1583 ,

67 1568 186 1603 παρθένον
199 1571 298 1607 ἁγνὴν,
315 1573 353 1604 ὡς
368 1575 396 1601 ὲν
408 1575 483 1608 τάξει
497 1576 641 1612 βασιλίδος,
662 1568 711 1615 τὴν
732 1568 845 1618 Ίέῖκκληζ

67 1613 127 1646 σίαν,
144 1617 311 1652 περίχρυσον
330 1619 358 1646 δὲ
378 1621 447 1657 αὐτῇ
465 1623 512 1649 καὶ
534 1625 751 1662 πεποικιλμένην
772 1636 849 1664 περι-

65 1661 142 1696 τίθησι
165 1663 273 1700 στολὴν,
296 1665 368 1692 οὕτω
388 1666 486 1701 λέγων’
503 1677 511 1693 ι
529 1669 654 1705 Παρέστη
671 1672 687 1706 ὴ
704 1661 848 1706 βασίλισσα

65 1707 92 1733 ὲκ
109 1706 197 1740 δεξιῶν
214 1718 280 1742 σου,
297 1711 326 1737 ἐν
343 1712 483 1748 ἱματισμῷ
505 1714 644 1750 διαχρύσῳ
664 1717 847 1753 περιϐεϐλημ-

66 1753 123 1787 μενη
137 1754 180 1780 καὶ
197 1756 408 1791 πεποικιλμένη.
427 1768 436 1783 ι
454 1759 506 1785 Τοῦ
522 1759 570 1794 μὲν
583 1761 740 1796 διαχρύσου,
755 1763 786 1789 τὸ
804 1764 846 1790 ἕν-

64 1804 131 1831 τιμον
145 1799 190 1825 καὶ
203 1801 365 1835 περιφανὲς,
381 1803 505 1839 καθάπερ
520 1804 637 1841 ἐγῷμαι,
651 1807 698 1833 τοῦ
715 1807 742 1834 δὲ
758 1810 846 1836 ποικί-

64 1841 112 1875 λου,
125 1844 153 1870 τὸ
177 1846 318 1878 πολυειδὲς
340 1848 389 1882 τῆς
411 1849 512 1884 ἀρετῆς
529 1848 558 1877 εὖ
577 1852 650 1886 μάλα
674 1856 845 1890 κατασημαί-

64 1895 151 1919 νοντος.
173 1890 391 1929 Εὐπρεπεστάτη
412 1894 467 1930 γὰρ
488 1895 548 1923 λίαν
571 1897 587 1932 ἠ
618 1898 775 1934 Ἐκκλησία,
795 1901 840 1927 κό-

66 1941 123 1968 σμον
132 1935 227 1970 ἔχουσα
243 1938 290 1964 τὸν
305 1940 450 1975 νοητὸν,ξοῦ
464 1943 521 1974 τοῖς
531 1943 581 1978 τῆς
592 1945 692 1979 σαρκὸς
705 1945 842 1981 ὁρώμενον

63 1978 205 2016 ὀφθαλμοῖς,
219 1983 278 2010 ἀλλ’
292 1985 333 2016 είς
347 1985 408 2012 νοῦν
422 1986 476 2013 ἔσω
489 1988 536 2014 καὶ¹
550 1978 676 2024 καρδίαν,
695 1978 741 2018 τὸν
760 1978 789 2018 ἐν
803 1993 842 2029 τῷ

64 2027 161 2062 κρυπτῷ
170 2029 315 2064 νοούμενον
333 2031 466 2065 Ἰουδαῖον,
482 2033 526 2061 διὰ
545 2035 678 2063 πλείστων
691 2038 758 2073 ἡμῖν
772 2038 841 2065 ὅσων

63 2071 193 2108 ὼραῖσμῶν
209 2076 301 2110 εὐφυᾶ
322 2078 369 2104 καὶ
382 2078 519 2114 ἐξαίρετον
534 2081 649 2113 ἀστείως
666 2083 839 2117 ἑκφαίνοντα.

67 2117 104 2149 Ὦς
116 2119 165 2156 γὰρ
185 2122 199 2147 ὁ
214 2123 351 2158 μακάριος
365 2126 464 2159 γράφει
481 2125 586 2158 Παῦλος
597 2136 604 2142 ·
626 2137 634 2153 ι
656 2129 693 2155 Οὐ
709 2128 764 2164 γὰρ
780 2131 793 2155 ὁ
810 2131 839 2156 ὲν

63 2163 94 2198 τῷ
108 2166 209 2201 φανερῷ
223 2167 362 2200 ,Ἰουδαῖός
382 2169 466 2202 ἐστιν,
479 2170 542 2197 οὔτε
559 2172 612 2207 μὴν
625 2173 653 2199 ὲν
676 2174 716 2209 τῷ
731 2175 839 2211 φανερῷ

906 263 965 290 ’ρετ
978 258 1051 292 quod
1065 259 1121 287 Deo
1138 263 1328 298 conciliamur,
1348 273 1399 293 cur
1414 275 1480 303 ergo
1502 258 1628 297 Salvator
1651 271 1700 302 ait,

917 311 926 327 ι
943 302 1003 330 Non
1034 305 1096 332 veni
1130 308 1236 336 solvere
1263 310 1363 346 legem,
1380 313 1428 341 sed
1447 302 1620 350 adimplere?
1635 325 1644 342 ›
1666 316 1702 344 Et

913 349 980 378 illud
993 351 1069 383 item,
1090 362 1098 378 ι
1110 352 1140 379 1η
1158 354 1256 388 spiritu
1273 361 1301 384 et
1317 358 1431 387 veritate
1442 349 1530 388 Deum
1545 369 1578 389 ac
1592 362 1699 390 Patrem

912 402 1022 432 oportet
1038 399 1175 427 adorare?
1188 411 1197 426 ι
1217 401 1276 430 Hoc
1301 404 1386 438 enim,
1406 407 1459 433 nisi
1475 407 1564 440 fallor,
1593 409 1695 444 signiti-

911 448 955 471 cat
967 452 982 471 a
998 444 1097 473 ritibus
1109 446 1240 482 cultuque
1253 449 1321 484 legis
1330 458 1389 478 esse
1402 452 1481 480 nobis
1494 454 1697 484 abstinendum.

946 490 1024 518 CYR.
1037 492 1124 525 Quam
1139 499 1247 521 vastum
1267 497 1450 530 quaestionum
1469 501 1582 536 pelagus
1605 502 1699 537 ingrc-

912 535 988 562 deris
1003 537 1009 562 !
1027 536 1093 569 Quae
1107 539 1181 565 enim
1204 540 1305 567 mentis
1323 541 1366 568 vis
1387 542 1463 570 tanta
1476 535 1566 579 potest
1588 547 1616 574 in
1629 535 1698 575 adeo

911 582 1027 610 subtiles
1054 583 1256 618 disputationes
1271 587 1337 614 satis
1360 588 1460 615 claram
1486 590 1572 618 aciem
1605 593 1695 621 inten—

910 627 988 660 dere,
1008 633 1037 655 ut
1058 629 1093 656 iis
1110 637 1170 664 qua:
1185 631 1251 658 olim
1269 639 1284 660 a
1303 633 1506 668 sapientissimo
1526 636 1616 672 Moyse
1632 647 1696 666 san-

909 674 963 701 cita
982 680 1056 709 sunt,
1071 679 1201 711 tanquam
1229 683 1370 713 cognatam
1398 688 1430 708 ac
1446 682 1599 716 proximam
1625 692 1695 716 esse.

909 719 937 747 in
969 720 1123 759 iisdemque
1155 724 1262 751 versari
1295 725 1379 752 rebus
1406 734 1507 754 novam
1526 728 1695 763 Scripturam

908 767 1045 800 ostendat,
1078 776 1195 804 esseque
1221 770 1305 798 vitam
1323 772 1351 798 in
1367 771 1478 800 Christo
1494 782 1548 801 non
1575 775 1656 810 longe
1681 784 1695 803 a

907 812 986 847 legali
1001 813 1178 849 disjunctam,
1189 816 1212 842 si
1225 824 1285 851 qum
1297 818 1438 846 veteribus
1450 820 1610 856 praeseripta
1620 816 1694 853 stint,

908 857 941 885 ad
956 859 1131 892 spiritualem
1150 862 1409 897 contemplationem
1426 865 1624 894 traducantur:
1652 867 1695 894 lex

907 911 1024 939 namque
1044 905 1130 941 ﬁgura
1150 912 1177 934 ct
1190 908 1287 936 umbra
1301 913 1353 942 est,
1370 910 1499 938 et'forma
1510 913 1621 947 pietatis
1632 918 1693 941 tan-

905 957 987 984 quam
1002 951 1093 978 adhuc
1104 953 1273 987 parturiens,
1290 959 1318 982 et
1332 955 1463 983 latentem
1477 957 1504 984 in
1524 966 1554 985 se
1568 959 1692 993 pulchri-

906 994 1029 1022 tudinem
1054 997 1180 1024 veritatis
1201 999 1355 1027 continens.
1371 1000 1411 1028 An
1431 1009 1486 1028 non
1503 1002 1551 1036 ita,
1569 1007 1600 1030 ut
1624 1003 1691 1038 dixi,

905 1048 962 1067 rem
979 1048 1008 1068 se
1020 1041 1123 1070 habere
1136 1043 1232 1071 dices?

938 1086 1037 1114 PALL.
1058 1087 1098 1116 Ita
1125 1097 1249 1124 prorsus.
1277 1091 1414 1120 Caeterum
1441 1101 1559 1128 quanam
1585 1095 1691 1123 ratione

904 1130 962 1158 haec
977 1131 1111 1160 declarari
1127 1137 1276 1169 poterunt?
1292 1137 1346 1164 Aut
1371 1139 1509 1172 quomodo
1532 1140 1691 1175 evangelica

903 1175 1038 1208 vivamus,
1065 1179 1088 1206 si
1119 1188 1169 1207 nos
1197 1181 1287 1208 adhuc
1307 1182 1340 1210 de
1359 1184 1447 1211 veteri
1472 1185 1601 1213 mandato
1621 1194 1690 1221 peu-

903 1217 978 1250 dere.
997 1224 1026 1247 ct
1044 1220 1072 1256 4.
1086 1229 1118 1249 ea
1138 1223 1274 1258 implenda
1292 1230 1420 1259 putemus
1435 1235 1496 1262 qua:
1509 1236 1558 1263 per
1577 1217 1690 1266 Moysen

903 1265 1006 1292 sancita
1021 1267 1102 1293 sunt?

936 1310 1016 1340 ΟΥΕ.
1045 1313 1105 1340 Νοιι
1121 1314 1237 1349 simplex
1258 1321 1286 1343 et
1307 1324 1361 1344 una
1382 1319 1452 1346 ratio
1474 1324 1526 1352 est,
1540 1325 1571 1347 ut
1589 1321 1690 1356 aliquis

902 1357 1045 1392 imaginari
1061 1358 1166 1393 possit;
1191 1360 1334 1396 multiplex
1363 1363 1436 1389 enim
1459 1371 1491 1390 ac
1514 1365 1690 1393 multiformis

902 1411 948 1430 res
964 1408 1007 1431 est
1026 1404 1137 1438 virtus;
1164 1409 1192 1432 et
1215 1405 1382 1443 Christianae
1405 1409 1469 1436 vita:
1497 1409 1583 1445 gloria
1606 1419 1688 1446 quam

900 1450 1028 1484 plurimis
1044 1450 1125 1478 bonis
1138 1452 1269 1487 operibus
1284 1453 1442 1488 variegatur
1455 1459 1483 1482 et
1496 1461 1622 1483 ornatur.
1636 1456 1689 1484 Ita-

901 1503 954 1531 que
973 1496 1085 1524 divinus
1102 1497 1148 1525 ille
1161 1498 1247 1526 David
1261 1499 1366 1534 psalmo
1380 1500 1592 1536 quadragesimo
1604 1511 1688 1538 quar-

902 1545 939 1574 to,
958 1541 1068 1569 Christo
1092 1543 1227 1578 virginem
1250 1549 1353 1571 castam
1382 1550 1471 1573 astare
1500 1546 1565 1574 facit
1594 1548 1688 1576 Eccle-

900 1587 992 1614 siam:
1015 1589 1112 1616 stolam
1131 1597 1196 1616 vero
1219 1590 1259 1618 illi
1289 1590 1448 1619 deauratam
1477 1597 1505 1621 et
1521 1594 1686 1630 variegatam

900 1633 1094 1670 circumponit,
1111 1635 1149 1662 ita
1159 1635 1272 1663 dicens:
1294 1646 1303 1662 ι
1319 1637 1415 1665 Astitit
1429 1639 1523 1674 regina
1547 1648 1562 1666 ιι
1583 1640 1685 1668 dextris

899 1678 954 1705 tuis
977 1677 1006 1705 in
1023 1679 1125 1706 vestitu
1148 1679 1290 1713 deaurato,
1316 1682 1524 1710 circumamicta
1547 1688 1575 1711 et
1594 1684 1678 1712 varie-

898 1729 959 1758 gata
976 1724 996 1750 ⁸.
1011 1734 1020 1749 ›
1038 1725 1089 1752 Ubi
1113 1725 1239 1753 deaurati
1253 1727 1400 1761 vocabulo,
1426 1729 1556 1764 splendor
1577 1735 1605 1758 et
1621 1738 1680 1765 pre-

898 1769 966 1796 tium
981 1779 986 1795 :
1000 1770 1067 1797 varii
1078 1775 1169 1798 autem
1183 1773 1305 1805 nomine,
1319 1774 1430 1801 virtutis
1444 1775 1563 1802 varietas
1571 1776 1682 1811 Optime,

897 1818 927 1841 ut
955 1815 1064 1849 opinor,
1093 1816 1274 1850 signiﬁcatur.
1301 1818 1509 1853 Speciosissima
1536 1821 1610 1848 enim
1643 1828 1686 1850 est

896 1860 1007 1887 omnino
1022 1861 1154 1894 Ecclesia,
1174 1867 1301 1890 ornatum
1314 1864 1418 1893 habens
1435 1866 1618 1901 spiritualem,
1635 1869 1683 1903 qui

895 1913 953 1932 non
964 1906 1054 1933 carnis
1066 1907 1154 1935 oculis
1167 1909 1301 1941 cernitur,
1314 1909 1362 1937 sed
1374 1910 1402 1938 in
1417 1917 1510 1939 mente
1520 1918 1548 1940 et
1557 1913 1586 1940 in
1600 1913 1683 1941 corde

894 1951 1010 1985 positus,
1025 1951 1112 1985 illum,
1131 1953 1178 1987 qui
1191 1953 1220 1980 in
1238 1955 1347 1982 occulto
1358 1955 1534 1992 intelligitur,
1557 1957 1682 1986 Judaeum

893 1997 1020 2032 plurimis
1039 2000 1209 2026 ornamentis
1230 2000 1367 2036 insignem
1393 2007 1475 2037 atque
1502 2004 1682 2039 conspicuum

892 2043 959 2070 scite
974 2043 1054 2071 nobis
1065 2045 1194 2072 ostendit.
1208 2046 1276 2073 Nam
1291 2051 1321 2074 ut
1338 2048 1435 2077 beatus
1449 2049 1551 2077 Paulus
1564 2051 1660 2078 scribit
1673 2062 1679 2079 ε

896 2097 905 2113 ι
923 2088 982 2115 Νοιι
996 2089 1043 2124 qui
1060 2089 1088 2116 in
1101 2091 1262 2124 manifesto,
1277 2092 1387 2121 Iudaeus
1399 2099 1456 2127 est,
1473 2103 1563 2131 neque
1577 2104 1637 2132 qum
1652 2098 1678 2125 in

891 2134 1037 2162 manifesto
1049 2135 1077 2162 in
1091 2144 1185 2170 carne,
1198 2141 1240 2165 est
1249 2138 1435 2172 circumcisio,
1447 2141 1495 2168 sed
1510 2143 1557 2176 qui
1574 2143 1601 2170 in
1616 2143 1681 2171 abs-

890 2180 1012 2213 condito,
1032 2181 1144 2210 Iudaeus
1155 2187 1207 2216 est,
1228 2188 1256 2211 et
1273 2185 1449 2214 circumcisio
1465 2188 1558 2216 cordis
1580 2188 1609 2216 in
1621 2191 1678 2225 spi-

64 2209 87 2235 ὲν
100 2212 172 2246 σαρκὶ
187 2214 340 2249 περιτομὴ,
353 2215 410 2242 ἀλλ’
423 2217 437 2243 ὁ
448 2217 476 2242 ἐν
491 2217 530 2251 τῷ
550 2218 675 2254 κρυπτῷ,
696 2219 822 2252 Ἰουδαῖος
832 2241 838 2252 ,

64 2256 99 2269 ..-ι
114 2266 196 2269 _-__-,
215 2259 234 2269 ,v
317 2260 339 2269 θ’
401 2263 407 2269 ι
501 2263 507 2269 ι
611 2265 617 2269 .
680 2266 686 2269 .
822 2265 836 2269 ..

1006 2209 1011 2213 _
1177 2209 1182 2210 ,
1201 2209 1207 2216 ,
1232 2209 1254 2211 ν
1276 2209 1447 2214 “nam”-
1466 2209 1558 2216 wn..-
1580 2209 1678 2225 ον.-

902 2226 958 2259 'itu,
971 2235 1027 2255 non
1042 2227 1144 2263 littera,
1161 2231 1241 2266 cujus
1252 2232 1311 2259 laus
1325 2241 1381 2260 non
1396 2242 1431 2261 ex
1443 2234 1612 2269 hominibus,
1629 2237 1678 2264 scd

63 2256 101 2281 καὶ
114 2259 243 2294 περιτομὴ
258 2260 383 2296 καρδίας,
399 2263 429 2288 ὲν
442 2263 578 2298 πνεύματι
591 2265 622 2291 οὺ
637 2266 789 2302 γράμματι,
808 2265 837 2294 οὗ

62 2301 179 2335 “nam;
191 2305 242 2331 οὐκ
256 2304 285 2338 ἐξ
303 2306 465 2343 ἀνθρώπων,
482 2309 540 2336 ἀλλ’
555 2311 587 2337 ἐκ
600 2311 646 2337 τοῦ
662 2301 738 2339 Θεοῦ.
755 2324 764 2339 ι

91 2347 182 2376 ΠΑΛΛ.
196 2348 263 2386 Ἆρ’
278 2348 335 2383 οὖν,
350 2352 410 2379 είπέ
432 2362 490 2388 μοι,
505 2355 554 2390 τῆς
568 2356 596 2382 ἐν
610 2356 747 2391 πνεύματι
761 2367 837 2393 περι-

62 2393 132 2428 τομῆς
151 2396 416 2433 είσκεκομισμένης,
441 2400 489 2426 καὶ
509 2400 610 2427 θυσιῶν
632 2402 686 2428 τῶν
702 2403 771 2429 κατὰ
791 2405 837 2431 τὸν

62 2437 128 2472 νόμον
140 2441 397 2478 ἁνατετραμμένων,
419 2446 464 2471 καὶ
483 2445 565 2472 τόπον
578 2447 673 2474 οὐδένα
689 2449 754 2484 παρ’
769 2450 836 2484 ἡμῖν

62 2483 157 2521 ἐχούσης
169 2487 219 2522 τῆς
232 2488 381 2521 πολιτείας,
399 2491 448 2517 οὐχ
465 2491 596 2519 ἀπίθανόν
610 2502 668 2525 πως
681 2494 750 2521 εἶναι
763 2495 836 2522 δοκεῖ

61 2529 84 2555 τὸ
97 2531 168 2564 φάναι
179 2534 309 2568 Χριστὸν,
327 2545 335 2560 ι
355 2536 411 2562 Οὐκ
424 2534 504 2572 ἦλθον
521 2538 671 2566 καταλῦσαι
683 2540 728 2567 τὸν
742 2541 834 2576 νόμον,

61 2575 115 2603 ἀλλὰ
128 2579 286 2615 πληρῶσαι;
301 2591 311 2607 ι
335 2582 372 2608 Ἢ
386 2583 465 2619 εἰπερ
484 2585 533 2620 οὐχ
547 2582 596 2611 ὦδε
614 2585 680 2621 ἔχει,
704 2575 835 2614 διακωλύ-

62 2627 119 2649 σειεν
135 2623 164 2651 ἂν
180 2623 257 2661 οἶμαί
272 2635 325 2653 που
345 2628 391 2654 καὶ
407 2629 482 2664 ἡμᾶς
496 2630 582 2664 οὐδὲν,
608 2631 763 2667 βουθυσίαις
784 2634 834 2669 μὲν

61 2667 259 2703 καὶλιεανωτοῖς
281 2672 329 2699 τὸν
351 2672 406 2699 τῶν
431 2674 500 2702 ὅλων
520 2677 732 2713 καταγεραίρειν
753 2667 831 2711 Θεὸν.

62 2715 234 2749 προεκομίζειν
246 2717 276 2744 δὲ
290 2718 365 2753 αὐτῷ
377 2720 510 2756 τρυγόνας
527 2722 574 2748 καὶ
589 2724 753 2760 περιστερὰς
763 2745 770 2756 ,
785 2726 832 2752 καὶ

60 2757 110 2784 ait:
119 2759 178 2795 δρᾷν
191 2763 286 2799 ἕτερον
299 2766 355 2796 τοῖς
366 2766 553 2802 ἀρχαιοτέροις
569 2769 734 2804 νενόμισται,
751 2771 831 2798 τοῦτο

61 2803 97 2828 καὶ
108 2805 171 2839 ἡμᾶς
183 2808 283 2840 αὐτοὺς
297 2810 455 2844 ἐπείγεσθαι
469 2812 600 2848 πληροῦν.

87 2859 162 2890 'Psal.
181 2873 251 2897 xuv,
281 2866 325 2892 l0.
363 2867 464 2896 ’Rom.
491 2878 520 2900 ιι.
536 2870 581 2903 28,
606 2873 648 2900 ‘29.

193 2910 332 2942 ΙἈτιιοι.
356 2913 412 2944 Gn.
433 2915 561 2946 LXVIII.

889 2279 922 2299 ex
937 2272 993 2300 Deo
1007 2278 1050 2300 est
1063 2274 1083 2299 '.
1095 2284 1104 2300 ι

922 2368 1021 2396 PALL.
1038 2369 1086 2397 Dic
1106 2370 1174 2397 mihi
1189 2371 1284 2406 igitur,
1297 2373 1320 2400 si
1337 2373 1512 2402 circumcisio
1528 2376 1555 2402 in
1571 2376 1672 2411 spiritu

888 2412 1044 2441 introducta
1057 2418 1108 2447 est,
1124 2420 1152 2442 et
1170 2416 1267 2444 hostiae
1280 2417 1380 2452 legales
1393 2419 1516 2452 sublatae,
1530 2421 1673 2449 etnullum

887 2458 961 2493 apud
974 2460 1123 2487 noslocum
1133 2461 1216 2489 habet
1226 2462 1392 2491 illaJudaica
1401 2464 1513 2492 vivendi
1528 2467 1608 2499 ratio,
1621 2476 1670 2495 an-

887 2511 941 2531 non
946 2504 1097 2532 absurdum
1105 2513 1164 2533 esse
1172 2507 1373 2542 quodammodo
1381 2509 1501 2544 videtur,
1511 2512 1583 2546 quod
1590 2511 1664 2540 Chri-

886 2552 945 2576 stus
957 2550 1004 2582 ait,
1017 2560 1026 2575 ‹
1038 2550 1098 2578 Non
1106 2552 1169 2579 veni
1180 2553 1287 2581 solvere
1298 2553 1397 2589 legem,
1414 2556 1462 2584 sed
1472 2557 1641 2592 adimplere?
1657 2569 1666 2585 ›

885 2595 968 2622 Autsi
977 2596 1056 2623 aliter
1066 2604 1096 2624 sc
1107 2605 1152 2625 res
1162 2598 1256 2632 habet,
1268 2600 1462 2636 nihil,opinor,
1473 2604 1668 2638 impedimento

885 2643 965 2670 nobis
983 2643 1047 2676 erit.
1058 2645 1208 2679 quominus
1234 2651 1377 2677 taurorum
1395 2650 1519 2679 victimis
1543 2660 1575 2680 ac
1589 2653 1668 2680 thure

884 2687 969 2715 Deum
977 2691 1153 2724 veneremur,
1163 2695 1339 2729 turturesque
1349 2703 1381 2722 ac
1389 2696 1529 2724 columbas
1538 2698 1563 2725 ei
1573 2697 1667 2725 oli'era-

884 2741 958 2766 mus;
969 2733 1088 2769 denique
1097 2736 1232 2772 quidquid
1240 2739 1339 2773 priscis
1348 2740 1401 2768 illis
1412 2741 1571 2770 hominibus
1582 2743 1667 2770 tacere

883 2778 967 2805 moris
980 2778 1042 2812 fuit,
1060 2780 1088 2808 id
1104 2789 1156 2809 nos
1168 2782 1220 2818 ipsi
1240 2791 1350 2819 quoque
1365 2786 1482 2821 implere
1496 2788 1667 2818 studeamus.

1475 2933 1491 2963 5
