1929 3042
250 129 300 158 139

740 131 767 158 S.
787 131 925 159 CYRILLI
945 131 1179 160 ALEXANDRINI
1198 131 1358 160 ARCHIEP.

1830 130 1882 160 “0

283 187 362 215 CYIL
375 187 458 222 Atqui
474 188 631 223 longissime
651 196 666 216 ιι
680 192 758 215 recto
785 188 907 222 uberi-as,
928 190 1030 217 amice:

1120 189 1200 217 ΚΥΡ.
1228 190 1283 217 Καὶ
1305 190 1369 229 μὴν,
1389 184 1412 216 ὦ
1434 189 1543 225 ιταῖρε,
1567 189 1635 216 πολὺ
1654 189 1701 216 τοῦ
1722 189 1880 224 πριποντος

250 240 313 260 nam
330 232 367 260 ita
383 232 512 260 abolitam
526 240 587 263 esse
603 233 689 268 legem
711 238 801 269 putas,
831 239 862 262 ut
876 235 981 263 nullum
1000 243 1035 263 ex

249 287 283 306 ea
301 279 421 307 fructum
432 278 575 314 percipere
589 279 681 312 liceat,
694 283 722 306 et
734 279 861 306 inutilem
880 288 939 308 esse
954 288 1033 316 pror-

250 333 298 354 sus
311 325 344 352 ad
359 332 552 359 quamcunque
564 329 671 359 partem
697 333 790 352 rerum
817 325 1034 353 necessariarum

251 370 442 398 declarandam
455 371 607 402 existimas,
626 378 681 397 non
698 378 859 398 conversam
871 378 930 397 esse
944 371 1035 406 potius

249 416 283 444 ad
298 417 444 444 veritatem
466 416 720 449 demonstrandam,
736 424 799 444 eum
818 416 919 451 alioqui
934 416 1036 445 scribat

250 462 345 490 beatus
359 462 461 490 Paulus
477 472 483 489 ι
502 472 511 488 ι
527 463 627 498 Legem
642 463 727 498 igitur
754 462 988 497 destruimusper
1002 462 1035 488 [i—

250 509 312 536 dem
323 509 414 536 ?absit
429 510 436 535 l
456 508 510 536 Sed
535 509 622 543 legem
639 508 663 543 5
678 509 824 536 statuimus
834 508 866 534 ¹⁰.
879 518 888 534 ι
906 508 1034 543 Pzedago-

249 563 300 590 gos
318 555 392 582 enim
408 559 450 582 est
468 555 523 587 lex,
545 559 626 589 atque
642 555 745 589 optime
759 554 885 589 perducit
905 553 940 580 ad
954 553 1035 580 Chri-

250 601 286 629 sti
306 601 470 636 mysterium
487 601 519 627 “.
534 600 583 627 llla
603 608 670 627 vero
681 621 688 632 ,
704 608 764 635 quae
782 600 848 627 olim
860 607 909 635 per
925 599 1034 634 Moysen

250 650 316 674 sunt
329 646 428 682 priscis
440 646 600 673 hominibus
612 646 712 677 edicta,
725 645 861 673 elementa
887 653 947 673 esse
963 645 1034 672 dici-

251 700 313 721 mus
326 692 434 720 exordii
448 701 605 721 sermonum
634 693 684 721 Dei
698 693 730 718 “.
745 693 832 729 Igitur
857 693 880 721 si
903 693 1035 728 paedago-

250 745 314 774 gum
328 739 523 774 repulerimus,
544 740 607 774 quis
625 746 676 766 nos
695 738 729 766 ad
749 738 853 767 Christi
874 739 1033 775 mysterium

250 783 402 818 perducet?
425 784 458 816 Et
481 784 504 811 si
521 784 744 812 recusaverimus
767 784 875 812 discere
899 785 1034 813 elementa

252 829 320 856 initii
338 837 496 857 sermonum
517 829 577 862 Dei,
593 829 731 864 quomodo
744 829 874 865 deinceps
892 834 941 857 aut
962 829 1034 857 unde

1084 236 1240 271 ἀποκομίζῃ
1254 235 1374 272 μακράν·
1386 235 1589 271 ἀνατετράφθαι
1601 235 1655 271 γὰρ
1665 236 1716 262 οἴει
1727 234 1772 262 τὸν
1787 235 1882 271 νόμον,

1085 281 1122 314 ὡς
1147 281 1221 308 οὐδὲν
1239 280 1399 308 ὰπώνασθαι
1425 281 1474 315 μὲν
1496 275 1550 307 τῶν
1573 281 1674 311 αὐτοῦ,
1695 281 1745 307 καὶ
1766 281 1883 318 ἀχρεῖον

1085 327 1180 362 ἔχοντα
1193 326 1332 356 παντελῶς
1346 327 1396 362 τὴν
1408 327 1448 358 εἰς
1471 327 1524 352 πᾶν
1539 326 1629 352 ὁτιοῦν
1645 327 1700 353 τῶν
1719 327 1884 361 ἀναγκαίων

1083 372 1209 408 δήλωσιν,
1224 373 1283 407 οὒχί
1305 372 1524 408 μετατετράφθαι
1541 373 1640 407 μᾶλλον
1657 373 1737 399 αὑτὸν
1752 374 1794 404 είς
1809 372 1883 407 ἀλη-

1085 417 1159 449 Θείας
1174 416 1295 450 ἔνδειξιν,
1308 417 1395 443 καίτοι
1414 417 1460 443 τοῦ
1483 417 1616 452 μακαρίου
1631 417 1784 452 γράφοντος
1802 417 1883 444 Παύ-

1084 459 1142 486 λου’
1171 470 1180 487 ι
1209 461 1305 496 Νόμον
1329 459 1375 487 οὖν
1402 461 1594 497 καταργοῦμεν
1616 462 1660 489 διὰ
1682 462 1816 494 πίστεωςς
1845 463 1884 497 μὴ

1085 505 1211 540 γένοιτοι
1233 503 1300 533 ἀλλὰ
1321 507 1402 542 νόμον
1427 507 1582 542 ἱστάνομεν.
1599 517 1608 534 ι
1633 507 1806 542 Παιδαγωγεῖ
1826 499 1885 543 γὰρ

1085 553 1098 578 ὸ
1113 551 1205 585 νόμος,
1222 552 1268 579 καὶ
1280 553 1413 588 ἀποφέρει
1426 552 1515 584 καλῶς
1532 554 1572 585 εἰς
1583 553 1613 579 τὸ
1625 553 1673 579 ἐπὶ
1693 553 1804 589 Χριστῴ
1832 563 1886 589 μυ-

1087 599 1206 632 στήριον.
1229 596 1305 625 Εἶναι
1321 598 1349 624 δέ
1360 607 1449 634 φαμεν
1471 599 1504 626 τὰ
1527 599 1610 626 πάλαι
1624 599 1666 626 διὰ
1680 600 1804 631 Μωσέως
1824 601 1886 631 τοῖς

1085 643 1271 679 ἀρχαιοτέροις
1282 644 1494 679 τεθεσπισμένα,
1511 647 1633 681 στοιχεῖα
1654 646 1703 681 τῆς
1721 646 1812 680 ἀρχῆς
1827 646 1886 672 τῶν

1068 679 1074 688 “
1085 689 1171 724 λόγων
1183 689 1230 716 τοῦ
1243 689 1321 716 Θεοῦ.
1337 691 1368 716 El
1385 691 1413 718 δὲ
1430 679 1615 726 παρωσάμεθα
1629 679 1884 725 τὸνίπαιδαγωγὸν,

1085 735 1126 766 τίς
1139 736 1212 771 ἡμᾶς
1231 735 1271 763 ἔτι
1288 736 1426 772 διακομιεῐ
1443 737 1512 772 πρὸς
1525 738 1556 763 τὸ
1569 737 1687 773 Χριστοῦ
1709 737 1884 772 μυστήριονς

1086 782 1140 808 Καὶ
1152 782 1175 807 εί
1189 783 1388 817 παραιτοίμεθα
1398 783 1429 809 τὸ
1441 783 1537 819 μαθεῖν
1549 783 1583 810 τὰ
1601 785 1720 818 στοιχεῖα
1729 783 1780 818 τῆς
1792 783 1886 818 ἀρχῆς

1086 826 1139 853 τῶν
1151 827 1248 862 λογίων
1269 828 1316 855 τοῦ
1343 829 1420 860 Θεοῦ,
1443 829 1501 861 πῶς
1521 830 1553 856 ἂν
1570 826 1616 856 ’ἔτι
1639 828 1741 862 λοιπὸν,
1763 829 1781 864 ἢ
1798 829 1885 855 πόθεν

251 874 395 909 pervenire
407 874 441 901 ad
456 873 538 901 ﬁnem
550 874 703 910 poterimus
715 874 727 901 ’ἒ
746 874 787 901 An
802 882 857 901 non
868 874 941 902 enirn
957 874 1030 910 juxta

1084 873 1235 909 ἀφιξόμεθα
1251 874 1317 910 πρὸς
1333 874 1362 901 τὺ
1376 874 1469 908 τέλος;
1485 875 1521 902 Ἦ
1534 875 1588 911 γὰρ
1603 876 1632 901 οὐ
1649 875 1720 902 κατὰ
1734 875 1786 906 τὰς
1809 875 1884 909 Γρα-

252 920 407 955 Scripluras
443 920 586 955 plenitudo
614 920 683 956 legis
712 925 740 948 et
768 920 964 955 prophetarum
995 924 1036 947 est

248 965 374 994 Christus
388 967 409 982 ¹²
421 967 431 992 ?

285 1012 382 1039 PALL.
408 1013 507 1040 Etiam.

285 1056 362 1084 CYR.
382 1056 426 1084 Sic
439 1057 513 1084 enim
529 1057 660 1092 scriptum
678 1061 728 1084 est.
754 1055 820 1084 Esse
850 1061 941 1084 autem
958 1057 1034 1084 illum

250 1101 316 1136 legis
335 1109 367 1128 ac
381 1102 576 1136 prophetarum
589 1101 789 1137 plenitudinem
805 1109 837 1128 ea
861 1102 966 1129 ratione
982 1109 1034 1137 pu-

250 1153 287 1181 to,
301 1149 365 1183 quia
379 1148 407 1175 in
419 1149 495 1175 illum
520 1149 611 1176 omnia
625 1148 785 1184 prophetica
804 1152 833 1175 et
847 1149 944 1183 legalia
970 1156 1034 1175 ora-

249 1194 309 1222 cula
326 1199 459 1229 spectant,
475 1199 556 1229 atque
566 1195 682 1221 obversa
705 1199 778 1220 sunt.
804 1194 897 1227 Itaque
914 1192 1032 1224 dicebat.

249 1246 311 1266 cum
330 1238 431 1266 Iudaeis
464 1238 685 1266 incredulitatem
709 1237 905 1272 exprobraret:
927 1237 1033 1265 «Nolite

249 1288 346 1318 putare
360 1284 433 1318 quod
448 1291 497 1318 ego
514 1287 692 1310 accusaturus
704 1283 755 1310 siin
767 1290 816 1309 vos
827 1282 898 1317 apud
915 1282 1032 1315 Patrem;

248 1332 290 1355 est
304 1328 352 1363 qui
368 1332 479 1356 accusat
508 1336 556 1355 vos
581 1327 696 1363 Moyses,
712 1328 738 1354 in
759 1335 814 1362 quo
831 1335 879 1354 vos
906 1328 1032 1362 speratis.

249 1373 278 1401 Si
305 1374 380 1400 enim
400 1373 550 1400 crederetis
574 1372 670 1408 Moysi,
695 1370 844 1400 crederetis
872 1372 987 1399 forsitan
1006 1377 1034 1399 et

248 1418 315 1446 mihi
329 1427 336 1452 ;
357 1418 391 1445 de
406 1426 450 1445 me
464 1418 537 1445 enim
555 1418 600 1445 ille
619 1417 737 1452 scripsit.
753 1417 781 1445 Si
796 1421 887 1444 autem
904 1417 977 1445 illius
991 1418 1034 1445 lit-

249 1464 317 1492 teris
331 1471 387 1491 non
405 1463 530 1495 creditis,
554 1463 692 1498 quomodo
717 1463 811 1490 verbis
836 1463 906 1490 meis
934 1463 1032 1490 crede—

250 1510 284 1536 tis
296 1509 337 1535 “?
355 1518 364 1534 ι
383 1509 450 1536 Cum
469 1509 552 1543 igitur
573 1516 602 1535 se
620 1509 727 1535 venisse
742 1508 815 1535 dicat
835 1512 931 1534 utnon
945 1508 1032 1535 solvat

1089 919 1140 953 φὰς
1153 919 1289 955 πλήρωμα
1304 920 1386 954 νόμου
1399 921 1446 949 καὶ
1461 920 1609 957 προφητῶν
1625 922 1639 947 ὁ
1655 921 1790 957 Χριστός;

1122 1007 1227 1034 ΠΑΑΛ.
1244 1008 1307 1034 Ναί.

1122 1053 1204 1080 ΚΥΡ.
1221 1054 1377 1090 Γέγραπται
1389 1054 1444 1090 γὰρ
1462 1055 1520 1083 ὡδί.
1537 1055 1675 1091 Πλήρωμα
1688 1055 1716 1081 δὲ
1732 1053 1820 1090 νόμου
1836 1055 1884 1081 και

1086 1098 1242 1133 προφητῶν,
1253 1100 1295 1134 εἴη
1309 1099 1340 1126 ἂν
1352 1108 1358 1114 '
1377 1100 1416 1132 είς
1430 1100 1511 1126 αὑτὸν
1527 1097 1602 1135 οἶμαί
1616 1109 1666 1126 που
1681 1100 1782 1131 παντὸς
1793 1099 1884 1135 ὁρῶν-

1083 1151 1130 1174 τος
1158 1145 1205 1171 καὶ
1224 1146 1413 1180 τετραμμένου
1439 1145 1607 1180 προφητικοῦ
1636 1155 1666 1173 τε
1692 1147 1739 1173 καὶ
1764 1145 1883 1180 νομικοῦ

1084 1186 1277 1222 θεσπίσματος.
1299 1189 1446 1225 Τοιγάρτοι
1471 1190 1574 1225 ἔφασκε
1594 1190 1643 1223 τὰς
1658 1191 1712 1218 τῶν
1743 1192 1884 1218 Ἰουδαέων

1084 1232 1224 1265 ἀπειθείας
1244 1234 1426 1262 ὲκδυσωπῶν·
1449 1245 1458 1261 ι
1475 1236 1520 1272 Μὴ
1541 1237 1653 1268 δοκεῖτε,
1673 1237 1714 1264 ὅτι
1732 1236 1791 1271 ἐγὼ
1816 1245 1884 1264 κατ·-

1082 1279 1212 1314 ηγορήσω
1227 1279 1304 1314 ὑμῶν
1320 1281 1387 1315 πρὸς
1401 1281 1446 1307 τὸν
1462 1282 1572 1318 Πατέρα
1583 1291 1589 1297 ·
1602 1282 1675 1309 ἐστιν
1687 1284 1701 1310 ὀ
1715 1283 1884 1318 κατηγορῶν

1084 1323 1277 1360 ὑμῶνΜωσῆς,
1287 1326 1327 1357 είς
1337 1326 1366 1352 ὃν
1376 1327 1454 1361 ὑμεῖς
1463 1327 1606 1362 ἠλπίκατε.
1617 1328 1708 1364 Εἰγὰρ
1719 1329 1882 1355 ἐπιστεύετε

1084 1369 1179 1405 Μωσῇ,
1201 1371 1358 1412 ἐπιστεύετε
1379 1372 1411 1399 ἂν
1432 1374 1510 1408 ἐμοί’
1528 1375 1591 1410 περὶ
1609 1375 1663 1411 γὰρ
1687 1375 1755 1411 ἐμοῦ
1775 1377 1882 1406 ἐκεῖνος

1085 1414 1212 1450 ἔγραψεν.
1230 1417 1261 1443 El
1277 1417 1306 1443 δὲ
1320 1420 1374 1450 τοῖς
1388 1419 1491 1446 ἐκείνου
1506 1421 1666 1456 γράμμασιν
1677 1422 1706 1448 οὐ
1721 1422 1881 1454 πιστεύετε,

1084 1460 1142 1492 πῶς
1162 1463 1219 1494 τοῖς
1238 1464 1313 1498 ἐμοῖς
1338 1465 1442 1500 ῥήμασι
1469 1466 1645 1499 massica-:5;
1662 1477 1670 1493 ι
1693 1469 1823 1503 ’Λφῖχθαι
1850 1469 1881 1503 δὴ

1083 1503 1129 1532 οῦν
1153 1508 1176 1533 εί
1203 1507 1286 1542 λέγοι,
1312 1509 1472 1536 καταλύσων
1491 1511 1540 1546 μὲν
1564 1513 1692 1548 οὐδαμῶς
1711 1513 1758 1540 τὸν
1786 1515 1881 1550 νόμον,

230 1554 346 1589 ,legem,
365 1553 413 1581 sed
438 1553 530 1588 potius
554 1557 584 1580 ut
609 1553 742 1588 perﬁciat,
767 1553 823 1580 noli
843 1557 938 1588 putare
965 1553 1030 1580 sub-

1085 1552 1264 1588 ἁποπερανῶν
1281 1553 1309 1580 δὲ
1325 1555 1425 1590 μᾶλλον
1439 1556 1528 1588 αὑτὸν,
1538 1577 1541 1580 .
1547 1557 1585 1592 μὴ
1599 1558 1647 1593 τὴν
1665 1559 1705 1590 εἰς
1722 1559 1799 1586 ἅπαν
1816 1561 1882 1588 ἀνα-

248 1599 402 1627 versionem
417 1607 513 1627 eorum
527 1607 587 1634 quae
598 1599 663 1626 olim
679 1598 784 1626 sancita
796 1602 871 1630 sunt,
885 1598 932 1625 sed
947 1598 1031 1626 veluti

248 1645 471 1672 reformationem
496 1653 556 1672 esse
574 1645 671 1672 factam
686 1665 693 1676 ,
720 1648 749 1671 et
764 1652 860 1671 eorum
879 1652 939 1679 qua:
957 1645 984 1671 in
1003 1645 1032 1671 tl—

247 1691 324 1727 guris
347 1691 508 1718 adumbrata
523 1694 611 1722 erant,
633 1694 662 1717 ut
679 1691 716 1717 ita
739 1689 839 1721 dicam,
860 1690 1031 1718 reensionem

246 1737 279 1765 ad
297 1737 496 1771 expressiorem
514 1735 627 1763 formam
646 1736 782 1763 veritatis.

281 1782 379 1810 PALL.
393 1783 478 1809 Recte
497 1782 576 1809 dicis.

279 1828 358 1856 CYR.
375 1828 413 1855 Ac
427 1828 479 1854 tale
495 1827 625 1862 quiddam
656 1835 670 1854 a
689 1826 801 1855 Christo
818 1826 876 1854 ﬁeri
895 1826 1029 1862 oportuit.

246 1872 297 1907 Qui
332 1873 359 1900 in
388 1873 490 1900 tabulis
515 1873 686 1908 picturisquc
717 1871 864 1899 artificium
892 1876 1030 1904 exercent,

246 1927 300 1946 non
316 1918 406 1946 statim
424 1923 505 1953 atque
531 1918 642 1954 pingere
658 1918 804 1953 incipiunt,
822 1926 881 1945 eam
908 1919 1028 1953 speciem

245 1964 358 1998 picturis
374 1963 518 1995 inducunt,
528 1964 573 1990 cui
586 1964 622 1990 nil
637 1963 718 1995 desit,
733 1968 814 1998 atque
826 1972 859 1991 ex
872 1964 948 1990 omni
964 1972 1028 1998 par-

246 2015 271 2036 te
288 2009 408 2045 perfecta
420 2009 466 2041 sit,
482 2009 530 2036 sed
548 2008 710 2043 simpliciori
727 2010 804 2043 prius
821 2016 852 2035 ac
875 2010 966 2035 minus
983 2017 1030 2036 ve-

245 2060 330 2082 nusto
345 2056 437 2082 colore
453 2055 514 2081 illas
530 2053 704 2086 adumbrant,
717 2058 745 2080 et
765 2054 844 2089 longe
858 2054 1030 2081 obscuriores

245 2105 324 2128 antea
343 2100 452 2136 ﬁguras,
473 2108 554 2135 quam
570 2100 666 2132 velint,
679 2100 767 2127 oculis
781 2105 930 2134 exponunt.
946 2100 1029 2127 Deni-

242 2154 296 2180 que
313 2146 419 2173 umbris
433 2145 486 2173 illis
499 2145 610 2172 illinunt
622 2144 742 2171 colorem
755 2145 852 2179 cuique
866 2144 1028 2173 decentissi-

241 2199 316 2219 mum
328 2199 359 2219 ac
368 2192 483 2218 maxime
495 2198 646 2225 congruum
658 2198 664 2223 ;
674 2190 709 2217 ita
728 2189 1029 2226 rudioresillasﬁguras

240 2238 275 2265 ad
290 2230 461 2272 perspicuam
476 2243 509 2263 ac
521 2235 600 2270 longe
615 2236 840 2270 praestantiorem,
855 2244 935 2271 quam
947 2241 1025 2264 antea

239 2283 338 2315 fuerat,
353 2282 471 2318 speciem
487 2281 664 2308 transferunt.
674 2281 770 2308 Annon
783 2282 820 2309 ita
831 2290 860 2310 se
871 2290 914 2310 res
927 2283 1026 2311 habet?

275 2328 374 2356 PALL.
391 2328 490 2354 Fateor
512 2326 652 2361 equidem.

274 2373 352 2401 CYR.
376 2373 434 2400 Jam
464 2380 530 2399 vero
558 2371 627 2399 fabri
647 2373 748 2405 aerarii,
767 2373 789 2400 si
809 2373 878 2401 forte
907 2379 1024 2402 statuam

238 2419 373 2446 conﬁcere
385 2417 479 2450 velint,
493 2425 554 2445 cera
572 2419 648 2454 prius
659 2419 754 2448 rudem
774 2420 917 2454 quemdam
932 2425 1024 2456 typum

239 2466 367 2496 formant,
385 2472 473 2499 eoque
485 2464 542 2499 igni
564 2465 719 2500 absumpto,
736 2466 956 2501 colliquefactum
980 2467 1024 2494 in-

238 2510 367 2542 fundunt,
384 2514 466 2545 atque
480 2510 517 2537 ita
532 2509 566 2537 ad
582 2510 734 2538 absolutam
748 2511 864 2539 formam
880 2516 962 2547 atque
974 2513 1023 2539 de-

237 2561 330 2582 corem
349 2562 419 2589 opus
438 2554 603 2590 perducunt.
633 2555 703 2584 Cum
718 2556 824 2584 umbris
852 2557 908 2584 illis
925 2565 1023 2592 super-

237 2600 266 2636 θ
284 2600 395 2627 inducta
419 2600 455 2628 sit
481 2601 605 2629 colorum
632 2602 760 2634 varietas,
785 2611 903 2637 eumque
931 2603 991 2631 illas
1007 2612 1022 2631 e

237 2653 301 2673 cera
316 2644 416 2681 ﬁguras
427 2653 464 2674 aes
475 2646 672 2682 absumpserit,
700 2647 787 2674 videri
798 2648 912 2682 quidem
935 2649 1022 2684 possit

237 2692 343 2726 priores
367 2691 428 2720 illas
442 2692 544 2720 formas
564 2693 681 2720 abolitas
707 2697 789 2728 atque
805 2699 915 2722 eversas
936 2702 1020 2723 esse:

1082 1598 1185 1634 τροπὴν
1201 1599 1256 1626 τῶν
1272 1601 1355 1628 πάλαι
1364 1602 1587 1638 τεθεσπισμένων
1597 1603 1741 1639 εἰργάσθαι
1752 1605 1878 1632 διανοοῦ·

1084 1644 1182 1680 μᾶλλον
1198 1645 1226 1672 δὲ
1251 1647 1446 1682 μεταπλασμὺν
1461 1649 1555 1685 ὥσπερ
1585 1651 1656 1682 τινὰ,
1672 1656 1719 1677 και
1742 1652 1775 1678 ιν*
1792 1652 1880 1684 οὓτως

1084 1688 1164 1720 εἴπω,
1184 1691 1369 1726 μεταχάραξιν
1383 1693 1436 1719 τῶν
1452 1694 1480 1721 ἐν
1492 1694 1586 1727 τύποις
1597 1695 1642 1721 ἐπὶ
1656 1696 1686 1722 τὸ
1698 1696 1814 1731 ἀληθές.

1119 1777 1222 1804 ΠΛΛΛ.
1245 1779 1346 1812 Ὀρθῶς
1359 1780 1436 1815 ἔφης.

1116 1823 1197 1849 ΚΥΡ.
1219 1824 1273 1851 Καὶ
1280 1824 1311 1859 δὴ
1322 1825 1441 1852 τοιοῦτον
1453 1826 1506 1853 ἔδει
1518 1828 1644 1861 γενέσθαι
1657 1830 1732 1864 παρὰ
1741 1829 1876 1866 Χριστοῦ.

1083 1868 1114 1894 Ol
1130 1869 1178 1903 τὴν
1189 1870 1216 1896 ὲν
1226 1870 1316 1902 πίναξι
1333 1871 1380 1897 καὶ
1390 1874 1508 1908 γραφαῖς
1523 1874 1664 1909 εὐτεχνίαν
1673 1875 1874 1911 ὲξησκηκότες,

1081 1915 1130 1941 οὐκ
1143 1915 1224 1947 εὐθὺς
1244 1916 1290 1942 τοῦ
1307 1918 1423 1952 γράφειν
1437 1919 1594 1954 ἀρχόμενοι,
1610 1921 1640 1947 τὺ
1653 1921 1788 1954 ἀνενδεῶς
1803 1923 1875 1958 ἔχον,

1081 1959 1129 1986 καὶ
1145 1961 1184 1991 είς
1199 1960 1271 1987 ἅπαν
1291 1962 1494 1998 ἁπηρτισμένον
1515 1964 1692 2000 ἐπιφέρουσιν
1718 1964 1791 1999 εἶδος
1815 1970 1875 2000 ταῖς

1080 2007 1210 2040 γραφαῖς,
1221 2007 1249 2032 ὲν
1261 2006 1325 2033 εῖδει
1340 2007 1471 2043 πρότερον
1489 2011 1536 2036 καὶ
1545 2010 1733 2047 ἀκαλλεστέρῳ
1745 2012 1875 2048 χρώματι

1081 2052 1315 2086 σκιαγραφοῦντες
1332 2053 1368 2089 (1)
1387 2051 1416 2080 εὖ
1445 2054 1526 2089 μάλα,
1548 2056 1594 2082 καὶ⁵
1609 2053 1699 2093 ὦνπερ
1716 2058 1750 2084 ἂν
1771 2058 1875 2086 ἕλοιντο

1079 2097 1160 2131 τυχὸν
1177 2098 1368 2135 ὰμυδροτέρων
1375 2100 1415 2127 ἔτι
1425 2101 1488 2132 τοὺς
1499 2102 1600 2134 τύπους
1610 2104 1872 2138 προαναφαίνοντες,

1080 2140 1139 2168 εἶτα
1155 2145 1215 2175 ταῖς
1230 2146 1320 2177 σκιαῖς
1338 2145 1540 2181 ἐπαλείφοντες,
1554 2148 1584 2174 τὸ
1603 2149 1706 2186 ἑκάστῃ
1720 2150 1829 2185 πρέπον
1843 2160 1873 2177 τε

1081 2189 1129 2215 καὶ
1145 2190 1348 2226 ἁρμοδιώτατον
1371 2192 1475 2228 σχῆμα,
1498 2194 1682 2231 μεταφέρουσι
1692 2196 1755 2228 τοὺς
1769 2197 1873 2229 τύπους

1044 2221 1066 2250 D
1080 2235 1108 2266 ὲς
1122 2221 1191 2267 εἶδος
1212 2236 1243 2262 τὺ
1257 2221 1451 2272 ἐμφανὲςίοίαὶ
1469 2221 1646 2276 ὶιὲυγκριτὶυς
1660 2221 1872 2278 ﬁnitivum—{rb

1079 2282 1107 2307 ἐν
1124 2281 1230 2316 ἀρχαῖς.
1250 2282 1285 2309 ’Ἡ
1298 2283 1347 2318 οὐχ
1358 2279 1408 2311 ὧδε
1424 2284 1498 2320 ἕχει;

1110 2328 1214 2356 ΠΑΛΛ.
1235 2329 1343 2365 Ἔγωγέ
1360 2340 1396 2366 φη
1402 2340 1442 2366 μι.

1112 2374 1193 2402 ΚΥΡ.
1212 2375 1243 2402 Οἱ
1266 2375 1294 2402 δὲ
1311 2376 1344 2412 δὴ
1365 2377 1414 2412 τὴν
1437 2377 1639 2414 χαλκουργικὴν
1662 2381 1871 2416 ἐπιτηδεύοντες

1078 2421 1233 2457 ἐμπειρίαν,
1258 2423 1405 2458 ἀνδριάντα
1421 2423 1501 2460 τυχὸν
1516 2426 1540 2452 εἰ
1563 2425 1699 2460 βούλοιντο
1715 2427 1870 2463 διαπήγνυ-

1078 2466 1151 2498 σθαι,
1168 2467 1246 2503 κηρῷ
1264 2468 1313 2503 μὲν
1325 2469 1355 2495 τὸ
1371 2469 1478 2505 πρῶτον
1494 2471 1534 2501 είς
1558 2469 1627 2503 εῖδος
1648 2472 1763 2506 ἄγουσιν
1785 2474 1869 2510 ἁδρα-

1076 2512 1132 2544 νὲς,
1145 2510 1204 2540 εἶτα
1228 2515 1295 2550 πυρὶ
1315 2516 1525 2551 κατατήκοντες,
1541 2517 1680 2552 ἑπιχὲουσι
1695 2518 1741 2546 τὸν
1754 2520 1866 2555 χαλκὸν,

1076 2558 1173 2593 ἄγουσί
1188 2568 1217 2586 τε
1236 2559 1306 2587 οὕτω
1323 2561 1390 2596 πρὸς
1412 2562 1443 2588 τὸ
1461 2562 1563 2597 ἀρτίως
1586 2563 1647 2599 ἕχον
1666 2561 1735 2597 εῐδὸς
1762 2574 1794 2592 τε
1822 2567 1868 2594 καὶ

1076 2605 1173 2637 κάλλος
1186 2603 1216 2632 εὖ
1238 2605 1311 2641 μάλα
1325 2607 1355 2633 τὸ
1367 2614 1460 2642 τεχνου
1466 2608 1625 2645 ργούμενον.
1641 2609 1866 2647 Ἐπιῤῥιφθεισης

1072 2651 1101 2678 δὲ
1115 2653 1174 2684 ταῖς
1192 2653 1282 2684 σκιαῖς
1303 2653 1354 2688 τῆς
1373 2654 1428 2681 τῶν
1449 2656 1603 2691 χρωμάτων
1625 2656 1794 2692 πολυειδίας,
1821 2659 1866 2687 καὶ

1074 2696 1127 2732 μὴν
1145 2697 1192 2724 καὶ
1209 2697 1310 2733 χαλκοῦ
1331 2699 1366 2726 τὰ
1382 2700 1414 2727 ὲκ
1439 2701 1525 2737 κηροῦ
1543 2702 1757 2738 κατατήχοντος,
1780 2704 1866 2738 δόξεις

270 2767 308 2804 (1)
323 2767 416 2796 Codex
429 2769 533 2802 Sirleti,
550 2769 590 2796 ὲνὶ
607 2770 685 2805 δὲλδὴ
702 2771 834 2806 πρότερον
851 2773 1030 2799 “tantm

1084 2783 1104 2809 ῳ
1119 2776 1239 2810 σχήματι
1252 2785 1363 2813 σκιαγρ.

274 2834 381 2862 "Rom.
401 2843 439 2869 ut,
463 2835 506 2862 5t.
546 2837 565 2852 “
581 2836 668 2864 Galat.
687 2845 726 2872 ιιι,
742 2838 786 2865 24.
828 2838 848 2855 ¹¹
866 2839 948 2866 Hebr.
964 2849 988 2874 ν,
1010 2841 1030 2867 ιε

1091 2843 1112 2858 ¹³
1130 2843 1208 2870 Rom.
1236 2851 1261 2876 ιι,
1280 2844 1306 2871 4.
1341 2845 1368 2884 j‘
1393 2846 1470 2874 Joan.
1503 2855 1528 2881 ν,
1550 2848 1645 2877 45-47.
