1929 3042
71 141 111 170 ul
424 140 468 167 DE
493 139 714 167 ADOBATIONE
731 140 765 167 ΙΝ
787 140 921 169 SPlRlTU
941 142 985 170 ΕΤ
1001 143 1184 172 VERITATE.
1203 146 1267 173 LIB.
1289 147 1308 173 l.

1644 155 1696 183 ιις

71 201 114 236 μὲν
128 199 161 225 ἂν
175 183 334 234 ἡθετῆσθαί
359 207 388 231 τε
412 198 458 225 καὶ
482 196 813 246 ἀνατετράφθαιυβραχὺὶ
823 198 856 224 τὰ

913 199 935 226 Ld
951 208 1016 229 vero
1028 209 1109 229 secus
1122 208 1174 230 est.
1202 204 1269 232 Nam
1288 210 1316 233 et
1332 205 1410 234 faber
1424 208 1536 236 aerarius
1559 213 1588 236 et
1606 211 1696 246 pictor

50 248 54 288 ς
71 245 158 282 ττρῶτὰ
171 252 201 270 τε
216 245 266 271 καὶ
291 245 319 271 ἐν
336 245 408 280 ἀρχῇ
435 245 572 279 σχήματα.
588 244 665 278 Ἔχει
682 243 711 270 δὲ
724 244 772 279 οὐχ
786 243 857 270 οὕτω

50 289 53 295 ’
70 292 95 317 τὸ
103 291 198 326 χρῆμα
214 291 249 325 τῇ
265 289 356 324 φύσει.
369 291 448 317 Φαῖεν
458 290 512 325 γὰρ
527 289 559 316 ἂν
570 289 760 324 ἀληθεύοντες,
774 289 857 324 χαλκ-

70 336 157 371 ουργὸς
177 344 209 361 τε
236 337 288 363 καὶ
301 335 439 372 γραφεύς·
456 335 493 363 Οὺ
507 335 696 370 κατελύσαμεν
707 334 756 366 τὰς
768 334 857 366 σκιὰς,

71 383 113 408 οὐκ
126 382 165 412 εἰς
181 382 354 417 ἀχρειότητα
361 381 481 416 παντελῆ
496 381 558 412 τοὺς
566 381 668 412 τύπους
684 380 856 416 ἐπέμψαμεν,

72 426 292 463 πεπληρώκαμεν
313 428 341 454 δὲ
370 428 478 464 μᾶλλον.
499 428 533 455 Ὀ
551 427 605 464 γὰρ
622 426 656 463 ἦν
682 428 746 454 ἰδεῖν
769 427 808 459 ὡς
829 427 858 453 ἐν

72 475 152 505 σκιαῖς
166 473 207 500 ἔτι
221 475 272 502 καὶ
283 475 381 507 τύποις
394 474 579 511 ἀφανέοτερόν
587 483 617 501 τε
634 475 681 501 καὶ
695 474 859 501 ἀκαλλέστε-

72 529 121 554 ρον,
135 519 212 546 τοῦτο
230 520 409 557 προὸἐὸηκεν
425 521 472 547 ἐπὶ
491 520 522 547 τὸ
537 520 649 556 ἄμεινόν
662 529 691 547 τε
707 521 751 547 καὶ
769 521 858 556 ἔμφα-

71 565 197 600 νέστερον.

102 612 200 638 ΠΑΛΛ.
220 609 260 638 Εὖ
272 611 373 646 λέγεις.

99 659 176 686 ΚΥΡ.
192 658 252 685 Καὶ
270 658 353 694 εἴπερ
378 666 421 689 τις
435 657 523 684 ἕλοιτο
537 657 776 693 πολυπραγμονεῖν
792 657 858 692 ἀλη-

71 707 118 738 θῶς
131 707 180 741 τὴν
198 705 280 741 ἱεράν
301 713 332 731 τε
354 705 401 731 καὶ
421 703 599 731 Θεόπνευστον
620 703 742 740 Γραφὴν,
758 703 859 729 εἴσεται

71 753 97 788 δὴ
117 751 224 782 πάντως
247 750 352 786 ἀληθὲς
372 750 505 785 ὑπάρχον,
519 750 533 776 ὅ
554 758 636 786 φημι.
655 749 793 785 Κὰλυμμα
806 749 860 785 γὰρ

72 797 144 824 ἐτίθει
166 796 275 832 Μωσῆς
293 797 340 823 ἐπὶ
360 796 391 823 τὸ
412 796 557 831 πρόσωπον
582 796 681 828 αὑτοῦ,
699 795 743 822 διὰ
763 795 794 822 τὸ
823 796 860 831 μὴ

71 843 189 870 δύνασθαι
203 843 270 874 τοὺς
285 842 363 874 υἱοὺς
383 841 492 878 Ἰσραὴλ
512 841 646 874 ἀτενίζειν
666 842 704 874 εἰς
725 842 756 868 τὸ
778 840 862 877 προσ.

73 898 135 916 ωπον
149 889 244 920 αὑτοῦ,
259 888 333 915 κατὰ
346 888 376 914 τὸ
391 888 594 925 γεγραμμένον.

103 934 202 961 ΠΑΛΔ.
224 934 283 961 Καὶ
298 934 326 960 τί
342 933 375 969 δὴ
391 933 470 959 τοῦτο
482 933 633 970 παραδηλοί
646 942 652 966 ;

100 1021 177 1048 ΚΥΡ.
207 1022 278 1053 Ταῖς
301 1022 357 1057 γὰρ
378 1022 512 1049 Ἰουδαίων
538 1022 667 1054 διανοίαις
691 1023 858 1058 παχυτέραις

75 1066 155 1098 εὔπαις
169 1067 209 1093 ἔτι
226 1067 308 1094 οἰστά
323 1068 372 1103 μέν
387 1077 444 1100 πως
458 1066 494 1103 ἦν
508 1068 543 1094 τὰ
558 1067 683 1103 ἐξωῳανῆ
701 1068 747 1094 τοῦ
763 1068 856 1103 νόμου,

75 1114 137 1147 οι]μί
161 1113 188 1139 δὲ
204 1113 237 1148 δὴ
259 1113 345 1140 πάλιν
370 1114 403 1140 τὰ
431 1114 475 1140 διὰ
506 1114 587 1149 μόνου
612 1113 658 1140 τοῦ
684 1114 857 1150 γράμματος,

76 1160 189 1194 ἀφόρητα
210 1159 240 1185 δὲ
263 1161 312 1185 καὶ
331 1159 492 1194 ἀπρὸὖλητα
518 1160 667 1191 παντελῶς,
691 1161 725 1186 τὰ
746 1160 799 1186 ἔσω
813 1168 859 1186 κε-

75 1202 220 1238 κρυμμένα,
237 1204 287 1229 καὶ
311 1204 344 1230 ἵν’
365 1203 452 1235 οὕτως
474 1204 594 1239 εἴπωμεν
607 1205 637 1230 τὸ
647 1204 701 1231 τῶν
716 1205 859 1240 νοημάτων

76 1249 210 1283 πρόσωπον
232 1248 348 1284 ἁληοές.
369 1249 513 1284 Τοιγάρτοι
533 1249 579 1276 καὶ
602 1250 616 1275 ὁ
635 1248 778 1280 θεσπέσιος
794 1250 859 1284 ἡμῖν

74 1295 163 1328 γράφει
175 1294 287 1326 Παῦλος
300 1303 306 1310 ·
322 1305 331 1321 ι
347 1295 429 1330 Ἀχρι
443 1294 497 1330 γὰρ
509 1295 558 1330 τῆς
576 1296 696 1330 σήμερον
709 1295 815 1330 ἡμέρας
829 1295 859 1321 τὺ

75 1341 131 1367 αὐτὸ
141 1341 279 1376 κάλυμμα
292 1340 340 1367 ἐπὶ
348 1342 380 1376 τῇ
396 1340 548 1374 ἀναγνώσει
563 1340 613 1375 τῆς
627 1340 748 1372 Παλαιᾶς
762 1341 860 1376 Διαθή-

75 1397 119 1423 κης
136 1389 208 1423 μένει
226 1388 268 1424 μὴ
284 1388 552 1424 ἀνακαλυπτόμενον,
567 1389 607 1415 ὃτι
622 1389 650 1414 ἐν
664 1388 774 1423 Χριστῷ
792 1397 858 1415 χατ-

76 1435 199 1466 αργεῑται.
219 1434 295 1459 Ἀλλ’
312 1433 365 1464 ἕως
379 1434 498 1469 σήμερον
509 1453 516 1466 ,
539 1433 619 1468 ἡνίκα
639 1434 858 1469 ἀναγινώσκηται

77 1479 180 1512 Μωσῆς,
200 1479 339 1514 κάλυμμα
362 1480 408 1505 ἐπὶ
432 1479 481 1514 τὴν
495 1479 608 1515 καρδίαν
621 1480 711 1506 αὐτῶν
726 1481 824 1507 κεῖται.
846 1489 855 1505 ι

83 1525 144 1552 Ἀλλ’
158 1522 208 1552 ὦδε
225 1525 278 1560 μὲν
294 1525 328 1560 δὴ
339 1525 374 1552 τὰ
386 1525 439 1552 τῶν
457 1525 591 1552 Ἰουδαίων
604 1526 718 1553 ἑστάτω.
736 1535 745 1552 ι
766 1527 859 1561 Ἡμεῖς
873 1544 895 1573 C

78 1573 102 1600 δὲ
118 1571 147 1606 δὴ
172 1572 286 1603 πάντες,
304 1571 556 1607 ἀνακεκαλυμμένῳ
568 1572 716 1608 προσώπῳ,
736 1582 746 1598 ι
768 1573 859 1609 φησιν,

81 1626 89 1642 ι
105 1618 148 1652 τὴν
175 1617 255 1650 δόξαν
280 1618 385 1653 Κυρίου
414 1618 669 1653 κατοπτριζόμενοι,
703 1619 753 1654 τὴν
776 1619 861 1653 αὐτὴν

78 1661 161 1688 εἰκόνα
177 1661 431 1697 μεταμορφούμεθα
447 1662 502 1688 ἀπὸ
519 1662 598 1697 δόξης
617 1664 657 1694 εἰς
671 1662 758 1696 δόξαν,
777 1663 862 1690 καθά-

79 1713 124 1741 περ
143 1707 196 1732 ἀπὸ
212 1706 319 1742 Κυρίου
336 1706 506 1742 πνεύματος·
522 1708 536 1734 ὁ
548 1707 577 1734 δὲ
590 1707 692 1744 Κύριος
706 1709 736 1735 τὸ
753 1708 861 1744 πνεῦμά

77 1752 151 1778 ἐστιν.
172 1763 180 1778 ι
200 1753 308 1788 Ὠσπερ
324 1753 379 1789 γὰρ
393 1754 416 1779 οἱ
429 1754 458 1780 ὲν
473 1754 598 1789 ἐσόπτρῳ
613 1754 756 1790 βλέποντες
770 1756 860 1783 εἰκόνα

77 1799 119 1824 καὶ
133 1799 215 1825 τύπον
238 1800 287 1826 τοῦ
303 1799 430 1835 ἀληθοῦς,
446 1801 493 1827 καὶ
506 1801 556 1827 οὐκ
571 1801 637 1827 αὑτό
652 1810 702 1828 που
717 1802 748 1828 τὸ
762 1802 860 1838 ἀληθὲς

78 1845 300 1880 ἑγκαταθρήσειαν
309 1846 345 1873 ἂν
354 1867 360 1878 ,
377 1847 446 1873 κατά
460 1848 504 1874 τὸν
518 1847 598 1874 αὑτὸν
616 1847 694 1883 οἶμαι
711 1849 822 1885 τρόπον,
836 1850 860 1876 oi

77 1890 120 1924 τῆς
128 1891 155 1916 ὲν
164 1891 275 1927 Χριστῷ
289 1892 426 1924 πολιτείας
437 1893 467 1918 τὺ
473 1893 570 1925 κάλλος
581 1893 776 1930 ἐπιθυμοῦντες
785 1895 857 1927 ἰδεῖν,

79 1934 195 1971 καθάπερ
210 1936 340 1971 ἐσόπτρῳ
352 1936 390 1972 τῷ
409 1937 483 1973 νόμῳ
504 1938 641 1974 χρώμενοι
657 1939 860 1975 κατορθώσειαν

79 1979 107 2006 ἂν
127 1981 161 2012 ὼς
184 1983 285 2017 ἄριστα
306 1983 336 2009 τὺ
358 1982 539 2018 ποθούμενον.
558 1984 613 2018 Τὴν
626 1985 681 2020 γὰρ
702 1985 787 2021 αὐτὴν
805 1987 860 2013 τῶν

82 2027 247 2062 πραγμάτων
272 2028 366 2055 εἰκόνα
385 2029 618 2063 μεταπλάττοντες
651 2032 691 2062 είς
721 2032 858 2067 ἀλήθειαν,

79 2071 185 2098 εἴσονται
208 2073 342 2108 καθαρῶς
373 2074 404 2100 τὸ
424 2075 464 2101 ὅτι
495 2075 612 2110 μάλιστα
635 2076 729 2104 δοκοῦν
754 2078 800 2106 καὶ
816 2079 861 2104 εὑ-

79 2116 182 2152 ἀρεστον
195 2118 235 2152 τῷ
253 2119 323 2154 Θεῷ.

108 2163 206 2191 ΠΑΛΛ.
223 2162 294 2191 Εἶτα
307 2165 350 2197 τίς
366 2165 398 2192 ἂν
416 2166 520 2200 γένοιτο
534 2168 615 2203 τυχὸν
635 2170 648 2195 ὁ
664 2168 741 2202 λόγος
760 2168 806 2195 τοῦ
821 2169 858 2204 μὴ

909 253 974 273 vere
1003 246 1125 279 dixerint
1140 258 1146 276 :
1161 250 1217 278 Nos
1231 251 1342 286 quidem
1369 252 1483 282 minime
1510 254 1696 286 destruximus

909 292 1033 326 umbras,
1046 302 1138 330 neque
1162 295 1201 322 ita
1231 297 1314 325 rudes
1328 299 1388 326 illas
1404 300 1515 335 ﬁguras,
1535 306 1567 329 ut
1582 303 1695 333 inutiles

908 345 1023 372 prorsus
1034 339 1196 375 abiecimus,
1222 343 1270 370 scd
1291 345 1382 378 potius
1405 346 1588 381 implevimus.
1616 350 1693 384 Quod

907 384 981 412 enim
1002 385 1030 412 in
1049 387 1155 419 umbris
1173 388 1265 416 adhuc
1288 395 1370 426 atque
1389 391 1486 428 ﬁguris
1503 395 1648 427 obscurius
1662 405 1694 425 ac

908 430 1000 458 minus
1013 437 1159 463 venustum
1183 434 1340 469 videbatur,
1368 437 1396 464 id
1419 439 1452 466 ad
1472 441 1613 470 meliorem
1630 444 1692 471 illu—

908 477 1093 513 strioremque
1109 479 1224 511 formam
1241 482 1376 516 pervenit.

945 610 1042 638 PALL.
1059 613 1143 641 Recte
1164 614 1242 641 dicis.

943 655 1022 683 CYR.
1037 657 1076 684 Ac
1087 658 1109 685 si
1120 659 1182 693 quis
1207 660 1326 687 voluerit
1342 662 1415 690 serio
1432 671 1536 693 sacram
1556 673 1583 695 et
1599 669 1696 696 divini-

910 706 953 729 tus
967 702 1128 737 inspiratam
1146 705 1315 743 Scripturam
1342 709 1537 746 pervestigare,
1555 714 1623 741 sciet
1636 723 1694 742 om-
1716 725 1720 728 ν

909 747 975 774 nino
987 756 1083 775 verum
1098 757 1159 777 esse
1178 751 1252 785 quod
1264 751 1320 778 dixi
1340 762 1346 780 :
1368 754 1494 783 velamen
1509 758 1583 785 enim
1610 767 1696 794 pone-

910 793 960 820 bat
973 793 1079 830 Moyses
1094 803 1177 830 super
1196 796 1293 824 faciem
1314 806 1403 832 suam,
1425 808 1458 828 eo
1473 802 1547 836 quod
1563 793 1617 830 non
1633 813 1696 840 pos-

911 844 972 866 sent
991 839 1040 866 ﬁlii
1061 840 1146 869 Israel
1165 841 1308 870 intendere
1338 844 1366 871 in
1381 845 1478 874 faciem
1496 847 1593 883 ipsius,
1626 850 1698 878 sicut

875 879 895 905 Β
911 886 1043 920 scriptum
1060 891 1103 914 est
1122 888 1154 914 “‘.

945 931 1043 959 PALL.
1061 933 1167 969 Ecquid
1183 934 1249 962 illud
1271 939 1313 962 est
1333 937 1406 971 quod
1430 938 1483 965 hoc
1499 938 1571 967 facto
1594 941 1698 977 signiﬁ-

911 978 1009 1005 catur?

943 1023 1022 1051 CYR.
1037 1024 1195 1054 Judzeorum
1207 1035 1325 1065 namque
1336 1035 1444 1058 mentes
1461 1039 1524 1059 cum
1541 1032 1698 1061 hebetiores

910 1069 1000 1097 adhuc
1016 1076 1118 1103 essent,
1139 1067 1276 1100 exteriore
1292 1074 1359 1110 legis
1381 1076 1474 1110 aliquo
1489 1078 1570 1104 modo
1596 1079 1698 1107 tolera-

909 1113 975 1142 bilia
988 1115 1165 1150 judicabant;
1181 1125 1224 1151 ea,
1241 1118 1367 1153 inquam,
1390 1129 1452 1156 quae
1463 1129 1513 1156 per
1523 1123 1607 1151 solam
1622 1124 1698 1151 litte-

910 1167 968 1187 ram
983 1161 1222 1196 signiﬁcabantur;
1236 1163 1333 1192 iisdem
1353 1173 1481 1192 veronon
1493 1167 1604 1195 ferenda
1614 1174 1642 1196 et
1652 1169 1699 1196 ab-

907 1204 1029 1238 jicienda
1040 1206 1153 1233 omnino
1163 1207 1339 1239 videbantur,
1355 1217 1416 1243 qua:
1430 1209 1547 1239 interius
1564 1212 1697 1245 latebant.

910 1255 1002 1285 atque,
1015 1256 1046 1278 ut
1055 1251 1091 1278 ita
1105 1252 1205 1285 dicam,
1218 1252 1276 1288 ipsa
1286 1262 1416 1282 sensuum
1427 1257 1591 1288 veral‘acies.
1605 1258 1699 1294 Itaque

910 1295 1007 1323 beatus
1030 1305 1141 1332 quoque
1167 1298 1268 1325 Paulus
1288 1300 1403 1328 scribit:
1437 1311 1445 1327 ι
1461 1302 1530 1329 Nam
1557 1312 1644 1345 usque
1671 1305 1698 1332 in

910 1341 1075 1370 hodiernum
1092 1343 1166 1371 diem
1182 1344 1209 1371 id
1225 1344 1314 1379 ipsum
1330 1346 1454 1374 velamen
1468 1348 1497 1375 in
1509 1341 1625 1377 lectione
1645 1351 1699 1378 Ve-

910 1389 977 1416 teris
990 1389 1158 1418 Testamenti
1177 1396 1270 1419 manet
1292 1400 1349 1419 non
1375 1394 1544 1429 revelatum;
1568 1397 1698 1431 quoniam

910 1434 939 1461 in
962 1434 1072 1463 Christo
1099 1443 1259 1466 evacuatur.
1288 1438 1341 1467 Sed
1366 1447 1454 1475 usque
1483 1441 1512 1468 in
1534 1441 1699 1471 hodiernum

910 1480 993 1513 diem,
1017 1489 1080 1508 cum
1102 1483 1203 1519 legitur
1226 1484 1342 1520 Moyses,
1368 1486 1493 1514 velamen
1518 1488 1637 1522 positum
1659 1496 1699 1518 est

911 1534 994 1562 super
1009 1535 1057 1555 cor
1069 1536 1165 1556 eorum
1182 1529 1229 1557 ".i
1245 1530 1299 1558 Sed
1313 1531 1352 1559 ita
1362 1532 1473 1567 quidem
1486 1533 1642 1562 Judaaorum
1656 1544 1699 1563 res

911 1580 940 1601 se
952 1573 1080 1601 habeant.
1092 1584 1100 1600 ι
1114 1575 1169 1603 Nos
1178 1583 1242 1603 vero
1252 1583 1349 1604 omnes
1358 1578 1475 1605 revelata
1485 1578 1565 1611 facie,
1577 1590 1585 1605 ι
1597 1580 1697 1616 inquit,

916 1626 925 1642 ι
939 1618 1054 1652 gloriam
1065 1619 1174 1649 Domini
1186 1621 1369 1656 speculantes,
1380 1622 1408 1649 in
1419 1623 1542 1650 eamdem
1553 1624 1697 1660 imaginem

911 1662 1140 1690 transformamur
1153 1672 1169 1691 a
1184 1665 1308 1692 claritate
1323 1665 1350 1692 in
1361 1666 1524 1699 claritatem,
1541 1671 1671 1704 tanquam
1683 1678 1698 1696 a

911 1707 1019 1735 Domini
1032 1709 1153 1743 spiritu;
1180 1710 1314 1738 Dominus
1339 1715 1432 1738 autem
1453 1712 1568 1746 spiritus
1583 1719 1625 1741 est
1640 1716 1670 1742 '7.
1686 1725 1694 1741 ι

912 1753 946 1781 Ut
960 1753 1033 1781 enim
1045 1755 1093 1789 qui
1109 1755 1136 1782 in
1163 1756 1276 1790 speculo
1293 1757 1527 1792 contemplantur,
1551 1759 1697 1794 imaginem

910 1803 939 1826 et
952 1799 1067 1834 ﬁguram
1085 1800 1126 1828 rei
1151 1809 1222 1828 verae
1241 1802 1347 1835 vident,
1371 1811 1427 1830 non
1447 1803 1534 1838 ipsam
1557 1812 1636 1832 rem:
1658 1807 1698 1834 sic

911 1845 958 1879 qui
974 1844 1137 1873 Christianae
1158 1848 1376 1876 conversationis
1395 1849 1631 1883 pulchritudinem
1655 1855 1697 1880 vi-

911 1889 977 1917 dere
993 1890 1162 1924 desiderant,
1179 1891 1202 1919 si
1214 1892 1273 1928 lege
1292 1897 1422 1928 tanquam
1445 1895 1557 1930 speculo
1573 1901 1696 1931 utantur.

911 1934 1015 1969 optime
1047 1936 1119 1970 quod
1140 1937 1266 1972 cupiunt,
1293 1943 1485 1973 assequentur.
1508 1940 1597 1977 Ipsam
1625 1944 1697 1971 enim

910 1988 1003 2011 rerum
1016 1981 1160 2017 imaginem
1176 1983 1210 2009 ad
1220 1983 1362 2010 veritatem
1378 1985 1580 2020 transferendo,
1593 1988 1698 2023 liquido

909 2026 1078 2061 perspicient
1094 2027 1160 2061 quid
1180 2027 1236 2056 Deo
1253 2033 1396 2064 acceptum
1410 2030 1437 2057 in
1462 2031 1560 2069 primis
1576 2039 1697 2069 gratum-

911 2079 964 2106 que
978 2072 1023 2099 sit.

946 2171 1045 2199 PALL.
1065 2172 1118 2200 Sed
1132 2181 1193 2208 quae.
1214 2175 1285 2202 ratio
1298 2176 1392 2204 atl'erri
1410 2183 1512 2213 potest,
1525 2188 1575 2208 cur
1592 2190 1648 2210 non
1662 2183 1697 2211 ab

79 2207 103 2234 ὲν
116 2209 208 2244 ἀρχαῖς
228 2212 288 2243 τοῖς
311 2211 406 2244 πάλαι,
426 2213 456 2240 τὸ
476 2213 534 2240 νέον
554 2222 583 2240 τε
608 2214 655 2241 καὶ
676 2215 857 2250 Εὺαγγελικὸν

913 2214 990 2243 initio
1004 2207 1149 2245 veteribus,
1163 2218 1216 2246 illis
1235 2227 1306 2248 nova
1323 2225 1351 2248 et
1372 2207 1529 2258 evangelica
1550 2225 1594 2255 lex
1616 2226 1696 2255 dare-

79 2253 187 2282 ὂεδόσθαι
202 2256 414 2293 χρησμώδημα-
434 2258 537 2290 τύπους
559 2259 587 2285 δὲ
603 2259 702 2294 μᾶλλον
722 2261 860 2297 νενομοθε-

79 2298 165 2333 τῆσθαι
181 2302 229 2327 καὶ
248 2302 327 2333 σκιάς
339 2312 345 2335 ;

107 2345 183 2374 ΚΥΡ.
198 2347 238 2373 Τὸ
252 2348 302 2382 μὲν
316 2348 490 2384 ἀκριϐὲς-τῆς
502 2351 668 2387 οἰκονομίας,
687 2353 733 2380 καὶ
744 2353 816 2385 ὅπως
825 2354 857 2380 ἂν

79 2390 127 2425 ἔχοι
139 2394 224 2425 ταυτὶ,
238 2394 309 2421 κατά
324 2403 355 2429 γε
370 2394 400 2421 τὸ
411 2395 602 2432 ἀληθέστερον,
621 2398 764 2427 ἀναθετέον
781 2401 857 2427 εὐσε-

80 2437 127 2469 ὗῶς
141 2439 178 2474 τῷ
191 2440 282 2467 πάντα
294 2440 377 2467 εἰδότι
390 2441 460 2477 Θεῷ,
472 2443 605 2479 Λογισμοὶ
619 2444 648 2471 δὲ
663 2445 736 2480 ἡμᾶς
749 2446 856 2473 ὲννοιῶν

79 2482 176 2514 ἀγαθῶν
188 2484 315 2520 ἀμοιρεῖν
336 2486 386 2511 οὐκ
410 2485 521 2519 εἰδότες,
542 2488 710 2524 ἀποφέρουσι
727 2499 784 2522 πως
805 2491 856 2518 κᾶν

81 2527 135 2560 γοῦν
152 2530 191 2561 είς
209 2531 325 2566 μετρίαν
347 2531 458 2567 εἴδησιν,
478 2532 493 2568 ἥ
510 2533 556 2561 καὶ
577 2533 646 2568 τάχα
670 2543 720 2561 που
743 2535 812 2570 πρὸς
826 2536 856 2562 τὸ

80 2572 168 2601 εἰδέναι
182 2574 272 2602 δοκεῖν
289 2577 340 2611 τῆς
357 2577 512 2612 οἰκονομίας
529 2579 577 2614 τὴν
597 2579 745 2615 πρόφασιν.
763 2582 855 2616 Φαμὲν

80 2615 126 2650 οὖν,
147 2620 187 2646 ὅτι
203 2621 394 2656 παιδαγωγίας
416 2623 469 2650 ἔδει
487 2624 598 2660 πολλῆς,
625 2626 672 2652 καὶ
699 2615 854 2662 ἀνατροφῆς

80 2663 166 2698 τρόπον
177 2667 238 2694 τινὰ
258 2668 474 2704 νηπιοπρεποῢς,
490 2671 546 2702 τοῖς
567 2671 597 2704 ἐξ
617 2671 755 2706 Αἰγύπτου
775 2673 852 2700 λελυ-

81 2711 230 2746 τρωμένοις.’
247 2713 369 2749 Παχύνοι
384 2715 438 2750 γὰρ
453 2713 522 2751 ἦσαν
538 2716 578 2743 ἔτι
602 2717 650 2744 καὶ
665 2718 852 2756 εὐπαράςροροι

82 2757 164 2793 κομιδῇ
179 2759 245 2794 πρὸς
258 2760 313 2786 πᾶν
329 2761 418 2786 ὁτιοῦν
434 2761 487 2788 τῶν
502 2763 710 2798 ἀπηχεστάτων.
729 2766 852 2792 Δυσαπό-

910 2265 965 2294 tur,
990 2261 1083 2297 ﬁgurae
1093 2270 1159 2290 vero
1171 2264 1263 2298 potius
1271 2270 1353 2300 atque
1368 2266 1393 2301 7
1403 2268 1508 2296 umbra;
1519 2268 1696 2299 institueren-

908 2307 975 2334 tur?

944 2353 1021 2380 ΟΥΕ.
1040 2354 1206 2385 Aecuratam
1222 2364 1370 2392 veramque
1385 2358 1467 2394 huius
1481 2359 1695 2394 dispensationis

907 2399 1040 2429 rationem
1047 2401 1092 2436 pie
1102 2408 1133 2428 ac
1142 2408 1298 2430 reverenter
1307 2403 1354 2430 uni
1360 2403 1427 2437 Deo,
1432 2404 1479 2437 cui
1487 2406 1578 2434 omnia
1587 2408 1694 2443 cognita

907 2446 1103 2482 explorataque
1119 2453 1195 2480 sunt,
1212 2448 1401 2483 relinquamus
1421 2455 1539 2485 oportet.
1562 2453 1692 2483 Rationes

907 2496 997 2519 tamen
1023 2501 1038 2519 a
1064 2492 1117 2529 piis
1146 2493 1358 2528 cogitationibus
1381 2503 1437 2523 non
1455 2496 1552 2528 aliena:
1578 2507 1628 2527 nos
1658 2502 1691 2529 ad

905 2539 1177 2575 quantulamcunque
1193 2541 1379 2576 cognitionem
1405 2543 1571 2578 perducunt.
1585 2551 1633 2574 aut
1658 2555 1693 2576 eo

906 2592 995 2619 usque
1017 2590 1110 2618 certe,
1129 2591 1160 2613 ut
1175 2586 1246 2614 scire
1264 2587 1409 2616 videamur
1431 2597 1494 2625 qua:
1512 2590 1597 2621 fuerit
1610 2591 1693 2628 hujus

908 2630 1017 2657 consilii
1034 2639 1125 2658 causa.
1135 2632 1257 2660 Dicimus
1269 2633 1363 2669 igitur,
1379 2643 1412 2663 ex
1422 2634 1541 2671 .Egypto
1567 2637 1691 2666 liberatis

907 2674 1050 2708 lsraelitis,
1067 2674 1205 2712 frequenti
1221 2678 1395 2707 institutione
1410 2680 1501 2716 longa,
1517 2687 1546 2709 et
1570 2690 1642 2715 esca,
1660 2689 1692 2711 ut

907 2720 944 2747 ita
956 2720 1054 2753 dicam,
1073 2723 1173 2757 puerili
1194 2731 1263 2759 opus
1286 2725 1388 2759 fuisse;
1407 2727 1490 2754 rudes
1512 2727 1586 2755 enim
1599 2728 1689 2756 adhuc

905 2773 993 2798 erant,
1009 2772 1037 2795 et
1056 2769 1090 2796 ad
1112 2769 1310 2799 absurdissima
1325 2780 1440 2807 quaeque
1461 2773 1607 2802 admodum
1625 2782 1688 2811 pro-

106 2844 209 2874 "Exod.
236 2857 330 2881 xxxiv,
357 2849 450 2878 33455.
491 2852 512 2868 "
533 2852 559 2880 Π
577 2853 640 2881 Cor.
672 2862 708 2887 ιιι,
737 2856 786 2888 14,
810 2857 851 2884 l5.

931 2858 1010 2890 ibid,
1029 2858 1072 2892 18,
1090 2860 1132 2886 Π.
