  <div class='ocr_page' id='page_1' title='image "/cluster/home/n/w/nwhite01/storage/ocr_20150623/68/njp.32101077772711/087.png"; bbox 0 0 1929 3042; ppageno 0'>
   <div class='ocr_carea' id='block_1_1' title="bbox 240 157 293 186">
    <p class='ocr_par' dir='ltr' id='par_1_1' title="bbox 240 157 293 186">
     <span class='ocr_line' id='line_1_1' title="bbox 240 157 293 186; baseline 0 0"><span class='ocrx_word' id='word_1_1' title='bbox 240 157 293 186; x_wconf 71' lang='lat'><strong>“5</strong></span> 
     </span>
    </p>
   </div>
   <div class='ocr_carea' id='block_1_2' title="bbox 748 148 1362 178">
    <p class='ocr_par' dir='ltr' id='par_1_2' title="bbox 748 148 1362 178">
     <span class='ocr_line' id='line_1_2' title="bbox 748 148 1362 178; baseline -0.003 -1"><span class='ocrx_word' id='word_1_2' title='bbox 748 150 775 178; x_wconf 88' lang='lat' dir='ltr'><strong>S.</strong></span> <span class='ocrx_word' id='word_1_3' title='bbox 794 148 932 177; x_wconf 73' lang='lat' dir='ltr'><strong>CYR‘ILLI</strong></span> <span class='ocrx_word' id='word_1_4' title='bbox 952 148 1185 176; x_wconf 69' lang='lat' dir='ltr'><strong>ALEXANDRIN!</strong></span> <span class='ocrx_word' id='word_1_5' title='bbox 1204 148 1362 177; x_wconf 70' lang='grc' dir='ltr'><strong>ΑΚΟΗΙΕῬ.</strong></span> 
     </span>
    </p>
   </div>
   <div class='ocr_carea' id='block_1_3' title="bbox 1815 147 1866 177">
    <p class='ocr_par' dir='ltr' id='par_1_3' title="bbox 1815 147 1866 177">
     <span class='ocr_line' id='line_1_3' title="bbox 1815 147 1866 177; baseline -0.02 0"><span class='ocrx_word' id='word_1_6' title='bbox 1815 147 1866 177; x_wconf 75' lang='lat' dir='ltr'><strong>tu</strong></span> 
     </span>
    </p>
   </div>
   <div class='ocr_carea' id='block_1_4' title="bbox 241 203 1020 245">
    <p class='ocr_par' dir='ltr' id='par_1_4' title="bbox 241 203 1019 245">
     <span class='ocr_line' id='line_1_4' title="bbox 241 203 1019 245; baseline -0.015 0"><span class='ocrx_word' id='word_1_7' title='bbox 241 217 334 245; x_wconf 77' lang='lat' dir='ltr'><strong>clivos.</strong></span> <span class='ocrx_word' id='word_1_8' title='bbox 346 215 413 243; x_wconf 81' lang='lat' dir='ltr'><strong>Nam</strong></span> <span class='ocrx_word' id='word_1_9' title='bbox 428 220 488 240; x_wconf 84' lang='lat' dir='ltr'><strong>eum</strong></span> <span class='ocrx_word' id='word_1_10' title='bbox 506 203 596 238; x_wconf 80' lang='lat' dir='ltr'><strong>carnis</strong></span> <span class='ocrx_word' id='word_1_11' title='bbox 608 216 701 236; x_wconf 80' lang='lat' dir='ltr'><strong>amore</strong></span> <span class='ocrx_word' id='word_1_12' title='bbox 720 208 889 239; x_wconf 76' lang='lat' dir='ltr'><strong>laborarent,</strong></span> <span class='ocrx_word' id='word_1_13' title='bbox 905 211 933 234; x_wconf 91' lang='lat' dir='ltr'><strong>et</strong></span> <span class='ocrx_word' id='word_1_14' title='bbox 956 214 1019 242; x_wconf 84' lang='lat' dir='ltr'><strong>per-</strong></span> 
     </span>
    </p>
   </div>
   <div class='ocr_carea' id='block_1_5' title="bbox 1074 203 1865 245">
    <p class='ocr_par' dir='ltr' id='par_1_5' title="bbox 1077 207 1865 243">
     <span class='ocr_line' id='line_1_5' title="bbox 1077 207 1865 243; baseline 0 -10"><span class='ocrx_word' id='word_1_15' title='bbox 1077 215 1172 234; x_wconf 84' lang='grc' dir='ltr'>νιπτον</span> <span class='ocrx_word' id='word_1_16' title='bbox 1190 207 1219 233; x_wconf 80' lang='grc' dir='ltr'>δὲ</span> <span class='ocrx_word' id='word_1_17' title='bbox 1234 207 1373 238; x_wconf 77' lang='grc' dir='ltr'><strong>παντελῶς</strong></span> <span class='ocrx_word' id='word_1_18' title='bbox 1395 215 1442 242; x_wconf 73' lang='grc' dir='ltr'><strong>την</strong></span> <span class='ocrx_word' id='word_1_19' title='bbox 1465 207 1645 243; x_wconf 80' lang='grc' dir='ltr'>φιλοσαρκίαν</span> <span class='ocrx_word' id='word_1_20' title='bbox 1661 207 1865 243; x_wconf 68' lang='grc' dir='ltr'>ὴρῤωστηκὸσι,</span> 
     </span>
    </p>
   </div>
   <div class='ocr_carea' id='block_1_6' title="bbox 242 251 1023 291">
    <p class='ocr_par' dir='ltr' id='par_1_6' title="bbox 242 251 1023 291">
     <span class='ocr_line' id='line_1_6' title="bbox 242 251 1023 291; baseline -0.018 1"><span class='ocrx_word' id='word_1_21' title='bbox 242 260 444 291; x_wconf 82' lang='lat' dir='ltr'><strong>turbationibus</strong></span> <span class='ocrx_word' id='word_1_22' title='bbox 457 264 548 285; x_wconf 85' lang='lat' dir='ltr'><strong>essent</strong></span> <span class='ocrx_word' id='word_1_23' title='bbox 565 254 673 287; x_wconf 71' lang='lat' dir='ltr'><strong>irretiti,</strong></span> <span class='ocrx_word' id='word_1_24' title='bbox 690 262 750 288; x_wconf 68' lang='lat' dir='ltr'><strong>quae</strong></span> <span class='ocrx_word' id='word_1_25' title='bbox 766 252 912 280; x_wconf 77' lang='lat' dir='ltr'><strong>dilliculter</strong></span> <span class='ocrx_word' id='word_1_26' title='bbox 924 251 979 279; x_wconf 84' lang='lat' dir='ltr'><strong>elui</strong></span> <span class='ocrx_word' id='word_1_27' title='bbox 995 255 1023 278; x_wconf 87' lang='lat' dir='ltr'><strong>et</strong></span> 
     </span>
    </p>
   </div>
   <div class='ocr_carea' id='block_1_7' title="bbox 240 298 1022 343">
    <p class='ocr_par' dir='ltr' id='par_1_7' title="bbox 240 298 1022 343">
     <span class='ocr_line' id='line_1_7' title="bbox 240 298 1022 343; baseline -0.019 -5"><span class='ocrx_word' id='word_1_28' title='bbox 240 307 383 343; x_wconf 76' lang='lat' dir='ltr'><strong>exstirpari</strong></span> <span class='ocrx_word' id='word_1_29' title='bbox 403 308 524 340; x_wconf 87' lang='lat' dir='ltr'><strong>possent,</strong></span> <span class='ocrx_word' id='word_1_30' title='bbox 552 300 720 336; x_wconf 80' lang='lat' dir='ltr'><strong>impossibile</strong></span> <span class='ocrx_word' id='word_1_31' title='bbox 736 298 938 335; x_wconf 68' lang='lat' dir='ltr'><strong>propemodum</strong></span> <span class='ocrx_word' id='word_1_32' title='bbox 953 301 1022 329; x_wconf 83' lang='lat' dir='ltr'><strong>erat,</strong></span> 
     </span>
    </p>
   </div>
   <div class='ocr_carea' id='block_1_8' title="bbox 240 342 1023 387">
    <p class='ocr_par' dir='ltr' id='par_1_8' title="bbox 240 342 1023 387">
     <span class='ocr_line' id='line_1_8' title="bbox 240 342 1023 387; baseline -0.017 -5"><span class='ocrx_word' id='word_1_33' title='bbox 240 342 406 387; x_wconf 85' lang='lat' dir='ltr'><strong>minimeque</strong></span> <span class='ocrx_word' id='word_1_34' title='bbox 421 352 589 385; x_wconf 86' lang='lat' dir='ltr'><strong>promptum,</strong></span> <span class='ocrx_word' id='word_1_35' title='bbox 608 346 701 374; x_wconf 88' lang='lat' dir='ltr'><strong>statim</strong></span> <span class='ocrx_word' id='word_1_36' title='bbox 719 345 754 373; x_wconf 87' lang='lat' dir='ltr'><strong>ad</strong></span> <span class='ocrx_word' id='word_1_37' title='bbox 775 351 910 373; x_wconf 79' lang='lat' dir='ltr'><strong>summam</strong></span> <span class='ocrx_word' id='word_1_38' title='bbox 933 342 1023 378; x_wconf 86' lang='lat' dir='ltr'><strong>perfe-</strong></span> 
     </span>
    </p>
   </div>
   <div class='ocr_carea' id='block_1_9' title="bbox 238 388 1023 428">
    <p class='ocr_par' dir='ltr' id='par_1_9' title="bbox 238 388 1023 428">
     <span class='ocr_line' id='line_1_9' title="bbox 238 388 1023 428; baseline -0.018 0"><span class='ocrx_word' id='word_1_39' title='bbox 238 401 358 428; x_wconf 83' lang='lat' dir='ltr'><strong>ctionem</strong></span> <span class='ocrx_word' id='word_1_40' title='bbox 369 397 485 426; x_wconf 86' lang='lat' dir='ltr'><strong>evadere</strong></span> <span class='ocrx_word' id='word_1_41' title='bbox 500 395 581 428; x_wconf 78' lang='lat' dir='ltr'><strong>velle,</strong></span> <span class='ocrx_word' id='word_1_42' title='bbox 595 400 628 421; x_wconf 84' lang='lat' dir='ltr'><strong>ac</strong></span> <span class='ocrx_word' id='word_1_43' title='bbox 643 393 706 421; x_wconf 59' lang='lat' dir='ltr'><strong>vitae</strong></span> <span class='ocrx_word' id='word_1_44' title='bbox 722 391 857 419; x_wconf 88' lang='lat' dir='ltr'><strong>rationem</strong></span> <span class='ocrx_word' id='word_1_45' title='bbox 883 388 1023 423; x_wconf 81' lang='lat' dir='ltr'><strong>suscipere</strong></span> 
     </span>
    </p>
   </div>
   <div class='ocr_carea' id='block_1_10' title="bbox 237 433 1023 474">
    <p class='ocr_par' dir='ltr' id='par_1_10' title="bbox 237 433 1023 474">
     <span class='ocr_line' id='line_1_10' title="bbox 237 433 1023 474; baseline -0.018 0"><span class='ocrx_word' id='word_1_46' title='bbox 237 446 307 474; x_wconf 79' lang='lat' dir='ltr'><strong>adeo</strong></span> <span class='ocrx_word' id='word_1_47' title='bbox 320 445 454 472; x_wconf 70' lang='lat' dir='ltr'><strong>illustrem</strong></span> <span class='ocrx_word' id='word_1_48' title='bbox 471 445 499 469; x_wconf 89' lang='lat' dir='ltr'><strong>et</strong></span> <span class='ocrx_word' id='word_1_49' title='bbox 519 438 720 470; x_wconf 84' lang='lat' dir='ltr'><strong>admirandam,</strong></span> <span class='ocrx_word' id='word_1_50' title='bbox 737 441 777 470; x_wconf 84' lang='lat' dir='ltr'><strong>ut,</strong></span> <span class='ocrx_word' id='word_1_51' title='bbox 802 443 865 464; x_wconf 89' lang='lat' dir='ltr'><strong>eum</strong></span> <span class='ocrx_word' id='word_1_52' title='bbox 890 435 918 462; x_wconf 93' lang='lat' dir='ltr'><strong>in</strong></span> <span class='ocrx_word' id='word_1_53' title='bbox 942 433 1023 461; x_wconf 87' lang='lat' dir='ltr'><strong>terris</strong></span> 
     </span>
    </p>
   </div>
   <div class='ocr_carea' id='block_1_11' title="bbox 237 480 1022 521">
    <p class='ocr_par' dir='ltr' id='par_1_11' title="bbox 237 480 1022 521">
     <span class='ocr_line' id='line_1_11' title="bbox 237 480 1022 521; baseline -0.018 -1"><span class='ocrx_word' id='word_1_54' title='bbox 237 490 421 521; x_wconf 73' lang='lat' dir='ltr'><strong>ambularent,</strong></span> <span class='ocrx_word' id='word_1_55' title='bbox 438 486 674 515; x_wconf 74' lang='lat' dir='ltr'><strong>conversationem</strong></span> <span class='ocrx_word' id='word_1_56' title='bbox 690 482 823 511; x_wconf 75' lang='lat' dir='ltr'><strong>tamenin</strong></span> <span class='ocrx_word' id='word_1_57' title='bbox 844 482 922 509; x_wconf 89' lang='lat' dir='ltr'><strong>ecelis</strong></span> <span class='ocrx_word' id='word_1_58' title='bbox 936 480 1022 507; x_wconf 88' lang='lat' dir='ltr'><strong>habe-</strong></span> 
     </span>
    </p>
   </div>
   <div class='ocr_carea' id='block_1_12' title="bbox 240 526 1022 571">
    <p class='ocr_par' dir='ltr' id='par_1_12' title="bbox 240 526 1022 571">
     <span class='ocr_line' id='line_1_12' title="bbox 240 526 1022 571; baseline -0.018 -5"><span class='ocrx_word' id='word_1_59' title='bbox 240 541 313 571; x_wconf 88' lang='lat' dir='ltr'><strong>rent,</strong></span> <span class='ocrx_word' id='word_1_60' title='bbox 329 536 401 564; x_wconf 88' lang='lat' dir='ltr'><strong>sicut</strong></span> <span class='ocrx_word' id='word_1_61' title='bbox 416 534 550 569; x_wconf 89' lang='lat' dir='ltr'><strong>scriptum</strong></span> <span class='ocrx_word' id='word_1_62' title='bbox 568 535 610 559; x_wconf 91' lang='lat' dir='ltr'><strong>est</strong></span> <span class='ocrx_word' id='word_1_63' title='bbox 622 531 654 556; x_wconf 89' lang='grc'><strong>¹¹.</strong></span> <span class='ocrx_word' id='word_1_64' title='bbox 670 530 769 557; x_wconf 81' lang='lat' dir='ltr'><strong>Annon</strong></span> <span class='ocrx_word' id='word_1_65' title='bbox 787 528 868 556; x_wconf 71' lang='lat' dir='ltr'><strong>venim</strong></span> <span class='ocrx_word' id='word_1_66' title='bbox 885 526 1022 562; x_wconf 79' lang='lat' dir='ltr'><strong>perfecto-</strong></span> 
     </span>
    </p>
   </div>
   <div class='ocr_carea' id='block_1_13' title="bbox 239 574 1021 612">
    <p class='ocr_par' dir='ltr' id='par_1_13' title="bbox 239 574 1021 612">
     <span class='ocr_line' id='line_1_13' title="bbox 239 574 1021 612; baseline -0.017 0"><span class='ocrx_word' id='word_1_67' title='bbox 239 591 299 612; x_wconf 90' lang='lat' dir='ltr'><strong>rum</strong></span> <span class='ocrx_word' id='word_1_68' title='bbox 312 587 355 611; x_wconf 87' lang='lat' dir='ltr'><strong>est</strong></span> <span class='ocrx_word' id='word_1_69' title='bbox 367 581 472 610; x_wconf 88' lang='lat' dir='ltr'><strong>solidus</strong></span> <span class='ocrx_word' id='word_1_70' title='bbox 484 579 573 610; x_wconf 85' lang='lat' dir='ltr'><strong>cibus,</strong></span> <span class='ocrx_word' id='word_1_71' title='bbox 591 578 633 604; x_wconf 90' lang='lat' dir='ltr'><strong>lac</strong></span> <span class='ocrx_word' id='word_1_72' title='bbox 659 583 725 604; x_wconf 91' lang='lat' dir='ltr'><strong>vero</strong></span> <span class='ocrx_word' id='word_1_73' title='bbox 741 575 835 611; x_wconf 89' lang='lat' dir='ltr'><strong>pueris</strong></span> <span class='ocrx_word' id='word_1_74' title='bbox 851 574 941 602; x_wconf 85' lang='lat' dir='ltr'><strong>adhuc</strong></span> <span class='ocrx_word' id='word_1_75' title='bbox 962 580 1021 600; x_wconf 90' lang='lat' dir='ltr'><strong>ma-</strong></span> 
     </span>
    </p>
   </div>
   <div class='ocr_carea' id='block_1_14' title="bbox 236 626 477 665">
    <p class='ocr_par' dir='ltr' id='par_1_14' title="bbox 236 626 477 665">
     <span class='ocr_line' id='line_1_14' title="bbox 236 626 477 665; baseline -0.025 -7"><span class='ocrx_word' id='word_1_76' title='bbox 236 630 278 665; x_wconf 86' lang='lat' dir='ltr'><strong>gis</strong></span> <span class='ocrx_word' id='word_1_77' title='bbox 294 627 422 657; x_wconf 87' lang='lat' dir='ltr'><strong>convenit</strong></span> <span class='ocrx_word' id='word_1_78' title='bbox 439 626 477 652; x_wconf 74' lang='lat' dir='ltr'><strong>&quot;‘P</strong></span> 
     </span>
    </p>
   </div>
   <div class='ocr_carea' id='block_1_15' title="bbox 271 673 588 703">
    <p class='ocr_par' dir='ltr' id='par_1_15' title="bbox 271 673 588 703">
     <span class='ocr_line' id='line_1_15' title="bbox 271 673 588 703; baseline -0.019 1"><span class='ocrx_word' id='word_1_79' title='bbox 271 673 371 703; x_wconf 78' lang='lat' dir='ltr'><strong>PALl...</strong></span> <span class='ocrx_word' id='word_1_80' title='bbox 386 673 501 700; x_wconf 81' lang='lat' dir='ltr'><strong>Maxime</strong></span> <span class='ocrx_word' id='word_1_81' title='bbox 513 679 588 699; x_wconf 80' lang='lat' dir='ltr'><strong>vero.</strong></span> 
     </span>
    </p>
   </div>
   <div class='ocr_carea' id='block_1_16' title="bbox 271 713 1021 752">
    <p class='ocr_par' dir='ltr' id='par_1_16' title="bbox 271 713 1021 752">
     <span class='ocr_line' id='line_1_16' title="bbox 271 713 1021 752; baseline -0.015 -4"><span class='ocrx_word' id='word_1_82' title='bbox 271 720 349 748; x_wconf 66' lang='grc' dir='ltr'><strong>(ΠΒ.</strong></span> <span class='ocrx_word' id='word_1_83' title='bbox 373 717 471 746; x_wconf 86' lang='lat' dir='ltr'><strong>Pueris</strong></span> <span class='ocrx_word' id='word_1_84' title='bbox 488 717 572 752; x_wconf 77' lang='lat' dir='ltr'><strong>igitur</strong></span> <span class='ocrx_word' id='word_1_85' title='bbox 593 713 765 742; x_wconf 83' lang='lat' dir='ltr'><strong>institutione</strong></span> <span class='ocrx_word' id='word_1_86' title='bbox 779 719 849 748; x_wconf 88' lang='lat' dir='ltr'><strong>opus</strong></span> <span class='ocrx_word' id='word_1_87' title='bbox 873 715 933 739; x_wconf 87' lang='lat' dir='ltr'><strong>erat</strong></span> <span class='ocrx_word' id='word_1_88' title='bbox 961 717 1021 745; x_wconf 82' lang='lat' dir='ltr'><strong>quae</strong></span> 
     </span>
    </p>
   </div>
   <div class='ocr_carea' id='block_1_17' title="bbox 236 757 1021 803">
    <p class='ocr_par' dir='ltr' id='par_1_17' title="bbox 236 757 1021 803">
     <span class='ocr_line' id='line_1_17' title="bbox 236 757 1021 803; baseline -0.014 -9"><span class='ocrx_word' id='word_1_89' title='bbox 236 766 331 803; x_wconf 83' lang='lat' dir='ltr'><strong>ﬁguris</strong></span> <span class='ocrx_word' id='word_1_90' title='bbox 357 764 554 794; x_wconf 84' lang='lat' dir='ltr'><strong>contineretur,</strong></span> <span class='ocrx_word' id='word_1_91' title='bbox 568 767 605 794; x_wconf 86' lang='lat' dir='ltr'><strong>et,</strong></span> <span class='ocrx_word' id='word_1_92' title='bbox 632 766 662 788; x_wconf 90' lang='lat' dir='ltr'><strong>ut</strong></span> <span class='ocrx_word' id='word_1_93' title='bbox 677 760 714 788; x_wconf 87' lang='lat' dir='ltr'><strong>ita</strong></span> <span class='ocrx_word' id='word_1_94' title='bbox 737 760 838 791; x_wconf 91' lang='lat' dir='ltr'><strong>dicam,</strong></span> <span class='ocrx_word' id='word_1_95' title='bbox 861 757 1021 785; x_wconf 79' lang='lat' dir='ltr'><strong>delicatiore</strong></span> 
     </span>
    </p>
   </div>
   <div class='ocr_carea' id='block_1_18' title="bbox 236 803 1022 844">
    <p class='ocr_par' dir='ltr' id='par_1_18' title="bbox 236 803 1022 844">
     <span class='ocr_line' id='line_1_18' title="bbox 236 803 1022 844; baseline -0.014 -4"><span class='ocrx_word' id='word_1_96' title='bbox 236 813 310 840; x_wconf 82' lang='lat' dir='ltr'><strong>victa</strong></span> <span class='ocrx_word' id='word_1_97' title='bbox 321 832 328 844; x_wconf 87' lang='lat'><strong>,</strong></span> <span class='ocrx_word' id='word_1_98' title='bbox 343 818 398 838; x_wconf 93' lang='lat' dir='ltr'><strong>non</strong></span> <span class='ocrx_word' id='word_1_99' title='bbox 412 817 445 837; x_wconf 87' lang='lat' dir='ltr'><strong>eo</strong></span> <span class='ocrx_word' id='word_1_100' title='bbox 465 807 601 836; x_wconf 86' lang='lat' dir='ltr'><strong>sermonis</strong></span> <span class='ocrx_word' id='word_1_101' title='bbox 620 814 722 842; x_wconf 81' lang='lat' dir='ltr'><strong>genere</strong></span> <span class='ocrx_word' id='word_1_102' title='bbox 736 804 809 840; x_wconf 92' lang='lat' dir='ltr'><strong>quod</strong></span> <span class='ocrx_word' id='word_1_103' title='bbox 828 804 861 832; x_wconf 87' lang='lat' dir='ltr'><strong>ad</strong></span> <span class='ocrx_word' id='word_1_104' title='bbox 875 803 1022 839; x_wconf 87' lang='lat' dir='ltr'><strong>perfectio-</strong></span> 
     </span>
    </p>
   </div>
   <div class='ocr_carea' id='block_1_19' title="bbox 236 849 1022 888">
    <p class='ocr_par' dir='ltr' id='par_1_19' title="bbox 236 849 1022 888">
     <span class='ocr_line' id='line_1_19' title="bbox 236 849 1022 888; baseline -0.014 -1"><span class='ocrx_word' id='word_1_105' title='bbox 236 867 299 887; x_wconf 91' lang='lat' dir='ltr'><strong>nem</strong></span> <span class='ocrx_word' id='word_1_106' title='bbox 316 857 482 888; x_wconf 79' lang='lat' dir='ltr'><strong>institueret,</strong></span> <span class='ocrx_word' id='word_1_107' title='bbox 501 860 527 882; x_wconf 84' lang='lat' dir='ltr'><strong>et</strong></span> <span class='ocrx_word' id='word_1_108' title='bbox 540 854 573 882; x_wconf 87' lang='lat' dir='ltr'><strong>ad</strong></span> <span class='ocrx_word' id='word_1_109' title='bbox 589 853 746 881; x_wconf 89' lang='lat' dir='ltr'><strong>absolutum</strong></span> <span class='ocrx_word' id='word_1_110' title='bbox 760 851 883 880; x_wconf 89' lang='lat' dir='ltr'><strong>numeris</strong></span> <span class='ocrx_word' id='word_1_111' title='bbox 893 849 1022 878; x_wconf 88' lang='lat' dir='ltr'><strong>omnibus</strong></span> 
     </span>
    </p>
   </div>
   <div class='ocr_carea' id='block_1_20' title="bbox 1074 252 1867 293">
    <p class='ocr_par' dir='ltr' id='par_1_20' title="bbox 1074 252 1867 293">
     <span class='ocr_line' id='line_1_20' title="bbox 1074 252 1867 293; baseline -0.003 -13"><span class='ocrx_word' id='word_1_112' title='bbox 1074 253 1122 280; x_wconf 76' lang='grc' dir='ltr'><strong>καὶ</strong></span> <span class='ocrx_word' id='word_1_113' title='bbox 1145 253 1352 293; x_wconf 21' lang='grc' dir='ltr'>δυσδιακφύκτοις</span> <span class='ocrx_word' id='word_1_114' title='bbox 1381 252 1496 280; x_wconf 78' lang='grc' dir='ltr'><strong>πάθεσιν</strong></span> <span class='ocrx_word' id='word_1_115' title='bbox 1521 254 1798 289; x_wconf 69' lang='grc' dir='ltr'>ἐγκατειλημμένοις,</span> <span class='ocrx_word' id='word_1_116' title='bbox 1819 253 1867 279; x_wconf 84' lang='grc' dir='ltr'><strong>ἀν-</strong></span> 
     </span>
    </p>
   </div>
   <div class='ocr_carea' id='block_1_21' title="bbox 1074 298 1868 336">
    <p class='ocr_par' dir='ltr' id='par_1_21' title="bbox 1074 298 1868 336">
     <span class='ocr_line' id='line_1_21' title="bbox 1074 298 1868 336; baseline 0 -10"><span class='ocrx_word' id='word_1_117' title='bbox 1074 300 1183 334; x_wconf 75' lang='grc' dir='ltr'>έφικτον</span> <span class='ocrx_word' id='word_1_118' title='bbox 1200 309 1258 331; x_wconf 84' lang='grc' dir='ltr'><strong>πως</strong></span> <span class='ocrx_word' id='word_1_119' title='bbox 1277 298 1311 336; x_wconf 74' lang='grc' dir='ltr'>ἦν</span> <span class='ocrx_word' id='word_1_120' title='bbox 1333 299 1373 326; x_wconf 81' lang='grc' dir='ltr'><strong>ἔτι</strong></span> <span class='ocrx_word' id='word_1_121' title='bbox 1395 299 1443 326; x_wconf 73' lang='grc' dir='ltr'>καὶ</span> <span class='ocrx_word' id='word_1_122' title='bbox 1459 300 1509 336; x_wconf 78' lang='grc' dir='ltr'>οὐχ</span> <span class='ocrx_word' id='word_1_123' title='bbox 1531 300 1641 335; x_wconf 69' lang='grc' dir='ltr'>ἕτοιμον</span> <span class='ocrx_word' id='word_1_124' title='bbox 1655 300 1726 327; x_wconf 78' lang='grc' dir='ltr'>ἑλεῖν</span> <span class='ocrx_word' id='word_1_125' title='bbox 1740 299 1772 326; x_wconf 77' lang='grc' dir='ltr'>τὸ</span> <span class='ocrx_word' id='word_1_126' title='bbox 1787 299 1868 331; x_wconf 66' lang='grc' dir='ltr'>εὐθὺς</span> 
     </span>
    </p>
   </div>
   <div class='ocr_carea' id='block_1_22' title="bbox 1074 345 1868 382">
    <p class='ocr_par' dir='ltr' id='par_1_22' title="bbox 1074 345 1868 382">
     <span class='ocr_line' id='line_1_22' title="bbox 1074 345 1868 382; baseline -0.001 -10"><span class='ocrx_word' id='word_1_127' title='bbox 1074 346 1260 381; x_wconf 79' lang='grc' dir='ltr'>ἀναθρώσκειν</span> <span class='ocrx_word' id='word_1_128' title='bbox 1285 345 1414 373; x_wconf 83' lang='grc' dir='ltr'>δύνασθαι</span> <span class='ocrx_word' id='word_1_129' title='bbox 1437 347 1506 382; x_wconf 79' lang='grc' dir='ltr'>πρὸς</span> <span class='ocrx_word' id='word_1_130' title='bbox 1524 347 1555 374; x_wconf 79' lang='grc' dir='ltr'><strong>τὸ</strong></span> <span class='ocrx_word' id='word_1_131' title='bbox 1579 347 1648 381; x_wconf 77' lang='grc' dir='ltr'>ἄγαν</span> <span class='ocrx_word' id='word_1_132' title='bbox 1673 347 1802 379; x_wconf 79' lang='grc' dir='ltr'>ἀστεῖον,</span> <span class='ocrx_word' id='word_1_133' title='bbox 1830 345 1868 377; x_wconf 79' lang='grc' dir='ltr'>ὡς</span> 
     </span>
    </p>
   </div>
   <div class='ocr_carea' id='block_1_23' title="bbox 1073 391 1869 429">
    <p class='ocr_par' dir='ltr' id='par_1_23' title="bbox 1073 391 1869 429">
     <span class='ocr_line' id='line_1_23' title="bbox 1073 391 1869 429; baseline -0.003 -10"><span class='ocrx_word' id='word_1_134' title='bbox 1073 393 1121 419; x_wconf 82' lang='grc' dir='ltr'>καὶ</span> <span class='ocrx_word' id='word_1_135' title='bbox 1136 391 1208 428; x_wconf 82' lang='grc' dir='ltr'>ζωῆς</span> <span class='ocrx_word' id='word_1_136' title='bbox 1222 401 1282 420; x_wconf 85' lang='grc' dir='ltr'>τινα</span> <span class='ocrx_word' id='word_1_137' title='bbox 1297 393 1397 429; x_wconf 82' lang='grc' dir='ltr'>τρόπον</span> <span class='ocrx_word' id='word_1_138' title='bbox 1419 392 1609 426; x_wconf 77' lang='grc' dir='ltr'>ἐπανελέσθαι,</span> <span class='ocrx_word' id='word_1_139' title='bbox 1631 393 1711 428; x_wconf 74' lang='grc' dir='ltr'>τυχὸν</span> <span class='ocrx_word' id='word_1_140' title='bbox 1733 393 1783 428; x_wconf 84' lang='grc' dir='ltr'><strong>τῆς</strong></span> <span class='ocrx_word' id='word_1_141' title='bbox 1796 391 1869 418; x_wconf 68' lang='grc' dir='ltr'>οὕτω</span> 
     </span>
    </p>
   </div>
   <div class='ocr_carea' id='block_1_24' title="bbox 1074 434 1868 475">
    <p class='ocr_par' dir='ltr' id='par_1_24' title="bbox 1074 434 1868 475">
     <span class='ocr_line' id='line_1_24' title="bbox 1074 434 1868 475; baseline 0 -12"><span class='ocrx_word' id='word_1_142' title='bbox 1074 436 1202 474; x_wconf 70' lang='grc' dir='ltr'>λαμπρᾶς</span> <span class='ocrx_word' id='word_1_143' title='bbox 1215 439 1262 466; x_wconf 70' lang='grc' dir='ltr'><strong>καὶ</strong></span> <span class='ocrx_word' id='word_1_144' title='bbox 1275 438 1443 474; x_wconf 81' lang='grc' dir='ltr'><strong>ὑπερφυοῦς,</strong></span> <span class='ocrx_word' id='word_1_145' title='bbox 1458 439 1497 471; x_wconf 84' lang='grc' dir='ltr'>ὡς</span> <span class='ocrx_word' id='word_1_146' title='bbox 1512 441 1674 475; x_wconf 78' lang='grc' dir='ltr'><strong>περιπατεῖν</strong></span> <span class='ocrx_word' id='word_1_147' title='bbox 1689 434 1738 474; x_wconf 65' lang='grc' dir='ltr'>μὲν</span> <span class='ocrx_word' id='word_1_148' title='bbox 1754 438 1802 464; x_wconf 59' lang='grc' dir='ltr'>ιθτι</span> <span class='ocrx_word' id='word_1_149' title='bbox 1815 437 1868 472; x_wconf 76' lang='grc' dir='ltr'>τῆς</span> 
     </span>
    </p>
   </div>
   <div class='ocr_carea' id='block_1_25' title="bbox 1073 483 1869 520">
    <p class='ocr_par' dir='ltr' id='par_1_25' title="bbox 1073 483 1869 520">
     <span class='ocr_line' id='line_1_25' title="bbox 1073 483 1869 520; baseline -0.003 -9"><span class='ocrx_word' id='word_1_150' title='bbox 1073 484 1137 519; x_wconf 77' lang='grc' dir='ltr'>γῆς,</span> <span class='ocrx_word' id='word_1_151' title='bbox 1162 484 1235 520; x_wconf 80' lang='grc' dir='ltr'>ἔχειν</span> <span class='ocrx_word' id='word_1_152' title='bbox 1261 484 1289 511; x_wconf 86' lang='grc' dir='ltr'>δὲ</span> <span class='ocrx_word' id='word_1_153' title='bbox 1314 484 1345 511; x_wconf 77' lang='grc' dir='ltr'>τὺ</span> <span class='ocrx_word' id='word_1_154' title='bbox 1369 484 1521 520; x_wconf 84' lang='grc' dir='ltr'>πολίτευμα</span> <span class='ocrx_word' id='word_1_155' title='bbox 1540 484 1569 511; x_wconf 79' lang='grc' dir='ltr'>ὲν</span> <span class='ocrx_word' id='word_1_156' title='bbox 1585 484 1720 520; x_wconf 78' lang='grc' dir='ltr'>οὐρανοῖς,</span> <span class='ocrx_word' id='word_1_157' title='bbox 1739 483 1814 511; x_wconf 78' lang='grc' dir='ltr'>κατὰ</span> <span class='ocrx_word' id='word_1_158' title='bbox 1839 483 1869 508; x_wconf 81' lang='grc' dir='ltr'>τὺ</span> 
     </span>
    </p>
   </div>
   <div class='ocr_carea' id='block_1_26' title="bbox 1072 528 1869 567">
    <p class='ocr_par' dir='ltr' id='par_1_26' title="bbox 1072 528 1869 567">
     <span class='ocr_line' id='line_1_26' title="bbox 1072 528 1869 567; baseline -0.004 -9"><span class='ocrx_word' id='word_1_159' title='bbox 1072 528 1319 567; x_wconf 60' lang='grc' dir='ltr'>γεγραμμένονῙΗ</span> <span class='ocrx_word' id='word_1_160' title='bbox 1330 531 1384 566; x_wconf 85' lang='grc' dir='ltr'><strong>γὰρ</strong></span> <span class='ocrx_word' id='word_1_161' title='bbox 1395 531 1454 566; x_wconf 75' lang='grc' dir='ltr'>οὐχὶ</span> <span class='ocrx_word' id='word_1_162' title='bbox 1465 531 1576 557; x_wconf 81' lang='grc' dir='ltr'><strong>τελείων</strong></span> <span class='ocrx_word' id='word_1_163' title='bbox 1586 531 1636 566; x_wconf 78' lang='grc' dir='ltr'>μὲν</span> <span class='ocrx_word' id='word_1_164' title='bbox 1649 530 1723 557; x_wconf 76' lang='grc' dir='ltr'>ἐστιν</span> <span class='ocrx_word' id='word_1_165' title='bbox 1733 531 1750 564; x_wconf 77' lang='grc' dir='ltr'>ἡ</span> <span class='ocrx_word' id='word_1_166' title='bbox 1767 529 1869 564; x_wconf 81' lang='grc' dir='ltr'>στερεὰ</span> 
     </span>
    </p>
   </div>
   <div class='ocr_carea' id='block_1_27' title="bbox 1073 575 1867 612">
    <p class='ocr_par' dir='ltr' id='par_1_27' title="bbox 1073 575 1867 612">
     <span class='ocr_line' id='line_1_27' title="bbox 1073 575 1867 612; baseline -0.001 -9"><span class='ocrx_word' id='word_1_167' title='bbox 1073 577 1169 612; x_wconf 66' lang='grc' dir='ltr'>τροφὴ,</span> <span class='ocrx_word' id='word_1_168' title='bbox 1185 577 1256 611; x_wconf 83' lang='grc' dir='ltr'>γάλα</span> <span class='ocrx_word' id='word_1_169' title='bbox 1268 577 1296 604; x_wconf 74' lang='grc' dir='ltr'>δὲ</span> <span class='ocrx_word' id='word_1_170' title='bbox 1313 578 1371 609; x_wconf 77' lang='grc' dir='ltr'>τοῖς</span> <span class='ocrx_word' id='word_1_171' title='bbox 1383 577 1423 604; x_wconf 75' lang='grc' dir='ltr'><strong>ἔτι</strong></span> <span class='ocrx_word' id='word_1_172' title='bbox 1443 577 1551 612; x_wconf 83' lang='grc' dir='ltr'><strong>νηπίοις</strong></span> <span class='ocrx_word' id='word_1_173' title='bbox 1567 576 1599 603; x_wconf 77' lang='grc' dir='ltr'><strong>τὸ</strong></span> <span class='ocrx_word' id='word_1_174' title='bbox 1616 575 1867 612; x_wconf 78' lang='grc' dir='ltr'>πρεπωδέστερον;</span> 
     </span>
    </p>
   </div>
   <div class='ocr_carea' id='block_1_28' title="bbox 1107 667 1380 703">
    <p class='ocr_par' dir='ltr' id='par_1_28' title="bbox 1107 667 1380 703">
     <span class='ocr_line' id='line_1_28' title="bbox 1107 667 1380 703; baseline 0 -9"><span class='ocrx_word' id='word_1_175' title='bbox 1107 668 1211 694; x_wconf 61' lang='lat' dir='ltr'><strong>nam.</strong></span> <span class='ocrx_word' id='word_1_176' title='bbox 1228 667 1283 695; x_wconf 75' lang='grc' dir='ltr'><strong>Καὶ</strong></span> <span class='ocrx_word' id='word_1_177' title='bbox 1298 667 1380 703; x_wconf 87' lang='grc' dir='ltr'>μάλα.</span> 
     </span>
    </p>
   </div>
   <div class='ocr_carea' id='block_1_29' title="bbox 1107 711 1865 748">
    <p class='ocr_par' dir='ltr' id='par_1_29' title="bbox 1107 711 1865 748">
     <span class='ocr_line' id='line_1_29' title="bbox 1107 711 1865 748; baseline -0.005 -8"><span class='ocrx_word' id='word_1_178' title='bbox 1107 713 1189 740; x_wconf 77' lang='grc' dir='ltr'><strong>ΚΥΡ.</strong></span> <span class='ocrx_word' id='word_1_179' title='bbox 1207 714 1280 740; x_wconf 72' lang='grc' dir='ltr'>Ἔδει</span> <span class='ocrx_word' id='word_1_180' title='bbox 1297 713 1386 740; x_wconf 76' lang='grc' dir='ltr'>τοίνυν</span> <span class='ocrx_word' id='word_1_181' title='bbox 1399 712 1586 748; x_wconf 71' lang='grc' dir='ltr'><strong>παιδαγωγίας</strong></span> <span class='ocrx_word' id='word_1_182' title='bbox 1598 712 1646 747; x_wconf 84' lang='grc' dir='ltr'>μὲν</span> <span class='ocrx_word' id='word_1_183' title='bbox 1654 711 1705 746; x_wconf 74' lang='grc' dir='ltr'><strong>τῆς</strong></span> <span class='ocrx_word' id='word_1_184' title='bbox 1717 711 1865 741; x_wconf 75' lang='grc' dir='ltr'>ἐντύποις,</span> 
     </span>
    </p>
   </div>
   <div class='ocr_carea' id='block_1_30' title="bbox 1072 757 1867 794">
    <p class='ocr_par' dir='ltr' id='par_1_30' title="bbox 1072 757 1867 794">
     <span class='ocr_line' id='line_1_30' title="bbox 1072 757 1867 794; baseline -0.005 -9"><span class='ocrx_word' id='word_1_185' title='bbox 1072 759 1112 785; x_wconf 81' lang='grc' dir='ltr'><strong>ἔτι</strong></span> <span class='ocrx_word' id='word_1_186' title='bbox 1137 759 1254 794; x_wconf 75' lang='grc' dir='ltr'><strong>νηπίοις,</strong></span> <span class='ocrx_word' id='word_1_187' title='bbox 1270 759 1318 786; x_wconf 66' lang='grc' dir='ltr'><strong>καὶ⁸</strong></span> <span class='ocrx_word' id='word_1_188' title='bbox 1342 758 1375 785; x_wconf 80' lang='grc' dir='ltr'><strong>ἵν’</strong></span> <span class='ocrx_word' id='word_1_189' title='bbox 1392 758 1479 789; x_wconf 77' lang='grc' dir='ltr'>οὕτως</span> <span class='ocrx_word' id='word_1_190' title='bbox 1493 757 1627 792; x_wconf 72' lang='grc' dir='ltr'>εἴπωμεν,</span> <span class='ocrx_word' id='word_1_191' title='bbox 1651 757 1867 792; x_wconf 78' lang='grc' dir='ltr'>τρυφερωτέρας</span> 
     </span>
    </p>
   </div>
   <div class='ocr_carea' id='block_1_31' title="bbox 1072 799 1867 842">
    <p class='ocr_par' dir='ltr' id='par_1_31' title="bbox 1072 799 1867 842">
     <span class='ocr_line' id='line_1_31' title="bbox 1072 799 1867 842; baseline -0.006 -8"><span class='ocrx_word' id='word_1_192' title='bbox 1072 806 1240 842; x_wconf 80' lang='grc' dir='ltr'><strong>ἀνατροφῆς,</strong></span> <span class='ocrx_word' id='word_1_193' title='bbox 1257 807 1317 842; x_wconf 73' lang='grc' dir='ltr'>οὐχὶ</span> <span class='ocrx_word' id='word_1_194' title='bbox 1331 806 1378 833; x_wconf 84' lang='grc' dir='ltr'>τοῦ</span> <span class='ocrx_word' id='word_1_195' title='bbox 1407 806 1475 842; x_wconf 78' lang='grc' dir='ltr'>πρὸς</span> <span class='ocrx_word' id='word_1_196' title='bbox 1499 799 1655 841; x_wconf 68' lang='grc' dir='ltr'>ιὶελειότητα</span> <span class='ocrx_word' id='word_1_197' title='bbox 1675 804 1867 834; x_wconf 77' lang='grc' dir='ltr'><strong>διατάττοντος</strong></span> 
     </span>
    </p>
   </div>
   <div class='ocr_carea' id='block_1_32' title="bbox 1071 849 1865 888">
    <p class='ocr_par' dir='ltr' id='par_1_32' title="bbox 1071 849 1865 888">
     <span class='ocr_line' id='line_1_32' title="bbox 1071 849 1865 888; baseline -0.006 -8"><span class='ocrx_word' id='word_1_198' title='bbox 1071 853 1162 888; x_wconf 77' lang='grc' dir='ltr'>λόγου,</span> <span class='ocrx_word' id='word_1_199' title='bbox 1176 853 1223 879; x_wconf 78' lang='grc' dir='ltr'>καὶ</span> <span class='ocrx_word' id='word_1_200' title='bbox 1235 851 1414 887; x_wconf 77' lang='grc' dir='ltr'><strong>ἀποκομίζειν</strong></span> <span class='ocrx_word' id='word_1_201' title='bbox 1434 852 1490 878; x_wconf 80' lang='grc' dir='ltr'>οἴου</span> <span class='ocrx_word' id='word_1_202' title='bbox 1503 860 1532 877; x_wconf 85' lang='grc' dir='ltr'>τε</span> <span class='ocrx_word' id='word_1_203' title='bbox 1547 850 1615 886; x_wconf 74' lang='grc' dir='ltr'>πρὸς</span> <span class='ocrx_word' id='word_1_204' title='bbox 1629 850 1660 877; x_wconf 82' lang='grc' dir='ltr'><strong>τὸ</strong></span> <span class='ocrx_word' id='word_1_205' title='bbox 1673 850 1776 885; x_wconf 78' lang='grc' dir='ltr'>ἀρτίως</span> <span class='ocrx_word' id='word_1_206' title='bbox 1790 849 1865 883; x_wconf 79' lang='grc' dir='ltr'>ἔχον.</span> 
     </span>
    </p>
   </div>
   <div class='ocr_carea' id='block_1_33' title="bbox 236 885 1020 940">
    <p class='ocr_par' dir='ltr' id='par_1_33' title="bbox 236 896 1018 940">
     <span class='ocr_line' id='line_1_33' title="bbox 236 896 1018 940; baseline -0.013 -7"><span class='ocrx_word' id='word_1_207' title='bbox 236 910 336 933; x_wconf 81' lang='lat' dir='ltr'><strong>statum</strong></span> <span class='ocrx_word' id='word_1_208' title='bbox 353 903 527 940; x_wconf 67' lang='lat' dir='ltr'><strong>perduceret.</strong></span> <span class='ocrx_word' id='word_1_209' title='bbox 547 901 586 928; x_wconf 77' lang='lat' dir='ltr'><strong>lla</strong></span> <span class='ocrx_word' id='word_1_210' title='bbox 603 908 668 928; x_wconf 77' lang='lat' dir='ltr'><strong>vero</strong></span> <span class='ocrx_word' id='word_1_211' title='bbox 681 900 755 928; x_wconf 87' lang='lat' dir='ltr'><strong>leves</strong></span> <span class='ocrx_word' id='word_1_212' title='bbox 766 907 797 926; x_wconf 88' lang='lat' dir='ltr'><strong>ac</strong></span> <span class='ocrx_word' id='word_1_213' title='bbox 817 897 932 933; x_wconf 87' lang='lat' dir='ltr'><strong>stupidi,</strong></span> <span class='ocrx_word' id='word_1_214' title='bbox 948 896 1018 924; x_wconf 87' lang='lat' dir='ltr'><strong>etad</strong></span> 
     </span>
    </p>
   </div>
   <div class='ocr_carea' id='block_1_34' title="bbox 1074 885 1867 940">
    <p class='ocr_par' dir='ltr' id='par_1_34' title="bbox 1078 885 1867 933">
     <span class='ocr_line' id='line_1_34' title="bbox 1078 885 1867 933; baseline -0.005 -8"><span class='ocrx_word' id='word_1_215' title='bbox 1078 885 1206 933; x_wconf 77' lang='grc' dir='ltr'>Ἐλαφροὶ</span> <span class='ocrx_word' id='word_1_216' title='bbox 1223 898 1251 924; x_wconf 80' lang='grc' dir='ltr'>δὲ</span> <span class='ocrx_word' id='word_1_217' title='bbox 1266 885 1352 929; x_wconf 77' lang='grc' dir='ltr'>οὕτως</span> <span class='ocrx_word' id='word_1_218' title='bbox 1367 898 1415 924; x_wconf 76' lang='grc' dir='ltr'>καὶ</span> <span class='ocrx_word' id='word_1_219' title='bbox 1429 885 1654 933; x_wconf 80' lang='grc' dir='ltr'>ὁλιγογνώμονες,</span> <span class='ocrx_word' id='word_1_220' title='bbox 1668 896 1714 922; x_wconf 76' lang='grc' dir='ltr'>καὶ</span> <span class='ocrx_word' id='word_1_221' title='bbox 1729 895 1800 931; x_wconf 81' lang='grc' dir='ltr'>πρὸς</span> <span class='ocrx_word' id='word_1_222' title='bbox 1811 896 1867 921; x_wconf 75' lang='grc' dir='ltr'><strong>πᾶν</strong></span> 
     </span>
    </p>
   </div>
   <div class='ocr_carea' id='block_1_35' title="bbox 236 944 1020 986">
    <p class='ocr_par' dir='ltr' id='par_1_35' title="bbox 236 944 1020 986">
     <span class='ocr_line' id='line_1_35' title="bbox 236 944 1020 986; baseline -0.011 -6"><span class='ocrx_word' id='word_1_223' title='bbox 236 952 327 980; x_wconf 85' lang='lat' dir='ltr'><strong>omnia</strong></span> <span class='ocrx_word' id='word_1_224' title='bbox 343 948 579 986; x_wconf 81' lang='lat' dir='ltr'><strong>perturbationum</strong></span> <span class='ocrx_word' id='word_1_225' title='bbox 593 955 693 982; x_wconf 77' lang='lat' dir='ltr'><strong>genera</strong></span> <span class='ocrx_word' id='word_1_226' title='bbox 709 946 802 974; x_wconf 80' lang='lat' dir='ltr'><strong>faciles</strong></span> <span class='ocrx_word' id='word_1_227' title='bbox 809 944 1020 980; x_wconf 78' lang='lat' dir='ltr'><strong>deprehendun-</strong></span> 
     </span>
    </p>
   </div>
   <div class='ocr_carea' id='block_1_36' title="bbox 236 993 1021 1028">
    <p class='ocr_par' dir='ltr' id='par_1_36' title="bbox 236 993 1021 1028">
     <span class='ocr_line' id='line_1_36' title="bbox 236 993 1021 1028; baseline -0.011 -2"><span class='ocrx_word' id='word_1_228' title='bbox 236 1004 281 1026; x_wconf 85' lang='lat' dir='ltr'><strong>tur</strong></span> <span class='ocrx_word' id='word_1_229' title='bbox 296 997 345 1024; x_wconf 84' lang='lat' dir='ltr'><strong>ﬁlii</strong></span> <span class='ocrx_word' id='word_1_230' title='bbox 362 994 456 1027; x_wconf 84' lang='lat' dir='ltr'><strong>Israel,</strong></span> <span class='ocrx_word' id='word_1_231' title='bbox 481 998 522 1027; x_wconf 82' lang='lat' dir='ltr'><strong>ut,</strong></span> <span class='ocrx_word' id='word_1_232' title='bbox 550 993 574 1021; x_wconf 90' lang='lat' dir='ltr'><strong>si</strong></span> <span class='ocrx_word' id='word_1_233' title='bbox 601 993 747 1028; x_wconf 77' lang='lat' dir='ltr'><strong>diligenter</strong></span> <span class='ocrx_word' id='word_1_234' title='bbox 763 999 859 1019; x_wconf 88' lang='lat' dir='ltr'><strong>eorum</strong></span> <span class='ocrx_word' id='word_1_235' title='bbox 879 998 971 1018; x_wconf 89' lang='lat' dir='ltr'><strong>mores</strong></span> <span class='ocrx_word' id='word_1_236' title='bbox 989 997 1021 1017; x_wconf 90' lang='lat' dir='ltr'><strong>ac</strong></span> 
     </span>
    </p>
   </div>
   <div class='ocr_carea' id='block_1_37' title="bbox 236 1033 1020 1076">
    <p class='ocr_par' dir='ltr' id='par_1_37' title="bbox 236 1033 1020 1076">
     <span class='ocr_line' id='line_1_37' title="bbox 236 1033 1020 1076; baseline -0.014 -6"><span class='ocrx_word' id='word_1_237' title='bbox 236 1042 327 1070; x_wconf 78' lang='lat' dir='ltr'><strong>studia</strong></span> <span class='ocrx_word' id='word_1_238' title='bbox 340 1039 555 1076; x_wconf 86' lang='lat' dir='ltr'><strong>perpendantur,</strong></span> <span class='ocrx_word' id='word_1_239' title='bbox 573 1045 609 1064; x_wconf 89' lang='lat' dir='ltr'><strong>ne</strong></span> <span class='ocrx_word' id='word_1_240' title='bbox 625 1036 723 1071; x_wconf 58' lang='lat' dir='ltr'><strong>umbra</strong></span> <span class='ocrx_word' id='word_1_241' title='bbox 739 1035 849 1070; x_wconf 81' lang='lat' dir='ltr'><strong>quidem</strong></span> <span class='ocrx_word' id='word_1_242' title='bbox 869 1034 927 1069; x_wconf 90' lang='lat' dir='ltr'><strong>ipsa</strong></span> <span class='ocrx_word' id='word_1_243' title='bbox 945 1033 1020 1068; x_wconf 90' lang='lat' dir='ltr'><strong>digni</strong></span> 
     </span>
    </p>
   </div>
   <div class='ocr_carea' id='block_1_38' title="bbox 234 1081 1020 1120">
    <p class='ocr_par' dir='ltr' id='par_1_38' title="bbox 234 1081 1020 1120">
     <span class='ocr_line' id='line_1_38' title="bbox 234 1081 1020 1120; baseline -0.013 -4"><span class='ocrx_word' id='word_1_244' title='bbox 234 1089 415 1117; x_wconf 69' lang='lat' dir='ltr'><strong>aestimentur.</strong></span> <span class='ocrx_word' id='word_1_245' title='bbox 428 1085 512 1120; x_wconf 87' lang='lat' dir='ltr'><strong>quue</strong></span> <span class='ocrx_word' id='word_1_246' title='bbox 525 1083 632 1119; x_wconf 78' lang='lat' dir='ltr'><strong>Moyses</strong></span> <span class='ocrx_word' id='word_1_247' title='bbox 654 1081 792 1114; x_wconf 71' lang='lat' dir='ltr'><strong>ost‘bndit;</strong></span> <span class='ocrx_word' id='word_1_248' title='bbox 819 1081 875 1108; x_wconf 90' lang='lat' dir='ltr'><strong>Deo</strong></span> <span class='ocrx_word' id='word_1_249' title='bbox 901 1087 1020 1114; x_wconf 79' lang='lat' dir='ltr'><strong>namque</strong></span> 
     </span>
    </p>
   </div>
   <div class='ocr_carea' id='block_1_39' title="bbox 234 1126 1020 1170">
    <p class='ocr_par' dir='ltr' id='par_1_39' title="bbox 234 1126 1020 1170">
     <span class='ocr_line' id='line_1_39' title="bbox 234 1126 1020 1170; baseline -0.013 -8"><span class='ocrx_word' id='word_1_250' title='bbox 234 1135 274 1163; x_wconf 85' lang='lat' dir='ltr'><strong>sic</strong></span> <span class='ocrx_word' id='word_1_251' title='bbox 286 1132 472 1170; x_wconf 67' lang='lat' dir='ltr'><strong>praecipiente,</strong></span> <span class='ocrx_word' id='word_1_252' title='bbox 505 1129 628 1157; x_wconf 83' lang='lat' dir='ltr'><strong>ascendit</strong></span> <span class='ocrx_word' id='word_1_253' title='bbox 650 1128 696 1156; x_wconf 88' lang='lat' dir='ltr'><strong>ille</strong></span> <span class='ocrx_word' id='word_1_254' title='bbox 723 1127 750 1155; x_wconf 88' lang='lat' dir='ltr'><strong>in</strong></span> <span class='ocrx_word' id='word_1_255' title='bbox 775 1131 906 1158; x_wconf 86' lang='lat' dir='ltr'><strong>montem,</strong></span> <span class='ocrx_word' id='word_1_256' title='bbox 933 1126 1020 1160; x_wconf 82' lang='lat' dir='ltr'><strong>legem</strong></span> 
     </span>
    </p>
   </div>
   <div class='ocr_carea' id='block_1_40' title="bbox 235 1172 1020 1215">
    <p class='ocr_par' dir='ltr' id='par_1_40' title="bbox 235 1172 1020 1215">
     <span class='ocr_line' id='line_1_40' title="bbox 235 1172 1020 1215; baseline -0.014 -6"><span class='ocrx_word' id='word_1_257' title='bbox 235 1184 423 1215; x_wconf 88' lang='lat' dir='ltr'><strong>suscepturus.</strong></span> <span class='ocrx_word' id='word_1_258' title='bbox 460 1177 495 1205; x_wconf 80' lang='lat' dir='ltr'><strong>At</strong></span> <span class='ocrx_word' id='word_1_259' title='bbox 521 1176 550 1203; x_wconf 86' lang='lat' dir='ltr'><strong>bi</strong></span> <span class='ocrx_word' id='word_1_260' title='bbox 576 1175 669 1203; x_wconf 85' lang='lat' dir='ltr'><strong>statim</strong></span> <span class='ocrx_word' id='word_1_261' title='bbox 691 1174 719 1201; x_wconf 89' lang='lat' dir='ltr'><strong>in</strong></span> <span class='ocrx_word' id='word_1_262' title='bbox 739 1173 920 1200; x_wconf 88' lang='lat' dir='ltr'><strong>defectionem</strong></span> <span class='ocrx_word' id='word_1_263' title='bbox 952 1172 1020 1206; x_wconf 87' lang='lat' dir='ltr'><strong>lapsi</strong></span> 
     </span>
    </p>
   </div>
   <div class='ocr_carea' id='block_1_41' title="bbox 235 1217 1019 1258">
    <p class='ocr_par' dir='ltr' id='par_1_41' title="bbox 235 1217 1019 1258">
     <span class='ocr_line' id='line_1_41' title="bbox 235 1217 1019 1258; baseline -0.013 -5"><span class='ocrx_word' id='word_1_264' title='bbox 235 1230 320 1258; x_wconf 88' lang='lat' dir='ltr'><strong>sunt;</strong></span> <span class='ocrx_word' id='word_1_265' title='bbox 338 1224 423 1251; x_wconf 86' lang='lat' dir='ltr'><strong>vitulo</strong></span> <span class='ocrx_word' id='word_1_266' title='bbox 439 1227 557 1256; x_wconf 85' lang='lat' dir='ltr'><strong>namque</strong></span> <span class='ocrx_word' id='word_1_267' title='bbox 577 1219 706 1251; x_wconf 83' lang='lat' dir='ltr'><strong>conﬂato,</strong></span> <span class='ocrx_word' id='word_1_268' title='bbox 731 1217 823 1245; x_wconf 83' lang='lat' dir='ltr'><strong>dicere</strong></span> <span class='ocrx_word' id='word_1_269' title='bbox 843 1217 935 1244; x_wconf 88' lang='lat' dir='ltr'><strong>miseri</strong></span> <span class='ocrx_word' id='word_1_270' title='bbox 960 1217 1019 1244; x_wconf 88' lang='lat' dir='ltr'><strong>ausi</strong></span> 
     </span>
    </p>
   </div>
   <div class='ocr_carea' id='block_1_42' title="bbox 235 1263 1021 1299">
    <p class='ocr_par' dir='ltr' id='par_1_42' title="bbox 235 1263 1021 1299">
     <span class='ocr_line' id='line_1_42' title="bbox 235 1263 1021 1299; baseline -0.014 0"><span class='ocrx_word' id='word_1_271' title='bbox 235 1275 314 1299; x_wconf 88' lang='lat' dir='ltr'><strong>sunt:</strong></span> <span class='ocrx_word' id='word_1_272' title='bbox 338 1269 391 1297; x_wconf 62' lang='lat' dir='ltr'><strong>illi</strong></span> <span class='ocrx_word' id='word_1_273' title='bbox 413 1272 477 1296; x_wconf 87' lang='lat' dir='ltr'><strong>sunt</strong></span> <span class='ocrx_word' id='word_1_274' title='bbox 500 1267 539 1294; x_wconf 92' lang='lat' dir='ltr'><strong>dii</strong></span> <span class='ocrx_word' id='word_1_275' title='bbox 564 1265 617 1298; x_wconf 90' lang='lat' dir='ltr'><strong>tui,</strong></span> <span class='ocrx_word' id='word_1_276' title='bbox 634 1264 728 1297; x_wconf 85' lang='lat' dir='ltr'><strong>Israel,</strong></span> <span class='ocrx_word' id='word_1_277' title='bbox 747 1263 795 1299; x_wconf 81' lang='lat' dir='ltr'><strong>qui</strong></span> <span class='ocrx_word' id='word_1_278' title='bbox 823 1268 850 1291; x_wconf 90' lang='lat' dir='ltr'><strong>te</strong></span> <span class='ocrx_word' id='word_1_279' title='bbox 865 1263 1021 1290; x_wconf 78' lang='lat' dir='ltr'><strong>eduxerunt</strong></span> 
     </span>
    </p>
   </div>
   <div class='ocr_carea' id='block_1_43' title="bbox 233 1308 1019 1349">
    <p class='ocr_par' dir='ltr' id='par_1_43' title="bbox 233 1308 1019 1349">
     <span class='ocr_line' id='line_1_43' title="bbox 233 1308 1019 1349; baseline -0.014 -5"><span class='ocrx_word' id='word_1_280' title='bbox 233 1324 267 1343; x_wconf 80' lang='lat' dir='ltr'><strong>ex</strong></span> <span class='ocrx_word' id='word_1_281' title='bbox 296 1320 370 1343; x_wconf 86' lang='lat' dir='ltr'><strong>terra</strong></span> <span class='ocrx_word' id='word_1_282' title='bbox 392 1312 502 1349; x_wconf 62' lang='lat' dir='ltr'><strong>(Egypti</strong></span> <span class='ocrx_word' id='word_1_283' title='bbox 516 1312 550 1338; x_wconf 83' lang='lat'><strong>‘°.</strong></span> <span class='ocrx_word' id='word_1_284' title='bbox 567 1320 575 1336; x_wconf 74' lang='grc' dir='ltr'><strong>ι</strong></span> <span class='ocrx_word' id='word_1_285' title='bbox 590 1310 724 1343; x_wconf 84' lang='lat' dir='ltr'><strong>Quocirca</strong></span> <span class='ocrx_word' id='word_1_286' title='bbox 754 1313 857 1336; x_wconf 85' lang='lat' dir='ltr'><strong>tantam</strong></span> <span class='ocrx_word' id='word_1_287' title='bbox 882 1308 1019 1334; x_wconf 67' lang='lat' dir='ltr'><strong>levitatem</strong></span> 
     </span>
    </p>
   </div>
   <div class='ocr_carea' id='block_1_44' title="bbox 233 1353 1020 1397">
    <p class='ocr_par' dir='ltr' id='par_1_44' title="bbox 233 1353 1020 1397">
     <span class='ocr_line' id='line_1_44' title="bbox 233 1353 1020 1397; baseline -0.013 -8"><span class='ocrx_word' id='word_1_288' title='bbox 233 1361 341 1397; x_wconf 77' lang='lat' dir='ltr'><strong>Moyses</strong></span> <span class='ocrx_word' id='word_1_289' title='bbox 353 1359 465 1394; x_wconf 81' lang='lat' dir='ltr'><strong>indigne</strong></span> <span class='ocrx_word' id='word_1_290' title='bbox 486 1357 579 1385; x_wconf 88' lang='lat' dir='ltr'><strong>ferens</strong></span> <span class='ocrx_word' id='word_1_291' title='bbox 590 1377 597 1388; x_wconf 91' lang='lat'><strong>,</strong></span> <span class='ocrx_word' id='word_1_292' title='bbox 612 1355 720 1383; x_wconf 87' lang='lat' dir='ltr'><strong>tabulas</strong></span> <span class='ocrx_word' id='word_1_293' title='bbox 733 1354 867 1389; x_wconf 79' lang='lat' dir='ltr'><strong>confregit</strong></span> <span class='ocrx_word' id='word_1_294' title='bbox 880 1354 907 1381; x_wconf 91' lang='lat' dir='ltr'><strong>in</strong></span> <span class='ocrx_word' id='word_1_295' title='bbox 920 1353 1020 1389; x_wconf 88' lang='lat' dir='ltr'><strong>quibus</strong></span> 
     </span>
    </p>
   </div>
   <div class='ocr_carea' id='block_1_45' title="bbox 234 1398 1018 1439">
    <p class='ocr_par' dir='ltr' id='par_1_45' title="bbox 234 1398 1018 1439">
     <span class='ocr_line' id='line_1_45' title="bbox 234 1398 1018 1439; baseline -0.014 -3"><span class='ocrx_word' id='word_1_296' title='bbox 234 1409 277 1436; x_wconf 87' lang='lat' dir='ltr'><strong>lex</strong></span> <span class='ocrx_word' id='word_1_297' title='bbox 287 1410 347 1435; x_wconf 83' lang='lat' dir='ltr'><strong>erat</strong></span> <span class='ocrx_word' id='word_1_298' title='bbox 361 1405 499 1439; x_wconf 87' lang='lat' dir='ltr'><strong>descripta</strong></span> <span class='ocrx_word' id='word_1_299' title='bbox 512 1412 519 1436; x_wconf 84' lang='lat'>;</span> <span class='ocrx_word' id='word_1_300' title='bbox 539 1410 594 1430; x_wconf 93' lang='lat' dir='ltr'><strong>non</strong></span> <span class='ocrx_word' id='word_1_301' title='bbox 609 1402 665 1437; x_wconf 80' lang='lat' dir='ltr'><strong>jam</strong></span> <span class='ocrx_word' id='word_1_302' title='bbox 682 1401 778 1428; x_wconf 86' lang='lat' dir='ltr'><strong>umbra</strong></span> <span class='ocrx_word' id='word_1_303' title='bbox 788 1400 900 1435; x_wconf 86' lang='lat' dir='ltr'><strong>quidem</strong></span> <span class='ocrx_word' id='word_1_304' title='bbox 923 1403 971 1426; x_wconf 91' lang='lat' dir='ltr'><strong>aut</strong></span> <span class='ocrx_word' id='word_1_305' title='bbox 985 1398 1018 1426; x_wconf 84' lang='lat' dir='ltr'><strong>ﬁ-</strong></span> 
     </span>
    </p>
   </div>
   <div class='ocr_carea' id='block_1_46' title="bbox 235 1445 1020 1489">
    <p class='ocr_par' dir='ltr' id='par_1_46' title="bbox 235 1445 1020 1489">
     <span class='ocr_line' id='line_1_46' title="bbox 235 1445 1020 1489; baseline -0.011 -8"><span class='ocrx_word' id='word_1_306' title='bbox 235 1453 321 1489; x_wconf 85' lang='lat' dir='ltr'><strong>guris,</strong></span> <span class='ocrx_word' id='word_1_307' title='bbox 338 1451 386 1479; x_wconf 90' lang='lat' dir='ltr'><strong>sed</strong></span> <span class='ocrx_word' id='word_1_308' title='bbox 403 1458 437 1478; x_wconf 91' lang='lat' dir='ltr'><strong>ne</strong></span> <span class='ocrx_word' id='word_1_309' title='bbox 452 1450 507 1476; x_wconf 88' lang='lat' dir='ltr'><strong>ulla</strong></span> <span class='ocrx_word' id='word_1_310' title='bbox 521 1448 632 1484; x_wconf 89' lang='lat' dir='ltr'><strong>quidem</strong></span> <span class='ocrx_word' id='word_1_311' title='bbox 653 1446 781 1474; x_wconf 89' lang='lat' dir='ltr'><strong>doctrina</strong></span> <span class='ocrx_word' id='word_1_312' title='bbox 802 1445 908 1474; x_wconf 79' lang='lat' dir='ltr'><strong>caelesti</strong></span> <span class='ocrx_word' id='word_1_313' title='bbox 923 1445 1020 1481; x_wconf 88' lang='lat' dir='ltr'><strong>dignos</strong></span> 
     </span>
    </p>
   </div>
   <div class='ocr_carea' id='block_1_47' title="bbox 235 1492 1019 1530">
    <p class='ocr_par' dir='ltr' id='par_1_47' title="bbox 235 1492 1019 1530">
     <span class='ocr_line' id='line_1_47' title="bbox 235 1492 1019 1530; baseline -0.013 -3"><span class='ocrx_word' id='word_1_314' title='bbox 235 1508 284 1527; x_wconf 78' lang='lat' dir='ltr'><strong>eos</strong></span> <span class='ocrx_word' id='word_1_315' title='bbox 302 1505 429 1528; x_wconf 85' lang='lat' dir='ltr'><strong>eeusens,</strong></span> <span class='ocrx_word' id='word_1_316' title='bbox 444 1495 491 1530; x_wconf 91' lang='lat' dir='ltr'><strong>qui</strong></span> <span class='ocrx_word' id='word_1_317' title='bbox 503 1502 536 1522; x_wconf 91' lang='lat' dir='ltr'><strong>eo</strong></span> <span class='ocrx_word' id='word_1_318' title='bbox 553 1493 675 1528; x_wconf 87' lang='lat' dir='ltr'><strong>stuporis</strong></span> <span class='ocrx_word' id='word_1_319' title='bbox 697 1492 851 1525; x_wconf 82' lang='lat' dir='ltr'><strong>venissent,</strong></span> <span class='ocrx_word' id='word_1_320' title='bbox 881 1495 910 1519; x_wconf 88' lang='lat' dir='ltr'><strong>ut</strong></span> <span class='ocrx_word' id='word_1_321' title='bbox 929 1495 1019 1518; x_wconf 90' lang='lat' dir='ltr'><strong>tanto-</strong></span> 
     </span>
    </p>
   </div>
   <div class='ocr_carea' id='block_1_48' title="bbox 236 1537 1018 1573">
    <p class='ocr_par' dir='ltr' id='par_1_48' title="bbox 236 1537 1018 1573">
     <span class='ocr_line' id='line_1_48' title="bbox 236 1537 1018 1573; baseline -0.01 -2"><span class='ocrx_word' id='word_1_322' title='bbox 236 1552 297 1572; x_wconf 86' lang='lat' dir='ltr'><strong>rum</strong></span> <span class='ocrx_word' id='word_1_323' title='bbox 313 1543 391 1570; x_wconf 87' lang='lat' dir='ltr'><strong>obliti</strong></span> <span class='ocrx_word' id='word_1_324' title='bbox 419 1540 627 1571; x_wconf 88' lang='lat' dir='ltr'><strong>miraculorum,</strong></span> <span class='ocrx_word' id='word_1_325' title='bbox 644 1546 704 1573; x_wconf 59' lang='lat' dir='ltr'><strong>quae</strong></span> <span class='ocrx_word' id='word_1_326' title='bbox 724 1537 816 1564; x_wconf 85' lang='lat' dir='ltr'><strong>divina</strong></span> <span class='ocrx_word' id='word_1_327' title='bbox 843 1537 869 1564; x_wconf 89' lang='lat' dir='ltr'><strong>vi</strong></span> <span class='ocrx_word' id='word_1_328' title='bbox 897 1537 1018 1572; x_wconf 89' lang='lat' dir='ltr'><strong>ipsorum</strong></span> 
     </span>
    </p>
   </div>
   <div class='ocr_carea' id='block_1_49' title="bbox 236 1582 1020 1624">
    <p class='ocr_par' dir='ltr' id='par_1_49' title="bbox 236 1582 1020 1624">
     <span class='ocr_line' id='line_1_49' title="bbox 236 1582 1020 1624; baseline -0.01 -7"><span class='ocrx_word' id='word_1_329' title='bbox 236 1597 317 1618; x_wconf 81' lang='lat' dir='ltr'><strong>causa</strong></span> <span class='ocrx_word' id='word_1_330' title='bbox 335 1593 409 1624; x_wconf 82' lang='lat' dir='ltr'><strong>gesta</strong></span> <span class='ocrx_word' id='word_1_331' title='bbox 418 1591 506 1619; x_wconf 87' lang='lat' dir='ltr'><strong>erant,</strong></span> <span class='ocrx_word' id='word_1_332' title='bbox 517 1586 603 1613; x_wconf 87' lang='lat' dir='ltr'><strong>vitulo</strong></span> <span class='ocrx_word' id='word_1_333' title='bbox 623 1592 718 1612; x_wconf 89' lang='lat' dir='ltr'><strong>rursus</strong></span> <span class='ocrx_word' id='word_1_334' title='bbox 741 1583 946 1611; x_wconf 80' lang='lat' dir='ltr'><strong>venerationem</strong></span> <span class='ocrx_word' id='word_1_335' title='bbox 970 1582 1020 1610; x_wconf 89' lang='lat' dir='ltr'><strong>de-</strong></span> 
     </span>
    </p>
   </div>
   <div class='ocr_carea' id='block_1_50' title="bbox 235 1628 1020 1668">
    <p class='ocr_par' dir='ltr' id='par_1_50' title="bbox 235 1628 1020 1668">
     <span class='ocr_line' id='line_1_50' title="bbox 235 1628 1020 1668; baseline -0.011 -5"><span class='ocrx_word' id='word_1_336' title='bbox 235 1636 350 1666; x_wconf 83' lang='lat' dir='ltr'><strong>ferrent,</strong></span> <span class='ocrx_word' id='word_1_337' title='bbox 370 1638 398 1661; x_wconf 90' lang='lat' dir='ltr'><strong>et</strong></span> <span class='ocrx_word' id='word_1_338' title='bbox 410 1632 566 1668; x_wconf 59' lang='lat' dir='ltr'><strong>{Egyptium</strong></span> <span class='ocrx_word' id='word_1_339' title='bbox 586 1630 663 1657; x_wconf 89' lang='lat' dir='ltr'><strong>illum</strong></span> <span class='ocrx_word' id='word_1_340' title='bbox 678 1629 782 1657; x_wconf 87' lang='lat' dir='ltr'><strong>cultum</strong></span> <span class='ocrx_word' id='word_1_341' title='bbox 796 1628 928 1656; x_wconf 86' lang='lat' dir='ltr'><strong>memoria</strong></span> <span class='ocrx_word' id='word_1_342' title='bbox 940 1635 1020 1662; x_wconf 87' lang='lat' dir='ltr'><strong>repe-</strong></span> 
     </span>
    </p>
   </div>
   <div class='ocr_carea' id='block_1_51' title="bbox 236 1674 1018 1712">
    <p class='ocr_par' dir='ltr' id='par_1_51' title="bbox 236 1674 1018 1712">
     <span class='ocr_line' id='line_1_51' title="bbox 236 1674 1018 1712; baseline -0.013 -3"><span class='ocrx_word' id='word_1_343' title='bbox 236 1678 475 1709; x_wconf 83' lang='lat' dir='ltr'><strong>terent.P0rroin</strong></span> <span class='ocrx_word' id='word_1_344' title='bbox 503 1677 604 1705; x_wconf 88' lang='lat' dir='ltr'><strong>tabulis</strong></span> <span class='ocrx_word' id='word_1_345' title='bbox 623 1675 740 1712; x_wconf 88' lang='lat' dir='ltr'><strong>lapideis</strong></span> <span class='ocrx_word' id='word_1_346' title='bbox 767 1674 930 1702; x_wconf 84' lang='lat' dir='ltr'><strong>adumbrata</strong></span> <span class='ocrx_word' id='word_1_347' title='bbox 960 1678 1018 1701; x_wconf 88' lang='lat' dir='ltr'><strong>tum</strong></span> 
     </span>
    </p>
   </div>
   <div class='ocr_carea' id='block_1_52' title="bbox 235 1719 1019 1757">
    <p class='ocr_par' dir='ltr' id='par_1_52' title="bbox 235 1719 1019 1757">
     <span class='ocr_line' id='line_1_52' title="bbox 235 1719 1019 1757; baseline -0.013 -2"><span class='ocrx_word' id='word_1_348' title='bbox 235 1731 295 1756; x_wconf 91' lang='lat' dir='ltr'><strong>erat</strong></span> <span class='ocrx_word' id='word_1_349' title='bbox 311 1725 451 1753; x_wconf 86' lang='lat' dir='ltr'><strong>veteribus</strong></span> <span class='ocrx_word' id='word_1_350' title='bbox 470 1724 513 1751; x_wconf 86' lang='lat' dir='ltr'><strong>lex</strong></span> <span class='ocrx_word' id='word_1_351' title='bbox 528 1723 578 1750; x_wconf 89' lang='lat' dir='ltr'><strong>Dei</strong></span> <span class='ocrx_word' id='word_1_352' title='bbox 600 1722 696 1757; x_wconf 79' lang='lat' dir='ltr'><strong>digito,</strong></span> <span class='ocrx_word' id='word_1_353' title='bbox 715 1725 746 1748; x_wconf 89' lang='lat' dir='ltr'><strong>ut</strong></span> <span class='ocrx_word' id='word_1_354' title='bbox 769 1720 903 1755; x_wconf 86' lang='lat' dir='ltr'><strong>scriptum</strong></span> <span class='ocrx_word' id='word_1_355' title='bbox 924 1719 953 1754; x_wconf 76' lang='lat'><strong>8</strong></span> <span class='ocrx_word' id='word_1_356' title='bbox 967 1724 1019 1746; x_wconf 87' lang='lat' dir='ltr'><strong>est.</strong></span> 
     </span>
    </p>
   </div>
   <div class='ocr_carea' id='block_1_53' title="bbox 236 1764 1021 1807">
    <p class='ocr_par' dir='ltr' id='par_1_53' title="bbox 236 1764 1021 1807">
     <span class='ocr_line' id='line_1_53' title="bbox 236 1764 1021 1807; baseline -0.011 -7"><span class='ocrx_word' id='word_1_357' title='bbox 236 1773 288 1801; x_wconf 76' lang='lat' dir='ltr'><strong>Sed</strong></span> <span class='ocrx_word' id='word_1_358' title='bbox 300 1772 344 1799; x_wconf 88' lang='lat' dir='ltr'><strong>illa</strong></span> <span class='ocrx_word' id='word_1_359' title='bbox 357 1771 442 1807; x_wconf 80' lang='lat' dir='ltr'><strong>ﬁgura</strong></span> <span class='ocrx_word' id='word_1_360' title='bbox 456 1774 533 1798; x_wconf 87' lang='lat' dir='ltr'><strong>erant</strong></span> <span class='ocrx_word' id='word_1_361' title='bbox 544 1776 640 1796; x_wconf 89' lang='lat' dir='ltr'><strong>eorum</strong></span> <span class='ocrx_word' id='word_1_362' title='bbox 657 1775 718 1803; x_wconf 69' lang='lat' dir='ltr'><strong>qum</strong></span> <span class='ocrx_word' id='word_1_363' title='bbox 729 1766 800 1802; x_wconf 89' lang='lat' dir='ltr'><strong>apud</strong></span> <span class='ocrx_word' id='word_1_364' title='bbox 813 1773 863 1793; x_wconf 83' lang='lat' dir='ltr'><strong>nos</strong></span> <span class='ocrx_word' id='word_1_365' title='bbox 871 1765 897 1792; x_wconf 94' lang='lat' dir='ltr'><strong>in</strong></span> <span class='ocrx_word' id='word_1_366' title='bbox 912 1764 1021 1792; x_wconf 89' lang='lat' dir='ltr'><strong>Christo</strong></span> 
     </span>
    </p>
   </div>
   <div class='ocr_carea' id='block_1_54' title="bbox 235 1809 1021 1854">
    <p class='ocr_par' dir='ltr' id='par_1_54' title="bbox 235 1809 1021 1854">
     <span class='ocr_line' id='line_1_54' title="bbox 235 1809 1021 1854; baseline -0.013 -9"><span class='ocrx_word' id='word_1_367' title='bbox 235 1817 354 1854; x_wconf 80' lang='lat' dir='ltr'><strong>perfecta</strong></span> <span class='ocrx_word' id='word_1_368' title='bbox 363 1823 422 1843; x_wconf 88' lang='lat' dir='ltr'><strong>esse</strong></span> <span class='ocrx_word' id='word_1_369' title='bbox 430 1815 580 1842; x_wconf 88' lang='lat' dir='ltr'><strong>creduntur</strong></span> <span class='ocrx_word' id='word_1_370' title='bbox 592 1822 599 1840; x_wconf 86' lang='lat'><strong>:</strong></span> <span class='ocrx_word' id='word_1_371' title='bbox 612 1812 745 1840; x_wconf 88' lang='lat' dir='ltr'><strong>describit</strong></span> <span class='ocrx_word' id='word_1_372' title='bbox 756 1811 830 1838; x_wconf 89' lang='lat' dir='ltr'><strong>enim</strong></span> <span class='ocrx_word' id='word_1_373' title='bbox 843 1809 1021 1845; x_wconf 88' lang='lat' dir='ltr'><strong>quodammo-</strong></span> 
     </span>
    </p>
   </div>
   <div class='ocr_carea' id='block_1_55' title="bbox 235 1855 1020 1894">
    <p class='ocr_par' dir='ltr' id='par_1_55' title="bbox 235 1855 1020 1894">
     <span class='ocr_line' id='line_1_55' title="bbox 235 1855 1020 1894; baseline -0.011 -4"><span class='ocrx_word' id='word_1_374' title='bbox 235 1863 271 1890; x_wconf 91' lang='lat' dir='ltr'><strong>do</strong></span> <span class='ocrx_word' id='word_1_375' title='bbox 283 1862 310 1889; x_wconf 92' lang='lat' dir='ltr'><strong>in</strong></span> <span class='ocrx_word' id='word_1_376' title='bbox 321 1861 401 1889; x_wconf 87' lang='lat' dir='ltr'><strong>nobis</strong></span> <span class='ocrx_word' id='word_1_377' title='bbox 411 1860 560 1887; x_wconf 76' lang='lat' dir='ltr'><strong>voluntatis</strong></span> <span class='ocrx_word' id='word_1_378' title='bbox 573 1866 628 1886; x_wconf 70' lang='lat' dir='ltr'><strong>suze</strong></span> <span class='ocrx_word' id='word_1_379' title='bbox 641 1857 826 1894; x_wconf 85' lang='lat' dir='ltr'><strong>cognitionem</strong></span> <span class='ocrx_word' id='word_1_380' title='bbox 839 1856 885 1883; x_wconf 91' lang='lat' dir='ltr'><strong>ille</strong></span> <span class='ocrx_word' id='word_1_381' title='bbox 897 1855 1020 1883; x_wconf 87' lang='lat' dir='ltr'><strong>omnium</strong></span> 
     </span>
    </p>
   </div>
   <div class='ocr_carea' id='block_1_56' title="bbox 233 1900 1021 1939">
    <p class='ocr_par' dir='ltr' id='par_1_56' title="bbox 233 1900 1021 1939">
     <span class='ocr_line' id='line_1_56' title="bbox 233 1900 1021 1939; baseline -0.011 -3"><span class='ocrx_word' id='word_1_382' title='bbox 233 1907 368 1938; x_wconf 83' lang='lat' dir='ltr'><strong>Dominus</strong></span> <span class='ocrx_word' id='word_1_383' title='bbox 383 1907 466 1938; x_wconf 89' lang='lat' dir='ltr'><strong>Deus,</strong></span> <span class='ocrx_word' id='word_1_384' title='bbox 485 1910 613 1939; x_wconf 88' lang='lat' dir='ltr'><strong>tanquam</strong></span> <span class='ocrx_word' id='word_1_385' title='bbox 626 1903 730 1932; x_wconf 90' lang='lat' dir='ltr'><strong>calamo</strong></span> <span class='ocrx_word' id='word_1_386' title='bbox 742 1907 823 1930; x_wconf 91' lang='lat' dir='ltr'><strong>utens</strong></span> <span class='ocrx_word' id='word_1_387' title='bbox 836 1909 886 1929; x_wconf 86' lang='lat' dir='ltr'><strong>suo</strong></span> <span class='ocrx_word' id='word_1_388' title='bbox 900 1900 969 1928; x_wconf 84' lang='lat' dir='ltr'><strong>Filio</strong></span> <span class='ocrx_word' id='word_1_389' title='bbox 993 1900 1021 1927; x_wconf 91' lang='lat' dir='ltr'><strong>in</strong></span> 
     </span>
    </p>
   </div>
   <div class='ocr_carea' id='block_1_57' title="bbox 235 1945 1022 1989">
    <p class='ocr_par' dir='ltr' id='par_1_57' title="bbox 235 1945 1022 1989">
     <span class='ocr_line' id='line_1_57' title="bbox 235 1945 1022 1989; baseline -0.009 -8"><span class='ocrx_word' id='word_1_390' title='bbox 235 1945 414 1989; x_wconf 33' lang='lat' dir='ltr'><strong>SpiritufSic</strong></span> <span class='ocrx_word' id='word_1_391' title='bbox 432 1951 506 1979; x_wconf 92' lang='lat' dir='ltr'><strong>enim</strong></span> <span class='ocrx_word' id='word_1_392' title='bbox 526 1951 617 1986; x_wconf 87' lang='lat' dir='ltr'><strong>ipsum</strong></span> <span class='ocrx_word' id='word_1_393' title='bbox 632 1949 780 1984; x_wconf 83' lang='lat' dir='ltr'><strong>appellavit</strong></span> <span class='ocrx_word' id='word_1_394' title='bbox 796 1956 845 1984; x_wconf 90' lang='lat' dir='ltr'><strong>per</strong></span> <span class='ocrx_word' id='word_1_395' title='bbox 873 1947 958 1975; x_wconf 73' lang='lat' dir='ltr'><strong>David</strong></span> <span class='ocrx_word' id='word_1_396' title='bbox 980 1947 1022 1975; x_wconf 84' lang='lat' dir='ltr'><strong>di-</strong></span> 
     </span>
    </p>
   </div>
   <div class='ocr_carea' id='block_1_58' title="bbox 235 1993 1020 2032">
    <p class='ocr_par' dir='ltr' id='par_1_58' title="bbox 235 1993 1020 2032">
     <span class='ocr_line' id='line_1_58' title="bbox 235 1993 1020 2032; baseline -0.008 -7"><span class='ocrx_word' id='word_1_397' title='bbox 235 2006 302 2026; x_wconf 89' lang='lat' dir='ltr'><strong>cens</strong></span> <span class='ocrx_word' id='word_1_398' title='bbox 314 2007 320 2024; x_wconf 92' lang='lat'>:</span> <span class='ocrx_word' id='word_1_399' title='bbox 342 2007 349 2023; x_wconf 80' lang='lat' dir='ltr'><strong>t</strong></span> <span class='ocrx_word' id='word_1_400' title='bbox 361 1997 466 2032; x_wconf 78' lang='lat' dir='ltr'><strong>Lingua</strong></span> <span class='ocrx_word' id='word_1_401' title='bbox 480 2003 540 2023; x_wconf 88' lang='lat' dir='ltr'><strong>mea</strong></span> <span class='ocrx_word' id='word_1_402' title='bbox 556 1995 678 2022; x_wconf 87' lang='lat' dir='ltr'><strong>calamus</strong></span> <span class='ocrx_word' id='word_1_403' title='bbox 691 1993 789 2021; x_wconf 73' lang='lat' dir='ltr'><strong>Scriba:</strong></span> <span class='ocrx_word' id='word_1_404' title='bbox 810 1993 941 2020; x_wconf 82' lang='lat' dir='ltr'><strong>velociter</strong></span> <span class='ocrx_word' id='word_1_405' title='bbox 950 1993 1020 2020; x_wconf 84' lang='lat' dir='ltr'><strong>scri-</strong></span> 
     </span>
    </p>
   </div>
   <div class='ocr_carea' id='block_1_59' title="bbox 236 2038 1021 2076">
    <p class='ocr_par' dir='ltr' id='par_1_59' title="bbox 236 2038 1021 2076">
     <span class='ocr_line' id='line_1_59' title="bbox 236 2038 1021 2076; baseline -0.009 -4"><span class='ocrx_word' id='word_1_406' title='bbox 236 2044 327 2072; x_wconf 83' lang='lat' dir='ltr'><strong>bentis</strong></span> <span class='ocrx_word' id='word_1_407' title='bbox 344 2044 377 2069; x_wconf 88' lang='grc'><strong>¹¹.</strong></span> <span class='ocrx_word' id='word_1_408' title='bbox 394 2053 402 2068; x_wconf 76' lang='grc' dir='ltr'><strong>ι</strong></span> <span class='ocrx_word' id='word_1_409' title='bbox 421 2041 565 2076; x_wconf 84' lang='lat' dir='ltr'><strong>inscripsit</strong></span> <span class='ocrx_word' id='word_1_410' title='bbox 588 2040 662 2068; x_wconf 88' lang='lat' dir='ltr'><strong>enim</strong></span> <span class='ocrx_word' id='word_1_411' title='bbox 694 2039 722 2066; x_wconf 90' lang='lat' dir='ltr'><strong>in</strong></span> <span class='ocrx_word' id='word_1_412' title='bbox 739 2038 864 2066; x_wconf 90' lang='lat' dir='ltr'><strong>omnium</strong></span> <span class='ocrx_word' id='word_1_413' title='bbox 889 2038 1021 2066; x_wconf 83' lang='lat' dir='ltr'><strong>cordibus</strong></span> 
     </span>
    </p>
   </div>
   <div class='ocr_carea' id='block_1_60' title="bbox 237 2084 1020 2119">
    <p class='ocr_par' dir='ltr' id='par_1_60' title="bbox 237 2084 1020 2119">
     <span class='ocr_line' id='line_1_60' title="bbox 237 2084 1020 2119; baseline -0.01 0"><span class='ocrx_word' id='word_1_414' title='bbox 237 2091 282 2119; x_wconf 90' lang='lat' dir='ltr'><strong>ille</strong></span> <span class='ocrx_word' id='word_1_415' title='bbox 296 2090 417 2118; x_wconf 86' lang='lat' dir='ltr'><strong>calamus</strong></span> <span class='ocrx_word' id='word_1_416' title='bbox 432 2089 531 2119; x_wconf 83' lang='lat' dir='ltr'><strong>Patris,</strong></span> <span class='ocrx_word' id='word_1_417' title='bbox 545 2087 572 2114; x_wconf 89' lang='lat' dir='ltr'><strong>id</strong></span> <span class='ocrx_word' id='word_1_418' title='bbox 585 2091 628 2114; x_wconf 88' lang='lat' dir='ltr'><strong>est</strong></span> <span class='ocrx_word' id='word_1_419' title='bbox 654 2086 749 2117; x_wconf 84' lang='lat' dir='ltr'><strong>Filius,</strong></span> <span class='ocrx_word' id='word_1_420' title='bbox 776 2085 866 2112; x_wconf 89' lang='lat' dir='ltr'><strong>omnis</strong></span> <span class='ocrx_word' id='word_1_421' title='bbox 880 2084 945 2112; x_wconf 88' lang='lat' dir='ltr'><strong>boni</strong></span> <span class='ocrx_word' id='word_1_422' title='bbox 973 2093 1020 2112; x_wconf 90' lang='lat' dir='ltr'><strong>co-</strong></span> 
     </span>
    </p>
   </div>
   <div class='ocr_carea' id='block_1_61' title="bbox 237 2130 1021 2172">
    <p class='ocr_par' dir='ltr' id='par_1_61' title="bbox 237 2130 1021 2172">
     <span class='ocr_line' id='line_1_61' title="bbox 237 2130 1021 2172; baseline -0.009 -8"><span class='ocrx_word' id='word_1_423' title='bbox 237 2137 397 2172; x_wconf 76' lang='lat' dir='ltr'><strong>gnitionem,</strong></span> <span class='ocrx_word' id='word_1_424' title='bbox 413 2134 490 2170; x_wconf 86' lang='lat' dir='ltr'><strong>quasi</strong></span> <span class='ocrx_word' id='word_1_425' title='bbox 505 2133 590 2168; x_wconf 84' lang='lat' dir='ltr'><strong>digito</strong></span> <span class='ocrx_word' id='word_1_426' title='bbox 601 2131 719 2166; x_wconf 89' lang='lat' dir='ltr'><strong>quodam</strong></span> <span class='ocrx_word' id='word_1_427' title='bbox 734 2131 793 2163; x_wconf 84' lang='lat' dir='ltr'><strong>Dei,</strong></span> <span class='ocrx_word' id='word_1_428' title='bbox 814 2130 917 2165; x_wconf 88' lang='lat' dir='ltr'><strong>Spiritu</strong></span> <span class='ocrx_word' id='word_1_429' title='bbox 932 2130 1021 2158; x_wconf 82' lang='lat' dir='ltr'><strong>Patris</strong></span> 
     </span>
    </p>
   </div>
   <div class='ocr_carea' id='block_1_62' title="bbox 236 2178 1019 2214">
    <p class='ocr_par' dir='ltr' id='par_1_62' title="bbox 236 2178 1019 2214">
     <span class='ocr_line' id='line_1_62' title="bbox 236 2178 1019 2214; baseline -0.006 -5"><span class='ocrx_word' id='word_1_430' title='bbox 236 2190 268 2209; x_wconf 82' lang='lat' dir='ltr'><strong>ac</strong></span> <span class='ocrx_word' id='word_1_431' title='bbox 281 2189 331 2209; x_wconf 89' lang='lat' dir='ltr'><strong>suo</strong></span> <span class='ocrx_word' id='word_1_432' title='bbox 346 2188 422 2208; x_wconf 89' lang='lat' dir='ltr'><strong>usus.</strong></span> <span class='ocrx_word' id='word_1_433' title='bbox 436 2179 556 2214; x_wconf 85' lang='lat' dir='ltr'><strong>Digitum</strong></span> <span class='ocrx_word' id='word_1_434' title='bbox 570 2185 687 2212; x_wconf 87' lang='lat' dir='ltr'><strong>namque</strong></span> <span class='ocrx_word' id='word_1_435' title='bbox 696 2178 802 2205; x_wconf 81' lang='lat' dir='ltr'><strong>vocavit</strong></span> <span class='ocrx_word' id='word_1_436' title='bbox 815 2178 948 2214; x_wconf 87' lang='lat' dir='ltr'><strong>Spiritum</strong></span> <span class='ocrx_word' id='word_1_437' title='bbox 960 2178 1019 2210; x_wconf 88' lang='lat' dir='ltr'><strong>Dei,</strong></span> 
     </span>
    </p>
   </div>
   <div class='ocr_carea' id='block_1_63' title="bbox 1071 941 1865 977">
    <p class='ocr_par' dir='ltr' id='par_1_63' title="bbox 1071 941 1865 977">
     <span class='ocr_line' id='line_1_63' title="bbox 1071 941 1865 977; baseline -0.006 -6"><span class='ocrx_word' id='word_1_438' title='bbox 1071 945 1160 972; x_wconf 77' lang='grc' dir='ltr'>ὁτιοῦν</span> <span class='ocrx_word' id='word_1_439' title='bbox 1175 943 1281 971; x_wconf 74' lang='grc' dir='ltr'>εὔκολοι</span> <span class='ocrx_word' id='word_1_440' title='bbox 1296 944 1350 970; x_wconf 85' lang='grc' dir='ltr'><strong>τῶν</strong></span> <span class='ocrx_word' id='word_1_441' title='bbox 1367 943 1471 977; x_wconf 80' lang='grc' dir='ltr'>παθῶν,</span> <span class='ocrx_word' id='word_1_442' title='bbox 1494 943 1582 970; x_wconf 80' lang='grc' dir='ltr'>ἁλοῖεν</span> <span class='ocrx_word' id='word_1_443' title='bbox 1597 942 1629 969; x_wconf 82' lang='grc' dir='ltr'>ἂν</span> <span class='ocrx_word' id='word_1_444' title='bbox 1641 943 1665 968; x_wconf 71' lang='lat' dir='ltr'><strong>ot</strong></span> <span class='ocrx_word' id='word_1_445' title='bbox 1681 942 1712 974; x_wconf 85' lang='grc' dir='ltr'><strong>ὲξ</strong></span> <span class='ocrx_word' id='word_1_446' title='bbox 1735 941 1865 976; x_wconf 81' lang='grc' dir='ltr'>Ἰσραήλ·</span> 
     </span>
    </p>
   </div>
   <div class='ocr_carea' id='block_1_64' title="bbox 1070 987 1867 1027">
    <p class='ocr_par' dir='ltr' id='par_1_64' title="bbox 1070 987 1867 1027">
     <span class='ocr_line' id='line_1_64' title="bbox 1070 987 1867 1027; baseline -0.005 -10"><span class='ocrx_word' id='word_1_447' title='bbox 1070 991 1109 1023; x_wconf 81' lang='grc' dir='ltr'><strong>ὡς</strong></span> <span class='ocrx_word' id='word_1_448' title='bbox 1125 990 1204 1027; x_wconf 77' lang='grc' dir='ltr'>εἴπερ</span> <span class='ocrx_word' id='word_1_449' title='bbox 1219 1000 1261 1023; x_wconf 85' lang='grc' dir='ltr'>τις</span> <span class='ocrx_word' id='word_1_450' title='bbox 1274 991 1303 1017; x_wconf 83' lang='grc' dir='ltr'>ὲν</span> <span class='ocrx_word' id='word_1_451' title='bbox 1316 991 1407 1022; x_wconf 75' lang='grc' dir='ltr'>αὐτοῖς</span> <span class='ocrx_word' id='word_1_452' title='bbox 1419 990 1536 1026; x_wconf 73' lang='grc' dir='ltr'>ἀκριϐὴς</span> <span class='ocrx_word' id='word_1_453' title='bbox 1551 988 1584 1025; x_wconf 82' lang='grc' dir='ltr'>ἦν</span> <span class='ocrx_word' id='word_1_454' title='bbox 1600 989 1716 1024; x_wconf 83' lang='grc' dir='ltr'>βάσανος</span> <span class='ocrx_word' id='word_1_455' title='bbox 1727 987 1801 1023; x_wconf 60' lang='grc' dir='ltr'>ἠθῶν</span> <span class='ocrx_word' id='word_1_456' title='bbox 1817 987 1867 1014; x_wconf 75' lang='grc' dir='ltr'>καὶ</span> 
     </span>
    </p>
   </div>
   <div class='ocr_carea' id='block_1_65' title="bbox 1071 1034 1868 1074">
    <p class='ocr_par' dir='ltr' id='par_1_65' title="bbox 1071 1034 1868 1074">
     <span class='ocr_line' id='line_1_65' title="bbox 1071 1034 1868 1074; baseline -0.005 -10"><span class='ocrx_word' id='word_1_457' title='bbox 1071 1038 1291 1074; x_wconf 76' lang='grc' dir='ltr'>ἐγχειρημάτων,</span> <span class='ocrx_word' id='word_1_458' title='bbox 1311 1037 1372 1064; x_wconf 76' lang='grc' dir='ltr'>οὐδὲ</span> <span class='ocrx_word' id='word_1_459' title='bbox 1399 1037 1432 1064; x_wconf 80' lang='grc' dir='ltr'>ἂν</span> <span class='ocrx_word' id='word_1_460' title='bbox 1454 1034 1532 1072; x_wconf 77' lang='grc' dir='ltr'>οἶμαι</span> <span class='ocrx_word' id='word_1_461' title='bbox 1550 1037 1628 1067; x_wconf 82' lang='grc' dir='ltr'>σκιᾶς</span> <span class='ocrx_word' id='word_1_462' title='bbox 1655 1035 1780 1071; x_wconf 81' lang='grc' dir='ltr'>ὴξίωντο.</span> <span class='ocrx_word' id='word_1_463' title='bbox 1810 1034 1868 1060; x_wconf 75' lang='grc' dir='ltr'><strong>Καὶ</strong></span> 
     </span>
    </p>
   </div>
   <div class='ocr_carea' id='block_1_66' title="bbox 1070 1080 1866 1120">
    <p class='ocr_par' dir='ltr' id='par_1_66' title="bbox 1070 1080 1866 1120">
     <span class='ocr_line' id='line_1_66' title="bbox 1070 1080 1866 1120; baseline -0.009 -8"><span class='ocrx_word' id='word_1_464' title='bbox 1070 1085 1150 1112; x_wconf 80' lang='grc' dir='ltr'>τοῦτο</span> <span class='ocrx_word' id='word_1_465' title='bbox 1171 1085 1288 1120; x_wconf 81' lang='grc' dir='ltr'>δέδειχεν</span> <span class='ocrx_word' id='word_1_466' title='bbox 1303 1085 1317 1110; x_wconf 82' lang='grc' dir='ltr'><strong>ὁ</strong></span> <span class='ocrx_word' id='word_1_467' title='bbox 1333 1084 1446 1119; x_wconf 81' lang='grc' dir='ltr'>Μωσῆς.</span> <span class='ocrx_word' id='word_1_468' title='bbox 1467 1082 1535 1110; x_wconf 72' lang='grc' dir='ltr'>Θεοῦ</span> <span class='ocrx_word' id='word_1_469' title='bbox 1557 1082 1611 1117; x_wconf 81' lang='grc' dir='ltr'>γὰρ</span> <span class='ocrx_word' id='word_1_470' title='bbox 1633 1080 1866 1117; x_wconf 80' lang='grc' dir='ltr'>προστάττοντος,</span> 
     </span>
    </p>
   </div>
   <div class='ocr_carea' id='block_1_67' title="bbox 1070 1126 1868 1166">
    <p class='ocr_par' dir='ltr' id='par_1_67' title="bbox 1070 1126 1868 1166">
     <span class='ocr_line' id='line_1_67' title="bbox 1070 1126 1868 1166; baseline -0.008 -9"><span class='ocrx_word' id='word_1_471' title='bbox 1070 1130 1183 1166; x_wconf 82' lang='grc' dir='ltr'>ἀνέθορε</span> <span class='ocrx_word' id='word_1_472' title='bbox 1200 1130 1249 1166; x_wconf 80' lang='grc' dir='ltr'>μὲν</span> <span class='ocrx_word' id='word_1_473' title='bbox 1265 1131 1304 1163; x_wconf 80' lang='grc' dir='ltr'><strong>είς</strong></span> <span class='ocrx_word' id='word_1_474' title='bbox 1318 1130 1348 1156; x_wconf 80' lang='grc' dir='ltr'><strong>τὸ</strong></span> <span class='ocrx_word' id='word_1_475' title='bbox 1362 1130 1424 1165; x_wconf 72' lang='grc' dir='ltr'>ὅρος</span> <span class='ocrx_word' id='word_1_476' title='bbox 1443 1128 1534 1160; x_wconf 72' lang='grc' dir='ltr'>αὐτὸς,</span> <span class='ocrx_word' id='word_1_477' title='bbox 1546 1128 1591 1154; x_wconf 75' lang='grc' dir='ltr'><strong>τὸν</strong></span> <span class='ocrx_word' id='word_1_478' title='bbox 1606 1128 1687 1162; x_wconf 79' lang='grc' dir='ltr'>νόμον</span> <span class='ocrx_word' id='word_1_479' title='bbox 1702 1126 1868 1161; x_wconf 67' lang='grc' dir='ltr'>ὑποδεξάμε-</span> 
     </span>
    </p>
   </div>
   <div class='ocr_carea' id='block_1_68' title="bbox 1071 1173 1865 1210">
    <p class='ocr_par' dir='ltr' id='par_1_68' title="bbox 1071 1173 1865 1210">
     <span class='ocr_line' id='line_1_68' title="bbox 1071 1173 1865 1210; baseline -0.005 -7"><span class='ocrx_word' id='word_1_480' title='bbox 1071 1185 1125 1208; x_wconf 84' lang='grc' dir='ltr'>νος.</span> <span class='ocrx_word' id='word_1_481' title='bbox 1147 1177 1179 1202; x_wconf 83' lang='lat' dir='ltr'><strong>Ol</strong></span> <span class='ocrx_word' id='word_1_482' title='bbox 1192 1176 1219 1202; x_wconf 78' lang='grc' dir='ltr'>δὲ</span> <span class='ocrx_word' id='word_1_483' title='bbox 1245 1176 1418 1210; x_wconf 72' lang='grc' dir='ltr'>παραχρῆμα</span> <span class='ocrx_word' id='word_1_484' title='bbox 1442 1173 1610 1200; x_wconf 77' lang='grc' dir='ltr'>κατώλισϐον</span> <span class='ocrx_word' id='word_1_485' title='bbox 1636 1174 1676 1204; x_wconf 84' lang='grc' dir='ltr'><strong>εἱς</strong></span> <span class='ocrx_word' id='word_1_486' title='bbox 1701 1173 1865 1199; x_wconf 69' lang='grc' dir='ltr'>ἀπόστασιν.</span> 
     </span>
    </p>
   </div>
   <div class='ocr_carea' id='block_1_69' title="bbox 1070 1218 1867 1256">
    <p class='ocr_par' dir='ltr' id='par_1_69' title="bbox 1070 1218 1867 1256">
     <span class='ocr_line' id='line_1_69' title="bbox 1070 1218 1867 1256; baseline -0.006 -8"><span class='ocrx_word' id='word_1_487' title='bbox 1070 1222 1334 1256; x_wconf 81' lang='grc' dir='ltr'>Μεμοσχοποιήκασι</span> <span class='ocrx_word' id='word_1_488' title='bbox 1348 1220 1412 1255; x_wconf 83' lang='grc' dir='ltr'>γὰρ,</span> <span class='ocrx_word' id='word_1_489' title='bbox 1428 1220 1511 1253; x_wconf 72' lang='grc' dir='ltr'>φάναι</span> <span class='ocrx_word' id='word_1_490' title='bbox 1523 1228 1552 1245; x_wconf 82' lang='grc' dir='ltr'>τε</span> <span class='ocrx_word' id='word_1_491' title='bbox 1564 1219 1589 1246; x_wconf 77' lang='grc' dir='ltr'>οι</span> <span class='ocrx_word' id='word_1_492' title='bbox 1602 1219 1715 1245; x_wconf 75' lang='grc' dir='ltr'>δείλαιοι</span> <span class='ocrx_word' id='word_1_493' title='bbox 1730 1218 1867 1253; x_wconf 66' lang='grc' dir='ltr'>τετολμήο</span> 
     </span>
    </p>
   </div>
   <div class='ocr_carea' id='block_1_70' title="bbox 1071 1265 1865 1302">
    <p class='ocr_par' dir='ltr' id='par_1_70' title="bbox 1071 1265 1865 1302">
     <span class='ocr_line' id='line_1_70' title="bbox 1071 1265 1865 1302; baseline -0.005 -8"><span class='ocrx_word' id='word_1_494' title='bbox 1071 1277 1151 1295; x_wconf 73' lang='grc' dir='ltr'>κασιν</span> <span class='ocrx_word' id='word_1_495' title='bbox 1163 1276 1170 1283; x_wconf 88' lang='grc'><strong>·</strong></span> <span class='ocrx_word' id='word_1_496' title='bbox 1190 1277 1199 1294; x_wconf 74' lang='grc' dir='ltr'><strong>ι</strong></span> <span class='ocrx_word' id='word_1_497' title='bbox 1221 1265 1299 1294; x_wconf 78' lang='grc' dir='ltr'>οὗτοι</span> <span class='ocrx_word' id='word_1_498' title='bbox 1316 1267 1340 1294; x_wconf 86' lang='grc' dir='ltr'><strong>οί</strong></span> <span class='ocrx_word' id='word_1_499' title='bbox 1364 1267 1419 1294; x_wconf 81' lang='grc' dir='ltr'>θεοί</span> <span class='ocrx_word' id='word_1_500' title='bbox 1437 1275 1495 1298; x_wconf 84' lang='grc' dir='ltr'>σου,</span> <span class='ocrx_word' id='word_1_501' title='bbox 1514 1266 1633 1302; x_wconf 80' lang='grc' dir='ltr'>Ἰσραὴλ,</span> <span class='ocrx_word' id='word_1_502' title='bbox 1650 1265 1748 1296; x_wconf 86' lang='grc' dir='ltr'>οἵτινες</span> <span class='ocrx_word' id='word_1_503' title='bbox 1763 1265 1865 1300; x_wconf 77' lang='grc' dir='ltr'>ἀνήγα-</span> 
     </span>
    </p>
   </div>
   <div class='ocr_carea' id='block_1_71' title="bbox 1070 1310 1867 1349">
    <p class='ocr_par' dir='ltr' id='par_1_71' title="bbox 1070 1310 1867 1349">
     <span class='ocr_line' id='line_1_71' title="bbox 1070 1310 1867 1349; baseline -0.006 -8"><span class='ocrx_word' id='word_1_504' title='bbox 1070 1315 1119 1349; x_wconf 77' lang='grc' dir='ltr'><strong>γόν</strong></span> <span class='ocrx_word' id='word_1_505' title='bbox 1136 1323 1165 1341; x_wconf 90' lang='grc' dir='ltr'><strong>σε</strong></span> <span class='ocrx_word' id='word_1_506' title='bbox 1185 1314 1217 1340; x_wconf 81' lang='grc' dir='ltr'>ὲκ</span> <span class='ocrx_word' id='word_1_507' title='bbox 1231 1314 1282 1348; x_wconf 81' lang='grc' dir='ltr'>γῆς</span> <span class='ocrx_word' id='word_1_508' title='bbox 1295 1313 1444 1347; x_wconf 79' lang='grc' dir='ltr'>Αίγύπτου.</span> <span class='ocrx_word' id='word_1_509' title='bbox 1460 1322 1470 1339; x_wconf 77' lang='grc' dir='ltr'><strong>ι</strong></span> <span class='ocrx_word' id='word_1_510' title='bbox 1497 1312 1559 1339; x_wconf 74' lang='grc' dir='ltr'><strong>Ἐπὶ</strong></span> <span class='ocrx_word' id='word_1_511' title='bbox 1577 1310 1625 1338; x_wconf 76' lang='grc' dir='ltr'>οὖν</span> <span class='ocrx_word' id='word_1_512' title='bbox 1642 1312 1702 1342; x_wconf 87' lang='grc' dir='ltr'>ταῖς</span> <span class='ocrx_word' id='word_1_513' title='bbox 1719 1310 1792 1337; x_wconf 73' lang='grc' dir='ltr'>οὕτω</span> <span class='ocrx_word' id='word_1_514' title='bbox 1813 1310 1867 1336; x_wconf 82' lang='grc' dir='ltr'>διι-</span> 
     </span>
    </p>
   </div>
   <div class='ocr_carea' id='block_1_72' title="bbox 1071 1358 1866 1395">
    <p class='ocr_par' dir='ltr' id='par_1_72' title="bbox 1071 1358 1866 1395">
     <span class='ocr_line' id='line_1_72' title="bbox 1071 1358 1866 1395; baseline -0.006 -8"><span class='ocrx_word' id='word_1_515' title='bbox 1071 1360 1130 1392; x_wconf 85' lang='grc' dir='ltr'>ναῖς</span> <span class='ocrx_word' id='word_1_516' title='bbox 1143 1360 1286 1395; x_wconf 78' lang='grc' dir='ltr'>ὲλαφρίαις</span> <span class='ocrx_word' id='word_1_517' title='bbox 1300 1359 1443 1395; x_wconf 77' lang='grc' dir='ltr'>ἐδυσφόρει</span> <span class='ocrx_word' id='word_1_518' title='bbox 1462 1359 1512 1394; x_wconf 82' lang='grc' dir='ltr'>μὲν</span> <span class='ocrx_word' id='word_1_519' title='bbox 1529 1359 1543 1385; x_wconf 83' lang='grc' dir='ltr'>ὁ</span> <span class='ocrx_word' id='word_1_520' title='bbox 1556 1359 1669 1393; x_wconf 76' lang='grc' dir='ltr'>Μωσῆς,</span> <span class='ocrx_word' id='word_1_521' title='bbox 1685 1358 1866 1392; x_wconf 74' lang='grc' dir='ltr'>κατερῤήγνυ</span> 
     </span>
    </p>
   </div>
   <div class='ocr_carea' id='block_1_73' title="bbox 1070 1402 1867 1441">
    <p class='ocr_par' dir='ltr' id='par_1_73' title="bbox 1070 1402 1867 1441">
     <span class='ocr_line' id='line_1_73' title="bbox 1070 1402 1867 1441; baseline -0.008 -7"><span class='ocrx_word' id='word_1_522' title='bbox 1070 1407 1098 1434; x_wconf 83' lang='grc' dir='ltr'>δὲ</span> <span class='ocrx_word' id='word_1_523' title='bbox 1112 1407 1162 1438; x_wconf 74' lang='grc' dir='ltr'><strong>τὰς</strong></span> <span class='ocrx_word' id='word_1_524' title='bbox 1177 1406 1293 1438; x_wconf 80' lang='grc' dir='ltr'>πλάκας,</span> <span class='ocrx_word' id='word_1_525' title='bbox 1318 1407 1347 1433; x_wconf 80' lang='grc' dir='ltr'>ὲν</span> <span class='ocrx_word' id='word_1_526' title='bbox 1362 1403 1406 1437; x_wconf 71' lang='grc' dir='ltr'><strong>αἷς</strong></span> <span class='ocrx_word' id='word_1_527' title='bbox 1422 1402 1456 1441; x_wconf 82' lang='grc' dir='ltr'>ἦν</span> <span class='ocrx_word' id='word_1_528' title='bbox 1472 1406 1486 1431; x_wconf 85' lang='grc' dir='ltr'>ὁ</span> <span class='ocrx_word' id='word_1_529' title='bbox 1503 1404 1595 1439; x_wconf 83' lang='grc' dir='ltr'>νόμος,</span> <span class='ocrx_word' id='word_1_530' title='bbox 1614 1403 1674 1430; x_wconf 74' lang='grc' dir='ltr'>οὐδὲ</span> <span class='ocrx_word' id='word_1_531' title='bbox 1691 1404 1771 1434; x_wconf 76' lang='grc' dir='ltr'>σκιᾶς</span> <span class='ocrx_word' id='word_1_532' title='bbox 1784 1403 1801 1438; x_wconf 74' lang='grc' dir='ltr'>ἦ</span> <span class='ocrx_word' id='word_1_533' title='bbox 1818 1402 1867 1428; x_wconf 43' lang='lat' dir='ltr'><strong>tib</strong></span> 
     </span>
    </p>
   </div>
   <div class='ocr_carea' id='block_1_74' title="bbox 1071 1447 1866 1486">
    <p class='ocr_par' dir='ltr' id='par_1_74' title="bbox 1071 1447 1866 1486">
     <span class='ocr_line' id='line_1_74' title="bbox 1071 1447 1866 1486; baseline -0.006 -9"><span class='ocrx_word' id='word_1_534' title='bbox 1071 1459 1141 1483; x_wconf 89' lang='grc' dir='ltr'>πων,</span> <span class='ocrx_word' id='word_1_535' title='bbox 1154 1450 1170 1486; x_wconf 88' lang='grc' dir='ltr'><strong>ῆ</strong></span> <span class='ocrx_word' id='word_1_536' title='bbox 1185 1450 1236 1476; x_wconf 73' lang='grc' dir='ltr'>κᾶν</span> <span class='ocrx_word' id='word_1_537' title='bbox 1247 1449 1312 1484; x_wconf 86' lang='grc' dir='ltr'>γοῦν</span> <span class='ocrx_word' id='word_1_538' title='bbox 1321 1450 1389 1481; x_wconf 83' lang='grc' dir='ltr'>ὅλως</span> <span class='ocrx_word' id='word_1_539' title='bbox 1399 1449 1588 1483; x_wconf 69' lang='grc' dir='ltr'>παιδαγωγίας</span> <span class='ocrx_word' id='word_1_540' title='bbox 1595 1448 1645 1483; x_wconf 82' lang='grc' dir='ltr'><strong>τῆς</strong></span> <span class='ocrx_word' id='word_1_541' title='bbox 1657 1447 1760 1474; x_wconf 81' lang='grc' dir='ltr'>ἀνωθεν</span> <span class='ocrx_word' id='word_1_542' title='bbox 1771 1447 1866 1479; x_wconf 76' lang='grc' dir='ltr'>ἀξίους</span> 
     </span>
    </p>
   </div>
   <div class='ocr_carea' id='block_1_75' title="bbox 1072 1490 1866 1530">
    <p class='ocr_par' dir='ltr' id='par_1_75' title="bbox 1072 1490 1866 1530">
     <span class='ocr_line' id='line_1_75' title="bbox 1072 1490 1866 1530; baseline -0.005 -8"><span class='ocrx_word' id='word_1_543' title='bbox 1072 1494 1140 1522; x_wconf 73' lang='grc' dir='ltr'>εἶναι</span> <span class='ocrx_word' id='word_1_544' title='bbox 1155 1495 1268 1530; x_wconf 83' lang='grc' dir='ltr'>νομίσας</span> <span class='ocrx_word' id='word_1_545' title='bbox 1285 1495 1348 1526; x_wconf 78' lang='grc' dir='ltr'>τοὺς</span> <span class='ocrx_word' id='word_1_546' title='bbox 1361 1491 1402 1526; x_wconf 74' lang='grc' dir='ltr'>οἷς</span> <span class='ocrx_word' id='word_1_547' title='bbox 1426 1503 1458 1529; x_wconf 88' lang='grc' dir='ltr'><strong>γε</strong></span> <span class='ocrx_word' id='word_1_548' title='bbox 1472 1493 1599 1520; x_wconf 82' lang='grc' dir='ltr'>τοσοῦτον</span> <span class='ocrx_word' id='word_1_549' title='bbox 1613 1493 1789 1528; x_wconf 77' lang='grc' dir='ltr'>ἀπόπληκτος</span> <span class='ocrx_word' id='word_1_550' title='bbox 1803 1490 1838 1527; x_wconf 77' lang='grc' dir='ltr'>ἦν</span> <span class='ocrx_word' id='word_1_551' title='bbox 1853 1493 1866 1518; x_wconf 74' lang='grc' dir='ltr'>ὁ</span> 
     </span>
    </p>
   </div>
   <div class='ocr_carea' id='block_1_76' title="bbox 1072 1538 1867 1576">
    <p class='ocr_par' dir='ltr' id='par_1_76' title="bbox 1072 1538 1867 1576">
     <span class='ocr_line' id='line_1_76' title="bbox 1072 1538 1867 1576; baseline -0.005 -8"><span class='ocrx_word' id='word_1_552' title='bbox 1072 1541 1145 1574; x_wconf 85' lang='grc' dir='ltr'>νοῦς,</span> <span class='ocrx_word' id='word_1_553' title='bbox 1162 1541 1200 1572; x_wconf 83' lang='grc' dir='ltr'>ὡς</span> <span class='ocrx_word' id='word_1_554' title='bbox 1214 1540 1406 1576; x_wconf 79' lang='grc' dir='ltr'>ἀμνημονῆσαι</span> <span class='ocrx_word' id='word_1_555' title='bbox 1431 1540 1480 1575; x_wconf 81' lang='grc' dir='ltr'>μὲν</span> <span class='ocrx_word' id='word_1_556' title='bbox 1497 1540 1551 1566; x_wconf 87' lang='grc' dir='ltr'><strong>τῶν</strong></span> <span class='ocrx_word' id='word_1_557' title='bbox 1571 1539 1642 1566; x_wconf 71' lang='grc' dir='ltr'>οὕτω</span> <span class='ocrx_word' id='word_1_558' title='bbox 1667 1538 1867 1573; x_wconf 76' lang='grc' dir='ltr'>τεθαυμασμέ-</span> 
     </span>
    </p>
   </div>
   <div class='ocr_carea' id='block_1_77' title="bbox 1073 1584 1866 1622">
    <p class='ocr_par' dir='ltr' id='par_1_77' title="bbox 1073 1584 1866 1622">
     <span class='ocr_line' id='line_1_77' title="bbox 1073 1584 1866 1622; baseline -0.005 -8"><span class='ocrx_word' id='word_1_559' title='bbox 1073 1597 1136 1620; x_wconf 88' lang='grc' dir='ltr'>νων,</span> <span class='ocrx_word' id='word_1_560' title='bbox 1153 1586 1170 1614; x_wconf 60' lang='lat' dir='ltr'><strong>ﬁ</strong></span> <span class='ocrx_word' id='word_1_561' title='bbox 1180 1587 1224 1614; x_wconf 81' lang='grc' dir='ltr'><strong>διὰ</strong></span> <span class='ocrx_word' id='word_1_562' title='bbox 1236 1587 1284 1622; x_wconf 80' lang='grc' dir='ltr'><strong>τῆς</strong></span> <span class='ocrx_word' id='word_1_563' title='bbox 1297 1586 1371 1618; x_wconf 78' lang='grc' dir='ltr'>Θείας</span> <span class='ocrx_word' id='word_1_564' title='bbox 1382 1586 1472 1621; x_wconf 84' lang='grc' dir='ltr'>ίσχύος</span> <span class='ocrx_word' id='word_1_565' title='bbox 1489 1585 1559 1621; x_wconf 75' lang='grc' dir='ltr'>ὑπὲρ</span> <span class='ocrx_word' id='word_1_566' title='bbox 1571 1584 1660 1611; x_wconf 76' lang='grc' dir='ltr'>αὐτῶν</span> <span class='ocrx_word' id='word_1_567' title='bbox 1671 1584 1866 1620; x_wconf 74' lang='grc' dir='ltr'>ἐξεπράττετο,</span> 
     </span>
    </p>
   </div>
   <div class='ocr_carea' id='block_1_78' title="bbox 1075 1629 1867 1674">
    <p class='ocr_par' dir='ltr' id='par_1_78' title="bbox 1075 1629 1867 1674">
     <span class='ocr_line' id='line_1_78' title="bbox 1075 1629 1867 1674; baseline -0.008 -14"><span class='ocrx_word' id='word_1_568' title='bbox 1075 1635 1171 1674; x_wconf 76' lang='grc' dir='ltr'>μόσχῳ</span> <span class='ocrx_word' id='word_1_569' title='bbox 1199 1633 1228 1660; x_wconf 79' lang='grc' dir='ltr'>δὲ</span> <span class='ocrx_word' id='word_1_570' title='bbox 1249 1633 1280 1659; x_wconf 81' lang='grc' dir='ltr'><strong>τὸ</strong></span> <span class='ocrx_word' id='word_1_571' title='bbox 1313 1633 1395 1664; x_wconf 76' lang='grc' dir='ltr'>σέϐας</span> <span class='ocrx_word' id='word_1_572' title='bbox 1417 1631 1555 1658; x_wconf 78' lang='grc' dir='ltr'>ἀναθεῖναι</span> <span class='ocrx_word' id='word_1_573' title='bbox 1579 1630 1669 1664; x_wconf 85' lang='grc' dir='ltr'>πάλιν,</span> <span class='ocrx_word' id='word_1_574' title='bbox 1689 1630 1737 1657; x_wconf 73' lang='grc' dir='ltr'>καὶ</span> <span class='ocrx_word' id='word_1_575' title='bbox 1757 1629 1809 1665; x_wconf 78' lang='grc' dir='ltr'><strong>τῆς</strong></span> <span class='ocrx_word' id='word_1_576' title='bbox 1838 1631 1867 1655; x_wconf 78' lang='grc' dir='ltr'>ἐν</span> 
     </span>
    </p>
   </div>
   <div class='ocr_carea' id='block_1_79' title="bbox 1072 1676 1867 1714">
    <p class='ocr_par' dir='ltr' id='par_1_79' title="bbox 1072 1676 1867 1714">
     <span class='ocr_line' id='line_1_79' title="bbox 1072 1676 1867 1714; baseline -0.006 -8"><span class='ocrx_word' id='word_1_577' title='bbox 1072 1680 1202 1714; x_wconf 73' lang='grc' dir='ltr'>Αἰγύπτῳ</span> <span class='ocrx_word' id='word_1_578' title='bbox 1228 1679 1356 1714; x_wconf 75' lang='grc' dir='ltr'>λατρείας</span> <span class='ocrx_word' id='word_1_579' title='bbox 1375 1677 1462 1705; x_wconf 77' lang='grc' dir='ltr'>ιλθεῖν</span> <span class='ocrx_word' id='word_1_580' title='bbox 1490 1679 1518 1709; x_wconf 89' lang='grc' dir='ltr'>ὲς</span> <span class='ocrx_word' id='word_1_581' title='bbox 1543 1678 1707 1712; x_wconf 81' lang='grc' dir='ltr'>ἀνάμνησιν.</span> <span class='ocrx_word' id='word_1_582' title='bbox 1739 1676 1811 1702; x_wconf 72' lang='grc' dir='ltr'>Ἀλλ’</span> <span class='ocrx_word' id='word_1_583' title='bbox 1838 1677 1867 1702; x_wconf 83' lang='grc' dir='ltr'>ἐν</span> 
     </span>
    </p>
   </div>
   <div class='ocr_carea' id='block_1_80' title="bbox 1074 1723 1867 1759">
    <p class='ocr_par' dir='ltr' id='par_1_80' title="bbox 1074 1723 1867 1759">
     <span class='ocr_line' id='line_1_80' title="bbox 1074 1723 1867 1759; baseline -0.004 -8"><span class='ocrx_word' id='word_1_584' title='bbox 1074 1725 1155 1757; x_wconf 74' lang='grc' dir='ltr'>πλαξὶ</span> <span class='ocrx_word' id='word_1_585' title='bbox 1170 1725 1219 1759; x_wconf 80' lang='grc' dir='ltr'>μὲν</span> <span class='ocrx_word' id='word_1_586' title='bbox 1232 1724 1348 1756; x_wconf 86' lang='grc' dir='ltr'>λιθίναις</span> <span class='ocrx_word' id='word_1_587' title='bbox 1359 1725 1568 1759; x_wconf 76' lang='grc' dir='ltr'>ὲσκιογραίρεῖτο</span> <span class='ocrx_word' id='word_1_588' title='bbox 1579 1724 1638 1750; x_wconf 81' lang='grc' dir='ltr'>τότε</span> <span class='ocrx_word' id='word_1_589' title='bbox 1653 1725 1709 1755; x_wconf 81' lang='grc' dir='ltr'>τοῖς</span> <span class='ocrx_word' id='word_1_590' title='bbox 1720 1723 1867 1758; x_wconf 83' lang='grc' dir='ltr'>ἀρχαιοτέ-</span> 
     </span>
    </p>
   </div>
   <div class='ocr_carea' id='block_1_81' title="bbox 1074 1769 1867 1806">
    <p class='ocr_par' dir='ltr' id='par_1_81' title="bbox 1074 1769 1867 1806">
     <span class='ocr_line' id='line_1_81' title="bbox 1074 1769 1867 1806; baseline -0.004 -9"><span class='ocrx_word' id='word_1_591' title='bbox 1074 1779 1131 1806; x_wconf 83' lang='grc' dir='ltr'>ροις</span> <span class='ocrx_word' id='word_1_592' title='bbox 1147 1771 1161 1796; x_wconf 83' lang='grc' dir='ltr'><strong>ὁ</strong></span> <span class='ocrx_word' id='word_1_593' title='bbox 1174 1771 1256 1806; x_wconf 84' lang='grc' dir='ltr'>νόμος</span> <span class='ocrx_word' id='word_1_594' title='bbox 1271 1771 1300 1797; x_wconf 81' lang='grc' dir='ltr'>ὲν</span> <span class='ocrx_word' id='word_1_595' title='bbox 1313 1770 1436 1805; x_wconf 84' lang='grc' dir='ltr'>δακτύλῳ</span> <span class='ocrx_word' id='word_1_596' title='bbox 1452 1770 1531 1802; x_wconf 75' lang='grc' dir='ltr'>Θεοῦ,</span> <span class='ocrx_word' id='word_1_597' title='bbox 1546 1770 1618 1796; x_wconf 74' lang='grc' dir='ltr'>καθὰ</span> <span class='ocrx_word' id='word_1_598' title='bbox 1630 1769 1798 1804; x_wconf 82' lang='grc' dir='ltr'>γέγραπται,</span> <span class='ocrx_word' id='word_1_599' title='bbox 1814 1769 1867 1794; x_wconf 76' lang='grc' dir='ltr'><strong>Τύ-</strong></span> 
     </span>
    </p>
   </div>
   <div class='ocr_carea' id='block_1_82' title="bbox 1073 1814 1868 1852">
    <p class='ocr_par' dir='ltr' id='par_1_82' title="bbox 1073 1814 1868 1852">
     <span class='ocr_line' id='line_1_82' title="bbox 1073 1814 1868 1852; baseline -0.003 -10"><span class='ocrx_word' id='word_1_600' title='bbox 1073 1826 1123 1848; x_wconf 83' lang='grc' dir='ltr'><strong>πος</strong></span> <span class='ocrx_word' id='word_1_601' title='bbox 1135 1817 1163 1843; x_wconf 81' lang='grc' dir='ltr'>δὲ</span> <span class='ocrx_word' id='word_1_602' title='bbox 1180 1814 1214 1852; x_wconf 82' lang='grc' dir='ltr'>ἧν</span> <span class='ocrx_word' id='word_1_603' title='bbox 1229 1818 1320 1844; x_wconf 79' lang='grc' dir='ltr'>ἐκεῖνα.</span> <span class='ocrx_word' id='word_1_604' title='bbox 1336 1816 1390 1843; x_wconf 80' lang='grc' dir='ltr'><strong>τῶν</strong></span> <span class='ocrx_word' id='word_1_605' title='bbox 1405 1816 1465 1843; x_wconf 82' lang='grc' dir='ltr'>καθ’</span> <span class='ocrx_word' id='word_1_606' title='bbox 1483 1817 1558 1851; x_wconf 76' lang='grc' dir='ltr'>ἡμᾶς</span> <span class='ocrx_word' id='word_1_607' title='bbox 1568 1817 1597 1842; x_wconf 81' lang='grc' dir='ltr'>ἑν</span> <span class='ocrx_word' id='word_1_608' title='bbox 1612 1815 1723 1851; x_wconf 77' lang='grc' dir='ltr'>Χριστῷ</span> <span class='ocrx_word' id='word_1_609' title='bbox 1739 1814 1868 1849; x_wconf 79' lang='grc' dir='ltr'>γενέσθαι</span> 
     </span>
    </p>
   </div>
   <div class='ocr_carea' id='block_1_83' title="bbox 1073 1861 1866 1901">
    <p class='ocr_par' dir='ltr' id='par_1_83' title="bbox 1073 1861 1866 1901">
     <span class='ocr_line' id='line_1_83' title="bbox 1073 1861 1866 1901; baseline -0.004 -12"><span class='ocrx_word' id='word_1_610' title='bbox 1073 1862 1308 1898; x_wconf 70' lang='grc' dir='ltr'>πεπιστευμένων.</span> <span class='ocrx_word' id='word_1_611' title='bbox 1323 1862 1503 1898; x_wconf 63' lang='grc' dir='ltr'>Καταγράφει</span> <span class='ocrx_word' id='word_1_612' title='bbox 1518 1862 1572 1897; x_wconf 86' lang='grc' dir='ltr'>γὰρ</span> <span class='ocrx_word' id='word_1_613' title='bbox 1586 1862 1679 1896; x_wconf 74' lang='grc' dir='ltr'>ὥσπερ</span> <span class='ocrx_word' id='word_1_614' title='bbox 1693 1861 1722 1901; x_wconf 59' lang='grc' dir='ltr'>ξν</span> <span class='ocrx_word' id='word_1_615' title='bbox 1734 1862 1801 1896; x_wconf 76' lang='grc' dir='ltr'>ἡμῖν</span> <span class='ocrx_word' id='word_1_616' title='bbox 1815 1861 1866 1895; x_wconf 74' lang='grc' dir='ltr'>τῆς</span> 
     </span>
    </p>
   </div>
   <div class='ocr_carea' id='block_1_84' title="bbox 1073 1907 1865 1944">
    <p class='ocr_par' dir='ltr' id='par_1_84' title="bbox 1073 1907 1865 1944">
     <span class='ocr_line' id='line_1_84' title="bbox 1073 1907 1865 1944; baseline -0.004 -9"><span class='ocrx_word' id='word_1_617' title='bbox 1073 1908 1170 1936; x_wconf 73' lang='grc' dir='ltr'>ἑαυτοῦ</span> <span class='ocrx_word' id='word_1_618' title='bbox 1185 1909 1283 1944; x_wconf 79' lang='grc' dir='ltr'>βουλῆς</span> <span class='ocrx_word' id='word_1_619' title='bbox 1293 1908 1343 1943; x_wconf 82' lang='grc' dir='ltr'><strong>τὴν</strong></span> <span class='ocrx_word' id='word_1_620' title='bbox 1360 1908 1462 1943; x_wconf 75' lang='grc' dir='ltr'>εἴδησιν</span> <span class='ocrx_word' id='word_1_621' title='bbox 1477 1910 1490 1934; x_wconf 83' lang='grc' dir='ltr'><strong>ὁ</strong></span> <span class='ocrx_word' id='word_1_622' title='bbox 1504 1908 1612 1934; x_wconf 85' lang='grc' dir='ltr'>πάντων</span> <span class='ocrx_word' id='word_1_623' title='bbox 1631 1908 1771 1942; x_wconf 78' lang='grc' dir='ltr'>Δεσπότης</span> <span class='ocrx_word' id='word_1_624' title='bbox 1787 1907 1865 1938; x_wconf 72' lang='grc' dir='ltr'>Θεὸς,</span> 
     </span>
    </p>
   </div>
   <div class='ocr_carea' id='block_1_85' title="bbox 1073 1943 1867 1990">
    <p class='ocr_par' dir='ltr' id='par_1_85' title="bbox 1073 1943 1867 1990">
     <span class='ocr_line' id='line_1_85' title="bbox 1073 1943 1867 1990; baseline -0.005 -8"><span class='ocrx_word' id='word_1_625' title='bbox 1073 1955 1153 1982; x_wconf 73' lang='grc' dir='ltr'>οἱονεὶ</span> <span class='ocrx_word' id='word_1_626' title='bbox 1166 1943 1281 1990; x_wconf 44' lang='grc' dir='ltr'>καλάμη)</span> <span class='ocrx_word' id='word_1_627' title='bbox 1296 1954 1436 1990; x_wconf 85' lang='grc' dir='ltr'>χρώμενος</span> <span class='ocrx_word' id='word_1_628' title='bbox 1448 1953 1486 1989; x_wconf 80' lang='grc' dir='ltr'><strong>τῷ</strong></span> <span class='ocrx_word' id='word_1_629' title='bbox 1502 1943 1558 1988; x_wconf 78' lang='grc' dir='ltr'><strong>Υίῷ</strong></span> <span class='ocrx_word' id='word_1_630' title='bbox 1573 1954 1601 1980; x_wconf 78' lang='grc' dir='ltr'>ἐν</span> <span class='ocrx_word' id='word_1_631' title='bbox 1619 1953 1769 1988; x_wconf 82' lang='grc' dir='ltr'>Πνεύματι.</span> <span class='ocrx_word' id='word_1_632' title='bbox 1794 1953 1867 1979; x_wconf 68' lang='grc' dir='ltr'>Ὧνό-</span> 
     </span>
    </p>
   </div>
   <div class='ocr_carea' id='block_1_86' title="bbox 1075 1999 1866 2037">
    <p class='ocr_par' dir='ltr' id='par_1_86' title="bbox 1075 1999 1866 2037">
     <span class='ocr_line' id='line_1_86' title="bbox 1075 1999 1866 2037; baseline -0.004 -9"><span class='ocrx_word' id='word_1_633' title='bbox 1075 2001 1144 2037; x_wconf 76' lang='grc' dir='ltr'>μαζε</span> <span class='ocrx_word' id='word_1_634' title='bbox 1172 2001 1227 2036; x_wconf 83' lang='grc' dir='ltr'><strong>γὰρ</strong></span> <span class='ocrx_word' id='word_1_635' title='bbox 1253 2000 1339 2032; x_wconf 74' lang='grc' dir='ltr'>οὕτως</span> <span class='ocrx_word' id='word_1_636' title='bbox 1359 2000 1439 2027; x_wconf 59' lang='grc' dir='ltr'>αὑτὸν</span> <span class='ocrx_word' id='word_1_637' title='bbox 1463 1999 1506 2026; x_wconf 75' lang='grc' dir='ltr'>διὰ</span> <span class='ocrx_word' id='word_1_638' title='bbox 1532 2000 1624 2031; x_wconf 74' lang='grc' dir='ltr'>Δαϐίδ,</span> <span class='ocrx_word' id='word_1_639' title='bbox 1652 1999 1753 2033; x_wconf 78' lang='grc' dir='ltr'>λέγων·</span> <span class='ocrx_word' id='word_1_640' title='bbox 1787 2008 1796 2025; x_wconf 72' lang='grc' dir='ltr'><strong>ι</strong></span> <span class='ocrx_word' id='word_1_641' title='bbox 1835 1999 1866 2025; x_wconf 84' lang='lat' dir='ltr'><strong>&#39;H</strong></span> 
     </span>
    </p>
   </div>
   <div class='ocr_carea' id='block_1_87' title="bbox 1073 2043 1864 2081">
    <p class='ocr_par' dir='ltr' id='par_1_87' title="bbox 1073 2043 1864 2081">
     <span class='ocr_line' id='line_1_87' title="bbox 1073 2043 1864 2081; baseline -0.004 -9"><span class='ocrx_word' id='word_1_642' title='bbox 1073 2046 1184 2081; x_wconf 82' lang='grc' dir='ltr'>γλῶσσά</span> <span class='ocrx_word' id='word_1_643' title='bbox 1205 2055 1256 2081; x_wconf 86' lang='grc' dir='ltr'><strong>μου</strong></span> <span class='ocrx_word' id='word_1_644' title='bbox 1291 2045 1413 2080; x_wconf 83' lang='grc' dir='ltr'>κάλαμος</span> <span class='ocrx_word' id='word_1_645' title='bbox 1439 2044 1625 2080; x_wconf 80' lang='grc' dir='ltr'>γραμματέως</span> <span class='ocrx_word' id='word_1_646' title='bbox 1653 2043 1822 2080; x_wconf 70' lang='grc' dir='ltr'>ὀξυγράφου.</span> <span class='ocrx_word' id='word_1_647' title='bbox 1855 2053 1864 2069; x_wconf 79' lang='grc'>›</span> 
     </span>
    </p>
   </div>
   <div class='ocr_carea' id='block_1_88' title="bbox 1079 2088 1867 2126">
    <p class='ocr_par' dir='ltr' id='par_1_88' title="bbox 1079 2088 1867 2126">
     <span class='ocr_line' id='line_1_88' title="bbox 1079 2088 1867 2126; baseline -0.005 -9"><span class='ocrx_word' id='word_1_648' title='bbox 1079 2090 1240 2126; x_wconf 82' lang='grc' dir='ltr'>Ἐνεχάραξε</span> <span class='ocrx_word' id='word_1_649' title='bbox 1255 2090 1307 2125; x_wconf 84' lang='grc' dir='ltr'><strong>γὰρ</strong></span> <span class='ocrx_word' id='word_1_650' title='bbox 1323 2091 1383 2121; x_wconf 78' lang='grc' dir='ltr'>ταῖς</span> <span class='ocrx_word' id='word_1_651' title='bbox 1394 2089 1520 2115; x_wconf 82' lang='grc' dir='ltr'>ἁπάντων</span> <span class='ocrx_word' id='word_1_652' title='bbox 1534 2088 1657 2124; x_wconf 79' lang='grc' dir='ltr'>καρδίαις</span> <span class='ocrx_word' id='word_1_653' title='bbox 1668 2089 1681 2114; x_wconf 85' lang='grc' dir='ltr'><strong><em>ὁ</em></strong></span> <span class='ocrx_word' id='word_1_654' title='bbox 1694 2088 1740 2114; x_wconf 76' lang='grc' dir='ltr'>τοῦ</span> <span class='ocrx_word' id='word_1_655' title='bbox 1757 2088 1867 2123; x_wconf 62' lang='lat' dir='ltr'><strong>Harpe;</strong></span> 
     </span>
    </p>
   </div>
   <div class='ocr_carea' id='block_1_89' title="bbox 1073 2134 1868 2172">
    <p class='ocr_par' dir='ltr' id='par_1_89' title="bbox 1073 2134 1868 2172">
     <span class='ocr_line' id='line_1_89' title="bbox 1073 2134 1868 2172; baseline -0.005 -8"><span class='ocrx_word' id='word_1_656' title='bbox 1073 2138 1206 2172; x_wconf 79' lang='grc' dir='ltr'>κάλαμος,</span> <span class='ocrx_word' id='word_1_657' title='bbox 1224 2136 1297 2163; x_wconf 76' lang='grc' dir='ltr'>τοῦτ’</span> <span class='ocrx_word' id='word_1_658' title='bbox 1322 2136 1405 2167; x_wconf 75' lang='grc' dir='ltr'>ἔστιν,</span> <span class='ocrx_word' id='word_1_659' title='bbox 1428 2136 1443 2162; x_wconf 85' lang='grc' dir='ltr'>ὁ</span> <span class='ocrx_word' id='word_1_660' title='bbox 1465 2135 1540 2168; x_wconf 77' lang='grc' dir='ltr'>Υἱὸς,</span> <span class='ocrx_word' id='word_1_661' title='bbox 1559 2135 1607 2170; x_wconf 82' lang='grc' dir='ltr'><strong>τὴν</strong></span> <span class='ocrx_word' id='word_1_662' title='bbox 1636 2134 1736 2166; x_wconf 76' lang='grc' dir='ltr'>παντὸς</span> <span class='ocrx_word' id='word_1_663' title='bbox 1761 2134 1868 2170; x_wconf 79' lang='grc' dir='ltr'>εἴδησιν</span> 
     </span>
    </p>
   </div>
   <div class='ocr_carea' id='block_1_90' title="bbox 1073 2179 1866 2216">
    <p class='ocr_par' dir='ltr' id='par_1_90' title="bbox 1073 2179 1866 2216">
     <span class='ocr_line' id='line_1_90' title="bbox 1073 2179 1866 2216; baseline -0.005 -8"><span class='ocrx_word' id='word_1_664' title='bbox 1073 2181 1187 2216; x_wconf 80' lang='grc' dir='ltr'>ἀγαθοῦ,</span> <span class='ocrx_word' id='word_1_665' title='bbox 1205 2181 1286 2207; x_wconf 75' lang='grc' dir='ltr'>οἱονεί</span> <span class='ocrx_word' id='word_1_666' title='bbox 1302 2189 1353 2207; x_wconf 86' lang='grc' dir='ltr'>τινι</span> <span class='ocrx_word' id='word_1_667' title='bbox 1368 2180 1492 2216; x_wconf 80' lang='grc' dir='ltr'>δακτύλῳ</span> <span class='ocrx_word' id='word_1_668' title='bbox 1503 2179 1580 2212; x_wconf 83' lang='grc' dir='ltr'>Θεοῦ,</span> <span class='ocrx_word' id='word_1_669' title='bbox 1593 2179 1631 2214; x_wconf 85' lang='grc' dir='ltr'><strong>τῷ</strong></span> <span class='ocrx_word' id='word_1_670' title='bbox 1643 2188 1672 2205; x_wconf 84' lang='grc' dir='ltr'>τε</span> <span class='ocrx_word' id='word_1_671' title='bbox 1685 2179 1730 2205; x_wconf 79' lang='grc' dir='ltr'>τοῦ</span> <span class='ocrx_word' id='word_1_672' title='bbox 1746 2179 1866 2215; x_wconf 66' lang='grc' dir='ltr'>Πατρὺς,</span> 
     </span>
    </p>
   </div>
   <div class='ocr_carea' id='block_1_91' title="bbox 237 2223 1020 2263">
    <p class='ocr_par' dir='ltr' id='par_1_91' title="bbox 237 2223 1020 2262">
     <span class='ocr_line' id='line_1_91' title="bbox 237 2223 1020 2262; baseline -0.005 -7"><span class='ocrx_word' id='word_1_673' title='bbox 237 2234 310 2255; x_wconf 88' lang='lat' dir='ltr'><strong>nunc</strong></span> <span class='ocrx_word' id='word_1_674' title='bbox 322 2226 434 2262; x_wconf 86' lang='lat' dir='ltr'><strong>quidem</strong></span> <span class='ocrx_word' id='word_1_675' title='bbox 448 2225 560 2252; x_wconf 89' lang='lat' dir='ltr'><strong>dicens:</strong></span> <span class='ocrx_word' id='word_1_676' title='bbox 579 2233 588 2250; x_wconf 85' lang='grc'><strong>‹</strong></span> <span class='ocrx_word' id='word_1_677' title='bbox 603 2223 631 2251; x_wconf 87' lang='lat' dir='ltr'><strong>Si</strong></span> <span class='ocrx_word' id='word_1_678' title='bbox 650 2232 700 2259; x_wconf 89' lang='lat' dir='ltr'><strong>ego</strong></span> <span class='ocrx_word' id='word_1_679' title='bbox 715 2225 742 2251; x_wconf 92' lang='lat' dir='ltr'><strong>in</strong></span> <span class='ocrx_word' id='word_1_680' title='bbox 763 2224 866 2260; x_wconf 86' lang='lat' dir='ltr'><strong>Spiritu</strong></span> <span class='ocrx_word' id='word_1_681' title='bbox 881 2225 929 2253; x_wconf 87' lang='lat' dir='ltr'><strong>Dei</strong></span> <span class='ocrx_word' id='word_1_682' title='bbox 941 2225 1020 2260; x_wconf 85' lang='lat' dir='ltr'><strong>cjicio</strong></span> 
     </span>
    </p>
   </div>
   <div class='ocr_carea' id='block_1_92' title="bbox 1074 2223 1867 2263">
    <p class='ocr_par' dir='ltr' id='par_1_92' title="bbox 1074 2225 1867 2263">
     <span class='ocr_line' id='line_1_92' title="bbox 1074 2225 1867 2263; baseline -0.006 -8"><span class='ocrx_word' id='word_1_683' title='bbox 1074 2229 1120 2255; x_wconf 76' lang='grc' dir='ltr'>καὶ</span> <span class='ocrx_word' id='word_1_684' title='bbox 1135 2228 1173 2263; x_wconf 81' lang='grc' dir='ltr'>τῷ</span> <span class='ocrx_word' id='word_1_685' title='bbox 1187 2228 1244 2262; x_wconf 79' lang='grc' dir='ltr'>ἰδίῳ</span> <span class='ocrx_word' id='word_1_686' title='bbox 1258 2227 1398 2263; x_wconf 85' lang='grc' dir='ltr'>χρώμενος</span> <span class='ocrx_word' id='word_1_687' title='bbox 1415 2226 1565 2261; x_wconf 80' lang='grc' dir='ltr'>Πνεύματι.</span> <span class='ocrx_word' id='word_1_688' title='bbox 1580 2225 1715 2252; x_wconf 73' lang='grc' dir='ltr'>Δάκτυλον</span> <span class='ocrx_word' id='word_1_689' title='bbox 1727 2225 1783 2260; x_wconf 79' lang='grc' dir='ltr'>γὰρ</span> <span class='ocrx_word' id='word_1_690' title='bbox 1797 2226 1867 2251; x_wconf 83' lang='grc' dir='ltr'><strong>ὠνό-</strong></span> 
     </span>
    </p>
   </div>
   <div class='ocr_carea' id='block_1_93' title="bbox 235 2271 1022 2307">
    <p class='ocr_par' dir='ltr' id='par_1_93' title="bbox 235 2271 1022 2307">
     <span class='ocr_line' id='line_1_93' title="bbox 235 2271 1022 2307; baseline -0.004 -6"><span class='ocrx_word' id='word_1_691' title='bbox 235 2274 369 2301; x_wconf 72' lang='lat' dir='ltr'><strong>daemonia</strong></span> <span class='ocrx_word' id='word_1_692' title='bbox 389 2274 427 2305; x_wconf 83' lang='lat'><strong>&quot;;</strong></span> <span class='ocrx_word' id='word_1_693' title='bbox 444 2282 452 2297; x_wconf 78' lang='grc'><strong>1</strong></span> <span class='ocrx_word' id='word_1_694' title='bbox 482 2278 556 2298; x_wconf 89' lang='lat' dir='ltr'><strong>nunc</strong></span> <span class='ocrx_word' id='word_1_695' title='bbox 574 2278 659 2298; x_wconf 89' lang='lat' dir='ltr'><strong>vero:</strong></span> <span class='ocrx_word' id='word_1_696' title='bbox 681 2281 689 2296; x_wconf 86' lang='grc'><strong><em>‹</em></strong></span> <span class='ocrx_word' id='word_1_697' title='bbox 705 2271 732 2298; x_wconf 87' lang='lat' dir='ltr'><strong>Si</strong></span> <span class='ocrx_word' id='word_1_698' title='bbox 756 2275 847 2298; x_wconf 82' lang='lat' dir='ltr'><strong>autem</strong></span> <span class='ocrx_word' id='word_1_699' title='bbox 862 2279 912 2307; x_wconf 79' lang='lat' dir='ltr'><strong>ego</strong></span> <span class='ocrx_word' id='word_1_700' title='bbox 927 2272 956 2298; x_wconf 91' lang='lat' dir='ltr'><strong>in</strong></span> <span class='ocrx_word' id='word_1_701' title='bbox 979 2272 1022 2299; x_wconf 89' lang='lat' dir='ltr'><strong>di-</strong></span> 
     </span>
    </p>
   </div>
   <div class='ocr_carea' id='block_1_94' title="bbox 236 2317 1023 2356">
    <p class='ocr_par' dir='ltr' id='par_1_94' title="bbox 236 2317 1023 2356">
     <span class='ocr_line' id='line_1_94' title="bbox 236 2317 1023 2356; baseline -0.004 -8"><span class='ocrx_word' id='word_1_702' title='bbox 236 2321 291 2356; x_wconf 87' lang='lat' dir='ltr'><strong>gito</strong></span> <span class='ocrx_word' id='word_1_703' title='bbox 303 2320 352 2347; x_wconf 83' lang='lat' dir='ltr'><strong>Dei</strong></span> <span class='ocrx_word' id='word_1_704' title='bbox 378 2319 458 2354; x_wconf 81' lang='lat' dir='ltr'><strong>ejicio</strong></span> <span class='ocrx_word' id='word_1_705' title='bbox 486 2317 620 2344; x_wconf 65' lang='lat' dir='ltr'><strong>daemonia</strong></span> <span class='ocrx_word' id='word_1_706' title='bbox 635 2317 688 2344; x_wconf 81' lang='grc'><strong>¹³.›</strong></span> <span class='ocrx_word' id='word_1_707' title='bbox 710 2318 860 2353; x_wconf 79' lang='lat' dir='ltr'><strong>Epistulam</strong></span> <span class='ocrx_word' id='word_1_708' title='bbox 884 2327 950 2346; x_wconf 88' lang='lat' dir='ltr'><strong>vero</strong></span> <span class='ocrx_word' id='word_1_709' title='bbox 972 2326 1023 2345; x_wconf 89' lang='lat' dir='ltr'><strong>nos</strong></span> 
     </span>
    </p>
   </div>
   <div class='ocr_carea' id='block_1_95' title="bbox 236 2364 1020 2402">
    <p class='ocr_par' dir='ltr' id='par_1_95' title="bbox 236 2364 1020 2402">
     <span class='ocr_line' id='line_1_95' title="bbox 236 2364 1020 2402; baseline -0.003 -8"><span class='ocrx_word' id='word_1_710' title='bbox 236 2367 406 2402; x_wconf 85' lang='lat' dir='ltr'><strong>spiritualem</strong></span> <span class='ocrx_word' id='word_1_711' title='bbox 433 2364 517 2392; x_wconf 87' lang='lat' dir='ltr'><strong>etiam</strong></span> <span class='ocrx_word' id='word_1_712' title='bbox 533 2364 634 2392; x_wconf 83' lang='lat' dir='ltr'><strong>Paulus</strong></span> <span class='ocrx_word' id='word_1_713' title='bbox 659 2365 819 2400; x_wconf 83' lang='lat' dir='ltr'><strong>appellavit,</strong></span> <span class='ocrx_word' id='word_1_714' title='bbox 846 2373 908 2392; x_wconf 84' lang='lat' dir='ltr'><strong>cum</strong></span> <span class='ocrx_word' id='word_1_715' title='bbox 934 2365 1020 2393; x_wconf 84' lang='lat' dir='ltr'><strong>dixit:</strong></span> 
     </span>
    </p>
   </div>
   <div class='ocr_carea' id='block_1_96' title="bbox 240 2411 1023 2447">
    <p class='ocr_par' dir='ltr' id='par_1_96' title="bbox 240 2411 1023 2447">
     <span class='ocr_line' id='line_1_96' title="bbox 240 2411 1023 2447; baseline 0.001 -9"><span class='ocrx_word' id='word_1_716' title='bbox 240 2422 249 2438; x_wconf 76' lang='grc' dir='ltr'><strong>ε</strong></span> <span class='ocrx_word' id='word_1_717' title='bbox 268 2412 388 2447; x_wconf 77' lang='lat' dir='ltr'><strong>Epistola</strong></span> <span class='ocrx_word' id='word_1_718' title='bbox 407 2414 501 2437; x_wconf 80' lang='lat' dir='ltr'><strong>nostra</strong></span> <span class='ocrx_word' id='word_1_719' title='bbox 522 2418 571 2437; x_wconf 83' lang='lat' dir='ltr'><strong>vos</strong></span> <span class='ocrx_word' id='word_1_720' title='bbox 595 2411 661 2438; x_wconf 87' lang='lat' dir='ltr'><strong>estis</strong></span> <span class='ocrx_word' id='word_1_721' title='bbox 687 2411 818 2447; x_wconf 86' lang='lat' dir='ltr'><strong>inscripta</strong></span> <span class='ocrx_word' id='word_1_722' title='bbox 839 2412 866 2438; x_wconf 89' lang='lat' dir='ltr'><strong>in</strong></span> <span class='ocrx_word' id='word_1_723' title='bbox 893 2412 1023 2440; x_wconf 87' lang='lat' dir='ltr'><strong>cordibus</strong></span> 
     </span>
    </p>
   </div>
   <div class='ocr_carea' id='block_1_97' title="bbox 236 2455 1022 2492">
    <p class='ocr_par' dir='ltr' id='par_1_97' title="bbox 236 2455 1022 2492">
     <span class='ocr_line' id='line_1_97' title="bbox 236 2455 1022 2492; baseline -0.001 -6"><span class='ocrx_word' id='word_1_724' title='bbox 236 2457 348 2490; x_wconf 82' lang='lat' dir='ltr'><strong>nostris,</strong></span> <span class='ocrx_word' id='word_1_725' title='bbox 361 2463 423 2491; x_wconf 78' lang='lat' dir='ltr'><strong>quae</strong></span> <span class='ocrx_word' id='word_1_726' title='bbox 438 2455 526 2483; x_wconf 87' lang='lat' dir='ltr'><strong>scitur</strong></span> <span class='ocrx_word' id='word_1_727' title='bbox 535 2460 564 2484; x_wconf 89' lang='lat' dir='ltr'><strong>et</strong></span> <span class='ocrx_word' id='word_1_728' title='bbox 586 2457 687 2492; x_wconf 85' lang='lat' dir='ltr'><strong>legitur</strong></span> <span class='ocrx_word' id='word_1_729' title='bbox 706 2457 741 2485; x_wconf 89' lang='lat' dir='ltr'><strong>ab</strong></span> <span class='ocrx_word' id='word_1_730' title='bbox 758 2457 886 2485; x_wconf 89' lang='lat' dir='ltr'><strong>omnibus</strong></span> <span class='ocrx_word' id='word_1_731' title='bbox 902 2457 1022 2485; x_wconf 87' lang='lat' dir='ltr'><strong>homini-</strong></span> 
     </span>
    </p>
   </div>
   <div class='ocr_carea' id='block_1_98' title="bbox 236 2501 1022 2536">
    <p class='ocr_par' dir='ltr' id='par_1_98' title="bbox 236 2501 1022 2536">
     <span class='ocr_line' id='line_1_98' title="bbox 236 2501 1022 2536; baseline -0.001 -6"><span class='ocrx_word' id='word_1_732' title='bbox 236 2503 298 2535; x_wconf 91' lang='lat' dir='ltr'><strong>bus,</strong></span> <span class='ocrx_word' id='word_1_733' title='bbox 313 2501 481 2528; x_wconf 84' lang='lat' dir='ltr'><strong>manifestati</strong></span> <span class='ocrx_word' id='word_1_734' title='bbox 499 2501 572 2536; x_wconf 90' lang='lat' dir='ltr'><strong>quod</strong></span> <span class='ocrx_word' id='word_1_735' title='bbox 586 2502 701 2536; x_wconf 85' lang='lat' dir='ltr'><strong>epistola</strong></span> <span class='ocrx_word' id='word_1_736' title='bbox 722 2503 789 2530; x_wconf 88' lang='lat' dir='ltr'><strong>estis</strong></span> <span class='ocrx_word' id='word_1_737' title='bbox 808 2502 922 2535; x_wconf 86' lang='lat' dir='ltr'><strong>Christi,</strong></span> <span class='ocrx_word' id='word_1_738' title='bbox 939 2503 1022 2530; x_wconf 92' lang='lat' dir='ltr'><strong>mini-</strong></span> 
     </span>
    </p>
   </div>
   <div class='ocr_carea' id='block_1_99' title="bbox 235 2546 1022 2584">
    <p class='ocr_par' dir='ltr' id='par_1_99' title="bbox 235 2546 1022 2584">
     <span class='ocr_line' id='line_1_99' title="bbox 235 2546 1022 2584; baseline 0.001 -10"><span class='ocrx_word' id='word_1_739' title='bbox 235 2552 322 2575; x_wconf 78' lang='lat' dir='ltr'><strong>strata</strong></span> <span class='ocrx_word' id='word_1_740' title='bbox 336 2555 351 2574; x_wconf 84' lang='lat' dir='ltr'><strong>a</strong></span> <span class='ocrx_word' id='word_1_741' title='bbox 370 2546 461 2579; x_wconf 88' lang='lat' dir='ltr'><strong>nobis,</strong></span> <span class='ocrx_word' id='word_1_742' title='bbox 479 2552 507 2575; x_wconf 87' lang='lat' dir='ltr'><strong>et</strong></span> <span class='ocrx_word' id='word_1_743' title='bbox 524 2548 627 2583; x_wconf 81' lang='lat' dir='ltr'><strong>scripta</strong></span> <span class='ocrx_word' id='word_1_744' title='bbox 646 2555 701 2575; x_wconf 90' lang='lat' dir='ltr'><strong>non</strong></span> <span class='ocrx_word' id='word_1_745' title='bbox 719 2553 882 2581; x_wconf 86' lang='lat' dir='ltr'><strong>atramento,</strong></span> <span class='ocrx_word' id='word_1_746' title='bbox 894 2548 942 2576; x_wconf 90' lang='lat' dir='ltr'><strong>sed</strong></span> <span class='ocrx_word' id='word_1_747' title='bbox 959 2548 1022 2584; x_wconf 89' lang='lat' dir='ltr'><strong>Spi-</strong></span> 
     </span>
    </p>
   </div>
   <div class='ocr_carea' id='block_1_100' title="bbox 237 2593 1022 2630">
    <p class='ocr_par' dir='ltr' id='par_1_100' title="bbox 237 2593 1022 2630">
     <span class='ocr_line' id='line_1_100' title="bbox 237 2593 1022 2630; baseline 0.003 -10"><span class='ocrx_word' id='word_1_748' title='bbox 237 2594 291 2621; x_wconf 90' lang='lat' dir='ltr'><strong>ritu</strong></span> <span class='ocrx_word' id='word_1_749' title='bbox 307 2593 356 2620; x_wconf 91' lang='lat' dir='ltr'><strong>Dei</strong></span> <span class='ocrx_word' id='word_1_750' title='bbox 379 2593 513 2626; x_wconf 84' lang='lat' dir='ltr'><strong>viventis;</strong></span> <span class='ocrx_word' id='word_1_751' title='bbox 529 2601 585 2621; x_wconf 89' lang='lat' dir='ltr'><strong>non</strong></span> <span class='ocrx_word' id='word_1_752' title='bbox 601 2593 629 2620; x_wconf 92' lang='lat' dir='ltr'><strong>in</strong></span> <span class='ocrx_word' id='word_1_753' title='bbox 647 2594 748 2622; x_wconf 80' lang='lat' dir='ltr'><strong>tabulis</strong></span> <span class='ocrx_word' id='word_1_754' title='bbox 772 2595 900 2630; x_wconf 86' lang='lat' dir='ltr'><strong>lapideis,</strong></span> <span class='ocrx_word' id='word_1_755' title='bbox 925 2595 973 2622; x_wconf 88' lang='lat' dir='ltr'><strong>sed</strong></span> <span class='ocrx_word' id='word_1_756' title='bbox 995 2595 1022 2622; x_wconf 88' lang='lat' dir='ltr'><strong>in</strong></span> 
     </span>
    </p>
   </div>
   <div class='ocr_carea' id='block_1_101' title="bbox 236 2638 685 2668">
    <p class='ocr_par' dir='ltr' id='par_1_101' title="bbox 236 2638 685 2668">
     <span class='ocr_line' id='line_1_101' title="bbox 236 2638 685 2668; baseline 0 -2"><span class='ocrx_word' id='word_1_757' title='bbox 236 2638 338 2667; x_wconf 85' lang='lat' dir='ltr'><strong>tabulis</strong></span> <span class='ocrx_word' id='word_1_758' title='bbox 355 2638 446 2667; x_wconf 86' lang='lat' dir='ltr'><strong>cordis</strong></span> <span class='ocrx_word' id='word_1_759' title='bbox 459 2639 615 2668; x_wconf 70' lang='lat' dir='ltr'><strong>canalibus</strong></span> <span class='ocrx_word' id='word_1_760' title='bbox 629 2640 661 2666; x_wconf 79' lang='lat'><strong>“.</strong></span> <span class='ocrx_word' id='word_1_761' title='bbox 675 2649 685 2666; x_wconf 84' lang='grc'><strong>›</strong></span> 
     </span>
    </p>
   </div>
   <div class='ocr_carea' id='block_1_102' title="bbox 271 2773 1020 2814">
    <p class='ocr_par' dir='ltr' id='par_1_102' title="bbox 271 2773 1020 2814">
     <span class='ocr_line' id='line_1_102' title="bbox 271 2773 1020 2814; baseline 0.007 -12"><span class='ocrx_word' id='word_1_762' title='bbox 271 2773 373 2802; x_wconf 79' lang='lat' dir='ltr'><strong>PALL.</strong></span> <span class='ocrx_word' id='word_1_763' title='bbox 389 2773 524 2809; x_wconf 86' lang='lat' dir='ltr'><strong>Equidem</strong></span> <span class='ocrx_word' id='word_1_764' title='bbox 554 2774 701 2807; x_wconf 83' lang='lat' dir='ltr'><strong>assentior,</strong></span> <span class='ocrx_word' id='word_1_765' title='bbox 723 2775 824 2811; x_wconf 74' lang='lat' dir='ltr'><strong>ﬁguras</strong></span> <span class='ocrx_word' id='word_1_766' title='bbox 851 2785 911 2805; x_wconf 85' lang='lat' dir='ltr'><strong>esse</strong></span> <span class='ocrx_word' id='word_1_767' title='bbox 939 2785 1020 2814; x_wconf 87' lang='lat' dir='ltr'><strong>atque</strong></span> 
     </span>
    </p>
   </div>
   <div class='ocr_carea' id='block_1_103' title="bbox 270 2835 1020 2879">
    <p class='ocr_par' dir='ltr' id='par_1_103' title="bbox 270 2835 994 2879">
     <span class='ocr_line' id='line_1_103' title="bbox 270 2835 994 2879; baseline 0.011 -18"><span class='ocrx_word' id='word_1_768' title='bbox 270 2835 476 2879; x_wconf 39' lang='lat' dir='ltr'><strong>&quot;AEhlllP‘phlll‘.</strong></span> <span class='ocrx_word' id='word_1_769' title='bbox 488 2835 532 2861; x_wconf 76' lang='lat'><strong>20.</strong></span> <span class='ocrx_word' id='word_1_770' title='bbox 572 2835 596 2879; x_wconf 53' lang='grc' dir='ltr'><strong>’ξ</strong></span> <span class='ocrx_word' id='word_1_771' title='bbox 608 2835 691 2879; x_wconf 55' lang='lat' dir='ltr'><strong>Ilebr.</strong></span> <span class='ocrx_word' id='word_1_772' title='bbox 709 2845 735 2870; x_wconf 73' lang='grc' dir='ltr'><strong>ν,</strong></span> <span class='ocrx_word' id='word_1_773' title='bbox 747 2837 841 2866; x_wconf 69' lang='grc'><strong>12-14.</strong></span> <span class='ocrx_word' id='word_1_774' title='bbox 867 2841 895 2874; x_wconf 38' lang='grc' dir='ltr'><strong>,⁸ο</strong></span> <span class='ocrx_word' id='word_1_775' title='bbox 909 2840 994 2869; x_wconf 82' lang='lat' dir='ltr'><strong>Exod.</strong></span> 
     </span>
    </p>
   </div>
   <div class='ocr_carea' id='block_1_104' title="bbox 1074 2835 1422 2879">
    <p class='ocr_par' dir='ltr' id='par_1_104' title="bbox 1077 2844 1422 2879">
     <span class='ocr_line' id='line_1_104' title="bbox 1077 2844 1422 2879; baseline -0.003 -8"><span class='ocrx_word' id='word_1_776' title='bbox 1077 2852 1104 2876; x_wconf 85' lang='grc' dir='ltr'><strong>ιι,</strong></span> <span class='ocrx_word' id='word_1_777' title='bbox 1123 2844 1149 2871; x_wconf 69' lang='grc' dir='ltr'><strong>Δ.</strong></span> <span class='ocrx_word' id='word_1_778' title='bbox 1182 2844 1203 2860; x_wconf 76' lang='grc' dir='ltr'>’ί</span> <span class='ocrx_word' id='word_1_779' title='bbox 1218 2844 1288 2871; x_wconf 73' lang='grc' dir='ltr'><strong>Ριιιι.</strong></span> <span class='ocrx_word' id='word_1_780' title='bbox 1306 2852 1377 2879; x_wconf 75' lang='lat' dir='ltr'><strong>xuv,</strong></span> <span class='ocrx_word' id='word_1_781' title='bbox 1395 2844 1422 2870; x_wconf 74' lang='grc'><strong>2.</strong></span> 
     </span>
    </p>
   </div>
   <div class='ocr_carea' id='block_1_105' title="bbox 235 2869 646 2902">
    <p class='ocr_par' dir='ltr' id='par_1_105' title="bbox 235 2869 646 2902">
     <span class='ocr_line' id='line_1_105' title="bbox 235 2869 646 2902; baseline -0.005 -4"><span class='ocrx_word' id='word_1_782' title='bbox 235 2878 272 2899; x_wconf 82' lang='grc' dir='ltr'>ιι.</span> <span class='ocrx_word' id='word_1_783' title='bbox 291 2870 337 2900; x_wconf 66' lang='grc' dir='ltr'><strong>ὶθ.</strong></span> <span class='ocrx_word' id='word_1_784' title='bbox 376 2869 403 2886; x_wconf 61' lang='grc' dir='ltr'><strong>π</strong></span> <span class='ocrx_word' id='word_1_785' title='bbox 418 2870 439 2897; x_wconf 87' lang='lat' dir='ltr'><strong>ll</strong></span> <span class='ocrx_word' id='word_1_786' title='bbox 455 2869 516 2898; x_wconf 89' lang='lat' dir='ltr'><strong>Cor.</strong></span> <span class='ocrx_word' id='word_1_787' title='bbox 530 2869 607 2902; x_wconf 69' lang='lat'><strong>“1,2,</strong></span> <span class='ocrx_word' id='word_1_788' title='bbox 621 2870 646 2897; x_wconf 78' lang='grc'><strong>5.</strong></span> 
     </span>
    </p>
   </div>
   <div class='ocr_carea' id='block_1_106' title="bbox 1074 2271 1869 2310">
    <p class='ocr_par' dir='ltr' id='par_1_106' title="bbox 1074 2271 1869 2310">
     <span class='ocr_line' id='line_1_106' title="bbox 1074 2271 1869 2310; baseline -0.004 -10"><span class='ocrx_word' id='word_1_789' title='bbox 1074 2281 1142 2310; x_wconf 64' lang='grc' dir='ltr'>μασξ</span> <span class='ocrx_word' id='word_1_790' title='bbox 1159 2274 1189 2300; x_wconf 78' lang='grc' dir='ltr'><strong>τὺ</strong></span> <span class='ocrx_word' id='word_1_791' title='bbox 1203 2273 1316 2308; x_wconf 83' lang='grc' dir='ltr'>Πνεῦμα</span> <span class='ocrx_word' id='word_1_792' title='bbox 1325 2272 1404 2305; x_wconf 84' lang='grc' dir='ltr'>Θεοῦ,</span> <span class='ocrx_word' id='word_1_793' title='bbox 1418 2273 1515 2306; x_wconf 80' lang='grc' dir='ltr'>λέγων,</span> <span class='ocrx_word' id='word_1_794' title='bbox 1531 2272 1596 2298; x_wconf 82' lang='grc' dir='ltr'>ποτὲ</span> <span class='ocrx_word' id='word_1_795' title='bbox 1615 2271 1678 2306; x_wconf 77' lang='grc' dir='ltr'>μὲν,</span> <span class='ocrx_word' id='word_1_796' title='bbox 1697 2280 1705 2296; x_wconf 83' lang='grc' dir='ltr'><strong>ι</strong></span> <span class='ocrx_word' id='word_1_797' title='bbox 1726 2271 1756 2297; x_wconf 82' lang='lat' dir='ltr'><strong>El</strong></span> <span class='ocrx_word' id='word_1_798' title='bbox 1772 2271 1800 2297; x_wconf 76' lang='grc' dir='ltr'>δὲ</span> <span class='ocrx_word' id='word_1_799' title='bbox 1811 2271 1869 2305; x_wconf 80' lang='grc' dir='ltr'>ἐγὼ</span> 
     </span>
    </p>
   </div>
   <div class='ocr_carea' id='block_1_107' title="bbox 1072 2317 1868 2354">
    <p class='ocr_par' dir='ltr' id='par_1_107' title="bbox 1072 2317 1868 2354">
     <span class='ocr_line' id='line_1_107' title="bbox 1072 2317 1868 2354; baseline -0.005 -8"><span class='ocrx_word' id='word_1_800' title='bbox 1072 2321 1100 2346; x_wconf 82' lang='grc' dir='ltr'>ἐν</span> <span class='ocrx_word' id='word_1_801' title='bbox 1117 2319 1258 2354; x_wconf 84' lang='grc' dir='ltr'>Πνεύματι</span> <span class='ocrx_word' id='word_1_802' title='bbox 1274 2318 1343 2346; x_wconf 83' lang='grc' dir='ltr'>Θεοῦ</span> <span class='ocrx_word' id='word_1_803' title='bbox 1357 2318 1481 2345; x_wconf 77' lang='grc' dir='ltr'>ἐκϐάλλω</span> <span class='ocrx_word' id='word_1_804' title='bbox 1496 2317 1530 2344; x_wconf 79' lang='grc' dir='ltr'><strong>τὰ</strong></span> <span class='ocrx_word' id='word_1_805' title='bbox 1550 2317 1691 2352; x_wconf 67' lang='grc' dir='ltr'>δαιμόνια·</span> <span class='ocrx_word' id='word_1_806' title='bbox 1719 2327 1728 2343; x_wconf 76' lang='grc' dir='ltr'><strong>ι</strong></span> <span class='ocrx_word' id='word_1_807' title='bbox 1751 2317 1818 2343; x_wconf 74' lang='grc' dir='ltr'>ποτὲ</span> <span class='ocrx_word' id='word_1_808' title='bbox 1839 2317 1868 2343; x_wconf 81' lang='grc' dir='ltr'>δὲ</span> 
     </span>
    </p>
   </div>
   <div class='ocr_carea' id='block_1_108' title="bbox 1071 2362 1866 2400">
    <p class='ocr_par' dir='ltr' id='par_1_108' title="bbox 1071 2362 1866 2400">
     <span class='ocr_line' id='line_1_108' title="bbox 1071 2362 1866 2400; baseline -0.006 -7"><span class='ocrx_word' id='word_1_809' title='bbox 1071 2364 1118 2398; x_wconf 80' lang='grc' dir='ltr'>αὖ,</span> <span class='ocrx_word' id='word_1_810' title='bbox 1136 2375 1144 2391; x_wconf 78' lang='grc' dir='ltr'><strong>ι</strong></span> <span class='ocrx_word' id='word_1_811' title='bbox 1161 2367 1192 2392; x_wconf 85' lang='grc' dir='ltr'><strong>Εἰ</strong></span> <span class='ocrx_word' id='word_1_812' title='bbox 1205 2366 1232 2392; x_wconf 74' lang='grc' dir='ltr'>δὲ</span> <span class='ocrx_word' id='word_1_813' title='bbox 1241 2366 1269 2392; x_wconf 83' lang='grc' dir='ltr'>ἐν</span> <span class='ocrx_word' id='word_1_814' title='bbox 1279 2364 1412 2400; x_wconf 85' lang='grc' dir='ltr'>-δακτύλῳ</span> <span class='ocrx_word' id='word_1_815' title='bbox 1427 2363 1495 2390; x_wconf 82' lang='grc' dir='ltr'>Θεοῦ</span> <span class='ocrx_word' id='word_1_816' title='bbox 1508 2363 1632 2390; x_wconf 77' lang='grc' dir='ltr'>ἐκϐάλλω</span> <span class='ocrx_word' id='word_1_817' title='bbox 1645 2363 1679 2390; x_wconf 86' lang='grc' dir='ltr'><strong>τὰ</strong></span> <span class='ocrx_word' id='word_1_818' title='bbox 1695 2362 1835 2398; x_wconf 86' lang='grc' dir='ltr'>δαιμόνια.</span> <span class='ocrx_word' id='word_1_819' title='bbox 1857 2372 1866 2388; x_wconf 75' lang='grc' dir='ltr'><strong>ι</strong></span> 
     </span>
    </p>
   </div>
   <div class='ocr_carea' id='block_1_109' title="bbox 1078 2409 1869 2447">
    <p class='ocr_par' dir='ltr' id='par_1_109' title="bbox 1078 2409 1869 2447">
     <span class='ocr_line' id='line_1_109' title="bbox 1078 2409 1869 2447; baseline -0.005 -8"><span class='ocrx_word' id='word_1_820' title='bbox 1078 2412 1237 2447; x_wconf 76' lang='grc' dir='ltr'>Ἐπιστολὴν</span> <span class='ocrx_word' id='word_1_821' title='bbox 1254 2411 1282 2438; x_wconf 77' lang='grc' dir='ltr'>δὲ</span> <span class='ocrx_word' id='word_1_822' title='bbox 1300 2412 1374 2447; x_wconf 82' lang='grc' dir='ltr'>ἡμᾶς</span> <span class='ocrx_word' id='word_1_823' title='bbox 1391 2410 1441 2446; x_wconf 87' lang='grc' dir='ltr'><strong>τὴν</strong></span> <span class='ocrx_word' id='word_1_824' title='bbox 1461 2409 1648 2445; x_wconf 76' lang='grc' dir='ltr'>πνευματικὴν</span> <span class='ocrx_word' id='word_1_825' title='bbox 1663 2409 1710 2436; x_wconf 71' lang='grc' dir='ltr'>καὶ</span> <span class='ocrx_word' id='word_1_826' title='bbox 1726 2410 1740 2436; x_wconf 83' lang='grc'>6</span> <span class='ocrx_word' id='word_1_827' title='bbox 1759 2409 1869 2440; x_wconf 84' lang='grc' dir='ltr'>Παῦλος</span> 
     </span>
    </p>
   </div>
   <div class='ocr_carea' id='block_1_110' title="bbox 1072 2457 1869 2493">
    <p class='ocr_par' dir='ltr' id='par_1_110' title="bbox 1072 2457 1869 2493">
     <span class='ocr_line' id='line_1_110' title="bbox 1072 2457 1869 2493; baseline -0.005 -7"><span class='ocrx_word' id='word_1_828' title='bbox 1072 2459 1287 2493; x_wconf 79' lang='grc' dir='ltr'>ὲκάλει,λέγων·</span> <span class='ocrx_word' id='word_1_829' title='bbox 1305 2468 1314 2484; x_wconf 87' lang='grc'><em>‹</em></span> <span class='ocrx_word' id='word_1_830' title='bbox 1336 2459 1369 2484; x_wconf 82' lang='lat' dir='ltr'><strong>&#39;H</strong></span> <span class='ocrx_word' id='word_1_831' title='bbox 1384 2457 1514 2492; x_wconf 75' lang='grc' dir='ltr'>ἐπιστολὴ</span> <span class='ocrx_word' id='word_1_832' title='bbox 1527 2457 1606 2492; x_wconf 80' lang='grc' dir='ltr'>ἡμῶν</span> <span class='ocrx_word' id='word_1_833' title='bbox 1616 2457 1694 2492; x_wconf 81' lang='grc' dir='ltr'>ὑμεῖς</span> <span class='ocrx_word' id='word_1_834' title='bbox 1709 2457 1771 2482; x_wconf 73' lang='grc' dir='ltr'>ἐστε</span> <span class='ocrx_word' id='word_1_835' title='bbox 1788 2457 1869 2491; x_wconf 76' lang='grc' dir='ltr'>ἐγγε-</span> 
     </span>
    </p>
   </div>
   <div class='ocr_carea' id='block_1_111' title="bbox 1072 2502 1869 2543">
    <p class='ocr_par' dir='ltr' id='par_1_111' title="bbox 1072 2502 1869 2543">
     <span class='ocr_line' id='line_1_111' title="bbox 1072 2502 1869 2543; baseline -0.006 -10"><span class='ocrx_word' id='word_1_836' title='bbox 1072 2505 1219 2543; x_wconf 84' lang='grc' dir='ltr'>γραμμένη</span> <span class='ocrx_word' id='word_1_837' title='bbox 1236 2507 1265 2531; x_wconf 76' lang='grc' dir='ltr'>ὲν</span> <span class='ocrx_word' id='word_1_838' title='bbox 1282 2505 1343 2536; x_wconf 74' lang='grc' dir='ltr'>ταῖς</span> <span class='ocrx_word' id='word_1_839' title='bbox 1361 2503 1486 2539; x_wconf 86' lang='grc' dir='ltr'>καρδίαις</span> <span class='ocrx_word' id='word_1_840' title='bbox 1501 2503 1589 2539; x_wconf 73' lang='grc' dir='ltr'>ἡμῶν,</span> <span class='ocrx_word' id='word_1_841' title='bbox 1607 2502 1800 2538; x_wconf 81' lang='grc' dir='ltr'>γινωσκομένη</span> <span class='ocrx_word' id='word_1_842' title='bbox 1821 2503 1869 2529; x_wconf 77' lang='grc' dir='ltr'>καὶ</span> 
     </span>
    </p>
   </div>
   <div class='ocr_carea' id='block_1_112' title="bbox 1071 2548 1869 2587">
    <p class='ocr_par' dir='ltr' id='par_1_112' title="bbox 1071 2548 1869 2587">
     <span class='ocr_line' id='line_1_112' title="bbox 1071 2548 1869 2587; baseline -0.009 -7"><span class='ocrx_word' id='word_1_843' title='bbox 1071 2551 1313 2587; x_wconf 78' lang='grc' dir='ltr'>ἀναγινωσκομένη</span> <span class='ocrx_word' id='word_1_844' title='bbox 1330 2550 1383 2577; x_wconf 73' lang='grc' dir='ltr'><strong>ὑπὸ</strong></span> <span class='ocrx_word' id='word_1_845' title='bbox 1395 2550 1504 2577; x_wconf 78' lang='grc' dir='ltr'>πάντων</span> <span class='ocrx_word' id='word_1_846' title='bbox 1519 2549 1681 2584; x_wconf 81' lang='grc' dir='ltr'>ἀνθρώπων,</span> <span class='ocrx_word' id='word_1_847' title='bbox 1694 2548 1869 2584; x_wconf 80' lang='grc' dir='ltr'>φανερούμε-</span> 
     </span>
    </p>
   </div>
   <div class='ocr_carea' id='block_1_113' title="bbox 1072 2587 1869 2631">
    <p class='ocr_par' dir='ltr' id='par_1_113' title="bbox 1072 2587 1869 2631">
     <span class='ocr_line' id='line_1_113' title="bbox 1072 2587 1869 2631; baseline -0.005 -7"><span class='ocrx_word' id='word_1_848' title='bbox 1072 2607 1112 2624; x_wconf 88' lang='grc' dir='ltr'><strong>νοι</strong></span> <span class='ocrx_word' id='word_1_849' title='bbox 1126 2598 1167 2624; x_wconf 82' lang='grc' dir='ltr'><strong>ὅτι</strong></span> <span class='ocrx_word' id='word_1_850' title='bbox 1179 2597 1241 2625; x_wconf 75' lang='grc' dir='ltr'>ἐστὶ</span> <span class='ocrx_word' id='word_1_851' title='bbox 1252 2596 1379 2631; x_wconf 74' lang='grc' dir='ltr'>ἐπιστολὴ</span> <span class='ocrx_word' id='word_1_852' title='bbox 1388 2595 1455 2622; x_wconf 87' lang='grc' dir='ltr'>Θεοῦ</span> <span class='ocrx_word' id='word_1_853' title='bbox 1463 2595 1655 2631; x_wconf 81' lang='grc' dir='ltr'>διακονηθεῖσα</span> <span class='ocrx_word' id='word_1_854' title='bbox 1666 2594 1712 2629; x_wconf 67' lang='grc' dir='ltr'><strong>ὑφ’</strong></span> <span class='ocrx_word' id='word_1_855' title='bbox 1721 2595 1814 2630; x_wconf 74' lang='grc' dir='ltr'>ἡμῶν,</span> <span class='ocrx_word' id='word_1_856' title='bbox 1823 2587 1869 2629; x_wconf 58' lang='grc' dir='ltr'><strong>ἐγξ</strong></span> 
     </span>
    </p>
   </div>
   <div class='ocr_carea' id='block_1_114' title="bbox 1074 2641 1868 2679">
    <p class='ocr_par' dir='ltr' id='par_1_114' title="bbox 1074 2641 1868 2679">
     <span class='ocr_line' id='line_1_114' title="bbox 1074 2641 1868 2679; baseline -0.003 -9"><span class='ocrx_word' id='word_1_857' title='bbox 1074 2643 1306 2679; x_wconf 79' lang='grc' dir='ltr'>γεγραμμένη.οὺ</span> <span class='ocrx_word' id='word_1_858' title='bbox 1319 2642 1427 2678; x_wconf 73' lang='grc' dir='ltr'>μέλανι,</span> <span class='ocrx_word' id='word_1_859' title='bbox 1440 2641 1508 2669; x_wconf 82' lang='grc' dir='ltr'>ἀλλὰ</span> <span class='ocrx_word' id='word_1_860' title='bbox 1524 2642 1661 2677; x_wconf 77' lang='grc' dir='ltr'>Πνεῦματι</span> <span class='ocrx_word' id='word_1_861' title='bbox 1673 2641 1740 2668; x_wconf 88' lang='grc' dir='ltr'>Θεοῦ</span> <span class='ocrx_word' id='word_1_862' title='bbox 1754 2642 1868 2675; x_wconf 73' lang='grc' dir='ltr'>ζῶντος,</span> 
     </span>
    </p>
   </div>
   <div class='ocr_carea' id='block_1_115' title="bbox 1076 2687 1867 2724">
    <p class='ocr_par' dir='ltr' id='par_1_115' title="bbox 1076 2687 1867 2724">
     <span class='ocr_line' id='line_1_115' title="bbox 1076 2687 1867 2724; baseline -0.001 -8"><span class='ocrx_word' id='word_1_863' title='bbox 1076 2690 1125 2716; x_wconf 71' lang='grc' dir='ltr'>οὐκ</span> <span class='ocrx_word' id='word_1_864' title='bbox 1137 2691 1165 2716; x_wconf 85' lang='grc' dir='ltr'>ὲν</span> <span class='ocrx_word' id='word_1_865' title='bbox 1178 2689 1270 2723; x_wconf 80' lang='grc' dir='ltr'>πίναξι</span> <span class='ocrx_word' id='word_1_866' title='bbox 1286 2688 1412 2722; x_wconf 81' lang='grc' dir='ltr'>λιθίναις,</span> <span class='ocrx_word' id='word_1_867' title='bbox 1429 2687 1486 2715; x_wconf 84' lang='grc' dir='ltr'>ἀλλ’</span> <span class='ocrx_word' id='word_1_868' title='bbox 1500 2689 1528 2715; x_wconf 83' lang='grc' dir='ltr'>ὲν</span> <span class='ocrx_word' id='word_1_869' title='bbox 1544 2687 1625 2721; x_wconf 76' lang='grc' dir='ltr'>πλαξὶ</span> <span class='ocrx_word' id='word_1_870' title='bbox 1645 2688 1761 2724; x_wconf 79' lang='grc' dir='ltr'>καρδίας</span> <span class='ocrx_word' id='word_1_871' title='bbox 1774 2689 1867 2724; x_wconf 81' lang='grc' dir='ltr'>σαρκί-</span> 
     </span>
    </p>
   </div>
   <div class='ocr_carea' id='block_1_116' title="bbox 1077 2744 1177 2768">
    <p class='ocr_par' dir='ltr' id='par_1_116' title="bbox 1077 2744 1177 2768">
     <span class='ocr_line' id='line_1_116' title="bbox 1077 2744 1177 2768; baseline 0 -6"><span class='ocrx_word' id='word_1_872' title='bbox 1077 2744 1145 2768; x_wconf 84' lang='grc' dir='ltr'>ναις.</span> <span class='ocrx_word' id='word_1_873' title='bbox 1168 2745 1177 2762; x_wconf 70' lang='grc' dir='ltr'><strong>ι</strong></span> 
     </span>
    </p>
   </div>
   <div class='ocr_carea' id='block_1_117' title="bbox 1111 2775 1867 2816">
    <p class='ocr_par' dir='ltr' id='par_1_117' title="bbox 1111 2775 1867 2816">
     <span class='ocr_line' id='line_1_117' title="bbox 1111 2775 1867 2816; baseline 0 -8"><span class='ocrx_word' id='word_1_874' title='bbox 1111 2782 1215 2808; x_wconf 84' lang='grc' dir='ltr'><strong>ΠΛΛΛ.</strong></span> <span class='ocrx_word' id='word_1_875' title='bbox 1237 2775 1372 2808; x_wconf 74' lang='grc' dir='ltr'><strong>’Δλ).“⁶ὅτι</strong></span> <span class='ocrx_word' id='word_1_876' title='bbox 1395 2780 1445 2816; x_wconf 79' lang='grc' dir='ltr'>μὲν</span> <span class='ocrx_word' id='word_1_877' title='bbox 1464 2779 1545 2807; x_wconf 84' lang='grc' dir='ltr'>τύποι</span> <span class='ocrx_word' id='word_1_878' title='bbox 1564 2781 1611 2807; x_wconf 80' lang='grc' dir='ltr'>καὶ</span> <span class='ocrx_word' id='word_1_879' title='bbox 1636 2781 1712 2807; x_wconf 78' lang='grc' dir='ltr'>σκιαὶ</span> <span class='ocrx_word' id='word_1_880' title='bbox 1736 2780 1772 2808; x_wconf 74' lang='grc' dir='ltr'><strong>τὰ</strong></span> <span class='ocrx_word' id='word_1_881' title='bbox 1799 2782 1867 2808; x_wconf 66' lang='grc' dir='ltr'>κατὰ</span> 
     </span>
    </p>
   </div>
   <div class='ocr_carea' id='block_1_118' title="bbox 1473 2841 1867 2876">
    <p class='ocr_par' dir='ltr' id='par_1_118' title="bbox 1473 2841 1867 2876">
     <span class='ocr_line' id='line_1_118' title="bbox 1473 2841 1867 2876; baseline 0.005 -7"><span class='ocrx_word' id='word_1_882' title='bbox 1473 2841 1496 2856; x_wconf 84' lang='grc'><strong>³’</strong></span> <span class='ocrx_word' id='word_1_883' title='bbox 1506 2843 1600 2870; x_wconf 80' lang='lat' dir='ltr'><strong>Matth.</strong></span> <span class='ocrx_word' id='word_1_884' title='bbox 1614 2851 1661 2876; x_wconf 79' lang='lat' dir='ltr'><strong>xu,</strong></span> <span class='ocrx_word' id='word_1_885' title='bbox 1672 2843 1718 2871; x_wconf 73' lang='lat'><strong>27.</strong></span> <span class='ocrx_word' id='word_1_886' title='bbox 1758 2844 1783 2860; x_wconf 79' lang='lat'>&quot;</span> <span class='ocrx_word' id='word_1_887' title='bbox 1801 2844 1867 2872; x_wconf 80' lang='lat' dir='ltr'><strong>Luc.</strong></span> 
     </span>
    </p>
   </div>
  </div>
