1929 3042
62 179 107 208 M5

436 182 480 210 DE
496 183 716 212 ADORATIONE
736 184 770 212 IN
790 184 926 213 SPIRITU
942 184 986 212 ΕΤ
1006 185 1189 213 VERITATE.
1211 186 1275 214 LIB.
1295 187 1315 214 1.

1637 186 1688 215 H6

61 238 101 263 τὴν
112 238 204 272 νόμον,
220 238 310 275 φαίην
324 240 359 267 ἂν
375 246 421 266 και
440 239 533 274 αὐτὸς,
550 239 579 268 εὖ
594 239 649 267 ῑσθι
668 249 720 268 τοι.
734 241 802 278 Φέρε
816 241 849 277 δὴ

907 242 1026 275 umbras,
1038 250 1099 277 quae
1113 243 1172 279 lege
1185 243 1374 272 continentur.
1398 244 1452 272 Sed
1470 251 1530 279 age,
1548 244 1688 272 subtiliter

60 281 100 310 ὧν
109 283 205 310 λεπτόν
218 293 252 311 τε
263 286 313 313 καὶ
327 286 429 322 ἀκριόἦ
443 287 500 318 τοῖς
517 287 546 313 ὲν
560 286 638 322 τύπῳ
652 287 849 323 κεχρησμωδη-

61 331 143 364 μένοις
160 330 288 364 ἐνιέντες
301 333 349 359 τὸν
361 332 432 365 νοῦν,
445 332 717 368 πολυπραγμονῶμεν
733 331 762 360 εὖ
775 333 848 368 μάλα

59 377 101 410 τῆς
114 376 244 412 ἀληθείας
271 378 303 404 τὸ
327 378 434 410 κάλλος.
457 378 508 414 Εῖη
529 378 586 414 γὰρ
607 379 640 406 ἂν
661 378 732 406 οὓτω
756 378 848 406 λοιπὸν

59 423 136 448 οὐδενὶ
156 422 211 448 τῶν
239 422 329 450 ὄντων
351 423 510 459 ἀσυμῳανὲς
528 425 578 459 τῆς
596 425 625 451 ὲν
648 424 784 461 πνεύματι
802 424 849 451 λαμ

58 467 143 503 τρεέας
158 467 189 494 τὸ
204 469 372 504 μυστήριον.

89 513 167 539 ΚῚῬ.
181 513 240 540 Καὶ
252 515 320 550 μὴν,
330 511 353 541 ὧ
361 516 479 549 γενναῖε,
488 516 687 551 καταπέφρικά
696 525 736 542 τοι
746 516 848 552 σφόδρα

59 559 171 591 εἰκότως,
184 559 375 588 δυσοκνότατὰ
389 561 419 588 τέ
438 561 494 597 εἰμι
509 562 578 597 πρὸς
593 562 673 589 τοῦτο
694 562 765 590 λίαν.
786 561 848 590 Εἶεν

59 605 104 640 γὰρ
119 602 196 640 οἶμαι
209 614 265 631 που
281 608 339 637 τοῖς
354 606 414 633 καθ’
429 607 503 642 ἡμᾶς
510 607 560 642 οὐχ
571 606 707 642 ἁλώσιμα,
715 608 750 635 τὰ
762 607 848 639 οὕτως

60 650 246 686 ἀνῳκισμένην
272 652 320 677 καὶ
345 652 479 687 ὑπερτενῆ
505 652 623 688 λαχόντα
639 653 690 688 τὴν
720 653 847 689 θεωρίαν.

60 696 156 731 Χρῆναι
180 696 211 723 δὲ
240 695 321 732 οἶμαι
345 697 435 732 λέγειν
453 698 686 734 ἀνασκοπουμένῳ
709 699 740 726 τὸ
767 699 849 734 βάθος

59 741 105 767 τῶν
114 741 142 767 ὲν
155 740 194 775 τῷ
212 741 292 777 νόμῳ
304 742 510 779 Θεωρημάτων·
529 754 539 770 ‹
556 744 604 776 Τίς
622 744 706 779 σοφὸς
718 745 765 772 καὶ
787 754 845 772 συν-

61 788 113 822 ipsi
128 786 231 821 ταῦτα;
243 789 294 814 καὶ
307 789 427 821 συνετὸς,
444 789 492 816 καὶ
502 790 684 824 ἐπιγνώσεται
695 791 780 824 eritsi;
799 800 809 817 ι

90 878 191 905 ΠᾹΛΛ.
205 879 267 906 οὐκ
291 879 398 915 ἄτραχυ
417 879 466 915 μὲν
480 880 511 906 τὸ
534 880 636 916 χρῆμα,
654 877 677 906 ὧ
695 880 756 907 τᾶν.
777 889 786 906 t
802 880 848 906 Ai-

62 926 123 951 τεῖτε
140 935 148 949 ι
173 925 202 951 δὲ
219 926 310 961 ὅμως,
327 927 410 962 φησὶν
430 926 444 952 ό
469 926 596 962 Χριστὸς,
616 935 625 952 t
644 926 691 953 καὶ
706 926 849 962 δοθήσεται
864 927 886 954 Β

63 973 134 1006 ὑμῖν·
149 971 261 1007 ζητεῖτε
276 973 326 999 καὶ
346 973 490 1008 εὑρήσετε,
514 972 628 1008 κρούετε
643 973 691 999 καὶ
707 973 848 1009 ἀνοιγήσε-

63 1026 100 1044 ται
111 1018 180 1052 ὑμῖν.
201 1027 210 1044 ι

93 1064 169 1091 ΚὶῬ.
193 1064 279 1091 Ἰτέον
295 1065 328 1101 δὴ
352 1062 400 1092 οὖν
416 1065 463 1092 ἐπὶ
477 1065 508 1092 τὺ
522 1065 620 1102 χρῆναι
644 1066 799 1101 φιλοθηρεῖν
819 1066 851 1092 τδ

63 1109 147 1136 πλοῦν
160 1111 200 1141 είς
215 1110 314 1145 δνησιν
326 1118 332 1124 ·
349 1111 397 1137 καὶ
418 1111 451 1146 δὴ
468 1111 516 1138 καὶ
533 1112 673 1147 ἱκετηρίαν
687 1111 849 1147 προανατεί-

65 1165 144 1191 νωμεν
154 1155 286 1190 λέγοντες
296 1165 303 1172 ·
320 1165 329 1183 ι
353 1157 542 1192 ’Δποκάλυψον
552 1158 614 1189 τοὺς
621 1157 777 1193 ὀφθαλμούς
787 1166 849 1193 μου,

66 1203 107 1228 καὶ
120 1203 284 1238 κατανοήσω
299 1203 336 1229 τὰ
348 1203 490 1238 θαυμάσιά
502 1212 548 1230 σου
565 1205 598 1230 ἐκ
609 1203 656 1230 τοῦ
672 1204 755 1239 νόμου
768 1212 825 1230 σου.
838 1213 847 1229 ι

66 1249 105 1274 Δεῖ
115 1247 140 1274 δὲ
157 1249 246 1284 ἡμᾶς,
265 1248 304 1280 ὡς
319 1248 402 1282 ἔοικε,
419 1249 472 1284 πρό
483 1257 516 1283 γε
529 1249 584 1276 τῶν
595 1249 682 1276 ἀλλων
696 1250 793 1281 εἰπεῖν,
801 1249 850 1284 τήν

66 1302 90 1319 τε
102 1294 138 1325 εἰς
145 1293 309 1343 φαυλόςτητα
316 1294 364 1320 τοῦ
373 1293 517 1329 ἀνθρώπου
529 1294 720 1330 παρατροπὴν,
730 1293 851 1325 δουλείας

66 1348 90 1366 τε
104 1339 173 1375 πέρι,
187 1339 241 1366 καΐ
248 1340 443 1375 αἰχμαλωσίας
451 1340 502 1376 τῆς
515 1339 568 1366 ὑπὸ
576 1340 616 1375 τῷ
625 1340 735 1366 πάντων
749 1339 850 1375 ἐχθρῷ,

66 1385 130 1417 ὅπως
146 1394 175 1411 τε
198 1386 249 1412 καὶ
264 1386 326 1413 τίνα
348 1385 450 1421 τρόπον
473 1386 553 1413 ταυτὶ
570 1385 635 1421 παρ’
657 1385 737 1421 ἡμῶν
757 1386 805 1412 καὶ
821 1386 851 1412 ὲν

67 1432 123 1467 ἡμῖν
143 1432 341 1468 ἐκπράττεται.
368 1433 569 1468 Προσεπειπετν
593 1432 622 1458 δὲ
644 1432 676 1467 δὴ
703 1431 785 1465 οὕτω,
801 1432 850 1458 καὶ

66 1478 119 1505 τίνα
129 1479 179 1514 χρὴ
191 1479 297 1513 τρόπον
304 1479 448 1506 ἀπονεύειν
453 1479 500 1506 τοῦ
511 1479 609 1511 κακοῦ,
621 1479 668 1506 καὶ
674 1478 852 1506 ἀποσείεσθαι

69 1523 111 1558 μὲν
123 1524 170 1560 τῆς
186 1524 231 1550 ἐπ’
247 1525 347 1560 ἐκείνῳ
369 1524 492 1556 δουλείας
501 1524 548 1551 τὸν
562 1524 654 1559 ζυγὸν,
665 1524 852 1561 ἀναθρώσκειν

67 1566 128 1596 δὲαῦ
139 1569 205 1604 πρὸς
215 1569 247 1596 τὺ
260 1570 290 1596 ὲν
303 1570 412 1605 ἀρχαῖς,
423 1569 655 1602 διασώζοντοςκαὶ
665 1570 851 1606 ἐπαμύνοντος

67 1614 106 1640 τοῦ
122 1614 198 1642 Θεοῦ.
223 1615 297 1651 Τῇδε
319 1615 375 1651 γὰρ
396 1616 463 1651 ἡμῖν
479 1615 564 1648 ἰόντος
583 1615 631 1643 τοῦ
645 1615 726 1651 λόγου
741 1616 795 1652 ὁδῷ
814 1617 848 1653 τῇ

68 1660 211 1697 πρεπούσῃ.
227 1661 366 1697 προσήκοι
383 1661 426 1694 ἂν,
441 1659 530 1697 οἶμαι,
541 1662 589 1688 καὶ
602 1662 636 1688 τὰ
650 1660 742 1690 λοιπά.

97 1707 195 1733 ΠᾹΛΛ.
219 1707 370 1742 Ὀρθότατα
385 1707 487 1743 διανοῇε

96 1752 175 1780 ΚΥΡ.
195 1752 234 1779 Τδ
249 1752 307 1788 γάρ
320 1761 362 1780 τοι
382 1755 570 1789 καρποφορεῖν
590 1753 720 1781 δύνασθαι
736 1754 776 1790 τῷ
792 1754 852 1790 Θεῷ

68 1797 110 1824 καὶ
129 1798 281 1833 προσάγειν
296 1798 392 1830 Θυσίας
413 1799 612 1834 πνευματικὰς,
627 1800 710 1835 ἧγουν
730 1800 853 1836 ἀνδρίζε‹

69 1843 125 1870 σθαι
136 1863 144 1876 ,
160 1844 208 1871 καὶ
221 1844 391 1880 εὐδοκιμεῖν,
408 1845 558 1880 κατορθοῦν
572 1845 713 1878 ἐθέλοντας
730 1846 779 1882 τὴν
790 1847 853 1882 ἀρε-

67 1889 121 1924 τὴν,
145 1890 208 1925 οὐχὶ
222 1891 312 1926 δήπου
332 1889 431 1926 πρέποι
455 1891 488 1918 ἂν
503 1892 559 1922 τοῖς
577 1891 648 1918 οὕτω
666 1891 787 1924 δουλείας
806 1892 854 1918 καὶ

67 1933 153 1960 παθῶν
168 1934 297 1969 ἀνάγκης
313 1934 550 1970 ἀπηλλαγμένοις,
567 1936 624 1962 ἀλλ’
637 1933 678 1968 οἷς
694 1937 744 1972 ἤδη
765 1945 823 1969 πως
839 1937 854 1964 ό

68 1979 124 2011 νοῦς
136 1980 272 2016 ἀνανήφει
283 1981 351 2016 πρὸς
359 1980 390 2008 τδ
401 1980 551 2016 ἐλεύθερον,
567 1982 617 2008 καὶ
629 1982 678 2008 οὐκ
688 1982 855 2019 ἀμελέτητον

68 2026 117 2061 ἔχει
126 2027 154 2054 τὸ
161 2027 342 2055 ἀποσείεσθαι
353 2027 398 2054 τὸν
404 2027 489 2062 ζυγὸν
501 2027 550 2062 τῆς
560 2027 608 2054 τοῦ
622 2028 745 2056 διαϐόλου
759 2029 855 2056 πλεον-

68 2072 144 2104 εξίας.

98 2118 199 2146 ΠΔΛΛ.
218 2119 365 2154 Σύμφημι,
379 2119 450 2151 νοεῖς
461 2119 515 2155 γὰρ
528 2119 626 2156 ὀρθῶς.

98 2165 177 2192 ΚΥΡ.
193 2165 254 2192 Καὶ
273 2166 305 2201 δὴ
321 2165 369 2192 καὶ
382 2165 516 2201 λέγωμεν,
535 2165 573 2198 ὥς
597 2166 743 2202 πεποίηται
769 2167 819 2202 μὲν
842 2168 856 2194 ὁ

69 2210 204 2247 ἄνθρωπος
219 2213 252 2238 ἐν
269 2212 379 2247 ἀρχαῖς,
398 2212 534 2248 ἁμαρτιας
550 2212 600 2248 μὲν
612 2213 660 2240 καὶ
675 2213 770 2240 παθῶν
785 2214 857 2240 ἀνω-

900 293 929 316 et
941 293 1081 322 accurate,
1099 296 1160 324 quae
1173 297 1223 324 per
1242 290 1342 326 ﬁguras
1357 291 1457 318 tradita
1471 295 1547 322 sunt,
1560 291 1688 318 animad-

899 339 1049 367 vertamus,
1067 343 1099 362 ac
1114 335 1263 370 diligenter
1288 336 1484 372 investigemus
1516 337 1604 372 ipsam
1621 336 1688 372 pul-

900 381 1089 409 chritudinem
1102 381 1246 409 veritatis:
1259 382 1298 410 ita
1324 383 1436 410 demum
1460 383 1565 411 nemini
1583 383 1686 411 obscu-

900 435 960 454 rum
972 435 1032 455 esse
1049 428 1211 464 mysterium
1223 428 1314 456 cultus
1328 429 1356 457 in
1375 430 1472 464 spiritu
1484 430 1596 465 poterit.

934 517 1013 545 CY—R.
1033 518 1168 553 Equidem
1195 519 1306 551 horreo,
1322 519 1443 552 Palladi;
1472 527 1561 554 neque
1583 519 1610 547 id
1626 519 1687 546 sine

899 571 991 596 causa,
1012 569 1041 592 ct
1051 569 1161 600 gravate
1182 565 1331 592 admodum
1349 565 1383 592 ad
1398 565 1451 592 hoc
1479 573 1581 593 munus
1607 573 1686 592 acce-

899 610 945 637 do.
963 610 1066 638 Harum
1083 611 1157 638 enim
1167 619 1261 638 rerum
1279 610 1478 645 contemplatio
1493 610 1530 638 ita
1545 610 1632 638 ardua
1645 615 1688 638 est

899 660 982 691 atque
1013 657 1150 689 sublimis,
1166 661 1198 684 ut
1213 657 1335 684 hIImano
1357 656 1499 684 intellectu
1522 656 1568 683 vix
1583 657 1687 691 percipi

899 705 1000 737 queat:
1015 710 1046 730 ac
1060 703 1083 730 si
1098 703 1161 737 quis
1172 703 1344 730 altitudinem
1367 702 1632 737 contemplationum
1640 710 1687 729 ea—

899 757 961 776 rum
988 758 1048 784 qua:
1063 750 1151 777 latent
1171 749 1200 777 in
1225 750 1295 785 lege,
1314 749 1478 784 spectaverit
1497 756 1553 775 non
1569 747 1688 775 absurde

900 795 983 822 verba
1000 795 1045 822 illa
1059 803 1195 830 usurpare
1209 795 1311 831 poterit
1324 804 1331 822 :
1352 805 1361 821 ‹
1375 795 1444 828 Quis
1459 793 1579 830 sapiens,
1593 797 1621 822 et
1645 793 1688 821 in-

901 841 1006 877 telliget
1022 841 1099 869 hac?
1110 846 1138 870 et
1150 842 1281 877 prudens,
1296 845 1325 869 et
1335 845 1483 877 cognoscet
1497 841 1555 876 ipsa
1566 841 1588 856 ’⁸
1600 840 1612 867 ?
1623 850 1632 866 ›

935 887 1035 915 PALL.
1050 887 1177 923 Magnum
1203 895 1274 923 opus
1285 891 1313 915 et
1337 887 1465 920 arduum,
1492 886 1604 922 Cyrille.
1635 885 1690 913 Sed

904 943 912 959 ι
925 934 1010 969 petite
1019 954 1025 966 ,
1041 943 1049 959 ι
1060 934 1150 968 inquit
1161 933 1297 966 Christus,
1316 943 1325 959 ι
1338 937 1366 960 et
1376 933 1487 960 dabitur
1497 932 1595 964 vobis;
1613 939 1690 967 quaa-

901 979 964 1012 rite,
981 983 1008 1006 et
1019 979 1166 1007 invenietis
1179 988 1186 1012 ;
1209 979 1318 1014 pulsate
1328 999 1336 1011 ,
1353 983 1382 1006 et
1391 979 1530 1014 aperietur
1544 977 1663 1005 vobis".
1677 986 1687 1002 ι

935 1069 1013 1098 CYR.
1027 1069 1198 1106 Pergendum
1213 1069 1296 1105 igitur
1313 1069 1393 1096 nobis
1412 1073 1456 1096 est
1472 1067 1508 1096 ad
1528 1075 1560 1095 ea
1574 1067 1690 1095 investi—

901 1116 987 1151 ganda
1016 1123 1076 1150 quze
1099 1116 1246 1142 utilitatem
1265 1115 1366 1143 aﬂ‘erre
1391 1118 1517 1149 possunt,
1545 1121 1577 1141 ac
1594 1120 1691 1148 preces

901 1160 1111 1195 praemittamus,
1127 1160 1270 1188 dicentes:
1291 1169 1300 1186 ‹
1314 1160 1416 1188 Revela
1439 1159 1535 1186 oculos
1558 1165 1645 1191 meos,
1663 1163 1692 1186 et

901 1203 1085 1231 considerabo
1099 1203 1238 1231 mirabilia
1264 1203 1299 1231 de
1318 1204 1378 1238 lege
1404 1204 1516 1231 tua-’7.»
1544 1203 1615 1230 Ante
1636 1203 1690 1230 alia

903 1249 987 1284 igitur
1009 1248 1157 1276 dicendum
1180 1249 1260 1276 nobis
1282 1253 1325 1276 est
1349 1248 1385 1276 de
1410 1248 1489 1283 lapsu
1508 1248 1630 1275 hominis
1661 1247 1690 1275 in

901 1299 1061 1329 peccatum,
1076 1295 1165 1330 deque
1190 1294 1323 1322 servitute
1346 1299 1429 1330 atque
1454 1294 1616 1329 captivitate
1636 1301 1690 1328 qua

900 1340 929 1375 9
941 1340 992 1368 sub
1007 1341 1130 1368 omnium
1143 1340 1283 1368 communi
1297 1340 1377 1368 hoste
1401 1340 1557 1373 tenebatur,
1574 1343 1605 1367 ut
1619 1346 1690 1374 quo-

903 1387 1049 1415 dammodo
1066 1387 1125 1414 haec
1145 1395 1161 1414 a
1175 1387 1256 1414 nobis
1269 1390 1298 1414 et
1321 1387 1348 1413 in
1369 1386 1452 1414 nobis
1463 1385 1539 1413 ﬁant.
1556 1385 1606 1413 llis
1619 1385 1690 1420 adji-

902 1432 1032 1461 ciendum
1048 1437 1090 1460 est
1109 1432 1248 1468 quomodo
1270 1431 1466 1459 declinandum
1478 1432 1514 1458 sit
1533 1431 1644 1463 amalo,
1663 1434 1693 1458 et

901 1479 1098 1506 excutiendum
1116 1478 1259 1506 servitutis
1284 1479 1392 1514 iugum,
1405 1485 1459 1513 qua
1473 1477 1525 1505 sub
1551 1477 1598 1504 illo
1613 1481 1691 1504 tene-

902 1533 975 1558 mur,
1000 1527 1038 1552 ut.
1053 1524 1086 1552 ad
1108 1524 1253 1559 pristinam
1275 1523 1385 1551 tandem
1410 1523 1607 1560 integritatem,
1633 1530 1692 1549 ser-

902 1576 984 1600 vante
1005 1575 1038 1598 et
1057 1570 1204 1606 adjuvante
1228 1570 1303 1603 Deo,
1320 1571 1413 1598 redire
1438 1570 1587 1606 possimus.
1615 1569 1692 1596 lianc

900 1616 975 1645 enim
994 1616 1065 1643 viam
1086 1615 1109 1643 si
1132 1620 1228 1644 nostra
1251 1615 1339 1643 oratio
1357 1615 1489 1647 tenuerit,
1510 1619 1587 1642 recto
1609 1614 1692 1642 etiam

902 1662 999 1690 itinere
1014 1661 1238 1697 progredientur,
1250 1666 1280 1689 ut
1295 1661 1404 1697 opinor,
1416 1661 1570 1697 etreliqua.

939 1708 1037 1736 PALL.
1059 1708 1144 1735 Recte
1158 1708 1254 1735 sentis.

936 1754 1017 1782 (ΠΒ.
1034 1753 1169 1787 Quocirca
1191 1753 1345 1781 oblationes
1374 1756 1457 1788 atque
1476 1752 1580 1780 hostias
1595 1751 1695 1779 offerre

904 1801 961 1828 Deo
986 1799 1154 1835 spiritualcs,
1172 1803 1270 1834 nempe
1286 1803 1397 1826 strenue
1421 1806 1450 1826 se
1472 1803 1501 1826 et
1520 1798 1696 1825 laudabiliter

903 1846 1083 1881 exsequendas
1098 1845 1208 1872 virtutis
1223 1845 1315 1873 studio
1329 1852 1424 1880 gerere
1433 1865 1441 1878 ,
1457 1844 1570 1872 minime
1581 1844 1616 1872 iis
1628 1852 1696 1871 con-

904 1891 978 1919 venit
995 1890 1043 1926 qui
1061 1898 1090 1918 se
1109 1890 1232 1917 nondum
1251 1897 1266 1917 a
1287 1889 1418 1917 vitiorum
1436 1889 1585 1922 servitute,
1605 1888 1696 1917 domi—

904 1942 1026 1973 natuque
1038 1927 1200 1970 liberarint;
1218 1936 1266 1964 sed
1284 1936 1317 1964 iis
1337 1944 1453 1972 quorum
1474 1936 1583 1963 animus
1606 1935 1640 1963 ad
1660 1935 1696 1962 li-

904 1984 1040 2012 bertatem
1061 1983 1187 2018 erigitur,
1216 1987 1245 2010 et
1271 1983 1306 2010 ad
1331 1982 1527 2010 excutiendum
1555 1981 1699 2010 diabolica

906 2029 1060 2065 tyrannidis
1077 2029 1172 2064 jngum
1193 2035 1248 2055 non
1268 2032 1311 2056 est
1330 2027 1487 2055 incuriosus
1501 2032 1530 2055 et
1547 2027 1696 2064 negligens.

942 2119 1040 2147 PALL.
1060 2118 1217 2146 Assentior:
1232 2123 1306 2149 recte
1321 2126 1440 2153 namque
1452 2118 1604 2146 existimas.

942 2166 1020 2193 (ΝΒ.
1037 2165 1159 2193 Dicimus
1180 2164 1264 2200 igitur
1290 2164 1391 2191 factum
1415 2172 1476 2192 esse
1499 2164 1638 2192 hominem
1664 2163 1699 2191 ab

909 2213 988 2241 initio
1000 2212 1146 2248 ejusmodi,
1163 2216 1204 2244 ut,
1224 2211 1487 2249 quamvisanimum
1506 2212 1622 2240 haberet
1634 2220 1698 2248 pec-

68 2257 132 2292 τὲρω
146 2267 204 2290 πως
219 2258 263 2285 ἐτι
275 2258 327 2293 τὴν
341 2258 459 2285 διάνοιαν
473 2258 552 2301 ἔχων,
564 2259 594 2285 οὐ
608 2259 662 2295 μὴν
679 2260 851 2292 ἀνεπίδεκτος

907 2262 969 2287 cato
986 2263 1015 2287 et
1029 2258 1173 2286 affectibus
1188 2258 1359 2300 superiorem
1371 2278 1379 2290 ,
1402 2266 1458 2285 non
1477 2257 1500 2285 is
1518 2262 1610 2285 tamen
1626 2263 1700 2285 esset

69 2304 200 2337 πιντελῶς
215 2304 270 2339 τῆς
286 2305 329 2339 ἐφ’
341 2302 409 2340 ὅπερ
422 2304 458 2331 ἂν
470 2304 557 2331 ἕλοιτο
579 2306 767 2341 παρατροπῆς.
786 2305 858 2332 Ἐδό-

70 2357 107 2375 κει
131 2350 183 2387 γὰρ
200 2351 276 2386 ἔχειν
292 2349 381 2385 ὀρθῶς
401 2349 440 2385 τῷ
457 2349 566 2378 πάντων
582 2351 759 2387 ἀριστοτέχνῃ
780 2351 855 2387 Θεῷ,

70 2395 116 2421 τῶν
132 2395 203 2423 ἰδίων
218 2396 384 2431 θελημάτων
404 2396 534 2423 ἀνάπτειν
546 2397 620 2432 αὐτῷ
635 2397 686 2428 τὰς
705 2397 793 2433 ἡνίας,
810 2397 857 2425 καὶ

72 2441 204 2469 ἀναθεῖναι
238 2442 306 2478 δρᾷν
331 2442 362 2468 τὸ
385 2442 480 2469 δοκοῦν
502 2442 725 2475 αὑτοκελεύστοις
745 2444 855 2478 ὁρμαῖς.

73 2486 268 2523 Προαιρετιχὴν
286 2486 340 2522 γὰρ
355 2487 425 2519 ἔδει,
440 2487 487 2514 καὶ
504 2488 554 2523 οὐχ
568 2487 663 2523 ὥσπερ
683 2487 713 2520 ἐξ
733 2487 857 2523 ἀνάγκης

75 2532 179 2568 ὁρᾶσθαι
202 2535 254 2569 τὴν
267 2533 380 2570 ἀρετὴν,
405 2533 464 2560 ἀλλ’
475 2533 536 2561 οὐδὲ
555 2533 662 2569 φύσεως
674 2533 767 2569 νόμοις
779 2533 857 2561 ἀδια-

76 2579 177 2611 πτώτως
189 2579 239 2615 ὲρη
244 2579 406 2620 ρεισμξνηνι
414 2579 477 2606 ίδιον
486 2579 539 2615 γὰρ
549 2579 582 2607 ἂν
593 2579 637 2615 εἴη
644 2580 720 2606 τουτὶ
726 2580 776 2615 τῆς
787 2580 860 2607 ἀνω-

78 2624 141 2652 τάτω
157 2626 252 2653 πασῶν
265 2626 362 2658 οὐσίας
384 2625 432 2653 καὶ
455 2626 601 2662 ὑπεροχῆς.
628 2626 739 2662 Ἐπειδὴ
752 2626 782 2653 δὲ
802 2627 858 2658 τοῖς

78 2669 121 2704 τῆς
133 2670 198 2702 ἰδίας
212 2671 323 2706 φύσεως
336 2671 426 2705 λόγοις
440 2671 471 2698 τὸ
484 2671 553 2703 ζῶον
562 2672 715 2707 ἀπήρτιστο
730 2680 859 2708 τεχνουρ-

81 2716 180 2750 γοῦντος
202 2717 288 2749 Θεοῦ,
316 2717 496 2744 κατεπλούτει
520 2718 692 2754 παραχρῆμα
716 2717 766 2754 τὴν
790 2718 859 2754 πρὸς

80 2761 151 2788 αὑτὸν
165 2763 304 2798 ὁμοίωσιν.
330 2763 540 2798 Ἐνεχαράττετο
556 2763 610 2799 γὰρ
625 2763 699 2799 αὺτῷ
713 2764 763 2799 τῆς
785 2763 860 2794 θείας

82 2808 209 2845 φύσεωςή
234 2809 336 2843 εἰκὼν,
362 2809 566 2845 ὲμφυσηθέντος
588 2811 666 2845 ἁγίου
689 2810 858 2845 Πνεὺματος.

908 2309 939 2332 ut
951 2305 979 2332 in
993 2309 1195 2339 utramcunque
1208 2307 1314 2338 partem
1327 2304 1419 2336 vellet,
1437 2303 1509 2330 ﬂecti
1527 2311 1582 2330 non
1595 2307 1698 2337 posset.

907 2351 1016 2379 Etenim
1034 2350 1073 2378 illi
1090 2358 1183 2378 rerum
1200 2350 1392 2377 universarum
1409 2349 1514 2384 optimo
1533 2348 1624 2384 opiﬁci
1643 2350 1700 2376 Deo

906 2396 1093 2424 rectissimum
1106 2400 1149 2424 est
1159 2396 1260 2428 visum,
1281 2396 1399 2431 propriae
1413 2395 1565 2423 voluntatis
1579 2395 1701 2422 habenas

907 2444 947 2471 illi
960 2444 1132 2479 permittere,
1147 2442 1361 2478 spontaneisque
1371 2441 1516 2469 conatibus
1527 2441 1660 2473 tribuere,
1673 2440 1700 2468 id

910 2493 941 2517 ut
952 2490 1064 2522 faceret,
1078 2489 1152 2524 quod
1169 2489 1279 2517 libitum
1290 2488 1398 2516 fuisset.
1417 2487 1567 2523 Oportebat
1583 2487 1656 2515 enim
1670 2491 1702 2514 ut

911 2535 1000 2563 virtus
1011 2534 1151 2562 voluntate
1164 2538 1301 2569 suscepta,
1318 2541 1373 2561 non
1384 2533 1411 2560 vi
1425 2532 1597 2560 necessitatis
1609 2537 1703 2560 coacta

913 2581 1073 2614 videretur;
1097 2584 1145 2608 aut
1163 2580 1199 2608 ita
1213 2585 1318 2607 natura:
1339 2579 1398 2615 lege
1419 2579 1541 2611 munita,
1558 2583 1588 2606 ut
1605 2578 1702 2606 cadere

910 2628 1023 2655 omnino
1036 2635 1090 2654 non
1103 2631 1197 2662 posset
1210 2635 1216 2652 :
1238 2625 1266 2653 id
1280 2625 1354 2653 enim
1374 2625 1412 2652 illi
1430 2633 1566 2661 suprema:
1579 2624 1703 2652 omnium

909 2674 1036 2702 essentia
1062 2678 1144 2708 atque
1165 2672 1334 2700 excellentia:
1358 2671 1499 2706 proprium
1527 2674 1579 2698 est.
1605 2671 1703 2698 Postea

910 2727 976 2747 vero
994 2727 1076 2754 quam
1099 2718 1217 2754 propria
1232 2722 1338 2745 natura:
1356 2716 1509 2744 rationibus
1530 2717 1582 2743 hoc
1602 2715 1703 2743 animal

912 2765 1067 2793 absolutum
1086 2764 1138 2792 fuit
1157 2763 1254 2799 opiﬂce
1278 2763 1344 2794 Deo,
1362 2762 1454 2789 statim
1477 2762 1549 2789 illius
1572 2761 1703 2788 similitu-

912 2811 976 2838 dine
988 2810 1132 2846 prxrditum
1146 2813 1196 2838 est.
1212 2809 1344 2843 lmpressa
1361 2807 1434 2834 enim
1448 2807 1476 2834 in
1491 2806 1538 2834 illo
1552 2810 1594 2833 est
1605 2806 1705 2834 divina:

105 2897 198 2926 “(hoc
223 2909 281 2934 xlv,
303 2899 345 2926 10.
385 2899 406 2915 “
423 2899 517 2927 Matth.
535 2908 580 2933 vn,
600 2900 626 2926 7.
666 2901 686 2916 ’⁷
705 2899 775 2927 Psal.
804 2907 894 2931 «:xvm,
917 2897 959 2926 18,
