1929 3042
236 166 286 195 ιιτ

746 168 774 196 8.
795 169 932 199 CYRILLI
951 171 1189 203 ALEXANDRINI
1206 176 1365 205 AKCEI'EP’.

1814 174 1866 204 με

236 227 326 263 imago
339 231 452 260 natura,
463 228 595 262 mspirato
605 227 710 262 Spiritu
719 233 823 257 saneto.
833 230 894 265 Ipse
906 239 1021 267 namque

1077 235 1146 260 Δύτδ
1162 235 1213 270 γάρ
1228 235 1330 269 ὲστινὴ
1347 231 1413 270 πνοῆ
1434 236 1484 271 τῆς
1498 236 1580 271 ζωῆς,
1594 235 1656 262 ἔπει
1666 244 1708 263 τοι
1721 235 1779 271 ζωὴ
1795 236 1865 264 κατὰ

233 277 278 300 est
289 272 402 307 spiritus
416 273 460 300 ille
478 273 551 304 vitae,
566 272 789 308 quandoquidem
808 275 960 304 secundum
972 285 1023 304 na-

234 322 326 346 turam
338 318 393 345 vita
402 317 475 345 Deus
486 322 537 345 est.

268 363 367 390 PALL.
387 363 492 398 Ergone
511 364 602 392 anima
616 365 720 393 homini
731 366 843 395 divinus
857 367 972 403 spiritus
980 373 1023 397 est

233 409 341 436 factus?
504 421 507 423 '

267 455 346 482 CYR.
367 454 509 488 Quomodo
525 464 580 484 non
602 458 831 486 absurdissimum
848 460 885 488 sit
903 460 940 488 ita
958 468 1022 488 sen—

235 501 303 529 tire?
320 501 365 528 Sic
379 502 452 529 enim
468 502 646 531 immutabilis
662 505 721 539 ipsa
737 510 846 540 quoque
861 507 951 533 anima
961 514 1024 541 per-

233 548 395 581 mansisset;
415 556 489 576 nunc
509 557 575 578 vero
588 551 728 578 mutabilis
749 556 801 579 est.
818 552 957 580 Mutahilis
972 561 1023 580 au-

233 598 288 621 tem
305 594 382 621 nullo
406 594 488 621 modo
508 595 623 629 spiritus
645 601 705 630 est;
721 602 786 629 aut,
813 598 836 625 si
862 599 1024 626 mutationis

233 638 330 666 morbo
351 638 468 672 laborat,
485 639 518 666 ad
533 640 620 675 ipsam
644 641 692 668 Dei
711 646 836 669 naturam
861 643 919 671 haec
948 645 1023 672 labes

232 684 402 718 pertinebit;
421 685 555 719 siquidem
573 693 616 714 est
635 687 682 714 Dei
696 691 724 714 et
740 688 827 716 Patris
843 694 870 716 et
888 690 960 723 Filii,
978 691 1023 719 ille

233 734 280 768 qui
296 734 513 762 substantialitcr
539 743 572 762 cx
597 741 723 772 utroque,
742 738 871 766 nimirum
892 748 925 767 ex
944 740 1023 768 Patre

232 787 282 814 per
303 780 402 808 Filium
415 781 528 815 proﬂuit
551 780 678 816 Spiritus.
698 782 819 810 Stultum
835 784 917 819 igitur
939 785 1023 813 fuerit

233 829 328 859 putare
341 830 465 852 sanctum
474 825 605 860 Spiritum
617 827 643 854 in
654 827 771 854 animam
780 836 840 855 esse
849 836 1022 862 conversum,

233 876 262 898 et
275 871 303 898 in
327 871 447 898 hominis
465 872 595 899 transisse
610 877 747 900 naturam.
772 873 826 901 Sed
842 873 957 902 formata
978 876 1023 902 illa

233 924 322 944 massa
338 918 471 944 ineﬂabili
488 918 541 952 10
554 919 656 946 virtute
670 919 789 947 animata
801 920 863 951 luit,
877 925 905 948 et
922 921 1022 948 evesti-

233 963 278 998 gio
292 963 410 998 Spiritus
426 965 514 991 sancti
535 973 650 992 munere
674 966 819 998 decorata;
842 974 931 1001 neque
950 968 1023 994 enim

233 1010 286 1036 alia
299 1010 406 1038 ratione
424 1011 517 1038 divina
534 1012 651 1047 imagine
667 1011 748 1039 ditari
766 1017 933 1047 poteramus.

269 1056 368 1083 PALL.
382 1057 467 1085 Recte
485 1056 534 1084 ais.

267 1102 346 1130 ΟΥΕ.
364 1102 435 1130 Huic
452 1103 537 1138 igitur
547 1103 657 1138 opiﬁcio
681 1104 722 1131 sic
742 1110 884 1137 exornato,
904 1105 1023 1140 paradisi

232 1148 321 1180 sedes,
338 1149 367 1175 in
382 1149 483 1183 quibus
497 1155 663 1181 versaretur,
680 1149 794 1184 largitus
804 1155 846 1178 cst
865 1151 947 1177 Deus.
969 1150 1023 1177 Sed

232 1196 297 1230 quia
314 1202 423 1230 aequum
438 1199 507 1227 erat,
523 1194 662 1222 hominem
687 1195 723 1222 ita
738 1199 909 1227 exornatum,
919 1200 947 1223 et
966 1203 1022 1223 coa—

231 1240 343 1268 lestium
368 1240 503 1268 bonorum
529 1240 607 1274 copit
637 1240 794 1274 praeditum,
818 1248 873 1267 non
891 1240 969 1268 facile
995 1241 1022 1268 in

231 1287 416 1322 arrogantiam
431 1287 553 1322 pertrahi
571 1287 671 1317 sinere,
688 1293 742 1313 non
755 1292 947 1321 agnoscentem
964 1295 1022 1314 scr-

230 1333 279 1359 vili
294 1340 323 1360 se
338 1339 399 1360 esse
422 1332 581 1359 conditione
591 1352 597 1363 ,
609 1332 778 1366 modumque
807 1336 913 1359 certum
936 1333 1024 1359 servis

231 1386 291 1405 esse
320 1378 501 1406 constitutum
524 1377 581 1413 (ille
604 1384 722 1412 namque
748 1377 820 1404 latus
852 1378 886 1404 ad
908 1378 1023 1413 gloriam

230 1430 338 1455 cursus.
356 1429 384 1452 et
402 1423 547 1451 immodica
560 1424 684 1455 libertas,
700 1423 733 1451 ad
748 1424 926 1459 supercilium
937 1428 965 1451 et
975 1432 1023 1451 ex-

231 1471 365 1497 secrabile
382 1466 480 1497 vitium
495 1469 652 1506 pertrahit),
683 1470 746 1497 ideo
767 1470 810 1497 lex
824 1470 864 1496 illi
879 1471 1023 1498 continen-

231 1516 276 1543 tia:
288 1515 351 1542 data
366 1518 418 1546 est,
435 1522 495 1550 quas
515 1515 624 1542 occasio
635 1515 672 1542 illi
687 1520 760 1542 esset
773 1514 917 1542 Dominum
939 1523 1024 1551 τιςηο-

1075 279 1155 313 φύσιν
1169 281 1182 306 ὁ
1195 280 1272 312 Sed;

1109 368 1214 394 HAAA.
1229 365 1293 404 Ἆρ’
1308 366 1354 395 οὖν
1367 368 1441 404 ψυχὴ
1455 368 1494 404 τῷ
1513 367 1649 403 ἀνθρώπῳ
1664 368 1695 394 τὸ
1710 368 1783 395 θεῖον
1803 368 1865 403 ὲγέ-

1073 421 1134 440 νετο
1148 415 1257 449 πνεῦμα
1269 423 1277 447 ;

1109 459 1191 486 ΚΥΡ.
1208 461 1264 488 Καὶ
1282 461 1341 492 πῶς
1357 461 1406 488 οὐκ
1420 461 1519 488 ἄτοπον
1532 461 1630 497 κομιδῇ
1649 461 1681 487 τὸ
1692 461 1756 496 τῇδε
1776 461 1864 492 νοεῖν;

1074 503 1112 532 Ἦ
1124 505 1179 540 γὰρ
1194 506 1227 533 ἂν
1244 507 1388 542 ἄτρεπτος,
1406 507 1454 533 καὶ
1473 507 1542 542 αὐτή
1563 516 1614 533 που
1628 506 1832 541 διαμεμένηκεν
1847 507 1864 540 ἡ

1073 551 1145 586 ψυχή
1157 561 1163 567 ·
1180 552 1238 578 νυνὶ
1253 552 1282 578 δέ
1297 553 1355 578 ἐστι
1371 553 1486 587 τρεπτή.
1507 552 1631 588 Τρεπτὸν
1643 553 1672 579 δὲ
1691 552 1750 579 οὔτι
1770 560 1821 578 που
1835 551 1866 577 τὸ

1074 598 1182 633 πνεῦμά
1194 599 1277 625 ἐστιν.
1290 598 1325 624 Ἢ
1335 599 1413 632 ειπερ
1426 598 1457 624 τὸ
1468 597 1617 633 τρέπεσθαι
1629 598 1712 628 νοσεῖ,
1724 597 1768 622 ἐπ’
1780 596 1867 630 αὐτὴν

1073 644 1088 670 ὁ
1103 644 1198 679 μῶμος
1210 646 1259 679 τὴν
1273 644 1347 670 θείαν
1363 643 1558 679 ὰναδραμεῖται
1575 643 1675 677 quam;
1696 642 1779 677 εἰπερ
1803 641 1865 668 ἐστὶ

1073 691 1120 716 τοῦ
1138 691 1205 717 Θεοῦ
1218 692 1265 717 καὶ
1280 690 1404 726 Πατρὸς,
1420 689 1467 716 καὶ
1483 690 1536 724 μὴν
1555 690 1602 716 καὶ
1616 689 1662 716 τοῦ
1681 688 1756 720 Ποῦ,
1775 687 1807 714 τὸ
1822 687 1866 713 οὑ-

1075 735 1178 767 σιωδῶς
1191 736 1221 768 ἐξ
1235 737 1346 771 ἀμφοῖν,
1361 737 1445 772 ἧγουν
1461 736 1492 761 ἐκ
1509 735 1614 770 [ἰατρὸς
1625 735 1658 761 δι’
1670 733 1736 760 Υἱοῦ
1751 732 1867 768 προχεὸ-

1076 789 1155 816 μενον
1170 781 1292 816 Πνεῦμα.
1315 781 1430 817 ames;
1440 778 1486 807 οὖν
1498 780 1552 815 ἄρα
1566 780 1596 807 τὸ
1607 781 1647 810 εἰς
1659 780 1750 814 ψυχὴν
1762 778 1867 805 οἴεσθαι

1076 827 1299 862 μεταπεπλάσθαι
1312 828 1343 854 τὸ
1363 827 1486 862 Πνεῦμα,
1500 827 1547 853 καὶ
1564 828 1604 858 εἰς
1622 825 1770 861 ἀνθρώπου
1786 833 1868 859 μετα-

1075 872 1198 908 χωρῆσαι
1209 873 1297 906 φύσιν.
1309 873 1378 900 Ἀλλ’
1390 872 1522 909 sti/010610
1538 872 1587 907 μὲν
1599 872 1629 898 τὸ
1639 869 1867 905 πλαστουργηθὲν

1076 918 1190 953 ἀρρήτῳ
1204 919 1317 954 δυνάμει
1330 928 1336 933 ·
1358 917 1572 945 κατεκαλλὺνετο
1595 917 1623 943 δὲ
1640 916 1812 951 παραχρῆμα
1833 916 1866 949 τῇ

1073 964 1120 990 τοῦ
1138 964 1291 999 πνεύματος
1304 965 1385 992 δόσει.
1402 962 1456 991 Ἦν
1472 964 1527 999 γὰρ
1545 963 1594 998 οὐχ
1609 962 1710 997 ἑτέρως
1723 961 1774 995 τὴν
1792 959 1866 986 θείαν

1073 1011 1148 1044 ἡμᾶς
1162 1010 1254 1037 εἰκόνα
1267 1011 1395 1038 δύνασθαι
1410 1010 1544 1037 πλουτεῖν.

1110 1055 1214 1083 ΠΑΛΛ.
1232 1055 1269 1083 Εὖ
1287 1057 1384 1091 λέγεις.

1110 1101 1192 1128 ΚΥΡ.
1209 1102 1429 1136 Κατακοσμήσας
1445 1101 1476 1137 δὴ
1490 1098 1537 1128 οὖν
1551 1099 1581 1127 τδ
1591 1100 1713 1134 τέχνημα
1727 1097 1806 1128 Θεὸς,
1819 1096 1867 1131 τὴν

1073 1150 1102 1176 ὲν
1116 1147 1271 1183 παραδείσῳ
1282 1147 1389 1174 δίαιταν
1404 1146 1555 1182 ἐχαρίζετο.
1581 1144 1691 1179 Ἐπειδὴ
1705 1144 1733 1170 δὲ
1752 1143 1808 1169 ἔδει
1822 1142 1867 1169 τὸν

1073 1195 1160 1226 οὕτως
1179 1193 1430 1228 κατηγλαῖσμένον,
1453 1192 1500 1218 καὶ
1514 1193 1546 1227 τῇ
1561 1191 1614 1217 τῶν
1629 1190 1732 1217 ἄνωθεν
1754 1188 1867 1222 ἀγαθῶν

1071 1240 1190 1275 ἀφθονίᾳ
1214 1238 1452 1273 κατεστεμμένον,
1477 1237 1514 1272 μὴ
1538 1236 1657 1267 εὐκόλως
1678 1233 1867 1270 ἀναφέρεσθαι

1073 1286 1142 1321 προς
1164 1284 1324 1316 ἀλαζονείαν
1346 1285 1404 1319 ὲᾷν,
1419 1283 1569 1317 ἀγνοοῦντα
1591 1283 1641 1316 τὴν
1659 1281 1794 1313 δουλείαν,
1820 1280 1868 1306 καὶ

1073 1331 1110 1363 ὡς
1124 1331 1182 1357 ἐστι
1196 1330 1294 1365 μέτρον
1312 1330 1364 1356 τῶν
1378 1329 1520 1356 οικετικῶν
1536 1328 1576 1363 (τὸ
1594 1328 1648 1363 γάρ
1665 1335 1705 1353 τοι
1723 1326 1785 1352 λίαν
1801 1326 1866 1361 εὖρῦ

1074 1378 1142 1412 πρὸς
1159 1378 1190 1403 τὸ
1202 1376 1322 1407 εὐκλεὲς,
1340 1376 1389 1402 καὶ
1402 1375 1431 1402 τὸ
1446 1374 1573 1409 ἀμέτρως
1594 1372 1747 1407 ἐλεύθερον,
1763 1371 1868 1406 ἀποφέ-

1075 1431 1116 1459 ρει
1130 1422 1198 1457 πρὸς
1208 1422 1238 1448 τὸ
1253 1421 1394 1457 ὑπὲροςρρο
1410 1419 1456 1446 καὶ
1471 1419 1607 1454 ἐπάρατον
1621 1417 1735 1450 πάθος),
1754 1416 1828 1451 πρόῳ
1835 1424 1867 1442 α-

1075 1475 1116 1498 σις
1131 1465 1206 1501 αὐτῷ
1219 1465 1266 1492 τοῦ
1291 1465 1328 1500 μὴ
1343 1465 1451 1498 ἀγνοεῖν
1468 1463 1514 1489 τὸν
1532 1462 1681 1497 Δεσπότην,
1701 1460 1867 1497 ἐγκρατείας

1074 1513 1158 1548 ὲδόθητ
1168 1513 1249 1546 νόμος
1261 1519 1267 1526 ·
1286 1511 1329 1537 ἵνα
1343 1510 1375 1536 δι’
1399 1509 1481 1537 αὑτοῦ
1497 1509 1607 1536 καλοῖτο
1624 1509 1693 1543 πρὸς
1712 1508 1867 1542 ἀνάμνησιν

231 1560 337 1591 scendi,
346 1564 376 1587 ut
386 1567 434 1595 per
445 1567 504 1587 eam
516 1567 625 1594 semper
635 1559 668 1586 ad
679 1560 837 1586 memoriam
850 1564 1021 1587 revocaretur

1077 1559 1120 1586 ἀεὶ
1132 1557 1181 1584 τοῦ
1202 1557 1259 1592 μετ’
1273 1556 1398 1588 ἐξουσίας
1412 1553 1627 1591 προστεταχότος
1636 1573 1643 1584 ,
1662 1553 1709 1579 καὶ
1721 1552 1807 1586 εἰδείη
1821 1560 1867 1578 σα-

231 1606 307 1633 illius
334 1605 382 1640 qui
411 1605 556 1640 potestatis
578 1605 640 1640 jure
665 1604 863 1640 prmeepisset,
890 1610 1021 1640 certoque

231 1649 316 1678 sciret
331 1656 361 1676 se
381 1649 560 1677 dominatoris
576 1649 682 1684 legibus
704 1657 765 1677 esse
786 1650 951 1685 subjectum.
968 1650 1021 1679 Sed

231 1696 316 1731 impia
331 1696 378 1722 illa
393 1696 504 1730 Deoquc
518 1703 600 1722 exosa
612 1695 702 1722 bellua
717 1703 772 1722 non
787 1695 956 1730 quiescebat.

266 1740 364 1769 PALL.
380 1740 518 1772 Satanam,
532 1740 641 1775 opinor,
653 1740 793 1776 intelligis.
805 1741 853 1775 qui
870 1749 885 1768 e
900 1742 1022 1769 caelesti—

231 1788 284 1815 bus
307 1787 423 1814 orbibus
441 1787 558 1822 fulguris
581 1787 668 1814 instar
691 1787 815 1822 dejectus
836 1788 921 1816 est“.
946 1787 1022 1816 Adeo

230 1833 305 1861 enim
315 1833 415 1868 puerili
428 1832 546 1860 stultitia
559 1832 706 1865 laboravit,
721 1837 752 1860 ut
763 1833 836 1861 Deus
850 1839 911 1861 esse
925 1834 1021 1866 vellet,

231 1883 259 1906 et
275 1886 337 1913 quas
355 1886 437 1914 supra
456 1882 582 1906 naturam
602 1886 679 1906 suam
694 1883 782 1912 erant,
796 1880 910 1908 demens
929 1880 1022 1908 animo

231 1923 362 1958 ﬁngeret.-

266 1968 344 1996 (ΝΒ.
361 1968 469 2004 Optime
493 1969 616 2004 conjieis.
631 1969 699 1996 Nam
718 1978 780 1998 cum
793 1970 905 1998 invidia
919 1975 948 1998 et
959 1978 1023 2006 pec-

231 2015 285 2042 cati
298 2019 372 2042 esset
398 2015 536 2047 inventor,
558 2023 615 2042 non
643 2015 696 2042 sibi
721 2016 884 2044 cessandum
903 2018 1019 2052 putavit,

231 2060 379 2096 quominus
395 2060 468 2087 circa
483 2065 620 2087 terrenum
641 2060 751 2093 animal,
764 2061 792 2088 id
813 2065 855 2089 est
871 2062 1020 2096 hominem,

231 2106 337 2142 aliquid
356 2107 539 2142 experiretur.
562 2107 631 2134 Tum
648 2107 712 2135 dolo
730 2112 759 2135 et
772 2108 879 2136 artibus
891 2116 954 2136 eum
974 2117 1022 2145 ag—

231 2159 351 2188 gressus,
380 2152 414 2180 ad
431 2145 646 2180 inobedicntiam
662 2154 805 2189 pertraxit,
833 2155 949 2183 muliere
972 2164 1022 2191 pro

231 2199 414 2226 instrumento
427 2206 484 2225 sua:
501 2198 661 2225 calliditatis
672 2206 748 2226 usus.
759 2198 874 2234 Semper
884 2199 958 2227 enim
971 2207 1022 2227 nos

231 2245 266 2272 ad
283 2244 492 2280 turpitudinem,
511 2244 564 2271 hoc
579 2248 637 2277 est,
655 2245 688 2272 ad
704 2249 846 2280 peccatum
865 2246 1021 2281 impellunt,
1037 2239 1059 2266 ί)

231 2299 293 2327 quae
304 2290 449 2318 nobiscum
457 2294 486 2329 et
499 2291 527 2317 in
542 2290 623 2318 nobis
637 2291 775 2318 exsistunt
783 2291 938 2326 voluptates
947 2300 954 2324 ;
963 2299 1024 2319 mu—

231 2338 284 2365 lier
306 2341 398 2375 autem
421 2336 506 2372 ﬁgura
528 2341 569 2364 est
587 2337 752 2373 voluptatis;
772 2337 913 2366 blanditiis
939 2344 1022 2373 porro

231 2384 403 2418 voluptatum
415 2383 524 2410 illectus
542 2383 649 2411 animus
664 2383 825 2419 frequenter
841 2383 874 2411 ad
892 2383 933 2416 id,
948 2384 1022 2418 quod

231 2431 346 2463 minime
367 2430 488 2463 volebat,
504 2430 651 2458 delabitur.
674 2431 752 2465 Quod
777 2432 860 2467 igitur
883 2432 912 2458 in
935 2432 1022 2459 Adam

230 2482 362 2511 tanquam
375 2476 404 2504 in
418 2476 552 2504 crassiore
566 2477 685 2512 quadam
700 2484 794 2504 rerum
806 2477 924 2512 imagine
938 2477 1021 2505 etiam

231 2521 357 2550 sensibili
375 2521 456 2549 modo
472 2522 634 2550 usuvenisse
648 2522 844 2557 conspicimus,
857 2522 912 2549 hoc
932 2522 1021 2557 ipsum

230 2570 260 2596 in
280 2575 445 2604 unoquoque
458 2573 585 2596 nostrum
606 2568 742 2604 spirituali
759 2569 840 2596 modo
859 2577 891 2597 ac
905 2569 1023 2597 latemcr

232 2614 351 2652 impleri,
366 2613 439 2641 haud
463 2613 574 2641 difﬁcile
599 2618 642 2641 est
662 2613 768 2641 videre.
794 2614 926 2649 Voluptas
948 2615 1021 2642 enim

232 2659 367 2695 aﬂ‘ulgens
390 2659 536 2695 pmstigiis
561 2659 619 2686 suis
642 2658 758 2686 fascinat
777 2663 915 2692 mentem,
935 2667 1024 2695 eoque

231 2706 365 2742 paulatim
381 2706 505 2738 deducit,
523 2711 554 2732 ut
570 2705 738 2732 arbitremur
746 2705 805 2741 jam
822 2705 926 2733 nullius
944 2706 1024 2741 plane

232 2750 365 2777 momenti
379 2757 442 2778 esse
455 2750 556 2787 divinae
571 2749 640 2784 legis
653 2749 840 2778 violationem.
860 2751 946 2786 [dque
957 2759 1023 2778 eon-

233 2795 323 2823 ﬁrmat
339 2797 383 2824 ille
397 2795 500 2823 Christi
516 2795 678 2830 discipulus.
700 2804 762 2824 cum
783 2796 851 2824 dicit
867 2805 873 2822 ε
899 2807 908 2823 ‹
927 2798 1022 2829 Nemo,

269 2885 291 2900 "
303 2884 371 2911 Luc.
387 2892 413 2916 ι,
428 2884 471 2911 is.

1074 1605 1143 1640 φῶς,
1162 1604 1200 1636 ὡς
1224 1603 1298 1630 ἔστιν
1323 1602 1527 1636 ὑπεζευγμένος
1547 1602 1604 1632 τοῖς
1625 1599 1672 1626 τοῦ
1701 1599 1867 1634 κρατοῦντος

1073 1651 1194 1686 θεσμοῖς.
1214 1649 1283 1675 Ἀλλ’
1302 1649 1352 1675 οὐκ
1365 1648 1464 1684 ἠρέμει
1480 1647 1510 1674 τὸ
1523 1647 1630 1673 ἀνόσιον
1644 1647 1732 1672 ἐκεῖνο
1747 1646 1794 1672 καὶ
1809 1646 1868 1673 θεο-

1075 1696 1152 1732 μισὲς
1167 1694 1271 1730 θηρίον.

1107 1742 1214 1769 ΠΔΛΛ.
1228 1741 1313 1775 Φαίης
1329 1740 1362 1767 ἂν
1379 1738 1456 1775 οἶμαί
1478 1748 1529 1766 που
1544 1739 1590 1765 τὸν
1604 1739 1726 1765 Σατανᾶν
1737 1757 1744 1768 ,
1763 1737 1793 1768 ὃς
1812 1736 1867 1763 τῶν

1071 1788 1205 1824 οὐρανίων
1223 1787 1326 1822 ἀψίδων
1354 1786 1498 1821 ἀστραπῆς
1524 1785 1603 1820 δίκην
1632 1783 1864 1819 ιιατψιοντίζετο⁸

1072 1835 1160 1861 νοσεῖν
1171 1833 1225 1868 γὰρ
1237 1831 1312 1867 αὐτῷ
1330 1831 1517 1868 μειρακιωδῶς
1532 1831 1619 1858 ἐδόκει
1631 1831 1662 1857 τὺ
1680 1830 1769 1856 θέλειν
1793 1826 1865 1855 εἶναι

1072 1879 1159 1912 Θεὸς,
1180 1879 1228 1906 καὶ
1250 1877 1284 1904 τὰ
1301 1877 1372 1912 ὑπὲρ
1399 1876 1480 1911 φύσιν
1501 1876 1551 1912 τὴν
1568 1876 1665 1904 ἑαυτοῦ
1689 1875 1866 1910 παραδηλῶν,

1072 1925 1247 1961 ὲφαντάζετο.

1108 1972 1190 1999 ΚΥΡ.
1213 1969 1401 2005 Διατεκμαίρῃ
1413 1968 1514 2000 καλῶς.
1530 1967 1630 1994 Φθόνου
1644 1967 1698 2002 γὰρ
1713 1966 1762 1993 καὶ
1777 1966 1868 2000 ἁμαρ-

1072 2018 1133 2049 τίας
1164 2016 1278 2051 εὑρετὴς
1293 2016 1340 2046 ὢν,
1356 2016 1403 2042 καὶ
1423 2015 1528 2050 πατὴρ,
1546 2014 1694 2049 ἀπρακτεῖν
1714 2013 1765 2038 οὐκ
1787 2011 1866 2047 ἧϐελε

1073 2064 1137 2099 περὶ
1157 2063 1188 2090 τὸ
1204 2064 1252 2089 ἐπὶ
1271 2062 1323 2097 γῆς
1345 2061 1425 2094 ζῶον,
1448 2060 1520 2087 τοῦτ’
1541 2060 1616 2089 ἐστι.
1642 2059 1687 2085 τὸν
1709 2058 1866 2094 ἄνθρωπον,

1073 2109 1139 2137 Εἶτα
1162 2108 1230 2144 δόλῳ
1252 2108 1300 2135 καὶ
1318 2107 1438 2138 ἀπάταις
1460 2105 1595 2135 ὑπελθὼν,
1616 2105 1807 2139 παρεκόμισεν
1827 2105 1868 2135 εἰς

1073 2155 1226 2191 παρακοὴν,
1242 2153 1410 2189 πανουργίας
1421 2152 1530 2188 ὀργάνῳ
1544 2150 1583 2186 τῷ
1595 2150 1698 2185 γυναίῳ
1711 2149 1866 2186 χρώμενος.

1079 2202 1135 2228 ’Δεὶ
1150 2200 1205 2235 γάρ
1221 2207 1280 2230 πως
1301 2199 1374 2234 ἡμᾶς
1397 2197 1571 2224 κατασείουοι
1591 2196 1659 2230 πρὸς
1675 2195 1705 2221 τὸ
1728 2194 1846 2225 ἀκαλλὲς
1859 2214 1867 2225 ,

1074 2246 1147 2274 τοῦτ’
1161 2246 1246 2276 ἑστιν,
1261 2245 1302 2275 είς
1312 2244 1461 2279 ἁμαρτίαν,
1472 2243 1500 2269 αἱ
1517 2243 1566 2268 σὺν
1581 2242 1646 2277 ἡμῖν
1657 2249 1686 2267 τε
1698 2241 1746 2267 καὶ
1758 2241 1788 2267 ὲν
1800 2240 1867 2275 ἡμῖν

1075 2292 1181 2329 ἡδοναί·
1194 2291 1291 2327 ἡδονῆς
1302 2290 1331 2317 δὲ
1345 2289 1438 2321 τύπος,
1453 2289 1469 2323 ἡ
1483 2289 1550 2323 γυνή
1560 2295 1567 2302 ‘
1580 2286 1710 2318 θωπείαις
1725 2285 1754 2312 δὲ
1768 2287 1828 2316 ταῖς
1837 2285 1867 2317 ἐξ

1075 2337 1175 2374 ἡδονῶν
1192 2336 1305 2364 καταθεῖ
1329 2334 1459 2364 πολλάκις
1475 2333 1521 2359 ἐπὶ
1542 2331 1572 2358 τὸ
1583 2330 1744 2366 ἀνεθέλητον
1760 2331 1775 2356 ὀ
1794 2329 1865 2360 νοῦς.

1077 2385 1165 2420 Ὅπερ
1191 2380 1238 2410 οὖν
1255 2383 1284 2408 ἒν
1313 2381 1399 2415 ’Δδὰμ
1416 2379 1454 2411 ὡς
1476 2380 1505 2405 ὲν
1525 2378 1607 2413 πάχει
1624 2376 1796 2413 πραγμάτων
1820 2376 1868 2402 καὶ

1075 2431 1213 2467 αἰσθητῶς
1229 2429 1327 2465 ὁρᾶται
1345 2425 1534 2463 ωμὸεὸηκὺς,
1550 2424 1629 2451 τοῦτο
1643 2423 1691 2450 καὶ
1711 2424 1740 2449 ὲν
1757 2422 1867 2456 ἑκάστῳ

1073 2478 1128 2505 τῶν
1145 2477 1207 2504 καθ’
1221 2476 1305 2511 ἡμᾶς,
1326 2473 1430 2509 νοητῶς
1444 2481 1473 2498 τε
1487 2471 1534 2498 καὶ
1547 2468 1746 2505 κεκρυμμένως
1761 2467 1866 2494 κατίδοι

1073 2534 1117 2557 τις
1129 2525 1164 2552 ἂν
1177 2521 1377 2559 πληρούμενον.
1396 2517 1636 2555 Προανατέλλουσα
1648 2514 1703 2549 γὰρ
1719 2514 1803 2549 ἡδονὴ
1816 2521 1866 2539 χα-

1074 2570 1234 2606 ταγοητεύει
1246 2568 1292 2595 τὸν
1302 2567 1375 2598 νοῦν,
1391 2563 1517 2593 καὶκατὰ
1530 2561 1616 2598 βραχὺ
1631 2560 1741 2595 ὑποςπᾷ
1754 2559 1823 2606 πρρς
1835 2559 1866 2585 τδ

1073 2605 1177 2644 οἴεσθαι
1190 2615 1293 2646 λοιπὸν,
1315 2614 1344 2641 τὸ
1365 2611 1448 2648 μηδὲν
1463 2608 1533 2637 εἶναι
1552 2605 1707 2638 παντελῶς,
1723 2605 1771 2633 τοῦ
1793 2605 1866 2632 θείου

1070 2664 1155 2699 νόμου
1170 2656 1337 2698 παράϐασιν.
1353 2659 1409 2686 Καὶ
1432 2656 1599 2684 πιστώσεται
1614 2654 1701 2687 λέγων
1718 2653 1732 2679 6
1746 2652 1866 2699 Χριστοιῖ

1073 2698 1208 2743 μαθητής·
1224 2716 1233 2732 ε
1255 2705 1358 2741 Μηδεὶς
1377 2702 1584 2738 πειραζόμενος,
1607 2699 1709 2734 λεγέτω
1734 2699 1777 2725 ὅτι
1802 2698 1867 2724 Ἀπὸ

1071 2753 1139 2779 0ιοῦ
1151 2752 1326 2788 πειράζομαι.
1340 2750 1369 2776 '0
1377 2748 1431 2783 γὰρ
1439 2747 1505 2778 Θεὸς
1516 2744 1681 2780 ἀπείραστός
1693 2745 1752 2771 ἐστι
1761 2743 1866 2771 κακῶν·

1063 2797 1200 2834 έπιιράζει
1217 2798 1244 2824 δὲ
1268 2796 1351 2828 αὐτὸς
1370 2793 1476 2821 οὐδένα.
1496 2789 1634 2822 Ἕκαστος
1656 2790 1683 2816 δὲ
1705 2790 1865 2824 πειράζεται
