1929 3042
77 169 124 197 ιω

83 282 132 305 νος.
147 270 215 300 Εἶτα.
233 274 251 309 ἡ
267 274 408 310 ἐπιθυμία
428 275 597 302 συλλαϐοῦσα
620 277 707 304 τίκτει
722 278 858 313 ἁμαρτίαν
868 286 876 293 ο

86 321 98 354 ἢ
111 319 139 345 δὲ
152 318 277 354 ἁμαρτία
291 320 516 354 ἀποτελεσθεῖσα,
533 321 649 348 ἀποκιὴι
664 323 788 351 θάνατον.

215 208 217 210 τ
462 152 510 201 DE:
523 173 744 202 ADORA'I‘IONE
765 175 799 202 IN
819 175 954 204 SPIRITU
976 175 1020 203 ΕΤ
1042 175 1224 204 VERITATE.
1245 177 1308 204 LIB.
1330 177 1350 204 1.

79 226 129 253 ὑπὸ
140 225 190 273 τῆς
208 226 283 259 ἰδίας
301 228 456 264 ἐπιθυμίας
469 229 645 265 ἐξελκόμενος
659 231 707 258 καὶ
718 231 878 268 δελεαζόμε-

943 233 996 260 lum
1026 237 1157 265 tentatur,
1175 233 1249 261 dicat
1264 234 1338 269 quod
1364 242 1379 261 a
1404 235 1461 262 Deo
1492 239 1623 263 tentatur.
1649 236 1720 273 Deus

1670 179 1720 207 I50

930 279 1004 306 enim
1024 279 1173 306 intentator
1184 279 1388 312 malorum‘est;
1408 279 1466 315 ipse
1480 285 1571 308 autem
1583 281 1720 309 neminem

931 328 1028 352 tentat.
1044 324 1237 365 Unusquisque
1251 329 1341 351 autem
1357 317 1477 354 tentatur
1496 335 1511 353 a
1522 328 1720 365 concupiscen—

86 368 122 395 tia
148 375 196 394 sua
229 367 391 396 abstractus
419 372 447 396 et
470 369 588 397 illectus.
608 370 713 398 Deinde
732 372 975 407 concupiscentia,
1001 379 1062 399 cum
1092 364 1270 406 conceperit,
1296 372 1368 406 parit
1395 379 1554 407 peccatum;
1578 379 1721 409 peccatum

86 418 185 445 autem,
205 421 269 440 cum
299 419 519 442 consummatum
545 415 638 449 fuerit,
664 421 776 452 generat
799 412 915 445 mortem
925 417 958 443 ”.
979 426 988 442 ι
1285 412 1290 416 ’

118 459 225 486 ΠΑΛΛ.
249 459 384 495 ’Λτρεκὴς
397 461 411 486 ό
423 460 512 494 λόγος.

118 505 204 530 ΚΥΡ.
221 505 455 540 ’Δπεμπολὴσασα
465 506 496 541 δὴ
504 505 551 533 οὖν
559 507 609 543 τὴν
623 508 698 544 παρὰ
710 508 776 536 Θεοῦ
790 510 880 546 χάριν,

85 550 132 576 καὶ
146 550 325 584 γυμνωθεῖσα
337 551 387 586 ἤδη
405 551 458 579 τῶν
476 553 504 578 ὲν
515 551 611 589 ἀρχαῖς
626 555 745 588 ἀγαθῶν,
762 555 880 592 ἐξεπέμ-

85 603 153 621 πετο
174 595 226 630 μὲν
243 595 292 623 τοῦ
310 597 475 631 παραδείσου
488 599 537 634 τῆς
549 599 665 635 τρυφῆς,
680 601 880 636 μετεπλὰττετο

83 641 113 667 δὲ
127 641 199 675 πρὸς
213 641 245 668 τὸ
260 641 375 674 ἀκαλλὲς
389 642 470 675 εὐθὺς
483 644 501 679 ἡ
514 644 659 680 ἀνθρώπου
671 646 762 680 φύσις,
779 647 883 683 φθορᾶς

83 684 113 710 δὲ
130 685 199 711 εἵσω
213 685 337 713 πεσοῦσα
349 687 443 714 λοιπὸν
455 689 636 716 ἁνεδείκνυτο.

120 730 231 772 ΠᾼΛΛ.
255 731 434 771 Ἀναγκαίως.
449 733 555 761 Ἐνδεια
568 735 622 771 γὰρ
639 733 716 771 οἶμαι
734 737 788 763 τῶν
810 738 885 773 παρὰ

84 775 157 802 θεοῦ
189 777 390 813 χαρισμάτων,
416 779 490 806 οὐδὲν
519 779 614 816 ἔτερόν
641 783 716 809 ἐστιν
742 783 759 818 ἦ
784 785 885 816 παντὸς

971 462 1069 490 PALL.
1089 461 1159 490 Vera
1172 461 1269 500 oratio.

969 508 1047 536 CYR.
1065 507 1133 535 Cum
1152 508 1201 542 ιι
1219 507 1302 543 igitur
1320 507 1369 534 Dei
1382 507 1494 542 gratiam
1518 509 1720 542 commutasset,

933 563 966 583 ac
982 555 1061 583 bonis
1079 555 1132 582 illis
1151 555 1252 589 quibus
1266 554 1301 581 ab
1322 553 1401 581 initio
1417 553 1516 588 donata
1531 553 1633 587 fuerat,
1651 561 1723 583 esset

934 600 1036 628 nudata
1049 608 1064 627 e
1076 599 1203 635 paradiso
1217 598 1378 626 deliciarum
1392 599 1488 634 ejecta,
1504 603 1532 626 et
1546 599 1579 626 ad
1592 600 1719 627 deformi-

937 648 1019 670 tatem
1041 643 1172 678 evestigio
1187 650 1318 670 conversa
1330 647 1371 670 est
1382 642 1523 669 hominum
1534 648 1640 676 natura,
1649 652 1722 672 mor-

933 689 1008 723 tique
1026 687 1155 724 deinceps
1173 688 1292 715 obnoxia
1304 691 1347 716 est
1363 688 1511 716 declarata.

969 734 1068 761 PALL.
1097 734 1259 762 Necessario
1278 741 1354 761 sane.
1374 733 1423 761 Dei
1446 741 1565 769 namque
1589 735 1724 762 donorum

934 779 1044 814 inopem
1059 786 1129 812 esse,
1141 779 1211 807 nihil
1224 782 1276 812 est,
1289 779 1397 814 opinor,
1411 779 1587 815 aliud,quam
1601 780 1634 807 ab
1651 781 1725 808 omni

83 822 253 854 ἁπόπτωσις
267 823 306 859 (1)
317 823 432 858 ἀγαθοῦ.
453 826 650 862 Ἀρῤωστήσειε
666 827 689 855 δ’
700 827 732 854 ἂν
747 829 763 864 ἡ
780 828 884 864 ἀνθρὼ-

943 827 1045 854 Jenitus
1059 827 1132 854 bono
1153 831 1291 855 extorrem
1306 826 1375 854 ﬁeri.
1392 826 1483 855 Facile
1500 831 1591 855 autem
1606 827 1727 855 hominis

84 876 142 894 ’,του
155 867 241 902 φύσις
262 869 310 895 καὶ
327 869 399 904 μάλα
422 870 522 906 ῥᾳδίως
538 871 587 907 τὴν
603 872 642 904 είς
662 873 715 899 πᾶν
728 873 816 900 ὁτιοῦν
830 874 884 901 τῶν

84 913 218 942 ἐκτόπων
234 915 409 950 παραφορὰν,
428 915 452 942 εί
477 915 514 952 μὴ
527 916 617 951 ἀνέχοι
634 917 702 953 πρὸς
718 918 819 954 ἀρετὴν
835 919 885 946 αὐ-

82 957 136 993 τὴν
151 959 169 993 ὴ
187 959 237 985 τοῦ
252 959 431 993 διασώζοντος
445 961 535 998 χάρις,
551 964 608 994 τοῖς
628 963 733 990 ἄνωθεν
755 965 802 991 καὶ
819 965 884 1001 παρ’

84 1005 193 1040 ἑαυτῆς
209 1005 323 1039 ἀγαθοῖς
335 1007 524 1039 πλουτίςουσα.
837 1022 842 1025 -

125 1051 211 1077 ΚΥΡ.
231 1049 269 1078 Εὖ
290 1051 392 1086 λέγεις.
412 1053 605 1090 Συναινέσαιμι
625 1055 680 1092 γὰρ
695 1056 729 1083 ἂν
744 1057 791 1084 καὶ
812 1057 885 1092 μάλα

85 1095 207 1127 είκὰτως
218 1105 225 1112 ·
248 1097 344 1132 τρέφει
362 1099 412 1133 μὲν
423 1099 476 1135 γὰρ
486 1100 525 1132 εἰς
537 1100 622 1136 ἀλκὴν
634 1103 682 1138 τὴν
700 1103 885 1139 πνευματικὴν

85 1142 100 1167 ὁ
115 1141 203 1177 ἄρτος
214 1143 229 1168 ὁ
244 1142 309 1175 ζῶν,
323 1143 394 1170 τοῦτ’
408 1144 491 1177 ἐστιν,
509 1147 523 1172 ὁ
542 1146 588 1172 τοῦ
600 1147 667 1173 Θεοῦ
679 1147 766 1181 λόγος.
783 1148 887 1184 Γέγρα-

86 1195 157 1213 ττται
170 1187 240 1223 γὰρ,
261 1189 303 1215 ὅτι
322 1198 332 1214 ι
350 1190 405 1216 Καὶ
419 1190 500 1226 ἄρτος
516 1192 638 1226 στηρίξει
650 1193 763 1228 καρδίαν
782 1194 886 1230 ἀνθρὼ-

88 1240 155 1259 που.
178 1242 189 1258 ι
206 1234 336 1266 Δουλείας
351 1235 380 1262 δὲ
396 1235 563 1263 ἀπαλλάττει
582 1238 629 1264 καὶ
644 1238 747 1270 παθῶν,
770 1240 886 1273 καὶτοῖς

87 1279 131 1309 εἰς
146 1278 308 1315 ἐλευθερίαν
327 1281 482 1316 αὐχήμασιν
494 1280 523 1308 εὖ
544 1283 615 1318 μάλα
630 1286 805 1319 καταχρυσοῖ.
819 1285 886 1311 Συν-

89 1325 261 1357 εσταλκότος
274 1326 302 1352 δὲ
313 1326 408 1362 ὥσπερ
430 1327 481 1362 την
495 1329 573 1363 χεῖρα
586 1328 631 1355 τοῦ
646 1329 724 1360 Θεοῦ,
737 1331 782 1356 καὶ
792 1330 841 1366 τὴν
858 1331 887 1358 ἐν

89 1370 202 1402 τούτοις
217 1373 283 1407 ἡμῖν
297 1372 429 1407 χορηγίαν
443 1374 473 1399 οὐ
491 1373 675 1409 διανέμοντος¹
691 1376 765 1402 πᾶσα
780 1376 885 1412 ἀνάγκη

91 1423 154 1447 πως
178 1417 227 1443 καὶ
243 1417 415 1453 ἀνεϐελήτοις
433 1418 506 1455 ἡμᾶς
521 1420 694 1455 περιπίπτειν
712 1423 824 1454 κακοῖς,
840 1422 888 1448 καὶ

92 1463 199 1498 ἀρετῆς
217 1463 267 1497 μὲν
287 1463 395 1499 ἁπάσης
415 1465 590 1496 ἀπωλισθεῑν,
605 1466 730 1493 ὑπελθεῖν
747 1467 775 1493 δὲ
793 1465 887 1504 ὥσπερ

935 877 1032 900 natura
1045 872 1078 900 ad
1089 873 1191 908 quasvis
1205 872 1324 900 absurda
1344 872 1493 906 deferetur,
1507 873 1561 900 nisi
1574 873 1650 901 illam
1665 873 1725 900 Sal-

935 919 1038 946 vatoris
1056 919 1142 954 gratia
1160 918 1190 946 in
1212 919 1315 946 virtute
1339 918 1484 951 sustineat,
1500 926 1531 946 ac
1545 919 1625 946 bonis
1643 919 1728 946 crete—

936 964 1034 997 stibus,
1050 970 1168 1000 quorum
1182 968 1224 992 est
1234 964 1293 999 ipsa
1308 964 1379 997 fons,
1391 968 1498 999 augeat.

971 1010 1049 1037 CYR.
1066 1011 1151 1038 Recte
1174 1017 1239 1037 sane
1262 1009 1341 1042 dicis,
1364 1014 1393 1037 et
1415 1009 1515 1037 merito
1527 1010 1656 1044 equidem
1678 1009 1728 1036 tibi

936 1054 1089 1087 assentior;
1105 1054 1236 1081 alitenim
1250 1054 1282 1081 ad
1296 1054 1453 1089 spirituales
1465 1055 1538 1082 vires
1555 1054 1728 1090 accipiendas

936 1099 1016 1133 panis
1036 1099 1082 1126 ille
1095 1099 1191 1131 vivus,
1206 1099 1233 1126 id
1249 1104 1301 1130 est,
1318 1099 1367 1127 Dei
1381 1099 1508 1126 verbum.
1523 1100 1662 1134 Scriptum
1685 1104 1728 1127 est

936 1144 1028 1172 enim:
1046 1154 1054 1169 ι
1071 1144 1154 1171 Panis
1169 1143 1315 1171 conﬁrmat
1332 1151 1380 1170 cor
1389 1144 1510 1172 hominis
1520 1145 1552 1170 ⁸⁰.
1568 1154 1576 1170 )
1592 1144 1729 1172 Servitute

936 1197 1045 1225 quoque
1062 1194 1089 1217 et
1105 1190 1196 1224 pravis
1215 1189 1360 1217 atl‘ectibus
1375 1190 1491 1222 liberat,
1506 1193 1533 1217 et
1547 1198 1629 1217 aurea
1643 1190 1728 1218 liber-

938 1234 1000 1262 tatis
1025 1234 1110 1269 gloria
1132 1233 1256 1261 decorat.
1277 1234 1312 1261 At
1340 1233 1363 1261 si
1388 1241 1499 1262 manum
1527 1234 1729 1269 quodammodo

937 1279 1104 1306 contraxerit
1130 1279 1220 1311 Deus,
1245 1278 1398 1313 horumque
1421 1278 1555 1306 bonorum
1581 1278 1661 1305 nobis
1686 1285 1730 1320 c9—

937 1323 1008 1358 piam
1024 1323 1136 1349 minime
1149 1322 1341 1358 suppeditarit,
1352 1329 1464 1350 necesse
1477 1327 1519 1350 est
1531 1322 1644 1349 omnino
1656 1326 1688 1349 ut
1703 1322 1731 1349 in

938 1369 1008 1395 mala
1023 1369 1106 1395 etiam
1121 1372 1222 1404 prater
1237 1369 1407 1396 voluntatem
1423 1368 1586 1400 incidamus,
1602 1372 1684 1403 atque
1697 1368 1731 1395 ab

937 1414 1012 1442 omni
1033 1422 1144 1449 prorsus
1155 1415 1258 1442 virtute
1279 1415 1449 1447 excidamus,
1467 1421 1499 1442 ac
1516 1414 1601 1441 veluti
1618 1414 1732 1441 alterius

935 1461 1029 1496 jugum
1045 1461 1202 1493 subeamus,
1219 1461 1252 1487 ad
1267 1468 1355 1495 eaque
1372 1460 1454 1493 mala,
1470 1467 1585 1495 eamque
1601 1460 1730 1495 iniuriam

92 1509 140 1535 τὸν
156 1508 255 1545 ἐτέρου
268 1508 359 1543 ζυγὸν,
373 1510 450 1545 ἥκειν
463 1520 492 1537 τε
502 1512 530 1543 ἐς
544 1512 622 1538 τοῦτο
636 1513 728 1540 κακῶν
739 1514 785 1541 καὶ
795 1514 887 1541 πλεον-

943 1507 1140 1542 perveniamus,
1159 1511 1189 1535 ut
1199 1515 1254 1535 non
1266 1508 1382 1535 multum
1398 1507 1470 1535 absit
1483 1507 1551 1542 quin
1565 1508 1651 1542 ipsam
1665 1516 1733 1542 quo-

94 1554 192 1586 εξίας,
217 1555 255 1587 ὡς
285 1555 371 1591 ἀγχοῦ
392 1556 517 1590 γενέσθαι
544 1557 637 1584 λοιπὸν
661 1559 707 1585 τοῦ
727 1560 774 1586 καὶ
803 1559 888 1595 αὐτὴν

95 1600 232 1627 ἀπολέσαι
242 1601 292 1637 τὴν
306 1602 345 1636 είς
357 1603 412 1629 πᾶν
420 1602 507 1629 ὁτιοῦν
515 1603 568 1630 τῶν
581 1601 690 1638 ἀγαθῶν
700 1605 889 1642 ὑπηρετοῦσαν

96 1647 165 1681 ἡμῖν
181 1646 230 1673 καὶ
246 1647 451 1683 συνῳκισμένην
468 1648 574 1675 σύνεσιν
584 1669 591 1681 ,
606 1650 654 1686 καὶ
668 1651 763 1685 σοφίας
782 1651 889 1687 ἐρήμην

96 1692 148 1726 τῆς
168 1692 242 1719 κατά
266 1693 333 1719 θεὸν
351 1695 541 1730 ἀποφανθῆναί
562 1704 592 1722 τε
610 1697 748 1729 παντελῶς
768 1697 817 1733 τὴν
838 1696 887 1723 τοῦ

98 1737 235 1769 παθόπος
252 1739 375 1775 καρδίαν,
393 1741 648 1777 ὲκπεπορνευμὲνην
663 1742 756 1778 ὥσπερ
779 1743 818 1779 τῷ
838 1744 890 1770 Σα-

98 1784 171 1819 τανᾷ
180 1803 188 1815 ,
207 1786 253 1811 καὶ
266 1785 460 1821 ὑπενεχθεῖσαν
474 1787 592 1819 εὐκόλως
605 1787 738 1823 ὖὸρεσίτε
751 1789 797 1816 καὶ
809 1789 890 1817 ἀσελ-

99 1829 190 1863 γείαις
205 1832 265 1862 ταῖς
277 1831 324 1857 ὑπ’
337 1831 430 1858 αὑτοῦ.

137 1879 243 1905 ΠΑΛΛ.
268 1879 431 1914 Ἐκδείξειας
447 1880 480 1907 ἂν
499 1881 583 1914 ὅπως,
598 1881 614 1917 ἦ
629 1882 714 1917 ψιλοῖς
727 1883 817 1914 ἐάσεις
832 1885 891 1910 ἑπι-

101 1924 234 1959 νήχεσθαι
249 1924 388 1960 λογισμοῖς
401 1933 409 1958 ;

142 1971 225 1998 ΚΥΡ.
250 1971 370 1998 “Exta-td
383 1980 425 2006 γε.
444 1972 641 2009 Παραδείξαιμι
663 1973 717 2010 γὰρ
742 1975 774 2001 ἄν
795 1976 832 2006 ὼς
852 1974 892 2001 ἔνι

103 2016 195 2048 καλῶς
210 2017 248 2043 τὰ
264 2019 318 2049 τοῖς
342 2018 465 2053 ἀρχαίοις
492 2019 684 2056 συμϐεϐηκότα
696 2040 702 2052 ,
729 2020 889 2056 διαμορφῶν

103 2062 239 2097 εὗτὲχνως
255 2064 294 2095 εἰς
307 2063 392 2090 τύπον
412 2065 465 2091 τῶν
485 2065 599 2101 νοητῶν.
616 2065 726 2098 Είκόνες
742 2067 796 2102 γὰρ
813 2068 892 2102 ἐναρ-

104 2110 162 2142 γεῖς
174 2109 222 2135 καὶ
234 2109 420 2145 ἁριδηλύτατοι
434 2110 552 2145 γένοιντο
566 2111 598 2138 ἂν
611 2112 675 2147 ἡμῖν
686 2111 740 2146 τῶν
751 2113 779 2138 ὲν
793 2112 893 2148 θεωρίᾳ

103 2152 201 2188 λεπτῇ,
218 2153 253 2179 τὰ
266 2154 302 2185 ὡς
316 2154 345 2180 ὲν
363 2153 486 2190 αἰσθήσει
503 2163 533 2182 τε
548 2155 596 2182 καὶ
611 2156 648 2188 ὡς
666 2157 694 2183 ὲν
710 2157 769 2192 ὕψει
787 2165 892 2192 σημαν-

105 2199 343 2234 τικῇ.Γέγραπται
352 2201 440 2227 τοίνυν
450 2201 565 2236 περὶτοῦ
574 2203 744 2239 προπάτορος
757 2203 890 2239 ’Λὸρειάμ-

109 2253 118 2268 ‹
139 2244 195 2270 Καὶ
214 2244 322 2278 ἐγένετο
329 2245 354 2271 λι
358 2245 407 2280 at;
417 2246 462 2272 ἐπὶ
472 2246 521 2281 τῆς
532 2245 593 2282 γῆς,
601 2248 647 2273 καὶ
655 2248 757 2283 κατέὸη
770 2247 894 2284 Ἀϐραὰμ.

108 2291 146 2321 εἰς
161 2290 302 2324 Αἴγυπτον
316 2291 475 2326 παροικίσαι
490 2293 556 2324 ἐκεῖ,
572 2293 613 2319 ὃτι
628 2293 767 2329 ἐνίσχυσεν
783 2295 796 2320 ὁ
817 2295 894 2330 λιμὸς

108 2336 151 2362 ἐπὶ
166 2335 219 2370 τῆς
230 2337 291 2371 γῆς.
313 2346 322 2362 ι
340 2336 395 2372 Τὴν
410 2337 465 2373 γάρ
480 2346 522 2364 τοι
534 2338 613 2373 φίλην
626 2347 655 2366 τε
665 2339 739 2377 αὐτῴ
754 2340 801 2366 καὶ
818 2341 894 2375 ἐνεγ-

109 2382 208 2410 κοῦσαν
220 2382 308 2417 ἀφεὶς,
323 2383 511 2419 μεθωρμίζετο
522 2385 590 2420 πρὸς
602 2385 709 2421 ἑτέραν,
723 2386 756 2421 ἣν
772 2387 894 2422 ὑπέδειξε

109 2427 180 2459 Θεὸς.
201 2437 210 2453 ι
230 2427 340 2460 Ἔξελθε
357 2428 420 2463 γὰρ,
441 2438 451 2454 ι
468 2429 559 2463 φησὶν,
574 2438 584 2455 ‹
600 2429 633 2456 ὲκ
645 2429 695 2465 τῆς
711 2431 760 2466 γῆς
777 2439 835 2463 σου,
848 2432 895 2458 καὶ

110 2475 139 2499 ἐκ
155 2473 206 2508 τῆς
219 2472 381 2506 συγγενείας
397 2481 455 2506 σου,
470 2474 516 2500 καὶ
529 2470 608 2509 δεῦρο
621 2474 661 2506 είς
675 2475 737 2510 γῆν,
754 2476 787 2510 ῆν
803 2476 835 2503 ἄν
853 2485 894 2503 σοι

109 2519 193 2552 δείξω.
220 2528 229 2544 ι
259 2519 478 2555 Καταὸρίθοντος
499 2519 527 2547 δὲ
546 2520 592 2547 τοῦ
619 2521 709 2557 λιμοῦ,
725 2522 771 2547 καὶ
787 2521 893 2549 δυσδιά-

111 2573 205 2599 φυκτον
219 2565 319 2602 κομιδῇ
339 2565 389 2600 τὴν
403 2563 504 2601 ζημίαν
520 2566 679 2600 ἐπάγοντος,
694 2566 743 2602 τὴν
759 2567 894 2601 Αἴγυπτον

113 2610 179 2643 ἰδεῖν,
200 2611 248 2637 καὶ
271 2610 322 2645 οὐχ
348 2609 431 2642 ἑκὼν,
449 2610 582 2643 ἐϐιάζετο.
604 2612 659 2638 Καὶ
683 2611 827 2647 κατῴκησε
845 2612 894 2647 μὲν

111 2655 172 2691 οὐχὶ,
185 2655 336 2693 παρῴκησε
351 2653 381 2682 δὲ
393 2655 492 2691 μᾶλλον
507 2657 535 2683 ἐν
549 2657 627 2692 αὐτῇ.

137 2743 238 2771 ΠΑΑΛ.
260 2742 296 2770 Τί
307 2740 357 2770 οὖν
369 2741 449 2769 τοῦτό
461 2751 490 2776 γε
502 2750 508 2775 ;

133 2823 167 2859 (Ἰ)
197 2823 273 2854 νει..

942 1563 995 1590 que
1014 1556 1070 1591 jam
1086 1548 1304 1592 intelligentiam,
1316 1564 1377 1591 qua:
1390 1556 1425 1583 ad
1443 1552 1534 1583 omnia
1550 1556 1631 1583 nobis
1647 1555 1733 1583 bono-

942 1608 1003 1628 rum
1018 1609 1117 1636 genera
1138 1601 1314 1636 adipiscenda
1334 1606 1362 1629 et
1377 1601 1537 1630 administra
1557 1605 1600 1628 est
1615 1604 1643 1628 et
1664 1608 1731 1628 con-

939 1647 1043 1682 juncta,
1061 1646 1229 1679 amittamus,
1249 1650 1334 1682 utque
1350 1647 1411 1682 ejus
1426 1646 1474 1682 qui
1495 1647 1534 1674 ita
1560 1646 1674 1674 atl‘ectus
1692 1650 1734 1673 est

942 1700 991 1720 cor
1005 1692 1097 1720 divina
1114 1693 1247 1728 sapientia
1258 1693 1339 1728 plane
1349 1693 1466 1720 i'acuum
1477 1697 1616 1724 cernatur,
1632 1691 1733 1727 quippe

943 1739 989 1773 qui
1005 1746 1102 1773 passus
1116 1739 1228 1766 sitillud
1246 1738 1374 1774 prostitui
1390 1738 1506 1770 Satanae,
1522 1738 1657 1772 facileque
1673 1738 1733 1773 ejus

943 1784 1051 1811 libidini
1066 1789 1147 1819 atque
1166 1784 1341 1813 contumeliis
1357 1784 1469 1819 subjici.

972 1873 1069 1901 PALL
1091 1873 1330 1901 Demonstrabisnc
1355 1881 1409 1908 quo
1421 1877 1501 1908 pacto
1517 1872 1545 1900 id
1562 1871 1682 1904 accidat,
1699 1879 1734 1899 an

945 1921 973 1947 in
985 1919 1067 1947 nudis
1079 1920 1289 1955 cogitationibus
1302 1927 1352 1946 nos
1365 1919 1499 1946 ﬂuctuare
1510 1919 1603 1946 sines?

980 1965 1057 1993 ΟΥΕ.
1072 1965 1182 1993 Minime
1196 1973 1273 1993 vero.
1289 1964 1436 1993 Ostendam
1450 1965 1535 2004 enim,
1553 1968 1583 1992 ut
1599 1972 1644 1992 res
1662 1965 1734 1999 pati-

946 2016 1001 2043 tur,
1016 2011 1200 2046 pulcherrime
1214 2032 1220 2044 ,
1234 2015 1262 2038 et
1280 2019 1310 2038 ea
1327 2019 1387 2046 qua:
1408 2011 1548 2038 veteribus
1564 2011 1733 2043 acciderunt.

946 2057 1092 2084 artiﬁciose
1105 2057 1138 2084 ad
1152 2065 1244 2084 rerum
1257 2057 1440 2092 spiritualium
1452 2057 1566 2092 ﬁguram
1579 2057 1735 2092 expressius

946 2101 1080 2137 efﬁngam.
1097 2102 1163 2129 Nam
1183 2110 1215 2129 ea
1230 2110 1290 2137 quae
1305 2103 1391 2130 veluti
1416 2103 1543 2130 sensibus
1564 2106 1593 2130 et
1613 2103 1734 2138 aspectui

947 2154 1079 2182 corporeo
1093 2152 1156 2174 sunt
1167 2147 1301 2182 exposita,
1318 2155 1409 2174 rerum
1431 2155 1492 2183 quae
1505 2147 1599 2176 subtili
1611 2151 1734 2175 contem-

910 2186 931 2213 Ι)
945 2193 1065 2227 platione
1079 2196 1239 2226 cernuntur,
1256 2193 1390 2228 imagines
1410 2193 1553 2222 evidentes
1568 2198 1650 2228 atque
1674 2201 1736 2228 per-

943 2238 1044 2273 spicuae
1064 2246 1125 2266 esse
1150 2242 1290 2273 poterunt.
1311 2238 1449 2274 Scriptum
1467 2244 1510 2266 est
1532 2239 1605 2266 enim
1630 2238 1664 2266 de
1685 2246 1734 2273 pa-

945 2285 1061 2311 triarcha
1078 2284 1232 2311 Abraham:
1251 2294 1260 2309 ι
1281 2284 1316 2311 Et
1337 2284 1409 2312 facta
1426 2289 1469 2312 est
1488 2284 1576 2311 fames
1595 2283 1623 2310 in
1642 2288 1731 2311 terra:

943 2335 972 2357 et
983 2329 1126 2357 descendit
1136 2329 1273 2358 Abraham
1288 2329 1315 2356 in
1329 2329 1485 2364 IEgyptum,
1501 2333 1530 2356 ut
1543 2329 1732 2363 peregrinare-

944 2381 989 2403 tur
1013 2376 1068 2408 ibi;
1083 2376 1146 2410 quia
1163 2375 1314 2402 invalucrat
1335 2375 1420 2402 fames
1438 2375 1466 2401 in
1490 2375 1609 2402 terra“.
1626 2383 1634 2399 ι
1655 2373 1732 2401 Dulci

943 2422 1018 2448 enim
1034 2426 1061 2449 et
1080 2421 1163 2448 natali
1183 2422 1241 2448 solo
1263 2420 1358 2447 relicto
1371 2440 1379 2452 ,
1393 2420 1420 2447 in
1442 2419 1525 2447 aliam
1544 2427 1573 2447 se
1593 2420 1734 2455 regionem

944 2469 1157 2503 contulit,quam
1169 2467 1327 2495 ostenderat
1341 2467 1422 2494 Deus.
1434 2477 1442 2492 ‹
1452 2467 1502 2494 Exi
1514 2467 1599 2499 enim,
1610 2477 1618 2492 ι
1635 2466 1732 2502 inquit,

949 2526 958 2541 ε
974 2515 1008 2543 de
1024 2520 1096 2543 terra
1110 2519 1166 2547 tua,
1182 2518 1210 2542 et
1222 2515 1256 2542 de
1265 2513 1427 2549 cognatione
1445 2518 1501 2546 tua,
1513 2518 1541 2541 et
1555 2513 1618 2541 veni
1631 2514 1660 2540 in
1678 2517 1733 2540 ter—

945 2569 1014 2594 ram,
1025 2568 1107 2596 quam
1119 2563 1308 2587 monstravero
1323 2559 1374 2586 tibi
1386 2559 1418 2585 ³⁵.
1439 2568 1447 2584 ι
1464 2558 1672 2594 Ingravescente
1684 2565 1733 2585 au—

948 2611 1002 2634 tem
1018 2605 1099 2638 fame,
1113 2609 1141 2633 et
1153 2604 1312 2632 inevitabile
1327 2604 1455 2631 damnum
1470 2601 1614 2635 intercute,
1632 2602 1734 2630 invitus

951 2652 1001 2686 12
1018 2651 1125 2687 ,λείῃ-ι)ιὶ
1140 2650 1279 2686 regionem
1295 2650 1413 2677 invisere
1429 2652 1540 2676 coactus
1558 2653 1600 2676 est
1611 2657 1618 2682 ;
1629 2647 1667 2675 ‘in
1680 2655 1733 2682 qua

948 2706 1002 2725 non
1015 2702 1046 2724 ut
1057 2697 1156 2729 incola,
1172 2696 1219 2723 sed
1237 2700 1267 2723 ut
1279 2695 1442 2731 peregrinus
1452 2699 1578 2725 versatus
1590 2698 1642 2723 est.

984 2743 1080 2770 PALL.
1095 2742 1230 2775 Quorsum
1245 2742 1297 2769 hoc
1311 2741 1435 2777 spectat?

310 2822 482 2855 ἀπόγνωσις.
515 2820 643 2848 Codiccm
675 2821 766 2848 Sirlcti
799 2821 949 2856 sequimur.

129 2883 216 2911 "Jac.
237 2890 257 2915 ι,
276 2879 377 2908 15-15.
420 2879 440 2894 ³⁸
454 2879 524 2906 Psal.
540 2880 594 2911 CIII,
614 2880 654 2907 15.
694 2881 712 2895 ’”
730 2880 797 2908 Gen.
814 2889 859 2911 xu,
878 2881 887 2906 1

960 2879 979 2894 ³¹
996 2879 1076 2908 lbid..
1093 2879 1113 2906 Ι.
