1929 3042
231 145 278 173 151

742 143 770 170 S.
790 142 927 171 CYRILLl
946 143 1181 171 ALEXANDRLVI
1202 142 1360 171 AllClllEP.

1809 139 1860 167 152

264 200 342 230 CYR.
367 201 580 228 Pulcherrimam
605 200 685 228 nobis
716 208 810 228 rerum
836 202 1013 230 secretiorum

1102 203 1183 229 K‘I‘P.
1193 201 1322 237 Ἀρίστην
1331 200 1396 236 ἡμῖν
1407 198 1460 226 τῶν
1472 197 1664 234 ἀςανεστέρων
1676 198 1727 234 τὴν
1741 197 1858 232 θεωρίαν

229 246 344 274 formam
359 246 486 281 proponit
503 245 749 280 contemplandam.

264 292 362 319 PALL.
379 291 438 324 Quo
451 291 548 326 pacto?

261 337 339 365 CYR.
364 337 521 365 Judteorum
547 337 766 365 incredulitatem
796 338 957 374 increpans,
975 339 1015 366 ait

228 384 315 411 Deus:
337 392 346 408 ‹
364 383 433 410 Ecce
459 383 585 410 inducam
604 383 705 410 famem
721 391 804 419 super
818 388 933 417 terram,
959 393 1015 412 non

228 429 326 456 famem
348 429 437 464 panis,
451 437 540 464 neque
562 429 635 456 sitim
660 437 753 465 aqum,
775 430 825 458 sed
849 430 947 458 famem
965 439 1014 458 au-

227 474 321 502 diendi
335 474 449 502 verbum
464 474 580 501 Domini.
602 475 637 502 Et
649 475 683 502 ab
698 475 802 503 oriente
816 484 902 511 usque
917 476 951 503 ad
967 484 1015 504 oc-

228 520 364 547 cidentem
387 520 642 547 circumcursabunt
662 526 816 555 quaerentes
829 522 943 549 verbum
961 522 1015 549 Do-

228 565 306 597 mini,
323 569 352 592 et
367 573 422 592 non
445 565 585 592 invenient
595 565 643 592 ".i
666 566 759 600 Atqui,
777 566 874 598 amice,
893 567 940 601 qui
965 567 1016 594 hac

227 608 298 637 fame
322 610 445 645 oppressi
468 614 541 642 sunt,
566 614 594 637 et
614 610 868 639 subministratione
892 612 937 638 illa
956 612 1014 644 Dei,

227 664 288 690 quas
302 664 353 683 nos
371 657 399 683 in
414 657 516 684 virtute
530 657 654 684 continet
666 657 767 692 lapsos,
783 657 919 690 destituti,
938 666 1015 686 esca-

227 710 280 736 que
296 702 335 729 illi
357 703 461 730 cmlesti
481 707 563 738 atque
579 711 698 738 superna
712 707 817 735 carent,
834 711 868 730 an
887 712 941 731 non
956 711 1017 731 om-

227 748 292 775 nino
303 755 415 775 necesse
429 752 472 775 est
486 748 668 784 peregrinari,
685 749 862 784 exsulemque
883 750 1016 785 quodam-

228 793 309 821 modo
323 799 442 821 mentem
458 794 499 822 eis
513 793 572 821 ﬁeri
584 794 619 821 ad
633 794 771 822 deteriora
787 795 917 830 deinceps
929 795 1016 825 demi-

226 841 361 872 grantem,
373 843 400 865 et
413 846 446 865 ex
457 838 567 866 virtutis
580 838 707 867 ﬁrmitate
718 843 847 874 tanquam
861 848 895 868 ex
907 839 1017 876 propria

227 883 336 918 regione
363 884 492 918 pulsam,
517 884 685 912 descendere
716 885 745 912 in
775 886 859 913 alium
890 887 1015 915 habitum

226 933 308 963 atque
323 929 505 963 voluntatem,
521 938 610 966 neque
625 930 755 966 deinceps
769 932 817 959 Dei
833 933 958 968 imperio,
967 932 1016 961 sed

226 976 343 1010 sceptris
362 975 507 1004 diabolicis
536 976 688 1012 subjectam
703 977 785 1005 esse?
800 978 902 1005 Parens
929 979 1014 1011 enim,

226 1020 334 1056 opinor,
352 1025 379 1048 et
398 1029 447 1049 rex
465 1021 570 1057 peccati
596 1022 619 1049 is
640 1027 682 1050 est
701 1024 748 1058 qui
773 1017 877 1059 primus
894 1024 961 1052 illud
987 1024 1016 1052 in

226 1067 359 1095 mundum
374 1067 476 1101 intulit,
492 1069 570 1103 cujus
582 1068 694 1104 ﬁguram
705 1073 787 1105 atque
802 1070 946 1105 imaginem
960 1078 1016 1098 non

226 1113 354 1145 absurde,
369 1118 399 1141 ut
411 1114 520 1149 opinor,
532 1119 634 1142 statuat
653 1115 822 1143 Pharaonem
839 1116 915 1142 illum
932 1116 1015 1152 [Egy-

227 1158 344 1192 ptiorum
355 1159 518 1194 principem,
534 1160 607 1195 apud
618 1168 687 1196 quos
696 1160 787 1188 dense
797 1165 875 1188 erant
888 1169 1015 1192 errorum

227 1205 355 1238 tenebrat,
368 1206 527 1241 nullumque
542 1207 672 1242 nequitiae
685 1215 772 1243 genus
786 1207 961 1236 intentatum.

262 1295 359 1324 PALL.
376 1297 410 1324 Et
425 1305 544 1332 quanam
560 1297 614 1324 fuit
627 1297 765 1325 Abraham
790 1297 908 1325 affectus
925 1297 1015 1325 mole-

223 1343 287 1378 stia,
303 1350 337 1370 ex
349 1350 383 1370 eo
397 1343 471 1378 quod
482 1343 510 1371 in
523 1343 668 1379 Egyptum
683 1343 881 1375 descenderat?

260 1388 339 1417 ΟΥΕ.
350 1388 466 1416 Maxima
477 1396 552 1416 sane.
567 1389 768 1424 Propemodum
781 1390 855 1417 enim
872 1389 944 1417 ultra
955 1397 1015 1417 om-

225 1442 289 1462 nem
300 1435 435 1462 malorum
450 1435 563 1462 modum
575 1434 698 1470 perlatus
713 1438 765 1462 est.
785 1434 814 1462 Id
830 1439 922 1462 autem
937 1434 1016 1462 facile

225 1481 326 1514 disces,
341 1479 485 1516 Scriptura
499 1480 623 1508 dicente:
637 1489 646 1506 ι
660 1480 774 1508 Factum
787 1484 830 1508 est
844 1484 936 1508 autem
951 1487 1016 1508 cum

226 1531 415 1567 ingrederetur
423 1530 560 1558 Abraham
573 1530 601 1558 in
614 1529 771 1566 Egyptum,
787 1529 914 1557 videntes
932 1528 1016 1565 Egy-

225 1577 277 1612 ptii
297 1577 442 1605 mulierem
452 1597 460 1609 ,
476 1576 548 1612 quod
564 1580 639 1604 esset
656 1576 772 1611 pulchra
788 1575 882 1607 nimis,
896 1579 925 1603 et.
936 1575 1014 1603 vide-

227 1627 292 1651 runt
307 1631 368 1651 eam
383 1623 520 1658 principes
537 1623 702 1655 Pharaonis,
717 1627 745 1649 et
759 1621 940 1650 laudaverunt
954 1630 1015 1649 eam

226 1669 299 1706 apud
325 1669 506 1701 Pharaonem,
524 1673 553 1696 et
580 1668 749 1696 induxerunt
765 1675 825 1695 eam
852 1667 880 1695 in
902 1667 1015 1695 domum

226 1715 377 1744 Pharaonis
388 1715 422 1741 “.
443 1725 452 1740 ι
476 1715 544 1742 Vide
569 1714 661 1749 igitur,
686 1713 800 1745 Palladi,
818 1720 900 1748 quam
916 1721 1013 1749 parum

226 1761 345 1789 abfuerit
357 1760 425 1797 quin
439 1768 553 1788 uxorem
568 1759 703 1787 amiserit.

261 1807 360 1836 PALL.
375 1806 463 1841 Quam
477 1814 557 1842 asper
574 1813 669 1839 casus,
684 1809 713 1833 et
733 1805 852 1841 graviter
869 1803 1012 1832 ferendus!

260 1896 339 1924 CYR.
356 1895 438 1931 Atqui
455 1896 508 1923 hoc
526 1895 598 1923 idem
616 1894 796 1930 spiritualiter
811 1894 838 1921 in
853 1894 933 1921 nobis
947 1893 1014 1928 ipsis

226 1941 365 1969 usuvenit;
386 1941 493 1975 Quibus
519 1941 592 1968 enim
617 1940 749 1968 acciderit
766 1941 800 1967 ab
821 1940 963 1969 honestate
983 1946 1015 1965 ac

226 1986 327 2014 virtute
339 2006 346 2018 ,
361 1993 443 2021 quam
460 1985 514 2013 sibi
529 1985 644 2012 amicam
660 1989 690 2012 et
703 1985 865 2012 familiarem
888 1984 1013 2016 fecerint,

226 2036 356 2067 tanquam
369 2039 385 2059 e
399 2039 449 2059 sua
461 2031 550 2065 patria
563 2030 638 2065 pelli,
656 2033 685 2057 et
698 2029 732 2056 ad
750 2029 886 2057 deteriora
901 2028 1014 2056 descen-

225 2077 300 2109 dere,
317 2080 345 2104 et
360 2076 473 2112 sceptris
488 2075 630 2103 diabolicis
645 2074 736 2107 subdi,
754 2082 802 2102 eos
816 2074 938 2109 undique
953 2081 1014 2101 om-

225 2123 361 2158 nibusque
381 2122 470 2150 modis
493 2121 705 2156 aggrediuntur,
725 2121 813 2156 iisque
833 2127 928 2156 graves
948 2119 1016 2146 insi-

225 2169 284 2196 dias
298 2173 409 2197 struunt
424 2167 555 2202 improbae
571 2170 653 2201 atque
667 2166 830 2194 adversaria:
850 2171 1013 2202 potestates,

1065 249 1218 283 διαίιορφοῖ.

1103 294 1205 321 ΠΑΛΛ.
1226 293 1292 320 Τίνα
1306 293 1406 329 τρόπον
1416 300 1424 323 ;
1584 323 1591 330 ⁸

1102 341 1184 367 ΚΥΡ.
1199 341 1265 371 Ταῖς
1275 339 1330 366 τῶν
1348 337 1481 365 Ἰουδαίων
1493 337 1630 369 atatem;
1642 335 1792 371 ἐπιτιμῶν,
1805 335 1857 369 ἔφη

1065 396 1118 416 που
1137 387 1151 413 ὁ
1171 386 1252 416 Θεός·
1273 395 1283 411 ‹
1309 385 1375 412 Ἰδοὺ
1397 384 1494 418 ἐπάγω
1515 383 1594 418 λιμὸν
1609 383 1655 409 ἐπὶ
1673 382 1724 416 τὴν
1741 381 1804 416 γῆν.
1825 381 1857 406 οὐ

1066 433 1144 468 λιμὸν
1155 432 1248 467 ἄρτου,
1259 431 1320 457 οὐδὲ
1335 429 1415 464 δίψαν
1429 429 1533 462 ὕδατος,
1547 429 1614 456 ἀλλά
1627 428 1707 463 λιμὸν
1717 423 1765 453 τοῦ
1777 426 1858 453 ἀκοῦ-

1067 487 1113 505 σαι
1134 478 1212 512 λόγον
1231 477 1345 513 Κυρίου.
1365 475 1420 502 Καὶ
1437 475 1492 502 ἀπὸ
1515 473 1652 501 ἀνατολῶν
1671 473 1725 504 ἓως
1746 472 1858 506 δυσμῶν

1067 523 1298 560 περιδραμοῦνται
1320 521 1464 556 ζητοῦντες
1478 521 1557 554 λόγον
1572 519 1688 554 Κυρίου,
1703 519 1751 545 καὶ
1766 518 1798 544 οὐ
1821 517 1858 551 μὴ

1068 570 1193 605 εὕρωσιν.
1217 579 1226 594 ι
1243 566 1307 603 *Δρ*
1327 564 1418 599 οὖν,ὧ
1445 567 1546 600 ἑταῖρε,
1568 565 1630 596 τοὺς
1655 564 1750 599 τοιῷδε
1776 562 1858 596 τυχὸν

1068 614 1300 645 καταπιεσθέντας
1315 612 1386 648 λιμῷ
1400 633 1406 643 ,
1430 612 1477 638 καὶ
1491 611 1623 647 χορηγίας
1643 608 1858 638 ἐκπεπτωκότας

1067 662 1116 696 τῆς
1128 660 1325 696 διακρατοὺσης
1337 659 1376 689 εἰς
1386 657 1498 693 ἀρετὴν,
1510 657 1557 683 καὶ
1567 655 1669 691 τροφὰς
1681 655 1731 680 οὐκ
1745 653 1858 688 ἔχοντας

1067 706 1116 738 τὰς
1133 706 1162 738 ἐξ
1178 704 1291 740 οὐρανοῦ
1307 703 1354 730 καὶ
1369 703 1481 734 ἄνωθεν,
1501 701 1561 736 οὐχὶ
1581 701 1656 727 πᾶσά
1674 709 1732 731 πως
1749 699 1856 732 ἀνάγκη

1069 751 1239 787 μεταναοτην
1264 749 1358 784 ὥσπερ
1377 748 1437 776 τινὰ
1458 748 1504 775 καὶ
1527 746 1632 782 φυγάδα
1654 744 1790 772 ποιεῖσθαι
1811 744 1857 769 τὸν

1068 796 1141 827 νοῦν,
1159 795 1323 831 μεταθέοντα
1341 793 1432 820 λοιπὸν
1450 793 1495 820 ὲπὶ
1511 792 1545 819 τὰ
1560 792 1667 826 αἰσχίω,
1693 791 1740 817 καὶ
1757 789 1856 824 ὥσπερ

1067 842 1140 872 τινὸς
1152 841 1204 875 γῆς
1218 839 1284 870 ιδίας
1299 839 1348 873 τῆς
1360 839 1400 869 εἰς
1417 837 1516 873 ἀρετὴν
1534 836 1688 867 εὖσθενεεας
1703 834 1857 867 ὲξωθοὺμε-

1068 896 1122 918 νον,
1141 885 1312 913 καταδαίνειν
1329 885 1368 916 εἰς
1381 884 1476 919 ἑτέραν
1486 883 1542 915 ἕξιν
1558 891 1588 908 τε
1606 882 1652 908 καὶ
1668 881 1777 915 θέλησιν
1787 889 1793 895 ·
1805 881 1858 906 οὐκ

1067 934 1108 960 ἔτι
1124 933 1172 968 μὲν
1189 932 1236 967 τὴν
1256 931 1308 957 ὑπὺ
1324 930 1393 966 Θεῷ,
1417 931 1567 965 σκήπτροις
1580 929 1609 955 δὲ
1625 928 1725 964 μᾶλλον
1745 928 1857 953 ὑποκει-

1069 979 1153 1014 μένην
1171 977 1341 1008 διαὸολιχοῖς.
1359 976 1452 1012 Πατὴρ
1471 975 1525 1010 γὰρ
1537 996 1544 1007 ,
1556 973 1649 1010 οἴμαι,
1665 974 1711 1001 καὶ
1729 972 1856 1008 βασιλεὺς

1066 1024 1213 1061 ἁμαρτίας,
1226 1025 1240 1050 ὁ
1252 1023 1359 1059 πρῶτος
1374 1021 1458 1056 αὐτὴν
1468 1022 1496 1053 ἐς
1507 1022 1607 1056 κόσμον
1620 1019 1750 1053 ἐνεγκὼν,
1762 1015 1793 1045 οὗ
1809 1018 1857 1044 καὶ

1066 1072 1106 1102 είς
1125 1070 1218 1097 εἰκόνα
1232 1069 1279 1095 καὶ
1294 1068 1377 1094 τύπον
1396 1066 1572 1102 παραδέξαιτ⁸
1591 1066 1623 1092 ἂν
1643 1063 1719 1100 οἶμαί
1738 1073 1791 1095 τις.
1808 1063 1857 1089 καὶ

1067 1116 1172 1151 σφόδρα
1188 1115 1301 1146 εἰκότως
1311 1134 1319 1146 ,
1335 1114 1381 1140 τὸν
1396 1113 1498 1148 Φαραὼ
1510 1134 1517 1145 ,
1530 1112 1581 1146 τῆς
1601 1111 1757 1146 Αἰγυπτίων
1775 1109 1856 1144 ἐξάρ-

1065 1170 1158 1198 χοντα.
1174 1161 1241 1196 Παρ⁸
1256 1157 1296 1191 οἷς
1310 1159 1394 1194 βαθὺς
1405 1159 1454 1194 μὲν
1467 1155 1501 1193 ἦν
1511 1158 1572 1184 λίαν
1581 1159 1595 1184 ὁ
1606 1157 1652 1184 τοῦ
1665 1155 1857 1190 πεπλανῆσθαι

1067 1207 1162 1240 σκότος
1175 1215 1182 1222 ·
1199 1207 1301 1238 κακίας
1325 1205 1354 1233 δὲ
1370 1204 1469 1239 τρόπος
1489 1203 1696 1238 ἀνεπιτήδευτος
1713 1201 1856 1232 παντελῶς

1065 1252 1162 1284 οὐδείς.

1104 1299 1207 1325 ΠΑΛΛ.
1222 1297 1310 1325 Καὶτί
1323 1297 1353 1324 τὸ
1366 1297 1489 1332 λυπῆσαν
1503 1296 1549 1323 τὸν
1565 1295 1699 1331 μακάριον
1717 1293 1854 1330 ’Λῦραὰμ,

1067 1346 1100 1372 ὲκ
1111 1344 1158 1372 τοῦ
1172 1344 1333 1372 καθικέσθαι
1348 1343 1428 1379 τυχδν
1443 1343 1482 1374 είς
1496 1342 1545 1377 τὴν
1560 1340 1734 1374 Αίγυπτίων;

1101 1391 1182 1417 ΚΥΡ.
1196 1390 1324 1417 Πλεῖστον
1339 1389 1436 1425 μενοῦν
1452 1389 1524 1416 ὅσον.
1540 1387 1646 1423 Μικροῦ
1659 1386 1715 1421 γὰρ
1726 1385 1855 1412 ἐπέκεινα

1067 1436 1166 1468 παντὸς
1180 1436 1281 1472 ἠνέχθη
1306 1435 1403 1463 κακοῦ.
1428 1433 1592 1468 Ἀναμάοοις
1610 1433 1632 1459 δ’
1653 1431 1685 1459 ἂν
1703 1432 1751 1458 καὶ
1776 1431 1856 1458 τοῦτο

1067 1483 1196 1516 εὐκόλως,
1213 1483 1285 1518 ἱεροῦ
1300 1482 1451 1517 φωνοῦντος
1461 1481 1641 1515 Γράμματος·
1662 1488 1671 1504 ι
1690 1477 1816 1512 Ἐγένετο
1827 1477 1856 1503 δὲ

1067 1529 1148 1564 ἡνίκα
1173 1528 1296 1564 είσῆλθεν
1324 1527 1451 1564 Ἀϐραὰμ
1473 1527 1513 1558 είς
1532 1526 1680 1560 Αἴγυπτον,
1705 1524 1806 1555 ἰδόντες
1831 1524 1856 1549 οἱ

1066 1573 1210 1608 Αίγύπτιοι
1236 1572 1286 1608 τὴν
1301 1574 1422 1607 γυναῖκα
1447 1572 1488 1598 ὅτι
1511 1571 1581 1605 καλὴ
1601 1570 1646 1605 εἴη
1665 1569 1770 1604 σφόδρα
1783 1589 1790 1601 ,
1809 1569 1856 1595 καὶ

1065 1619 1133 1647 εἶδον
1147 1619 1231 1654 αὐτὴν
1246 1620 1270 1646 οἱ
1282 1620 1412 1655 ἄρχοντες
1426 1618 1526 1653 Φαραὼ
1537 1637 1544 1649 ,
1557 1617 1604 1644 καὶ
1615 1617 1754 1652 ἐπῄνεσαν
1769 1615 1856 1650 αὐτὴν

1065 1666 1133 1701 πρὸς
1141 1665 1241 1702 Φαραὼ
1256 1665 1304 1692 καὶ
1318 1665 1421 1699 ἤγαγον
1433 1664 1518 1699 αὐτὴν
1527 1663 1566 1695 είς
1577 1662 1622 1689 τὸν
1633 1659 1707 1688 οἷκον
1718 1660 1829 1696 Φαραώ.
1843 1669 1853 1685 ι

1067 1711 1166 1748 Ἀθρει
1182 1711 1215 1747 δὴ
1229 1709 1276 1738 οὖν
1293 1711 1334 1737 ὅτι
1353 1708 1450 1746 μικροῦ
1465 1708 1590 1736 διόλωλεν
1604 1706 1676 1742 αὺτῷ
1687 1707 1719 1734 τὸ
1732 1706 1855 1741 γύναιον,

1064 1755 1087 1785 ὦ
1102 1758 1161 1785 τᾶν.

1099 1803 1205 1831 ΠΑΛΛ.
1226 1803 1270 1834 Ὠς
1293 1802 1375 1838 δριμῦ
1403 1802 1434 1828 τὸ
1467 1801 1563 1837 χρῆμα
1580 1819 1588 1832 .
1614 1800 1662 1828 καὶ
1686 1799 1856 1827 καταλυπείν

1064 1849 1165 1880 ικανόν.

1099 1896 1181 1924 ΚΥΡ.
1197 1895 1253 1922 Καὶ
1269 1895 1323 1930 μὴν
1337 1894 1416 1921 τοῦτό
1429 1903 1471 1920 τοι
1482 1893 1547 1929 περὶ
1559 1894 1634 1928 ἡμᾶς
1643 1892 1741 1924 αὐτοὺς
1752 1891 1856 1927 venui);

1065 1952 1096 1970 συ
1102 1943 1244 1979 μϐήσεται.
1259 1939 1306 1973 Οἷς
1317 1940 1373 1977 γὰρ
1385 1941 1418 1967 ἂν
1429 1940 1533 1974 γένοιτο
1547 1939 1674 1974 πατρίδος
1689 1939 1749 1973 μὲν.
1761 1937 1856 1973 ὥσπερ

1064 1989 1114 2023 τῆς
1130 1988 1197 2020 ἰδίας
1209 1987 1376 2018 ἀπολισθεῖν,
1390 1988 1439 2022 τῆς
1454 1985 1586 2020 συνήθους
1596 1993 1625 2011 τε
1637 1985 1683 2010 καὶ
1693 1983 1857 2018 φιλαιτάτης

1065 2034 1213 2070 εὐκοσμίας
1227 2034 1273 2060 καὶ
1287 2033 1397 2069 ἀρετῆς,
1412 2031 1573 2059 καθικέσθαι
1588 2031 1617 2057 δὲ
1629 2031 1696 2066 πρὸς
1711 2031 1745 2056 τὰ
1759 2030 1854 2065 χείρω.

1062 2081 1112 2108 ,καὶ
1130 2080 1182 2107 ὑπὸ
1201 2080 1330 2115 σκῆπτρα
1345 2078 1471 2113 γενέσθαι
1485 2077 1628 2104 διαϐολικὰ
1640 2096 1647 2108 ,
1665 2076 1756 2112 πάντη
1766 2084 1797 2101 τε
1808 2075 1857 2102 καὶ

1064 2125 1173 2156 πάντως
1192 2123 1351 2158 ὲπιφύονταί
1366 2131 1396 2149 τε
1419 2122 1466 2149 καὶ
1487 2120 1692 2148 ἐπιϐουλεύουσι
1713 2119 1810 2150 δεινῶς
1827 2119 1857 2146 αἱ

1065 2170 1181 2206 πονηραὶ
1195 2170 1240 2197 καὶ
1252 2167 1522 2202 ὲναντίαιδυνάμεις·
1537 2167 1588 2193 κᾶν
1600 2168 1624 2193 εἰ
1636 2165 1778 2192 θεάσαιντό
1795 2174 1857 2192 τινα

225 2225 257 2243 :tc
275 2216 298 2243 si
323 2223 405 2250 quem
421 2213 544 2241 viderint
558 2221 592 2240 ex
615 2212 650 2239 iis
663 2212 711 2248 qui
737 2213 789 2240 sibi
809 2213 925 2249 subjecti
947 2215 1013 2247 sint,

1069 2217 1120 2244 τῶν
1135 2217 1180 2243 ὑπ’
1202 2217 1298 2247 αὑταῖς
1313 2215 1462 2249 γεγονότων
1483 2214 1534 2240 οὐκ
1557 2213 1662 2248 ἀκαλλῆ
1679 2212 1728 2248 τὴν
1747 2211 1856 2238 σύνεσιν

227 2261 278 2297 13
295 2261 410 2296 pulchro
424 2259 619 2295 praestantique
633 2259 772 2287 intellectu
787 2259 942 2294 praeditum,
951 2268 1015 2288 eum

225 2317 275 2335 suo
288 2308 351 2335 duci
364 2315 486 2335 asserere
499 2311 643 2339 conantur,
652 2311 734 2341 atque
743 2306 816 2334 illius
828 2306 936 2334 libidini
947 2307 1015 2335 sub—

223 2353 321 2388 jiciunt
331 2372 338 2384 ,
362 2357 393 2379 ut
408 2359 463 2378 non
478 2351 534 2386 jam
559 2350 676 2386 amplius
688 2351 755 2384 Deo,
768 2351 817 2379 sed
831 2351 936 2379 Satanze
955 2351 1015 2379 fru-

224 2399 336 2427 ctiﬁcet.
355 2407 364 2423 ε
378 2397 453 2425 Esca;
471 2404 590 2432 namque
613 2396 698 2430 illius,
717 2406 727 2423 ι
749 2400 779 2424 ιιι
803 2398 936 2433 scriptum
961 2401 1014 2430 est,

229 2455 238 2470 ‹
257 2445 352 2472 electa:
370 2447 436 2471 sunt
445 2443 479 2476 “;
500 2452 509 2468 I
528 2449 561 2470 ac
576 2442 733 2471 demulcere
757 2443 869 2471 student
880 2444 1014 2479 quodam-

225 2491 307 2518 modo
324 2490 463 2525 captivum
477 2496 510 2516 ac
524 2489 684 2524 sublapsum
699 2489 831 2521 animum,
850 2497 885 2517 ne
895 2490 917 2517 si
935 2494 1015 2518 acute

225 2535 383 2572 perspiciat,
393 2534 593 2562 ad-libertatem
608 2542 624 2562 a
639 2534 770 2562 servitute
784 2535 909 2571 refugiat.
922 2536 1015 2570 Itaque

224 2581 374 2608 conciliant
388 2579 428 2608 illi
444 2587 640 2615 nonnunquam
655 2580 685 2608 in
705 2575 824 2608 tari-enis
839 2580 922 2608 rebus
935 2581 1015 2608 volu-

225 2632 323 2663 ptates,
342 2631 370 2654 et
393 2626 522 2654 inanibus
541 2626 772 2654 oblectationibus
791 2631 907 2662 augent,
922 2631 952 2654 ut
974 2627 1013 2654 illi

223 2680 333 2709 quoque
340 2672 530 2709 [Egyptiorum
538 2672 675 2708 principes
680 2672 814 2704 fecerunt,
823 2673 871 2707 qui
877 2672 1013 2701 Abraham

224 2719 324 2747 amissa
341 2720 455 2756 conjuge
466 2739 475 2751 ,
490 2717 667 2749 blandiendo,
686 2717 838 2746 honoribus
857 2726 889 2746 ac
902 2719 982 2746 donis
997 2727 1012 2746 a

226 2765 342 2792 maximo
363 2771 482 2792 mmrore
502 2771 618 2790 avocare
636 2763 791 2798 cupiebant,
818 2763 955 2799 Scriptum
973 2769 1015 2791 est

259 2865 281 2882 "
306 2865 387 2893 Amos
407 2873 462 2896 vnn,
481 2864 520 2890 ll.
561 2863 582 2879 "
598 2863 662 2890 Cen,
683 2871 727 2894 vn,
748 2864 788 2894 Η,
808 2864 847 2890 15.

1066 2263 1138 2298 ἔχειν
1161 2261 1319 2297 δυνάμενον,
1347 2261 1499 2295 περιποιεῖν
1522 2258 1702 2290 σπουδάζουσι
1726 2258 1767 2292 τῷ
1799 2257 1858 2292 ίδίῳ

1066 2307 1228 2343 καθηγητῇ,
1251 2306 1366 2336 καὶτοῖς
1389 2305 1494 2331 ἐκείνου
1519 2304 1739 2339 σπερματισμοῖς
1754 2302 1858 2334 ὑποφέ-

1067 2360 1169 2387 ρουσιν,
1191 2350 1236 2378 ἵνα
1251 2350 1310 2386 Θεῷ
1329 2350 1377 2385 μὲν
1394 2349 1497 2381 οὒκέτι,
1520 2349 1682 2383 καρποφορῇ
1704 2348 1732 2374 δὲ
1754 2347 1858 2383 μᾶλλον

1065 2397 1104 2433 τῷ
1121 2398 1239 2433 Σατανᾷ.
1259 2407 1269 2424 ε
1294 2397 1335 2424 Τὰ
1354 2395 1408 2431 γὰρ
1433 2395 1565 2431 βρώματα
1580 2394 1673 2427 αὑτοῦ,
1700 2403 1709 2419 ι
1735 2393 1810 2420 κατὰ
1825 2394 1856 2420 τὸ

1065 2443 1266 2480 γεγραμμένον,
1284 2453 1293 2469 ι
1311 2442 1428 2470 ὲκλεκτά
1447 2450 1470 2468 ι·
1486 2440 1690 2476 κατακηλοῦσαι
1710 2440 1739 2466 δὲ
1759 2439 1856 2473 ὥσπερ

1062 2491 1108 2518 τὸν
1129 2491 1227 2518 ἁλόντα
1243 2499 1273 2516 τε
1295 2489 1342 2516 καὶ
1364 2488 1584 2523 ὑπολισθήσαντα
1602 2486 1676 2518 νοῦν,
1699 2486 1738 2517 ὡς
1758 2485 1793 2512 ἂν
1818 2485 1856 2520 μὴ

1064 2537 1131 2564 πολὺ
1141 2537 1248 2572 βλέπων
1259 2537 1298 2567 εἰς
1309 2536 1339 2562 τὸ
1349 2534 1500 2570 ἐλεύθερον,
1513 2534 1563 2568 τῆς
1577 2534 1622 2560 ὑπ’
1631 2532 1727 2563 αὑταῖς
1740 2530 1855 2566 θητείας

1063 2582 1266 2617 ἁποφοιτήσειε.
1289 2579 1481 2618 Περιποιοῦσιν
1505 2579 1562 2605 ἔσθ’
1583 2579 1627 2605 ὅτε
1647 2577 1696 2608 τὰς
1721 2576 1770 2602 ἐπὶ
1797 2577 1856 2606 τοῖς

1067 2629 1170 2663 γητνοις
1184 2628 1292 2664 ἡδονὰς,
1316 2628 1363 2654 καὶ
1375 2626 1516 2657 οἱονείπως
1530 2621 1776 2654 καταπλουτίζουσι
1793 2623 1856 2652 ταῖς

1068 2675 1108 2706 εἰς
1122 2675 1153 2701 τὸ
1169 2675 1252 2710 μηδὲν
1269 2674 1425 2710 θυμηδίαις,
1440 2673 1569 2707 καθάπερ
1583 2670 1679 2705 ἀμέλει
1701 2669 1749 2696 καὶ
1763 2669 1788 2695 οι
1802 2668 1857 2694 τῶν

1067 2719 1226 2752 Αἰγυπτίων
1250 2719 1397 2754 ἄρχοντες,
1414 2717 1464 2752 τὴν
1482 2716 1606 2742 σύνοικον
1629 2713 1786 2741 ἀπολλύντα
1810 2712 1856 2739 τὸν

1070 2766 1202 2800 μακάριον
1220 2765 1354 2799 Ἀϐραὰμ,
1367 2764 1449 2791 οἱονεὶ
1459 2761 1662 2797 περισαίνοντες
1678 2760 1739 2790 ταῖς
1750 2759 1855 2793 τιμαῖς,

888 2864 910 2878 ³⁵
929 2863 1030 2890 llubar‘.
1046 2871 1066 2893 ι,
1082 2863 1121 2889 l6.
