1929 3042
70 142 114 170 153
439 149 483 176 DE
503 149 725 182 ADORATIONE
745 155 778 183 IN
799 155 935 184 SPIRITU
962 158 1008 186 ET
1031 157 1216 186 VEBITATE.
1236 159 1300 186 LIB.
1321 158 1341 185 I.

1665 158 1717 187 154

71 202 113 253 καὶ
127 201 227 253 δώρων
248 208 467 241 προσαγωγαῖς,
484 208 530 234 τοῦ
544 208 688 236 λυπεῖσθαι
697 210 758 238 λίαν
771 213 873 238 ἀποκο-

936 214 1017 240 ειιίπιι
1034 224 1044 241 ‹
1060 215 1196 243 Abraham
1213 217 1330 252 benigne
1345 218 1386 245 usi
1400 222 1465 245 sunt
1479 222 1591 253 propter
1603 217 1687 249 Illam,
1703 227 1713 242 ι

72 246 154 291 μίζειν
165 246 279 282 ἤθελον.
292 250 455 286 Γέγραπται
465 252 530 287 γὰρ,
546 253 589 280 ὅτι
602 264 611 280 ι
629 255 683 280 Καὶ
695 255 735 290 τῷ
748 255 874 291 Ἀδραὲιμ

73 290 98 318 εὖ
115 293 273 328 ἐχρήσαντο
290 295 327 321 δι’
342 296 440 332 αὐτὴν,
461 306 474 323 ι
486 297 565 332 δῆλον
577 298 616 330 δὲ,
633 299 674 326 ὅτι
688 300 739 336 τὴν
753 290 875 336 Σάρραν.

76 349 83 365 ι
103 340 150 365 καὶ
159 339 291 373 ἐγένοντο
302 343 390 379 αὐτῷ,
404 344 527 380 πρόὸατά
535 354 564 371 τε
573 346 619 372 καὶ
631 346 736 381 μόσχοι,
751 346 797 373 καὶ
807 346 873 377 ὄνοι,

76 386 119 412 καὶ
131 386 238 418 παῖδες,
246 388 298 414 καὶ
309 390 462 422 παιδίσκαι,
476 392 523 418 καὶ
538 391 654 426 ἡμίονοι,
665 392 710 418 καὶ
719 392 849 427 κάμηλοι.
861 402 871 418 ι

77 433 251 460 Πλεονεκτῷν
271 435 328 470 γὰρ
349 437 423 471 ἡμᾶς
437 438 476 469 είς
488 438 523 464 τὰ
539 437 720 473 καιριώτατα,
736 439 783 466 καὶ
793 439 876 465 οἱονεὶ

77 480 159 515 γονῆς
175 489 207 506 τε
223 483 272 508 καὶ
288 483 443 518 εὐκαρπίας
458 483 618 519 ἀποστερῶν
636 484 783 520 ἐλευθέρας
795 486 809 511 ὁ
822 486 873 511 Σα-

74 528 170 559 τανᾶς,
180 528 230 554 καὶ
241 530 302 560 ταῖς
314 530 394 561 ἰδίαις
405 530 468 566 ὕὸρε
473 539 497 556 σι
507 531 554 556 καὶ
562 530 716 565 ἀσελγείαις
723 530 767 557 τὸν
776 530 875 565 εὐγενῆ

74 573 138 599 νοῦν
153 574 303 609 ὑποφέρων
317 576 349 602 ἐκ
360 575 527 609 πλεονεξίας,
537 578 570 612 τῇ
581 577 635 603 τῶν
643 577 770 611 ἐπιγείων
780 577 876 612 τέρψει

76 620 261 655 καταδεσμεῖ.
277 621 429 656 Διελὴλακε
441 622 470 648 δὲ
486 623 585 656 μανίας
599 623 639 654 ιίς
653 623 732 650 τοῦτό
746 631 822 654 ποτε,
838 623 876 654 ὡς

79 666 130 692 καὶ
151 666 230 701 αὐτῷ
252 666 301 702 τὴν
317 669 415 704 πεῖραν
437 668 560 696 καθεῖναι
578 668 616 704 τῷ
640 668 761 703 Χριστῷ.
781 678 791 694 ι
817 668 877 695 Ἀν-

77 712 196 747 αγαγὼν
207 713 264 748 γὰρ
277 714 369 745 αὑτὸν,
384 724 393 740 ι
407 715 500 749 φησιν,
509 724 518 739 ι
530 715 629 747 ἔδειξεν
639 715 713 750 αὐτῷ
727 715 816 746 πάσας
827 716 877 747 τὰς

78 757 226 792 βασιλείας
240 758 292 793 τῆς
307 759 479 794 οἰκουμένης,
491 761 521 786 ὲν
535 762 635 796 στιγμῇ
651 761 759 796 χρόνου,
774 760 822 787 καὶ
839 757 878 786 εἷ-

75 813 130 830 πεν
143 804 222 840 αὑτῷ
235 805 251 831 ό
267 805 405 837 διάϐολος·
421 806 473 840 Σοὶί
483 806 562 833 δώσω
575 807 624 842 τὴν
635 806 759 839 ἐξουσίαν
775 806 876 840 ταύτην

77 850 205 883 ἃπασαν,
217 852 266 878 καὶ
276 851 327 887 τὴν
339 851 417 884 δόξαν
431 852 531 885 αὐτῶν,
544 853 585 879 ὅτι
596 853 658 888 ἐμοὶ
667 853 875 888 παραδέδονται,

77 897 129 922 καὶ
145 893 168 930 ᾧ
189 897 238 923 ἐὰν
253 897 341 929 θέλω,
357 897 453 933 δίδωμι
469 898 548 925 αὑτά.
565 898 601 924 Σὺ
622 896 670 925 οὖν
690 899 738 925 ἐὰν
754 907 876 935 προσκυ-

79 943 168 978 νήσῃς
188 943 305 970 ἐνώπιόν
322 952 390 979 μου,
410 943 486 970 ἔσται
501 953 542 970 σοι
558 945 658 971 πάντα.
677 954 686 970 ι

116 989 225 1016 ΠΑΛΛ.
250 989 327 1024 Ἔχει
342 989 392 1024 μὲν
409 989 506 1026 ὀρθῶς.
523 989 595 1025 Ηλὴν
609 991 731 1026 ἐρομένῳ
741 1010 748 1022 ,
760 990 874 1026 φράσον,

81 1035 131 1067 Τίς
147 1035 182 1061 ἂν
196 1035 303 1069 γένοιτο
318 1037 375 1067 τοῖς
400 1034 531 1062 παθοῦσιν
548 1036 565 1071 ἢ
581 1036 673 1071 ὖνησις
685 1036 768 1070 ἤγουν
784 1037 801 1071 ἡ
815 1036 877 1062 ὲπι-

82 1081 235 1117 κούρητιςς

119 1127 206 1154 ΚΥΡ.
221 1128 304 1160 Θεὸς,
323 1124 346 1154 ὦ
363 1129 487 1162 γενναῖε,
502 1129 575 1164 καὶὴ
594 1129 660 1164 παρ’
674 1127 756 1154 αὑτοῦ
779 1128 857 1163 χάρις
868 1148 877 1159 ,

82 1174 114 1200 οὐ
143 1174 225 1209 μέχρι
250 1174 350 1206 παντὸς
372 1175 477 1208 ὲφιεῖσα
498 1175 543 1201 τὸν
563 1174 733 1210 ὴσθενηκάτα
749 1174 811 1201 νοῦν
825 1174 878 1201 ὑπὸ

84 1220 170 1252 πόδας
185 1218 256 1247 εἶναι
269 1219 439 1251 διαϐολικοὺς
449 1242 456 1253 ,
470 1221 538 1247 ἀλλὰ
550 1221 774 1256 ὑπερασπίζουσά
788 1229 817 1247 τε
829 1220 878 1247 καὶ

85 1267 278 1301 ἐξαιρουμένη,
294 1266 339 1292 τὸν
352 1266 428 1293 οὐδὲν
446 1266 594 1301 ἐπαμύνειν
615 1266 704 1301 ἑαυτῷ
718 1265 876 1300 δυνάμενον.

87 1313 168 1343 Ἴδοις
182 1312 205 1338 δ’
222 1312 256 1339 ἂν
267 1333 274 1344 ,
295 1313 320 1339 εἰ
342 1312 464 1347 βούλοιο.
481 1313 555 1339 τουτὶ
579 1312 690 1346 γεγονὸς
703 1312 750 1339 καὶ
768 1312 814 1338 ἐπὶ
830 1311 877 1338 τοῦ

86 1359 262 1394 προπάτορος
276 1359 414 1394 ’Δὸραᾶμ.
432 1358 624 1394 Ἀπειρηκότος
636 1358 691 1394 γὰρ
700 1357 747 1384 τοῦ
761 1358 878 1390 δικαίου,

86 1404 134 1431 καὶ
146 1405 216 1440 δρᾷν
230 1404 287 1431 οἵου
301 1413 332 1431 τε
348 1404 486 1436 παντελῶς
498 1405 584 1437 οὐδὲν,
595 1405 677 1439 μέσος
689 1404 784 1439 ἐχώρει
801 1404 878 1436 Θεὸς,

86 1451 134 1477 καὶ
148 1452 201 1485 τῆς
215 1450 375 1485 Αἰγυπτίων
388 1450 532 1484 ἀσελγείας
545 1450 576 1476 τὸ
595 1449 704 1484 γύναιον
720 1449 878 1485 ἠλευθέρου.

89 1507 100 1524 ι
118 1498 224 1524 Ἥτασε
236 1498 291 1532 γὰρ
312 1497 416 1532 Κύριος
427 1497 473 1524 τὸν
486 1496 584 1532 Φαραὼ
606 1497 734 1531 ὲτασμοῖς
751 1495 880 1531 μεγάλοις

87 1544 135 1571 καὶ
155 1544 304 1578 πονηροῖς,
321 1543 369 1569 καὶ
390 1543 437 1569 τὸν
451 1540 525 1569 οἷκον
537 1541 619 1569 αὐτοῦ
633 1543 697 1577 περὶ
709 1542 819 1577 Σάρρας
831 1542 881 1576 τῆς
895 1562 918 1591 C

87 1590 219 1624 γυναικὸς
241 1588 377 1624 ’Δὸραάμ.
397 1598 407 1614 ι
425 1588 514 1622 Ἠφίει
539 1588 567 1615 δὲ
589 1587 660 1615 οὕτω
679 1588 755 1623 μόλις
775 1587 880 1624 ὕϐρεως

88 1636 240 1671 ἑλευοέραν
261 1635 311 1670 τὴν
331 1634 371 1670 τῷ
389 1635 486 1670 δικαίῳ
510 1634 727 1670 συνῳκισμένην.
749 1634 815 1666 Θεὸς
835 1632 882 1660 οὖν

87 1683 142 1718 ἄρα
160 1682 208 1708 καὶ
228 1682 308 1716 μόνος
322 1680 440 1713 ἐξέλοιτο
453 1680 486 1707 ἂν
501 1681 534 1707 ὲκ
551 1681 601 1716 τῆς
616 1680 662 1707 τοῦ
678 1679 803 1706 διαϐόλου
822 1688 881 1714 χει-

89 1728 134 1763 ρδς
144 1729 191 1755 τὸν
206 1728 337 1755 ὲναλόντα
350 1727 429 1760 νοῦν,
444 1728 492 1755 καὶ
502 1729 541 1759 εἰς
558 1727 709 1762 εὐκοσμίαν
722 1726 803 1753 αὐτὸν
821 1727 884 1753 ἀναο

88 1773 204 1810 στρέψει
219 1774 270 1809 τὴν
283 1775 313 1801 ὲν
328 1774 438 1810 ἀρχαῖς.

122 1860 234 1887 ΠΑΑΛ.
261 1859 364 1896 Ἐνδείᾳ
388 1859 420 1894 δὴ
441 1857 488 1886 οὖν
509 1860 544 1895 τῇ
570 1859 624 1886 τῶν
649 1859 752 1886 ἄνωθεν
773 1859 883 1894 ἀγαθῶν

87 1906 296 1942 κατωθούμενοι
312 1905 428 1941 κάτιμεν
441 1905 498 1931 ἔσθ’
510 1906 554 1932 ὅτε
568 1905 637 1941 πρὸς
655 1905 690 1932 τὰ
711 1906 812 1941 αἰσχρὰ
835 1906 883 1933 καὶ

89 1953 219 1988 βδελυρά.

126 1999 212 2025 ΚΥΡ.
227 1997 306 2025 Οὕτω
319 1998 400 2033 φημί.

125 2045 235 2072 ΠΛΛΛ.
258 2044 328 2071 Ἀλλ’
343 2044 402 2070 ἐστι
421 2052 473 2070 που
492 2044 601 2075 πάντως
615 2044 653 2078 τῷ
665 2044 807 2079 φιλαγάθῳ
820 2045 884 2080 πρέ-

90 2099 143 2117 πον
165 2089 236 2124 Θεῷ,
254 2089 284 2115 τὸ
308 2089 405 2124 μηδενὶ
425 2088 480 2115 τῶν
499 2088 627 2115 τοιούτων
641 2089 688 2123 ὲᾷν
709 2088 884 2123 περιπίπτειν

89 2137 179 2172 ἡμᾶς·

128 2182 211 2208 KTP.
223 2180 331 2216 Πρέπον
345 2179 396 2215 μὲν
408 2180 448 2206 ὅτι
462 2179 580 2214 μάλιστα
587 2180 662 2206 τουτὶ
672 2179 741 2214 Θεῷ,
751 2180 798 2206 καὶ
809 2179 884 2214 θελη-

928 260 1002 287 haud
1029 260 1144 288 dubium
1159 262 1226 297 quin
1245 268 1357 298 propter
1372 263 1493 295 Sarram,
1522 273 1531 288 ι
1548 267 1577 290 et
1603 262 1718 289 fuerunt

927 305 966 332 illi
981 313 1048 333 oves
1059 311 1088 334 et
1103 307 1197 339 boves,
1215 312 1244 334 et
1268 309 1348 340 asini,
1365 313 1393 336 et
1408 309 1481 336 servi
1504 312 1534 336 et
1553 308 1669 338 ancillae,
1689 311 1718 335 et

925 350 993 377 muli
1008 355 1038 379 et
1053 352 1150 379 cameli
1161 353 1194 379 ³⁸.
1217 363 1225 378 ι
1247 353 1353 381 Fraude
1376 355 1450 382 enim
1470 362 1520 382 sua
1532 362 1582 381 nos
1599 353 1633 381 ad
1649 357 1720 380 tem-

926 396 1036 429 poraria
1053 397 1204 432 pelliciens,
1218 402 1246 425 et
1258 398 1459 433 quodammodo
1473 400 1577 426 semine
1592 398 1626 426 ad
1644 398 1718 426 fetu—

926 450 983 468 ram
1005 442 1142 470 libertatis
1156 443 1321 471 defraudans
1342 444 1455 471 Satanas
1466 464 1473 476 ,
1488 448 1516 471 et
1535 443 1675 480 tyrannica
1691 443 1718 469 vi

926 494 983 515 sua:
1003 487 1112 514 libidini
1140 488 1414 523 et-intemperantiae
1431 489 1602 516 nobilitatem
1631 488 1717 515 animi

927 533 1085 568 subjiciens,
1102 539 1194 560 rerum
1210 538 1383 561 terrenarum
1397 534 1607 561 oblectamentis
1620 534 1717 561 devin-

926 579 974 606 cit.
988 578 1059 611 Quin
1074 579 1158 606 etiam
1176 587 1210 606 eo
1231 579 1345 607 insania
1363 579 1511 614 aliquando
1530 580 1670 614 prorupit,
1687 583 1718 606 ut

926 623 1017 660 ipsum
1040 632 1151 660 quoque
1174 625 1315 652 Christum
1342 629 1448 652 tentare
1472 625 1578 652 veritus
1595 633 1651 664 no‘n
1670 625 1716 652 sit.

930 679 940 697 ι
960 671 995 697 Et
1010 678 1162 703 assumens,
1184 681 1193 696 ι
1216 671 1316 706 inquit,
1334 680 1343 696 ι
1357 678 1432 703 eum,
1447 670 1567 698 ostendit
1585 671 1612 697 ei
1626 670 1718 697 omnia

927 723 1010 751 regna
1024 717 1100 743 orbis
1114 721 1193 745 terra:
1208 717 1235 744 in
1252 721 1390 744 momento
1409 716 1552 751 temporis,
1571 721 1600 743 et
1612 716 1681 743 dixit
1692 716 1718 743 ei

927 761 1069 790 diabolus:
1084 762 1147 789 Tibi
1162 763 1233 790 dabo
1244 767 1407 797 potestatem
1423 763 1493 789 hanc
1510 762 1679 793 universam,
1692 767 1720 788 et

927 809 1041 845 gloriam
1058 817 1165 841 eorum,
1176 809 1242 844 quia
1255 809 1322 836 mihi
1337 809 1436 836 tradita
1449 812 1522 840 sunt,
1539 812 1568 834 et
1587 807 1632 835 cui
1645 807 1718 839 volo,

928 855 963 882 do
979 856 1034 882 illa.
1053 855 1095 882 Tu
1121 855 1215 890 igitur,
1232 856 1254 882 si
1281 855 1438 882 adoravcris
1470 862 1562 893 coram
1588 861 1649 885 me,
1674 858 1720 880 tua

928 906 1009 929 erunt
1021 901 1112 929 omnia
1123 902 1155 928 ³⁷.
1173 911 1182 927 ι

1122 953 1192 968 ρης-ιι

964 990 1062 1018 PALL.
1083 991 1169 1018 Recte
1191 990 1284 1018 habet.
1304 980 1513 1022 Casteru‘mvdic,
1536 990 1660 1017 obsecro.
1685 990 1722 1017 Iis

929 1036 977 1072 qui
1001 1036 1030 1063 in
1054 1036 1113 1063 haec
1136 1036 1206 1063 mala
1233 1036 1399 1068 inciderunt,
1421 1035 1559 1069 quodnam
1576 1035 1720 1066 levamen,

929 1083 1037 1118 quodve
1050 1082 1184 1110 auxilium
1201 1082 1333 1109 exsistere
1348 1081 1454 1116 possit?

965 1126 1044 1154 CYR.
1063 1127 1155 1158 Deus,
1176 1126 1301 1158 Palladi,
1323 1130 1352 1152 et
1377 1126 1437 1161 ejus
1457 1126 1561 1161 gratia,
1582 1133 1642 1160 quae
1665 1133 1721 1152 non

931 1180 1128 1208 usquequaque
1161 1172 1296 1207 permittit
1315 1171 1453 1199 inﬁrmum
1473 1172 1595 1198 animum
1610 1172 1661 1198 sub
1675 1179 1723 1206 pe-

930 1219 1011 1246 dibus
1023 1226 1084 1245 esse
1097 1217 1210 1250 diaboli,
1229 1218 1276 1244 sed
1291 1217 1409 1252 protegit
1423 1225 1454 1244 ac
1469 1218 1568 1245 liberat
1579 1225 1653 1244 'eum
1674 1217 1721 1252 qui

931 1271 961 1291 se
978 1263 1049 1290 tueri
1064 1270 1096 1290 ac
1113 1262 1261 1290 defendere
1278 1262 1354 1290 nullo
1369 1262 1451 1290 modo
1467 1267 1565 1297 potest.
1582 1263 1659 1290 Licet
1675 1270 1723 1289 au-

932 1314 986 1336 tem
1001 1308 1106 1340 videre,
1122 1308 1144 1335 si
1162 1308 1242 1340 velis,
1260 1300 1380 1343 idipsum
1406 1308 1541 1335 Abraham
1561 1307 1723 1343 patriarchae

932 1354 1078 1389 contigisse
1096 1362 1103 1380 :
1122 1361 1184 1380 cum
1205 1354 1281 1381 enim
1302 1354 1476 1388 desperasset
1495 1354 1538 1380 vir
1555 1354 1655 1388 justus,
1672 1361 1722 1380 nc-

932 1408 985 1435 que
1001 1399 1093 1427 animo
1109 1399 1214 1434 aliquid
1229 1399 1336 1427 efﬁcere
1359 1404 1460 1434 posset,
1482 1399 1590 1426 medius
1605 1399 1725 1426 intervo-

932 1447 973 1473 nit
989 1446 1072 1478 Deus,
1087 1446 1134 1480 qui
1150 1445 1185 1472 ab
1198 1445 1385 1481 Egyptiorum
1401 1444 1612 1479 intemperantia
1627 1443 1722 1470 multa

934 1500 992 1519 rem
1009 1491 1145 1519 liberavit.
1169 1501 1179 1517 ι
1196 1491 1355 1526 Flagellavit
1368 1498 1488 1526 namque
1502 1490 1635 1518 Dominus
1651 1490 1723 1517 Pha-

933 1545 1046 1566 raonem
1066 1537 1181 1573 ﬂagellis
1201 1537 1308 1573 magnis
1330 1541 1413 1572 atque
1435 1537 1616 1569 terribilibus,
1631 1540 1660 1563 et
1677 1536 1726 1563 do-

933 1592 1008 1611 mum
1027 1585 1088 1619 ejus
1111 1588 1223 1619 propter
1249 1583 1358 1611 Sarram
1383 1591 1496 1610 uxorem
1515 1582 1652 1616 Abraham
1663 1581 1696 1608 "‘.
1710 1591 1721 1606 ι

933 1630 993 1664 Quo
1009 1631 1080 1658 facto
1105 1630 1215 1665 tandem
1233 1630 1301 1665 justi
1320 1629 1441 1657 hominis
1464 1629 1607 1664 conjugem
1625 1627 1671 1654 vix
1689 1627 1724 1654 ab

933 1676 1034 1712 injuria
1053 1676 1169 1703 liberam
1183 1664 1298 1702 dimisit.
1311 1675 1385 1702 Deus
1398 1674 1491 1710 igitur,
1510 1678 1538 1700 et
1555 1673 1668 1708 quidem
1681 1680 1725 1699 so-

933 1723 987 1755 lus,
1006 1726 1117 1758 captum
1140 1722 1261 1749 animum
1284 1729 1318 1749 ex
1341 1721 1443 1748 diaboli
1469 1720 1595 1747 manibus
1618 1719 1725 1753 eripere

933 1769 1013 1796 facile
1029 1772 1128 1803 potest,
1145 1772 1226 1802 atque
1246 1768 1279 1794 ad
1296 1767 1467 1794 honestatem
1484 1765 1627 1800 pristinam
1648 1771 1726 1791 revo-

933 1822 996 1842 care
1001 1835 1007 1841 .
1103 1841 1110 1845 ,

972 1859 1025 1895 14.
1048 1859 1146 1886 PALL.
1174 1857 1267 1892 Inopia
1295 1857 1378 1893 igitur
1407 1856 1560 1883 ctelesttum
1589 1854 1724 1881 bonorum

934 1905 1042 1940 depulsi
1065 1905 1230 1940 quandoque
1259 1903 1293 1930 ad
1317 1907 1411 1938 turpes
1438 1906 1521 1936 atque
1546 1900 1727 1928 exsecrandas

935 1951 1057 1978 actiones
1072 1950 1237 1977 delabimur.
1424 1945 1427 1949 ”

969 1997 1048 2024 CYR.
1068 1997 1108 2024 Ita
1126 1996 1225 2024 sentio.

971 2043 1070 2070 PALL.
1101 2042 1228 2070 Attamen
1257 2041 1357 2068 divinae
1385 2041 1547 2076 benignitati
1575 2047 1727 2076 congruere

935 2089 1062 2120 videtur,
1080 2095 1135 2114 non
1154 2087 1314 2122 permittere
1338 2090 1369 2113 ut
1390 2086 1419 2113 in
1441 2086 1598 2122 hujusmodi
1623 2085 1726 2120 aliquid

937 2135 1101 2163 incidamus.

974 2181 1051 2208 CYR.
1070 2175 1203 2214 Congruit
1216 2183 1245 2207 et
1263 2178 1374 2214 quidem
1393 2179 1510 2206 maxime
1525 2178 1552 2205 id
1566 2179 1632 2210 Deo,
1646 2181 1728 2212 atque

89 2229 136 2255 τόν
152 2237 196 2262 γε,
212 2225 235 2253 ὦ
251 2228 300 2254 τᾶν
310 2236 317 2243 ·
331 2227 374 2261 εἴη
388 2225 443 2261 γὰρ
456 2225 489 2253 ἃν
503 2226 603 2260 ἥκιστα.
625 2225 674 2260 μὲν
688 2225 805 2260 ἀγαθὸς,
822 2225 880 2260 φιλ-

937 2228 1006 2255 adeo
1028 2227 1096 2258 vult,
1122 2225 1240 2258 Palladi;
1266 2225 1369 2260 alioqui
1394 2225 1506 2252 minime
1532 2225 1621 2251 bonus
1644 2228 1727 2255 esset,

90 2275 190 2310 ἀρετ-ος
209 2274 238 2300 δὲ
254 2274 285 2299 οὗ
303 2273 379 2306 λίαν,
395 2273 418 2299 εἱ
432 2273 469 2308 μὴ
483 2272 578 2299 τοῦτον
598 2272 654 2307 ἔχοι
671 2272 739 2307 πρὸς
753 2272 826 2307 ἡμᾶς
840 2272 885 2298 τὸν

91 2322 205 2348 σκοπόν.
233 2319 377 2355 Παραίτιοι
401 2318 430 2344 δὲ
454 2318 501 2345 τοῦ
532 2317 629 2344 παθεῖν
652 2318 759 2349 ἑαυτοῖς
785 2319 883 2354 ἡμεῖς,

93 2367 301 2402 παραθήγοντες
324 2365 363 2396 εἰς
385 2364 470 2400 ὀργὰς
491 2363 538 2391 τὸν
559 2364 613 2390 τῶν
636 2364 705 2391 ὅλων
728 2364 884 2399 Δεσπότην·

93 2413 182 2448 ἐνίησι
196 2411 252 2447 γὰρ
269 2410 340 2438 οὓτω
356 2411 426 2446 πρὸς
445 2409 547 2445 ἀσθενῆ
560 2418 590 2436 τε
609 2409 656 2436 καὶ
667 2409 796 2446 ἄνανδρον
810 2409 882 2436 νοῦν.

94 2458 130 2484 Ἦ
146 2457 210 2491 οὐχὶ
227 2451 344 2491 βοῶντος
358 2454 468 2486 ἀκούεις
483 2454 517 2481 δι’
537 2454 597 2486 ἑνὸς
613 2450 667 2481 τῶν
678 2454 765 2488 ἁγίων
779 2462 886 2489 προφη-

95 2504 164 2531 τῶν·
184 2513 194 2529 ι
220 2502 286 2529 Ἰδοὺ
305 2501 362 2536 ἐγὼ
381 2501 476 2536 δίδωμι
490 2501 536 2528 ἐπὶ
559 2501 605 2528 τὸν
623 2501 688 2528 λαὸν
706 2500 799 2527 τοῦτον
809 2501 889 2528 ἀσθέ-

97 2558 178 2582 νειαν,
196 2548 245 2576 καὶ
263 2547 462 2582 ἁσθενήσουσιν
480 2547 510 2573 ἑν
525 2547 595 2583 αὐτῇ
616 2547 733 2583 πατέρες
755 2547 802 2573 καὶ
823 2546 886 2573 υἱοί·

100 2596 191 2630 γείτων
206 2594 255 2621 καὶ
268 2595 283 2621 ὸ
300 2592 415 2629 πλησίον
428 2593 510 2620 αὑτοῦ
520 2592 702 2626 ἀπολοῦνταις
715 2603 725 2619 ι
742 2593 845 2629 Γράφει
860 2593 889 2620 δὲ

101 2642 158 2677 περί
177 2650 260 2669 τινων
279 2641 329 2668 καὶ
350 2641 366 2667 ὁ
387 2638 542 2675 σοφώτατος
558 2639 673 2672 Παῦλοςι
694 2650 704 2666 ι
723 2641 778 2667 Καὶ
793 2640 887 2672 καθὼς

103 2690 145 2716 οὐκ
159 2689 329 2724 ἐδοκίμασαν
352 2686 399 2714 τὸν
420 2686 486 2713 Θεὸν
499 2686 570 2721 ἔχειν
592 2687 621 2713 ἀν
636 2686 800 2720 ἐπιγνώσει,
815 2695 885 2721 παρ-

102 2736 192 2764 έδωκεν
206 2734 311 2765 αὐτοὺς
325 2734 341 2760 6
360 2732 427 2764 Θεὸς
447 2733 487 2764 εἰς
499 2732 628 2767 ἀδόκιμον
650 2731 713 2758 νοῦν
723 2751 730 2763 ,
752 2733 839 2758 ποιεῖν
853 2731 888 2758 τὰ

103 2783 131 2819 μὴ
142 2782 315 2818 καθήκοντα.
343 2788 354 2805 ι
373 2778 549 2814 τρανώτερον
570 2778 599 2805 δὲ
617 2779 691 2805 τουτὶ
702 2779 749 2805 καὶ
764 2779 779 2805 ὁ
791 2778 888 2805 θεσπὲ-

125 2873 256 2902 "Uencs.
275 2878 327 2903 xu,
342 2869 386 2897 l6.
425 2869 446 2884 ³⁷
458 2868 523 2895 Luc.
539 2876 573 2901 ιγ,
589 2868 644 2895 5—7.

938 2281 990 2301 nec
1010 2280 1076 2300 sane
1098 2272 1210 2299 virtutis
1230 2279 1335 2303 amans,
1356 2271 1410 2298 nisi
1432 2271 1485 2298 hoc
1503 2279 1567 2306 erga
1588 2278 1638 2297 nos
1656 2274 1729 2297 esset

938 2319 1040 2347 animo.
1059 2317 1112 2345 Sed
1129 2318 1202 2353 quod
1219 2318 1278 2345 hare
1293 2317 1373 2344 nobis
1388 2317 1525 2349 accidunt,
1540 2320 1635 2344 nostra
1649 2316 1729 2350 culpa

937 2370 990 2396 est,
1007 2364 1055 2399 qui
1068 2364 1191 2391 omnium
1208 2363 1353 2391 Dominum
1370 2363 1404 2390 ad
1421 2362 1490 2389 iram
1508 2369 1727 2394 commovemus;

937 2419 993 2446 quo
1014 2411 1095 2442 facto,
1111 2410 1233 2437 animant
1256 2409 1302 2436 ille
1321 2409 1403 2436 nobis
1421 2408 1559 2436 inﬁmum
1576 2415 1729 2443 parumque

938 2457 1046 2484 virilem
1065 2456 1198 2483 immittit.
1222 2455 1264 2482 An
1282 2459 1310 2482 tu
1330 2455 1443 2482 minime
1468 2454 1582 2482 exaudis
1603 2455 1664 2490 ejus
1683 2461 1730 2481 vo—

937 2510 1008 2535 cem,
1030 2509 1093 2529 cum
1116 2509 1167 2536 per
1186 2500 1334 2536 quemdam
1357 2505 1513 2528 sanctorum
1534 2499 1729 2535 prophetarum

937 2550 1038 2577 clamat
1054 2557 1060 2575 :
1080 2558 1090 2573 ι
1110 2548 1181 2575 Ecce
1195 2555 1245 2583 ego
1263 2547 1299 2574 do
1316 2555 1400 2582 super
1412 2547 1545 2583 populum
1564 2547 1638 2574 hunc
1655 2545 1731 2573 inﬁr-

938 2596 1078 2627 mitatem;
1098 2598 1128 2621 et
1147 2593 1362 2621 inﬁrmabuntur
1380 2594 1409 2621 in
1431 2594 1478 2621 illa
1495 2597 1623 2629 parentes
1639 2597 1668 2621 et
1682 2593 1730 2619 ﬁlii

938 2641 1031 2673 simul,
1039 2639 1148 2667 vicinus
1157 2644 1185 2667 et
1195 2639 1336 2674 proximus
1346 2639 1406 2675 ejus
1417 2639 1550 2674 peribunt
1558 2639 1616 2665 ενι»
1630 2637 1731 2666 Scribit

939 2684 1022 2713 etiam
1046 2683 1081 2711 de
1104 2683 1268 2718 quibusdam
1287 2683 1331 2710 vir
1357 2683 1575 2718 sapientissimus
1600 2682 1702 2710 Paulus
1723 2690 1730 2708 ε

945 2740 954 2756 ε
970 2731 1005 2758 Ει
1016 2730 1089 2757 sicut
1098 2738 1152 2757 non
1164 2729 1352 2765 probaverunt
1360 2729 1447 2757 Deum
1462 2729 1564 2756 habere
1579 2729 1607 2756 in
1622 2727 1729 2759 notitia,

942 2778 1056 2806 tradidit
1070 2778 1131 2806 illos
1149 2779 1221 2807 Deus
1239 2778 1267 2806 in
1280 2779 1428 2813 reprobum
1447 2785 1568 2810 sensum,
1584 2781 1614 2804 ut
1630 2775 1731 2804 faciant

684 2868 704 2882 ³·
717 2868 784 2895 Gen.
805 2876 851 2900 xu,
870 2868 907 2894 l7.
947 2868 969 2884 "
987 2867 1041 2896 Jer.
1059 2876 1094 2898 νι,
1107 2867 1148 2894 ﬁt.
