1924 3043
221 154 274 184 139

735 157 765 185 8.
785 157 923 186 CYRILLI
941 158 1179 187 ALEXANDRINI
1197 159 1356 188 ARCHIEP.

1806 161 1861 190 160

257 213 336 242 CYR.
357 214 454 249 Segnis
468 219 510 242 est
526 217 555 242 et
567 213 684 249 supinus
698 214 755 243 fere
770 215 804 243 ad
821 224 854 243 ea
866 216 937 244 bona
953 225 1009 252 qua:

1101 218 1182 245 ΚΥΡ-
1197 218 1332 254 Ῥᾁθυμος
1344 218 1394 254 μὲν
1404 218 1459 255 γάρ
1469 219 1516 246 καὶ
1525 219 1733 261 ἀναπεπτωκὼς
1741 221 1786 248 ἀεί
1797 230 1860 254 πως

222 263 287 286 sunt
302 260 330 286 in
344 267 437 291 manu,
459 259 687 295 concupiscenda,
706 269 797 296 neque
814 262 962 290 admodum
979 271 1011 291 ea

221 304 326 339 expetit
340 311 402 339 qua
418 305 527 332 suntin
545 306 606 340 ejus
630 311 764 341 potestate
779 308 840 335 sita.
860 309 911 343 17
928 309 972 341 At,
988 309 1011 337 si

221 355 276 385 qua
297 350 368 388 facta
391 350 476 378 fuerit
497 351 524 379 in
547 352 661 380 alteram
685 358 791 388 partem
813 355 964 387 inclinatio,
984 359 1013 383 et

221 396 407 428 ornamentis,
431 404 493 431 quae
517 397 654 430 habebat,
685 399 817 427 minorari
845 401 1010 437 contigerit,

221 444 288 468 tunc
308 441 354 468 vix
376 441 486 468 tandem
507 442 535 469 in
552 442 632 470 malis
648 443 785 480 intelligit,
800 445 930 473 omnibus
943 447 1012 474 viri-

221 486 273 513 bus
295 486 489 519 resistendum,
512 495 602 523 neque
627 489 662 516 ad
686 494 840 519 extremum
864 499 951 527 usque
972 493 1013 520 in—

220 532 306 558 sultui
329 532 420 560 locum
442 533 564 561 dandum
585 534 680 568 fuisse,
698 543 734 563 ne
759 536 787 564 in
810 537 958 566 discrimen
983 546 1013 567 se

220 578 380 613 conjiceret.

256 623 354 651 PALL.
372 625 412 652 ita
425 629 476 654 est.

255 669 335 697 ΟΥΕ.
352 671 543 700 Necessarium
572 678 614 701 est
629 674 728 710 igitur,
745 680 773 702 et
786 676 927 710 sapientia:
952 677 1012 712 plc-

221 722 300 748 num,
311 720 340 743 et
356 716 383 743 in
399 718 496 752 primis
510 719 696 751 utilissimum,
712 721 862 755 praecidere
878 722 1012 756 malorum

222 767 329 794 causas,
348 766 377 789 et
387 767 490 791 coactae
501 765 642 792 servitutis
658 765 762 792 aditum
787 767 966 801 praecludere,
984 773 1012 796 et

221 813 256 832 ea
271 814 377 835 summo
392 808 484 836 studio
500 810 648 843 declinare,
665 819 736 846 quae,
752 812 775 839 si
808 813 928 848 experiri
945 822 1013 842 con-

221 851 324 886 tigerit,
340 853 367 880 in
379 855 508 883 omnibus
529 856 608 883 malis
628 857 811 886 versabimur.

259 898 356 926 PALL.
372 900 411 928 ita
426 909 455 929 se
470 910 514 929 res
530 902 622 932 habet.

257 943 336 972 ΟΥΕ.
349 945 388 973 Ac
403 947 425 973 si
442 947 536 975 divina
548 949 628 977 nobis
644 949 684 977 ira
695 951 858 979 necessaria!
867 953 1011 981 servitutis

218 990 315 1025 iugum
335 991 502 1027 imponatur,
531 995 599 1022 adeo
627 1001 657 1023 ut
677 996 706 1023 in
732 998 880 1032 reprobum
901 1007 1011 1026 sensum

221 1036 445 1066 descendendum
470 1039 526 1071 sit.
544 1041 678 1069 obsistere
703 1043 815 1077 quidem
834 1043 908 1071 haud
932 1044 1012 1072 facile

221 1081 315 1109 fuerit.
327 1083 397 1110 illud
413 1088 508 1112 tamen
516 1085 643 1119 dixerim,
654 1087 786 1122 expedire
796 1088 840 1116 vel
853 1089 1012 1117 meminisse

221 1128 329 1161 solum,
350 1130 496 1165 exquibus
520 1132 548 1159 in
571 1140 632 1167 qua:
654 1133 902 1167 deciinaverimus,
930 1139 1012 1170 atque

221 1173 320 1200 acerbe
333 1173 434 1202 deﬂere
448 1180 506 1203 tum
520 1181 642 1204 nostram
657 1178 802 1211 incuriam,
822 1183 879 1206 tum
898 1180 1012 1215 superni

220 1227 286 1254 erga
309 1228 359 1248 nos
381 1222 474 1249 auxilii
501 1223 622 1258 inopiam
643 1232 650 1250 τ
673 1233 683 1249 ‹
700 1224 749 1252 illa
758 1233 876 1260 namque
900 1226 1012 1254 tristitia

221 1272 284 1298 qua:
297 1267 448 1294 secundum
473 1268 559 1295 Deum
575 1272 627 1300 est,
648 1269 837 1304 paenitentiam
854 1271 881 1298 ‘m
897 1271 1011 1298 salutem

221 1309 448 1345 impmnitendam
461 1318 592 1348 operatur
610 1315 642 1342 ".
664 1325 673 1340 ι
701 1316 755 1343 Sed
777 1317 800 1343 si
823 1317 903 1343 nobis
918 1317 1011 1344 divina

221 1355 262 1383 ira
282 1364 337 1384 non
362 1357 515 1390 immineat,
540 1365 621 1394 atque
638 1361 758 1388 liberum
779 1361 815 1388 sit
834 1365 862 1388 ct
878 1362 959 1394 velle,
984 1368 1013 1390 et

221 1401 295 1436 quod
319 1402 408 1430 visum
432 1403 527 1436 fuerit,
545 1404 647 1437 facere,
673 1410 702 1432 et
728 1406 802 1433 illam
823 1406 851 1433 in
869 1411 1013 1443 utramque

221 1452 328 1480 partem
350 1448 573 1482 propensionem,
596 1449 630 1476 ad
650 1450 763 1483 malum,
785 1451 907 1486 inquam,
930 1458 956 1480 et
978 1454 1012 1481 ad

221 1491 337 1525 bonum,
357 1492 472 1520 solutam
499 1501 531 1521 ac
560 1493 674 1522 liberam
700 1500 728 1523 et
747 1496 782 1523 ab
805 1497 880 1524 omni
903 1499 1013 1532 penitus

221 1538 363 1566 eoactione
371 1538 488 1566 alienam
499 1539 620 1568 retinere
632 1540 723 1574 liceat,
738 1542 877 1570 cavendus
889 1547 931 1571 est
942 1549 1012 1572 stre-

1064 263 1137 289 ὲστὶν
1153 264 1193 295 τίς
1210 264 1358 300 ἐπιθυμίαν
1372 264 1426 291 τῶν
1442 265 1471 292 ἑν
1493 265 1587 301 χερσὶν
1606 266 1726 301 ἀγαθῶν,
1749 266 1860 301 ἐφίεται

1063 309 1091 336 δὲ
1105 309 1135 335 οῦ
1149 309 1208 337 λίαν
1218 307 1310 346 ὦνπερ
1333 310 1366 338 ἃν
1381 311 1438 346 ἔχοι
1457 311 1506 346 τὴν
1520 311 1656 344 ἐξουσίαν.
1674 313 1706 339 Εἰ
1719 313 1749 339 δὲ
1763 313 1796 349 δή
1815 322 1860 346 τις

1063 355 1169 389 γένοιτο
1184 356 1351 392 μετάκλησις
1364 357 1411 383 ἐπὶ
1424 357 1536 392 θάτερα,
1559 359 1607 384 καὶ
1620 355 1658 384 ὧν
1669 358 1703 385 ἂν
1713 359 1770 394 ἔχοι
1782 359 1858 394 λαμ-

1064 401 1140 436 πρῶν
1159 402 1292 437 ἡττᾶσθαι
1307 404 1392 438 παρῇ,
1408 403 1469 430 τότε
1485 404 1518 439 δὴ
1532 404 1608 438 μόλις
1625 405 1786 432 αἰσθάνεται
1802 414 1858 432 πα-

1064 447 1127 479 θὼν,
1140 448 1155 474 ὃ
1170 449 1252 475 παντὶ
1275 448 1307 484 δὴ
1332 449 1420 476 σθένει
1440 449 1633 485 διακρούεσθαι
1649 451 1744 487 ἐχρῆν,
1761 452 1809 478 καὶ
1825 452 1857 478 οὐ

1051 489 1108 520 ’διὰ
1120 494 1218 530 πείρας
1233 495 1312 530 ἥκειν
1331 495 1378 530 ἑᾷν
1395 496 1613 531 προαναιροῦντα
1631 496 1680 532 τὴν
1695 497 1802 532 ἔφοδον.

1099 625 1204 653 ΠΛΔΛ.
1230 625 1352 662 Ἀληθές.

1098 672 1180 700 ΚΥΡ.
1209 672 1367 707 Ἀναγκαῖον
1384 670 1431 700 οὖν
1454 672 1517 708 ἄρα,
1546 672 1594 700 καὶ
1613 672 1703 707 σοφδν,
1726 672 1776 699 ντὶ
1800 672 1856 699 τῶν

1062 718 1077 744 ὅ
1087 725 1114 743 τι
1126 715 1247 752 ’μάλιστα
1261 718 1490 745 λυσιτελεστάτων
1502 719 1532 745 τὸ
1547 720 1722 754 προαναιρεῖν
1735 716 1765 745 εὖ
1782 718 1856 753 μάλα

1061 763 1097 790 τὰ
1112 764 1246 800 μοχθηρὰ,
1265 765 1312 790 καὶ
1327 765 1376 799 τῆς
1391 764 1540 800 ἀϐουλήτου
1552 764 1662 799 θητείας
1677 765 1728 800 τὴν
1748 764 1855 798 ἔφοδον,

1063 810 1109 836 καὶ
1131 809 1328 845 προαπονεύειν
1343 810 1488 847 πειρᾶσθαι
1507 810 1616 846 γοργῶς
1631 810 1675 841 τὰ,
1696 807 1734 837 ὧν
1757 811 1782 836 εί
1807 810 1855 843 γέ-

1063 863 1135 881 νοιτο
1149 854 1217 890 πρὸς
1232 856 1329 890 πεῖραν
1345 854 1442 886 ἐλθεῖν,
1456 856 1485 881 ὲν
1504 855 1586 881 παντὶ
1600 853 1747 889 κεισόμεθα
1764 853 1854 888 κακῷ.

1027 896 1049 923 Β
1099 901 1201 927 ΠᾹΛΛ.
1223 898 1287 926 Ὧδε
1303 900 1368 936 ἔχει.

1099 947 1180 974 ΚΥΡ.
1205 947 1261 973 Καὶ
1274 947 1298 973 εί
1312 947 1361 982 μὲν
1377 947 1410 974 ὲκ
1422 946 1496 978 θείας
1510 947 1595 983 ὀργῆς
1608 948 1622 974 ὁ
1638 946 1689 982 τῆς
1701 947 1855 982 ἀναγκαίας

1063 993 1183 1025 δουλείας
1196 994 1261 1028 ἡμῖν
1278 993 1435 1028 ὶπιφὲροιτο
1450 993 1542 1027 ζυγὸς,
1561 993 1607 1019 καὶ
1620 993 1673 1028 μὴν
1689 994 1737 1019 καὶ
1753 993 1785 1019 τὸ
1799 994 1855 1019 δεῖν

1063 1040 1103 1070 τίς
1116 1039 1244 1073 ἀδόκιμον
1266 1038 1426 1065 καθικέσθαι
1445 1038 1518 1070 νοῦν,
1540 1038 1734 1074 ἀντιφέρεσθαι
1752 1039 1802 1074 μὲν
1823 1039 1854 1066 οὐ

1065 1085 1139 1120 ρᾴον.
1154 1085 1239 1120 Φαίην
1252 1085 1274 1111 δ’
1294 1084 1327 1111 ἂν
1345 1081 1413 1111 εἶναι
1439 1086 1583 1120 χρήσιμον,
1599 1084 1651 1110 κᾶν
1666 1083 1731 1118 γοῦν
1750 1084 1782 1110 τὸ
1792 1085 1854 1111 δια-

1065 1131 1218 1167 μεμνῆσθαι
1235 1131 1315 1166 μόνον
1331 1131 1360 1165 ἐξ
1377 1131 1443 1158 οἴων
1459 1133 1498 1163 εἰς
1511 1128 1555 1158 οἷα
1571 1131 1793 1166 μετακεκλίσθαι,
1806 1133 1854 1159 καὶ

1064 1177 1292 1212 κατολοφύρισθαι
1316 1177 1423 1213 πικρῶς
1443 1177 1494 1212 τὴν
1522 1177 1701 1213 παράϐλεψιν,
1728 1178 1776 1205 καὶ
1803 1179 1854 1213 τῆς

1063 1223 1165 1250 ἀνωθεν
1179 1222 1339 1257 ἐπικουρίας
1352 1222 1401 1258 τὴν
1413 1223 1511 1250 σπάνιν
1522 1231 1529 1238 ·
1548 1232 1558 1248 α
1581 1223 1612 1249 Ἡ
1627 1223 1681 1259 γὰρ
1699 1223 1770 1250 κατὰ
1786 1223 1853 1250 Θεὸν

1063 1269 1146 1304 λύπη,
1165 1269 1308 1304 μετάνοιαν
1320 1268 1360 1300 εἰς
1375 1268 1510 1304 σωτηρίαν
1528 1268 1736 1304 ἀμεταμέλητον
1752 1277 1853 1304 κατερ-

1064 1313 1187 1347 γάζεται.
1208 1313 1310 1344 »Θείας
1329 1313 1357 1339 δὲ
1379 1312 1444 1348 ἡμῖν
1462 1313 1512 1339 οὐκ
1537 1313 1733 1348 ἀπηρτημένης
1756 1313 1852 1348 ὀργῆς,

1064 1359 1121 1386 ἀλλ’
1135 1358 1194 1385 ἐνὸν
1208 1359 1251 1385 ἐπ’
1267 1358 1390 1390 ἐξουσίας
1405 1357 1514 1384 ἑλέσθαι
1523 1367 1554 1384 τε
1565 1359 1610 1384 καὶ
1623 1358 1689 1394 δρᾷν
1699 1359 1730 1384 τὸ
1745 1359 1851 1391 δοκοῦν,

1063 1405 1111 1431 καὶ
1126 1405 1175 1439 τὴν
1200 1404 1243 1430 ἐπ’
1272 1403 1354 1439 ἄμφω
1371 1403 1468 1439 ῥοπὴν,
1492 1404 1542 1439 τήν
1565 1412 1595 1429 τε
1621 1404 1660 1435 εις
1684 1403 1715 1430 τὸ
1738 1403 1852 1438 φαῦλον.

1064 1451 1145 1486 φημὶ,
1163 1451 1210 1477 καὶ
1227 1450 1276 1486 τὴν
1287 1451 1328 1482 εις
1341 1450 1372 1476 τὸ
1386 1450 1498 1484 ἀγαθὸν,
1516 1450 1661 1485 ἀνειμένην
1678 1458 1737 1482 πως
1751 1450 1791 1476 ἔτι
1807 1451 1853 1476 καὶ

1063 1495 1262 1524 ἀκαταὸίαστον
1275 1495 1414 1528 παντελῶς
1430 1496 1626 1531 διαπκτῆσθαι
1641 1495 1738 1531 παρὸν,
1755 1504 1853 1531 παραι-

1062 1543 1159 1578 τητέον
1174 1542 1306 1577 γεννικῶς
1324 1542 1370 1569 τὸν
1387 1543 1425 1574 ὡς
1446 1543 1475 1569 ἐν
1495 1542 1644 1577 φαυλότητι
1667 1541 1851 1577 μαλακισμὸν,

221 1591 276 1610 nne
298 1583 344 1610 ille
368 1583 397 1610 in
424 1584 549 1619 nequitia
569 1585 695 1620 languor,
724 1594 755 1614 ac
783 1588 958 1622 repellendae,
981 1589 1009 1616 ni

1064 1587 1138 1624 οἶμαι
1158 1588 1187 1616 δὲ
1215 1589 1271 1615 δεῖν
1292 1587 1468 1615 ἀποσείεσθαι
1491 1588 1578 1622 φιλεῖν
1605 1588 1655 1619 τὰς
1678 1588 1721 1614 ἐπ’
1746 1587 1852 1622 ἐχθροῖς

221 1628 310 1660 fallor,
325 1629 489 1664 voluptates,
505 1629 540 1657 ab
550 1630 797 1665 bostibusoblaue,
812 1633 1010 1670 vitandumque

222 1680 255 1700 ne
276 1673 304 1700 in
327 1674 449 1701 hostium
479 1675 584 1704 ditioue
610 1676 706 1710 simus,
727 1678 774 1712 qui
804 1678 886 1713 hujus
915 1680 1010 1707 mundi

220 1719 359 1755 principes
370 1728 430 1748 esse
447 1721 593 1756 dicuntur;
610 1723 717 1751 etiamsi
733 1725 815 1752 alicui
827 1725 941 1753 fortasse
950 1735 1012 1762 pars

219 1765 311 1800 aliqua
332 1766 472 1795 felicitatis
488 1768 574 1800 adsit,
601 1768 749 1802 felicitatis,
780 1770 902 1805 inquam,
927 1772 1011 1806 illius,

219 1818 281 1845 quae
305 1812 332 1838 in
354 1813 458 1841 mundo
477 1814 530 1841 hoc
558 1822 655 1850 magna
682 1820 794 1850 putatur
816 1816 940 1852 quidem,
964 1818 1013 1846 sed

221 1861 329 1891 turpem
345 1859 458 1886 omnino
469 1860 575 1887 exitum
588 1865 670 1895 atque
687 1861 839 1889 deformem
864 1862 957 1892 habet.

256 1902 354 1930 PALL.
368 1903 428 1937 Quo
447 1905 558 1932 tandem
575 1906 676 1934 modo?

253 1948 332 1976 (ΠΒ.
349 1949 431 1978 Visne
448 1955 479 1978 ut
498 1956 623 1979 veterum
639 1953 764 1988 exempla
778 1955 936 1982 sumamus?

255 2046 354 2073 PALL.
372 2045 497 2074 Maxime.

255 2090 332 2118 CYR.
344 2090 412 2118 Cum
420 2091 494 2118 fame
504 2091 709 2119 conficerentur
716 2099 810 2120 omnes
819 2093 875 2120 fere
886 2092 1012 2121 homines

1062 1634 1168 1670 ἡδονὰς,
1181 1634 1229 1661 καὶ
1240 1634 1270 1661 τὸ
1281 1634 1333 1660 ὑπὸ
1346 1635 1426 1669 χεῖρα
1440 1633 1570 1669 πράττειν
1580 1633 1696 1669 ἐχθρῶν,
1709 1633 1738 1659 oi,
1750 1632 1853 1668 κατάρ-

1062 1689 1120 1716 χειν
1138 1680 1262 1714 λέγονται
1276 1679 1324 1706 τοῦ
1341 1679 1438 1711 αἰῶνος
1453 1679 1560 1706 τούτου.
1579 1679 1638 1706 Κᾶν
1655 1680 1680 1706 ei.
1703 1679 1813 1714 προσίοι
1823 1679 1852 1705 τὸ

1062 1726 1143 1761 τυχὸν
1159 1726 1307 1762 εὐημερίας
1326 1725 1377 1752 οὐκ
1395 1725 1539 1760 ὰμοιροῦν,
1563 1725 1714 1760 εὐημερίας
1735 1724 1764 1751 δέ
1783 1732 1851 1759 φημι

1062 1773 1111 1805 τῆς
1127 1773 1156 1798 ὲν
1170 1772 1265 1807 κόσμῳ
1281 1771 1476 1807 τετιμημένης,
1494 1772 1534 1802 εἰς
1548 1771 1663 1807 αἰσχρὸν.
1674 1771 1729 1806 γὰρ
1745 1771 1852 1802 πάντως

1063 1819 1110 1846 καὶ
1121 1818 1235 1850 ἀκαλλὲς
1255 1818 1440 1854 καταστρέφει
1457 1817 1544 1850 τέλος.

1099 1909 1202 1935 “MA.
1227 1907 1290 1940 Πῶς
1305 1907 1389 1942 ἔφης

1099 1955 1180 1982 ΚἸῬ.
1202 1954 1296 1980 Βούλει
1313 1953 1439 1988 λέγωμεν
1462 1952 1494 1986 ἐξ
1509 1952 1630 1989 ἀρχαίων
1645 1951 1751 1984 ἑλόντες
1764 1960 1851 1988 παρα-

1063 2001 1122 2035 δειγ
1125 2001 1218 2036 μάτων
1225 2010 1233 2034 ;

1099 2048 1203 2075 ΠᾹΛΛ.
1224 2048 1280 2074 Καὶ
1295 2047 1376 2082 μάλα.

1097 2093 1179 2120 ΚΥΡ.
1200 2091 1286 2128 Λιμοῦ
1306 2093 1505 2129 κατατήκοντος
1524 2093 1588 2124 τοὺς
1615 2092 1668 2119 ἀνὰ
1694 2093 1796 2124 πᾶσαν,
1816 2091 1852 2123 ὡς

219 2136 277 2171 qui,
293 2141 324 2163 ut
341 2136 369 2162 in
390 2144 496 2163 summa
519 2136 619 2169 dicam,
640 2137 742 2172 ubique
772 2142 908 2166 terrarum
919 2143 1008 2171 erant,

1064 2138 1126 2172 Em;
1145 2140 1242 2172 εἰπεῖν,
1263 2138 1312 2174 τὴν
1335 2139 1398 2173 γῆν,
1417 2137 1578 2165 καθικέσθαι
1595 2138 1664 2174 πρὸς
1687 2138 1852 2172 Αἰγυπτίους

219 2182 308 2208 visum
329 2185 372 2209 est
394 2181 457 2209 filiis
483 2182 566 2210 Jacob
589 2183 616 2209 in
635 2182 780 2219 Egyptum
805 2184 972 2213 descendere
1001 2194 1008 2212 :

218 2231 298 2254 erant
313 2231 405 2254 autem
420 2227 610 2255 adolescentes
626 2236 741 2256 numero
753 2229 857 2257 decem.
874 2230 903 2257 id
918 2235 1010 2258 autem

218 2273 298 2308 cujus
313 2272 399 2308 gratia
416 2273 665 2308 peregrinationem
684 2275 880 2310 suscipiebant,
897 2281 957 2304 erat
979 2281 1010 2304 ut

218 2321 378 2344 coemerent
391 2325 479 2350 escas,
495 2321 628 2353 praeterea
641 2320 720 2347 nihil.
739 2320 836 2349 Postea
851 2329 918 2349 vero
926 2330 1008 2357 quam

218 2362 279 2397 ejus
290 2362 329 2389 rci
338 2368 480 2397 compotes
489 2363 553 2390 facti
565 2368 639 2395 sunt,
656 2370 737 2400 atque
752 2366 837 2401 agniti
852 2368 919 2402 jam,
934 2367 1007 2402 quod

219 2406 319 2435 fratres
333 2412 425 2435 essent
437 2408 550 2444 Joseph,
561 2409 608 2444 qui
624 2413 681 2437 tum
699 2411 835 2439 frumenta
859 2412 1008 2444 vendebat,

217 2458 247 2480 et
256 2454 383 2489 princeps
393 2459 453 2482 erat
467 2459 548 2483 term
562 2455 680 2492 Egypti,
703 2465 762 2484 rem
777 2462 882 2493 gestam
897 2459 1010 2486 auribus

217 2500 323 2535 accepit
331 2500 446 2533 Pharao,
471 2510 480 2527 ‹
496 2501 614 2534 Etdixit,
627 2512 636 2528 ι
651 2503 750 2538 inquit,
764 2513 773 2529 ι
785 2504 890 2531 Pharao
897 2504 1008 2539 Ioseph:

220 2545 274 2580 ιε
289 2545 338 2573 Dic
355 2545 487 2573 fratribus
509 2547 564 2574 tuis
575 2567 582 2580 ,
603 2547 660 2575 Hoc
674 2548 755 2576 facite
771 2558 777 2575 :
793 2549 905 2584 lmplcte
916 2557 1010 2577 saccos

218 2595 335 2624 vestros,
348 2595 377 2619 et
387 2592 460 2620 abite
471 2591 500 2620 in
522 2597 624 2621 terram
643 2594 782 2627 Chanaan,
798 2599 827 2622 ct
842 2595 1010 2630 accipientes

219 2641 324 2671 patrem
344 2641 466 2665 vestrum
489 2642 518 2666 et
542 2639 724 2667 substantiam
753 2645 892 2671 vestram.
915 2641 1007 2668 venite

218 2683 251 2710 ad
263 2691 317 2715 me,
331 2687 360 2711 et
373 2683 444 2712 dabo
462 2685 541 2713 vobis
555 2693 589 2713 ex
599 2686 728 2713 omnibus
741 2686 822 2714 bonis
845 2686 963 2722 Λεπρεῖ,
980 2692 1009 2715 et

218 2729 372 2757 comedetis
385 2730 532 2758 medullam
545 2735 635 2759 terrae.
649 2732 690 2759 Tu
705 2736 796 2759 autem
812 2733 930 2768 praecipe
938 2734 1006 2766 hzec,

218 2779 250 2802 ut
260 2775 396 2810 accipiant
411 2777 534 2812 plaustra
548 2777 583 2805 de
599 2782 672 2806 terra
681 2778 786 2814 Egypti
800 2779 895 2807 liberis
908 2780 1007 2808 vestris

254 2863 276 2879 "
293 2865 313 2892 ll
325 2865 387 2894 Cor.
402 2874 449 2898 vn,
468 2866 509 2894 ιο.

1058 2186 1122 2217 τοὺς
1137 2185 1167 2218 ἐξ
1191 2185 1288 2212 Ἰακὼϐ
1301 2185 1398 2217 ἐδόκει,
1416 2185 1520 2211 νεανίαι
1546 2185 1574 2211 δὲ
1588 2183 1659 2220 ἦσαν
1675 2185 1720 2211 τὸν
1737 2184 1852 2220 ἀριθμόν

1059 2239 1110 2258 που
1127 2231 1204 2261 δέκα,
1216 2231 1267 2257 καὶ
1286 2230 1301 2256 ὀ
1320 2230 1369 2265 τῆς
1383 2229 1538 2265 ἀποδημίας
1559 2230 1668 2261 σκοπὸς.
1685 2230 1716 2256 τὸ
1739 2229 1851 2264 ὲκπρία-

1059 2276 1121 2304 σθαι
1137 2276 1250 2311 τροφὰς,
1266 2277 1314 2302 καὶ
1334 2276 1428 2310 ἕτερον
1443 2273 1478 2310 ἦν
1493 2275 1581 2302 οὐδέν.
1608 2276 1717 2311 Ἐπειδὴ
1731 2275 1760 2302 δὲ
1785 2273 1851 2310 ἧκον

1057 2324 1097 2354 είς
1113 2321 1192 2349 τοῦτο
1205 2322 1253 2348 καὶ
1262 2321 1492 2357 κατεγνωρίζοντο
1499 2321 1592 2347 λοιπὸν
1602 2321 1640 2352 ὡς
1648 2320 1768 2355 ἀδελφοὶ,
1779 2329 1850 2348 σιτο-

1056 2368 1195 2400 δοτοῦντος
1208 2368 1269 2395 τότε
1286 2368 1335 2394 καὶ
1359 2367 1520 2403 ἐξάρχοντος
1542 2367 1593 2402 τῆς
1621 2367 1780 2401 Αἰγυπτίων
1802 2367 1848 2394 τοῦ

1063 2413 1172 2449 Ἰωσὴφ,
1195 2414 1236 2445 εἰς
1255 2412 1302 2445 οὖς
1317 2412 1348 2439 τὸ
1367 2412 1490 2448 πραχθὲν
1511 2411 1621 2447 ἐδέχετο
1635 2411 1746 2447 Φαραὼ,
1768 2421 1778 2438 σ
1797 2413 1850 2438 Καὶ

1057 2455 1128 2489 εἷπε,
1147 2467 1156 2483 ι
1187 2458 1266 2494 φησι,
1299 2467 1310 2484 ‹
1330 2457 1431 2493 ⁴Κναραὼ
1452 2457 1521 2492 πρὸς
1542 2457 1653 2492 Ἰωσήφ
1684 2455 1770 2483 Εῐπον
1795 2459 1850 2488 τοῖς

1057 2505 1181 2538 ἀδελφοῖς
1197 2512 1255 2530 σου·
1279 2503 1365 2530 Τοῦτο
1386 2503 1518 2538 ποιήσατε
1528 2509 1536 2518 ·
1547 2502 1683 2538 Γεμίσατε
1699 2502 1736 2529 τὰ
1753 2504 1850 2537 πυρεῖα

1058 2550 1146 2586 ὑμῶν,
1165 2550 1214 2577 καὶ
1235 2548 1368 2576 ἀπέλθετε
1388 2550 1428 2580 εἰς
1451 2550 1505 2584 γῆν
1531 2548 1642 2576 Χαναὰν
1656 2548 1704 2575 καὶ⁵
1729 2548 1849 2584 παραλα-

1057 2596 1152 2628 ὁόντες
1166 2596 1213 2622 τὸν
1234 2595 1339 2631 πατέρα
1356 2595 1445 2630 ὑμῶν,
1459 2595 1508 2622 καὶ
1526 2595 1562 2622 τὰ
1580 2595 1739 2631 ὑπάρχοντα
1762 2595 1847 2630 ὑμῶν.

1056 2643 1139 2678 ἥκετε
1154 2642 1222 2677 πρὸς
1237 2642 1281 2677 μὲ,
1297 2642 1345 2668 καὶ
1362 2641 1440 2668 δώσω
1457 2641 1523 2676 ὑμῖν
1544 2641 1655 2668 πάντων
1669 2640 1725 2668 τῶν
1739 2641 1848 2675 ἀγαθῶν

1057 2688 1206 2722 Αἰγύπτου,
1232 2688 1280 2714 καὶ
1302 2687 1422 2722 φάγεσθε
1436 2686 1483 2713 τὸν
1505 2686 1603 2721 μυιλδν
1616 2688 1667 2722 τῆς
1682 2686 1745 2722 γῆς.
1763 2687 1799 2713 Σὺ
1820 2686 1848 2713 δὲ
1869 2720 1873 2724 “

1040 2734 1173 2762 «ἐντειλαι
1187 2735 1283 2766 ταῦτα,
1303 2734 1396 2762 λαϐεῖν
1412 2733 1512 2765 αὐτοὺς
1525 2733 1634 2768 ἁμάξας
1650 2734 1683 2760 ἐκ
1698 2733 1752 2768 γῆς
1767 2733 1847 2767 Αίγύ-

1057 2789 1134 2814 πτου,
1148 2781 1205 2812 τοῖς
1218 2780 1333 2812 παιδίοις
1345 2779 1422 2815 ὑμῶν
1436 2779 1483 2807 καὶ
1492 2781 1553 2811 ταῖς
1566 2778 1683 2814 γυναιξὶ,
1696 2779 1746 2806 καὶ
1754 2779 1846 2806 ἀναλα-
