1924 3043
73 147 115 178 id!

73 208 155 239 δόντες
167 207 213 233 τὸν
228 207 338 243 πατέρα
355 207 432 243 ὑμῶν
451 209 648 243 παραγίνεσθε,
664 209 711 236 καὶ
734 209 772 245 μὴ
792 210 852 245 φεί-
867 215 888 242 Α

74 253 145 289 meo:
167 253 224 284 τοῖς
247 253 398 289 ὀφθαλμοῖς
415 254 469 280 τῶν
496 254 600 281 σκευῶν
625 255 720 290 ὑμῶν’
741 255 775 282 τὰ
798 256 853 291 γὰρ

73 299 150 325 πάντα
163 298 256 332 ἀγαθὰ
273 298 412 332 Αἰγύπτου
427 299 490 334 ὑμῖν
504 299 590 326 ἔσται.
610 308 620 325 ι
638 300 667 327 '0
683 300 732 336 μὲν
741 299 788 327 οὖν
804 302 853 336 τῆς

72 344 216 377 Αἰγυπτίων
232 344 386 380 ἡγούμενος
405 346 497 376 αὐτοῖς
521 345 679 373 ἀνάπαυλαν
701 347 748 373 καὶ
762 348 850 382 τρυφῇ

74 390 251 417 καταπιαίνειν
271 389 301 417 εὗ
320 391 393 427 μάλα
409 392 656 427 κατεπηγγείλατο,
668 393 715 419 καὶ
738 392 792 428 μὴν
806 393 852 419 καὶ

73 437 167 471 ἀμάξας
201 437 364 473 ἐχαρίζετο,
395 437 578 465 καταλεαίνων
606 436 683 473 οἶμαί
714 446 766 464 που
795 440 852 470 τοῖς

71 482 166 509 ὀκνοῦσι
180 482 230 518 τὴν
246 482 372 511 κάθοδον.
391 483 422 510 Οἱ
444 483 472 509 δὲ
488 484 607 517 πανοικὶ,
630 484 791 511 κατέϐαινον
806 484 852 510 εὐ-

71 530 120 561 θὺς,
142 529 189 564 τὴν
212 526 383 566 πρόσκαιρον
396 530 451 557 τῶν
471 530 609 565 ἐδωδίμων
625 530 782 560 ἀπόλαυσιν.
801 530 851 557 οὐκ

69 574 108 602 οἷδ’
123 575 195 607 ὅπως
212 576 445 612 προτετιμηκύτες
458 577 509 611 γῆς
525 585 554 602 τε
566 576 613 602 καὶ
625 577 716 611 χώρας
726 575 851 611 δοθείσης

69 622 135 657 παρὰ
144 620 211 648 Θεοῦ
223 630 231 637 ·
254 620 290 657 ἦν
306 622 362 658 γὰρ
377 623 408 658 δή
429 631 481 649 που
500 622 575 659 παρὰ
597 622 663 649 πολὺ
675 623 798 658 κρεῖττόν
819 630 846 650 τε

69 668 109 696 καὶ
121 667 230 703 ἄμεινον
247 668 280 694 τὸ
296 669 404 704 εκείνην
420 668 560 704 νέμεσθαι,
575 670 598 695 εί
614 670 661 695 καὶ
681 669 729 695 σὺν
755 668 850 704 βραχεῖ

69 714 93 740 τὸ
106 713 196 748 χρῆμα
216 713 396 749 κατωρθοῦτο
416 714 499 749 πόνῳ.
531 713 640 749 Ἐπειδὴ
665 713 693 740 δὲ
716 710 782 748 ἦχον
809 714 850 745 είς

71 758 204 792 Αἴγυπτον,
231 756 319 793 ᾤοντο
343 759 391 794 μὲν
415 759 480 790 ἴσως
511 759 559 785 καὶ
590 759 730 794 διαδράναι
757 758 848 785 λοιπὸν

70 805 124 836 τοὺς
137 803 204 830 οἶκοι
228 805 340 836 πόνους,
359 801 399 836 οἷς
414 805 460 831 καὶ
477 803 532 831 τῶν
553 804 711 840 παραυτίκα
724 804 848 839 τερπνῶν

70 850 211 886 ήαῐσθησις
234 850 315 886 ἡδεῖά
329 859 387 883 πως
400 848 434 886 ἦν
450 850 552 882 αὐτοῖς.
576 850 737 884 Διὲρποντος
759 849 787 876 δὲ
801 849 847 876 τοῦ

69 898 164 932 χρόνου,
180 896 226 923 τὸν
249 897 338 924 ἀκλεᾶ
354 897 402 932 τῆς
416 897 538 928 δουλείας
556 896 700 932 ὑποτρέχει
717 895 809 930 ζυγὸν,
830 896 847 932 ἡ
864 893 884 920 Β

69 942 158 970 ἄνωθέν
177 950 208 968 τε
234 942 284 969 καὶ
307 943 338 968 ἐκ
362 942 488 978 πατέρων
506 942 619 978 εὐγενὴς
643 942 690 969 καὶ
718 941 848 976 ἐλευθέρα

70 989 168 1025 πληθύς.
187 988 295 1015 Οὐκοῦν
309 989 333 1015 εί
350 989 462 1024 προσείη
475 990 534 1023 μετ’
548 988 697 1024 εὐημερίας
711 988 848 1023 κοσμικῆς

70 1035 94 1062 τὸ
109 1035 288 1072 προσπίπτειν
307 1036 348 1068 είς
370 1035 403 1062 τὰ
417 1035 525 1070 αἰσχίω,
541 1034 733 1070 παραιτητέον,
747 1031 770 1061 ὦ
786 1035 847 1067 τᾶν,

71 1081 136 1115 εἴπερ
151 1080 207 1106 ἐστὶ
221 1081 289 1116 παρ’
303 1081 368 1116 ἡμῖν
382 1081 410 1107 ὲν
425 1080 497 1116 λόγῳ
509 1079 539 1107 τὸ
554 1079 645 1106 ἑλεύθε
650 1087 706 1115 ρον,
723 1079 847 1114 βδελυρόν

70 1134 94 1152 τε
106 1126 147 1152 καὶ
161 1125 367 1161 ἀπηχθισμένον
392 1126 422 1152 τὸ
440 1125 622 1161 δουλοπρεπὲς
641 1126 737 1162 χρῆμά
753 1134 783 1152 τε
800 1126 847 1155 καὶ

72 1173 192 1208 φρόνημα-

100 1219 194 1246 ΠΑΛΛ.
203 1243 207 1249 ,
216 1218 336 1253 Ἀριστα
350 1218 428 1253 ἔφης.

101 1265 175 1291 ΚΥΡ.
195 1265 227 1291 Τί
247 1264 289 1297 δὲ,
307 1265 367 1300 οὐχὶ
382 1264 490 1291 κάκεῖνό
505 1273 606 1299 φαμεν,
627 1264 657 1290 οὐ
676 1264 789 1300 μετρίαν
810 1264 847 1296 ὥς

73 1311 97 1344 γέ
113 1319 152 1346 μοι
164 1311 236 1337 δοκεῖ
254 1312 314 1343 τοῖς
328 1310 428 1347 ἀρτίως
446 1311 512 1346 ἡμῖν
527 1310 684 1346 εἰρημένοις
705 1310 847 1338 συνωδίνον

73 1357 112 1391 τὴν
120 1356 221 1391 Emam;
626 1358 634 1364 ”

434 1393 498 1403 μα.

101 1447 195 1475 ΠΑΛΔ.
215 1447 253 1474 Τὸ
268 1447 317 1473 ποῖ
326 1446 352 1473 τί
364 1446 427 1482 φῄς.

102 1493 175 1519 ΚΥΡ.
201 1492 345 1527 Ῥαψάκης
372 1492 386 1518 ὸ
412 1491 579 1522 Βαϐυλώνιος
607 1490 661 1517 τῶν
698 1489 847 1525 Ἀσσυρίων

76 1539 219 1574 στρατηγὸς,
231 1538 351 1574 ἀριθμοῦ
370 1538 512 1575 κρείττονα
527 1537 682 1573 δορυφόρων
702 1536 767 1562 ποτὲ
779 1535 847 1570 πλη-

75 1566 113 1612 θὺν
126 1566 278 1621 tused-path,
296 1566 348 1621 ilius
361 1566 396 1612 te.
411 1566 609 1620 πολιορκήσων,
629 1566 728 1618 μᾶλλον
743 1583 782 1615 δὲ,
799 1566 846 1609 καὶ
859 1566 880 1595 c'

74 1629 123 1656 λίαν
137 1631 261 1665 ἀμογητὶ,
282 1631 373 1656 πᾶσαν
385 1631 416 1656 ὲκ
432 1629 540 1664 βάθρων
554 1629 676 1664 αἱρήσειν
688 1625 845 1662 ὑπειληφὼς

74 1676 113 1710 τὴν
123 1676 197 1711 ἁγίαν
211 1677 299 1703 πόλιν.
315 1674 381 1703 Εἶτα
395 1675 561 1711 προεσάλευε
570 1674 624 1701 τῶν
634 1674 723 1701 ὃπλων
737 1673 785 1709 τὴν
796 1674 846 1700 οὐκ

73 1721 220 1758 ἀμελέτητον
231 1722 319 1758 αὐτῷ,
338 1721 547 1757 κατειθισμένην
559 1721 587 1748 δὲ
602 1720 703 1756 σφόδρα
717 1720 787 1747 κατὰ
798 1720 845 1746 τοῦ

74 1766 129 1793 θεοῦ
142 1767 339 1802 γλωσσαλγίαν.
355 1767 447 1802 Μυρία
459 1766 486 1793 δὲ
501 1767 550 1793 ὅσα
565 1765 733 1801 παλίμφημα
747 1765 844 1798 λέγων,

74 1814 260 1849 τροσεπεφώνει
284 1814 315 1840 τὸ
328 1813 481 1840 τελευταῖον
503 1813 560 1843 τοῖς
579 1811 628 1847 τὴν
645 1811 725 1845 ἁγίαν
741 1810 845 1837 οἰκοῦσι

74 1860 148 1886 πόλιν·
160 1870 168 1886 ι
179 1860 244 1887 Τάδε
254 1859 331 1894 λέγει
342 1860 356 1886 ὁ
366 1858 492 1894 βασιλεὺς
504 1857 664 1894 Ἀσσυρίων·
673 1857 705 1883 Ei
718 1856 844 1891 βούλεσθε

74 1905 244 1941 εὐλογηθῆναι,
267 1904 416 1940 πορεύεσθε
433 1903 500 1939 πρὸς
520 1903 564 1938 μὲ,
581 1903 628 1929 καὶ
644 1901 761 1937 φάγεσθε
779 1901 846 1928 ἕκα-

75 1957 125 1982 στος
139 1951 183 1985 τὴν
199 1951 322 1986 ἄμπελον
341 1950 433 1982 αὐτοῦ,
451 1949 498 1976 καὶ
514 1951 562 1980 τὰς
580 1949 666 1979 συκᾶς
683 1947 774 1980 αὑτοῦ,
797 1947 845 1973 καὶ

75 1996 154 2023 πίεσθε
176 1992 248 2032 ὕδιορ
272 1996 320 2022 τοῦ
348 1996 449 2022 λάκκου
477 1994 564 2030 ὑμῶν,
583 1993 635 2025 ἕως
650 1993 682 2020 ἂν
694 1993 773 2025 ἔλθω,
798 1992 846 2019 καὶ

74 2042 136 2069 λάὸω
157 2044 224 2077 ὑμᾶς
250 2043 293 2074 εἰς
319 2042 381 2077 γῆν,
408 2041 445 2072 ὡς
462 2041 478 2076 ὴ
499 2040 536 2075 γῆ
551 2039 639 2075 ὑμῶν,
659 2039 695 2074 γῆ
711 2039 784 2065 σίτου
798 2039 845 2065 καὶ

74 2086 132 2113 οἴνου
145 2088 188 2114 καὶ
202 2087 294 2123 ἄρτων
307 2087 355 2113 καὶ
371 2085 549 2122 ἀμπελώνων.
562 2094 572 2110 ι
591 2085 686 2120 Ἀθρει
701 2084 733 2120 δὴ
746 2082 792 2110 οὖν
804 2083 845 2110 ὅτι

75 2133 112 2159 καὶ
125 2133 198 2165 αὐτὸς
212 2132 412 2168 ἐπαγγέλλεται
425 2132 474 2167 τὴν
486 2131 529 2158 ἐπ’
540 2131 654 2166 ἀμπέλῳ
670 2139 700 2157 τε
716 2131 763 2157 καὶ
774 2131 843 2165 συκῇ

74 2179 163 2214 τρυφήν
174 2188 201 2206 τε
214 2180 262 2206 καὶ
276 2178 371 2215 τέρψιν
385 2178 539 2213 προσετίθει
552 2177 590 2211 δὲ,
603 2177 644 2204 ὃτι
661 2186 671 2203 ι
683 2176 739 2204 Καὶ
749 2175 843 2202 πίεσθε

75 2224 134 2261 ὕδωρ
145 2224 189 2252 τοῦ
203 2225 308 2252 λάκκου
321 2224 409 2261 ὑμῶν.
427 2233 435 2250 ι
858 2236 881 2265 ι)

101 2313 194 2342 ΠΔΔΛ,
219 2314 303 2341 Ἀλλὰ
321 2314 348 2340 τί
372 2314 405 2340 ἂν
431 2313 552 2350 βούλοιτο
578 2313 663 2339 ταῦτα
691 2311 799 2347 δηλοῦν,
820 2311 844 2338 εί

73 2358 129 2393 πρὸς
141 2359 251 2396 θεωρίαν
266 2360 361 2394 ἄγοιτο
372 2360 421 2395 τὴν
432 2359 620 2394 πνευματικήν
630 2365 638 2391 ;

99 2405 171 2432 ΚΥΡ.
190 2406 271 2433 Κατὰ
285 2406 372 2433 διττὸν
384 2405 461 2441 οἶμαι
473 2406 574 2441 τρόπον
589 2406 606 2441 ὴ
616 2405 665 2440 τῆς
678 2404 843 2439 φαυλότητος

73 2450 96 2476 ὲν
111 2452 168 2486 ἡμῖν
182 2452 397 2489 ἀποπεραίνεται
417 2452 541 2488 δύναμις.
561 2452 596 2478 ’Ἡ
614 2451 669 2486 γὰρ
685 2452 744 2482 ταῖς
757 2450 843 2486 θύρα-

73 2495 109 2522 Θεν
128 2498 237 2533 ἡδοναῖς,
254 2499 273 2534 ἢ
294 2500 355 2530 ταῖς
381 2498 511 2534 ὲμφύτοις
528 2498 576 2525 καὶ
601 2498 630 2524 ὲν
651 2498 726 2532 ἡμῖν,
740 2497 792 2523 ὑπό
812 2505 842 2523 τε

74 2542 134 2575 σφῶν
147 2544 242 2577 αὐτῶν,
261 2545 310 2572 καὶ
326 2543 378 2580 μὴν
393 2545 440 2571 καὶ
455 2544 566 2579 ἑτέρων,
584 2543 719 2578 ὲντρυφᾷν
730 2543 842 2569 ἀναπει-

73 2587 173 2622 θόμενοι,
189 2590 255 2626 πρὸς
280 2591 335 2617 πᾶν
348 2589 435 2617 ὁτιοῦν
455 2589 509 2616 τῶν
524 2588 731 2624 ἀπηχεστάτων,
751 2587 842 2614 διωλι-

74 2633 184 2669 «Onusta;
209 2636 298 2664 ἁλοῖεν
322 2637 366 2670 ἂν,
401 2637 426 2663 oi
451 2637 519 2673 πρὸς
548 2635 685 2671 ἁμαρτίαν
721 2634 838 2661 εὔκολοι.

77 2679 202 2714 Ἐκδείξειε
223 2684 246 2710 δ’
268 2683 301 2710 ἂν
325 2683 373 2709 καὶ
394 2682 471 2709 τοῦτο
489 2683 554 2718 ἡμῖν
573 2682 611 2712 ὠς
635 2681 707 2708 ἔστιν
728 2680 837 2716 ἀληθὲς,

73 2726 110 2752 τοῦ
121 2728 235 2764 Σωτῆρος
245 2730 259 2757 ό
269 2729 404 2765 μαθητὴς,
415 2728 503 2764 ὡδίπη
515 2728 611 2762 λέγων,
622 2727 698 2754 ι”υτι
709 2728 762 2754 πᾶν
773 2726 802 2752 τὸ
812 2727 839 2752 ἐν

73 2771 104 2807 τῷ
115 2773 210 2809 κόσμῳ,
229 2775 246 2810 ὴ
264 2774 399 2810 ἐπιθυμία
410 2774 459 2809 τῆς
480 2773 591 2809 σαρκὸς,
609 2773 657 2799 καὶ
670 2773 688 2808 ἡ
706 2771 839 2806 ἐπιθυμία

101 2863 120 2879 ⁸³
136 2862 197 2892 Gen.
214 2873 272 2898 ην,
294 2865 389 2893 17-10.
426 2864 450 2881 δ’
469 2864 503 2893 lV
520 2863 668 2900 Reg.xvm,
684 2862 728 2896 31,
746 2861 799 2896 δὴ
822 2861 874 2889 lsa.

440 151 483 179 DE
501 150 723 181 ADOBATIONE
740 153 776 181 IN
795 153 929 182 SPlRlTU
947 156 992 184 ET
1010 157 1192 187 VERITATE.
1213 159 1276 187 LIB.
1297 159 1317 187 1.

1637 163 1689 192 Ιϐὶ

904 215 931 238 et
944 213 1086 246 uxoribus,
1102 219 1130 242 et
1149 215 1274 243 tollentes
1289 221 1395 251 patrem
1407 222 1529 245 vestrm
1541 218 1643 252 venite,
1658 225 1688 249 et

903 264 938 284 ne
948 257 1068 291 parcatis
1077 258 1164 285 oculis
1176 260 1393 294 supellectilibus
1403 262 1512 295 vestris,
1521 263 1584 297 quia
1594 264 1686 291 omnia

902 300 973 327 bona
987 300 1094 337 ,Ευριὶ
1106 303 1184 330 vobis
1200 309 1282 332 erunt
1295 305 1327 332 “.
1347 315 1356 331 ι
1389 306 1483 341 Itaque
1497 307 1686 343 [Egyptiorum

901 346 1030 382 princeps
1045 347 1088 375 his
1102 348 1188 375 otium
1200 350 1386 385 etvoluptates
1397 351 1602 381 aﬂluentissime
1613 362 1685 389 prae-

901 391 1022 419 biturum
1037 401 1066 420 se
1085 394 1281 428 pollicebatur;
1296 397 1415 430 plaustra
1426 406 1534 433 quoque
1550 399 1685 435 largieba—

901 442 957 471 tur,
969 443 1001 465 ut
1012 439 1082 472 illos,
1102 444 1132 466 ut
1149 445 1226 475 puto,
1242 440 1452 471 reformidantes
1468 445 1501 471 ad
1513 445 1685 473 descenden-

900 483 966 510 dum
984 485 1116 513 alliceret.
1131 485 1164 512 lli
1181 494 1248 513 vero
1263 494 1327 514 cum
1341 487 1468 516 universa
1482 489 1585 518 familia
1592 491 1685 519 statim

899 529 1111 562 descenderunt,
1129 531 1359 565 temporariorum
1385 532 1511 560 ciborum
1530 542 1611 562 usum
1642 543 1686 562 ra-

902 575 975 602 tione
997 575 1090 603 nescio
1118 584 1182 610 qua,
1203 580 1282 604 terra:
1307 577 1467 612 regionique
1495 586 1510 605 a
1537 579 1593 606 Deo
1615 580 1684 607 datae

900 621 1077 656 praeferentes
1094 631 1100 648 :
1119 622 1206 649 multo
1232 630 1350 658 namque
1380 623 1478 650 melius
1493 628 1573 659 atque
1590 626 1685 653 utilius

899 670 958 692 erat
977 673 1011 693 ex
1038 666 1084 693 illa
1116 667 1169 693 sibi
1194 671 1303 702 pastum
1329 675 1463 702 quaerere,
1492 670 1617 703 quamvis
1630 678 1684 697 non

899 711 958 738 sine
985 712 1076 747 aliquo
1096 712 1190 741 labore
1216 713 1243 740 id
1260 712 1329 740 efIici
1356 718 1459 749 posset.
1491 715 1590 741 Postea
1618 723 1684 743 vero

898 765 979 792 quam
989 757 1016 784 in
1035 757 1180 793 [Egyptum
1194 763 1339 792 venerunt,
1360 759 1493 794 putabant
1517 768 1546 787 se
1569 760 1685 788 fortasse

895 804 950 838 jam
965 803 1093 838 effugisse
1104 804 1210 831 labores
1223 812 1290 839 quos
1309 804 1381 832 domi
1399 805 1560 838 habuerant,
1573 811 1685 841 eratque

898 848 953 875 iilis
966 849 1144 884 prasentium
1171 849 1342 884 voluptatum
1367 857 1464 878 sensus
1487 851 1683 885 periucundus.

898 892 951 920 Sed
973 893 1118 928 interiecto
1142 898 1264 928 tempore
1283 893 1431 921 multitudo
1458 894 1501 921 illa
1526 895 1581 929 jam
1593 895 1685 922 indea

898 939 956 966 suis
971 939 1120 974 majoribus
1134 939 1252 975 ingenua
1266 947 1297 967 ac
1326 939 1424 973 libera,
1455 941 1522 968 rude
1543 941 1685 968 servitutis

894 984 990 1020 iugum
1007 984 1102 1011 subiit.
1117 985 1201 1020 Igitur
1217 985 1354 1012 mundana
1367 985 1491 1018 felicitas,
1518 986 1563 1013 cui
1585 986 1683 1021 adjun-

897 1034 958 1056 ctus
979 1034 1022 1056 est
1048 1029 1093 1056 ille
1109 1030 1142 1056 ad
1177 1030 1300 1066 turpiora
1316 1032 1418 1066 lapsus,
1449 1032 1603 1066 respuenda
1630 1037 1682 1063 est,

897 1075 1017 1108 Palladi,
1033 1076 1056 1102 si
1073 1083 1154 1110 quam
1169 1077 1302 1104 rationem
1316 1078 1452 1105 libertatis
1484 1077 1626 1110 habemus,
1656 1083 1684 1106 et

897 1121 1036 1148 servitutis
1047 1126 1075 1147 et
1086 1129 1143 1148 rem
1157 1127 1185 1149 et
1197 1130 1307 1150 sensum
1319 1131 1495 1151 exsecramur
1508 1129 1590 1159 atque
1605 1132 1684 1151 avero

897 1174 999 1195 samur.

931 1214 1029 1242 PALL.
1047 1214 1156 1251 Optime
1178 1216 1282 1243 dixisti.

931 1259 1010 1288 CYR.
1028 1261 1099 1294 Quid
1114 1269 1181 1289 vero
1205 1262 1334 1297 prohibet
1357 1262 1506 1297 quominus
1519 1261 1586 1289 illud
1612 1268 1681 1296 quo-

896 1313 949 1341 que
963 1306 1095 1340 dicamus,
1126 1308 1210 1342 quod,
1229 1313 1259 1335 ut
1282 1308 1350 1335 mihi
1365 1308 1476 1343 quidem
1493 1308 1615 1340 videtur,
1627 1304 1682 1335 non

896 1352 1062 1380 mediocrem
1086 1353 1168 1380 simul
1187 1362 1250 1381 cum
1264 1353 1299 1381 iis
1314 1362 1376 1389 qua:
1394 1354 1476 1382 modo
1492 1354 1612 1382 diximus
1627 1354 1683 1381 uti-

896 1396 1000 1424 litatem
1012 1405 1062 1425 con
1067 1397 1135 1426 tinet
1144 1399 1156 1425 ‘!

931 1443 1029 1471 PALL.
1042 1443 1178 1477 Quidnam
1193 1444 1260 1472 illud
1271 1445 1334 1472 est?

930 1488 1008 1516 ΟΥΕ.
1041 1489 1178 1525 Rapsaces
1196 1489 1381 1525 Babylonius,
1408 1489 1581 1526 Assyriorum
1617 1490 1683 1522 dux,

896 1536 1103 1563 multitudinem
1132 1536 1251 1564 militum
1288 1537 1460 1564 innumeram
1489 1541 1684 1569 contraxerat,

896 1586 1064 1617 veneratque
1088 1587 1305 1618 oppugnaturus,
1327 1583 1382 1610 imo
1393 1590 1469 1615 vero,
1498 1587 1530 1610 ut
1548 1583 1606 1618 ipse
1632 1591 1685 1618 pu-

898 1628 982 1661 tabat,
1002 1629 1077 1656 nullo
1089 1629 1200 1665 negotio
1216 1633 1336 1657 sanctam
1349 1629 1487 1657 civitatem
1511 1637 1544 1657 ex
1561 1629 1623 1657 imis
1642 1637 1686 1658 sc-

897 1674 978 1702 dibus
997 1683 1144 1703 eversurus
1159 1675 1276 1703 :deinde
1291 1680 1438 1710 antequam
1456 1675 1509 1703 tela
1522 1676 1683 1711 conjiceret,

896 1719 1012 1747 nimium
1035 1721 1212 1748 exercitatam
1239 1725 1267 1748 et
1297 1721 1459 1748 familiarem
1485 1721 1684 1756 blasphemiam

896 1765 1027 1793 adversus
1045 1766 1132 1794 Deum
1149 1766 1278 1794 vibravit.
1299 1767 1393 1801 Itaque
1406 1774 1468 1794 cum
1484 1766 1571 1794 multa
1601 1767 1685 1794 male-

897 1810 969 1837 dicta
989 1810 1161 1845 conjeciSSet,
1197 1810 1230 1837 ad
1260 1814 1414 1838 extremum
1442 1809 1497 1836 illis
1522 1808 1616 1836 verbis
1641 1811 1685 1835 est

896 1855 1032 1882 allocutus
1052 1861 1101 1881 eos
1115 1854 1161 1889 qui
1184 1854 1212 1881 in
1245 1857 1338 1881 sancta
1365 1853 1475 1880 civitate
1502 1852 1682 1880 habitabant:

900 1907 910 1924 ι
927 1898 989 1926 Hazc
1006 1899 1072 1925 dicit
1101 1906 1150 1926 rex
1165 1897 1339 1933 Assyriorum
1353 1906 1360 1924 :
1389 1896 1417 1924 Si
1445 1896 1529 1924 vultis
1545 1896 1681 1928 benedici,

895 1944 1057 1980 egredimini
1077 1944 1111 1971 ad
1130 1951 1184 1976 me,
1200 1947 1228 1971 et
1240 1943 1375 1971 comedite
1389 1942 1577 1977 unusquisque
1599 1942 1683 1969 vitem

895 1994 1021 2024 suam,et
1041 1990 1109 2017 ﬁcus
1132 1998 1205 2022 suas,
1222 1993 1250 2016 et
1273 1989 1359 2016 bibite
1387 1996 1484 2023 aquam
1504 1988 1538 2015 de
1565 1988 1684 2015 cisterna

894 2041 996 2069 vestra,
1011 2035 1062 2070 19
1078 2042 1221 2070 quousque
1236 2034 1354 2066 veniam,
1366 2038 1394 2060 et
1406 2032 1569 2060 transferam
1585 2040 1635 2059 vos
1655 2032 1684 2059 in

895 2087 996 2110 terram
1007 2089 1067 2117 qum
1075 2085 1126 2113 est,
1142 2081 1214 2107 sicut
1225 2085 1299 2107 terra
1310 2083 1412 2112 vestra,
1426 2081 1499 2106 terra
1516 2076 1684 2105 frumentiet

894 2128 967 2161 vini;
982 2132 1010 2155 et
1039 2135 1141 2162 panum
1173 2131 1202 2154 et
1215 2126 1358 2154 vinearum
1376 2127 1409 2151 δ’.
1438 2134 1447 2151 ι
1470 2124 1538 2152 Vide
1553 2124 1636 2159 igitur
1655 2128 1684 2151 et

894 2174 969 2201 hunc
991 2173 1115 2209 polliceri
1136 2173 1188 2200 sub
1217 2173 1273 2200 vite
1294 2176 1323 2199 et
1348 2171 1401 2198 ficu
1416 2170 1584 2206 voluptatem
1601 2173 1683 2204 atque

895 2220 1116 2248 oblectationem.
1135 2219 1205 2246 Illud
1228 2226 1310 2254 porro
1329 2217 1438 2253 adjecit,
1455 2227 1464 2243 ι
1484 2217 1571 2244 Bibite
1583 2223 1682 2251 aquam

894 2266 929 2293 de
942 2266 1003 2293 lacu
1013 2269 1117 2293 vestro.
1137 2275 1146 2290 ι

928 2311 1026 2339 PALL.
1058 2310 1112 2338 Sed
1139 2310 1270 2346 quidnam
1298 2310 1355 2337 haec
1383 2309 1436 2337 sibi
1467 2309 1572 2341 volunt,
1593 2308 1616 2335 si
1645 2307 1680 2335 ad

893 2357 1063 2393 spiritualem
1085 2356 1342 2392 contemplationem
1356 2354 1576 2382 transferantur?
1632 2352 1636 2358 ”

927 2403 1004 2432 CYR.
1021 2403 1143 2436 Duobus,
1162 2408 1192 2430 ut
1208 2403 1339 2435 arbitror,
1349 2401 1437 2428 modis
1451 2400 1580 2436 nequitiae
1594 2400 1636 2428 vis
1652 2400 1680 2432 in

891 2450 971 2478 nobis
991 2449 1144 2485 perficitur.
1169 2448 1224 2476 Aut
1236 2449 1310 2476 enim
1329 2448 1451 2475 externis
1482 2447 1678 2482 voluptatibus,

891 2502 939 2524 aut
949 2496 1040 2524 insitis
1056 2500 1138 2530 atque
1154 2495 1183 2522 in
1201 2495 1282 2524 nobis
1307 2495 1485 2527 haerentibus,
1500 2494 1627 2521 homines
1645 2493 1681 2522 ad

890 2541 1060 2576 peccandum
1078 2540 1171 2567 faciles
1183 2540 1226 2567 vel
1256 2547 1305 2567 sua
1323 2544 1430 2574 Sponte,
1446 2539 1491 2566 vel
1508 2538 1542 2566 ab
1563 2538 1623 2565 aliis
1645 2538 1681 2565 ad

890 2586 1087 2614 oblectationes
1101 2585 1294 2621 percipiendas
1316 2585 1450 2619 persuasi,
1485 2583 1518 2610 ad
1537 2582 1680 2612 absurdis-

893 2633 962 2661 sima
985 2640 1100 2668 quaeque
1126 2631 1194 2667 lapsi
1221 2639 1280 2659 esse
1301 2630 1545 2665 deprehenduntur
1566 2638 1574 2656 :
1598 2629 1681 2664 idque

893 2687 989 2707 verum
1006 2686 1066 2706 esse
1084 2678 1130 2706 ille
1150 2677 1300 2706 Salvatoris
1319 2676 1407 2704 nostri
1419 2675 1570 2711 discipulus
1584 2678 1680 2702 osten-

893 2724 934 2752 dit
961 2724 1005 2751 his
1019 2723 1110 2751 verbis
1127 2731 1134 2750 ε
1158 2732 1167 2748 ι
1185 2721 1273 2750 Omne
1292 2720 1365 2757 quod
1392 2724 1435 2748 est
1449 2720 1477 2747 in
1492 2718 1612 2752 mundo,
1633 2723 1680 2746 aut

893 2769 1117 2810 concupiscentia
1130 2769 1222 2797 carnis
1233 2772 1285 2802 est,
1301 2772 1348 2796 aut
1364 2765 1589 2802 concupiscentia
1614 2771 1680 2792 ocu-

894 2867 984 2893 xxxvr,
1004 2859 1047 2892 16,
1071 2859 1115 2886 l7.
