1924 3043
228 150 280 180 165

739 145 767 172 5.
786 143 926 171 CYRILLl
947 139 1181 170 ALEXANDle
1201 138 1360 168 ARCHIEP.

1805 135 1858 165 666

227 207 328 238 lorum,
346 210 394 233 aut
404 203 534 239 superbia
550 203 614 230 vita:
626 202 659 228 '°.
672 211 682 227 ι
699 201 783 229 Insita
800 208 918 236 namque
929 204 971 227 est
985 204 1015 228 et

1074 197 1119 224 τῶν
1132 195 1290 232 ὀφθαλμῶν,
1303 195 1352 223 καὶ
1370 195 1387 230 ἡ
1401 194 1545 226 ἀλαζονεία
1561 193 1608 220 τοῦ
1625 194 1696 229 βίον.
1716 202 1726 218 ›
1747 193 1859 228 Ἐμφυ-

229 252 257 279 in
274 251 355 279 nobis
367 251 434 286 ipsis
446 248 528 276 inﬁxa
544 243 572 275 et
583 248 690 275 haerens
705 246 927 281 concupiscentia
953 253 1014 272 car-

228 297 285 329 nis,
302 304 417 330 eamque
431 294 536 330 peccati
549 294 638 329 legem
658 293 755 321 beatus
779 300 891 328 quoque
915 292 1016 320 Paulus

228 342 346 377 appellat
362 343 395 374 ",
408 341 576 368 habitantem
594 340 622 367 in
635 339 766 367 membris
779 339 879 366 carnis.
890 338 1017 366 Externa

228 393 319 415 autem
333 387 487 422 voluptates
504 390 587 420 atque
601 384 759 413 adventitiae
772 384 968 411 oblectationes
978 389 1018 410 ea:

229 437 293 460 sunt
316 439 377 466 qua:
399 432 541 458 oculorum
566 437 648 457 sensu
676 429 876 464 percipiuntur.
903 428 1017 459 Divitias

227 478 302 505 enim
321 485 371 512 per
390 477 486 505 oculos
502 476 674 503 admirantur
696 475 832 507 homines,
849 482 955 503 necnon
970 481 1018 502 ve-

228 523 313 549 stium
344 522 518 557 splendorem
548 522 710 556 reliquaque
739 521 767 549 id
797 528 883 556 genus
916 520 1019 555 quibus

229 568 334 596 addicti
349 567 558 600 suntnonnulli,
575 573 706 603 tanquam
720 567 898 594 suavissimus
909 567 1018 595 illorum

228 615 266 642 sit
280 622 355 646 usus,
371 614 551 641 vehementer
577 614 705 648 probant.
722 614 794 648 Ergo
811 612 877 639 vitis
895 612 1018 646 quidem,

228 664 255 687 et
269 660 336 687 ﬁcus
351 663 472 686 externae
483 659 558 687 illius
570 664 598 687 et
607 659 764 687 adventitia:
775 658 969 686 delectationis
985 664 1019 685 ac

229 705 376 740 voluptatis
393 705 506 740 ﬁguram
521 712 576 732 non
593 704 713 732 absurde
729 708 834 735 tenent,
854 710 925 730 .cum
937 702 1019 730 simul

229 758 321 778 rerum
345 758 405 785 qua:
434 750 463 777 in
491 750 594 777 mundo
627 754 702 782 sunt,
731 749 843 777 brevem
864 748 1020 782 ﬂuxamquc

227 799 364 827 naturam,
379 802 488 829 unaque
507 794 681 822 dulcedinem
702 795 878 829 coniunctam
907 789 974 820 curri
986 799 1019 819 ea

229 841 256 867 vi
283 848 344 875 quae
371 844 454 875 caput
473 845 568 872 tentet,
590 844 618 868 et
645 840 773 867 tenebras
800 838 933 870 oﬂundat,
962 845 1018 864 non

229 886 397 921 ineleganter
415 886 562 913 ostendant
588 895 594 913 :

228 932 318 959 omnis
332 932 440 960 dulcem
461 932 544 959 habet
556 932 589 959 ad
606 940 726 967 praesens
741 931 783 959 sui
794 930 1017 966 perceptionem;

229 977 277 1005 sed
303 977 442 1005 fruentem
456 977 587 1010 obcazcat,
615 982 643 1005 et
671 978 793 1013 graviter
821 976 944 1004 inebriat
983 975 1018 1003 At

228 1031 294 1062 vero
310 1023 386 1051 lacus
397 1022 482 1058 ﬁgura
497 1029 539 1050 est
555 1024 701 1051 insitarum
719 1023 746 1050 in
772 1022 852 1049 nobis
874 1026 997 1048 motuum
1010 1029 1017 1053 ;

229 1076 319 1103 neque
347 1069 420 1096 enim
434 1069 579 1097 adventitii
598 1074 663 1096 sunt
688 1069 717 1095 hi
735 1068 861 1095 similiter
871 1071 956 1102 atque
968 1066 1018 1099 illi,

230 1114 278 1142 sed
303 1115 330 1141 in
347 1115 428 1142 nobis
449 1116 524 1143 velut
545 1115 651 1142 efonte
677 1118 800 1146 manant,
827 1121 889 1141 cum
903 1121 937 1140 ex
962 1113 1020 1147 ipsa

229 1163 324 1187 nostra
362 1167 445 1186 carne
470 1161 630 1187 scaturiant.
659 1159 760 1186 ilarum
789 1159 871 1194 igitur
897 1158 1020 1186 onmium

231 1211 285 1232 tam
309 1205 476 1232 naturalium
499 1213 581 1240 quam
605 1204 819 1232 adventitiarum
849 1203 1020 1237 voluptatum

231 1250 345 1278 liberam
378 1251 459 1278 nobis
481 1251 686 1286 perceptionem
700 1270 707 1282 ,
732 1249 1022 1283 allluentissimnmque

231 1296 442 1325 oblectationem
465 1297 525 1325 fore
542 1297 677 1332 inquiunt
706 1296 758 1324 illae
780 1295 955 1330 nequissima:
970 1303 1022 1330 po—

231 1346 355 1374 testates,
370 1342 392 1369 si
404 1342 574 1370 continentia
591 1342 729 1373 videlicet,
750 1341 825 1368 velut.
838 1344 931 1367 sancta
941 1344 1023 1374 atque

232 1385 387 1413 ﬁrmissima
410 1387 520 1413 civitate
551 1387 663 1418 relicta,
692 1385 727 1412 ad
750 1393 842 1421 regem
867 1384 1022 1420 Babylonis,

231 1430 279 1465 qui
301 1430 389 1466 ﬁgura
412 1436 454 1458 est
481 1431 607 1463 Satanae,
627 1439 677 1458 nos
698 1430 906 1458 contulerimus.
929 1429 1024 1464 Itaque

233 1475 370 1510 Rapsaces
383 1476 495 1510 quidem
523 1476 665 1511 indulgere
685 1477 741 1504 illis
754 1480 918 1511 praesentem
944 1475 1023 1502 volu-

233 1524 345 1554 ptatem,
359 1521 440 1555 eique
452 1528 481 1548 se
491 1521 662 1557 adiecturum
679 1522 732 1556 20
741 1514 934 1556 pollicebatur,
951 1521 974 1548 si
988 1520 1023 1548 ad

1065 251 1112 275 τος
1125 243 1179 278 γὰρ
1193 243 1239 269 καὶ
1254 242 1282 268 ἐν
1294 243 1360 277 ἡμῖν
1373 241 1465 272 αὐτοῖς
1480 240 1652 276 ὲρῤιζωμένη
1673 241 1722 266 καὶ
1739 239 1860 274 μένουσα

1065 289 1114 323 τῆς
1131 288 1231 324 σαρκὸς
1254 287 1427 323 ἡέπιθυμία,
1444 286 1525 322 νόμον
1545 286 1573 312 δὲ
1597 286 1682 322 αὐτὴν
1705 285 1858 320 ἁμαρτίας,

1066 334 1138 361 κοιὶό
1154 333 1225 365 θεῖος
1249 334 1315 368 ἡμῖν
1337 331 1462 367 ὠνόμαζε
1488 331 1604 364 Παῦλος,
1628 331 1785 358 ἐνοικοῦντα
1803 332 1860 362 τοῖς

1069 380 1161 415 μέλεσι
1181 380 1230 415 τῆς
1245 379 1355 415 σαρκός.
1371 378 1488 414 Τέρψεις
1513 377 1542 404 δὲ
1563 378 1609 404 καὶ
1632 377 1723 413 ἡδοναὶ
1740 376 1860 412 θύραθεν

1067 434 1096 452 τε
1111 427 1158 453 καὶ
1176 426 1413 460 εἰσπεποιημέναι,
1429 424 1462 451 τὰ
1478 424 1512 451 δι’
1522 424 1664 459 ὀμμάτων.
1682 424 1860 460 Θαυμάζεται

1067 472 1122 508 γὰρ
1142 471 1176 498 τὰ
1192 472 1224 498 ὲκ
1245 471 1361 497 πλούτου
1376 469 1407 496 δι’
1424 469 1583 504 ὀφθαλμῶν,
1608 469 1656 496 καὶ
1681 469 1734 504 μὴν
1748 469 1797 495 καὶ
1813 469 1860 495 εὑ-

1069 515 1185 550 ιματίαι,
1202 515 1250 542 καὶ
1264 515 1299 542 τὰ
1313 513 1353 547 οἷς
1369 514 1401 542 ἂν
1416 514 1590 550 προσκέοιντό
1604 523 1687 546 τινες,
1700 514 1737 546 ὡς
1747 514 1861 549 ἡδίστην

1066 561 1156 597 ἔχοιεν
1182 561 1232 596 τὴν
1256 561 1415 592 ἀπόλαυσιν,
1443 560 1533 594 ψῆφον
1562 560 1653 591 αὐτοῖς
1681 560 1732 586 οὐκ
1756 559 1861 593 ἀγεννῆ

1067 606 1241 642 δωρούμενοι,
1267 606 1383 637 Οὐκοῦν,
1404 605 1524 640 ἄμπελος
1552 605 1600 641 μὲν
1629 605 1676 632 καὶ
1703 604 1788 639 συκῆ.
1809 605 1862 639 τῆς

1068 651 1167 684 ἔξωθέν
1185 660 1212 678 τε
1225 651 1271 678 καὶ
1281 651 1510 687 εἰσπεποιημένης
1522 650 1642 686 regem;
1654 659 1683 677 τε
1695 651 1740 677 καὶ
1751 650 1863 686 τρυφῆς

1070 695 1124 724 εἶεν
1138 697 1170 724 ἂν
1184 698 1224 728 εἰς
1238 696 1323 724 τύπον
1337 697 1404 733 ὁμοῦ
1422 697 1477 724 τῶν
1491 698 1520 723 ὲν
1535 697 1629 732 κόσμῳ
1644 697 1816 732 πραγμάτων
1831 695 1863 722 τὸ

1069 743 1236 779 πρόσκαιρόν
1261 752 1291 769 τε
1317 743 1364 770 καὶ
1390 743 1560 778 εὐμάραντον
1590 743 1704 773 ἀστείως
1733 740 1864 768 καταδει-

1068 787 1209 820 χνύουσαι,
1229 788 1276 814 καὶ
1291 787 1339 814 σὺν
1355 787 1424 823 τῷδε
1452 787 1481 814 τὺ
1501 787 1586 822 γλυκῦ
1602 786 1670 822 μετὰ
1684 786 1731 813 τοῦ
1746 786 1864 813 ποτοῦν

1068 834 1204 866 είωθότος.
1222 834 1318 870 Τρυφὴ
1334 834 1383 870 μὲν
1400 834 1454 871 γὰρ
1469 835 1562 862 ἅπασα
1578 833 1706 870 κοσμικὴ,
1729 833 1863 867 γλυκεῖαν

621 887 723 914 etenim
737 886 875 913 mundana
893 884 1018 918 voluptas

1074 881 1118 916 μὲν
1134 880 1191 916 ἔχει
1212 880 1261 915 τὴν
1279 880 1434 916 παραυτίκα
1452 880 1570 916 μέθεξιν,
1594 881 1683 906 σκοτεί
1702 879 1730 906 δὲ
1748 878 1782 914 δὴ
1800 878 1864 904 λίαν

1069 927 1116 954 καὶ
1150 926 1316 962 ἐκμεθύσκει
1350 926 1444 958 δεινῶς
1467 926 1513 952 τὸν
1538 924 1737 959 εξοδεδεγμένον
1762 923 1863 957 αὐτήν.

1069 971 1157 998 Είκὼν
1171 970 1198 997 δὲ
1211 971 1225 997 ὁ
1239 970 1338 1003 λάκκος
1349 970 1402 997 τῶν
1415 969 1542 1005 ἐμφύτων
1553 978 1583 996 τε
1600 969 1646 996 καὶ
1658 969 1686 995 ὲν
1700 969 1765 1003 ἡμῖν
1781 975 1864 1002 κινη-

1071 1017 1172 1052 μάτων.
1190 1017 1227 1043 Ut)
1243 1016 1295 1052 γὰρ
1311 1015 1500 1051 εἰσπεποίηται
1519 1015 1598 1042 ταυτὶ
1613 1013 1739 1049 καθάπερ
1755 1014 1864 1044 ὲκεῖνα,

1071 1062 1189 1099 πηγᾶιζει
1200 1063 1228 1089 δὲ
1244 1063 1337 1098 ὥσπερ
1349 1064 1377 1089 ὲν
1390 1063 1467 1098 ἡμῖν,
1479 1062 1509 1095 ἐξ
1520 1061 1605 1096 αὐτῆς
1617 1059 1790 1095 ἁναὸρύοντα
1812 1059 1866 1093 τῆς

1072 1109 1182 1144 σαρκός.
1204 1109 1312 1136 Τούτων
1334 1107 1378 1135 οὖν
1395 1109 1523 1135 ἁπάντων
1546 1106 1666 1142 φυσικῶν
1694 1114 1725 1132 τε
1744 1105 1793 1132 καὶ
1814 1105 1866 1131 ὲπ-

1071 1145 1172 1186 αὶτῶν,
1189 1154 1333 1189 ἐλευθέραν
1345 1154 1410 1188 ἡμῖν
1420 1153 1469 1188 τὴν
1482 1152 1599 1188 μέθεξιν,
1614 1152 1660 1178 καὶ
1673 1150 1805 1176 πλατεῖαν
1819 1158 1866 1176 κο-

1074 1200 1137 1236 μιδῇ
1153 1201 1202 1235 τὴν
1223 1199 1382 1232 ἀπόλαυσιν,
1408 1197 1516 1224 ἔσεσθαί
1540 1206 1621 1232 φασιν
1636 1197 1664 1223 αἱ
1681 1196 1800 1230 πονηραὶ
1818 1195 1864 1220 δυ-

1072 1246 1178 1281 νάμεις,
1195 1246 1220 1271 εἰ
1236 1245 1359 1281 καθάπερ
1373 1244 1452 1279 ἁγίαν
1465 1243 1511 1270 καὶ
1525 1243 1719 1270 ἁκατάσειστον
1740 1241 1860 1269 κατειλε-

1072 1290 1196 1322 λοιπότες
1220 1289 1306 1322 πόλιν,
1330 1290 1378 1325 τὴν
1407 1289 1580 1325 ἐγκράτειαν,
1613 1288 1864 1325 προσχωρήσαιμεν

1073 1335 1112 1371 τῷ
1134 1335 1239 1371 βασιλεῖ
1262 1335 1432 1367 Βαϐυλῶνος,
1450 1335 1479 1367 ὃς
1498 1332 1532 1370 ἦν
1545 1336 1574 1361 ὲν
1585 1334 1662 1370 τύπῳ
1679 1334 1726 1360 τοῦ
1743 1334 1863 1361 Σατανᾶ.

1080 1381 1149 1408 Ἀλλ’
1163 1383 1178 1408 ὸ
1191 1382 1239 1417 μὲν
1259 1381 1409 1417 Ῥαψάκης,
1424 1381 1455 1408 τὸ
1470 1381 1625 1416 παραυτίκα
1642 1380 1770 1415 τερπνὸν,
1792 1381 1866 1407 ἀνεῖ-

1074 1427 1117 1454 ναί
1132 1436 1162 1454 τε
1189 1428 1279 1459 αὐτοῖς
1298 1428 1345 1454 καὶ
1368 1427 1510 1454 ἐπιδώσειν
1534 1427 1718 1462 ἐπηγγέλλετο
1743 1434 1865 1462 προσκε-

1075 1473 1214 1510 χωρηκὸσι
1240 1475 1298 1505 τοῖς
1322 1473 1513 1505 Βαὸυλωνίοις.
1543 1474 1574 1500 Οί
1596 1474 1624 1500 δὲ
1647 1474 1697 1500 οὐχ
1724 1473 1868 1499 ἐπείθοντο

1076 1519 1236 1555 φρονοῦντες
1263 1519 1360 1555 ὀρθῶς,
1392 1520 1488 1554 ἕψεται
1512 1519 1566 1555 γὰρ
1589 1520 1697 1550 πάντως
1715 1518 1755 1554 τῷ
1776 1518 1867 1545 θέλειν

233 1566 396 1602 Babylonios
405 1567 571 1595 defecissent
583 1567 629 1594 z'at
638 1567 677 1594 illi
690 1575 753 1594 cum
761 1571 898 1602 saperent.
910 1566 1020 1594 minime

1075 1553 1181 1592 ἑλέσθαι
1195 1565 1229 1592 τὰ
1239 1553 1367 1601 κοσμικὰ,
1383 1553 1525 1601 τδνηχρὴναι
1539 1553 1631 1593 πεσεῖν
1647 1567 1686 1598 είς
1700 1553 1865 1601 ἀνεθέλητον

234 1609 260 1637 id
275 1611 325 1638 sibi
346 1611 505 1645 persuaderi
518 1611 589 1645 passi
607 1615 680 1638 sunt.
701 1611 753 1644 Qui
773 1611 847 1638 enim
871 1610 1023 1639 mundanas

1076 1611 1208 1644 δουλείαν,
1226 1612 1273 1638 καὶ
1286 1613 1314 1638 ἐν
1328 1612 1500 1646 δορυκτήτων
1515 1611 1640 1645 γενέσθαι
1651 1611 1736 1645 τάξει.

233 1657 387 1692 \oluptatcs
403 1658 496 1685 volens
519 1663 650 1690 sectatur,
683 1665 745 1685 eum
765 1658 808 1685 vel
828 1658 966 1686 nolentem
990 1662 1100 1693 oportet
1119 1659 1147 1686 in
1166 1659 1327 1687 servitutem
1347 1658 1482 1691 incidere,
1499 1662 1527 1686 et
1559 1658 1587 1686 in
1607 1658 1780 1693 captivorum
1814 1666 1866 1685 nu—

233 1711 310 1731 mero
327 1704 443 1732 censeri.

269 1751 367 1779 PALL.
385 1751 455 1779 Vera
466 1750 544 1778 dicis.
563 1750 617 1779 Sed
633 1751 685 1778 hoc
702 1751 769 1778 mihi
784 1750 888 1778 dictum
917 1751 1019 1782 velim,

234 1797 370 1833 quomodo
385 1797 418 1824 de
430 1796 514 1824 tantis
526 1796 606 1824 malis
619 1796 690 1831 eripi
699 1796 844 1831 possimus.

270 1841 349 1869 CYR.
367 1841 490 1874 Quonam
506 1841 560 1868 alio
576 1841 668 1873 modo,
682 1841 736 1868 nisi
747 1841 784 1867 illi
802 1840 888 1875 priori
916 1845 1024 1868 contra-

237 1887 295 1914 rio?
306 1887 373 1914 Nam
390 1894 453 1914 cum
469 1890 626 1913 nostrarum
639 1885 810 1913 voluntatum
828 1886 974 1913 momentis
990 1885 1022 1912 ad

235 1932 320 1959 vitam
341 1931 458 1966 turpiter
484 1930 617 1966 agendam
637 1929 883 1965 propenderemus,
904 1934 932 1956 et
951 1929 1024 1956 illam

237 1976 364 2012 perfectae
382 1977 444 2003 vitae
456 1975 620 2010 elegantiam
646 1975 850 2010 abjccissemus,
867 1974 902 2002 ad
919 1975 1026 2009 ignobi—

238 2022 291 2048 lem
307 2029 338 2048 ae
351 2020 478 2048 servilem
491 2019 614 2046 animum
626 2018 746 2054 prolapsi
760 2026 864 2051 sumus,
886 2026 949 2046 cum
969 2019 1024 2046 sola

237 2074 270 2093 ea
287 2073 347 2100 quae
361 2073 443 2100 super
460 2069 561 2093 terram
580 2069 644 2092 sunt
666 2071 824 2098 saperemus
835 2084 841 2095 ,
863 2056 944 2099 atque
965 2072 1024 2092 om-

238 2112 320 2139 nibus
345 2111 434 2139 modis
461 2111 552 2139 carnis
581 2109 769 2145 voluptatibus
791 2109 1020 2138 incumberemus.

238 2158 332 2192 itaque
347 2156 472 2191 permisit
485 2151 567 2189 Deus
585 2160 616 2184 ut
631 2155 659 2183 in
676 2155 824 2190 reprobum
849 2163 959 2184 sensum
974 2156 1022 2184 de-

238 2202 377 2230 laberemu
382 2210 404 2228 r.

1111 1748 1214 1776 ΠΔΛΛ.
1241 1748 1371 1782 ’Δτρεκὴς
1385 1748 1399 1773 ὁ
1409 1747 1497 1782 λόγος.
1510 1746 1558 1779 Τίς
1568 1747 1590 1773 δ’
1603 1747 1635 1774 ἂν
1644 1748 1749 1782 γένοιτο
1760 1749 1866 1775 τούτων

1074 1797 1092 1831 ἡ
1107 1795 1193 1826 λύσις,
1207 1794 1244 1825 ὡς
1260 1794 1356 1829 ἥδιστα
1371 1793 1404 1820 ἂν
1418 1793 1540 1829 ἐρομένῳ
1557 1794 1667 1828 φράσον.

1111 1841 1193 1868 ΚΥΡ.
1213 1839 1261 1871 Τίς
1275 1840 1299 1866 δ’
1311 1839 1344 1867 ἂν
1359 1839 1438 1875 ἑτέρα
1455 1838 1529 1875 παρὰ
1542 1839 1591 1874 τὴν
1606 1839 1735 1871 ἐναντίως
1750 1839 1866 1875 ἔχουσαν

1076 1887 1108 1921 τῇ
1127 1885 1222 1921 πρώτῃ
1243 1884 1290 1910 καὶ
1310 1885 1338 1910 ἐν
1353 1884 1465 1920 ἀρχαῖςς
1489 1883 1598 1915 Ῥοπαῖς
1621 1883 1673 1919 γὰρ
1700 1884 1774 1910 ἰδίων
1800 1885 1867 1911 ἀπο-

1076 1931 1198 1961 νεύοντες
1215 1929 1386 1964 θε).ημὰ.των,
1407 1929 1453 1955 ἐπὶ
1467 1929 1498 1955 τὸ
1522 1928 1596 1964 βιοῦν
1616 1929 1715 1956 ἐθέλειν
1731 1930 1865 1965 αἰσχρῶς,

1076 1977 1188 2012 καὶτῆς
1209 1976 1360 2012 ἀμωμήτου
1382 1975 1518 2007 πολιτείας
1540 1976 1589 2011 τὴν
1613 1976 1774 2012 ἀστειότητα
1797 1986 1867 2013 παρα

1075 2021 1239 2057 ωθούμενοι,
1258 2021 1326 2056 πρὸς
1339 2021 1439 2056 ἀγεννῆ
1451 2022 1498 2047 καὶ
1513 2022 1702 2057 ἀνδραποδώδη
1717 2023 1866 2050 πεπτώκα-

1078 2076 1126 2102 μεν
1143 2066 1215 2099 νοῦν,
1233 2066 1300 2102 μόνα
1315 2066 1475 2101 φρονοῦντες
1487 2067 1521 2093 τὰ
1537 2068 1583 2093 ἐπὶ
1596 2066 1643 2102 τῆς
1655 2068 1717 2102 γῆς,
1735 2068 1784 2094 καὶ
1805 2070 1865 2100 ταῖς

1076 2114 1125 2148 τῆς
1153 2112 1252 2149 σαρκὸς
1278 2112 1383 2147 ἡδοναῖς
1409 2112 1563 2148 ὁλοτρόπως
1576 2112 1740 2147 ἐγκείμενοι.
1755 2111 1864 2150 Ταύτῃ-

1075 2167 1117 2184 τοι
1131 2157 1223 2185 λοιπὸν
1238 2158 1285 2185 καὶ
1297 2157 1464 2186 κατολισθεῐν
1480 2159 1552 2194 ἡμᾶς
1567 2158 1642 2193 ἠφίει
1658 2157 1735 2193 Θεὸς,
1753 2160 1795 2190 εὶς
1806 2159 1866 2186 ἀδό-

1077 2212 1156 2238 κιμον
1170 2211 1242 2230 νουν.

273 2246 372 2274 PALL.
389 2245 533 2274 Contrario
550 2245 633 2281 igitur
646 2253 728 2273 cursu
741 2245 821 2274 nobis
835 2251 877 2273 est
888 2246 921 2273 ad
936 2246 1020 2274 virtu-

1112 2246 1216 2277 HAM.
1237 2248 1432 2284 Παλινδρομεῖν
1447 2245 1494 2275 οὖν
1507 2247 1560 2284 ἄρα
1581 2247 1648 2284 πρὸς
1659 2248 1760 2284 ἀρετὴν
1779 2249 1864 2283 ἀναγ-

237 2297 294 2320 tem
312 2291 491 2320 remeandum
503 2292 515 2318 ?

271 2338 351 2366 CYR.
370 2339 405 2366 Et
418 2337 531 2373 quidem
545 2337 619 2365 nulla
632 2336 794 2373 interposita
810 2345 896 2369 mora,
909 2337 1022 2370 Palladi,

238 2383 277 2411 ita
299 2388 329 2410 ut
345 2383 425 2410 nobis
445 2382 611 2410 mundanam
636 2382 707 2410 hanc
724 2382 808 2409 vitam
825 2390 881 2409 non
898 2389 958 2410 esse
975 2389 1022 2408 ex-

237 2429 385 2464 petendam
402 2428 543 2460 ducamus,
552 2428 628 2464 juxta
645 2427 711 2454 illud
722 2447 730 2459 ,
750 2427 823 2462 quod
844 2431 886 2454 est
907 2435 922 2454 a
938 2427 1023 2454 Paulo

238 2475 368 2509 praeclare
381 2474 499 2502 dictum:
519 2484 528 2499 ε
543 2473 640 2502 Mortui
650 2473 723 2501 enim
737 2473 815 2505 estis.
824 2477 852 2500 et
865 2472 920 2500 vita
933 2477 1023 2500 vestra

237 2519 398 2547 abscondita
413 2523 455 2547 est
473 2526 535 2546 cum
546 2519 656 2546 Christo
671 2519 699 2546 in
714 2518 770 2546 Deo
787 2518 819 2544 ".
838 2527 846 2543 ι
863 2517 916 2544 Sed
931 2518 1023 2552 potius

236 2573 273 2592 eo
286 2564 423 2592 desiderio
439 2564 593 2597 ardeamus,
610 2571 711 2591 nomen
726 2567 758 2590 ut
771 2567 894 2591 nostrum
904 2563 931 2590 in
946 2563 1023 2591 caelis

239 2609 420 2642 describatur,
433 2610 605 2645 patriamque
630 2613 752 2636 nostram
782 2613 865 2643 atque
883 2608 1021 2637 civitatem

239 2657 313 2684 illam
319 2665 465 2692 supernam
473 2656 652 2688 aestimemus,
661 2655 865 2690 clamemusque
875 2654 909 2682 ad
916 2655 1002 2683 Deum
1013 2665 1019 2683 :

243 2713 252 2729 ι
267 2704 385 2732 Remitte
398 2703 477 2736 mihi,
500 2704 566 2739 quia
577 2702 682 2730 advena
699 2709 749 2737 ego
773 2708 835 2729 sum
850 2702 877 2729 in
895 2707 977 2733 terra,
993 2708 1021 2730 et

239 2752 408 2786 peregrinus,
422 2751 494 2779 sicut
512 2757 608 2778 omnes
621 2752 712 2784 patres
729 2747 783 2776 mei
795 2748 827 2775 ³³.
851 2758 860 2774 ι
891 2748 956 2776 Nam
967 2749 1018 2783 qui

1079 2305 1154 2324 καιον
1164 2306 1172 2329 ;

1112 2343 1194 2370 ΚΥΡ.
1220 2341 1348 2378 Ἀμελητί
1364 2350 1406 2375 γε,
1417 2338 1439 2368 ὦ
1454 2341 1513 2373 τᾶν,
1525 2341 1576 2367 οὐκ
1591 2341 1750 2375 ἐφιεμένους
1760 2341 1802 2368 ἔτι
1814 2342 1863 2376 τῆς

1075 2390 1105 2416 ὲν
1121 2389 1216 2424 κόσμῳ
1227 2387 1308 2423 ζωῆς,
1325 2386 1384 2414 κατ’
1395 2386 1484 2413 ἐκεῖνό
1501 2394 1551 2413 που
1571 2386 1678 2418 πάντως
1696 2386 1727 2412 τὸ
1746 2387 1791 2414 διὰ
1814 2388 1863 2422 τῆς

1076 2434 1122 2461 τοῦ
1141 2433 1247 2461 Παύλου
1267 2433 1356 2468 φωνῆς
1375 2432 1518 2468 εἰρημένον
1541 2431 1638 2468 ὀρθῶς·
1662 2440 1670 2457 ι
1700 2432 1861 2460 Ἀπεθάνετι

1076 2477 1141 2513 γὰρ,
1153 2478 1199 2505 καὶ
1217 2479 1233 2513 ἡ
1251 2477 1308 2514 ζωὴ
1329 2479 1406 2514 ὑμῶν
1417 2479 1570 2514 κέκρυπται
1586 2479 1635 2505 σὺν
1653 2478 1764 2514 Χριστῷ
1779 2480 1808 2505 ἐν
1825 2479 1862 2514 τῷ

1075 2522 1143 2557 Θεῷ.
1164 2532 1173 2548 ι
1187 2522 1371 2558 Δεδιψηκότας
1388 2523 1416 2550 δὲ
1432 2523 1530 2558 μᾶλλον
1544 2522 1593 2559 τὴν
1614 2524 1641 2550 ὲν
1653 2523 1780 2558 οὐρανοῖς
1794 2524 1861 2550 ἀπο-

1075 2567 1192 2602 γραφὴν,
1228 2567 1274 2594 καὶ
1299 2568 1379 2594 οἱονεὶ
1407 2568 1522 2603 πατρίδα
1547 2568 1594 2594 καὶ
1625 2567 1702 2594 πόλιν
1733 2568 1784 2604 τὴν
1808 2569 1861 2596 ἄνω

1076 2614 1286 2649 πεποιημένους,
1313 2614 1360 2640 καὶ
1382 2613 1604 2650 ἀνακεκραγότας
1631 2612 1660 2640 εὖ
1692 2614 1765 2648 μάλα
1796 2615 1861 2650 πρὸς

1075 2658 1151 2685 Θεόνι
1172 2667 1180 2684 ι
1199 2658 1280 2690 Ἀνες
1295 2667 1339 2693 μοι
1357 2659 1398 2685 ὅτι
1411 2659 1541 2695 πάροικος
1557 2657 1612 2692 ἐγώ
1630 2658 1687 2693 είμι
1707 2659 1738 2684 ὲν
1757 2660 1792 2694 τῇ
1815 2659 1859 2694 γῇ,

1074 2704 1120 2730 καὶ
1140 2704 1340 2739 παρεπίδημος,
1359 2704 1449 2736 καθὼς
1467 2705 1566 2736 πάντες
1584 2704 1608 2730 οἱ
1624 2703 1742 2739 πατέρες
1763 2712 1827 2739 μου.
1850 2715 1857 2728 ι

1079 2750 1107 2776 '0
1125 2749 1179 2784 γάρ
1192 2758 1233 2776 τοι
1254 2751 1410 2786 περιπατῶν
1426 2750 1473 2777 ἐπὶ
1489 2750 1537 2786 τῆς
1554 2750 1614 2785 γῆς,
1633 2749 1679 2776 καὶ
1691 2749 1819 2784 λαμπρὸν
1834 2750 1859 2777 ἐν

275 2839 297 2854 '°
311 2839 320 2865 l
333 2837 413 2866 Joan.
434 2846 463 2871 ιι,
476 2837 520 2865 ιο.
558 2839 579 2854 "
593 2838 672 2866 Rom.
686 2846 733 2872 vn,
753 2839 798 2866 9J5.
837 2839 973 2867 "Coloss.
988 2847 1026 2873 ut,
1047 2839 1073 2866 3.
1113 2840 1136 2855 "
1151 2839 1221 2867 Psal.
1238 2846 1347 2873 xxxmr,
1364 2839 1407 2873 Η,
1429 2840 1472 2868 15.
