1924 3043
68 134 110 162 M5

433 132 477 160 DE
495 131 715 160 ADORATIONE
734 132 768 159 IN
789 131 922 159 Sl‘lRlTU
942 131 985 159 ΕΤ
1005 132 1187 160 VERITATE.
1209 131 1272 159 LIB.
1295 132 1316 159 Ι.

1634 133 1684 162 106

66 193 176 226 uberior;
190 191 219 218 τὺ
238 192 393 227 πολίτευμα
416 191 484 227 ἔχων
506 190 636 226 πάροικος
660 199 689 217 τε
710 190 757 218 καὶ
777 199 847 225 παρ-

912 199 929 217 u
948 191 1029 218 terris
1047 191 1179 223 ambulat,
1203 192 1359 225 praeclaram
1379 196 1470 219 autem
1499 193 1686 220 conversatio—

66 237 184 272 ιπίδημος
201 236 313 272 ἀληθῶς
329 236 361 269 ἐξ
373 237 460 264 αὐτῶν
478 236 510 263 ἂν
532 236 645 267 εἰκότως
661 235 781 270 φαίνοιτο
792 235 847 262 τῶν

67 282 234 317 πραγμάτων.
245 283 302 309 Καὶ
321 283 386 317 γοῦν
409 282 455 308 τοῦ
468 281 591 317 Σωτῆρος
604 283 617 307 ὁ
631 281 753 316 μαθητὴς
769 280 847 307 τοῦτο

69 328 190 355 ποιεῖσθαι
213 328 334 361 κελεύει,
357 328 406 356 καὶ
429 328 504 364 ἡμᾶς
526 328 624 358 αὐτοὺς
642 326 755 362 αὔχημα
770 335 848 362 περι-

69 374 140 410 φανές
153 383 182 401 τε
204 375 254 401 καὶ
276 375 429 410 εὐπρεπὲς,
450 374 497 401 ὡδί
518 382 556 409 πη
569 374 667 407 λέγων’
685 383 694 399 ι
716 373 846 407 Ἀδελφοὶ,

69 419 205 454 παρακαλῶ
223 419 264 451 ὡς
284 419 432 455 παροίκους
448 419 493 445 καὶ
515 418 722 453 παρεπιδήμους
748 418 848 452 ἀπέχε-

70 463 182 491 altat-.6»;
197 464 340 499 σαρκικῶν
360 463 520 499 ἐπιθυμιῶν,
534 464 634 495 αἵτινες
655 463 848 499 στρατεύονται

69 510 130 537 κατὰ
136 510 184 544 τῆς
193 509 296 545 ψυχῆς.
309 520 319 536 ι

99 554 196 582 ΠΑΛΛ.
219 553 254 582 *Α
262 555 286 590 ρ’
299 552 346 582 οὖν
357 553 482 590 ἀρκέσειε
495 553 563 589 πρὸς
574 553 740 589 κατόρθωσιν
751 553 850 589 ἀρετῆς

70 602 84 635 ἡ
98 600 178 627 τοιάδε
192 600 327 633 διάθεσις,
344 600 375 627 τὸ
388 599 537 636 καταλῆξαί
549 607 621 636 φημι
638 600 693 627 τῶν
712 599 849 636 σαρκικῶν

71 646 209 682 ὶπιθυμιῶν
220 654 228 679 ;

101 694 175 720 ΚΥΡ.
196 693 228 719 El
243 692 421 728 προσγένοιτο
437 692 526 726 σοφῶς
536 693 582 719 καί
596 691 631 719 τὰ
645 692 677 718 ὲκ
690 692 739 727 τῆς
755 691 852 726 ἑτέρας

72 739 219 770 ἐπιεικείας,
237 738 320 773 δῆλον
330 738 359 765 δὲ
373 738 414 765 ὅτι
423 738 472 773 τῆς
485 738 684 772 πνευματικῆς.
694 736 851 772 Γέγραπται

73 786 131 821 γάρ·
147 794 156 811 ι
171 785 293 811 Πλατεῖα
302 785 320 819 ἡ
329 784 422 819 ἐντολή
432 792 479 810 σου
491 783 601 819 σφόδρα.
618 793 628 809 ι
647 783 683 809 Ἢ
695 783 754 817 οὐχὶ
765 781 852 813 διττὸς

74 834 98 859 ὲν
107 832 168 867 ἡμῖν
178 831 193 856 ὁ
205 829 358 865 μολυσμὸς,
369 829 457 865 ψυχῆς
467 838 496 857 τε
507 829 555 856 καὶ
566 829 690 864 σώματος
700 837 707 861 ;
719 828 851 855 Ἔπεσθαι

897 243 960 263 nem
977 235 1058 262 habet
1084 236 1111 262 in
1134 236 1220 267 cmlis,
1236 236 1258 264 is
1275 237 1384 264 domum
1398 237 1502 264 advena
1521 241 1548 263 et
1564 237 1687 272 peregri-

897 287 950 307 nus
961 287 996 306 ex
1007 279 1073 314 ipsis
1086 279 1168 314 rebus
1183 280 1263 314 plane
1291 281 1495 316 comprobatur.
1515 281 1609 316 Itaque
1625 281 1686 309 Sal-

897 325 999 353 vatoris
1020 325 1107 352 nostri
1130 325 1281 360 discipulus
1308 327 1335 354 id
1371 332 1501 362 tanquam
1527 327 1688 362 prasclarum

898 376 980 406 atque
994 371 1142 406 gloriasum
1159 376 1254 406 putare
1266 380 1316 399 nos
1333 373 1406 407 ipsos
1418 373 1495 408 jubet
1512 373 1555 400 his
1571 373 1663 400 verbis
1679 382 1686 400 :

902 425 912 442 ι
928 416 1046 449 Fratres,
1064 416 1188 448 obsecro,
1205 420 1332 451 tanquam
1348 418 1467 445 advenas
1480 423 1507 445 et
1517 418 1686 453 peregrinos,

898 462 1036 490 abstinere
1048 470 1096 489 vos
1114 469 1129 489 a
1143 462 1299 490 carnalibus
1321 462 1466 490 desideriis
1477 484 1483 496 ,
1499 471 1560 498 quae
1570 464 1688 491 militant

899 508 1031 535 adversus
1042 507 1162 535 animam
1173 507 1205 534 ⁵⁸.
1223 517 1232 533 ›

935 554 1035 581 PALL.
1054 554 1125 582 Num
1142 554 1235 589 igitur,
1259 553 1300 581 sic
1318 553 1447 580 aﬂ‘cctum
1468 561 1539 586 esse,
1559 554 1586 581 id
1604 559 1655 587 est,
1672 563 1689 582 a

900 600 1056 628 carnalibus
1077 599 1309 635 concupiscentiis
1332 599 1494 632 cessavisse,
1509 600 1575 627 satis
1596 605 1638 628 est
1654 600 1688 628 ad

900 647 1032 674 virtutem
1048 645 1229 681 praestandam
1238 645 1250 671 ?

936 691 1015 719 ΟΥΕ.
1025 691 1166 727 Siquidem
1175 691 1233 719 haec
1243 698 1351 726 quoque
1364 690 1504 725 sapienter
1513 691 1688 724 accesserint,

901 745 963 772 qum
982 737 1016 764 ad
1039 738 1112 765 illam
1135 737 1252 765 alteram
1270 744 1377 764 morum
1404 736 1580 771 probitatem,
1608 737 1691 771 spiri-
1739 747 1741 750 ·

898 783 1003 812 ,tualem
1038 791 1149 818 nempe,
1179 786 1314 818 spectant.
1343 782 1481 817 Scriptum
1509 787 1553 809 est
1577 783 1651 810 enim
1683 791 1690 808 :

907 838 916 853 ι
930 828 1028 855 Latum
1046 828 1204 855 mandatum
1218 831 1295 855 tuum
1309 827 1391 854 nimis
1405 828 1437 854 ⁵⁵.
1457 837 1466 853 ι
1490 827 1579 860 Quid?
1596 827 1692 855 Nonne

73 865 257 910 δεῖνοιηθείην
276 875 324 907 ἂν,
339 876 387 902 καὶ
403 875 462 902 λίαν
488 875 610 907 εἰκότως,
631 875 688 906 τοῖς
707 873 851 910 καταμιαί-

912 874 1004 909 luplex
1023 878 1065 901 est
1087 874 1115 901 in
1141 873 1221 901 nobis
1248 873 1499 908 inquinamentum,
1521 873 1627 906 animae,
1649 873 1692 900 in-

75 931 121 949 νειν
137 921 269 953 εἰωθόσιν,
283 921 400 956 ίσοπαλῆ
414 929 444 948 τε
456 922 503 948 καὶ
521 920 635 956 ίσουργὰ
647 920 682 947 τὰ
691 920 852 956 διασμήχειν

75 968 184 996 ιίωθότα.

106 1056 200 1083 [ΙΑΛΛ.
228 1055 334 1091 Ὀρθῶς
348 1055 425 1091 ἔφης.

106 1101 180 1128 ΚΥΡ.
200 1101 310 1137 Ὥσπερ
327 1099 373 1128 οὗν
390 1100 486 1136 ἀμέλει
505 1101 592 1134 διττὸς
604 1101 619 1126 ό
640 1101 724 1136 ῥύπος
739 1100 854 1136 ψυχικὸς

77 1157 101 1174 τε
111 1148 152 1174 καὶ
174 1147 343 1182 σωματικδς,
363 1146 435 1173 οὕτω
452 1147 530 1181 καὶὴ
551 1145 728 1181 διακάθαρσις
750 1140 853 1180 ψυχὶκή

77 1203 102 1222 τε
114 1195 156 1221 καὶ
173 1195 320 1229 σωματικὴ
342 1195 439 1228 γένοιτ’
466 1193 499 1220 ἂν
524 1193 647 1225 εἰκότως.
672 1193 744 1228 Πλὴν
759 1194 799 1219 ὅτι
824 1193 855 1220 τὸ

80 1240 209 1276 τισροικίαν
226 1239 366 1275 ἡγεῖσθαι,
382 1239 467 1274 φιλεῖν
481 1239 531 1274 τὴν
544 1239 572 1265 ὲν
592 1238 687 1273 κόσμῳ
697 1237 784 1274 ζωὴν,
798 1239 855 1270 τοῖς

79 1285 131 1320 τῇδε
149 1284 332 1320 διακειμένοις
356 1284 407 1310 οὐκ
429 1283 541 1318 ἀκερδὲς
561 1282 759 1318 ἀταλαιπώρως
781 1283 853 1315 ίδείν,

80 1331 146 1367 ιῖπερ
158 1331 243 1358 ἕλοιτὸ
255 1339 299 1362 τις
313 1331 405 1358 εἰκόνα
419 1330 466 1357 τοῦ
483 1330 647 1365 πράγματος
663 1329 796 1356 ποιεῖσθαι
811 1329 856 1356 τὸν

86 1376 206 1412 Ἀϐραὰμ,
224 1376 294 1412 πρὸς
310 1375 341 1402 ὃν
355 1377 461 1412 εἴρηται
478 1376 553 1411 παρὰ
571 1375 648 1402 Θεοῦ·
668 1384 677 1402 ι
698 1374 808 1408 Ἔξελθε
825 1375 856 1400 ἐκ

81 1423 122 1458 τῆς
135 1423 183 1458 γῆς
202 1431 248 1449 σου
267 1423 316 1449 καὶ
330 1423 362 1448 ἐκ
379 1423 426 1457 τῆς
441 1422 600 1455 συγγενείας
625 1431 683 1454 σου,
699 1421 746 1448 καὶ
763 1422 794 1447 ὲκ
809 1420 856 1447 τοῦ

82 1469 145 1495 οἴκου
159 1467 206 1495 τοῦ
221 1468 328 1504 πατρός
350 1476 407 1495 σου.
428 1467 483 1494 Καὶ
495 1467 574 1502 δεῦρο
589 1468 628 1499 είς
644 1467 705 1502 γῆν,
720 1467 753 1502 ἦν
769 1466 800 1493 ἄν
816 1474 857 1492 σοι

82 1513 158 1546 δείξω,
172 1514 218 1540 καὶ
235 1514 344 1549 ποιήσω
365 1522 395 1539 σε
410 1513 450 1544 είς
462 1511 536 1544 ἔθνος
553 1512 634 1548 μέγα,
655 1512 702 1539 καὶ
719 1513 857 1547 εὐλογήσω

85 1567 117 1590 σε,
132 1560 175 1586 καὶ
199 1559 346 1594 μεγαλυνῶ
359 1559 388 1585 τὸ
401 1559 485 1594 ὄνομά
502 1567 559 1592 σου,
575 1559 621 1585 καὶ
638 1559 687 1594 ἔσῃ
704 1558 859 1593 εὐλογητὸς,

84 1605 123 1631 καὶ
133 1605 269 1640 εὐλογήσω
290 1606 355 1636 τοὺς
372 1604 549 1640 εὐλογοῦντάς
575 1613 615 1638 σε,
639 1604 686 1631 καὶ
704 1605 767 1636 τοὺς
796 1613 862 1631 κατα

85 1653 226 1687 αρωμὲνους
236 1660 266 1678 σε
281 1651 482 1686 καταράσομαι,
493 1651 539 1677 καὶ
548 1650 771 1686 εὐλογηθήσονται
781 1651 809 1676 ἐν
821 1651 861 1676 σοι

85 1699 158 1724 πᾶσαι
181 1699 208 1725 αἰ
228 1699 314 1733 φυλαὶ
326 1698 376 1733 τῆς
392 1698 454 1732 γῆς.
479 1708 488 1724 ι
504 1698 600 1733 Συνίης
613 1698 686 1729 ὅπως
702 1697 752 1723 οὐκ
765 1697 797 1723 ὲκ
809 1696 861 1732 γῆς

85 1751 109 1769 τε
123 1744 164 1769 καὶ
176 1743 249 1770 οἴκου
268 1744 361 1778 μόνον,
378 1743 447 1770 ἀλλὰ
461 1744 508 1770 καὶ
523 1745 555 1770 ὲκ
567 1743 617 1779 τῆς
631 1744 799 1777 συγγενείας,
814 1742 862 1769 καὶ

88 1789 131 1824 μὴν
145 1790 188 1816 καὶ
202 1791 233 1816 ἐκ
245 1789 294 1816 τοῦ
308 1789 382 1816 οἴκου
397 1789 444 1815 τοῦ
457 1789 559 1824 πατρὸς
571 1789 698 1823 ἀπαίρειν
710 1788 860 1821 ἐκέλευσεν,

86 1836 152 1870 ἣκειν
165 1844 192 1862 τε
205 1837 246 1867 εἰς
260 1835 325 1870 γῆν,
337 1835 425 1870 ἥνπερ
437 1835 516 1867 αὐτὸς
524 1835 676 1866 ἐπιδείξειεν
688 1835 703 1861 ὁ
712 1834 816 1867 καλῶν;

117 1880 211 1907 ΠΔΛΛ.
238 1880 322 1908 Ἀλλὰ
334 1880 360 1906 τί
376 1880 407 1916 δὴ
417 1880 496 1906 τοῦτό
510 1881 599 1912 ὲστιν;

116 1927 190 1954 ΚΥΡ.
210 1925 281 1954 Εἶτά
295 1936 353 1959 πως
367 1928 418 1953 οὐκ
435 1927 560 1962 ἐναργὲς.
578 1927 619 1953 ὅτι
633 1926 699 1953 Θεοῦ
719 1926 864 1958 καλοῦντος

89 1974 122 2005 είς
138 1974 325 2010 ἀκολούθησιν,
350 1973 428 2009 δῆλον
441 1973 469 2000 δὲ
480 1974 521 2000 ὅτι
538 1973 587 2009 τὴν
606 1973 803 2008 πνευματικὴν,
817 1973 864 1999 καὶ

91 2019 131 2054 τῆς
141 2020 167 2045 ὲν
177 2020 271 2055 κόσμῳ
286 2019 368 2054 ζωης,
385 2020 456 2055 φημὶ
471 2019 499 2045 δὲ
510 2019 542 2054 δὴ
553 2020 634 2046 πάλιν
648 2019 699 2054 τῆς
713 2020 741 2046 ὲν
757 2019 864 2054 ἡδοναῖς

91 2064 130 2090 καὶ
148 2064 343 2100 φιλοσαρκίαις,
368 2064 415 2096 οὒς
446 2064 479 2092 ἃν
503 2065 589 2092 ἕλοιτο
613 2066 706 2101 τιμᾷν,
739 2065 864 2100 ἐξέρπειν

91 2109 222 2143 ὶθέλοντος,
238 2111 416 2146 ἀπόπληκτον
438 2111 547 2146 κομιδῇ,
571 2111 602 2138 τὸ
631 2111 754 2147 ἡγεῖσθαί
775 2120 802 2137 τι
818 2110 863 2137 τοῦ

92 2155 178 2182 τοιοῦδε
199 2156 330 2192 ᾶμεινοη
347 2156 575 2190 Καταλογιζέσθω
589 2157 644 2192 γὰρ
662 2157 700 2188 ὡς
720 2157 795 2184 οὐδὲν
813 2165 865 2183 rra—

902 928 994 956 quam,
1011 928 1042 947 ac
1060 919 1191 954 spiritus?
1213 919 1298 954 Igitur
1320 919 1509 954 aequissimum
1526 926 1585 946 esse
1617 918 1692 946 arbi—

903 971 960 994 tror
981 970 1012 993 ut
1029 967 1063 994 iis
1084 974 1144 1001 quae
1162 966 1307 1001 inquinare
1331 965 1420 993 solent
1439 966 1553 1000 mqualia
1571 973 1603 992 ac
1617 964 1694 1000 paria

901 1012 1062 1044 succedant,
1079 1020 1138 1047 quae
1151 1011 1327 1047 abstergendi
1342 1011 1416 1038 vires
1430 1011 1559 1039 habeant.

939 1058 1038 1086 PALL.
1054 1058 1138 1085 Recte
1153 1058 1233 1085 dicis.

938 1103 1015 1131 GYR.
1033 1103 1068 1131 Ut
1081 1103 1164 1139 igitur
1177 1103 1278 1139 duplex
1287 1108 1329 1131 est
1341 1104 1457 1136 macula,
1468 1103 1550 1130 animi
1560 1107 1588 1130 et
1598 1111 1695 1138 corpo-

904 1149 951 1180 ris,
961 1149 1000 1176 sic
1008 1148 1072 1176 item
1081 1149 1269 1184 purgationem
1279 1150 1329 1184 21
1339 1149 1417 1176 aliam
1431 1149 1538 1181 animm,
1548 1149 1628 1176 aliam
1636 1156 1696 1176 cor-

904 1194 978 1229 poris
987 1201 1057 1227 esse,
1070 1194 1360 1221 convenientissimum
1376 1199 1429 1222 est.
1439 1194 1574 1222 Cmterum
1589 1195 1641 1221 hoc
1652 1195 1694 1230 ip-

905 1248 976 1273 sum,
990 1248 1088 1276 nempe
1099 1246 1260 1276 praesentem
1272 1241 1356 1269 vitam
1379 1241 1527 1269 incolatum
1543 1247 1648 1277 putare,
1663 1242 1696 1269 iis

905 1287 952 1321 qui
964 1286 1001 1313 ita
1011 1293 1077 1314 sunt
1090 1286 1191 1319 aﬂ'ccti,
1206 1295 1260 1313 non
1277 1295 1337 1314 esse
1350 1288 1457 1320 inutile,
1469 1288 1599 1322 perfacile
1608 1287 1695 1315 videri

906 1336 1005 1367 potest,
1018 1333 1040 1359 si
1052 1333 1097 1359 cui
1116 1332 1251 1367 placuerit
1269 1332 1296 1359 in
1310 1332 1448 1360 Abraham
1466 1334 1525 1369 ejus
1542 1333 1580 1361 rei
1599 1333 1696 1368 imagi-

906 1384 970 1403 nem
988 1376 1098 1409 intueri,
1119 1377 1162 1404 cui
1177 1377 1279 1404 dictum
1296 1385 1310 1404 a
1325 1378 1381 1404 Deo
1399 1382 1460 1405 est:
1483 1387 1490 1404 ι
1507 1378 1556 1405 Exi
1572 1378 1605 1405 de
1626 1382 1699 1407 terra

908 1427 963 1455 tua,
976 1423 1051 1451 etde
1072 1424 1234 1459 cognatione
1257 1431 1313 1458 tua,
1336 1429 1364 1452 et
1392 1424 1426 1452 de
1447 1425 1528 1452 domo
1543 1425 1628 1461 patris
1646 1426 1696 1459 tui;

907 1474 934 1496 et
946 1469 1009 1496 veni
1033 1463 1188 1504 inlrterram
1208 1478 1290 1506 quam
1308 1475 1496 1498 monstravcro
1515 1471 1583 1503 tibi,
1602 1475 1629 1499 ct
1657 1471 1697 1499 fa-

886 1540 892 1549 ,
910 1515 980 1542 ciam
999 1520 1024 1543 te
1040 1516 1067 1543 in
1087 1520 1196 1552 gentem
1214 1524 1351 1552 magnam,
1372 1521 1400 1544 et
1416 1517 1577 1544 benedicam
1592 1517 1652 1550 tibi,
1670 1522 1699 1545 et

911 1561 1091 1596 magniﬁcabo
1119 1569 1220 1589 nomen
1235 1566 1323 1595 tuum,
1342 1567 1370 1590 et
1390 1563 1445 1592 eris
1470 1563 1649 1596 benedictus;
1671 1568 1700 1592 et

911 1605 1071 1633 benedicam
1084 1606 1314 1635 benedicentibus
1337 1607 1405 1640 tibi,
1424 1611 1453 1635 et
1471 1608 1700 1636 malcdicentibus

913 1651 962 1678 tibi
981 1652 1162 1685 maledicam;
1180 1656 1208 1680 et
1225 1652 1435 1680 benedicentur.
1452 1653 1479 1679 in
1501 1657 1527 1680 te
1543 1661 1638 1681 omnes
1653 1653 1701 1681 tri-

911 1697 1050 1724 busterrze
1059 1698 1092 1724 ⁵⁵.
1113 1708 1122 1723 ›
1137 1698 1270 1733 lntelligis
1285 1698 1368 1733 igitur
1387 1698 1460 1733 quod
1477 1706 1531 1725 non
1542 1707 1576 1726 ex
1587 1703 1659 1726 terra
1673 1703 1701 1726 et

911 1742 992 1770 domo
1006 1743 1105 1775 solum,
1121 1743 1169 1770 sed
1182 1743 1266 1770 etiam
1280 1752 1314 1770 ex
1328 1744 1499 1778 cognatione,
1518 1748 1599 1779 atque
1630 1743 1699 1771 adeo

911 1797 944 1816 ex
966 1788 1047 1816 domo
1067 1789 1153 1824 patris
1185 1789 1329 1817 discedere
1360 1790 1460 1825 jussit,
1492 1793 1520 1816 et
1549 1790 1642 1818 venire
1672 1790 1700 1818 in

913 1840 1012 1863 terram
1027 1843 1107 1870 quam
1124 1835 1191 1870 ipse,
1211 1836 1257 1870 qui
1273 1836 1400 1867 vocabat,
1413 1835 1589 1864 ostenderet'l

947 1881 1045 1908 PALL.
1063 1881 1115 1908 Sed
1131 1881 1262 1916 quidnam
1278 1881 1332 1908 hoc
1348 1881 1400 1908 sibi
1415 1881 1490 1908 vult?

947 1927 1025 1956 CYR.
1039 1927 1080 1955 An
1091 1935 1168 1960 vero,
1187 1934 1251 1954 cum
1268 1927 1342 1954 Deus
1359 1935 1410 1954 nos
1429 1927 1462 1954 ad
1482 1927 1653 1962 sequendum
1671 1935 1699 1955 se

912 1977 1002 2006 vocet,
1027 1973 1100 2000 haud
1122 1972 1237 2000 dubium
1266 1973 1333 2007 quin
1358 1972 1540 2007 spiritualiter
1554 1993 1561 2005 ,
1584 1981 1701 2008 cumque

912 2026 960 2046 eos
976 2025 1045 2053 quos
1060 2018 1099 2044 illi
1116 2018 1251 2045 honorare
1261 2017 1406 2052 placuerit,
1432 2025 1465 2045 ex
1480 2017 1617 2044 mundana
1633 2018 1699 2050 vita,

914 2064 1092 2099 voluptuosa,
1119 2063 1246 2098 inquam,
1267 2067 1296 2090 et
1320 2063 1411 2090 carnis
1431 2063 1577 2090 desideriis
1598 2063 1700 2095 dedita,

914 2110 990 2138 exire
1008 2111 1086 2143 velit,
1101 2110 1194 2146 negari
1210 2113 1301 2145 potest
1315 2109 1381 2144 quin
1396 2113 1489 2144 aperte
1510 2109 1701 2137 stultissimum

915 2157 950 2185 sit
965 2156 1106 2192 quidpiam
1120 2160 1217 2191 putare
1233 2155 1298 2182 huic
1318 2159 1400 2182 tantm
1422 2154 1462 2182 rei
1477 2163 1537 2182 esse
1556 2155 1703 2190 prmferen—

92 2200 140 2234 τρίς
156 2210 184 2228 τε
197 2202 243 2229 καὶ
259 2202 352 2236 γένος,
373 2203 422 2229 καὶ
443 2200 516 2234 οἶκος
540 2202 653 2237 πατρὸς,
669 2203 715 2229 καὶ
731 2202 785 2230 τῶν
804 2202 857 2228 ἐπι·

916 2202 1002 2230 dum?
1016 2202 1073 2229 lmo
1087 2209 1151 2229 vero
1166 2209 1215 2236 pro
1234 2200 1321 2233 nihilo
1336 2200 1470 2227 habeatur
1486 2200 1587 2235 patria,
1606 2207 1701 2235 genus,

93 2246 161 2279 γείων
175 2248 190 2283 ἠ
209 2249 319 2283 κτῆσις.
334 2248 478 2283 Τοιγάρτοι
497 2249 545 2275 καὶ
566 2248 645 2279 αὐτὸς
659 2249 674 2274 ὁ
688 2249 783 2284 Σωτὴρ
797 2249 866 2283 πρὸς

93 2291 132 2327 τὴν
153 2292 209 2328 ἴσην
228 2295 305 2330 ἡμᾶς
321 2294 447 2329 ἀνδρείαν
465 2294 566 2326 ἐκάλει,
585 2294 680 2328 λέγων’
704 2303 713 2320 ι
737 2294 766 2320 ὐ
782 2294 867 2328 φιλῶν

94 2338 186 2373 πατέρα
199 2340 215 2374 ἢ
227 2340 336 2374 μητέρα
352 2339 422 2374 ὑπὲρ
436 2339 497 2374 ἐμὲ,
512 2340 563 2366 οὐκ
578 2339 636 2366 ἔστι
654 2348 705 2375 μου
721 2339 804 2372 ἄξιος,
820 2341 868 2366 καὶ

94 2382 190 2416 ὸφιλῶν
215 2385 276 2411 υἱὸν
296 2383 313 2419 ἢ
336 2383 472 2418 θυγατέρα
495 2384 565 2420 ὑπὲρ
591 2385 653 2419 ἐμὲ,
670 2385 720 2412 οὐκ
743 2384 800 2412 ἐστι
818 2394 868 2421 μου

94 2428 171 2460 ἄξιος·
187 2430 233 2457 καὶ
250 2430 283 2461 ὃς
303 2430 333 2456 οὐ
352 2429 484 2464 λαμὸἀνει
504 2430 549 2456 τὸν
569 2430 685 2465 σταυρὸν
707 2431 797 2464 αὑτοῦ,
822 2431 870 2458 καὶ

95 2474 220 2502 ἀκολουθεί
235 2475 327 2502 ὀπίσω
349 2484 411 2511 μου,
427 2476 477 2502 οὐκ
502 2475 559 2502 ἐστι
576 2485 626 2511 μου
644 2475 728 2508 ἄξιος.
751 2485 760 2502 ι
779 2476 865 2511 Προσ-

97 2519 166 2547 ετίθει
179 2520 221 2547 δὲ·
241 2531 250 2547 ι
270 2521 327 2548 Καὶ
338 2522 391 2553 πᾶς
410 2522 483 2553 ὅστις
495 2522 600 2557 ἀφῆκεν
612 2520 752 2555 ἀδελφοὺς,
767 2521 783 2556 ἢ
795 2521 870 2554 ἁδελ-

97 2564 150 2598 ῳὰς,
164 2567 180 2602 ἢ
196 2568 314 2603 πατέρα,
339 2567 357 2603 ἢ
380 2567 496 2603 μητέρα,
517 2567 534 2602 ἢ
559 2568 686 2601 γυναῖκα,
703 2565 720 2601 ἢ
737 2566 830 2599 τέκνα,
852 2566 868 2601 ἢ

98 2610 194 2646 ἀγροὺς,
209 2612 226 2648 ἦ
239 2613 329 2645 οἰκίας
344 2612 425 2639 ἕνεκα
435 2612 482 2639 τοῦ
495 2611 627 2647 ὀνόματός
640 2620 702 2647 μου,
717 2611 868 2638 πολλαπλα-

99 2657 163 2684 σίονα
182 2658 307 2694 λήψεται,
326 2660 374 2686 καὶ
395 2658 465 2694 ζωὴν
491 2658 600 2685 αἰώνιον
627 2656 866 2694 κληρονομήσειξ»

102 2701 130 2728 Ἠ
142 2703 190 2739 γὰρ
202 2705 262 2740 οὐχ).
279 2707 330 2742 τῆς
344 2706 383 2736 είς
396 2705 478 2740 ἀκρον
491 2704 645 2735 εὐσθενείας
655 2705 706 2739 τῆς
721 2705 750 2731 ὲν
760 2703 870 2739 Χριστῷ

93 2750 221 2786 νωνμένης
241 2753 332 2787 ἔργον
346 2748 415 2778 εἶναι
435 2751 498 2786 φῂς,
515 2751 563 2786 τὴν
586 2750 656 2782 οὕτω
672 2750 802 2786 λαμπρὰν
823 2751 869 2777 καὶ

127 2842 168 2869 “'l
184 2843 261 2871 Patr.
286 2852 315 2877 ιι,
335 2842 380 2869 ll.
418 2842 440 2858 ⁸³
452 2841 524 2868 Psal.
543 2846 635 2873 cxvtu,‘
646 2839 691 2868 96.
730 2839 830 2868 "Gen.
845 2848 891 2873 ιιι,
907 2841 967 2868 1-5.

917 2248 1015 2276 domus
1024 2249 1122 2282 patris,
1137 2246 1196 2282 ipsa
1211 2244 1338 2279 denique,
1350 2249 1524 2272 terrenarum
1539 2252 1631 2271 rerum
1641 2252 1703 2279 pos-

916 2294 1012 2322 sessio.
1028 2293 1122 2328 Itaque
1137 2292 1221 2320 ctiam
1238 2291 1296 2326 ipse
1315 2290 1440 2318 Salvator
1459 2289 1494 2317 ad
1516 2289 1636 2317 similem
1651 2297 1702 2317 nos

917 2339 1001 2367 animi
1012 2338 1200 2366 fortitudinem
1211 2338 1335 2370 vocabat,
1354 2336 1466 2363 dicens:
1483 2345 1491 2360 ‹
1504 2335 1556 2368 Qui
1572 2339 1644 2362 amat
1655 2342 1705 2370 pa—

920 2390 988 2413 trem
1006 2390 1054 2412 aut
1063 2388 1179 2411 matrem
1190 2391 1273 2419 super
1289 2391 1342 2415 me,
1359 2390 1414 2409 non
1431 2385 1474 2408 est
1489 2389 1532 2408 me
1547 2381 1659 2416 dignus;
1676 2385 1703 2408 et

919 2432 966 2467 qui
981 2435 1054 2459 amat
1066 2431 1152 2458 [ilium
1169 2434 1216 2457 aut
1237 2429 1319 2457 ﬁliam
1340 2436 1423 2463 super
1440 2436 1495 2460 me,
1514 2435 1569 2454 non
1591 2431 1633 2455 est
1660 2435 1704 2454 me

918 2477 1031 2512 dignus;
1052 2480 1080 2503 et
1096 2475 1143 2510 qui
1160 2482 1214 2502 non
1229 2473 1330 2509 accipit
1341 2480 1452 2501 crucem
1467 2480 1555 2505 suam,
1569 2477 1597 2500 et
1611 2472 1702 2508 sequi—

918 2527 963 2549 tur
977 2530 1031 2554 me,
1048 2529 1103 2548 non
1120 2524 1162 2547 est
1177 2527 1221 2546 me
1244 2518 1342 2554 dignus
1353 2519 1385 2545 ".
1406 2529 1416 2544 ι
1437 2517 1544 2553 Adiecit
1567 2517 1649 2545 etiam
1674 2517 1706 2544 il-
1737 2532 1738 2537 η

919 2569 966 2596 Iud
982 2577 988 2594 :
1006 2578 1015 2593 ι
1026 2567 1061 2595 Et
1085 2566 1174 2594 omnis
1187 2565 1234 2601 qui
1249 2564 1386 2592 dimiserit
1404 2564 1513 2596 fratres,
1527 2567 1575 2590 aut
1587 2563 1705 2595 sorores,

919 2618 966 2642 aut
986 2617 1103 2649 patrem,
1122 2617 1169 2639 aut
1185 2615 1312 2644 matrem,
1330 2614 1377 2638 aut
1404 2618 1529 2642 uxorem,
1553 2613 1599 2637 aut
1624 2609 1706 2641 ﬁlios,

922 2665 969 2688 aut
982 2667 1070 2696 agros,
1086 2662 1133 2686 aut
1144 2658 1239 2685 domos
1247 2660 1360 2692 propter
1372 2663 1472 2683 nomen
1491 2663 1593 2687 meum,
1609 2657 1707 2683 centu-

922 2706 997 2741 plum
1021 2705 1155 2740 accipiet,
1176 2707 1204 2731 et
1228 2702 1310 2730 vitam
1335 2706 1464 2729 aeternam
1481 2700 1633 2736 possidebit
1642 2699 1676 2727 ”.
1694 2708 1704 2725 ι

922 2751 1011 2785 Quid?
1021 2751 1081 2779 Non
1092 2758 1204 2778 summa:
1218 2748 1398 2781 fortitudinis,
1412 2747 1495 2780 illius,
1506 2747 1626 2781 inquam,
1648 2753 1709 2782 qua;

1018 2842 1039 2858 ⁵⁷
1063 2842 1159 2870 Matth.
1183 2850 1210 2874 κ,
1230 2841 1275 2874 '57,
1288 2841 1332 2869 '58.
1371 2842 1394 2858 ⁸³
1410 2840 1504 2868 Matth.
1525 2846 1579 2872 xix,
1593 2837 1640 2867 29.
