1924 3043
234 141 286 171 107

743 140 771 168 S.
793 140 930 168 CYRILLI
936 139 1182 166 -ALEXANDlllNl
1204 140 1360 168 ARClllEP.

1808 140 1859 167 {68

233 200 262 226 in
274 197 382 226 Christo
395 202 446 229 est,
466 204 534 232 opus
547 204 605 224 esse
620 196 769 230 conﬁteris,
785 197 856 224 hanc
868 196 937 224 adeo
950 204 1011 232 pra:-

1071 197 1216 232 περὲοπτον
1234 197 1371 232 ἀνδρείαν,
1386 200 1403 233 ἢ
1419 200 1483 234 παρ’
1498 199 1573 226 οὐδὲν
1588 200 1696 235 ἡγεῖται
1713 199 1794 226 ταυτί
1800 208 1808 231 ;
1829 200 1861 226 τὸ

233 245 347 277 claram,
367 247 569 279 spectatamque
592 243 732 275 virtutem,
749 251 810 278 quae
820 243 900 270 nihili
919 243 1011 278 penda‘

1070 242 1098 268 δὲ
1110 243 1164 269 δεῖν
1178 242 1292 269 ἔπεσθαι
1306 243 1344 278 τῷ
1357 244 1466 280 Χριοτῷ
1482 246 1597 272 ποιεῖται
1614 246 1679 281 περὶ
1694 245 1805 273 πολλοῦ.

232 291 291 318 haec
310 289 398 317 omnia
411 298 417 321 ;
430 288 507 323 sequi
524 292 615 316 autem
628 288 780 321 Christum,
801 289 911 324 plurimi
921 289 1021 316 faciat?

267 334 364 362 PALL.
382 334 438 368 Ego
451 341 518 361 vero
534 333 632 366 fateor,
650 342 713 361 nam
729 339 758 362 et
771 335 805 362 ab
820 335 866 362 illa
887 340 1019 370 prmstan-

232 379 338 407 tissima
354 387 401 414 spe
412 399 419 412 ,
437 383 465 406 et
481 387 496 407 a
513 380 685 415 iucunditate
701 388 762 415 qua:
784 385 826 408 est
850 381 877 407 in
897 380 1018 412 Christo,

230 425 402 456 exciderunt.
419 424 466 460 qui
480 425 586 458 venire,
607 433 670 453 cum
684 425 718 453 ad
736 426 846 461 nuptias
859 430 952 453 essent
970 434 1018 453 vo-

231 469 295 501 cati,
312 474 474 497 renuerunt.
492 470 532 498 Ex
552 470 654 505 quibus
674 478 747 498 unus
762 471 831 498 dixit
848 480 855 498 :
876 481 885 497 ι
901 471 1018 499 Uxorem

229 513 306 544 duxi,
323 518 352 541 et
365 522 420 542 non
433 522 545 549 possum
567 515 663 542 venire
673 516 707 543 ι’.
722 525 732 541 ›
750 516 827 543 Alter
839 523 905 543 vero
923 522 1019 551 agrum

229 561 365 588 coemisse
382 569 444 588 cum
461 561 578 594 diceret,
593 561 691 590 divinae
701 562 838 590 vocationi
859 561 1020 597 temporalia

229 607 352 640 praetulit
363 607 385 623 "

264 651 342 679 CYR.
364 652 498 680 Praeclare
514 661 590 686 sane,
603 653 716 681 Palladi.
731 652 859 680 Oblectas
871 653 945 680 enim
958 661 1018 686 nos,

229 705 291 724 cum
302 698 410 725 veritati
420 703 602 726 consentanea
617 698 697 730 dicis,
710 703 738 726 et
748 698 912 734 22ingenii
923 699 1019 726 alacri-

229 747 284 769 tate
300 743 449 778 praecurris
461 744 494 770 ad
510 748 611 771 nostra:
623 744 755 771 orationis
769 743 851 771 ﬁnem
862 744 963 771 acriter
978 744 1019 771 in-

229 788 418 824 telligendum.
432 789 502 816 Vide
517 789 610 825 igitur,
627 790 661 816 iis
680 790 728 825 qui
743 791 849 825 integre
864 795 946 825 atque
958 797 1019 825 per-

228 834 299 862 fecte
322 835 408 862 Deum
431 839 596 870 sequuntur,
611 840 639 863 et
654 836 711 870 spei
734 844 816 871 quam
835 836 862 863 in
882 836 929 862 illo
951 843 1017 863 eon-

1105 332 1210 359 ΠΑΛΛ.
1224 332 1297 359 Πάνυ
1310 333 1359 368 μὲν
1367 331 1500 371 οὗνηὲπεί
1512 342 1553 360 τοι
1564 335 1611 361 καὶ
1625 335 1675 370 τῆς
1684 335 1800 370 ἀρίστης
1815 335 1862 361 ἑλ-

1071 377 1157 408 πίδος,
1171 378 1216 404 καὶ
1231 378 1281 413 τῆς
1295 379 1323 405 ὲν
1338 379 1446 415 Χριστῷ
1455 380 1587 416 Θυμηδίας
1603 381 1822 417 διωλισθὴκασιν.
1835 384 1861 409 οἱ

1071 422 1233 457 κεκλημένοι
1248 424 1296 458 μὲν
1313 426 1354 456 είς
1367 425 1430 457 τοὺς
1446 426 1562 461 γάμους,
1576 428 1814 463 καταρνησάμενοι
1831 428 1859 454 δὲ

1070 467 1118 502 τὴν
1131 469 1233 502 ἄφιξιν.
1257 467 1307 496 Ὧν
1331 472 1345 497 ὁ
1367 471 1415 506 μέν
1431 480 1472 503 τις
1487 472 1538 508 ἔφη
1550 481 1558 489 ⁸
1581 482 1590 499 ι
1613 474 1732 500 Γυναῖκα
1750 474 1858 509 ἔγημα,

1071 513 1118 539 καὶ
1130 515 1160 540 οὐ
1176 514 1291 550 δύναμαι
1307 516 1403 544 ἐλθεῖν.
1419 527 1428 543 ι
1451 518 1480 544 '0
1490 518 1528 545 ’δέ
1539 528 1581 551 τις
1594 519 1677 555 ἀγρὸν
1690 520 1860 555 ὲκπρίσσυαι

1070 557 1166 593 λέγων,
1182 561 1285 596 ἀμείνω
1297 562 1347 597 τῆς
1357 563 1480 598 κλήσεως
1491 565 1608 592 ἐποιεῖτο
1620 567 1653 593 τὰ
1669 567 1835 602 πρόσκαιρα.

1105 648 1186 675 ΚΥΡ.
1208 649 1289 685 Εὖγε,
1306 649 1328 678 ὦ
1340 653 1470 681 Παλλάὸιε
1482 663 1489 670 ⁸
1503 655 1657 691 εὐφραίνεις
1673 657 1726 693 γὰρ
1740 659 1814 692 ἡμᾶς
1825 658 1859 684 τὰ

1069 695 1161 740 εἰκότα
1175 695 1272 730 λέγων,
1288 699 1335 725 καὶ
1353 699 1383 731 ἐξ
1398 700 1545 735 εὐμαθείας
1565 704 1615 737 τῆς
1638 703 1708 736 ἄγαν
1734 713 1858 740 προανα-

1069 739 1200 775 ορὼσκων
1217 740 1246 770 εὖ
1262 743 1333 778 μάλα
1359 745 1426 780 πρὸς
1446 746 1477 772 τὸ
1494 747 1611 774 συνιέναι
1629 748 1737 784 Θερμῶς
1752 739 1799 776 cui
1814 749 1859 775 λό-

1069 793 1117 820 γου
1133 787 1164 812 τὸ
1181 788 1278 824 πέρας.
1296 791 1392 826 Ἀϐρει
1407 791 1438 826 δὴ
1453 791 1500 820 οὖν
1519 794 1559 820 ὅτι
1578 796 1633 826 τοῖς
1650 795 1802 831 ὁλοσχερῶς
1826 805 1857 822 τε

1070 831 1118 856 καὶ
1141 832 1295 868 ὸλοτρόπως
1311 835 1485 862 ἀκολουθοῦσι
1499 835 1568 873 Θεῷ,
1587 840 1633 865 καὶ
1649 841 1698 875 τῆς
1715 842 1756 871 εἰς
1774 841 1857 868 αὐτὸν

228 881 389 913 stituerunt,
405 889 450 909 res
474 882 597 909 carnales
615 889 647 908 ac
664 881 831 909 mundanam
847 882 1011 916 voluptatem

1068 877 1174 910 ἐλπίδος
1190 882 1384 917 πεποιημένοις
1404 884 1518 918 δεύτερα
1540 885 1574 912 τὰ
1599 885 1650 921 τῆς
1675 887 1789 921 σαρκὸς,
1809 888 1858 914 καὶ

227 926 400 962 posthabent,
417 927 576 963 contingere
595 928 707 955 omnino
728 932 757 955 ut
771 927 910 955 ccelestem
931 927 1016 955 bene-

227 973 376 1001 dictionem
393 974 502 1001 abunde
517 979 733 1010 consequantur.
756 974 827 1008 Quid
846 975 921 1001 enim
935 975 973 1001 ait
983 974 1016 1002 ad

227 1019 387 1046 Abraham?
412 1029 422 1044 ι
438 1020 472 1046 Et
486 1019 582 1047 faciam
603 1024 629 1047 te
646 1020 674 1047 in
695 1024 803 1055 gentem
826 1027 961 1054 magnam,
989 1023 1017 1046 et

227 1064 388 1092 benedicam
411 1070 437 1093 te
457 1066 499 1098 '°‘,
518 1075 527 1090 ι
557 1070 585 1093 et
601 1073 632 1092 ea
659 1073 720 1100 quae
743 1069 907 1100 sequuntur.
932 1065 1016 1093 Vides

227 1126 292 1153 ergo
316 1118 426 1153 quantis
448 1118 526 1145 illum
546 1118 738 1153 spiritualibus
754 1119 835 1146 bonis
848 1118 1016 1146 cumularit?

226 1163 284 1189 Jam
311 1171 376 1190 vero
404 1163 636 1198 quemadmodum
665 1163 780 1191 excedat
802 1171 818 1191 e
843 1163 928 1191 natali
957 1163 1016 1191 solo

226 1209 374 1241 Abraham,
387 1205 583 1244 nonne‘opera:
591 1209 712 1244 pretium
727 1210 781 1237 erit
796 1209 910 1237 videre?
934 1219 942 1235 ι
962 1209 1014 1237 Ac-

226 1255 299 1290 cepit
315 1255 399 1288 cnim,
413 1265 422 1281 ›
438 1255 537 1290 inquit,
558 1266 566 1282 ι
579 1256 688 1284 Sarram
700 1265 813 1284 uxorem
830 1265 918 1289 suam,
929 1257 1016 1285 ctLot

227 1300 312 1328 filium
326 1301 418 1328 fratris
438 1301 492 1333 sui,
509 1305 536 1328 et
567 1309 677 1329 omnem
693 1302 875 1329 substantiam
892 1302 1015 1337 ipsorum

226 1353 307 1381 quam
322 1346 512 1381 possederant,
535 1351 563 1373 et
583 1354 692 1374 omnem
713 1347 833 1374 animam
847 1355 929 1382 quam
950 1355 1014 1382 pos-

226 1391 354 1419 sederant
365 1391 393 1418 in
404 1391 539 1423 Charran,
551 1396 579 1419 et
593 1392 722 1419 exierunt
732 1396 762 1419 ut
778 1392 906 1419 venirent
920 1393 949 1419 in
960 1396 1015 1420 ter-

227 1444 285 1463 ram
299 1436 439 1469 Chanaan,
453 1441 482 1464 et
490 1437 668 1471 pertransivit
684 1442 786 1465 terram
804 1437 942 1465 Abraham
965 1445 1015 1472 per

225 1483 424 1518 longitudinem
454 1483 523 1518 ejus,
546 1491 632 1518 usque
662 1483 695 1510 ad
723 1483 813 1511 locum
843 1483 952 1511 Sichem
979 1483 1013 1511 ad

225 1536 358 1563 quercum
374 1528 519 1555 sublimem
531 1529 562 1555 ⁸¹.
582 1538 590 1553 ι
607 1528 730 1556 Excessit
743 1528 854 1563 quidem
872 1536 906 1555 ex
925 1528 1012 1555 Char-

226 1583 285 1606 ran,
299 1583 350 1602 nec
361 1575 429 1602 ullas
445 1575 483 1602 ibi
502 1583 595 1602 rerum
618 1583 729 1602 suarum
748 1575 878 1610 reliquias
891 1574 1011 1606 dimisit,

225 1621 272 1648 sed
298 1629 360 1648 cum
376 1629 476 1656 genere
495 1621 624 1649 universo
648 1620 859 1656 quodammodo,
873 1621 1013 1648 universa-

224 1676 279 1702 que
303 1667 415 1700 familia,
441 1675 547 1695 summa
571 1676 633 1695 cum
650 1667 790 1695 alacritate
818 1667 959 1694 contendit
984 1666 1013 1694 in

225 1716 325 1741 terram
333 1714 473 1746 Chanaan,
482 1722 563 1750 quam
572 1714 644 1741 Deus
655 1713 824 1741 ostenderat.
834 1713 937 1740 Deinde
948 1720 1010 1748 per-

224 1760 334 1787 transiit
350 1764 452 1787 terram
467 1768 516 1795 per
532 1759 730 1795 longitudinem
744 1759 813 1794 ejus,
825 1764 853 1786 ct
870 1759 897 1785 in
912 1763 1012 1786 terram

222 1805 347 1839 pervenit
361 1805 517 1833 sublimem.
530 1804 660 1840 Quisquis
673 1805 748 1832 enim
767 1805 923 1832 decreverit
939 1803 1010 1831 divi-

223 1852 264 1879 nis
283 1852 398 1887 obsequi
422 1852 585 1887 praeceptis,
609 1860 641 1879 ac
662 1859 809 1887 supernam
838 1851 1010 1878 vocationem

221 1888 358 1932 praecipua
378 1905 444 1924 cura
458 1896 647 1932 excipiendam
663 1896 776 1932 putarit,
793 1901 873 1924 exeat
892 1896 915 1923 is
932 1904 947 1923 e
960 1903 1010 1922 vo-

221 1941 351 1977 luptuosa
365 1942 432 1975 vita,
453 1946 525 1970 totus
538 1943 612 1969 omni
631 1950 664 1969 ex
677 1945 764 1977 parte.
787 1950 819 1969 ac
836 1942 922 1969 veluti
947 1950 1010 1968 cum

220 1996 321 2023 genere
338 1988 484 2021 universo;
498 1996 586 2023 neque
600 1989 683 2015 ullam
702 1988 801 2015 mentis
828 1996 884 2015 sua:
901 1993 1009 2023 partem

220 2034 258 2061 ibi
273 2033 420 2068 relinquat,
438 2033 485 2060 ubi
499 2039 579 2061 antea
594 2034 766 2061 versabatur.
790 2033 836 2061 Sic
856 2034 929 2061 enim
957 2034 1009 2061 rite

219 2077 419 2114 proﬁciscetur,
430 2082 585 2114 terramque
593 2079 781 2114 pertransibit,
796 2079 830 2106 ad
845 2087 927 2114 quam
939 2084 981 2107 est
993 2087 1008 2106 a

219 2120 275 2151 Deo
282 2128 405 2155 vocatus,
416 2129 456 2155 ut,
473 2124 704 2158 quemadmodum
717 2124 817 2152 scribit
826 2124 923 2151 beatus
935 2125 1007 2152 Pau-

218 2169 272 2200 !us,
303 2168 388 2202 possit
413 2168 647 2202 comprehendere
663 2177 726 2196 cum
751 2169 880 2196 omnibus
908 2170 1008 2196 sanctis

218 2221 279 2248 qum
290 2214 326 2241 sit
343 2213 467 2246 latitudo,
483 2213 672 2249 etlongitudo,
686 2219 714 2241 et
725 2214 891 2247 sublimitas,
904 2218 932 2242 et
942 2223 1007 2250 pro—

218 2259 333 2287 fundum
357 2260 480 2295 mysterii
504 2260 607 2288 Christi
628 2261 660 2287 ⁶¹.
689 2261 767 2288 Tunc
795 2261 869 2288 enim
904 2263 1006 2296 optime

217 2307 252 2334 ad
269 2310 369 2335 terram
385 2306 530 2334 sublimem
547 2306 686 2339 ascendet,
704 2307 729 2334 id
738 2311 789 2339 est,
808 2307 841 2334 ad
858 2307 942 2334 animi
956 2307 1005 2334 ba-

217 2352 315 2384 bitum,
326 2352 374 2387 qui
386 2353 414 2379 in
422 2353 563 2388 superiore
572 2353 704 2380 virtutum
712 2353 772 2380 loco
789 2353 858 2380 situs
866 2358 919 2385 est,
932 2354 1006 2382 nulla

216 2405 250 2426 ex
262 2403 340 2432 parte
359 2398 393 2426 ad
406 2399 496 2426 carnis
511 2399 665 2434 voluptates
677 2400 815 2434 projectus
838 2405 919 2434 atque
941 2407 1006 2434 pro-

216 2444 303 2472 clivis.
322 2444 347 2472 ls
362 2448 454 2472 autem
469 2445 517 2480 qui
532 2453 566 2472 eo
583 2445 740 2481 pervenerit
760 2445 827 2480 quid
852 2445 916 2472 boni
932 2452 1006 2471 asse—

214 2493 324 2525 quatur,
341 2497 374 2516 ex
385 2489 451 2524 ipsis
466 2490 550 2517 sacris
559 2490 669 2517 Litteris
684 2490 877 2525 intelligemus.
891 2499 899 2514 ι
914 2489 1005 2524 Appa—

214 2535 270 2562 ruit
285 2535 369 2567 enim,
385 2545 393 2560 1
418 2535 517 2570 inquit,
544 2545 552 2562 ‹
572 2536 704 2563 Dominus
718 2536 866 2567 Abraham,
888 2540 916 2563 et
936 2535 1005 2562 dixit

214 2580 258 2608 ei:
275 2580 378 2608 Semini
388 2585 434 2608 tuo
450 2581 521 2608 dabo
542 2586 641 2609 terram
657 2581 738 2609 hanc.
750 2582 784 2609 Et
794 2581 942 2609 aedificavit
965 2581 1003 2608 ibi

214 2625 351 2654 Abraham
379 2627 464 2655 altare
491 2628 606 2655 Domino
636 2628 684 2662 qui
708 2632 873 2662 apparuerat
897 2627 966 2654 ei“.
991 2636 1000 2652 ›

213 2671 282 2699 Nam
299 2679 361 2700 cum
373 2673 465 2701 adhuc
480 2673 508 2700 in
520 2673 608 2708 patria
623 2677 858 2705 commoraretur,
880 2673 1000 2700 necdum

212 2717 246 2744 ad
263 2723 383 2746 sanctam
410 2724 510 2746 terram
533 2727 593 2747 sese
617 2719 798 2752 contulisset,
815 2719 905 2746 solum
931 2718 1001 2746 illud

213 2770 373 2798 responsum
387 2765 507 2807 accepit,
522 2773 577 2800 quo
594 2765 622 2792 in
645 2765 726 2792 aliam
744 2765 894 2800 regionem,
924 2764 998 2790 omni

247 2818 269 2834 "
290 2818 355 2850 Luc.
383 2830 434 2854 xxv,
457 2821 501 2848 20.
559 2823 581 2838 ’⁸
605 2821 686 2852 ibid..
703 2822 745 2849 l8.

212 2861 259 2887 xu,
283 2854 308 2881 7.

801 2822 833 2838 ”'
847 2821 927 2862 Gela.~
936 2830 982 2859 xu,
1008 2821 1035 2848 2.

1071 924 1225 960 φιληδονίαν
1241 929 1386 964 κοσμικὴν,
1403 930 1496 965 ἕψεται
1511 931 1542 967 δὴ
1556 932 1673 965 πάντως,
1687 933 1718 959 τὸ
1731 934 1857 968 εὐλογίας

1068 972 1118 1006 τῆς
1133 971 1236 999 ἀνωθεν
1251 974 1386 1007 πλουσίως
1401 977 1573 1013 μεταλαχεϊν.
1590 979 1622 1005 Τί
1635 979 1689 1014 γὰρ
1702 979 1776 1014 λέγει
1788 981 1857 1016 πρὸς

1076 1016 1216 1053 ’Δὸραάμ;
1239 1029 1249 1044 ε
1270 1020 1324 1047 Καὶ
1339 1022 1442 1057 ποιήσω
1460 1031 1488 1049 σε
1502 1024 1541 1055 εἰς
1559 1024 1633 1056 ἔθνος
1653 1026 1734 1060 μέγα,
1751 1027 1796 1052 καὶ
1810 1027 1857 1052 εὐ-

1068 1061 1176 1098 λογήσω
1198 1072 1238 1097 σε,
1256 1074 1265 1090 ι
1282 1065 1329 1092 καὶ
1343 1066 1377 1093 τὰ
1400 1067 1504 1099 τούτοις
1519 1069 1689 1104 συνημμένα.
1713 1070 1795 1106 Ὁρᾷς
1809 1069 1857 1098 οὖν

1067 1108 1134 1144 ὅσην
1143 1110 1216 1146 αὐτῷ
1227 1111 1332 1148 πληθὺν
1340 1113 1511 1148 ὲπεσώρευσε
1521 1116 1714 1150 πνευματικῶν
1725 1117 1837 1151 ἀγαθῶν
1847 1127 1855 1150 ;

1068 1155 1135 1182 Τίνα
1142 1156 1169 1182 δὲ
1179 1156 1278 1191 τρόπον
1287 1158 1398 1193 ἀπαίρει
1409 1159 1458 1193 τῆς
1467 1160 1631 1197 ἐνεγκούσης
1644 1162 1781 1198 Ἀϐραὰμ,
1796 1163 1857 1195 πῶς

1066 1202 1118 1228 οὐκ
1139 1202 1213 1236 ἄξιον
1229 1204 1307 1238 ίδεῖν;
1337 1214 1346 1230 ι
1373 1204 1471 1232 Ἐλαϐε
1490 1206 1554 1242 γὰρ,
1578 1218 1588 1234 ι
1612 1208 1689 1243 φησι,
1717 1218 1726 1235 ι
1745 1210 1856 1245 Σάρραν

1067 1247 1116 1281 τὴν
1136 1250 1251 1281 γυναῖκα
1266 1250 1359 1282 αὐτοῦ,
1375 1252 1422 1278 καὶ
1438 1252 1484 1278 τὸν
1499 1252 1560 1279 Λὼτ
1578 1253 1624 1280 τόν
1642 1255 1699 1281 υἱὸν
1715 1255 1763 1282 τοῦ
1779 1256 1857 1282 ἀδελ-

1067 1293 1118 1327 φοῦ
1145 1295 1237 1328 αὐτοῦ,
1260 1297 1307 1323 καὶ
1331 1297 1419 1324 πάντα
1438 1299 1472 1325 τὰ
1501 1299 1656 1335 ὑπάρχοντα
1676 1301 1777 1335 αὐτῶν,
1805 1303 1855 1329 ὅσα

1067 1340 1234 1377 ἐκτήσαντο,
1260 1343 1306 1368 καὶ
1336 1344 1426 1370 πᾶσαν
1463 1345 1562 1381 ψυχὴν,
1588 1346 1622 1381 ἣν
1649 1347 1798 1383 ἐκτήσαντο
1825 1349 1854 1375 ἐν

1067 1384 1187 1421 Χαρράν.
1206 1387 1259 1413 Καὶ
1278 1387 1390 1423 ἐξῆλθον
1410 1391 1576 1426 πορευθῆναι
1603 1393 1643 1424 είς
1659 1392 1713 1428 γῆν
1732 1392 1852 1425 Χαναὰν,

1067 1429 1112 1456 καὶ
1127 1430 1270 1458 διώδευσεν
1291 1433 1417 1469 Ἀϐραὰμ
1428 1434 1476 1469 τὴν
1493 1435 1544 1470 γῆν
1560 1437 1600 1468 είς
1611 1437 1642 1463 τὸ
1658 1437 1745 1472 μῆκος
1758 1439 1853 1474 αὐτῆς,

1067 1475 1119 1506 ἕως
1138 1476 1185 1503 τοῦ
1202 1477 1285 1504 τόπου
1303 1479 1404 1514 Συχὲμ,
1421 1481 1467 1507 ἐπὶ
1485 1481 1534 1517 τὴν
1553 1482 1617 1517 δρῦν
1636 1483 1684 1519 τὴν
1701 1484 1818 1520 ὑψηλήν.
1842 1496 1851 1511 ι

1072 1521 1212 1558 Ἐξεχώρει
1227 1524 1275 1558 μὲν
1288 1524 1342 1560 γὰρ
1354 1526 1386 1552 ἐκ
1397 1527 1520 1562 Χαρρὰν,
1532 1529 1608 1554 οὐδὲν
1619 1529 1715 1556 ἑαυτοῦ
1726 1530 1855 1565 λείψανον

1065 1568 1155 1614 deici;
1169 1569 1197 1596 ἐν
1209 1570 1288 1606 αὐτῇ,
1299 1573 1430 1606 παγγενεὶ
1443 1573 1471 1600 δὲ
1483 1573 1577 1610 ὥσπερ
1592 1577 1638 1602 καὶ
1654 1578 1774 1611 πανοικὶ,
1787 1587 1854 1614 προ-

1065 1611 1203 1658 θυμότατα
1231 1616 1405 1651 μετατρέχων
1424 1619 1463 1649 είς
1487 1618 1539 1653 γῆν
1559 1620 1687 1656 Χαναὰμ,
1708 1623 1740 1658 ἢν
1770 1611 1854 1655 ἔδειξε

1063 1658 1138 1689 Θεός.
1160 1657 1226 1686 Εἶτα
1246 1660 1324 1687 δίεισι
1343 1663 1393 1698 τὴν
1415 1663 1467 1698 γῆν
1482 1665 1521 1696 είς
1539 1666 1569 1691 τὸ
1582 1666 1669 1701 μῆκος
1689 1669 1788 1704 αὐτῆς,
1807 1671 1854 1697 καὶ

1063 1704 1102 1735 εἰς
1112 1705 1162 1739 γῆν
1175 1705 1284 1750 ἔρχεται
1301 1708 1350 1742 τὴν
1370 1709 1486 1745 ὑψηλήν.
1503 1711 1532 1737 '0
1541 1711 1594 1746 γάρ
1608 1720 1647 1738 τοι
1655 1712 1853 1750 βεϐουλημένος

1062 1750 1118 1781 τοῖς
1135 1750 1216 1782 θείοις
1234 1749 1264 1777 εὖ
1290 1752 1363 1787 μάλα
1378 1755 1586 1783 κατακολουθεῖν
1608 1749 1787 1794 θεσπίσμασι,
1805 1762 1852 1787 καὶ

1063 1796 1201 1841 φροντίδος
1226 1797 1276 1831 τῆς
1293 1798 1407 1833 ἀρίστης
1431 1800 1522 1833 ἀξιοῦν
1541 1803 1590 1838 τὴν
1613 1803 1717 1831 ἄνωθεν
1744 1806 1851 1841 κλῆσιν,

1061 1838 1142 1870 ἐξίτω
1157 1839 1229 1875 ζωῆς
1249 1841 1297 1876 τῆς
1321 1842 1350 1868 ὲν
1367 1843 1473 1878 ἡδοναῖς
1496 1849 1642 1881 κοσμικαῖς
1663 1849 1723 1881 ὅλος
1750 1838 1850 1882 διόλουέ

1062 1884 1109 1910 καὶ
1126 1886 1206 1911 οἱονεὶ
1223 1889 1363 1922 παγγενεὶ,
1385 1889 1460 1916 οὐδὲν
1481 1892 1530 1927 τῆς
1547 1893 1642 1920 ἑαυτοῦ
1658 1895 1779 1928 διανοίας
1795 1897 1850 1924 λεί-

1061 1929 1144 1977 ιῖιανον
1162 1931 1252 1965 ἀφεὶς,
1271 1933 1299 1958 ἐν
1315 1931 1354 1965 οἷς
1376 1933 1411 1970 ἦν
1435 1945 1509 1964 ποτε.
1533 1939 1657 1976 Ἀπαίρει
1682 1942 1736 1977 γὰρ
1765 1943 1850 1976 οὕτως

1061 1974 1160 2024 {pili-Dc,
1179 1977 1227 2003 καὶ
1246 1977 1375 2006 διοδεύσει
1395 1981 1444 2016 τὴν
1465 1982 1527 2018 γῆν,
1542 1974 1671 2020 κέκλῇται
1688 1974 1751 2022 Ἲγέιρ
1776 1974 1850 2024 παρα

1061 2021 1140 2072 Θεοῦῖ
1152 2023 1196 2072 ἵνα
1204 2023 1298 2072 ἄίσπερ
1308 2026 1322 2051 ὁ
1335 2028 1466 2063 μακάριος
1479 2030 1578 2065 γράφει
1592 2031 1707 2066 Παῦλος,
1719 2021 1850 2072 ἐξω-λύσῃ

1061 2067 1260 2097 καταλαὸέσθαι
1273 2072 1321 2098 σὺν
1334 2073 1400 2100 πᾶσι
1415 2076 1470 2106 τοῖς
1481 2076 1578 2109 ἁγίοις,
1594 2078 1621 2104 τί
1632 2079 1662 2105 τὸ
1676 2067 1850 2113 πλάτοςῑκαῖ

1062 2113 1158 2162 ιέῆκος,
1167 2115 1214 2141 καὶ
1221 2115 1297 2150 ὕψος,
1307 2118 1353 2144 καὶ
1360 2118 1440 2152 βάθος
1448 2120 1494 2146 τοῦ
1507 2123 1656 2158 μυστηρίου
1663 2125 1709 2151 τοῦ
1717 2127 1738 2152 Χ
1744 2129 1848 2162 ριστοῦ.

1060 2159 1132 2208 Πρὸς
1146 2162 1197 2196 γῆν
1213 2162 1267 2198 γὰρ
1280 2164 1340 2190 τότε
1356 2165 1406 2200 τὴν
1429 2165 1533 2202 ὑψηλὴν
1549 2168 1723 2205 ἀναφοιτήσει
1744 2159 1848 2208 καλῶς,

1059 2207 1131 2234 τοῦτ’
1152 2209 1220 2239 ἐστι,
1240 2210 1307 2245 πρὸς
1323 2210 1379 2242 ἕξιν
1397 2211 1447 2246 τὴν
1465 2213 1653 2251 ἀνῳκισμένην
1675 2218 1704 2243 ὲν
1724 2219 1848 2254 ἀρεταῖς,

1060 2254 1106 2301 καὶ
1121 2254 1268 2301 οὐδαμόθεν
1282 2256 1396 2292 ἔχουσαν
1415 2259 1454 2286 ἔτι
1469 2261 1499 2287 τὸ
1514 2264 1731 2298 κατερῤιμμένον
1746 2267 1788 2298 εἰς
1805 2276 1848 2301 φι-

1058 2298 1213 2334 λοσαρκίαν.
1238 2301 1407 2339 Ἀφικομένῳ
1421 2305 1449 2331 δὲ
1468 2306 1519 2341 ⁸ἤδη
1537 2308 1605 2342 πρὸς
1620 2309 1709 2340 τοῦτο.
1722 2311 1749 2337 τί
1765 2298 1848 2338 πάλιν

1057 2344 1134 2371 ἔσται
1157 2345 1210 2372 τῶν
1235 2347 1354 2381 ἀγαθῶν,
1379 2349 1408 2382 ἐξ
1433 2350 1521 2378 αὐτῶν
1540 2353 1667 2387 εἰσόμεθα
1690 2355 1744 2381 τῶν
1766 2357 1848 2391 ίερῶν

1059 2390 1241 2438 Γραμμὰτων.
1270 2402 1279 2418 ι
1305 2393 1393 2438 ξὨφθη
1420 2395 1483 2430 γὰρ,
1507 2405 1516 2421 ι
1549 2399 1625 2432 φησὶ,
1648 2407 1657 2424 ι
1678 2390 1847 2438 Κύριοςντῷ

1063 2437 1197 2473 Ἀϐραὰμ,
1220 2440 1267 2466 καὶ
1290 2437 1365 2466 εἶπεν
1384 2441 1474 2476 αὐτῷ·
1490 2442 1534 2477 Τῷ
1547 2445 1684 2480 σπέρματί
1704 2455 1750 2472 σου
1767 2448 1847 2475 δώσω

1128 2484 1180 2519 γῆν
1204 2485 1316 2521 ταύτην.
1347 2486 1402 2513 Καὶ
1427 2487 1601 2523 ᾠκοδόμησεν
1633 2490 1761 2527 Ἀϐραὰμ
1789 2495 1848 2520 ἐκεῖ

1056 2530 1247 2567 θυσιαστήριον
1259 2532 1297 2566 τῷ
1311 2532 1414 2567 Κυρίῳ,
1423 2533 1461 2569 τῷ
1472 2534 1580 2569 ὀφθέντι
1588 2536 1671 2572 αὐτῷ.
1690 2546 1699 2562 ι
1715 2538 1839 2573 Ἐμῳιλο»

1055 2576 1187 2612 χωροῦντι
1203 2577 1251 2612 μὲν
1265 2578 1320 2614 γὰρ
1334 2580 1373 2610 είς
1388 2580 1439 2614 γῆν
1457 2581 1584 2616 πατρίδος
1598 2583 1690 2616 αὐτοῦ,
1706 2585 1753 2610 καὶ
1768 2584 1844 2612 οὔπω

1055 2623 1123 2658 πρὸς
1141 2623 1190 2658 τὴν
1213 2623 1293 2657 ἁγίαν
1318 2627 1542 2660 μεταχωρήσαντι
1560 2628 1620 2663 γῆν,
1635 2629 1716 2663 μόνος
1738 2629 1844 2658 δέδοται

1054 2668 1178 2704 χρησμὸς
1192 2669 1239 2695 τοῦ
1259 2670 1450 2705 μεταχωρῆσαι
1462 2671 1516 2698 δεῖν
1531 2673 1569 2704 είς
1585 2673 1691 2708 ἑτέραν,
1705 2675 1758 2709 τῆς
1768 2676 1845 2709 ἐνεγ-

1055 2713 1155 2748 κούσης
1167 2714 1343 2750 ὴφειδηκότει.
1363 2715 1470 2751 Ἐπειδὴ
1483 2717 1512 2743 δὲ
1523 2715 1603 2752 ἦλθεν
1616 2719 1655 2750 εἰς
1665 2719 1718 2754 γῆν
1731 2719 1844 2747 Χαναὰν

1053 2759 1162 2787 πανοικί
1177 2769 1208 2786 τε
1229 2761 1276 2787 καὶ
1288 2763 1450 2792 -πανσκευεὶ,
1467 2764 1513 2790 καὶ
1532 2764 1599 2800 πρὸς
1616 2765 1665 2800 τὴν
1685 2766 1768 2793 ἁγίαν
1781 2767 1843 2793 ἀνέ-

1087 2818 1201 2857 “ibid,
1218 2819 1256 2852 ὕ,
1282 2819 1308 2846 6.
1365 2820 1388 2836 ⁶¹
1403 2821 1503 2856 Ephes.
1524 2830 1563 2855 Ill,
1589 2823 1632 2850 18.
1658 2820 1661 2823 ’
1691 2825 1714 2840 ⁸³
1739 2825 1840 2854 Cenes.
