1924 3043
54 196 93 224 109

410 192 453 219 DE
472 191 690 219 ADORATIONE
708 190 743 217 IN
764 189 897 217 SPlltlTU
918 189 962 217 ΕΤ
982 189 1164 217 VERlTATE.
1186 189 1249 217 LIB.
1270 189 1291 217 ἶ.

1610 189 1660 216 170

53 255 103 287 θορε
118 250 205 285 ﬁmi;
229 249 281 284 τῆς
305 249 430 281 (λεδ-τείας
453 250 556 276 δέδοται
581 250 671 285 χάρις,
701 249 748 276 καὶ
776 251 825 284 τῆς

895 256 943 275 ura
971 248 1051 283 patrii
1086 247 1138 282 23
1174 248 1225 274 soli
1263 247 1436 282 posthabita,
1465 247 1582 283 migrare
1616 248 1661 283 ju-

53 298 144 328 ἐλπίδος
161 296 191 322 τὸ
213 296 337 330 ἀσφαλὲς
354 296 382 322 ἐν
404 296 504 330 βεϐαίῳ
529 296 576 330 τῆς
597 295 761 330 ἐλευθερίας,
778 295 826 322 καὶ

53 345 78 372 τὸ
94 344 185 376 ἐξεῖναι
210 340 307 367 λοιπὸν
325 341 440 376 ἐγείρειν
464 341 665 376 θυσιαστήριον.
683 341 738 367 Καὶ
762 341 825 375 ἡμῖν

54 389 91 417 οὖν
104 390 162 423 ἄρα,
181 387 253 413 κατά
264 395 296 420 γε
317 387 348 414 τὸ
364 386 419 413 ἴσον
432 387 479 413 τοῦ
493 386 571 420 λόγου
586 387 686 421 σχῆμα,
707 387 827 421 προσμέ-

55 444 116 462 νουσι
132 435 178 469 μὲν
195 434 233 469 τῷ
249 433 346 469 κόσμῳ
357 434 404 459 καὶ
419 434 478 464 ταῖς
493 434 552 459 κατ’
565 433 645 460 αὐτὸν
662 433 828 468 βδελυρωτά-

55 490 102 512 ut;
113 480 224 516 ἡδοναῖς,
248 480 364 514 οὐδεμία
382 479 430 514 μὲν
452 478 528 504 ἔσται
556 477 631 513 παρὰ
654 477 721 504 Θεοῦ
737 478 826 513 χάρις’

55 526 214 562 κεκλημένοις
237 525 267 551 δὲ
294 526 342 552 καὶ
363 526 418 556 τοῖς
447 524 530 556 θείοις
554 523 697 550 ὑπείκουσι
723 523 828 558 νόμοις,

55 571 243 607 ὰναθρώσκουσι
260 570 317 596 τῶν
341 570 467 605 καθάπερ
485 570 525 601 εἰς
544 570 594 604 γῆν
610 569 713 604 ὑψηλὴν
727 569 775 604 τὴν
790 569 829 600 εἰς

56 619 99 645 πεῖν
116 617 200 644 ὁτιοῦν
221 616 278 642 τῶν
308 615 417 650 ἀγαθῶν
439 615 531 649 ἔφεσίν
556 624 585 642 τε
603 616 648 642 καὶ
665 615 828 650 προθυμίαν,

56 664 127 699 ἐνίησι
142 663 188 698 μὲν
200 662 250 697 τῆς
265 661 335 694 ἰδίας
351 661 429 696 δόξης
441 661 491 695 τὴν
506 660 608 694 γνῶσιν
620 662 635 687 ὁ
645 660 721 692 Θεὸς,
739 660 786 687 καὶ
800 660 831 686 τὸ

57 710 96 744 τῆς
109 709 210 740 ἐλπίδος
227 708 426 744 ἐρηρεισμένον
443 706 650 740 ἐπαγγέλλεται·
672 706 786 741 εὐσθενῆ
803 706 831 732 δὲ

57 755 114 782 οὕτω
130 754 171 781 τὸν
188 755 217 780 ὲν
237 755 308 789 ἡμῖν
329 751 514 788 ἀπεργάζεται
541 751 619 784 νοῦν,
643 751 681 783 ὡς
700 751 749 786 ἤδη
774 760 832 782 πως

59 800 149 835 ἰσχύσαι
166 799 263 830 θυσίας
274 799 423 834 προσάγειν
440 797 641 832 πνευματικὰς,
658 796 704 823 καὶ
721 796 831 822 εὐωδίαν

58 845 166 880 γενέσθαι
174 844 296 880 Χριστοῦ
308 843 347 879 τῷ
357 843 416 879 Θεῷ
427 844 474 870 καὶ
487 843 584 878 Πατρὶ,
595 843 664 869 κατὰ
675 842 704 868 τὸ
714 850 834 878 γεγραμ-

61 892 144 926 μένον·
161 891 337 926 παραστῆσαι
359 890 387 916 δὲ
404 890 451 915 καὶ
472 888 545 923 αὐτῷ
569 888 599 914 τὸ
621 888 711 923 σῶμα,
739 887 834 914 θυσίαν

878 295 1011 322 bcbatur:
1030 298 1124 328 postea
1135 301 1200 320 vero
1219 302 1300 328 quam
1331 302 1392 321 cum
1416 299 1471 321 tota
1495 295 1576 320 domo
1597 295 1661 320 uni-

877 348 1009 375 versaque
1032 339 1194 374 supellcctili
1214 339 1289 366 venit
1311 340 1339 367 in
1361 339 1508 372 Chanaan,
1525 344 1607 374 atque
1627 339 1661 366 ad

878 389 979 412 terram
1007 388 1128 412 sanctam
1149 384 1292 416 ascendit,
1318 389 1374 412 tum
1404 393 1470 412 vero
1494 386 1534 412 illi
1562 385 1662 412 divinze

878 430 991 458 visionis
1023 431 1109 465 gratia
1131 438 1263 458 concessa
1282 435 1335 462 est,
1365 431 1478 466 ejusque
1505 439 1567 467 spes
1585 431 1662 458 ﬁrma

878 475 1059 511 promissione
1082 475 1257 502 corroborata
1280 481 1335 508 est,
1356 476 1503 511 altarisquc
1518 481 1662 504 exstruen—

879 521 906 548 di
921 523 976 557 jam
1002 527 1126 557 potestas
1142 523 1226 550 facta.
1244 523 1279 550 At
1293 530 1344 550 nos
1364 523 1429 550 item
1450 523 1532 550 simili
1549 523 1663 555 ratione,

879 566 1000 600 quandiu
1021 566 1048 592 in
1075 567 1179 594 mundo
1208 574 1361 600 manemus,
1380 571 1408 594 ct
1425 567 1500 594 illius
1518 575 1662 594 exsecraris

880 611 922 637 dis
947 612 1133 646 voluptatibus
1155 613 1376 646 adhaerescimus,
1398 613 1473 640 nulla
1495 613 1666 648 permanebit

881 666 896 685 a
921 659 977 685 Deo
994 659 1096 694 gratia;
1123 659 1170 686 sed
1196 659 1218 686 si
1246 659 1335 686 vocati
1365 659 1467 686 divinis
1486 659 1595 693 legibus
1615 659 1665 686 ob-

880 705 1138 739 temperaverimus,
1153 708 1181 732 et
1196 705 1231 732 ad
1256 705 1379 731 omnium
1400 705 1536 731 bonorum
1563 704 1668 738 expeti-

883 752 985 779 tionem
1005 756 1087 786 atque
1102 751 1189 779 alacre
1203 751 1323 778 studium
1346 756 1474 786 tanquam
1490 750 1517 777 in
1533 751 1668 777 excelsam

884 801 983 824 terram
997 797 1257 829 conscenderimus,
1275 803 1333 825 tum
1352 805 1418 825 vero
1441 796 1522 824 nobis
1544 795 1668 822 immittit

883 844 956 870 Deus
969 843 1060 878 gloriae
1075 851 1130 870 sua:
1144 844 1339 879 cognitionem,
1354 847 1382 871 et
1407 843 1466 878 spei
1485 841 1670 870 conﬁrmatio—

885 896 948 916 nem
964 889 1127 924 pollicetur,
1153 893 1315 924 tantumquc
1336 889 1421 916 robur
1449 887 1592 915 mentibus
1621 895 1670 914 no-

59 937 135 969 ζῶσαν
149 936 194 962 καὶ
210 935 361 972 εὐάρεστον
384 934 423 970 τῷ
439 935 509 969 Θεῷ,
529 934 579 969 τὴν
601 934 712 969 λογικὴν
736 933 782 960 καὶ
807 934 836 960 ὲν

893 934 951 962 stris
960 934 1092 966 immittit,
1106 935 1199 970 utjam
1209 935 1345 969 possimus
1362 934 1464 961 hostias
1477 934 1577 961 oﬂerre
1591 933 1671 968 spirio

61 983 177 1017 πνεύματι
193 982 325 1016 λατρείαν
347 981 395 1016 τὴν
412 981 558 1007 ἀπόδεκτον
575 980 651 1015 παρὰ
663 979 732 1014 Θεῷ.
748 980 835 1015 Προσ-

63 1029 118 1055 iant
135 1028 186 1063 γὰρ
204 1028 332 1062 ἁσμένως
354 1027 404 1061 τῆς
427 1027 455 1053 ὲν
480 1025 615 1060 πνεύματι
632 1025 757 1061 λατρείας
771 1026 833 1058 τοὺς

62 1075 169 1108 τρόπους.
186 1073 233 1099 καὶ
247 1072 347 1099 θυσίαν
362 1072 469 1106 ἡγεῖται
479 1071 510 1097 τὸ
527 1072 620 1106 χρῆμα
635 1070 832 1105 πνευματικήν.

890 979 1018 1011 tuales“,
1034 984 1061 1006 et
1071 980 1173 1006 Christi
1190 980 1278 1007 bonus
1295 980 1362 1007 odor
1378 979 1436 1006 ﬁeri
1461 979 1517 1006 Deo
1540 982 1567 1005 et
1581 977 1670 1009 Patri,

888 1026 959 1053 sicut
975 1026 1106 1061 scriptum
1127 1026 1221 1058 est”;
1247 1026 1376 1053 exhibere
1399 1026 1481 1052 etiam
1499 1024 1549 1060 ipsi
1562 1032 1671 1059 quoque

889 1079 991 1106 corpus
1007 1072 1125 1098 hostiam
1151 1072 1303 1103 viventem,
1336 1072 1543 1106 placentemque
1572 1071 1627 1098 Deo
1638 1070 1671 1101 ⁵⁸,

63 1127 145 1154 nempe
171 1119 337 1146 rationalem
357 1118 436 1146 illum
467 1121 496 1145 et
521 1117 551 1144 in
573 1117 671 1152 spiritu
691 1117 812 1148 cultum,
831 1116 877 1152 qui
892 1118 948 1145 Deo
962 1119 1046 1145 estin
1065 1118 1160 1152 primis
1178 1122 1316 1153 acceptus.
1341 1118 1471 1145 Libenter
1501 1117 1575 1144 enim
1613 1124 1671 1143 am-

62 1165 174 1200 plectitur
187 1164 342 1200 spiritualis
361 1164 436 1191 illius
462 1163 587 1198 obsequii
614 1163 685 1190 ritus
697 1183 704 1195 ,
727 1167 811 1198 atque
835 1164 904 1190 illud
923 1164 1040 1191 hostiam
1053 1165 1222 1199 spiritualem
1238 1169 1326 1199 putat.

91 1222 183 1249 ΠΑΛΛ.
209 1221 432 1257 Μεθορμίζεσθαι
455 1221 487 1256 δὴ
514 1218 560 1247 οὖν
592 1221 638 1247 ἐπὶ
670 1220 704 1246 τὰ
732 1220 837 1256 ἀμείνω

64 1270 158 1304 πρέπει,
177 1269 230 1295 τῶν
247 1268 392 1303 αἰσχιόνων
416 1268 592 1303 ἀπαίροντας·
616 1268 663 1293 καὶ
679 1268 836 1303 προσίεσθαι

65 1316 105 1350 μὲν
119 1315 153 1346 ὡς
168 1315 263 1350 ἥδιστα
278 1314 329 1349 τὴν
349 1314 453 1341 ἄνωθεν
471 1314 577 1348 κλῆσιν,
600 1313 796 1349 ἐμφιλοχωρεῖν
808 1314 836 1340 δὲ

63 1361 97 1386 ὅτι
114 1359 224 1395 μάλιστα
242 1359 332 1393 φιλεῖν
352 1360 408 1390 τοῖς
423 1360 455 1385 ἐκ
475 1359 558 1394 νόμου
572 1358 774 1394 τετιμημένοις,
790 1359 838 1386 καὶ

64 1406 104 1440 τὴν
115 1405 223 1440 ἀρίστην
249 1405 350 1440 ψῆφον·
364 1404 475 1440 λαχοῦσι
499 1404 573 1440 παρά
596 1403 665 1440 Θεῷ.
692 1403 736 1436 Ὠς
752 1404 784 1431 τό
800 1413 841 1432 τοι

66 1451 142 1486 ζητεῖν
155 1452 248 1478 ἅνόπιν
264 1452 333 1478 ξέναι
346 1451 392 1478 καὶ
408 1451 558 1477 ἐπινοστεῖν
572 1450 617 1477 ὲπί
629 1459 656 1477 τι
671 1451 725 1477 τῶν
738 1451 840 1478 ἀδικεῖν

66 1495 192 1530 εἰωθότων,
206 1496 300 1527 αἰτίας
310 1496 360 1522 οὐκ
376 1495 575 1530 ἀπαλλάξομεν.

96 1554 168 1580 ΚΥΡ.
186 1553 224 1580 Οὐ
243 1553 296 1589 μὲν
308 1551 368 1585 οὖν,
381 1549 403 1580 ὦ
420 1553 521 1590 ἑταῖρε.
535 1553 712 1590 ῐῐαγχάλεπον
726 1553 775 1589 μὲν
788 1554 840 1590 γὰρ

924 1221 1022 1248 PALL.
1040 1221 1122 1249 Decet
1138 1222 1231 1256 igitur,
1250 1226 1280 1249 ut
1302 1229 1317 1248 a
1340 1222 1510 1256 turpioribus
1536 1221 1616 1248 factis
1632 1220 1673 1248 di-

889 1267 988 1302 gressi,
1006 1267 1040 1294 ad
1051 1268 1193 1300 meliorem
1211 1268 1294 1296 vitam
1313 1276 1363 1296 nos
1378 1269 1559 1300 conferamus,
1575 1276 1672 1303 super-

889 1320 1007 1347 namque
1025 1308 1197 1341 vocationem
1213 1314 1394 1341 libentissime
1417 1315 1630 1350 amplectamur,
1645 1315 1673 1341 in

891 1359 978 1393 iisque
993 1359 1076 1386 rebus
1090 1359 1208 1387 maxime
1221 1360 1323 1387 versari
1344 1360 1499 1395 cupiamus,
1512 1368 1574 1395 qua:
1585 1369 1600 1387 a
1615 1361 1674 1395 lege

889 1405 1052 1441 probantur,
1069 1410 1097 1433 et
1116 1414 1132 1434 a
1151 1406 1208 1434 Deo
1231 1407 1334 1441 optim
1358 1407 1526 1442 judicantur.
1547 1407 1616 1433 Nam
1633 1414 1674 1433 re-

891 1455 1009 1478 trorsum
1020 1451 1098 1478 abire
1112 1451 1192 1484 velle,
1205 1456 1233 1478 et
1247 1452 1283 1478 ad
1294 1459 1326 1479 ea
1341 1451 1454 1484 reverti,
1465 1452 1589 1487 aquibus
1602 1451 1675 1479 laedi-

890 1504 963 1529 mur,
979 1496 1007 1524 id
1022 1505 1085 1524 vero
1098 1497 1177 1532 culpa
1190 1498 1302 1525 minime
1314 1503 1403 1526 vacat.

925 1553 1002 1581 (ΠΒ.
1019 1554 1129 1582 Minime
1139 1563 1214 1586 vero,
1225 1555 1337 1582 Palladi.
1357 1555 1622 1583 Periculosissimum
1635 1560 1676 1582 cst

66 1599 91 1626 τὺ
104 1600 183 1626 νοσεῖν
202 1599 312 1626 ἑλέσθαι
331 1599 412 1625 πάλιν
430 1599 463 1626 τὰ
481 1596 520 1626 ὧν
535 1599 568 1626 ἂν
584 1599 714 1635 ὲξοίχοιτό
732 1608 787 1631 τι;’
803 1600 839 1632 ὼς

893 1600 965 1627 enim
989 1600 1017 1627 in
1045 1608 1093 1628 eos
1123 1601 1234 1628 morbos
1254 1601 1377 1628 recidere
1395 1602 1482 1633 velle,
1503 1609 1573 1636 quos
1592 1602 1675 1629 semel

67 1644 113 1677 τοῖς
133 1654 160 1680 γε
174 1645 247 1677 ἅπαξ
269 1645 449 1682 ὲξῃρημένοις
469 1645 582 1680 δυνάμει
610 1645 677 1671 Θεοῦ
703 1645 841 1677 πολιτείας

68 1693 195 1728 κοσμικῆς,
222 1692 357 1728 σφαλερὸν
380 1693 447 1727 ἄγαν
468 1693 499 1718 τὸ
525 1692 576 1719 κᾶν
603 1692 668 1726 γοῦν
694 1694 733 1724 εἰς
757 1692 842 1727 αὐτὴν

69 1738 203 1773 summa“
227 1738 318 1773 μόνον,
343 1737 390 1764 καλ¹
413 1737 494 1763 οἱονεὶ
522 1737 590 1771 πρὸς
606 1736 757 1771 ἀνάμνησιν
774 1735 842 1762 ἰέναι

70 1785 307 1820 πλημμελημάτων,
325 1784 425 1818 εῑςξτὴν
440 1784 482 1810 ἐπ’
496 1783 588 1814 αὐτοῖς
602 1783 740 1818 ἀγάπησιν
753 1782 843 1813 ἱέντας

70 1828 185 1858 τὸννοῦν.
206 1830 261 1856 Καὶ
288 1829 353 1864 γοῦν
378 1830 392 1855 ὁ
412 1829 553 1860 θεσπέσιος
570 1829 695 1864 Μελῳδὺς
720 1828 843 1863 ἐλιπάρει

70 1876 153 1910 λέγων·
177 1886 185 1902 ι
209 1875 393 1911 ’Λπόστρεψον
415 1876 478 1907 τοὺς
500 1875 655 1910 ὀρθαλμούς
677 1884 727 1910 μου
746 1874 793 1901 τοῦ
807 1875 843 1910 μὴ

73 1922 126 1948 ἰδεῖν
148 1922 324 1957 ματαιότητα.
346 1930 354 1946 ι
385 1921 541 1955 Ματαιότης
563 1921 618 1956 γὰρ
642 1920 680 1952 ὡς
697 1920 803 1956 ἀληθῶς
829 1921 843 1945 ὁ

73 1967 136 1994 τοῦδε
150 1967 194 1994 ’ιοῦ
209 1967 268 2003 βίου
283 1966 483 2002 περισπασμὸς,
503 1967 577 2002 καὶὴ
597 1966 650 1992 τῶν
670 1966 843 2001 προσκαίρων

74 2013 180 2044 διάκενος
200 2013 313 2049 τέρψις,
334 2009 373 2039 ὧν
398 2013 438 2039 ὅτι
467 2013 598 2048 προσήκει
621 2012 771 2039 διίστασθαι
798 2012 845 2038 καὶ

75 2059 217 2095 ἀπυροιτᾷν,
233 2058 425 2095 παραιτεῖσθαι
442 2057 470 2085 δὲ
485 2059 531 2085 καὶ
547 2058 630 2094 μόνην
644 2058 692 2094 τὴν
707 2057 744 2089 ὡς
759 2058 787 2084 ὲν
802 2057 846 2083 ὲν-

74 2105 146 2137 νοίαις
166 2106 212 2141 μὲν
230 2105 271 2132 ἔτι
297 2106 345 2132 σὺν
367 2105 445 2140 ἡδονῇ
458 2113 488 2131 τε
509 2103 678 2138 κατάσκεψιν
699 2103 745 2129 τόν
758 2111 789 2137 γε
810 2103 847 2134 ὡς

75 2149 166 2185 ἀληθῶς
184 2151 342 2186 ὀρθοποδεῖν
361 2150 508 2186 ᾑρημένον,
526 2150 660 2185 ἀναμάθοι
679 2158 721 2181 τις
736 2149 768 2176 ἂν
783 2150 848 2176 κάν-

75 2195 154 2222 τεῦθεν
166 2196 295 2228 εὐκόλως.

105 2240 198 2267 ΠΑΛΛ.
225 2242 273 2268 Ἐκ
289 2241 335 2268 τοῦ
353 2241 384 2277 δὴ
401 2242 473 2277 vis;

105 2297 179 2326 ΚΥΡ.
199 2299 229 2325 Οί
251 2298 307 2325 τῶν
327 2299 452 2334 Σοδόμων
472 2298 614 2334 οἰκήτορες
641 2299 680 2329 εἰς
701 2297 750 2329 τὰς
775 2296 848 2332 παρὰ

77 2343 145 2377 φύσιν
155 2344 251 2379 ἡδονὰς
262 2344 365 2380 ἀγρίως
376 2344 511 2380 ἐξοιστρού
517 2353 599 2380 μενοι,
615 2344 662 2370 καὶ
675 2343 851 2378 ἀτιμάζοντες

79 2387 120 2422 μὲν
131 2387 172 2415 τὸν
182 2389 290 2416 συνόδου
308 2389 400 2423 νόμον,
415 2388 444 2415 ὃν
456 2388 502 2415 ἐπὶ
516 2388 618 2415 παίδων
633 2388 725 2422 γοναῖς
741 2388 757 2422 ἡ
771 2386 852 2421 φύσις

77 2433 191 2469 ὡρίσατο,
214 2434 301 2470 ὥραις
316 2435 344 2461 δὲ
359 2435 419 2466 ταῖς
438 2433 562 2470 ἀρρένων
578 2432 780 2467 ὲπιθηγόμενοι,
805 2431 853 2457 καὶ

78 2481 157 2517 τίγὰρ
174 2482 232 2518 οὐχὶ
248 2482 302 2508 τῶν
317 2482 378 2508 λίαν
405 2482 600 2509 ὲκτοπωτάτων
624 2480 852 2515 διαπεραίνοντες,

80 2525 243 2561 κιτηρέθιζον
267 2528 307 2558 εἰς
322 2527 417 2562 ὀργὰς,
437 2528 483 2554 καὶ
503 2526 642 2558 οἱονείπως
665 2525 856 2556 κατεϐιάξοντο

81 2570 139 2604 πρὸς
151 2571 198 2607 τὴν
210 2572 252 2598 ἐπ’
266 2573 358 2603 αὐτοῖς
374 2572 442 2598 ἰέναι
458 2572 545 2606 δίκην,
560 2572 650 2598 καίτοι
667 2569 856 2605 φιλάνθρωπον

81 2616 135 2642 ὂντα
149 2617 191 2643 τὸν
211 2618 394 2654 Δημιουργόν.
417 2617 524 2652 Ἐπειδὴ
539 2618 567 2644 δὲ
582 2617 626 2643 τοῦ
644 2617 742 2652 χρῆναι
759 2615 855 2642 παθεῖν

47 2659 53 2699 ξ
83 2662 121 2687 ἐπὶ
139 2661 232 2697 θύραις
244 2662 277 2699 ἦν
293 2664 307 2690 ὸ
325 2663 430 2699 καιρδς,
452 2663 673 2698 δεδαπανημένης
693 2661 788 2698 ὥσπερ
806 2663 856 2697 τῆς

49 2738 52 2744 λ
83 2707 119 2732 ἐπ’
148 2708 236 2739 αὐτοῖς
253 2709 438 2742 ἀνεξικακίας,
461 2708 614 2735 εἰσέϐαλλον
634 2709 661 2734 ὲν
684 2708 811 2742 Σοδόμοις
831 2708 855 2733 οἰ

49 2751 54 2778 ἓ
84 2752 151 2778 τοῦτο
167 2753 365 2789 πληρώσοντες.
388 2754 545 2790 Γέγραπται
567 2753 594 2779 δὲ
607 2753 703 2785 οὕτως’
723 2763 732 2779 ι
757 2751 856 2780 Ἦλθον

84 2795 107 2822 δὲ
117 2797 159 2824 δύο
169 2798 276 2832 ἄγγελοι
293 2801 332 2831 είς
349 2799 451 2834 Σόδομα
467 2799 596 2835 ἑσπέρας.
613 2799 673 2826 Λὼτ
699 2799 726 2826 δὲ
741 2799 857 2833 ἐκάθητο

116 2898 267 2933 (διΡρῑλι,
331 2901 354 2917 ⁸⁸
373 2902 394 2928 il
412 2901 476 2930 Cor.
497 2911 525 2934 ιι,
544 2903 585 2930 15.

236 2947 371 2976 Parnm.
395 2947 450 2978 GR.
474 2948 593 2980 LXVIII

637 2903 658 2920 "‘
675 2903 754 2931 Rom.
770 2911 817 2936 xu,
840 2903 864 2931 i.

891 1646 1013 1673 evaseris
1027 1655 1033 1672 :
1048 1654 1111 1674 nam
1129 1646 1172 1679 iis,
1189 1647 1234 1681 qui
1256 1647 1341 1674 semel
1355 1646 1404 1673 Dei
1424 1654 1475 1682 ope
1487 1654 1520 1673 ex
1540 1647 1676 1673 mundana

891 1693 1096 1720 conversatione
1113 1693 1168 1725 sint
1188 1693 1287 1728 erepti,
1298 1693 1333 1720 ad
1353 1701 1413 1720 eam
1429 1693 1473 1720 vel
1487 1693 1623 1728 respicere
1635 1701 1670 1720 so-

891 1738 958 1769 lum,
975 1746 1006 1765 ac
1017 1738 1150 1765 memoria
1166 1742 1289 1773 repetere
1302 1742 1424 1772 peccata,
1443 1743 1523 1772 atque
1539 1738 1574 1765 ad
1586 1746 1617 1764 ea
1627 1738 1676 1765 ad-

893 1784 1008 1811 amanda
1027 1784 1149 1811 animum
1164 1784 1312 1819 appellere,
1331 1783 1442 1811 minime
1459 1788 1547 1810 tutum
1564 1784 1677 1811 cst.lta-

893 1838 946 1865 que
963 1830 1073 1857 divinus
1090 1830 1134 1857 ille
1147 1830 1289 1857 Psalmista
1308 1830 1403 1857 orabat
1420 1830 1513 1858 dicens
1529 1839 1535 1857 :
1553 1840 1562 1856 ‹
1580 1831 1678 1857 Avertc

894 1876 988 1903 oculos
1007 1884 1092 1907 meos,
1117 1884 1151 1903 ne
1178 1876 1289 1903 videant
1313 1876 1463 1903 vanitatem
1473 1877 1505 1903 ετ.
1526 1885 1534 1902 ι
1568 1876 1679 1904 Vanitas

894 1921 967 1949 enim
978 1929 1073 1948 revera
1087 1926 1128 1949 est
1141 1922 1224 1956 hujus
1238 1922 1300 1948 vita:
1318 1921 1470 1954 distractio,
1488 1927 1570 1957 atque
1586 1931 1678 1950 rerum

895 1966 1086 2001 temporalium
1110 1965 1199 1993 inanis
1223 1966 1379 1999 oblectatio,
1396 1975 1410 1994 a
1436 1967 1536 2002 quibus
1560 1967 1678 2004 disjungi

897 2016 977 2047 atque
985 2012 1111 2039 recedere
1124 2016 1259 2046 oportere,
1272 2019 1421 2047 carumque
1435 2020 1525 2040 rerum
1538 2014 1581 2041 vel
1595 2014 1679 2041 solata

897 2058 1069 2093 cogitationis
1089 2066 1151 2085 cum
1169 2058 1308 2092 voluptate
1332 2059 1504 2093 eonjunetam
1522 2060 1679 2087 considera-

897 2103 999 2130 tionem
1019 2104 1058 2135 ei,
1069 2103 1116 2138 qui
1132 2107 1205 2130 recte
1221 2103 1326 2138 ingredi
1343 2103 1427 2137 velit,
1446 2111 1505 2132 esse
1521 2105 1680 2137 cavendam,

898 2149 962 2176 hinc
979 2149 1057 2177 facile
1071 2150 1184 2186 intelligi
1195 2154 1292 2185 potest.

935 2241 1034 2268 PALL.
1046 2241 1200 2274 Undenam,
1222 2241 1334 2276 quaeso?

936 2298 990 2334 24
1000 2298 1077 2325 CYR.
1097 2298 1280 2325 Sodomorum
1302 2298 1480 2330 habitatores,
1502 2306 1563 2326 eum
1583 2299 1617 2326 ad
1637 2307 1682 2326 cas

899 2345 1062 2379 voluptates,
1079 2352 1138 2379 quae
1152 2348 1249 2379 praeter
1261 2348 1385 2371 naturam
1403 2348 1510 2375 essent.
1530 2344 1687 2372 immaniter

900 2391 974 2418 velut
995 2394 1078 2417 (nstro
1098 2390 1214 2424 quodam
1233 2390 1454 2422 stimularentur,
1475 2398 1593 2425 cumque
1617 2399 1681 2418 con-

901 2441 1003 2471 tempta
1019 2443 1182 2471 congressus
1199 2435 1269 2471 lege,
1286 2444 1367 2471 quam
1392 2436 1486 2464 liberis
1510 2436 1685 2471 procreandis

903 2485 998 2508 natura
1007 2481 1065 2516 ipsa
1080 2481 1257 2516 praescripsit,
1272 2481 1456 2508 masculorum
1477 2481 1566 2517 specie
1589 2481 1683 2511 illecti.

904 2528 937 2554 ad
953 2527 1082 2554 libidines
1096 2527 1295 2558 excitarentur,
1312 2527 1441 2562 nullaque
1461 2528 1530 2555 adeo
1553 2527 1684 2563 ﬂagitiosa

905 2581 948 2599 res
964 2577 1037 2599 esset
1057 2580 1071 2599 a
1085 2580 1139 2607 qua
1159 2573 1339 2607 perpetranda
1355 2573 1541 2605 abstinerent,
1559 2573 1626 2600 iram
1638 2573 1684 2600 Dci

905 2623 1097 2653 provocarunt,
1115 2623 1143 2646 et
1157 2619 1313 2646 Creatorem
1335 2620 1438 2654 alioqui
1459 2620 1626 2656 benignum,
1651 2619 1684 2648 ad

905 2672 998 2698 paenas
1018 2665 1051 2692 ab
1070 2666 1111 2692 eis
1124 2665 1283 2701 repetendas
1302 2666 1466 2694 descendere
1487 2667 1669 2702 quodammod

905 2715 1061 2745 coegerunt.
1080 2710 1191 2745 itaque,
1219 2719 1281 2738 eum
1311 2717 1418 2746 tempus
1441 2712 1535 2740 luendi
1562 2712 1690 2748 supplicii

906 2756 1029 2787 instaret,
1040 2756 1183 2792 absumpta
1193 2757 1248 2792 jam
1261 2758 1461 2791 quodammodo
1481 2759 1573 2786 divina
1596 2759 1624 2785 in
1649 2759 1692 2786 eis

906 2801 1048 2836 patientia,
1062 2802 1176 2837 ingressi
1200 2808 1262 2830 sunt
1273 2803 1389 2831 Sodoma
1401 2804 1513 2833 ultionis
1527 2805 1624 2832 divinae
1638 2803 1691 2830 mi-

911 2904 931 2919 ε⁷
958 2903 1028 2931 Psal.
1051 2911 1139 2937 cxvm,
1170 2906 1212 2932 57.
