1924 3043
240 215 286 242 171

746 213 773 240 S.
795 213 929 241 Cl'ltllil
950 211 1182 239 ALEXXNDRIXI
1203 210 1358 239 ARClllEP.

1806 211 1857 239 l7!

236 271 324 300 uistri.
341 271 386 298 Sic
400 278 515 305 namque
525 271 655 306 seriptum
669 275 727 299 est:
746 281 753 297 ι
774 271 912 298 Venerunt
924 274 1014 297 autem

1068 267 1142 302 παρὰ
1165 269 1214 302 τὴν
1231 268 1318 302 πύλην
1338 267 1469 303 Σοδόμων.
1493 268 1564 295 Ἰδὼν
1582 268 1610 294 δὲ
1633 267 1704 300 Λὼτ,
1723 267 1857 304 ἐξανέστη

235 317 291 344 duo
310 316 397 351 angeli
409 315 554 343 Sodomam
577 316 694 351 vesperi.
724 316 774 342 Lot
795 320 886 342 autem
905 315 1017 342 sedebat

235 367 319 396 prope
333 363 438 395 portam
450 359 642 387 Sodomorum.
659 360 760 388 Videns
778 364 868 387 autem
884 359 945 391 Lot,
957 367 1018 386 sur-

236 405 306 433 rexit
321 405 349 432 in
370 412 515 432 occursum
535 413 642 438 eorum,
668 410 696 433 et
721 405 844 432 adoravit
862 413 965 440 pronus
989 405 1017 432 in

235 454 345 483 terram,
362 454 390 478 et
400 450 469 478 dixit
485 451 555 483 :En,
580 450 839 483 domini,declinate
858 450 886 477 in
905 450 1017 478 domum

235 495 307 523 servi
323 495 418 528 vestri,
429 500 457 523 et
473 495 612 528 divertite,
636 500 664 523 et
684 495 786 523 abluite
800 494 884 530 pedes
899 500 1016 527 vestros,

234 546 262 570 et
277 550 355 569 mane
374 546 516 578 surgentes
524 541 734 577 proticiscetnini
758 541 786 568 in
800 541 871 568 viam
888 546 1017 568 vestram.

235 587 268 613 Et
292 585 421 613 dixerunt
439 586 528 614 :Non.
549 586 602 614 Sed
626 586 654 613 in
675 586 766 622 platea
789 586 971 614 manebimus.
984 586 1019 613 Et

234 632 324 667 coegit
336 632 409 664 illos,
424 636 453 659 et
473 631 682 660 declinaverunt
705 633 739 660 ad
757 641 832 665 eum,
851 638 879 660 et
902 633 1018 668 ingressi

236 681 300 704 sunt
311 677 423 704 domum
439 678 510 713 ejus,
525 682 553 705 et
572 677 637 705 fecit
650 678 691 706 eis
712 678 879 710 convivium,
900 683 927 705 et
945 679 1019 706 coxit

235 730 339 758 azyma,
352 727 380 750 et
389 723 568 750 comederunt
582 727 727 758 antequam
741 724 812 750 irent
822 723 946 751 cubitum
957 723 989 750 “'.
1005 733 1014 749 ι

235 767 285 795 Lot
300 776 415 803 namque
432 776 493 796 cum
513 776 545 795 ex
562 769 665 796 semine
685 774 757 796 esset
780 769 926 801 Abraham,
945 773 973 797 et
991 769 1017 797 in

235 813 317 840 rectis
329 813 436 849 legibus
448 813 591 846 educatus,
604 818 632 840 et
648 813 760 848 pictatis
780 814 807 841 in
832 814 918 841 Deum
935 814 1018 841 vehe-

236 862 341 886 menter
369 859 520 891 studiosus,
554 859 697 887 habitabat
733 860 760 886 in
788 859 923 887 Sodomis.
954 860 1018 887 Erat

234 909 324 932 autem
340 905 411 940 apud
428 913 475 932 eos
493 905 597 932 advena
610 910 638 932 et
650 905 750 940 hospes
763 909 791 932 et
803 913 902 940 genere
919 909 946 933 et
958 914 1016 932 mo-

234 951 320 978 ribus.
341 961 349 977 ι
367 950 432 984 Quae
443 951 516 978 enim
537 951 654 978 societas
675 951 730 978 luci
759 950 793 978 ad
810 951 954 978 tenebras?
975 951 1018 978 vel
1035 941 1056 968 Β

234 1005 293 1032 qua:
307 1005 369 1032 pars
380 997 453 1024 ﬁdeli
470 1003 532 1024 cum
545 996 666 1024 inﬁdeli?
678 1007 686 1022 ι
699 997 770 1024 sicut
785 997 917 1032 scriptum
932 1002 974 1024 est
984 997 1016 1023 θ’.

233 1043 325 1078 Itaque
337 1051 399 1071 cum
413 1047 599 1071 contemneret
616 1043 683 1070 vitia
712 1043 912 1078 indigenarum,
925 1051 956 1071 ac
970 1051 1018 1078 per

234 1087 300 1114 illud
325 1087 378 1115 iter
390 1088 454 1115 vita:
483 1087 688 1123 ingrederetur,
716 1087 760 1116 cui
790 1092 917 1116 assuetus
946 1093 1016 1121 erat,

232 1134 334 1161 sanctis
349 1133 552 1161 adhzereseebat
574 1134 682 1167 studiis,
700 1139 783 1170 atque
799 1143 860 1162 cum
876 1135 1018 1170 hospitali-

233 1179 296 1206 tatis
315 1179 402 1214 legem
418 1179 445 1206 in
465 1179 562 1214 primis
573 1179 687 1211 coleret,
707 1179 735 1206 in
757 1179 816 1214 ipso
834 1179 912 1206 urbis
940 1179 1016 1206 aditu

232 1225 342 1257 sedens,
368 1225 554 1260 ingredientes
575 1225 693 1260 benigne
716 1225 869 1260 accipiebat
889 1234 896 1252 :
913 1225 1018 1253 sciebat

231 1271 305 1298 cnim
318 1271 343 1298 id
354 1278 413 1298 esse
425 1271 654 1306 Deopergratum.
669 1271 737 1298 Cum
751 1279 816 1298 vero
832 1271 972 1298 venissent
986 1271 1015 1303 ii,

231 1317 278 1351 qui
291 1317 450 1344 hominibus
464 1316 582 1344 libidine
596 1317 728 1344 etl‘renata
743 1317 899 1344 furentibus
911 1317 1016 1352 suppli—

232 1363 304 1390 cium
319 1362 420 1390 illaturi
436 1367 515 1389 erant
528 1362 595 1397 (par
607 1362 633 1389 id
649 1366 709 1390 erat
723 1361 903 1398 angelorum),
919 1369 1016 1389 occur-

233 1407 268 1434 rit
282 1408 417 1439 alacriter,
435 1412 463 1435 et
477 1407 654 1443 benignitatis
673 1415 729 1435 suze
745 1407 884 1442 specimen
906 1408 1017 1435 eviden-

234 1453 368 1481 tissimum
381 1454 434 1481 illis
453 1454 555 1488 pracbet
573 1454 600 1481 in
623 1461 670 1486 eo,
687 1454 761 1489 quod
787 1454 848 1481 illos
876 1455 1013 1481 salutavit.

233 1499 362 1526 Adoravit
387 1499 461 1526 enim
484 1507 588 1535 pronus
613 1499 640 1526 in
671 1504 789 1532 terram;
819 1505 846 1527 et
859 1505 889 1527 ut
902 1500 1014 1527 domum

233 1548 305 1575 cant,
326 1545 467 1577 hortatur,
483 1545 678 1580 charitatisque
700 1545 806 1580 legibus
828 1545 1013 1580 perfruantur.

233 1590 266 1617 At
278 1590 328 1621 illi,
345 1590 466 1623 Minime,
477 1591 617 1625 inquiunt,
634 1591 680 1618 sed
697 1591 723 1618 in
732 1591 822 1626 platea
831 1591 1013 1619 manebimus.

232 1636 337 1670 Quibus
347 1637 438 1664 verbis
454 1637 576 1672 hospites
593 1637 703 1672 quidem
717 1645 746 1665 se
763 1641 790 1664 et
801 1637 860 1665 sine
876 1641 948 1664 tecto
956 1645 1016 1664 esse

233 1682 435 1718 significabant;
460 1683 541 1711 simul
567 1691 632 1710 vero
657 1683 796 1712 hominem
823 1683 1016 1719 hospitalitatis

233 1728 385 1755 studiosum
400 1729 434 1756 ad
448 1729 587 1764 majorem,
598 1729 650 1764 25
665 1734 694 1756 ut
707 1729 834 1762 arbitror,
847 1729 930 1757 studii
948 1738 1014 1756 con-

233 1774 383 1804 tentionem
402 1774 563 1807 incitabant,
577 1783 608 1802 ac
629 1779 734 1803 tantum
756 1783 811 1802 non
830 1775 933 1803 urbane
948 1775 1014 1803 insi-

234 1823 360 1852 nuantes,
379 1819 451 1846 haud
469 1820 509 1847 illi
532 1820 676 1848 honestum
690 1821 759 1852 fore,
778 1821 801 1848 si
823 1828 852 1848 se
872 1821 952 1848 tectis
966 1828 1014 1847 ex-

232 1865 323 1892 clusos
338 1869 366 1892 et
382 1865 409 1892 in
427 1865 516 1893 triviis
531 1866 653 1901 abjcctos
667 1866 819 1894 dimitteret
839 1875 845 1893 :
861 1865 934 1901 quod
953 1873 1015 1893 cum

233 1911 278 1938 ille
302 1910 345 1937 vir
372 1911 464 1946 justus
487 1910 676 1943 intellexisset,
698 1911 892 1939 vehementius
918 1919 1015 1946 urgere

232 1956 328 1991 coepit;
346 1953 435 1991 neque
449 1960 577 1991 tanquam
597 1957 693 1991 frigide
713 1964 863 1992 parumque
879 1964 912 1984 ex
924 1956 1016 1984 animo

232 2002 294 2029 illos
314 2002 451 2034 invitaret,
468 2002 575 2029 illorum
588 2002 791 2030 excusationem
806 2010 856 2038 pro
872 2003 1015 2031 occasione

232 2048 331 2082 rapuit.
349 2047 442 2082 Itaque
461 2047 572 2075 domum
585 2055 633 2075 eos
653 2047 738 2079 ducit,
754 2055 840 2083 panes
851 2055 960 2084 azymos
969 2056 1016 2083 ap-

233 2093 336 2128 posuit,
363 2093 519 2120 convivium
551 2092 687 2120 instruxit.
708 2092 795 2127 Atque
817 2093 876 2120 lucc
905 2093 1015 2128 quidem

232 2139 278 2167 ille
298 2139 340 2166 vir
352 2139 452 2174 justus.
468 2138 615 2166 Sodomita‘.
634 2146 698 2165 vero
716 2143 810 2173 aperto
831 2146 863 2166 ac
878 2139 950 2173 turpi
969 2147 1017 2166 vo-

232 2185 344 2220 luptatis
360 2185 456 2212 morbo
471 2191 534 2211 cum
555 2183 728 2215 laborarent,
749 2184 868 2211 hominis
893 2185 930 2219 pii
963 2184 1013 2211 do-

232 2230 389 2258 munculam
409 2229 513 2257 nefarie
536 2229 660 2263 cingunt,
679 2233 760 2264 atque
780 2234 907 2256 extremm
928 2230 1016 2264 impu-

1069 314 1107 344 εἰς
1120 313 1280 348 συνάντησιν
1292 312 1391 344 αὐτῶν,
1405 313 1449 339 καὶ
1468 313 1651 348 προσεκύνησε
1663 313 1702 348 τῷ
1715 312 1858 349 προσώπῳ

1067 359 1114 385 ἐπὶ
1127 359 1177 394 τὴν
1192 358 1255 394 γῆν,
1286 359 1333 385 καὶ
1365 357 1455 385 εἶπεν·
1486 358 1562 391 Ἰδοὺ,
1584 358 1692 393 Κύριοι,
1711 358 1857 385 ἐκκλίνατε

1070 405 1110 435 είς
1123 404 1168 431 τὸν
1186 402 1259 431 οἷκον
1277 404 1323 431 τοῦ
1341 404 1435 436 παιδος
1449 404 1534 440 ὑμῶν,
1551 405 1596 432 καὶ
1611 403 1792 438 καταλύσατε,
1808 405 1858 431 καὶ

1070 450 1181 485 νίψασθε
1194 451 1257 482 τοὺς
1277 449 1360 482 πόδας
1383 450 1468 486 ὑμῶν,
1489 450 1536 477 καὶ
1549 451 1723 486 ὀρθρίσαντες
1738 450 1858 478 ἀπελεύ-

1070 495 1148 522 σεσθε
1168 496 1207 527 εἰς
1228 495 1277 530 τὴν
1291 495 1349 522 ὁδὸν
1366 495 1453 530 ὑμῶν.
1468 495 1523 522 Καὶ
1542 493 1627 522 ali-tow
1651 496 1728 531 Οὐχί.
1742 495 1814 522 Ἀλλ’
1826 497 1858 522 ἐν

1068 541 1100 575 τῇ
1117 540 1232 575 πλατείᾳ
1255 539 1455 575 καταλύσομεν,
1481 540 1526 567 καὶ
1545 539 1722 572 κατεειάζετο
1742 541 1856 572 αὐτοὺς,

1069 586 1115 612 καὶ
1126 585 1263 618 ἐξέκλιναν
1284 586 1352 622 πρὸς
1365 586 1456 619 αὑτὸν,
1470 587 1517 613 καὶ
1535 586 1658 621 εἰσῆλθον
1672 587 1711 618 είς
1725 587 1770 613 τὸν
1781 584 1859 614 οἶκον

1069 630 1162 663 αὑτοῦ,
1177 631 1224 657 καὶ
1236 631 1363 667 ἐποίησεν
1377 632 1468 664 αὐτοῖς
1481 632 1570 659 πότον.
1588 632 1641 658 Καὶ
1657 632 1777 668 ἀζύμους
1790 633 1840 659 ἐπε
1851 647 1858 653 -

1068 676 1117 711 ψεν
1135 677 1235 710 αὐτοῖς,
1254 677 1301 704 καὶ
1315 677 1416 712 ἔφαγον
1437 678 1490 712 πρὸ
1509 677 1557 704 τοῦ
1574 678 1746 714 κοιμηθῆναι.
1766 689 1775 705 ι
1793 679 1859 706 Λὼτ

1071 721 1121 756 μὲν
1135 721 1200 756 γὰρ,
1220 721 1268 749 ἅτε
1283 721 1315 757 δὴ
1329 722 1375 748 καὶ
1389 721 1418 755 ἐξ
1438 722 1552 758 αἵματος
1567 723 1695 760 ὑπάρχων
1716 723 1857 760 Ἀϐραὰμ,

1069 767 1186 798 καὶτοῖς
1200 767 1399 804 τῆςόρθύτητος
1419 768 1511 804 νόμοις
1531 770 1757 804 ἐντεθραμμένος,
1777 770 1856 797 εὗσε-

1068 812 1144 844 6είας
1161 821 1190 839 τε
1203 813 1253 848 τῆς
1272 814 1312 845 είς
1333 814 1398 840 Θεὸν
1417 815 1466 841 οὐκ
1481 815 1509 841 ἐν
1529 814 1626 851 βραχεῖ
1646 816 1716 851 λόγῳ
1734 824 1858 852 πεφρον-

1068 857 1160 891 τικὼς,
1176 858 1299 894 παρῴκει
1311 860 1345 886 τὰ
1360 859 1474 895 Σόδομα.
1487 857 1541 887 Ἦν
1554 861 1581 887 δὲ
1594 861 1636 887 ἐπ’
1646 862 1737 894 αὐτοῖς
1751 863 1860 898 ἔπηλυς

1069 904 1114 930 καὶ
1128 903 1201 937 ξένος
1219 905 1265 932 καὶ
1282 905 1354 940 γένει
1369 906 1416 933 καὶ
1427 906 1530 942 τρόπῳ.
1555 916 1564 932 ι
1588 907 1635 939 Τίς
1650 907 1703 944 γὰρ
1727 909 1860 936 κοιιωνία

1069 950 1138 982 φωτὶ
1165 950 1233 986 πρὸς
1260 951 1369 984 σκότο;;
1395 951 1411 987 ἢ
1435 952 1477 984 τίς
1495 953 1573 988 μερὶς
1597 953 1684 988 πιστῷ
1705 954 1775 989 μετὰ
1791 955 1858 982 ἀπί-

1070 1005 1148 1029 στου,
1169 1005 1178 1022 ι
1199 997 1270 1024 κατὰ
1287 997 1317 1024 τὸ
1336 998 1544 1033 γεγραμμένον;
1564 1000 1813 1036 Κατευμεγεθήσας
1827 1001 1858 1027 δὲ

1067 1041 1122 1068 τῶν
1147 1041 1298 1077 ἐπιχωρίων
1326 1042 1428 1075 κακῶν,
1453 1042 1499 1069 καὶ
1523 1043 1572 1079 τὴν
1594 1044 1667 1079 αὐτῷ
1690 1045 1791 1081 συνήθη
1807 1046 1857 1072 τοῦ

1069 1087 1127 1122 βίου
1145 1087 1302 1122 διαστείχων
1322 1087 1390 1120 ὁδὸν,
1413 1088 1498 1122 ἁγίων
1515 1088 1603 1124 εἴχετο
1627 1090 1856 1126 σπουδασμάτων,

1068 1132 1115 1159 καὶ
1140 1133 1190 1168 τῆς
1213 1132 1362 1167 φιλοξενίας
1385 1134 1429 1160 τὸν
1451 1134 1532 1169 νόμον
1553 1135 1593 1161 ὅτι
1615 1135 1732 1170 μάλιστα
1754 1137 1856 1172 τιμῶν,

1067 1180 1126 1211 ταῖς
1155 1177 1202 1205 τοῦ
1225 1179 1327 1210 ἄστεως
1353 1179 1519 1215 προσιζήσας
1544 1180 1693 1213 είσ6ο).α“ίς,
1719 1183 1785 1214 τοὺς
1800 1183 1858 1208 εἰσ-

1068 1224 1212 1258 τρέχοντας
1225 1225 1253 1250 ἐν
1267 1224 1362 1256 αὑταῖς
1379 1225 1518 1260 προπίεται
1539 1227 1715 1262 φιλοφρόνως,
1730 1227 1859 1261 Θεοφιλὲς

1067 1269 1096 1295 τὸ
1117 1269 1210 1304 χρῆμα
1229 1268 1316 1300 εἰδώς.
1348 1270 1457 1306 Ἐπειδὴ
1481 1271 1507 1296 δὲ
1523 1268 1590 1307 ἧκον
1612 1273 1634 1298 οἱ
1648 1273 1702 1304 τοῖς
1718 1273 1758 1304 είς
1772 1273 1857 1299 ἀσέλ-

1067 1322 1143 1348 γειαν
1158 1314 1292 1349 ὰχαλίνως
1312 1315 1519 1352 ἐκλελυττηκόσι
1536 1316 1586 1352 τὴν
1599 1317 1676 1352 δίκην
1698 1318 1858 1349 ἐποίσοντες

1067 1360 1150 1394 (δυὰς
1162 1360 1184 1387 δ’
1197 1358 1231 1395 ἦν
1250 1361 1399 1395 ἀγγέλων),
1423 1362 1583 1394 ὑπαντιάζει
1597 1362 1715 1398 γοργῶς,
1737 1363 1784 1390 καὶ
1805 1363 1857 1398 τῆς

1067 1405 1177 1440 ἐνούσης
1193 1406 1267 1441 αύτῷ
1286 1407 1466 1442 χρηστότητος
1484 1410 1598 1444 μήνυσιν
1614 1409 1715 1444 ἐναργῆ
1731 1418 1856 1444 προανα-

1066 1451 1154 1485 φαίνει
1177 1451 1226 1487 τὴν
1239 1452 1399 1488 πρόσρησιν.
1417 1453 1625 1489 Προσκεκύνηκε
1641 1455 1694 1490 γὰρ
1713 1455 1752 1490 τῷ
1770 1465 1856 1491 προσ-

1066 1497 1132 1532 ώπῳ
1158 1496 1204 1523 ἐπὶ
1220 1497 1269 1532 τὴν
1283 1498 1344 1532 γῆν,
1365 1498 1454 1524 οίκαδε
1477 1507 1507 1525 τε
1530 1498 1597 1526 ἰέναι
1617 1500 1778 1536 προτρέπει,
1807 1502 1855 1528 καὶ

1066 1545 1119 1575 τοῖς
1138 1543 1187 1578 τῆς
1199 1544 1308 1579 ἀγάπης
1325 1545 1525 1578 ὲνσπαταλῆσαι
1543 1547 1644 1581 νόμοις.
1662 1548 1693 1573 Οἱ
1713 1548 1741 1574 δέ
1757 1557 1852 1582 φασιν·

1067 1589 1143 1623 Οὐχὶ,
1156 1589 1212 1615 ἀλλ’
1224 1590 1252 1615 ἐν
1267 1591 1300 1624 τῇ
1314 1589 1429 1625 πλατείᾳ
1447 1590 1643 1626 καταλύσομεν
1669 1592 1700 1618 τὸ
1721 1593 1770 1628 μὲν
1784 1591 1855 1619 εἶναι

1068 1634 1136 1666 ξένοι
1152 1635 1198 1661 καὶ
1213 1635 1330 1661 ἀνέστιοι
1346 1635 1389 1662 διὰ
1402 1635 1495 1662 τούτου
1510 1637 1768 1672 κατασημαὼοντες,
1787 1647 1855 1665 κατ-

1066 1680 1232 1716 ερεθίζοντες
1259 1680 1287 1706 δὲ
1303 1678 1380 1715 οἶμαί
1408 1690 1458 1708 που
1480 1683 1546 1717 πρὸς
1571 1683 1753 1719 ὲντονωτέραν
1771 1692 1855 1710 σπου-

1065 1726 1112 1762 δὴν
1144 1726 1190 1752 τὸν
1220 1725 1366 1761 φιλοξενεῖν
1393 1727 1546 1763 ᾑρημένον,
1579 1730 1719 1764 μονονουχὶ
1745 1730 1774 1757 δὲ
1807 1731 1855 1757 καὶ

1065 1772 1179 1804 ἀστείως
1203 1772 1448 1808 ὑποσημαίνοντες,
1466 1774 1503 1806 ὡς
1521 1775 1570 1801 οὐκ
1583 1775 1616 1801 ἂν
1631 1776 1729 1807 αὐτοὺς
1745 1776 1856 1811 μεοεῖτο

1066 1817 1223 1853 πρεπόντως
1252 1817 1372 1852 ἐρήμους
1394 1818 1474 1850 ὂντας
1503 1819 1604 1851 ἑστίας,
1627 1821 1673 1847 καὶ
1703 1821 1732 1847 ἐν
1759 1822 1855 1853 αὑταῖς

1065 1863 1180 1898 τριόδοις
1194 1863 1421 1898 ἑξεῤῥιμμέυους’
1452 1864 1466 1891 ὅ
1482 1864 1514 1900 δὴ
1532 1865 1579 1891 καὶ
1595 1866 1682 1898 συνεὶς
1702 1866 1716 1893 ὁ
1737 1866 1853 1899 δίκαιος,

1067 1907 1198 1942 μειζόνως
1211 1907 1397 1940 κατεϐιάζετο,
1412 1910 1458 1935 καὶ
1470 1910 1518 1944 οὐχ
1532 1910 1676 1946 ἁρπαγμὸν
1689 1912 1738 1946 τὴν
1754 1913 1855 1948 παραί-

1066 1961 1142 1988 τησιν
1169 1953 1205 1985 ὡς
1232 1954 1261 1987 ἐξ
1286 1954 1418 1989 ἀδρανοῦς
1447 1955 1494 1982 καὶ
1526 1956 1707 1992 ὑδαρεστέρας
1737 1959 1856 1986 ἐποιεῖτο

1066 1999 1173 2034 φρενός.
1187 1999 1290 2026 Οὐκοῦν
1313 2000 1485 2032 εἰσοικίζεται
1503 2001 1550 2036 μὲν
1567 2003 1675 2035 αὐτοὺς,
1689 2002 1812 2038 ἀζύμους
1823 2013 1854 2031 τε

1065 2046 1164 2080 ἄρτους
1178 2046 1327 2081 παρετίθει,
1345 2047 1391 2073 καὶ
1416 2047 1496 2073 πότον
1510 2048 1660 2083 εἰργάξετο.
1682 2049 1763 2076 Ἀλλὰ
1775 2051 1854 2077 ταυτὶ

1068 2091 1115 2126 μὲν
1129 2092 1142 2117 ὁ
1166 2091 1278 2123 δίκαιος,
1302 2092 1441 2128 Σοδομῖται
1462 2093 1490 2120 δὲ
1516 2094 1623 2130 γυμνὴν
1639 2094 1686 2121 καὶ
1709 2096 1856 2131 ἀσχήμονα

1066 2136 1205 2169 νοσοῦντες
1230 2137 1334 2172 ἡδονὴν,
1358 2138 1388 2164 τὸ
1403 2137 1448 2164 τοῦ
1464 2138 1568 2165 δικαίου
1584 2139 1717 2174 δωμάτιον
1737 2141 1855 2173 ἀνοσίως

1067 2183 1282 2218 περιερχόμενοι,
1299 2183 1345 2209 καὶ
1358 2184 1406 2218 τῆς
1421 2184 1460 2216 είς
1475 2184 1558 2219 ἄκρον
1573 2185 1692 2220 ἡκούσης
1706 2186 1854 2221 ἀναισχυν-

1066 2228 1124 2260 τίας
1137 2229 1263 2260 πεσόντες
1274 2228 1409 2261 ἐπέκεινα,
1425 2229 1546 2256 ἀνεῖσθαι
1559 2230 1607 2265 μὲν
1620 2230 1693 2264 σφίσι
1705 2231 1738 2257 τὰ
1751 2232 1853 2267 συνήθη

236 2276 337 2304 dentis:
352 2274 482 2302 terminos
494 2274 607 2310 egressi,
627 2274 713 2302 solitae
728 2275 852 2302 libidinis
866 2283 945 2303 usum
957 2283 1016 2310 per-

1069 2274 1133 2309 δρᾷν
1146 2273 1247 2308 ἠξίουν,
1263 2271 1322 2300 εἶτα
1342 2273 1400 2300 δέον
1415 2274 1520 2301 ἑλέσθαι
1546 2275 1705 2309 φιλοξενίαν,
1723 2277 1855 2313 ἀσελγείᾳ.

233 2322 304 2349 mitti
324 2321 376 2348 sibi
397 2319 617 2353 contendebant;
633 2326 661 2348 et
683 2320 710 2347 in
726 2328 795 2355 quos
822 2321 1017 2356 hospitalitatis

230 2367 320 2394 ollicia
337 2366 461 2394 conferre
474 2365 627 2399 debebant,
650 2367 677 2393 in
695 2374 742 2394 eos
760 2367 902 2394 libidinem
920 2371 1018 2402 pnelcr

234 2417 358 2440 naturam
368 2419 495 2440 exercere
509 2412 647 2440 volebant.
666 2413 719 2447 lpsi
731 2413 782 2440 Lot
793 2418 934 2448 praeterea,
953 2421 1016 2440 cum

235 2458 295 2486 Illos
311 2465 325 2484 a
347 2461 402 2484 tam
422 2457 587 2485 immanibus
607 2457 741 2493 {aedisque
766 2458 863 2493 emptis
894 2462 1017 2486 avertere

234 2505 388 2533 conaretur,
404 2501 458 2528 vim
475 2502 572 2529 alferre
583 2503 727 2535 volebant,
755 2510 907 2538 parumque
929 2503 1018 2530 abluit

197 2575 199 2577 .
234 2548 300 2583 quin
312 2548 350 2574 illi
364 2548 419 2574 vim
435 2546 574 2580 afferrent,
592 2548 644 2575 nisi
661 2548 812 2575 adfuissent
834 2548 872 2574 illi
893 2553 1016 2575 servato-

235 2601 286 2620 res.
302 2603 311 2619 ι
324 2593 508 2621 Extendentes
525 2594 609 2626 enim,
627 2604 635 2619 ι
651 2594 750 2628 inquit,
775 2603 784 2618 ι
800 2594 851 2620 viri
865 2593 905 2620 illi
919 2601 1017 2620 manus

204 2634 206 2636 ⁷
234 2646 296 2666 suas
310 2642 501 2673 pertraxerunt
515 2639 566 2666 Lot
581 2639 614 2666 ad
633 2647 661 2666 sc
673 2639 800 2670 domum,
825 2643 852 2666 et
872 2639 944 2666 fores
967 2639 1017 2666 do-

187 2675 210 2678 m
235 2691 295 2711 Inus
318 2685 485 2712 clauserunt.
515 2685 646 2712 llomines
674 2688 766 2711 autem
784 2705 791 2716 ,
809 2684 855 2719 qui
885 2685 919 2711 ad
945 2685 1018 2712 fores

233 2734 313 2756 erant
335 2730 442 2762 domus,
472 2734 668 2765 percusserunt
699 2730 837 2762 excitate,
861 2739 876 2758 a
901 2731 1016 2758 minimo

235 2782 320 2810 usque
336 2775 369 2802 ad
383 2777 530 2803 maximum
543 2796 550 2808 ,
566 2779 594 2801 et
615 2775 754 2810 defatigati
773 2780 837 2803 sunt
862 2781 1016 2810 qumrentes

229 2821 383 2854 ianuam".
402 2831 410 2846 ι
427 2821 520 2855 Neque
545 2828 610 2847 vero
631 2821 776 2853 auxilium,
797 2821 869 2856 quod
889 2822 928 2848 illi
948 2830 1016 2857 pra--

282 2911 302 2924 ”
322 2910 389 2937 Gen.
402 2918 455 2942 χιχ,
476 2911 530 2937 1-4.
577 2911 598 2927 ⁶⁹
612 2912 632 2938 ll
645 2912 707 2938 Cor.
727 2920 762 2944 vt,
778 2912 818 2938 H.

1065 2321 1097 2355 τῇ
1117 2319 1192 2354 παρὰ
1213 2319 1293 2354 φύσιν
1325 2320 1463 2346 ἐϐούλοντο
1492 2321 1603 2348 κακοῦν.
1635 2321 1802 2356 Ἀφιστάντα
1826 2323 1854 2350 δὲ

1065 2365 1162 2397 αὐτοὺς
1183 2365 1228 2392 τὸν
1252 2365 1313 2392 Λὼτ
1332 2365 1385 2392 τῶν
1401 2366 1486 2398 οὕτως
1501 2367 1604 2402 ἀγρίων
1625 2369 1670 2394 καὶ
1683 2367 1854 2404 βδελυρωτά-

1065 2419 1117 2437 των
1130 2411 1336 2446 ἐγχειρημάτων
1348 2411 1496 2447 παραλύειν
1507 2413 1610 2448 ἤθελον,
1625 2414 1682 2449 ἦλω
1696 2413 1718 2440 δ’
1736 2414 1770 2440 ἂν
1785 2415 1855 2450 τάχα

1066 2456 1112 2483 καὶ
1126 2457 1165 2488 είς
1184 2456 1249 2483 αὐτὸ
1262 2457 1292 2483 τὸ
1306 2457 1411 2489 παθεῖν,
1430 2459 1454 2484 εί
1471 2459 1508 2494 μὴ
1525 2459 1652 2494 παρῆσαν
1668 2459 1692 2485 οἱ
1709 2458 1853 2492 σώζοντες.

1069 2510 1078 2526 ί
1103 2500 1286 2532 Ἐκτείναντες
1301 2502 1364 2536 γὰρ,
1383 2510 1392 2526 ι
1409 2503 1500 2537 φησιν.
1519 2512 1528 2528 ‹
1545 2503 1568 2529 οἱ
1580 2503 1675 2539 ἄνδρες
1687 2503 1736 2534 τὰς
1749 2505 1854 2540 χεῖρας,

1067 2545 1268 2572 εἱσεστιάσαντο
1284 2545 1328 2572 τὸν
1347 2545 1408 2572 Λὼτ
1425 2547 1492 2582 πρὸς
1509 2548 1621 2580 ἑαυτοὺς
1642 2550 1680 2580 είς
1698 2548 1744 2575 τὸν
1769 2547 1853 2580 οἷκον,

1066 2592 1113 2618 καὶ
1126 2592 1176 2627 τὴν
1193 2591 1277 2626 θύραν
1309 2592 1356 2618 τοῦ
1379 2593 1453 2619 οἴκου
1483 2593 1657 2622 ἀπέκλεισαν.
1677 2595 1746 2626 Τοὺς
1763 2595 1793 2625 δὲ
1811 2597 1855 2623 ἂν-

1065 2638 1131 2673 δρας
1145 2639 1207 2670 τοὺς
1221 2639 1299 2671 ὄντας
1317 2640 1363 2665 ἐπὶ
1384 2642 1433 2676 τῆς
1450 2641 1533 2676 θύρας
1552 2641 1599 2668 τοῦ
1621 2642 1695 2668 οἴκου
1715 2642 1854 2676 ἐπάταξαν

1066 2682 1181 2718 ἀορασίᾳ
1198 2683 1251 2710 ἀπὸ
1266 2685 1362 2720 μικροῦ
1383 2685 1435 2717 ἕως
1453 2687 1581 2721 μεγάλου,
1597 2687 1642 2714 καὶ
1660 2687 1854 2724 παρελύοησαν

1067 2727 1210 2762 ζητοῦντες
1222 2729 1271 2764 τὴν
1284 2729 1378 2765 θύραν.
1404 2740 1413 2756 ι
1436 2732 1646 2768 Εὺμεμέτρηται
1663 2733 1690 2760 δὲ
1716 2733 1766 2760 οὐκ
1782 2734 1811 2761 ἐν
1823 2743 1853 2769 γε

1068 2776 1187 2801 τουτοισὶ
1202 2776 1291 2810 μόνοις
1305 2777 1338 2802 τὰ
1355 2777 1404 2811 τῆς
1416 2777 1574 2814 ἐπικουρίας
1590 2778 1674 2814 αύτῷ.
1692 2779 1854 2813 Γέγραπται

1067 2821 1121 2856 γὰρ
1135 2821 1225 2848 πάλιν
1246 2831 1254 2847 ι
1280 2822 1373 2849 Ἠνίχα
1381 2823 1408 2850 δὲ
1418 2823 1513 2859 ὄρθρος
1527 2825 1854 2858 ἐγένετο,ὲπεσπούδαξον

865 2913 886 2928 ¹¹⁰
907 2912 973 2938 Gen.
998 2920 1048 2943 im,
1073 2911 1148 2938 fl-ll.
