1924 3043
52 206 98 234 I73
433 207 477 235 DE
497 206 718 235 ADORATIONE
737 206 769 234 IN
791 205 926 234 SPIRITU
945 206 989 234 ET
1011 206 1195 233 VERITATE.
1218 206 1281 234 LIB.
1299 206 1318 232 I.

52 266 74 291 οι
88 263 197 298 ἄγγελοι
216 263 265 290 τὸν
291 263 368 295 Λὼτ,
395 264 518 298 λέγοντες
531 272 537 279 ·

54 310 168 344 γυναῖκὰ
197 318 246 336 σου
274 310 324 337 καὶ
346 310 397 341 τὰς
421 309 467 336 δύο
485 309 638 345 θυγατέρας
654 309 686 341 ἃς
701 308 782 344 ἔχεις,
809 309 854 335 καὶ

55 357 153 390 ἔξελθε.
174 356 220 382 ἵνα
248 355 288 391 μὴ
308 357 357 382 καὶ
382 356 414 383 σὺ
434 355 571 391 συναπόλῃ
586 356 645 388 ταῖς
662 354 789 390 ἀνομίαις
804 354 854 389 τῆς

57 403 169 434 πόλεως.
182 402 241 429 Καὶ
261 401 465 438 ἐταράχθησαν,
489 402 536 429 καὶ
561 401 716 438 ἐκράτησαν
730 401 755 427 oi
775 400 855 435 ἄγγε-

57 449 94 474 λοι
112 448 162 483 τῆς
182 448 278 484 χειρὸς
307 448 403 480 αὑτοῦ,
424 448 470 474 καὶ
488 449 538 484 τῆς
552 447 642 483 χειρὸς
661 447 711 481 τῆς
727 446 855 481 γυναικὸς

57 492 150 526 uiros,
168 494 216 519 xz‘.
236 493 292 520 τῶν
306 493 354 520 δύο
371 493 528 529 θυγατέρων
549 493 642 525 αὺτοῦ,
660 494 689 519 ἐν
705 493 743 528 τῷ
759 492 855 527 (pstea-

59 540 119 566 σθαι
148 539 254 575 Κύριον
278 539 380 566 αὐτῶν.
398 549 407 566 ι
423 539 571 575 Ἐνδειγμα
594 539 626 574 δή
651 547 691 565 σοι
713 538 789 565 τουτὶ
809 539 856 565 καὶ

60 585 162 621 σφόδρα
186 585 287 621 τρανὲς
310 585 358 612 τοῦ
377 586 414 622 μὴ
437 585 529 621 μόνοις
545 585 619 621 ἡμᾶς
647 584 856 621 παραθήγεσθαι

59 631 157 664 λόγοις,
185 631 234 657 καὶ
254 631 315 663 ταῖς
338 631 368 662 ἐς
391 630 454 658 νοῦν
479 630 685 666 παρακλήσεσιν
707 630 857 665 ἀποφοιτᾷν

60 677 209 713 ἁμαρτίας,
223 678 303 713 ἥκειν
318 677 347 703 δὲ
360 678 408 704 καὶ
427 678 467 709 είς
482 676 561 703 τοῦτο
581 676 674 703 λοιπον
689 675 857 712 ἡμερότητος

60 725 107 758 τῆς
120 724 160 755 εἰς
172 724 247 758 ἡμᾶς
262 722 309 749 τὸν
324 723 379 749 τῶν
396 723 464 749 ὅλων
481 722 590 758 σωτῆρα
603 721 678 755 Θεὸν,
695 722 732 754 ὡς
747 721 858 757 ἐνεργὸν

62 769 197 795 ποιεῖσθαι
212 769 262 804 τὴν
276 768 446 804 ἐπικουρίαν,
462 768 533 795 κατά
554 777 586 803 γε
599 768 639 800 τὸ,
663 776 672 793 ι
683 767 857 803 Ἑκράτησας

62 815 109 850 τῆς
130 815 225 850 χειρὸς
251 815 301 849 τῆς
319 813 408 846 δεξιᾶς
431 823 498 849 μου,
526 814 573 840 καὶ
598 814 626 840 ὲν
648 815 681 849 τῇ
706 813 785 848 βουλῇ
811 821 858 839 σου

61 861 210 901 mamma;
227 869 271 895 με.
293 870 302 886 ι
325 860 435 895 Ἐπειδὴ
453 861 506 896 γάρ
523 861 597 887 ἐστιν
610 859 640 886 οὐ
655 859 715 886 λίαν
730 859 859 894 εὐσθενὴς

62 910 77 942 ἡ
96 907 243 943 ἀνθρώπου
274 907 365 941 φύσις,
385 906 447 933 οὔτε
473 907 526 943 μὴν
552 905 736 943 ἀποχρώντως
759 907 858 942 ἔχουσα

64 953 131 988 πρὸς
155 954 188 979 τὸ
203 952 357 980 διεκνεῦσαι
382 951 510 978 δύνασθαι
529 951 576 978 τοῦ
602 951 706 984 κακοῦ,
735 951 860 978 συναθλεῖ
875 942 895 969 Β

66 1008 122 1032 πως
145 1000 217 1035 αὑτῇ
245 999 314 1035 πρὸς
331 998 410 1025 τοῦτο
420 997 496 1030 Θεός.
519 998 574 1025 Καὶ¹
597 997 690 1034 διττὴν
715 998 861 1033 ἀπονέμων

64 1047 159 1082 ὁρᾶται
176 1045 225 1081 τὴν
239 1046 338 1081 χάριν·
356 1044 505 1076 νουθεσίαις
523 1044 678 1071 ἀναπείθων
690 1044 736 1071 καὶ
750 1045 861 1070 ἐπικου-

67 1093 126 1127 ρίαν
151 1091 253 1128 εὑρὼν,
277 1091 324 1118 καὶ
345 1091 449 1126 ἀμείνω
459 1090 543 1122 τιθεὶς
563 1090 610 1117 τοῦ
629 1090 704 1126 παρά
728 1089 811 1122 πόδας
832 1099 861 1116 τε

66 1138 112 1165 καὶ
127 1138 326 1172 τυραννοῦντος
341 1135 438 1163 κακοῦ.
455 1136 535 1169 Ἴδοις
554 1136 575 1163 δ’
588 1136 621 1163 ἂν
635 1136 732 1172 ἀληθὲς
754 1137 862 1163 κάκεῖνο

65 1185 200 1221 ὑπάρχον,
221 1184 258 1216 ὡς
282 1184 369 1218 ὀλίγοι
393 1183 442 1219 μὲν
464 1183 561 1219 κομιδῇ
588 1183 635 1219 τῆς
653 1179 824 1218 δικαιοσύνης
839 1185 862 1209 οἱ

66 1230 242 1266 ἐπιμεληταὶ,
266 1229 313 1255 καὶ
337 1228 422 1263 πολλὴ
445 1228 515 1255 κατὰ
531 1228 587 1264 βίον
610 1229 627 1264 ἡ
645 1229 743 1259 σπάνις
759 1228 862 1263 ἀνδρῶν

66 1278 188 1312 ἀγαθῶν·
216 1277 302 1313 ἄνδρα
330 1276 385 1312 γὰρ
404 1276 498 1302 πιστὸν
512 1275 592 1311 ἔργον
613 1276 714 1312 εὑρεῖν,
738 1276 808 1302 κατὰ
833 1275 863 1302 τὸ

66 1324 273 1360 γεγραμμένον.
290 1323 363 1358 Πλὴν
377 1323 527 1354 ἀπόλεκτος
540 1323 554 1349 ὁ
570 1322 703 1355 τοιοῦτος,
715 1322 762 1349 καὶ
780 1331 863 1359 φρον-

68 1373 135 1405 τίδος
156 1373 207 1408 τῆς
223 1371 328 1400 ἄνωθεν
349 1372 379 1398 οὐ
402 1371 549 1407 παρέργως
567 1370 729 1406 ἠξιωμένος.
753 1369 784 1395 Εἰ
808 1368 863 1403 γάρ

68 1421 124 1446 ἐστι
137 1419 211 1446 κατά
224 1419 271 1446 τὸν
285 1419 388 1454 κόσμον
405 1417 507 1453 ἀναμὶξ
526 1418 581 1449 τοῖς
598 1417 698 1449 ἄλλοις,
714 1415 771 1443 ἀλλ’
787 1415 863 1442 οὐδὲν

67 1467 191 1494 ἐντεῦθεν
211 1466 341 1502 ὑπομένει
355 1466 386 1492 τὸ
400 1465 506 1500 βλάϐος,
528 1465 565 1497 ὡς
583 1465 676 1500 κρίνον
695 1463 724 1495 ἐξ
737 1461 863 1489 ἀκανθῶν

71 1513 239 1549 ἁρπάζεται,
260 1512 308 1540 καὶ
323 1513 374 1539 οὐκ
400 1511 432 1538 ἂν
458 1511 634 1538 συναπόλοιτο
658 1509 762 1541 δίκαιος
790 1507 862 1544 μετὰ

68 1559 183 1593 ἁσεῦῶν,
203 1559 276 1586 κατὰ
289 1559 338 1591 τὰς
353 1559 408 1587 τῶν
422 1559 508 1594 ἁγίων
520 1557 622 1593 φωνάς.

101 1690 212 1718 ΠᾹΛΛ.
232 1689 352 1725 Ἀραρεν
367 1687 424 1721 οὖν,
437 1689 478 1716 ὅτι
490 1688 577 1723 φειδοῖ
589 1689 621 1724 τῇ
632 1687 707 1722 παρὰ
720 1685 798 1719 Θεοῦ,
817 1686 864 1713 καὶ

68 1737 191 1772 ἀγγέλων
208 1735 293 1770 ἁγίων
308 1735 454 1771 συνδρομῇ,
465 1735 513 1761 καὶ
525 1735 575 1770 τὴν
589 1735 620 1760 ὲκ
633 1734 681 1770 τῆς
697 1733 863 1768 φαυλότητος

70 1783 227 1816 πλεονεξίαν
244 1780 452 1816 ἀπονιψόμεθα,
475 1781 521 1807 καὶ
543 1780 574 1807 τὸ
593 1779 705 1815 μηδαμῆ
731 1778 862 1815 μηδαμῶς

68 1824 126 1862 ταῖς
142 1829 198 1856 τῶν
214 1827 341 1864 πονηρῶν
356 1827 457 1855 ἁλῶναι
470 1826 559 1859 δίκαις
575 1825 769 1861 ἀναμφιλόγως
783 1825 863 1861 εὑρή-

71 1885 162 1912 σομεν,
176 1875 236 1911 Θεῷ
247 1874 421 1905 πιστεύοντες
436 1872 529 1907 σαφῶς
542 1871 742 1908 ἀνακεκραγότι
758 1870 791 1898 δι’
806 1870 864 1901 ἑνὸς

69 1922 122 1949 τῶν
147 1921 307 1958 προφητῶν,
339 1921 381 1947 ὅτι
399 1929 408 1946 ι
432 1919 502 1953 Ἐγὼ
526 1918 629 1954 Κύριος
642 1918 656 1943 ὁ
674 1917 740 1949 Θεὸς
764 1925 830 1948 σου,
850 1918 864 1943 ὁ

71 1968 179 2004 κρατῶν
197 1968 246 2003 τῆς
261 1966 350 2000 δεξιᾶς
367 1975 424 1998 σου,
440 1966 454 1992 ὁ
466 1965 554 1999 λέγων
574 1973 625 1996 σοι,
639 1963 684 1999 Μὴ
694 1963 789 1998 φοϐοῦ,
811 1963 862 1990 Ἰα-

71 2013 138 2045 κὼῦ,
161 2011 302 2047 ὀλιγοστὸς
326 2011 450 2048 Ἰσραὴλ,
474 2009 528 2045 ἐγὼ
553 2009 690 2045 ἐϐοήθησά
714 2017 764 2042 σοι,
778 2008 863 2045 ⁵λέγει

72 2060 183 2096 Κύριος,
197 2060 211 2085 ὁ
225 2057 406 2094 λυτρούμενός
422 2066 462 2090 σε,
484 2056 602 2092 Ἰσραήλ.
622 2066 631 2082 ι

105 2150 190 2176 ΚΥΡ.
210 2149 246 2176 Ἦ
261 2148 314 2185 γὰρ
335 2147 396 2183 οὐχὶ
411 2147 582 2183 συλλήπτορα
603 2147 658 2178 τοῖς
672 2145 759 2181 ἁγίοις
776 2147 863 2173 ἐκδεί-

73 2197 142 2228 ξειεν
167 2195 202 2222 ἂν
223 2194 269 2221 τὸν
291 2193 381 2220 πάντα
404 2192 530 2228 ἰσχύοντα
551 2191 616 2219 Θεὸν
635 2192 666 2219 τὸ
688 2193 863 2228 ἀπηρτῆσθαι

72 2242 115 2270 τὸν
129 2241 191 2268 Λὼτ
208 2241 259 2276 τῆς
274 2239 328 2266 τῶν
343 2239 466 2274 ἀγγέλων
482 2238 589 2275 χειρ6ς;
609 2238 676 2266 Θεοῦ
700 2239 754 2274 γὰρ
779 2239 862 2271 τύπος

74 2289 106 2316 ἂν
121 2285 176 2314 εἶεν
195 2287 252 2323 [ἂν]
268 2283 351 2314 οὗτοι.
374 2286 453 2321 Τρεῖς
470 2286 518 2320 μὲν
537 2286 565 2311 ἐν
581 2286 650 2321 ἀρχῇ
667 2285 706 2321 τῷ
737 2286 863 2322 Ἀϐραὰμ
883 2307 905 2334 D

75 2334 288 2371 προπεάλλοντες
304 2334 334 2359 ὲν
358 2333 391 2368 τῇ
414 2331 473 2368 δρυῒ
495 2332 528 2367 τῇ
546 2332 679 2368 Μαμῧρῇ,
694 2332 740 2359 δύο
761 2333 789 2359 δὲ
810 2334 866 2364 τοῖς

75 2381 200 2416 Σοδόμοις
216 2379 451 2414 ὲπιφοιτήσαντες.
469 2387 479 2403 ‹
497 2377 564 2404 Οὐδὲ
575 2377 629 2413 γὰρ
644 2379 658 2404 ὁ
669 2379 765 2414 Πατὴρ
778 2378 866 2415 κρίνει

75 2427 180 2460 οὐδένα,
208 2436 218 2453 ι
251 2425 323 2452 κατά
347 2423 396 2460 τὴν
421 2423 503 2450 αὐτοῦ
527 2423 574 2450 τοῦ
603 2423 728 2460 Σωτῆρος
764 2424 865 2460 φωνὴν,

77 2484 86 2500 ‹
104 2473 173 2500 ἀλλὰ
189 2473 282 2499 πᾶσαν
297 2471 345 2508 τὴν
359 2470 448 2507 κρίσιν
462 2470 561 2497 δέδωκε
577 2469 618 2505 τῷ
631 2470 697 2505 Υίῷ”
716 2479 726 2497 ι
744 2470 867 2503 συνόντος

76 2519 146 2554 αὖτῷ
169 2518 293 2554 δηλονότι
319 2517 367 2544 καὶ
386 2516 584 2553 ἐνυπάρχοντος
604 2516 726 2550 φυσικῶς
750 2517 797 2544 καὶ
819 2517 865 2543 τοῦ

76 2565 150 2598 ἁγίου
170 2563 342 2599 Πνεῦματος.

109 2611 214 2638 [ΙΑΑΛ.
232 2609 330 2645 Συνίης
348 2606 378 2636 εὖ
395 2609 475 2644 μάλα.
494 2608 534 2636 Τὰ
553 2608 580 2635 δὲ
597 2608 696 2644 ἑφεξῆς
713 2609 867 2645 περιαθρῶ-

79 2666 135 2691 μεν,
149 2657 175 2683 εί
185 2656 269 2683 δοκεῖ.

110 2703 192 2730 ΚΥΡ.
212 2701 379 2729 Ἀοκνύτατά
389 2710 432 2736 γε,
445 2701 491 2728 καὶ
508 2701 540 2737 δὴ
555 2701 642 2737 ὲρῶ.ζ‹
654 2701 709 2728 Καὶ
724 2701 841 2734 ἐγένετο,
854 2711 864 2727 ι

78 2749 167 2784 φησὶν.
187 2759 196 2775 ‹
209 2749 290 2785 ἡνίκα
306 2748 440 2784 ἐξήγαγον
456 2748 536 2774 αὑτὸν
548 2747 611 2780 ἔξω,
630 2746 716 2774 εἷποψ
731 2747 805 2780 Σῶζε
821 2748 870 2782 τὴν

81 2795 188 2821 σεαυτοῦ
208 2794 308 2831 ψυχὴν,
331 2794 369 2830 μὴ
390 2793 541 2830 περιϐλέψῃ
561 2794 601 2825 εἰς
621 2793 656 2820 τὰ
680 2793 783 2826 ὀπίσω,
803 2793 869 2830 μηδὲ

80 2843 140 2876 uri};
155 2843 184 2868 ἐν
198 2841 272 2877 πάσῃ
296 2842 330 2876 τῇ
352 2839 514 2876 περιχώρῳ·
531 2841 570 2871 εἰς
585 2839 615 2866 τὸ
629 2839 692 2875 ὅρος
711 2838 809 2874 σώζου,
832 2841 869 2876 μὴ

119 2935 141 2951 ⁷¹
157 2934 226 2963 Gen.
252 2943 309 2969 xxx,
331 2935 375 2968 I5,
394 2935 437 2963 16.
488 2936 511 2952 ⁷¹
526 2935 596 2963 Psal.
615 2943 696 2970 uxn,
719 2935 762 2962 24.

813 2934 836 2951 ⁷³
856 2933 935 2961 Prov.
956 2941 1001 2966 xx,
1028 2934 1054 2961 6.

1646 205 1695 232 Ιῖι

566 263 699 295 Ἀναστὰς
721 263 786 289 λάϐε
807 263 855 297 τὴν

917 262 1027 294 ttabant,
1049 262 1119 288 intra
1136 262 1208 289 hunc
1224 262 1334 289 modum
1352 261 1449 294 stetit;
1469 261 1602 297 scriptum
1620 271 1697 290 nant—

906 318 958 344 que
972 314 1015 336 est
1029 309 1147 336 iterum:
1169 318 1178 334 ί
1198 307 1266 335 Cum
1291 316 1354 335 vero
1375 316 1455 335 mane
1483 308 1587 335 factum
1610 315 1696 347 esset,

907 355 1040 389 urgebant
1063 354 1153 389 angeli
1184 353 1251 386 Lot,
1272 354 1396 382 dicentes
1417 363 1423 380 :
1449 354 1550 389 Accipe
1581 362 1695 382 uxorem

907 405 992 434 tuam,
1004 405 1032 428 ct
1043 400 1112 428 duas
1127 400 1197 428 ﬁlias
1213 405 1284 432 tuas,
1301 408 1368 435 quas
1382 400 1480 432 habes,
1502 405 1531 428 et
1540 400 1596 432 exi,
1615 408 1650 428 ne
1667 406 1697 428 et

906 451 935 473 tu
956 454 1052 481 pereas
1076 454 1139 473 cum
1163 445 1357 480 iniquitatibus
1383 445 1512 473 civitatis.
1534 446 1568 474 Et
1591 446 1695 474 turbati

907 496 980 525 sunt,
998 497 1026 520 et
1044 497 1191 519 tenuerunt
1215 491 1303 527 angeli
1319 499 1429 518 manum
1447 492 1517 527 ejus,
1536 497 1565 520 et
1584 500 1697 520 manum

907 538 1000 566 uxoris
1024 538 1093 574 ejus,
1116 540 1145 565 et
1171 545 1269 565 manus
1288 537 1405 564 duarum
1424 537 1542 564 ﬁliarum
1567 539 1642 574 ejus,
1660 546 1697 566 eo

907 583 980 618 quod
998 583 1132 610 Dominus
1150 587 1275 618 parceret
1301 582 1382 609 illi".
1401 592 1410 608 ι
1433 581 1462 609 Id
1478 590 1558 617 porro
1575 591 1634 610 esse
1654 591 1698 610 ar-

907 634 1038 665 gumento
1057 629 1265 657 evidentissimo
1276 633 1377 664 potest,
1392 636 1444 656 nos
1459 637 1515 655 non
1527 629 1619 657 verbis
1635 636 1697 656 tan-

909 681 966 703 tum
984 681 1012 704 et
1027 675 1262 703 admonitionibus
1280 675 1307 702 in
1326 675 1448 702 animum
1469 675 1599 702 immissis
1628 676 1698 703 inci-

909 722 959 748 tari
974 725 1033 748 uta
1057 721 1178 756 peccatis
1204 720 1378 753 recedamus,
1409 720 1457 748 sed
1469 721 1553 748 etiam
1579 721 1612 748 ad
1638 729 1699 748 eam

908 775 971 802 erga
983 775 1034 794 nos
1048 766 1244 802 benignitatem
1256 766 1423 794 descendere
1439 767 1564 794 omnium
1583 767 1701 795 salvato-

909 822 967 841 rem
982 814 1078 846 Dcum,
1089 812 1229 840 uteﬁicaci
1244 821 1295 840 nos
1308 813 1409 840 auxilio
1420 814 1509 849 juvet,
1521 814 1599 850 juxta
1611 814 1698 842 illud:

914 870 922 885 ι
939 860 1063 888 Tenuisti
1078 867 1189 886 manum
1202 859 1342 887 dexteram
1359 867 1458 892 meam,
1475 864 1503 887 et
1517 860 1545 887 in
1559 861 1700 888 voluntate

911 911 957 934 tua
981 906 1118 934 deduxisti
1145 906 1229 933 me".
1250 916 1259 931 ›
1280 906 1348 933 Nam
1371 907 1436 941 quia
1457 906 1577 938 hominis
1603 911 1702 934 natura

910 961 965 980 non
978 956 1020 980 est
1034 951 1181 980 admodum
1200 952 1289 985 ﬁrma,
1301 960 1391 988 neque
1406 953 1474 980 satis
1487 953 1589 984 virium
1606 953 1700 985 habet.

912 1004 942 1026 ut
954 1007 1093 1035 emergere
1110 1008 1125 1027 e
1142 1000 1197 1035 26
1210 1000 1285 1027 vitiis
1299 999 1395 1034 possit,
1407 1007 1486 1035 opem
1505 1000 1545 1026 illi
1560 999 1614 1027 fert
1628 1000 1656 1027 in
1669 1008 1703 1028 ea

911 1055 940 1074 re
953 1047 1034 1074 Deus.
1051 1047 1145 1082 Itaque
1166 1047 1307 1082 duplicem
1326 1046 1441 1082 gratiam
1460 1046 1582 1074 tribuere
1600 1054 1702 1082 cogno—

912 1093 1018 1120 scitur:
1034 1101 1096 1120 cum
1121 1093 1194 1120 enim
1215 1093 1328 1122 monitis
1344 1093 1450 1125 suadet,
1470 1098 1527 1120 tum
1556 1093 1703 1129 adjuvandi

914 1139 1036 1166 rationes
1052 1139 1166 1171 invenit,
1183 1147 1283 1174 easque
1298 1139 1424 1174 prmsenti
1441 1139 1512 1166 malo
1526 1139 1637 1174 vimque
1653 1147 1702 1167 no—

913 1185 955 1212 bis
969 1185 1102 1212 aiierente
1119 1185 1287 1213 valentiores
1302 1185 1394 1213 eﬁicit.
1412 1178 1505 1213 Videri
1518 1190 1610 1213 autem
1623 1185 1704 1213 facile

913 1236 1013 1266 potest,
1045 1240 1142 1260 verum
1171 1240 1233 1260 esse
1253 1232 1332 1265 illud,
1355 1240 1458 1268 paucos
1476 1232 1626 1260 admodum
1643 1240 1705 1260 esse

912 1277 1013 1312 quibus
1029 1278 1135 1313 justitia
1151 1286 1224 1306 cura:
1235 1278 1280 1310 sit,
1300 1279 1468 1313 multamque
1481 1279 1509 1306 in
1525 1279 1577 1306 hac
1587 1279 1643 1307 vita
1654 1287 1704 1314 pe-

913 1323 1021 1350 nuriam
1051 1323 1202 1358 proborum
1236 1323 1398 1351 hominum:
1417 1324 1512 1352 Virum
1540 1324 1614 1352 enim
1635 1325 1704 1353 ﬁde-

913 1370 978 1402 lem,
1001 1374 1031 1397 ut
1048 1370 1182 1405 scriptum
1197 1374 1250 1403 est,
1264 1369 1374 1398 diliicile
1400 1375 1442 1398 est
1463 1371 1630 1399 invenire”.
1651 1372 1705 1400 Ta—

913 1421 976 1441 men
987 1413 1122 1450 ejusmodi
1139 1414 1221 1442 homo
1236 1415 1340 1443 electus
1359 1419 1412 1448 est,
1424 1420 1453 1442 et
1466 1415 1558 1444 divina
1577 1425 1642 1444 cura
1663 1423 1706 1445 at-

913 1468 967 1495 que
987 1459 1159 1495 providentia
1182 1467 1237 1487 non
1254 1459 1388 1488 mediocri
1414 1460 1551 1496 dignatus.
1576 1461 1707 1495 Quamvis

913 1505 987 1531 enim
999 1504 1026 1531 in
1042 1505 1095 1532 hac
1107 1505 1163 1532 vita
1176 1505 1213 1532 sit
1230 1505 1303 1532 inter
1321 1509 1435 1533 caeteros
1450 1506 1559 1539 mistus,
1577 1507 1648 1535 nihil
1664 1513 1706 1536 ta-

915 1559 976 1578 men
990 1559 1023 1578 ex
1040 1559 1072 1578 ca
1086 1559 1115 1578 re
1131 1551 1225 1579 damni
1241 1559 1348 1587 passus,
1366 1557 1396 1580 ut
1413 1552 1502 1580 lilium
1521 1561 1536 1581 e
1555 1554 1642 1589 spinis
1655 1555 1706 1582 de-

915 1597 1045 1632 cerpitur,
1061 1605 1149 1633 neque
1170 1598 1275 1634 justum
1287 1598 1427 1626 hominem
1439 1599 1481 1627 fas
1500 1605 1552 1633 est,
1573 1606 1602 1629 ut
1619 1603 1705 1630 sancti

917 1642 968 1669 viri
986 1646 1131 1675 testantur,
1144 1651 1206 1670 cum
1219 1643 1310 1678 impiis
1327 1643 1427 1678 perire.

953 1687 1051 1715 PALL.
1070 1689 1140 1724 Ergo
1164 1689 1211 1716 Dei
1230 1689 1410 1725 benignitate,
1430 1699 1462 1718 ac
1477 1696 1635 1721 sanctorum
1655 1702 1706 1722 an-

918 1733 1041 1768 gelorum
1055 1741 1116 1768 ope,
1127 1739 1184 1760 tum
1198 1734 1328 1768 nequitia:
1342 1734 1512 1763 dominatum
1524 1738 1706 1769 excutiemus.

919 1785 976 1807 tum
986 1780 1055 1807 illud
1064 1788 1175 1815 quoque
1190 1780 1285 1815 procul
1296 1780 1382 1807 dubio
1397 1788 1588 1816 assequemur,
1604 1789 1707 1813 utnus-

917 1832 1000 1860 quam
1024 1825 1137 1851 omnino
1157 1825 1186 1851 in
1209 1833 1360 1861 pravorum
1387 1826 1530 1854 hominum
1555 1829 1646 1863 pmnis
1666 1831 1705 1858 si-

918 1871 974 1898 mul
996 1871 1185 1906 implicentur,
1210 1871 1266 1899 Deo
1292 1871 1373 1905 freti,
1394 1873 1440 1908 qui
1473 1879 1567 1909 aperte
1597 1877 1706 1911 procla-

918 1921 973 1945 mat
993 1918 1136 1952 prophetce
1171 1917 1315 1953 cujusdam
1342 1926 1409 1946 voce
1429 1928 1435 1945 :
1462 1929 1470 1944 ι
1493 1920 1549 1956 Ego
1574 1922 1708 1950 Dominus

918 1964 990 1991 Deus
1009 1967 1083 1995 tuus,
1107 1963 1154 1998 qui
1185 1968 1264 1991 teneo
1285 1964 1425 1991 dexteram
1448 1969 1538 1999 tuam,
1569 1967 1616 2002 qui
1645 1968 1707 1996 dico

919 2010 985 2042 tibi,
1002 2010 1061 2037 Noli
1081 2010 1187 2042 timere,
1217 2010 1311 2043 Jacoh,
1328 2011 1442 2046 exiguus
1457 2011 1611 2049 Israel,ego
1627 2016 1706 2042 auxi-

918 2056 1001 2083 liatus
1016 2063 1077 2083 sum
1097 2055 1158 2088 tibi,
1176 2055 1244 2082 dicit
1256 2056 1405 2089 Dominus,
1422 2057 1468 2092 qui
1488 2058 1592 2086 redemi
1609 2065 1647 2094 te,
1665 2061 1706 2090 Is-

918 2103 972 2130 rael
987 2102 1020 2129 ".
1041 2112 1049 2127 ι

953 2148 1031 2176 CYR.
1046 2148 1087 2175 An
1104 2155 1169 2176 vero
1192 2156 1288 2183 parum
1304 2149 1460 2177 ostenditur
1479 2151 1565 2179 Deum
1581 2154 1707 2189 omnipo-

919 2200 1020 2223 tentem
1035 2203 1095 2223 esse
1109 2200 1265 2223 sanctorum
1283 2196 1425 2225 hominum
1446 2198 1616 2234 adjutorem,
1633 2200 1660 2228 in
1674 2209 1708 2228 eo

917 2241 990 2277 quod
1007 2241 1058 2268 Lot
1083 2249 1164 2269 manu
1187 2241 1240 2269 fuit
1263 2242 1423 2278 angelorum
1446 2245 1707 2279 apprehensusHlli

918 2288 991 2315 enim
1017 2287 1106 2322 angeli
1122 2287 1236 2322 ﬁguram
1254 2287 1303 2315 Dei
1318 2293 1373 2315 non
1387 2289 1506 2317 absurde
1522 2295 1627 2324 tenent,
1644 2300 1708 2319 cum

920 2337 976 2361 tres
987 2333 1063 2369 prius
1069 2333 1102 2360 ad
1111 2332 1249 2360 Abraham
1257 2334 1423 2361 accesserint
1430 2335 1464 2362 ad
1477 2343 1610 2370 quercum
1621 2337 1708 2366 Mam-

921 2381 986 2412 bre,
1012 2380 1067 2407 duo
1097 2387 1192 2407 rursus
1223 2379 1357 2408 adversus
1396 2380 1543 2410 Sodomam
1569 2384 1707 2412 venerint.

925 2437 933 2452 ‹
945 2426 1038 2461 Neque
1055 2426 1128 2453 enim
1141 2426 1220 2453 Pater
1232 2426 1338 2461 judicat
1348 2434 1524 2462 quemquam,
1537 2439 1546 2454 ι
1556 2430 1633 2465 juxta
1648 2431 1708 2460 Sal-

921 2471 1025 2499 vatoris
1052 2471 1138 2499 nostri
1161 2479 1267 2504 vocem,
1288 2481 1296 2497 ‹
1309 2472 1358 2500 sed
1377 2480 1458 2501 omne
1474 2475 1610 2510 judicium
1633 2477 1710 2506 dedit

920 2518 1032 2544 Filio":
1048 2527 1056 2542 ι
1067 2525 1129 2545 cum
1141 2525 1196 2552 quo
1208 2519 1302 2552 procul
1314 2519 1400 2547 dubio
1410 2520 1491 2548 simul
1507 2521 1585 2550 adest
1597 2512 1709 2553 sanctus

919 2564 1038 2600 Spiritus
1049 2569 1078 2592 et
1092 2565 1254 2592 naturaliter
1270 2565 1351 2593 inest.

954 2610 1052 2638 PALL.
1068 2611 1152 2638 Recte
1163 2610 1302 2647 intelligis.
1319 2612 1384 2646 Sed,
1397 2613 1420 2640 si
1437 2614 1536 2649 placet,
1546 2624 1577 2644 ea
1592 2624 1653 2652 qum
1667 2625 1711 2645 se-

920 2662 1042 2691 quuntur
1059 2657 1274 2685 consideremus.

955 2702 1034 2731 CYR.
1058 2703 1131 2730 Nihil
1152 2711 1255 2736 moror,
1273 2708 1355 2739 atque
1373 2705 1429 2740 jam
1452 2706 1552 2735 dicam.
1582 2718 1591 2734 ι
1608 2710 1643 2736 Ει
1667 2710 1708 2737 fa-

921 2752 995 2775 ctum
1009 2753 1061 2782 est,
1082 2758 1091 2775 »
1111 2748 1214 2784 inquit,
1230 2757 1239 2774 ι
1253 2755 1399 2784 postquam
1414 2751 1570 2780 eduxerunt
1581 2761 1644 2781 eum
1666 2755 1709 2782 fo-

922 2803 977 2827 ras,
993 2795 1144 2823 dixerunt:
1162 2795 1242 2823 Salva
1269 2796 1387 2824 animam
1412 2802 1497 2828 tuam,
1518 2806 1554 2826 ne
1579 2800 1710 2834 respicias

922 2845 1007 2874 retro,
1024 2849 1114 2877 neque
1127 2845 1182 2869 stes
1199 2841 1227 2868 in
1242 2842 1317 2869 omni
1326 2842 1398 2870 circa
1415 2843 1708 2879 regionezinmontem

1105 2935 1128 2951 ⁷⁸
1161 2935 1212 2962 Isa.
1236 2943 1290 2970 xu,
1323 2935 1340 2964 8
1361 2944 1421 2971 sqq.
1480 2937 1502 2953 τ’
1517 2937 1595 2964 Joan.
1615 2945 1641 2971 v,
1662 2936 1708 2965 2‘2.
