1924 3043
200 139 252 166 175

200 198 304 224 salvum
323 201 348 224 te
362 196 417 227 fac,
439 203 472 223 ne
484 195 553 222 forte
570 195 650 223 simul
667 196 949 230 comprehemlaris”.
970 206 978 221 ι
999 204 1019 228 Α

200 242 230 269 In
252 243 305 269 illis
319 242 407 276 itaque
422 241 521 272 verbis,
537 250 546 266 ‹
565 241 644 268 Salva
655 241 773 268 animam
786 245 870 273 tuam,
889 251 896 266 I
917 241 983 268 illud

201 287 342 315 manifeste
357 286 410 314 dici
421 287 562 314 arbitror:
581 296 590 312 ι
610 287 647 314 Te
666 287 755 322 ipsum
779 292 885 314 castum
921 295 984 314 cus-

201 333 266 366 todi,
277 338 305 360 et
314 341 347 360 ne
357 332 542 360 communices
557 333 676 368 peccatis
687 333 823 361 alienis".
839 343 848 358 ›
859 334 897 360 Ac
907 333 984 360 vince

199 387 242 410 ea,
257 385 316 413 qua:
332 378 452 405 mundus
466 377 556 410 affert,
571 378 784 413 impedimenta;
800 385 890 412 neque
911 377 985 404 enim

200 423 347 451 universus
358 423 477 450 mundus
486 424 590 459 justum
601 427 643 451 est
657 423 786 459 pretium,
802 431 852 458 pro
862 430 916 459 quo
926 423 986 450 ani-

200 477 244 496 ma
269 474 465 497 commutatur.
490 479 499 495 α
518 469 589 503 Quid
608 469 681 496 enim
695 469 806 504 prodest
829 468 945 501 homini,
963 468 986 496 si

200 516 360 544 universum
369 516 501 544 mundum
516 516 648 548 lucretur,
667 516 720 551 27
736 516 833 543 animae
849 523 915 543 vero
931 523 987 543 suae

200 562 395 590 detrimentum
408 562 577 597 patiatur”?
593 571 601 587 ›
615 562 692 594 Quod
715 566 806 589 autem
827 562 865 589 ait
881 561 917 589 ita
935 562 987 589 sibi

199 617 260 637 esse
275 609 482 642 ambulandum,
502 617 536 636 nc
565 617 594 636 se
614 614 762 636 retrorsum
786 613 939 641 convertat,
960 609 986 636 id

201 655 314 682 fortasse
325 654 470 690 significat,
488 654 640 682 cavendum
660 662 732 686 esse,
751 663 785 682 ne
801 655 866 682 dum
889 663 939 682 nos
953 655 987 682 ad

203 700 354 735 nequitiam
369 701 564 733 convertimus,
581 702 676 728 eadem
695 710 756 728 eum
774 702 807 728 iis
819 701 911 728 denuo
924 709 987 728 sen-

202 746 253 774 tire
278 746 461 781 incipiamus,
486 747 533 782 qui
553 747 580 774 in
600 747 764 782 supplicium
785 747 856 782 ignis
878 752 989 782 propter

203 793 439 828 intemperantiam
457 793 621 820 inciderunt.
641 803 649 818 ε
662 793 747 821 Nemo
759 794 842 826 enim,
858 804 866 820 ι
889 794 987 829 inquit,

205 849 214 865 ί
231 839 342 867 mittens
358 847 468 866 manum
487 839 521 866 ad
539 843 674 870 aratrum,
691 845 719 867 et
738 847 888 867 conversus
904 845 987 872 retro,

201 890 281 921 aptus
294 890 336 912 est
354 894 437 921 regno
448 886 579 913 caelorum
591 886 624 912 ⁷³.
646 896 654 912 ι
671 885 801 913 Tenenda
814 890 855 912 est
873 893 989 920 namque
1006 881 1026 908 Β

201 932 298 960 salutis
311 932 364 964 via,
387 939 442 959 non
463 932 514 959 hac
534 931 596 958 illac
616 931 827 963 deflectendum,
846 939 935 966 neque
955 931 988 958 ad

201 987 284 1006 vanas
297 978 429 1013 imagines
443 978 643 1005 mundanarum
664 978 845 1013 cupiditatum
860 979 929 1005 levis
944 982 988 1005 at-

201 1035 255 1062 que
270 1026 400 1054 volubilis
421 1026 529 1053 animus
543 1029 586 1053 est
612 1026 795 1061 impellendus
806 1035 813 1059 ;
824 1026 871 1053 sed
887 1026 991 1061 integer

201 1078 283 1108 atque
291 1073 415 1108 vigilans,
430 1077 458 1099 et
479 1072 525 1107 qui
540 1079 648 1107 semper
662 1071 795 1099 directum
814 1072 866 1099 iter
883 1073 989 1107 aspice-

202 1127 230 1145 re
249 1122 342 1150 curet,
363 1118 391 1145 in
409 1117 489 1145 nobis
510 1117 576 1153 ipsis
595 1121 637 1145 est
662 1118 879 1146 conservandus.
901 1118 989 1152 Quin-

201 1166 284 1192 etiam
294 1165 332 1196 id,
348 1165 421 1200 quod
433 1165 522 1200 majus
537 1169 589 1195 est,
606 1165 714 1192 dicam:
730 1165 768 1192 ait
781 1165 854 1192 enim
866 1165 989 1199 angelus.

201 1219 255 1238 non
271 1210 352 1238 modo
369 1211 405 1238 ita
421 1210 458 1237 illi
476 1218 536 1237 esse
559 1210 766 1241 ambulandum,
789 1218 823 1237 ne
841 1215 990 1237 retrorsum

201 1269 230 1288 se
251 1263 401 1291 convertat,
416 1259 463 1286 sed
480 1264 634 1294 opportune
654 1259 775 1294 adjecit:
797 1268 806 1283 ‹
826 1259 864 1286 Ne
881 1264 937 1286 stes
959 1258 986 1285 in
1005 1258 1078 1285 omni
1094 1258 1167 1286 circa
1186 1258 1318 1294 regione;
1338 1259 1365 1286 in
1401 1264 1522 1287 montem
1543 1260 1647 1288 salvum
1666 1266 1693 1288 te
1727 1261 1782 1293 fac,
1805 1269 1842 1288 ne
1886 1277 1890 1280 -

202 1307 272 1334 forte
285 1311 312 1334 et
327 1311 356 1334 tu
367 1305 448 1333 simul
464 1305 592 1339 capiaris.
613 1315 620 1330 ι

238 1352 336 1380 PALL.
353 1351 425 1385 Quid
439 1358 506 1378 vero
524 1350 592 1378 illud
624 1355 683 1383 est,
708 1359 717 1376 ‹
731 1351 770 1378 Ne
788 1355 843 1377 stes
870 1351 897 1377 in
915 1350 989 1377 omni

203 1399 277 1427 circa
291 1397 423 1433 regione?
437 1406 446 1422 ι

241 1443 320 1470 CYR.
340 1442 427 1474 Illam,
443 1441 470 1468 ni
490 1441 580 1474 fallor,
604 1442 732 1469 inertiam
751 1447 831 1477 atque
846 1443 990 1478 segnitiem

205 1489 239 1516 ad
259 1488 439 1516 resiliendum
451 1495 466 1515 a
486 1488 572 1520 vitiis,
590 1488 725 1516 lubricam
739 1495 809 1521 esse,
840 1494 869 1516 et
879 1489 989 1524 pericu-

206 1536 290 1562 losam
312 1534 460 1570 signiﬁcat.

240 1580 316 1608 PAL.
335 1580 458 1613 Quonam
474 1579 566 1612 modo,
588 1579 643 1612 dic,
664 1580 790 1608 obsecro.

239 1625 318 1654 CYR.
331 1625 512 1660 Prophcticus
521 1625 594 1653 enim
609 1633 698 1653 semio
711 1626 752 1654 sic
768 1627 807 1654 ait
821 1636 827 1653 :
847 1637 855 1652 ‹
871 1627 926 1659 Vae,
943 1627 990 1662 qui

212 1669 304 1697 facitis
314 1677 383 1705 opus
396 1669 444 1696 Dei
463 1669 632 1705 negligenter
642 1671 675 1698 ⁸⁸.
689 1687 725 1691 -
739 1671 848 1699 Currite
867 1672 949 1699 etiam
962 1678 993 1700 ut

206 1715 456 1752 comprehendatis,
474 1726 482 1741 ι
505 1716 544 1743 ait
557 1716 654 1744 beatus
669 1716 771 1745 Paulus
786 1717 818 1744 ".
835 1717 903 1745 Nam
919 1719 991 1746 nolle

206 1762 269 1789 forti
275 1767 314 1789 ter
321 1770 353 1789 ac
363 1761 436 1789 serio
443 1770 458 1789 a
467 1762 582 1798 turpiori
595 1762 652 1789 vita
658 1763 794 1798 refugere,
803 1764 876 1799 quod
884 1765 993 1792 animus

206 1815 278 1843 aegre
291 1815 321 1835 se
338 1807 451 1835 avcteri
470 1808 671 1836 consuetudine
691 1808 785 1836 divelli
806 1810 937 1844 patiatur,
961 1818 993 1838 ac

207 1853 293 1881 veluti
307 1860 369 1881 cum
389 1853 506 1888 quadam
518 1853 642 1880 molestia
662 1861 677 1880 a
699 1854 814 1889 singulis
838 1855 993 1890 quibusque

213 1899 292 1927 vitiis
315 1899 439 1929 discedat
466 1899 680 1934 gravissimeque
704 1907 732 1927 se
751 1900 786 1927 ad
810 1901 837 1927 id
859 1901 992 1933 conferat,

206 1945 280 1980 quod
306 1948 402 1979 suapte
416 1947 514 1971 natura
533 1944 654 1978 prodest,
673 1952 728 1971 non
744 1945 819 1972 aliud
841 1951 893 1978 est,
911 1955 992 1982 quam

209 1992 235 2018 in
255 1991 346 2018 vicina
360 1989 490 2024 nequitia:
510 1990 620 2024 regione
649 1989 809 2024 subsistere,
823 1991 895 2019 unde
910 1992 992 2020 celeri

208 2045 291 2064 cursu
313 2035 445 2063 excedere
465 2039 583 2070 oportet.
599 2035 671 2062 Fieri
697 2044 815 2071 namque
848 2041 938 2072 potest
964 2043 994 2066 ut

208 2083 369 2119 priusquam
387 2081 446 2108 vitii
464 2082 591 2108 terminis
604 2082 813 2115 excesserimus,
836 2083 901 2110 dum
920 2091 977 2110 sem

209 2136 260 2163 per
277 2131 441 2154 cunctamur
454 2134 485 2154 ac
498 2126 721 2162 tcrgiversamur,
741 2127 833 2155 divina
856 2136 906 2156 nos
926 2129 994 2156 ultio
1015 2126 1019 2132 λ

209 2172 368 2208 praeveniat,
381 2177 527 2207 antequam
549 2172 669 2200 maculas
681 2174 898 2208 purgaverimus,
916 2179 994 2202 ante-
1012 2180 1032 2209 υ

210 2226 293 2254 quam
310 2217 411 2245 veteris
427 2217 558 2245 socordia:
572 2217 687 2245 infusam
698 2219 789 2246 animo
807 2220 896 2247 labem
915 2221 994 2249 elue-

210 2265 306 2296 rimus,
323 2266 470 2297 antequam
485 2262 631 2290 criminum
657 2271 672 2290 a
696 2263 776 2292 nobis
788 2265 922 2292 sarcinam
945 2274 993 2293 ex-

208 2309 387 2340 cusserimus,
409 2308 559 2343 iugumque
587 2309 754 2337 subierimus
770 2310 837 2338 illud
863 2312 992 2343 salutare,

206 2362 241 2384 ac
259 2354 381 2389 requiem
397 2361 448 2388 per
462 2353 601 2381 Christum
618 2354 815 2384 invenerimus.
836 2356 944 2392 Optima
952 2362 994 2385 est

165 2408 177 2411 ··
207 2398 292 2434 igitur
310 2398 473 2430 exhortatio.
499 2408 508 2424 ι
528 2398 567 2427 Ne
583 2403 640 2427 stes
661 2399 688 2427 in
712 2401 787 2427 omni
811 2401 884 2429 circa
902 2402 992 2437 regio-

207 2452 254 2476 ne,
269 2453 279 2470 ι
305 2444 358 2471 hoc
375 2448 428 2477 est,
456 2451 522 2472 cave
545 2452 580 2472 ne
599 2445 627 2472 in
653 2446 711 2473 ullo
734 2447 865 2481 nequitiae
891 2455 992 2482 genere

209 2494 301 2516 moras
316 2489 425 2517 trahere
450 2489 675 2524 deprehendaris,
699 2491 747 2518 sed
766 2492 883 2519 ascende
908 2493 991 2519 veluti

210 2540 237 2561 In
250 2537 379 2566 montem,
400 2533 427 2560 in
444 2534 569 2562 eximiam
590 2543 687 2570 nempe
703 2544 734 2562 ac
747 2537 922 2571 spectabilem
948 2538 991 2565 vi—

211 2583 275 2612 tam,
288 2587 350 2614 quae
374 2579 477 2607 humile
493 2585 522 2608 et
547 2581 684 2616 abjeetum
711 2582 779 2608 nihil
806 2582 915 2615 habeat,
937 2584 992 2619 23

209 2625 257 2653 sed
273 2625 378 2652 excelsa
404 2625 569 2661 sublimique
592 2626 694 2652 virtute
717 2627 863 2660 praecellat,
883 2628 917 2654 ab
940 2628 992 2655 liu-

210 2671 266 2699 mili
280 2679 387 2706 quoque
398 2680 490 2704 sensu,
506 2676 626 2703 terreno,
642 2673 764 2707 inquam,
779 2679 860 2709 atque
876 2675 990 2707 carnali,

209 2718 245 2745 sit
277 2718 376 2744 aliena.
405 2718 543 2752 Scriptum
576 2725 694 2752 namque
723 2724 764 2746 est
790 2728 796 2746 :
825 2730 833 2745 ι
852 2720 899 2747 Dei
937 2721 992 2748 for—

211 2766 250 2788 tes
279 2768 294 2787 a
311 2766 381 2788 terra
406 2761 584 2788 vehementer
603 2761 702 2789 elevati
721 2768 785 2790 sunt
807 2763 839 2789 ⁸¹.
857 2774 866 2789 ›
889 2764 992 2791 Sensus

245 2818 266 2834 "
281 2818 347 2846 Gen.
367 2826 420 2847 XIX.
438 2818 480 2844 Π.

245 2818 266 2834 ’⁸
281 2818 347 2846 Gen.
367 2826 420 2847 XIX.
438 2818 480 2844 Π.
519 2818 540 2833 ⁷⁷
559 2817 700 2846 lTimoth.
717 2828 742 2853 v,
761 2820 804 2847 22.
816 2821 846 2855 ﬁ"
863 2821 957 2848 Matth.
973 2829 1035 2848 xvnt

211 2861 248 2880 lx.
261 2852 305 2880 24.
349 2854 371 2869 ⁸³
388 2853 456 2879 l‘sal.
480 2861 548 2880 xui.
564 2853 586 2879 ι.

241 2873 248 2886 ,
263 2872 305 2880 --..

349 2854 371 2869 ⁸³
388 2853 456 2879 l‘sal.
480 2861 548 2884 xui,
564 2853 586 2879 ί.

706 136 732 163 S.
754 136 891 163 (ZYRlLLl
912 136 1144 164 ALEXANDRINI
1167 136 1324 165 ARClllEP.

1780 135 1833 164 176

1036 205 1098 222 ποτε
1112 197 1355 232 συμπαραληφοῇς.
1376 207 1383 221 ι
1409 198 1452 224 Ἐν
1469 197 1518 232 μὲν
1533 194 1578 224 οὖν
1594 197 1642 232 τῷ,
1662 206 1670 223 t
1691 197 1766 229 Σῶζε
1783 198 1834 232 τὴν

1035 243 1148 270 σεαυτοῦ
1159 243 1257 279 ψυχὴν,
1273 254 1281 269 ι
1298 244 1368 278 φημὶ
1378 243 1409 279 δὴ
1421 243 1545 278 λέγεσθαι
1562 244 1655 278 σαφῶς
1664 243 1704 276 τὸ,
1722 253 1731 268 ι
1747 243 1835 269 Esau-

1034 289 1079 315 τὸν
1094 289 1273 325 ἁγνόντήρει·
1298 290 1345 316 καὶ
1363 289 1400 325 μὴ
1424 289 1548 316 κοινώνει
1571 289 1722 324 ἁμαρτίαις
1748 287 1836 315 ἀλλο-

1034 335 1132 370 τρίαις.
1154 345 1163 362 ι
1186 336 1240 362 Καὶ
1254 335 1373 370 ἀμείνων
1396 335 1442 362 ἕσο
1458 336 1513 362 τῶν
1538 337 1566 361 ὲν
1585 335 1681 371 κόσμῳ
1697 343 1834 370 παραπο-

1035 381 1182 416 δισμάτων·
1200 381 1288 416 ψυχῆς
1304 380 1359 416 γὰρ
1378 381 1556 417 ἀντάλλαγμα
1571 381 1600 408 τὺ
1617 382 1728 417 σύμπαν
1741 381 1835 408 οὐδέν.

1039 436 1047 451 ι
1067 427 1100 454 Τί
1113 427 1166 463 γὰρ
1181 427 1387 462 ὠφεληθήσεται
1409 427 1552 463 ἄνθρωπος
1562 448 1569 459 ,
1586 428 1650 456 ὅταν
1664 429 1711 455 τὸν
1726 429 1836 463 κόσμον

1035 471 1095 498 ὅλον
1110 471 1238 507 κερδήσῃ,
1256 472 1304 507 τὴν
1317 471 1343 498 δὲ
1359 471 1448 507 ψυχὴν
1462 472 1544 499 αὑτοῦ
1562 473 1706 509 ζημιωοῇ;
1725 483 1735 499 ι
1751 473 1789 500 Th
1807 473 1838 499 δὲ

1036 517 1068 552 δὴ
1081 517 1178 552 χρῆναι
1188 517 1278 552 λέγειν
1292 519 1496 554 ἀμεταστρεπτὶ
1507 518 1643 546 ποιεῖσθαι
1654 519 1702 555 τὴν
1713 519 1836 554 βάδισιν,

1039 564 1164 599 σημαίνει
1188 573 1239 591 που
1263 565 1334 599 τάχα
1347 564 1388 596 τὸ,
1405 564 1441 600 μὴ
1458 567 1517 596 ταῖς
1539 566 1578 597 είς
1601 566 1758 600 φαυλότητα
1784 574 1838 601 με·

1037 611 1201 645 ταστροφαῖς
1224 610 1258 637 τὰ
1276 610 1320 637 ἴσα
1338 612 1444 646 φρονεῖν
1465 611 1572 638 ἑλέσθαι
1597 612 1677 638 πάλιν
1702 613 1758 643 τοῖς
1779 612 1838 638 ὑπὸ

1037 656 1114 691 δίκην
1129 656 1178 692 τὴν
1191 656 1276 692 napi;
1294 657 1322 690 ἐξ
1339 657 1475 694 ἀκρασίας
1486 657 1677 692 ἐνηνεγμένοις
1692 658 1715 693 (ι
1735 657 1839 688 Οὐδεὶς

1038 701 1104 737 γὰρ,
1125 711 1134 728 ι
1155 702 1232 737 φησι,
1257 712 1265 728 ι
1292 702 1339 738 τὴν
1365 704 1442 738 χεῖρα
1466 703 1553 738 βαλὼν
1576 704 1619 730 ἐπ’
1638 704 1765 740 ἄροτρον,
1786 703 1840 730 καὶ

1040 748 1169 783 στραφεὶς
1191 750 1230 780 είς
1249 749 1283 775 τὰ
1298 749 1395 782 ὀπίσω,
1413 749 1520 782 εὔθετός
1537 751 1610 776 ἐστιν
1630 752 1669 782 εἰς
1686 751 1735 786 τὴν
1754 750 1839 785 βασε-

1039 794 1113 821 λείαν
1128 795 1181 821 τῶν
1198 795 1348 831 οὐρανῶν)·
1370 805 1378 821 ι
1399 796 1510 831 ἔχεσθαι
1531 796 1559 823 δὲ
1580 797 1635 824 δεῖν
1651 797 1701 832 τῆς
1721 797 1762 828 εἰς
1780 805 1840 823 σω-

1039 841 1136 876 τηρίαν
1153 841 1224 874 ὁδοῦ,
1246 842 1282 877 μὴ
1299 842 1362 878 τῇδε
1379 843 1490 869 κάκεῖσε
1512 842 1740 878 1περισπωμένους
1753 862 1760 874 ,
1786 843 1841 869 καὶ

1041 887 1201 922 φαντασίαις
1216 887 1309 920 ἑώλοις
1326 889 1467 923 κοσμικῶν
1481 889 1635 924 ἐπιθυμιῶν
1651 890 1770 925 ἐλαφρὸν
1786 891 1840 917 καὶ

1041 933 1258 969 εὐδιαρῤίπιστον
1273 934 1346 966 νοῦν,
1362 935 1419 961 ἀλλ’
1438 935 1531 970 ἐντελῆ
1547 944 1575 961 τε
1591 936 1638 962 καὶ
1652 936 1767 967 ἄϋπνον,
1787 937 1841 963 καί

1041 981 1080 1012 είς
1104 979 1168 1006 εὐοῖ)
1193 979 1302 1015 βλέπειν
1327 981 1369 1008 ἀεὶ
1395 982 1610 1017 μεμελετηκότα,
1631 982 1783 1017 τηροῦντας
1808 983 1842 1008 EI

1040 1024 1155 1055 ἑαυτοῖς.
1171 1024 1224 1051 Καὶ
1239 1024 1269 1051 τὸ
1282 1024 1322 1051 ἔτι
1336 1025 1428 1060 μεῖζον
1444 1026 1508 1062 ὲρῶ·
1531 1027 1597 1062 φησὶ
1612 1026 1666 1062 γὰρ
1681 1028 1696 1054 ὁ
1715 1027 1839 1061 ἄγγελος

1041 1069 1090 1104 οὐχ
1107 1070 1146 1096 ὅτι
1160 1070 1213 1106 χρὴ
1223 1070 1273 1106 ἤδη
1287 1071 1367 1106 μόνον
1381 1071 1462 1098 αὐτὸν
1476 1072 1683 1108 ἀμεταστρεπτὶ
1697 1073 1841 1100 ποιεῖσθαι

1043 1116 1091 1151 τὴν
1103 1115 1216 1150 βάδισιν
1229 1117 1382 1154 προσετίθει
1393 1117 1421 1144 δὲ
1436 1119 1579 1154 χρησίμως
1591 1119 1631 1151 τὸ,
1650 1129 1659 1145 ε
1671 1119 1718 1154 Μὴ
1728 1121 1796 1155 στῇς
1811 1121 1842 1146 ἐν

1042 1162 1116 1199 πάσῃ
1129 1164 1161 1198 τῇ
1177 1163 1332 1198 περιχώρῳ.
1351 1164 1397 1196 Εἰς
1411 1163 1441 1190 τὸ
1452 1164 1514 1199 ὅρος
1530 1164 1627 1197 σώζου,
1643 1166 1749 1201 μήποτε
1768 1175 1842 1200 συμ-

1045 1209 1237 1245 παραληφοῇς.
1258 1219 1267 1235 ι

1078 1348 1180 1374 ΠΑΛᾹ.
1199 1347 1253 1374 Καὶ
1271 1347 1296 1374 τί
1314 1347 1346 1374 ἂν
1362 1347 1483 1383 βούλοιτο
1499 1347 1596 1383 δηλοῦν
1624 1349 1664 1380 τὸ,
1686 1358 1694 1374 ι
1711 1349 1758 1384 Μὴ
1774 1351 1842 1384 uti;

1042 1396 1070 1420 ὲν
1086 1394 1158 1429 πάσῃ
1174 1395 1205 1429 τῇ
1222 1393 1384 1429 περιχώρῳς
1407 1403 1416 1419 ι

1078 1440 1159 1466 ΚΥΡ.
1175 1440 1212 1466 Τὸ
1226 1438 1301 1474 οἶμαι
1315 1439 1418 1475 νωθράν
1438 1447 1467 1465 τε
1483 1440 1529 1466 καὶ
1550 1439 1664 1474 ἀδρανὲς
1685 1440 1725 1471 είς
1739 1440 1769 1466 τὸ
1785 1440 1841 1466 δεῖν

1043 1485 1202 1517 ἐξίπτασθαι
1215 1486 1261 1512 τοῦ
1275 1485 1371 1518 κακοῦ,
1387 1485 1518 1521 σφαλερόν
1534 1494 1563 1512 τε
1581 1486 1627 1512 καὶ
1641 1486 1802 1521 ἐπιζήμιον.

1077 1575 1178 1601 ΠΔΛΛ.
1195 1574 1301 1610 Φράσον
1313 1574 1398 1606 ὅπως.

1076 1621 1158 1648 ΚΥΡ.
1174 1620 1345 1656 Προφητικδς
1360 1620 1411 1656 ἔφη
1432 1620 1520 1655 λόγος·
1537 1631 1546 1647 α
1563 1621 1640 1654 Οὐαὶ,
1657 1622 1680 1648 οἱ
1697 1621 1839 1653 ποιοῦντες

1041 1667 1070 1693 τὸ
1084 1667 1163 1702 ἔργον
1183 1666 1286 1702 Κυρίου
1303 1666 1422 1701 ἀμελῶς.
1436 1666 1594 1702 -Τρέχετε
1608 1667 1635 1693 δὲ
1651 1667 1694 1694 ἵνα
1716 1668 1839 1694 καταλά-

1042 1712 1118 1746 6ητε,
1134 1721 1142 1737 ι
1159 1711 1207 1738 καὶ
1223 1711 1304 1744 αὑτός
1320 1711 1369 1738 πού
1387 1720 1468 1747 φησιν
1483 1713 1496 1738 ό
1508 1712 1649 1744 θεσπέσιος
1662 1713 1779 1745 Παῦλος.
1799 1714 1835 1740 Τὸ

1042 1759 1096 1794 γάρ
1121 1766 1162 1784 τοι
1187 1757 1224 1793 μὴ
1249 1757 1315 1793 δρᾷν
1343 1758 1445 1785 ἐθέλειν
1470 1758 1668 1786 εὐσθενέστατά
1691 1767 1721 1786 τε
1746 1760 1795 1786 καὶ
1811 1761 1839 1786 ἐν

1043 1804 1144 1839 σπουδῇ
1169 1804 1218 1839 τὴν
1238 1804 1270 1830 ἐκ
1290 1803 1345 1831 τῶν
1364 1803 1507 1838 αἰσχιόνων
1530 1804 1698 1840 ἁποδρομὴν,
1716 1805 1837 1831 δυσαπο-

1043 1849 1170 1880 σπάστως
1186 1848 1291 1884 ἔχοντος
1309 1849 1376 1884 πρὸς
1392 1849 1425 1875 τὰ
1441 1849 1541 1885 ἀρχαῖα
1554 1849 1601 1875 τοῦ
1620 1849 1678 1881 νοῦ,
1693 1850 1742 1877 καὶ
1757 1851 1838 1877 οἱονεὶ

1044 1895 1162 1929 στυγνῶς
1177 1895 1223 1929 ἀφ’
1241 1895 1356 1921 ἑκάστου
1384 1895 1437 1922 τῶν
1453 1895 1563 1929 φαύλων
1577 1896 1757 1931 ἀπαίροντος,
1776 1896 1838 1922 δυσ-

1043 1941 1174 1967 οκνότατα
1184 1940 1212 1966 δὲ
1222 1940 1456 1976 μεθορμιζομὲνου
1468 1940 1535 1976 πρὸς
1543 1941 1572 1967 τὸ
1584 1941 1704 1975 πεφυκὸς
1710 1941 1837 1976 ὠφελεῖν,

1043 1986 1085 2021 εἴη
1104 1987 1136 2013 ἂν
1152 1986 1243 2021 ἕτερον
1257 1986 1343 2018 οὐδὲν,
1353 1986 1370 2021 ἢ
1385 1985 1414 2012 τὺ
1430 1986 1522 2021 στῆναι
1538 1985 1629 2014 λοιπὸν
1644 1987 1673 2013 ἐν
1690 1987 1838 2023 περιχώρῳ

1045 2032 1160 2063 καικίας,
1183 2031 1270 2058 καίτοι
1293 2031 1429 2066 δρομαίως
1451 2031 1551 2064 ἐξιέναι
1572 2031 1642 2059 δέον.
1669 2032 1705 2059 Ἦ
1729 2033 1784 2068 γὰρ
1804 2033 1836 2060 ἄν

1044 2079 1097 2105 τῶν
1119 2078 1308 2114 ἐνδεχομένων,
1330 2078 1394 2113 πρὶν
1415 2078 1485 2113 ὅρων
1511 2077 1563 2110 ἔξω
1586 2078 1712 2112 γενέσθαι
1737 2079 1836 2110 κακοῦ,

1047 2123 1192 2159 μέλλοντας
1213 2123 1256 2150 ἀεὶ
1281 2122 1327 2150 καὶ
1352 2122 1549 2158 ἀναδιδομένους
1570 2123 1778 2159 καταληφθῆναι
1803 2125 1837 2160 τῇ

1048 2170 1120 2207 δίκῃ.
1134 2170 1198 2206 πρὶν
1214 2169 1441 2205 ἀποκαθήρασθαι
1452 2169 1501 2204 τὴν
1515 2169 1621 2204 κηλίδα,
1635 2171 1700 2205 πρὶν
1713 2170 1837 2198 ἀποπλὺ-
1859 2200 1865 2205 ⁸

1043 2217 1138 2244 νασΘαι
1157 2217 1203 2243 τὸν
1219 2216 1252 2242 ὲκ
1268 2217 1317 2251 τῆς
1333 2215 1450 2251 ἀρχαίας
1468 2215 1602 2251 ῥᾳθυμίας
1625 2216 1789 2251 ἐντετηκότα
1803 2218 1835 2252 τῇ

1042 2263 1114 2298 ψυχῇ
1132 2261 1277 2297 μολυσμὸν,
1289 2261 1359 2300 πρὶν.
1365 2260 1600 2296 ἀποφορτίσασθαι
1613 2260 1646 2288 τὰ
1661 2261 1745 2297 ὲγκλή
1751 2270 1834 2296 ματα,

1043 2308 1091 2335 καὶ
1105 2307 1186 2341 ζυγὸν
1203 2306 1369 2342 ὑποδραμεῖν
1392 2306 1438 2333 τὸν
1457 2306 1602 2341 σωτήριον,
1627 2305 1836 2337 ἀναπαύσασθαι

1042 2353 1087 2380 διὰ
1110 2352 1238 2388 Χριστοῦ.
1270 2353 1398 2388 Ἀριστον
1423 2349 1470 2379 οὖν
1495 2352 1762 2387 παρακελευσμάτων
1789 2353 1836 2384 τὸ,

1047 2408 1058 2425 ε
1074 2398 1119 2434 Μὴ
1130 2399 1193 2434 στῇς
1207 2399 1236 2424 ὲν
1250 2398 1323 2433 πάσῃ
1338 2399 1372 2433 τῇ
1389 2395 1535 2433 περιχώρῳ
1545 2417 1552 2428 ,
1572 2406 1582 2424 ι
1600 2396 1672 2424 τοῦτ’
1684 2397 1768 2429 ἐστιν,
1793 2398 1836 2425 Ἐν

1048 2442 1142 2477 μηδενὶ
1159 2441 1252 2476 τρόπῳ
1273 2441 1437 2476 φαυλότητος
1457 2441 1638 2476 διαμελλήσας
1655 2441 1743 2476 ἁλῷς,
1765 2442 1836 2469 ἄνιθι

1043 2488 1071 2514 δὲ
1086 2487 1194 2523 μᾶλλον,
1212 2487 1306 2522 ὥσπερ
1321 2488 1361 2518 εἰς
1382 2487 1455 2522 ὅρος,
1472 2487 1511 2518 είς
1529 2486 1701 2522 ὲξῃρημένην
1715 2488 1775 2514 τινὰ
1790 2489 1836 2514 καὶ

1045 2535 1190 2569 περίοπτον
1208 2533 1290 2569 ζωὴν,
1304 2533 1379 2559 οὐδὲν
1395 2533 1508 2568 ἔχουσαν
1523 2533 1553 2559 τὸ
1567 2533 1762 2568 χαμαιῤῥιφὲς,
1779 2534 1836 2560 ἀλλ’

1045 2582 1073 2607 ὲν
1089 2580 1178 2615 ὑψηλῇ
1193 2589 1222 2606 τε
1238 2580 1284 2606 καὶ
1300 2580 1441 2615 ἐπηρμένη
1454 2579 1657 2614 διαπρέπουσαν
1671 2579 1756 2615 ἀρετῇ
1766 2600 1773 2612 ,
1789 2581 1834 2607 καὶ

1046 2627 1241 2662 ἁπηλλαγμένῃ
1259 2627 1431 2662 φρονήματος
1455 2625 1500 2652 τοῦ
1519 2625 1747 2660 χθαμαλωτάτου,
1765 2626 1836 2653 τοῦτ’

1047 2672 1119 2698 ἔστιν
1132 2672 1177 2698 τοῦ
1190 2672 1310 2705 ἐπιγείου
1324 2671 1370 2698 καὶ
1386 2671 1528 2706 σιρκικοῦ,
1544 2671 1700 2706 Γέγραπται
1713 2671 1780 2709 γὰρ,
1795 2673 1834 2699 ὅτι

1048 2729 1056 2743 ι
1074 2719 1126 2744 Τοῦ
1138 2718 1204 2744 Θεοῦ
1217 2719 1240 2744 οἱ
1254 2718 1378 2753 κραταιοὶ
1390 2717 1439 2752 τῆς
1452 2718 1504 2752 γῆς
1524 2718 1623 2754 σφόδρα
1635 2718 1806 2754 ἐπήρθησαν.
1823 2728 1831 2744 ι

1052 2765 1194 2792 ’Δνωτάτω
1203 2765 1257 2800 γὰρ
1266 2764 1318 2790 τῶν
1329 2763 1456 2796 ἐπιγείων
1471 2764 1500 2790 τὸ
1510 2765 1677 2798 ἁγιοπρεπὲς
1692 2765 1751 2791 ἐστι
1768 2766 1831 2800 φρό-

1040 2841 1046 2853 ,
1061 2821 1105 2848 ‘26.
1144 2822 1166 2837 "
1183 2821 1249 2849 Luc.
1268 2829 1296 2851 ιι.
1311 2820 1354 2848 62.
1393 2819 1416 2836 ’θ
1425 2819 1526 2847 Jerem.
1546 2820 1673 2853 XLanO.
1714 2821 1735 2836 ⁸¹
1750 2820 1834 2849 lCor.
