1924 3043
50 142 89 170 177
415 147 458 174 DE
478 147 699 176 ADORATIONE
718 147 750 176 IN
772 147 907 176 SPIRITU
926 147 972 175 ET
994 148 1180 176 VEﬂlTATE.
1202 148 1265 175 LIB.
1286 148 1306 175 1.

1626 147 1679 175 178

51 209 119 234 νῃμα.
133 210 141 225 ι
156 201 211 228 Καὶ
221 203 332 230 νεοττοὶ
345 204 429 238 γυπὸς
442 205 476 232 τὰ
488 206 577 241 ὑψηλὰ
588 207 725 240 πέτονται,
743 218 752 235 ι
766 208 835 235 κατὰ

892 208 962 235 enim
990 209 1047 240 ille,
1069 209 1116 243 qui
1141 212 1252 236 sanctos
1271 207 1360 240 decet,
1390 207 1470 243 longe
1489 211 1531 235 est
1560 207 1680 235 terrenis

50 247 72 272 τὸ
83 247 284 282 γεγραμμένον,
305 251 389 287 εἴπερ
409 251 500 287 ἔχουσι
525 253 650 291 καθάπερ
665 256 704 286 είς
722 255 784 291 ὅρος
807 256 835 282 ἐν

49 292 140 328 οὐρανῷ
161 294 191 319 τὸ
206 294 381 331 πολίτευμα,
398 298 445 324 καὶ
470 300 683 333 μεταποιοῦνται
708 301 836 335 πατρίδος

50 339 88 373 τῆς
101 339 161 366 ἀνω.
180 340 289 375 Γράφει
315 343 343 369 δέ
357 352 407 369 που
428 345 474 370 καὶ
491 345 605 378 Παῦλος·
627 356 636 372 ‹
657 347 697 373 Τὰ.
712 347 768 374 ἄνω
788 347 836 382 ζη-

50 387 117 418 τεῖτε,
131 386 167 420 μὴ
184 386 219 414 τὰ
237 388 287 414 ἐπὶ
307 388 358 424 τῆς
375 389 435 425 γῆς·
455 400 463 416 ³

77 520 172 547 ΠΛΛΛ.
200 522 288 558 Ὄρος
311 521 358 550 οὖν
373 523 427 560 ἄρα
445 524 474 552 τὸ
498 527 602 562 νοητὸν,
622 527 639 562 ἡ
658 527 688 554 ἐν
709 525 837 562 ἁγιασμῷ

50 568 105 602 ζωὴν
118 568 163 594 καὶ
175 570 226 604 τῆς
240 569 386 606 ὲξαιρέτου
400 572 538 604 πολιτείας
552 573 582 600 τὸ
594 574 754 608 ὑπερτενὲς,
766 583 838 600 νοου-

51 615 121 650 μένης
136 623 186 641 που
201 615 282 642 κάτω
295 617 345 652 τῆς
361 619 391 644 ὲν
406 618 588 654 ἀκαθαρσίαις
602 620 649 646 καὶ
664 619 837 655 φιλαμαρτή-

51 668 126 694 μονος,
143 660 189 687 καὶ
207 661 267 693 τοῖς
281 661 415 696 ἐπιγείοις
428 663 640 700 ἐντετηγμένης.

78 805 152 832 ΚΥῬ.
165 803 203 832 Εὖ
222 806 306 841 ἔφης
334 806 411 833 τουτὶ
428 806 483 842 γὰρ
500 807 567 842 ἡμῖν
587 807 602 833 ὸ
617 807 695 842 λόγος
711 804 740 833 εὖ
766 807 838 842 μάλα

52 852 191 887 καταδηλοῖ,
205 852 382 888 θαυμάσειας
393 853 415 879 δ’
431 852 464 880 ἂν
477 853 517 879 ἔτι
533 853 579 880 καὶ
590 853 659 881 τόδε.

80 898 176 925 ΠΔΛΛ.
193 898 231 925 Τὸ
252 899 280 925 τί
294 908 302 932 ;

80 944 154 971 ΚΥΡ,
177 945 206 971 '0
230 944 284 980 μὲν
307 945 362 981 γὰρ
379 947 513 981 μακάριος
535 945 650 981 ἄγγελος
672 947 790 982 ἀμελητί
809 955 837 973 τε

26 992 32 998 ”
53 991 91 1016 καὶ
113 991 324 1027 ἀμεταστρεπτὶ
351 992 490 1020 διαθέοντα
517 993 563 1019 τὸν
586 993 731 1020 θεσπέσιον
755 993 837 1026 Λὼτ,

54 1037 137 1072 χρῆναι
150 1037 205 1064 δεῖν
223 1037 349 1072 ἔφασκεν
366 1039 406 1070 εἰς
429 1039 460 1065 τὸ
481 1039 543 1074 ὅρος
558 1039 710 1074 ἀναηδᾷν.
730 1039 763 1066 '0
785 1039 840 1066 ἑλι-

56 1086 127 1119 πᾶρει
141 1084 237 1119 λέγων·
265 1094 275 1110 ι
295 1085 408 1120 Δέομαι,
426 1085 530 1121 Κύριε,
544 1086 638 1121 ἐπειδὴ
653 1081 733 1122 εὗρεν
745 1087 759 1113 ὁ
775 1088 854 1121 παῖς,

56 1139 93 1156 σου
103 1129 169 1161 ἕλεος
179 1129 305 1158 ἐναντίον
319 1139 378 1162 σου,
395 1132 442 1158 καὶ
455 1132 628 1167 ἐμεγάλυνας
643 1133 692 1167 τὴν
703 1133 840 1160 δικαιοσύυ

55 1185 94 1210 νην
110 1185 163 1207 σου,
184 1176 199 1202 ὂ
218 1178 310 1209 ποιεῖς
324 1177 371 1204 ἐπὶ
382 1177 428 1204 τοῦ
447 1178 498 1214 ζῇν
507 1171 560 1213 ’τὴν
589 1178 678 1213 ψυχήν
697 1186 766 1214 μου’
784 1177 840 1212 ἐγὼ

56 1222 78 1248 δὲ
89 1221 115 1248 οὐ
130 1221 281 1258 δυνήσομαι
301 1222 468 1258 διασωθῆναι
483 1223 523 1255 εἰς
540 1223 570 1250 τὸ
592 1223 672 1258 ὅρος,
698 1223 736 1259 μὴ
753 1232 838 1250 κατα-

57 1267 113 1302 λάϐῃ
129 1276 161 1303 με
179 1269 213 1294 τὰ
227 1268 306 1295 κακὰ
318 1288 325 1301 ,
346 1269 392 1294 καὶ
407 1268 545 1296 ἀποθάνω.
566 1269 631 1296 ’ἰδοὺ
648 1270 664 1305 ἡ
677 1269 754 1301 πόλις
769 1269 839 1304 αὕτη

57 1314 126 1348 ἐγγὺς
144 1314 189 1340 τοῦ
204 1315 377 1349 καταφυγεῖν
398 1323 431 1350 με
452 1315 527 1348 ἐκεῖ,
541 1314 559 1349 ἦ
575 1315 634 1341 ἐστι
651 1315 738 1351 μικρὰ
749 1335 756 1347 ,
781 1316 840 1342 ἐκεῖ

60 1359 210 1395 σωθήσομαι.
224 1360 261 1387 Οὐ
280 1359 368 1396 μικρά
382 1361 449 1393 ἐστι,
465 1361 511 1387 καὶ
526 1360 638 1395 ζήσεται
654 1361 671 1395 ὴ
683 1361 755 1396 ψυχή
772 1370 839 1396 μου;

58 1405 103 1432 Καὶ
116 1405 196 1432 εἰπὼν
213 1406 303 1441 αὐτῷ,
318 1406 411 1441 φησίν·
438 1406 503 1433 Ἰδοὺ
518 1406 574 1440 ἐγὼ
590 1406 734 1441 ἐθαύμασα
751 1415 798 1433 σου
810 1407 840 1434 τὸ

59 1452 186 1486 πρόσωπον
200 1453 248 1480 καὶ
263 1453 312 1479 ἐπὶ
331 1452 369 1488 τῷ
390 1453 492 1488 ῥήματι
512 1454 617 1488 τούτῳ,
638 1452 685 1480 τοῦ
707 1453 744 1488 μὴ
757 1462 840 1480 κατα-

59 1497 156 1532 στρέψαι
166 1498 214 1534 τὴν
225 1498 304 1526 πόλιν
317 1499 380 1534 πιερῖ¹
397 1496 430 1535 ἧς
444 1498 588 1534 έλάλησας.
602 1498 723 1526 Σπεῦσον
734 1496 780 1526 οὖν
792 1499 839 1526 τοῦ

62 1543 166 1578 σωθῆναι
190 1545 266 1576 ἐκεῖ,
284 1545 314 1571 οὐ
341 1544 395 1580 γὰρ
419 1544 568 1580 δυνήσομαι
588 1545 704 1580 ,ποιῆσαι
725 1545 841 1580 πρᾶγμα

59 1589 100 1621 ἔως
111 1589 153 1617 τοῦ
166 1591 194 1617 σὲ
205 1591 339 1618 εἰσελθεῖν
348 1592 415 1618 ἐκεῖ.
429 1591 479 1618 Διὰ
493 1590 572 1618 τοῦτο
582 1591 660 1618 ὲκάλε
666 1599 695 1618 σε
712 1591 742 1618 τὸ
751 1591 837 1626 ὄνομα

60 1635 100 1668 τῆς
114 1636 210 1669 πόλεως
233 1638 356 1672 ἐκείνης,
373 1636 482 1673 Σηγώρ.
505 1637 533 1664 '0
556 1637 632 1672 ἥλιος
655 1637 768 1672 ἐξῆλθεν
793 1637 839 1664 ἐπὶ

60 1683 98 1716 τὴν
111 1682 167 1716 γῆν,
184 1683 231 1709 καὶ
248 1683 311 1710 Λὼτ
323 1683 447 1719 εἰσῆλθεν
464 1684 503 1715 εἰς
517 1683 566 1719 τὴν
581 1683 690 1720 Σηγώρ.
709 1693 717 1709 ι

90 1729 180 1756 ΠΑΛΛ.
198 1731 253 1757 Καὶ
268 1730 312 1762 τίς
330 1730 364 1757 ἂν
379 1730 484 1765 γένοιτο
498 1730 545 1757 καὶ
561 1730 605 1757 διὰ
622 1730 725 1758 τούτων
741 1731 807 1766 ἡμῖν
821 1733 838 1767 ἡ

60 1775 151 1811 ὄνησις,
165 1776 285 1813 ἐθέλοιμ’
298 1776 342 1810 ἂν,
357 1776 395 1809 ὡς
414 1774 443 1804 εὖ
461 1777 515 1804 ἴσθι
536 1785 591 1809 τοι,
613 1777 765 1813 διαμαθεῖν.

91 1865 164 1892 ΚΥΡ,
182 1866 216 1892 Ἢ
227 1866 290 1901 οὐχὶ
306 1865 410 1901 συνίης,
423 1866 512 1893 καίτοι
523 1865 591 1893 πολὺ
605 1867 739 1898 νενευκὼς
753 1867 793 1898 εἰς
809 1866 839 1893 τὸ

62 1911 110 1937 λὲιν
123 1912 246 1947 εὐμαθὲς,
266 1913 309 1939 ὅτι
333 1913 389 1944 τοῖς
407 1912 470 1948 ἄρτι
490 1912 656 1948 φαυλότητος
674 1912 839 1948 ἐκδεδραμη-

63 1957 120 1988 κὸςι,
134 1958 226 1994 χῄναι
244 1959 275 1986 δὲ
288 1960 343 1986 δεῖν
362 1959 495 1994 οἰομένοις
507 1959 554 1985 ἐπὶ
570 1959 620 1994 τὴν
634 1959 684 1994 τῆς
700 1959 837 1994 σωτηρίας

65 2004 136 2031 [εσθαι
148 2005 248 2040 τρίϐον,
262 2006 314 2033 οὐκ
326 2005 418 2037 εὐθὺς,
431 2005 494 2032 οὔτε
508 2005 562 2040 μὴν
575 2005 607 2031 ἐκ
622 2004 737 2040 πρώτων
750 2005 838 2039 ἐγχει-

65 2051 184 2085 ρημάτων,
198 2052 337 2087 ἁλώσιμος
352 2053 368 2087 ὴ
383 2051 467 2087 ἀρετὴ
483 2052 530 2078 καὶ
544 2050 659 2086 βάσιμον
674 2050 705 2077 τὸ
723 2050 836 2084 δοκοῦν;

64 2097 121 2122 Ἀλλ’
134 2098 182 2125 οὐδ’
199 2098 231 2126 ἂν
245 2098 365 2130 εὐκόλως
376 2097 570 2134 ἀνακομίζοιτό
582 2106 623 2129 τις
642 2098 682 2129 εἰς
702 2096 838 2123 πολιτείαν

65 2143 225 2179 ὲξῃρημένην.
241 2145 298 2171 οὐδ’
316 2144 349 2181 αν
365 2144 470 2178 γένοιτο
486 2143 595 2179 μακρὰν
611 2143 665 2169 τῶν
685 2142 765 2169 οἱονεί
779 2150 838 2173 πως

66 2188 124 2224 ο.νᾷτῴ
145 2191 388 2226 συντεθραμμένων
410 2189 514 2222 παθῶν,
535 2189 592 2217 ἀλλ’
616 2188 668 2221 ἔξω
692 2189 742 2224 μὲν
762 2189 837 2215 ἔσται

887 256 973 283 τείως
991 254 1127 290 superior.
1150 263 1159 279 ι
1176 254 1211 281 Ει
1227 254 1294 289 pulli
1318 254 1436 281 vulturis
1448 253 1476 280 in
1494 253 1614 280 sublime
1628 261 1678 281 vo~

887 304 955 334 lant,
972 311 980 327 ›
1000 305 1030 328 ut
1039 301 1171 335 scriptum
1190 305 1232 327 est
1245 300 1286 333 5’;
1317 300 1453 336 siquidem
1471 300 1499 328 in
1527 300 1598 328 caelo
1616 304 1678 327 tan-

887 357 970 385 quam
988 349 1016 375 in
1033 353 1125 375 monte
1139 347 1258 382 quodam
1273 347 1319 382 jus
1331 347 1452 375 civitatis
1466 347 1579 379 habent,
1591 350 1620 374 et
1630 354 1678 374 su-

888 403 1002 431 pernam
1021 394 1096 422 illam
1116 393 1231 428 patriam
1252 400 1329 420 suam
1345 398 1454 428 putant.
1470 393 1573 421 Scribit
1594 393 1678 420 etiam

888 443 990 474 Paulus
1007 451 1014 468 :
1037 451 1045 466 ε
1063 440 1130 474 Qua:
1163 447 1274 468 sursum
1301 443 1367 466 sunt
1386 439 1512 474 quaerite,
1527 447 1584 467 non
1617 447 1681 475 qua:

887 495 971 523 super
988 491 1089 514 terram
1105 486 1138 512 ⁵⁸.
1159 495 1168 511 ›

923 533 1024 562 PALL.
1047 533 1125 561 Mons
1149 532 1242 567 itaque
1270 531 1424 567 spiritualis
1450 539 1506 559 non
1533 531 1604 559 alius
1637 535 1680 559 est

887 588 971 616 quam
999 580 1056 607 vita
1074 587 1135 614 qua:
1159 578 1187 605 in
1219 578 1366 606 sanctitate
1383 577 1504 610 ducitur,
1533 585 1679 604 conversa.-

889 627 1027 661 tionisque
1057 624 1292 661 pnestautissimze
1324 623 1497 656 sublimitas;
1529 628 1679 659 contraque

889 672 935 700 illa
948 670 1058 699 vivendi
1076 671 1158 703 ratio,
1176 677 1237 705 qum
1257 669 1286 696 in
1307 668 1515 704 impuritatibus
1543 674 1678 701 versatur,

888 723 916 746 et
933 717 1066 754 peccandi
1082 717 1174 745 studio
1191 721 1312 748 tenetur,
1330 719 1414 750 atque
1431 715 1459 742 in
1479 715 1563 742 rebus
1592 718 1679 742 terre-

889 763 932 790 nis
951 762 1108 795 intabescit,
1124 761 1217 788 inﬁma
1228 761 1401 796 intelligitur.

924 809 1002 837 (ΝΒ.
1019 809 1104 836 Recte
1123 809 1180 836 ais:
1198 808 1226 835 id
1243 808 1317 835 enim
1345 807 1431 835 verba
1447 807 1506 842 ipsa
1521 806 1624 842 optime
1641 806 1679 833 si-

889 855 1029 891 gniﬁcant.
1041 854 1111 882 Puto
1121 859 1214 882 autem
1224 854 1308 881 etiam
1317 853 1386 881 illud
1403 853 1552 880 mirabere.

852 898 874 925 Β
924 901 1023 929 PALL.
1037 901 1110 934 Quid
1126 900 1194 927 illud
1215 899 1347 927 tandem?

923 946 1002 974 CYR.
1013 946 1081 973 Nam
1100 947 1147 974 ille
1161 946 1259 973 beatus
1275 945 1388 980 angelus
1402 944 1462 972 sine
1485 944 1541 972 ulla
1565 947 1680 971 cuncta—

889 994 963 1020 tione
980 1001 1013 1020 ac
1032 993 1235 1028 respectatione
1252 996 1412 1020 currentem
1438 991 1550 1019 beatum
1578 990 1631 1018 Lot
1648 990 1677 1017 in

888 1044 1009 1066 montem
1035 1038 1223 1066 conscendere
1249 1042 1378 1074 oportere
1403 1037 1522 1065 dicebat.
1540 1036 1566 1064 Is
1587 1041 1679 1063 autem

889 1086 1001 1121 rogabat
1020 1085 1134 1113 dicens:
1157 1094 1165 1110 ε
1180 1084 1288 1118 Qumso,
1300 1084 1425 1116 Domine,
1446 1083 1577 1119 quoniam
1600 1082 1678 1110 inve-

888 1133 930 1159 nit
945 1140 1044 1160 servus
1059 1137 1123 1160 tuus
1135 1131 1250 1167 gratiam
1259 1139 1352 1158 coram
1362 1135 1435 1164 te,et
1446 1129 1679 1166 inaguit'icastiju-

889 1179 993 1206 stitiam
1011 1183 1097 1210 tuam,
1118 1185 1201 1213 quam
1217 1177 1285 1205 facis
1300 1177 1328 1204 in
1346 1185 1400 1210 me,
1431 1181 1462 1204 ut
1488 1177 1564 1204 vivat
1588 1176 1680 1203 anima

889 1232 969 1252 mea:
988 1231 1039 1259 ego
1066 1231 1134 1251 vero
1154 1231 1210 1251 non
1244 1228 1342 1258 potero
1365 1223 1466 1250 salvari
1496 1223 1524 1249 in
1547 1226 1679 1253 montem,

889 1277 924 1297 ne
942 1268 1179 1305 comprehendant
1191 1276 1235 1297 me
1255 1269 1336 1301 mala,
1354 1273 1382 1295 et
1399 1268 1511 1295 moriar.
1526 1267 1596 1296 Ecce
1609 1267 1676 1295 civi-

889 1319 932 1342 tas
944 1315 1034 1350 juxta,
1055 1319 1086 1342 ut
1101 1314 1255 1350 confugiam
1272 1314 1350 1346 illuc,
1378 1321 1439 1349 quia
1457 1318 1499 1341 est
1518 1321 1612 1349 parva,
1641 1313 1679 1341 ibi

889 1361 1018 1388 salvabor
1034 1369 1041 1387 :
1058 1368 1151 1388 nonne
1171 1367 1255 1395 parva
1269 1364 1322 1393 est,
1342 1364 1371 1387 et
1390 1360 1465 1387 vivet
1481 1360 1572 1387 anima
1600 1360 1683 1387 mea?

890 1406 925 1434 Et
945 1406 1016 1434 dixit
1045 1406 1097 1439 illi,
1114 1406 1225 1441 inquit:
1243 1406 1314 1434 Ecce
1334 1406 1489 1433 admiratus
1504 1413 1565 1433 smn
1583 1405 1681 1433 faciem

890 1457 966 1480 tuam
984 1453 1067 1480 etiam
1084 1453 1112 1480 in
1129 1453 1214 1480 verbo
1229 1453 1293 1485 hoc,
1310 1460 1344 1479 ne
1357 1452 1515 1480 subvertarn
1529 1452 1689 1484 civitatem,‘

891 1499 925 1526 de
944 1507 997 1534 qua
1008 1500 1117 1527 locutus
1133 1507 1173 1527 es.
1187 1499 1297 1526 Festina
1315 1499 1398 1534 igitur
1413 1503 1444 1526 ut
1466 1498 1581 1526 salveris
1595 1498 1681 1532 illuc;

891 1553 981 1580 neque
991 1545 1065 1572 enim
1083 1550 1180 1580 potero
1197 1545 1287 1572 facere
1302 1544 1463 1580 quidquam,
1478 1552 1622 1580 quousque
1637 1544 1681 1571 in-

891 1600 1003 1628 gressus
1024 1592 1111 1620 fueris
1129 1592 1204 1620 illuc.
1224 1592 1288 1620 ldeo
1307 1592 1418 1619 vocavit
1435 1599 1535 1618 nomen
1561 1591 1682 1618 civitatis

890 1639 975 1671 illius,
1002 1639 1097 1674 Segor.
1125 1639 1171 1666 Sol
1188 1643 1267 1666 ortus
1282 1642 1325 1666 cst
1347 1645 1431 1673 super
1448 1642 1561 1669 terram,
1582 1641 1610 1664 ct
1630 1636 1682 1664 Lot

890 1685 1030 1720 ingressus
1043 1689 1085 1713 est
1097 1685 1183 1720 Segor
1201 1685 1233 1711 ⁸⁸.
1253 1695 1262 1710 ι

924 1731 1023 1759 PALL.
1033 1731 1163 1764 Quzenam
1172 1739 1237 1758 vero
1251 1738 1285 1758 ex
1298 1730 1340 1758 his
1356 1729 1449 1757 verbis
1459 1729 1493 1757 ad
1506 1737 1556 1757 nos
1570 1737 1680 1765 perma-

889 1784 956 1804 nare
973 1777 1059 1812 possit
1088 1776 1211 1808 utilitas,
1226 1775 1368 1810 equidem,
1382 1779 1413 1802 ut
1434 1774 1493 1810 ipse
1513 1775 1596 1805 nosti,
1611 1781 1680 1801 aveo

890 1823 1009 1850 discere.

924 1870 1003 1898 CYR.
1019 1870 1061 1897 An
1079 1870 1198 1905 ignoras,
1217 1876 1279 1897 cum
1298 1867 1402 1902 alioqui
1417 1867 1455 1895 sis
1473 1867 1529 1894 acri
1549 1865 1681 1902 praeditus

890 1915 1010 1951 ingenio,
1026 1915 1074 1950 qui
1102 1923 1216 1950 nupere
1242 1914 1365 1949 nequitia
1394 1912 1570 1945 emerserint,
1594 1917 1680 1947 atque

889 1961 1040 1988 statuerint
1063 1961 1136 1988 viam
1165 1961 1264 1988 salutis
1286 1959 1404 1995 ingredi,
1431 1967 1480 1987 eos
1503 1966 1559 1986 non
1586 1959 1680 1986 statim

889 2015 979 2043 neque
1014 2007 1104 2042 primo
1132 2011 1233 2034 conatu
1261 2006 1406 2042 percipere
1433 2013 1512 2040 posse
1537 2005 1679 2037 virtutem,

889 2057 916 2080 et
927 2061 960 2081 eo
970 2052 1126 2088 pervenire,
1138 2060 1193 2087 quo
1204 2051 1420 2079 constituerint?
1435 2050 1591 2084 Quinetiam
1606 2049 1679 2077 haud

888 2100 969 2127 facile
984 2099 1047 2134 quis
1066 2098 1100 2126 ad
1130 2098 1259 2126 eximiam
1275 2098 1338 2126 vita:
1355 2097 1490 2124 rationem
1511 2096 1610 2123 adduci
1628 2104 1679 2131 po-

890 2150 942 2174 test
955 2149 1003 2173 aut
1014 2145 1149 2173 semoveri
1170 2145 1246 2172 abiis
1265 2144 1378 2176 morbis,
1395 2144 1443 2179 qui
1461 2151 1524 2171 cum
1540 2143 1586 2171 illo
1609 2143 1678 2170 ado-

888 2192 1015 2224 leverint,
1027 2191 1075 2219 sed
1091 2191 1125 2218 ab
1138 2190 1275 2226 ejusmodi
1298 2190 1375 2217 vitiis
1392 2189 1562 2225 pedetentim
1578 2188 1675 2222 exibit,

66 2235 107 2261 τὼν
124 2237 244 2264 τοιούτων
261 2237 354 2273 ἡρέμα
365 2258 372 2269 ,
387 2238 416 2264 τά
429 2245 461 2271 γε
482 2237 543 2263 ὅσον
556 2237 597 2268 εἰς
616 2235 769 2272 προθυμίας
789 2235 837 2267 τὰς

892 2238 963 2273 quod
973 2238 1007 2266 ad
1017 2237 1139 2266 melioris
1158 2238 1220 2265 vitae
1238 2236 1371 2268 studium,
1388 2239 1416 2262 et
1435 2239 1584 2262 conatuum
1599 2234 1677 2262 initia

67 2281 99 2306 ἐπ’
114 2283 238 2318 ἀμείνοσι,
263 2284 311 2310 καὶ
330 2285 539 2320 ἐγχειρημάτων
556 2282 652 2319 ἀρχάς·
675 2281 743 2317 ὑψοῦ
760 2282 788 2308 δὲ
806 2282 837 2308 οὺ

68 2327 146 2365 λῖιν,ἢ
161 2331 278 2367 μακράν·
295 2331 435 2366 μονονουχὶ
450 2331 479 2357 δὲ
499 2330 721 2365 μεταφοιτήσειεν
733 2329 773 2360 είς
787 2328 839 2364 γῆν

69 2374 105 2407 μὲν
116 2375 202 2412 ὥσπερ
216 2378 257 2408 εἰς
274 2377 382 2413 ἑτέραν,
403 2377 442 2409 εἰς
464 2376 536 2412 ζωὴν
557 2376 606 2411 μὲν
628 2374 837 2410 ἐπαινουμένην,

68 2420 154 2457 ὑψηλὴν
169 2422 196 2450 δὲ
210 2423 289 2450 οὔπω
307 2423 354 2450 καὶ
373 2423 519 2458 περίοπτον
534 2421 670 2458 λαχοῦσαν
685 2421 734 2457 τὴν
748 2421 837 2454 δόξαν,

67 2467 130 2494 ὁποία
144 2477 183 2500 τις
196 2467 230 2506 ἢν
242 2471 260 2504 ἡ
282 2469 355 2497 κατὰ
372 2469 453 2505 νόμον
468 2467 651 2502 παιδαγωγία,
667 2467 735 2504 πρὸς
751 2467 838 2502 ἀρχὰς

69 2513 217 2550 ἀναφέρουσα
234 2516 312 2551 ζωῆς
325 2515 440 2551 ἀρίστης
452 2523 482 2542 τε
493 2515 541 2542 καὶ
552 2515 667 2550 ἀγαθῆς.
682 2514 838 2548 Γέγραπται

68 2560 118 2594 γᾱρ-
133 2571 142 2587 ι
163 2562 243 2598 Ἀρχὴ
255 2562 316 2590 ὀδοῦ
333 2562 438 2597 ἀγαθῆς
449 2562 480 2588 τὸ
492 2563 578 2588 ποιεῖν
591 2561 627 2587 τὰ
639 2561 742 2588 δίκαια.
763 2569 772 2586 ›
791 2559 839 2586 Ὃν

69 2606 110 2641 γὰρ
120 2609 209 2644 τρόπον
225 2610 283 2640 τοῖς
298 2609 364 2644 περὶ
385 2608 484 2642 γνῶσιν
497 2607 678 2634 ἐσπουδακόσι
688 2627 695 2638 ,
712 2607 760 2633 καὶ
771 2606 839 2632 Θεω-

71 2651 117 2684 ρίας
139 2654 286 2689 ἐφιεμένοις
303 2654 353 2689 τῆς
381 2655 530 2689 μυστικῆς,
557 2653 709 2688 ἐπιτήδειος
736 2651 786 2687 μὲν
810 2652 838 2677 ὲν

71 2697 148 2732 ἀρχαῖς
160 2701 201 2727 καὶ
215 2702 256 2728 ὅτι
276 2701 395 2736 μάλιστα
411 2701 524 2736 πρέπων
542 2699 584 2735 εἴη
608 2700 641 2726 ἂν
660 2700 674 2726 ὁ
696 2699 744 2734 τῆς
771 2707 836 2724 κατ-

71 2745 172 2779 ηχήσεως
186 2747 261 2782 λόγος
270 2755 278 2763 θ
295 2747 432 2774 διάττουσι
443 2747 472 2774 δὲ
488 2747 554 2782 πρὸς
566 2746 651 2781 ἄνδρα
662 2745 760 2772 τέλειον
772 2745 833 2780 ἤδη,

74 2789 108 2815 καὶ
118 2791 151 2822 εἱς
162 2792 252 2828 μέτρον
269 2793 378 2829 ἡλικίας
388 2793 434 2819 τοῦ
449 2792 628 2828 πληρώματος
643 2792 689 2819 τοῦ
705 2791 833 2826 Χριστοῦ,

110 2881 182 2911 "Job
205 2893 315 2919 xxxv-1n,
332 2885 357 2912 vl.
403 2885 430 2921 ,⁸⁸
448 2885 552 2913 Coloss.
577 2893 616 2918 nr,
639 2886 660 2913 :2.

889 2285 1018 2320 pertinet,
1034 2284 1089 2320 29
1117 2292 1172 2311 non
1199 2288 1291 2311 tamen
1321 2282 1432 2310 sublimi
1452 2281 1601 2308 admodum
1621 2281 1676 2308 erit

889 2332 959 2363 loco,
975 2335 1023 2358 aut
1035 2331 1144 2366 longius
1152 2334 1268 2362 remoto,
1279 2329 1326 2357 sed
1343 2327 1510 2364 demigrabit
1522 2328 1578 2360 ille,
1591 2334 1677 2362 prope

889 2378 1016 2411 dixerim,
1046 2382 1178 2414 tanquam
1196 2377 1224 2404 in
1239 2377 1310 2404 alias
1330 2380 1429 2408 terras,
1444 2375 1478 2403 ad
1504 2375 1600 2406 vitam,
1615 2374 1678 2401 lau-

888 2423 1009 2452 dabilem
1023 2423 1135 2458 quidem
1153 2423 1240 2456 illam,
1257 2423 1305 2450 sed
1318 2422 1352 2450 de
1365 2422 1445 2457 cujus
1462 2421 1549 2457 gloria
1560 2428 1616 2448 non
1631 2420 1680 2448 ad-

890 2470 1002 2498 modum
1023 2469 1150 2498 subiimis
1166 2473 1256 2504 atque
1283 2469 1432 2503 conspicua
1451 2468 1488 2495 sit
1509 2467 1614 2503 opinio,
1631 2475 1680 2494 cu-

887 2515 1008 2552 jusmodi
1035 2519 1096 2542 erat
1122 2515 1169 2542 illa
1197 2514 1265 2550 legis
1288 2514 1436 2546 institutio,
1458 2521 1519 2548 qua:
1536 2513 1571 2541 ad
1594 2513 1673 2540 initia

888 2561 982 2598 proba
994 2565 1176 2596 spectatqu
1185 2560 1248 2588 vitae
1259 2559 1435 2596 perducebat.
1448 2559 1586 2594 Scriptum
1602 2566 1679 2586 nam-

889 2616 942 2643 que
960 2612 1023 2635 est:
1045 2617 1054 2632 (
1070 2607 1182 2634 Initium
1194 2607 1244 2634 viae
1260 2607 1339 2634 bona:
1355 2610 1398 2634 est
1429 2605 1521 2633 facere
1535 2606 1609 2641 justa
1622 2605 1672 2632 ".n

889 2655 924 2682 Ut
938 2654 1011 2681 enim
1038 2653 1085 2688 qui
1111 2653 1262 2688 cognitioni
1279 2653 1404 2683 student,
1427 2655 1455 2679 et
1466 2651 1677 2686 contemplatio—

890 2708 953 2727 nem
971 2700 1115 2734 mysticam
1133 2703 1277 2734 expetunt,
1292 2699 1325 2726 iis
1344 2701 1425 2733 aptus
1448 2702 1490 2724 est
1502 2697 1536 2724 ab
1551 2696 1630 2724 initio
1649 2700 1678 2723 et

891 2746 919 2773 in
946 2745 1043 2780 primis
1072 2745 1240 2772 conveniens
1270 2743 1457 2772 catecheticus
1488 2749 1591 2773 sermo,
1627 2740 1676 2768 sed

890 2791 934 2822 iis,
953 2790 999 2824 qui
1014 2790 1070 2825 jam
1085 2789 1112 2816 in
1124 2790 1215 2816 virum
1230 2789 1383 2824 perfectum
1396 2792 1582 2824 pervenerunt
1605 2790 1634 2814 et
1647 2785 1677 2814 iu

715 2886 737 2903 ⁸⁵
754 2885 821 2914 Gen.
837 2892 892 2918 χιχ,
914 2885 1002 2911 18-25.
1043 2884 1064 2900 ’θ
1083 2885 1162 2912 Prov.
1188 2891 1241 2916 xvi,
1260 2882 1288 2909 5.
