  <div class='ocr_page' id='page_1' title='image "/cluster/home/n/w/nwhite01/storage/ocr_20150623/68/njp.32101077772711/105.png"; bbox 0 0 1924 3043; ppageno 0'>
   <div class='ocr_carea' id='block_1_1' title="bbox 247 101 300 128">
    <p class='ocr_par' dir='ltr' id='par_1_1' title="bbox 247 101 300 128">
     <span class='ocr_line' id='line_1_1' title="bbox 247 101 300 128; baseline -0.019 0"><span class='ocrx_word' id='word_1_1' title='bbox 247 101 300 128; x_wconf 78' lang='grc'><strong>179</strong></span> 
     </span>
    </p>
   </div>
   <div class='ocr_carea' id='block_1_2' title="bbox 209 193 1034 248">
    <p class='ocr_par' dir='ltr' id='par_1_2' title="bbox 209 193 1034 248">
     <span class='ocr_line' id='line_1_2' title="bbox 209 193 1034 248; baseline -0.002 -15"><span class='ocrx_word' id='word_1_2' title='bbox 209 193 361 248; x_wconf 56' lang='lat' dir='ltr'><strong>,rsolidior</strong></span> <span class='ocrx_word' id='word_1_3' title='bbox 381 202 471 236; x_wconf 75' lang='lat' dir='ltr'><strong>cibus,</strong></span> <span class='ocrx_word' id='word_1_4' title='bbox 493 204 520 230; x_wconf 99' lang='lat' dir='ltr'><strong>id</strong></span> <span class='ocrx_word' id='word_1_5' title='bbox 540 208 592 236; x_wconf 90' lang='lat' dir='ltr'><strong>est,</strong></span> <span class='ocrx_word' id='word_1_6' title='bbox 609 211 702 231; x_wconf 85' lang='lat' dir='ltr'><strong>rerum</strong></span> <span class='ocrx_word' id='word_1_7' title='bbox 728 211 919 239; x_wconf 82' lang='lat' dir='ltr'><strong>supremarum</strong></span> <span class='ocrx_word' id='word_1_8' title='bbox 946 205 1034 239; x_wconf 78' lang='lat' dir='ltr'><strong>expli-</strong></span> 
     </span>
    </p>
   </div>
   <div class='ocr_carea' id='block_1_3' title="bbox 222 250 1035 286">
    <p class='ocr_par' dir='ltr' id='par_1_3' title="bbox 222 250 1035 286">
     <span class='ocr_line' id='line_1_3' title="bbox 222 250 1035 286; baseline -0.001 -7"><span class='ocrx_word' id='word_1_9' title='bbox 222 251 227 257; x_wconf 72' lang='lat'><strong>‘</strong></span> <span class='ocrx_word' id='word_1_10' title='bbox 246 252 328 284; x_wconf 81' lang='lat' dir='ltr'><strong>catio,</strong></span> <span class='ocrx_word' id='word_1_11' title='bbox 351 251 393 277; x_wconf 77' lang='lat' dir='ltr'><strong>via</strong></span> <span class='ocrx_word' id='word_1_12' title='bbox 411 251 531 285; x_wconf 87' lang='lat' dir='ltr'><strong>denique</strong></span> <span class='ocrx_word' id='word_1_13' title='bbox 551 250 642 277; x_wconf 90' lang='lat' dir='ltr'><strong>omnis</strong></span> <span class='ocrx_word' id='word_1_14' title='bbox 658 258 690 278; x_wconf 89' lang='lat' dir='ltr'><strong>ac</strong></span> <span class='ocrx_word' id='word_1_15' title='bbox 721 251 793 278; x_wconf 87' lang='lat' dir='ltr'><strong>ratio</strong></span> <span class='ocrx_word' id='word_1_16' title='bbox 806 251 967 286; x_wconf 63' lang='lat' dir='ltr'><strong>dogmaticaz</strong></span> <span class='ocrx_word' id='word_1_17' title='bbox 991 251 1035 278; x_wconf 92' lang='lat' dir='ltr'><strong>in-</strong></span> 
     </span>
    </p>
   </div>
   <div class='ocr_carea' id='block_1_4' title="bbox 246 296 1034 333">
    <p class='ocr_par' dir='ltr' id='par_1_4' title="bbox 246 296 1034 333">
     <span class='ocr_line' id='line_1_4' title="bbox 246 296 1034 333; baseline -0.001 -8"><span class='ocrx_word' id='word_1_18' title='bbox 246 297 403 333; x_wconf 76' lang='lat' dir='ltr'><strong>dagationis</strong></span> <span class='ocrx_word' id='word_1_19' title='bbox 415 301 457 324; x_wconf 85' lang='lat' dir='ltr'><strong>est</strong></span> <span class='ocrx_word' id='word_1_20' title='bbox 466 296 617 331; x_wconf 84' lang='lat' dir='ltr'><strong>aperienda</strong></span> <span class='ocrx_word' id='word_1_21' title='bbox 629 306 634 323; x_wconf 86' lang='lat'><strong>:</strong></span> <span class='ocrx_word' id='word_1_22' title='bbox 649 297 689 324; x_wconf 88' lang='lat' dir='ltr'><strong>sic</strong></span> <span class='ocrx_word' id='word_1_23' title='bbox 711 297 738 324; x_wconf 90' lang='lat' dir='ltr'><strong>in</strong></span> <span class='ocrx_word' id='word_1_24' title='bbox 756 297 807 325; x_wconf 91' lang='lat' dir='ltr'><strong>hac</strong></span> <span class='ocrx_word' id='word_1_25' title='bbox 820 305 934 332; x_wconf 82' lang='lat' dir='ltr'><strong>quoque</strong></span> <span class='ocrx_word' id='word_1_26' title='bbox 945 302 1034 332; x_wconf 89' lang='lat' dir='ltr'><strong>parte,</strong></span> 
     </span>
    </p>
   </div>
   <div class='ocr_carea' id='block_1_5' title="bbox 246 343 1034 379">
    <p class='ocr_par' dir='ltr' id='par_1_5' title="bbox 246 343 1034 379">
     <span class='ocr_line' id='line_1_5' title="bbox 246 343 1034 379; baseline -0.001 -8"><span class='ocrx_word' id='word_1_27' title='bbox 246 344 273 371; x_wconf 97' lang='lat' dir='ltr'><strong>id</strong></span> <span class='ocrx_word' id='word_1_28' title='bbox 287 349 343 375; x_wconf 83' lang='lat' dir='ltr'><strong>cst,</strong></span> <span class='ocrx_word' id='word_1_29' title='bbox 376 344 404 370; x_wconf 95' lang='lat' dir='ltr'><strong>in</strong></span> <span class='ocrx_word' id='word_1_30' title='bbox 425 343 551 370; x_wconf 87' lang='lat' dir='ltr'><strong>moribus</strong></span> <span class='ocrx_word' id='word_1_31' title='bbox 570 343 743 379; x_wconf 79' lang='lat' dir='ltr'><strong>corrigendis</strong></span> <span class='ocrx_word' id='word_1_32' title='bbox 759 343 832 371; x_wconf 89' lang='lat' dir='ltr'><strong>haud</strong></span> <span class='ocrx_word' id='word_1_33' title='bbox 852 344 893 372; x_wconf 88' lang='lat' dir='ltr'><strong>fas</strong></span> <span class='ocrx_word' id='word_1_34' title='bbox 915 349 957 371; x_wconf 85' lang='lat' dir='ltr'><strong>est</strong></span> <span class='ocrx_word' id='word_1_35' title='bbox 973 343 1034 371; x_wconf 83' lang='lat' dir='ltr'><strong>cui-</strong></span> 
     </span>
    </p>
   </div>
   <div class='ocr_carea' id='block_1_6' title="bbox 243 390 1034 425">
    <p class='ocr_par' dir='ltr' id='par_1_6' title="bbox 243 390 1034 425">
     <span class='ocr_line' id='line_1_6' title="bbox 243 390 1034 425; baseline 0.001 -9"><span class='ocrx_word' id='word_1_36' title='bbox 243 397 336 424; x_wconf 83' lang='lat' dir='ltr'><strong>quam,</strong></span> <span class='ocrx_word' id='word_1_37' title='bbox 349 390 439 424; x_wconf 88' lang='lat' dir='ltr'><strong>primo</strong></span> <span class='ocrx_word' id='word_1_38' title='bbox 454 390 548 417; x_wconf 88' lang='lat' dir='ltr'><strong>statim</strong></span> <span class='ocrx_word' id='word_1_39' title='bbox 576 390 680 424; x_wconf 91' lang='lat' dir='ltr'><strong>impetu</strong></span> <span class='ocrx_word' id='word_1_40' title='bbox 703 390 736 417; x_wconf 88' lang='lat' dir='ltr'><strong>ad</strong></span> <span class='ocrx_word' id='word_1_41' title='bbox 750 394 853 418; x_wconf 90' lang='lat' dir='ltr'><strong>statum</strong></span> <span class='ocrx_word' id='word_1_42' title='bbox 870 390 959 425; x_wconf 66' lang='lat' dir='ltr'><strong>culpa:</strong></span> <span class='ocrx_word' id='word_1_43' title='bbox 973 397 1034 417; x_wconf 89' lang='lat' dir='ltr'><strong>0m-</strong></span> 
     </span>
    </p>
   </div>
   <div class='ocr_carea' id='block_1_7' title="bbox 242 435 1034 471">
    <p class='ocr_par' dir='ltr' id='par_1_7' title="bbox 242 435 1034 471">
     <span class='ocr_line' id='line_1_7' title="bbox 242 435 1034 471; baseline 0 -9"><span class='ocrx_word' id='word_1_44' title='bbox 242 435 286 463; x_wconf 93' lang='lat' dir='ltr'><strong>nis</strong></span> <span class='ocrx_word' id='word_1_45' title='bbox 294 436 476 470; x_wconf 85' lang='lat' dir='ltr'><strong>expertem,id</strong></span> <span class='ocrx_word' id='word_1_46' title='bbox 487 439 530 463; x_wconf 83' lang='lat' dir='ltr'><strong>est</strong></span> <span class='ocrx_word' id='word_1_47' title='bbox 541 435 575 462; x_wconf 88' lang='lat' dir='ltr'><strong>ad</strong></span> <span class='ocrx_word' id='word_1_48' title='bbox 587 435 778 463; x_wconf 78' lang='lat' dir='ltr'><strong>admirabilem</strong></span> <span class='ocrx_word' id='word_1_49' title='bbox 789 439 872 471; x_wconf 87' lang='lat' dir='ltr'><strong>atque</strong></span> <span class='ocrx_word' id='word_1_50' title='bbox 888 435 1034 462; x_wconf 80' lang='lat' dir='ltr'><strong>sublimem</strong></span> 
     </span>
    </p>
   </div>
   <div class='ocr_carea' id='block_1_8' title="bbox 241 482 1033 510">
    <p class='ocr_par' dir='ltr' id='par_1_8' title="bbox 241 482 1033 510">
     <span class='ocr_line' id='line_1_8' title="bbox 241 482 1033 510; baseline 0.001 -1"><span class='ocrx_word' id='word_1_51' title='bbox 241 482 353 509; x_wconf 86' lang='lat' dir='ltr'><strong>vivendi</strong></span> <span class='ocrx_word' id='word_1_52' title='bbox 384 482 520 509; x_wconf 89' lang='lat' dir='ltr'><strong>rationem</strong></span> <span class='ocrx_word' id='word_1_53' title='bbox 548 482 743 510; x_wconf 80' lang='lat' dir='ltr'><strong>conscendere.</strong></span> <span class='ocrx_word' id='word_1_54' title='bbox 762 482 915 510; x_wconf 86' lang='lat' dir='ltr'><strong>Procedere</strong></span> <span class='ocrx_word' id='word_1_55' title='bbox 942 486 1033 510; x_wconf 86' lang='lat' dir='ltr'><strong>tamen</strong></span> 
     </span>
    </p>
   </div>
   <div class='ocr_carea' id='block_1_9' title="bbox 242 527 1033 564">
    <p class='ocr_par' dir='ltr' id='par_1_9' title="bbox 242 527 1033 564">
     <span class='ocr_line' id='line_1_9' title="bbox 242 527 1033 564; baseline 0.001 -9"><span class='ocrx_word' id='word_1_56' title='bbox 242 527 316 556; x_wconf 89' lang='lat' dir='ltr'><strong>idem</strong></span> <span class='ocrx_word' id='word_1_57' title='bbox 336 533 426 564; x_wconf 81' lang='lat' dir='ltr'><strong>potest</strong></span> <span class='ocrx_word' id='word_1_58' title='bbox 456 528 588 564; x_wconf 78' lang='lat' dir='ltr'><strong>paulatim</strong></span> <span class='ocrx_word' id='word_1_59' title='bbox 609 529 642 556; x_wconf 89' lang='lat' dir='ltr'><strong>ad</strong></span> <span class='ocrx_word' id='word_1_60' title='bbox 659 529 784 556; x_wconf 87' lang='lat' dir='ltr'><strong>habitum</strong></span> <span class='ocrx_word' id='word_1_61' title='bbox 802 529 926 556; x_wconf 85' lang='lat' dir='ltr'><strong>numeris</strong></span> <span class='ocrx_word' id='word_1_62' title='bbox 942 528 1033 556; x_wconf 89' lang='lat' dir='ltr'><strong>omni-</strong></span> 
     </span>
    </p>
   </div>
   <div class='ocr_carea' id='block_1_10' title="bbox 242 573 1033 609">
    <p class='ocr_par' dir='ltr' id='par_1_10' title="bbox 242 573 1033 609">
     <span class='ocr_line' id='line_1_10' title="bbox 242 573 1033 609; baseline -0.001 -8"><span class='ocrx_word' id='word_1_63' title='bbox 242 574 295 602; x_wconf 89' lang='lat' dir='ltr'><strong>bus</strong></span> <span class='ocrx_word' id='word_1_64' title='bbox 313 574 483 606; x_wconf 87' lang='lat' dir='ltr'><strong>absolutum,</strong></span> <span class='ocrx_word' id='word_1_65' title='bbox 513 574 536 601; x_wconf 85' lang='lat' dir='ltr'><strong>si</strong></span> <span class='ocrx_word' id='word_1_66' title='bbox 557 574 592 601; x_wconf 88' lang='lat' dir='ltr'><strong>ab</strong></span> <span class='ocrx_word' id='word_1_67' title='bbox 618 574 726 609; x_wconf 78' lang='lat' dir='ltr'><strong>exiguis</strong></span> <span class='ocrx_word' id='word_1_68' title='bbox 741 578 770 601; x_wconf 88' lang='lat' dir='ltr'><strong>et</strong></span> <span class='ocrx_word' id='word_1_69' title='bbox 784 573 973 601; x_wconf 87' lang='lat' dir='ltr'><strong>mediocribus</strong></span> <span class='ocrx_word' id='word_1_70' title='bbox 988 573 1033 600; x_wconf 79' lang='lat' dir='ltr'><strong>in-</strong></span> 
     </span>
    </p>
   </div>
   <div class='ocr_carea' id='block_1_11' title="bbox 241 619 1034 656">
    <p class='ocr_par' dir='ltr' id='par_1_11' title="bbox 241 619 1034 656">
     <span class='ocr_line' id='line_1_11' title="bbox 241 619 1034 656; baseline -0.001 -9"><span class='ocrx_word' id='word_1_71' title='bbox 241 620 357 656; x_wconf 83' lang='lat' dir='ltr'><strong>ceperit,</strong></span> <span class='ocrx_word' id='word_1_72' title='bbox 377 628 410 647; x_wconf 90' lang='lat' dir='ltr'><strong>ae</strong></span> <span class='ocrx_word' id='word_1_73' title='bbox 421 620 625 654; x_wconf 85' lang='lat' dir='ltr'><strong>quodammodo</strong></span> <span class='ocrx_word' id='word_1_74' title='bbox 640 627 802 655; x_wconf 78' lang='lat' dir='ltr'><strong>progressus</strong></span> <span class='ocrx_word' id='word_1_75' title='bbox 821 619 904 646; x_wconf 81' lang='lat' dir='ltr'><strong>fuerit</strong></span> <span class='ocrx_word' id='word_1_76' title='bbox 922 619 956 647; x_wconf 73' lang='lat' dir='ltr'><strong>ad</strong></span> <span class='ocrx_word' id='word_1_77' title='bbox 975 619 1034 646; x_wconf 84' lang='lat' dir='ltr'><strong>exi-</strong></span> 
     </span>
    </p>
   </div>
   <div class='ocr_carea' id='block_1_12' title="bbox 241 665 1032 702">
    <p class='ocr_par' dir='ltr' id='par_1_12' title="bbox 241 665 1032 702">
     <span class='ocr_line' id='line_1_12' title="bbox 241 665 1032 702; baseline -0.001 -9"><span class='ocrx_word' id='word_1_78' title='bbox 241 674 324 702; x_wconf 75' lang='lat' dir='ltr'><strong>guam</strong></span> <span class='ocrx_word' id='word_1_79' title='bbox 348 666 490 694; x_wconf 85' lang='lat' dir='ltr'><strong>civitatem</strong></span> <span class='ocrx_word' id='word_1_80' title='bbox 516 670 544 694; x_wconf 90' lang='lat' dir='ltr'><strong>et</strong></span> <span class='ocrx_word' id='word_1_81' title='bbox 571 666 681 694; x_wconf 74' lang='lat' dir='ltr'><strong>excelso</strong></span> <span class='ocrx_word' id='word_1_82' title='bbox 708 665 793 693; x_wconf 87' lang='lat' dir='ltr'><strong>monti</strong></span> <span class='ocrx_word' id='word_1_83' title='bbox 814 666 977 701; x_wconf 72' lang='lat' dir='ltr'><strong>proximam,</strong></span> <span class='ocrx_word' id='word_1_84' title='bbox 997 665 1032 692; x_wconf 87' lang='lat' dir='ltr'><strong>ad</strong></span> 
     </span>
    </p>
   </div>
   <div class='ocr_carea' id='block_1_13' title="bbox 239 712 1028 748">
    <p class='ocr_par' dir='ltr' id='par_1_13' title="bbox 239 712 1028 748">
     <span class='ocr_line' id='line_1_13' title="bbox 239 712 1028 748; baseline -0.001 -8"><span class='ocrx_word' id='word_1_85' title='bbox 239 721 302 740; x_wconf 75' lang='lat' dir='ltr'><strong>eam</strong></span> <span class='ocrx_word' id='word_1_86' title='bbox 322 721 421 748; x_wconf 88' lang='lat' dir='ltr'><strong>nempe</strong></span> <span class='ocrx_word' id='word_1_87' title='bbox 438 713 550 741; x_wconf 80' lang='lat' dir='ltr'><strong>vivendi</strong></span> <span class='ocrx_word' id='word_1_88' title='bbox 567 712 712 745; x_wconf 86' lang='lat' dir='ltr'><strong>rationem,</strong></span> <span class='ocrx_word' id='word_1_89' title='bbox 730 720 791 747; x_wconf 76' lang='lat' dir='ltr'><strong>qua:</strong></span> <span class='ocrx_word' id='word_1_90' title='bbox 805 713 868 739; x_wconf 66' lang='lat' dir='ltr'><strong>vitm</strong></span> <span class='ocrx_word' id='word_1_91' title='bbox 887 713 1028 747; x_wconf 58' lang='lat' dir='ltr'><strong>praestanti</strong></span> 
     </span>
    </p>
   </div>
   <div class='ocr_carea' id='block_1_14' title="bbox 240 758 1031 794">
    <p class='ocr_par' dir='ltr' id='par_1_14' title="bbox 240 758 1031 794">
     <span class='ocr_line' id='line_1_14' title="bbox 240 758 1031 794; baseline 0 -9"><span class='ocrx_word' id='word_1_92' title='bbox 240 763 326 794; x_wconf 87' lang='lat' dir='ltr'><strong>atque</strong></span> <span class='ocrx_word' id='word_1_93' title='bbox 350 759 462 787; x_wconf 85' lang='lat' dir='ltr'><strong>sublimi</strong></span> <span class='ocrx_word' id='word_1_94' title='bbox 499 759 621 794; x_wconf 84' lang='lat' dir='ltr'><strong>subjecta</strong></span> <span class='ocrx_word' id='word_1_95' title='bbox 643 763 686 787; x_wconf 86' lang='lat' dir='ltr'><strong>est</strong></span> <span class='ocrx_word' id='word_1_96' title='bbox 709 763 737 786; x_wconf 85' lang='lat' dir='ltr'><strong>et</strong></span> <span class='ocrx_word' id='word_1_97' title='bbox 762 758 884 785; x_wconf 87' lang='lat' dir='ltr'><strong>inferior.</strong></span> <span class='ocrx_word' id='word_1_98' title='bbox 903 758 959 785; x_wconf 79' lang='lat' dir='ltr'><strong>liae</strong></span> <span class='ocrx_word' id='word_1_99' title='bbox 986 766 1031 785; x_wconf 87' lang='lat' dir='ltr'><strong>ra-</strong></span> 
     </span>
    </p>
   </div>
   <div class='ocr_carea' id='block_1_15' title="bbox 240 803 1030 839">
    <p class='ocr_par' dir='ltr' id='par_1_15' title="bbox 240 803 1030 839">
     <span class='ocr_line' id='line_1_15' title="bbox 240 803 1030 839; baseline 0 -9"><span class='ocrx_word' id='word_1_100' title='bbox 240 804 316 831; x_wconf 85' lang='lat' dir='ltr'><strong>tione</strong></span> <span class='ocrx_word' id='word_1_101' title='bbox 327 804 419 839; x_wconf 84' lang='lat' dir='ltr'><strong>justus</strong></span> <span class='ocrx_word' id='word_1_102' title='bbox 442 803 504 836; x_wconf 90' lang='lat' dir='ltr'><strong>Lot,</strong></span> <span class='ocrx_word' id='word_1_103' title='bbox 519 803 566 838; x_wconf 88' lang='lat' dir='ltr'><strong>qui</strong></span> <span class='ocrx_word' id='word_1_104' title='bbox 595 811 649 831; x_wconf 89' lang='lat' dir='ltr'><strong>non</strong></span> <span class='ocrx_word' id='word_1_105' title='bbox 673 803 701 830; x_wconf 88' lang='lat' dir='ltr'><strong>in</strong></span> <span class='ocrx_word' id='word_1_106' title='bbox 718 807 838 831; x_wconf 92' lang='lat' dir='ltr'><strong>montem</strong></span> <span class='ocrx_word' id='word_1_107' title='bbox 858 803 962 835; x_wconf 85' lang='lat' dir='ltr'><strong>statim,</strong></span> <span class='ocrx_word' id='word_1_108' title='bbox 982 803 1030 831; x_wconf 85' lang='lat' dir='ltr'><strong>sed</strong></span> 
     </span>
    </p>
   </div>
   <div class='ocr_carea' id='block_1_16' title="bbox 766 101 1377 130">
    <p class='ocr_par' dir='ltr' id='par_1_16' title="bbox 766 101 1377 130">
     <span class='ocr_line' id='line_1_16' title="bbox 766 101 1377 130; baseline -0.005 -1"><span class='ocrx_word' id='word_1_109' title='bbox 766 101 793 128; x_wconf 91' lang='lat' dir='ltr'><strong>S.</strong></span> <span class='ocrx_word' id='word_1_110' title='bbox 810 101 949 129; x_wconf 80' lang='lat' dir='ltr'><strong>CYRILLI</strong></span> <span class='ocrx_word' id='word_1_111' title='bbox 969 102 1202 129; x_wconf 74' lang='lat' dir='ltr'><strong>ALEXANDIUNI</strong></span> <span class='ocrx_word' id='word_1_112' title='bbox 1219 102 1377 130; x_wconf 70' lang='lat' dir='ltr'><strong>AltClllEP,</strong></span> 
     </span>
    </p>
   </div>
   <div class='ocr_carea' id='block_1_17' title="bbox 198 157 1023 194">
    <p class='ocr_par' dir='ltr' id='par_1_17' title="bbox 198 157 1021 194">
     <span class='ocr_line' id='line_1_17' title="bbox 198 157 1021 194; baseline -0.004 -7"><span class='ocrx_word' id='word_1_113' title='bbox 198 166 401 194; x_wconf 55' lang='lat' dir='ltr'><strong>&#39;rmensuram</strong></span> <span class='ocrx_word' id='word_1_114' title='bbox 420 157 507 185; x_wconf 70' lang='lat' dir='ltr'><strong>aetatis</strong></span> <span class='ocrx_word' id='word_1_115' title='bbox 534 157 715 192; x_wconf 84' lang='lat' dir='ltr'><strong>plenitudinis</strong></span> <span class='ocrx_word' id='word_1_116' title='bbox 735 157 838 186; x_wconf 87' lang='lat' dir='ltr'><strong>Christi</strong></span> <span class='ocrx_word' id='word_1_117' title='bbox 851 158 884 191; x_wconf 77' lang='grc'><strong>³⁷,</strong></span> <span class='ocrx_word' id='word_1_118' title='bbox 906 158 1021 185; x_wconf 75' lang='lat' dir='ltr'><strong>conveni</strong></span> 
     </span>
    </p>
   </div>
   <div class='ocr_carea' id='block_1_18' title="bbox 1071 157 1891 194">
    <p class='ocr_par' dir='ltr' id='par_1_18' title="bbox 1071 157 1891 194">
     <span class='ocr_line' id='line_1_18' title="bbox 1071 157 1891 194; baseline -0.001 -10"><span class='ocrx_word' id='word_1_119' title='bbox 1071 184 1072 187; x_wconf 39' lang='grc' dir='ltr'><strong>η</strong></span> <span class='ocrx_word' id='word_1_120' title='bbox 1088 158 1234 193; x_wconf 78' lang='grc' dir='ltr'>ἀρμόσειεν</span> <span class='ocrx_word' id='word_1_121' title='bbox 1251 157 1284 185; x_wconf 81' lang='grc' dir='ltr'>ἂν</span> <span class='ocrx_word' id='word_1_122' title='bbox 1301 158 1352 193; x_wconf 77' lang='grc' dir='ltr'><strong>ἤδη</strong></span> <span class='ocrx_word' id='word_1_123' title='bbox 1372 166 1430 190; x_wconf 86' lang='grc' dir='ltr'><strong>πως</strong></span> <span class='ocrx_word' id='word_1_124' title='bbox 1455 159 1471 193; x_wconf 87' lang='grc' dir='ltr'>ἡ</span> <span class='ocrx_word' id='word_1_125' title='bbox 1490 159 1660 194; x_wconf 81' lang='grc' dir='ltr'>στερεωτέρα</span> <span class='ocrx_word' id='word_1_126' title='bbox 1682 159 1773 194; x_wconf 74' lang='grc' dir='ltr'>τροφὴ</span> <span class='ocrx_word' id='word_1_127' title='bbox 1787 179 1795 191; x_wconf 91' lang='grc'><strong>,</strong></span> <span class='ocrx_word' id='word_1_128' title='bbox 1820 157 1891 184; x_wconf 70' lang='grc' dir='ltr'>τοῦτ</span> 
     </span>
    </p>
   </div>
   <div class='ocr_carea' id='block_1_19' title="bbox 1846 101 1906 128">
    <p class='ocr_par' dir='ltr' id='par_1_19' title="bbox 1846 101 1906 128">
     <span class='ocr_line' id='line_1_19' title="bbox 1846 101 1906 128; baseline -0.033 -1"><span class='ocrx_word' id='word_1_129' title='bbox 1846 101 1906 128; x_wconf 62' lang='lat'><strong>£50</strong></span> 
     </span>
    </p>
   </div>
   <div class='ocr_carea' id='block_1_20' title="bbox 1088 203 1901 240">
    <p class='ocr_par' dir='ltr' id='par_1_20' title="bbox 1088 203 1901 240">
     <span class='ocr_line' id='line_1_20' title="bbox 1088 203 1901 240; baseline 0 -11"><span class='ocrx_word' id='word_1_130' title='bbox 1088 203 1173 235; x_wconf 77' lang='grc' dir='ltr'>ἐστιν,</span> <span class='ocrx_word' id='word_1_131' title='bbox 1191 204 1205 230; x_wconf 81' lang='grc' dir='ltr'><strong><em>ὁ</em></strong></span> <span class='ocrx_word' id='word_1_132' title='bbox 1224 204 1289 239; x_wconf 76' lang='grc' dir='ltr'>περὶ</span> <span class='ocrx_word' id='word_1_133' title='bbox 1312 204 1366 230; x_wconf 82' lang='grc' dir='ltr'><strong>τῶν</strong></span> <span class='ocrx_word' id='word_1_134' title='bbox 1382 204 1515 231; x_wconf 79' lang='grc' dir='ltr'>ἀνωτάτω</span> <span class='ocrx_word' id='word_1_135' title='bbox 1537 204 1633 239; x_wconf 81' lang='grc' dir='ltr'>λόγος,</span> <span class='ocrx_word' id='word_1_136' title='bbox 1648 204 1726 240; x_wconf 82' lang='grc' dir='ltr'>οἷμός</span> <span class='ocrx_word' id='word_1_137' title='bbox 1747 213 1778 231; x_wconf 87' lang='grc' dir='ltr'><strong>τε</strong></span> <span class='ocrx_word' id='word_1_138' title='bbox 1795 205 1901 232; x_wconf 70' lang='grc' dir='ltr'>ἅπασα</span> 
     </span>
    </p>
   </div>
   <div class='ocr_carea' id='block_1_21' title="bbox 1087 249 1899 286">
    <p class='ocr_par' dir='ltr' id='par_1_21' title="bbox 1087 249 1899 286">
     <span class='ocr_line' id='line_1_21' title="bbox 1087 249 1899 286; baseline 0 -10"><span class='ocrx_word' id='word_1_139' title='bbox 1087 249 1180 276; x_wconf 72' lang='grc' dir='ltr'>λοιπὸν</span> <span class='ocrx_word' id='word_1_140' title='bbox 1209 249 1324 285; x_wconf 82' lang='grc' dir='ltr'><strong>ἐρεύνης</strong></span> <span class='ocrx_word' id='word_1_141' title='bbox 1348 249 1533 286; x_wconf 74' lang='grc' dir='ltr'><strong>δογματικῆς⁵</strong></span> <span class='ocrx_word' id='word_1_142' title='bbox 1558 250 1630 277; x_wconf 68' lang='grc' dir='ltr'>οὕτω</span> <span class='ocrx_word' id='word_1_143' title='bbox 1655 251 1774 278; x_wconf 83' lang='grc' dir='ltr'>κάνθάδε</span> <span class='ocrx_word' id='word_1_144' title='bbox 1800 252 1899 285; x_wconf 65' lang='grc' dir='ltr'>φημὶ,</span> 
     </span>
    </p>
   </div>
   <div class='ocr_carea' id='block_1_22' title="bbox 1087 294 1899 331">
    <p class='ocr_par' dir='ltr' id='par_1_22' title="bbox 1087 294 1899 331">
     <span class='ocr_line' id='line_1_22' title="bbox 1087 294 1899 331; baseline 0 -10"><span class='ocrx_word' id='word_1_145' title='bbox 1087 294 1159 322; x_wconf 76' lang='grc' dir='ltr'>τοῦτ’</span> <span class='ocrx_word' id='word_1_146' title='bbox 1178 295 1262 327; x_wconf 79' lang='grc' dir='ltr'>ἔστιν,</span> <span class='ocrx_word' id='word_1_147' title='bbox 1277 296 1305 321; x_wconf 80' lang='grc' dir='ltr'>ἐν</span> <span class='ocrx_word' id='word_1_148' title='bbox 1321 296 1381 326; x_wconf 80' lang='grc' dir='ltr'>ταῖς</span> <span class='ocrx_word' id='word_1_149' title='bbox 1395 295 1448 322; x_wconf 82' lang='grc' dir='ltr'>τῶν</span> <span class='ocrx_word' id='word_1_150' title='bbox 1458 295 1532 330; x_wconf 75' lang='grc' dir='ltr'>ἠθῶν</span> <span class='ocrx_word' id='word_1_151' title='bbox 1548 296 1594 322; x_wconf 77' lang='grc' dir='ltr'>καὶ</span> <span class='ocrx_word' id='word_1_152' title='bbox 1608 295 1718 331; x_wconf 76' lang='grc' dir='ltr'>τρόπων</span> <span class='ocrx_word' id='word_1_153' title='bbox 1731 296 1899 330; x_wconf 61' lang='grc' dir='ltr'>ἐπανορῦιᾷ</span> 
     </span>
    </p>
   </div>
   <div class='ocr_carea' id='block_1_23' title="bbox 1088 341 1900 378">
    <p class='ocr_par' dir='ltr' id='par_1_23' title="bbox 1088 341 1900 378">
     <span class='ocr_line' id='line_1_23' title="bbox 1088 341 1900 378; baseline 0.001 -12"><span class='ocrx_word' id='word_1_154' title='bbox 1088 349 1156 372; x_wconf 83' lang='grc' dir='ltr'>σεσι,</span> <span class='ocrx_word' id='word_1_155' title='bbox 1167 341 1217 367; x_wconf 83' lang='grc' dir='ltr'>οὐκ</span> <span class='ocrx_word' id='word_1_156' title='bbox 1233 341 1265 368; x_wconf 81' lang='grc' dir='ltr'>ἂν</span> <span class='ocrx_word' id='word_1_157' title='bbox 1278 341 1320 377; x_wconf 80' lang='grc' dir='ltr'><strong>εἴη</strong></span> <span class='ocrx_word' id='word_1_158' title='bbox 1334 341 1388 368; x_wconf 78' lang='grc' dir='ltr'><strong>τῶν</strong></span> <span class='ocrx_word' id='word_1_159' title='bbox 1399 342 1582 378; x_wconf 69' lang='grc' dir='ltr'><strong>ἐνδεχομένων</strong></span> <span class='ocrx_word' id='word_1_160' title='bbox 1596 341 1678 374; x_wconf 68' lang='grc' dir='ltr'>εὐθὺς</span> <span class='ocrx_word' id='word_1_161' title='bbox 1693 341 1900 378; x_wconf 72' lang='grc' dir='ltr'>ἀναθρώσκῑιν</span> 
     </span>
    </p>
   </div>
   <div class='ocr_carea' id='block_1_24' title="bbox 1086 387 1899 424">
    <p class='ocr_par' dir='ltr' id='par_1_24' title="bbox 1086 387 1899 424">
     <span class='ocr_line' id='line_1_24' title="bbox 1086 387 1899 424; baseline 0 -10"><span class='ocrx_word' id='word_1_162' title='bbox 1086 387 1215 414; x_wconf 83' lang='grc' dir='ltr'>δύνασθαί</span> <span class='ocrx_word' id='word_1_163' title='bbox 1237 396 1312 419; x_wconf 84' lang='grc' dir='ltr'>τινας</span> <span class='ocrx_word' id='word_1_164' title='bbox 1339 387 1386 414; x_wconf 69' lang='grc' dir='ltr'><strong>ἐπὶ</strong></span> <span class='ocrx_word' id='word_1_165' title='bbox 1410 388 1441 415; x_wconf 75' lang='grc' dir='ltr'>τὸ</span> <span class='ocrx_word' id='word_1_166' title='bbox 1464 388 1624 424; x_wconf 82' lang='grc' dir='ltr'><strong>ἀμωμήτως</strong></span> <span class='ocrx_word' id='word_1_167' title='bbox 1649 388 1720 423; x_wconf 78' lang='grc' dir='ltr'>ἕχον,</span> <span class='ocrx_word' id='word_1_168' title='bbox 1739 389 1830 424; x_wconf 69' lang='grc' dir='ltr'>ἤγουν</span> <span class='ocrx_word' id='word_1_169' title='bbox 1853 390 1899 420; x_wconf 77' lang='grc' dir='ltr'><strong>εἰς</strong></span> 
     </span>
    </p>
   </div>
   <div class='ocr_carea' id='block_1_25' title="bbox 1087 433 1895 470">
    <p class='ocr_par' dir='ltr' id='par_1_25' title="bbox 1087 433 1895 470">
     <span class='ocr_line' id='line_1_25' title="bbox 1087 433 1895 470; baseline 0.001 -11"><span class='ocrx_word' id='word_1_170' title='bbox 1087 433 1214 468; x_wconf 77' lang='grc' dir='ltr'><strong>ὑπερφυᾶ</strong></span> <span class='ocrx_word' id='word_1_171' title='bbox 1226 434 1271 460; x_wconf 75' lang='grc' dir='ltr'>καὶ</span> <span class='ocrx_word' id='word_1_172' title='bbox 1296 433 1450 469; x_wconf 44' lang='grc' dir='ltr'>ύπέρλοςςον</span> <span class='ocrx_word' id='word_1_173' title='bbox 1468 433 1617 461; x_wconf 79' lang='grc' dir='ltr'>πολιτείαν.</span> <span class='ocrx_word' id='word_1_174' title='bbox 1644 435 1784 470; x_wconf 79' lang='grc' dir='ltr'>Προσήκοι</span> <span class='ocrx_word' id='word_1_175' title='bbox 1799 435 1824 462; x_wconf 81' lang='grc' dir='ltr'><strong>δ’</strong></span> <span class='ocrx_word' id='word_1_176' title='bbox 1845 435 1895 467; x_wconf 78' lang='grc' dir='ltr'>ἂν,</span> 
     </span>
    </p>
   </div>
   <div class='ocr_carea' id='block_1_26' title="bbox 1085 474 1895 515">
    <p class='ocr_par' dir='ltr' id='par_1_26' title="bbox 1085 474 1895 515">
     <span class='ocr_line' id='line_1_26' title="bbox 1085 474 1895 515; baseline 0.002 -11"><span class='ocrx_word' id='word_1_177' title='bbox 1085 474 1174 512; x_wconf 76' lang='grc' dir='ltr'>οἶμαι,</span> <span class='ocrx_word' id='word_1_178' title='bbox 1187 479 1257 506; x_wconf 82' lang='grc' dir='ltr'>κατὰ</span> <span class='ocrx_word' id='word_1_179' title='bbox 1269 478 1356 514; x_wconf 75' lang='grc' dir='ltr'>βραχὺ</span> <span class='ocrx_word' id='word_1_180' title='bbox 1373 479 1440 514; x_wconf 79' lang='grc' dir='ltr'>πρὸς</span> <span class='ocrx_word' id='word_1_181' title='bbox 1455 478 1503 514; x_wconf 81' lang='grc' dir='ltr'>τὴν</span> <span class='ocrx_word' id='word_1_182' title='bbox 1518 479 1620 515; x_wconf 82' lang='grc' dir='ltr'>ἀρτίως</span> <span class='ocrx_word' id='word_1_183' title='bbox 1635 479 1751 514; x_wconf 73' lang='grc' dir='ltr'>ἔχουσαν</span> <span class='ocrx_word' id='word_1_184' title='bbox 1766 480 1838 512; x_wconf 77' lang='grc' dir='ltr'>ἕξιν,</span> <span class='ocrx_word' id='word_1_185' title='bbox 1858 483 1895 507; x_wconf 78' lang='grc' dir='ltr'>ἐκ</span> 
     </span>
    </p>
   </div>
   <div class='ocr_carea' id='block_1_27' title="bbox 1086 523 1894 562">
    <p class='ocr_par' dir='ltr' id='par_1_27' title="bbox 1086 523 1894 562">
     <span class='ocr_line' id='line_1_27' title="bbox 1086 523 1894 562; baseline 0.004 -12"><span class='ocrx_word' id='word_1_186' title='bbox 1086 523 1192 560; x_wconf 79' lang='grc' dir='ltr'><strong>μικρῶν</strong></span> <span class='ocrx_word' id='word_1_187' title='bbox 1215 524 1263 551; x_wconf 72' lang='grc' dir='ltr'>καὶ</span> <span class='ocrx_word' id='word_1_188' title='bbox 1285 525 1450 561; x_wconf 73' lang='grc' dir='ltr'><strong>συμμέτρων</strong></span> <span class='ocrx_word' id='word_1_189' title='bbox 1474 524 1644 561; x_wconf 79' lang='grc' dir='ltr'>ἀρξάμενος,</span> <span class='ocrx_word' id='word_1_190' title='bbox 1668 526 1716 554; x_wconf 74' lang='grc' dir='ltr'>καὶ</span> <span class='ocrx_word' id='word_1_191' title='bbox 1740 530 1894 562; x_wconf 58' lang='grc' dir='ltr'>μονονουχὶ</span> 
     </span>
    </p>
   </div>
   <div class='ocr_carea' id='block_1_28' title="bbox 1083 571 1891 608">
    <p class='ocr_par' dir='ltr' id='par_1_28' title="bbox 1083 571 1891 608">
     <span class='ocr_line' id='line_1_28' title="bbox 1083 571 1891 608; baseline 0.004 -11"><span class='ocrx_word' id='word_1_192' title='bbox 1083 571 1286 607; x_wconf 80' lang='grc' dir='ltr'>προειστρέχων</span> <span class='ocrx_word' id='word_1_193' title='bbox 1301 571 1426 608; x_wconf 76' lang='grc' dir='ltr'>καθάπερ</span> <span class='ocrx_word' id='word_1_194' title='bbox 1443 572 1483 605; x_wconf 84' lang='grc' dir='ltr'><strong>είς</strong></span> <span class='ocrx_word' id='word_1_195' title='bbox 1509 572 1586 599; x_wconf 77' lang='grc' dir='ltr'>πόλιν</span> <span class='ocrx_word' id='word_1_196' title='bbox 1601 573 1714 608; x_wconf 80' lang='grc' dir='ltr'>μικρὰν,</span> <span class='ocrx_word' id='word_1_197' title='bbox 1737 574 1786 600; x_wconf 72' lang='grc' dir='ltr'>καὶ</span> <span class='ocrx_word' id='word_1_198' title='bbox 1805 574 1891 608; x_wconf 71' lang='grc' dir='ltr'>ὅρους</span> 
     </span>
    </p>
   </div>
   <div class='ocr_carea' id='block_1_29' title="bbox 1084 616 1891 656">
    <p class='ocr_par' dir='ltr' id='par_1_29' title="bbox 1084 616 1891 656">
     <span class='ocr_line' id='line_1_29' title="bbox 1084 616 1891 656; baseline 0.005 -14"><span class='ocrx_word' id='word_1_199' title='bbox 1084 616 1186 652; x_wconf 73' lang='grc' dir='ltr'>ὑψηλοῦ</span> <span class='ocrx_word' id='word_1_200' title='bbox 1203 617 1323 651; x_wconf 78' lang='grc' dir='ltr'><strong>γείτονα,</strong></span> <span class='ocrx_word' id='word_1_201' title='bbox 1339 617 1390 654; x_wconf 86' lang='grc' dir='ltr'>τὴν</span> <span class='ocrx_word' id='word_1_202' title='bbox 1404 619 1454 654; x_wconf 82' lang='grc' dir='ltr'>τῆς</span> <span class='ocrx_word' id='word_1_203' title='bbox 1468 617 1608 653; x_wconf 85' lang='grc' dir='ltr'>ὲξαιρέτου</span> <span class='ocrx_word' id='word_1_204' title='bbox 1624 619 1671 645; x_wconf 69' lang='grc' dir='ltr'>καὶ</span> <span class='ocrx_word' id='word_1_205' title='bbox 1683 617 1891 656; x_wconf 74' lang='grc' dir='ltr'>ἀνῳκισμένης</span> 
     </span>
    </p>
   </div>
   <div class='ocr_carea' id='block_1_30' title="bbox 1083 664 1891 705">
    <p class='ocr_par' dir='ltr' id='par_1_30' title="bbox 1083 664 1891 705">
     <span class='ocr_line' id='line_1_30' title="bbox 1083 664 1891 705; baseline 0.006 -14"><span class='ocrx_word' id='word_1_206' title='bbox 1083 664 1157 700; x_wconf 77' lang='grc' dir='ltr'>ζωῆς</span> <span class='ocrx_word' id='word_1_207' title='bbox 1165 664 1376 700; x_wconf 65' lang='grc' dir='ltr'><strong>ὑποκαθημένην</strong></span> <span class='ocrx_word' id='word_1_208' title='bbox 1386 674 1415 692; x_wconf 83' lang='grc' dir='ltr'><strong>τε</strong></span> <span class='ocrx_word' id='word_1_209' title='bbox 1427 666 1472 692; x_wconf 78' lang='grc' dir='ltr'>καὶ</span> <span class='ocrx_word' id='word_1_210' title='bbox 1481 666 1511 692; x_wconf 82' lang='grc' dir='ltr'>ὲν</span> <span class='ocrx_word' id='word_1_211' title='bbox 1519 674 1551 701; x_wconf 87' lang='grc' dir='ltr'><strong>με</strong></span> <span class='ocrx_word' id='word_1_212' title='bbox 1556 666 1607 692; x_wconf 89' lang='grc' dir='ltr'>ίοσι</span> <span class='ocrx_word' id='word_1_213' title='bbox 1616 667 1707 694; x_wconf 78' lang='grc' dir='ltr'>πολι-τε</span> <span class='ocrx_word' id='word_1_214' title='bbox 1712 668 1766 695; x_wconf 80' lang='grc' dir='ltr'>ίαν.</span> <span class='ocrx_word' id='word_1_215' title='bbox 1777 669 1891 705; x_wconf 65' lang='grc' dir='ltr'>Ταύττγ</span> 
     </span>
    </p>
   </div>
   <div class='ocr_carea' id='block_1_31' title="bbox 1082 711 1891 750">
    <p class='ocr_par' dir='ltr' id='par_1_31' title="bbox 1082 711 1891 750">
     <span class='ocr_line' id='line_1_31' title="bbox 1082 711 1891 750; baseline 0.006 -13"><span class='ocrx_word' id='word_1_216' title='bbox 1082 719 1122 738; x_wconf 87' lang='grc' dir='ltr'><strong>τοι</strong></span> <span class='ocrx_word' id='word_1_217' title='bbox 1138 711 1185 738; x_wconf 73' lang='grc' dir='ltr'>καὶ</span> <span class='ocrx_word' id='word_1_218' title='bbox 1195 711 1209 737; x_wconf 86' lang='grc' dir='ltr'><strong>ὀ</strong></span> <span class='ocrx_word' id='word_1_219' title='bbox 1223 711 1327 744; x_wconf 84' lang='grc' dir='ltr'>δίκαιος</span> <span class='ocrx_word' id='word_1_220' title='bbox 1339 711 1412 743; x_wconf 87' lang='grc' dir='ltr'>Λὼτ,</span> <span class='ocrx_word' id='word_1_221' title='bbox 1425 711 1509 744; x_wconf 80' lang='grc' dir='ltr'><strong>τύπος</strong></span> <span class='ocrx_word' id='word_1_222' title='bbox 1520 713 1552 740; x_wconf 83' lang='grc' dir='ltr'>ἂν</span> <span class='ocrx_word' id='word_1_223' title='bbox 1569 713 1613 748; x_wconf 75' lang='grc' dir='ltr'><strong>εἴη</strong></span> <span class='ocrx_word' id='word_1_224' title='bbox 1632 713 1685 740; x_wconf 83' lang='grc' dir='ltr'>τῶν</span> <span class='ocrx_word' id='word_1_225' title='bbox 1699 714 1765 750; x_wconf 80' lang='grc' dir='ltr'>τῇδε</span> <span class='ocrx_word' id='word_1_226' title='bbox 1779 715 1891 742; x_wconf 82' lang='grc' dir='ltr'>διακει-</span> 
     </span>
    </p>
   </div>
   <div class='ocr_carea' id='block_1_32' title="bbox 1084 757 1890 797">
    <p class='ocr_par' dir='ltr' id='par_1_32' title="bbox 1084 757 1890 797">
     <span class='ocr_line' id='line_1_32' title="bbox 1084 757 1890 797; baseline 0.006 -14"><span class='ocrx_word' id='word_1_227' title='bbox 1084 757 1183 792; x_wconf 80' lang='grc' dir='ltr'>μένων,</span> <span class='ocrx_word' id='word_1_228' title='bbox 1201 758 1250 785; x_wconf 81' lang='grc' dir='ltr'>οὐκ</span> <span class='ocrx_word' id='word_1_229' title='bbox 1268 758 1306 790; x_wconf 81' lang='grc' dir='ltr'><strong>εἰς</strong></span> <span class='ocrx_word' id='word_1_230' title='bbox 1324 758 1354 784; x_wconf 79' lang='grc' dir='ltr'>τὸ</span> <span class='ocrx_word' id='word_1_231' title='bbox 1367 758 1430 794; x_wconf 79' lang='grc' dir='ltr'>ὅρος</span> <span class='ocrx_word' id='word_1_232' title='bbox 1452 759 1549 791; x_wconf 76' lang='grc' dir='ltr'>εὐθὺς,</span> <span class='ocrx_word' id='word_1_233' title='bbox 1564 759 1621 786; x_wconf 84' lang='grc' dir='ltr'>ἀλλ’</span> <span class='ocrx_word' id='word_1_234' title='bbox 1638 761 1667 787; x_wconf 75' lang='grc' dir='ltr'>ἐν</span> <span class='ocrx_word' id='word_1_235' title='bbox 1689 760 1768 787; x_wconf 81' lang='grc' dir='ltr'>πόλει</span> <span class='ocrx_word' id='word_1_236' title='bbox 1784 761 1890 797; x_wconf 77' lang='grc' dir='ltr'>Σηγὼρ</span> 
     </span>
    </p>
   </div>
   <div class='ocr_carea' id='block_1_33' title="bbox 1082 804 1891 842">
    <p class='ocr_par' dir='ltr' id='par_1_33' title="bbox 1082 804 1891 842">
     <span class='ocr_line' id='line_1_33' title="bbox 1082 804 1891 842; baseline 0.006 -13"><span class='ocrx_word' id='word_1_237' title='bbox 1082 805 1113 839; x_wconf 83' lang='grc' dir='ltr'><strong>τῇ</strong></span> <span class='ocrx_word' id='word_1_238' title='bbox 1129 805 1214 840; x_wconf 75' lang='grc' dir='ltr'>μικρᾷ</span> <span class='ocrx_word' id='word_1_239' title='bbox 1224 825 1232 837; x_wconf 88' lang='grc'><strong>,</strong></span> <span class='ocrx_word' id='word_1_240' title='bbox 1244 804 1408 831; x_wconf 72' lang='grc' dir='ltr'><strong>καταλύσειν</strong></span> <span class='ocrx_word' id='word_1_241' title='bbox 1423 804 1516 837; x_wconf 79' lang='grc' dir='ltr'>ἀξιῶν.</span> <span class='ocrx_word' id='word_1_242' title='bbox 1533 806 1567 832; x_wconf 89' lang='grc' dir='ltr'><em>Ἣ</em></span> <span class='ocrx_word' id='word_1_243' title='bbox 1583 805 1637 842; x_wconf 83' lang='grc' dir='ltr'><strong>γὰρ</strong></span> <span class='ocrx_word' id='word_1_244' title='bbox 1649 807 1710 842; x_wconf 74' lang='grc' dir='ltr'>οὐχὶ</span> <span class='ocrx_word' id='word_1_245' title='bbox 1722 807 1814 834; x_wconf 81' lang='grc' dir='ltr'>καὶ-ὲν</span> <span class='ocrx_word' id='word_1_246' title='bbox 1827 810 1891 842; x_wconf 78' lang='grc' dir='ltr'>τοῖς</span> 
     </span>
    </p>
   </div>
   <div class='ocr_carea' id='block_1_34' title="bbox 240 844 1023 887">
    <p class='ocr_par' dir='ltr' id='par_1_34' title="bbox 240 849 1021 884">
     <span class='ocr_line' id='line_1_34' title="bbox 240 849 1021 884; baseline 0 -8"><span class='ocrx_word' id='word_1_247' title='bbox 240 849 269 876; x_wconf 92' lang='lat' dir='ltr'><strong>in</strong></span> <span class='ocrx_word' id='word_1_248' title='bbox 279 849 419 876; x_wconf 87' lang='lat' dir='ltr'><strong>civitatem</strong></span> <span class='ocrx_word' id='word_1_249' title='bbox 439 849 525 884; x_wconf 80' lang='lat' dir='ltr'><strong>Segor</strong></span> <span class='ocrx_word' id='word_1_250' title='bbox 538 850 664 884; x_wconf 77' lang='lat' dir='ltr'><strong>exiguam</strong></span> <span class='ocrx_word' id='word_1_251' title='bbox 681 849 818 876; x_wconf 88' lang='lat' dir='ltr'><strong>divertere</strong></span> <span class='ocrx_word' id='word_1_252' title='bbox 830 853 859 876; x_wconf 92' lang='lat' dir='ltr'><strong>ut</strong></span> <span class='ocrx_word' id='word_1_253' title='bbox 871 850 923 876; x_wconf 91' lang='lat' dir='ltr'><strong>sibi</strong></span> <span class='ocrx_word' id='word_1_254' title='bbox 939 849 1021 876; x_wconf 84' lang='lat' dir='ltr'><strong>liceat</strong></span> 
     </span>
    </p>
   </div>
   <div class='ocr_carea' id='block_1_35' title="bbox 1071 844 1887 887">
    <p class='ocr_par' dir='ltr' id='par_1_35' title="bbox 1083 850 1887 887">
     <span class='ocr_line' id='line_1_35' title="bbox 1083 850 1887 887; baseline 0.005 -11"><span class='ocrx_word' id='word_1_255' title='bbox 1083 850 1270 885; x_wconf 57' lang='lat' dir='ltr'><strong>abayyshxoi;</strong></span> <span class='ocrx_word' id='word_1_256' title='bbox 1302 851 1464 887; x_wconf 75' lang='grc' dir='ltr'><strong>κηρύγμασι</strong></span> <span class='ocrx_word' id='word_1_257' title='bbox 1495 851 1624 884; x_wconf 72' lang='grc' dir='ltr'>τοιαύτας</span> <span class='ocrx_word' id='word_1_258' title='bbox 1659 852 1794 885; x_wconf 80' lang='grc' dir='ltr'>πολλάκις</span> <span class='ocrx_word' id='word_1_259' title='bbox 1833 855 1887 886; x_wconf 67' lang='grc' dir='ltr'>τὰς</span> 
     </span>
    </p>
   </div>
   <div class='ocr_carea' id='block_1_36' title="bbox 241 895 1031 930">
    <p class='ocr_par' dir='ltr' id='par_1_36' title="bbox 241 895 1031 930">
     <span class='ocr_line' id='line_1_36' title="bbox 241 895 1031 930; baseline 0 -8"><span class='ocrx_word' id='word_1_260' title='bbox 241 895 321 930; x_wconf 84' lang='lat' dir='ltr'><strong>petit,</strong></span> <span class='ocrx_word' id='word_1_261' title='bbox 336 903 434 924; x_wconf 88' lang='lat' dir='ltr'><strong>eorum</strong></span> <span class='ocrx_word' id='word_1_262' title='bbox 449 895 497 930; x_wconf 88' lang='lat' dir='ltr'><strong>qui</strong></span> <span class='ocrx_word' id='word_1_263' title='bbox 517 896 558 923; x_wconf 90' lang='lat' dir='ltr'><strong>sic</strong></span> <span class='ocrx_word' id='word_1_264' title='bbox 578 895 669 922; x_wconf 85' lang='lat' dir='ltr'><strong>all‘ecti</strong></span> <span class='ocrx_word' id='word_1_265' title='bbox 691 899 766 927; x_wconf 81' lang='lat' dir='ltr'><strong>sunt,</strong></span> <span class='ocrx_word' id='word_1_266' title='bbox 787 903 843 922; x_wconf 90' lang='lat' dir='ltr'><strong>non</strong></span> <span class='ocrx_word' id='word_1_267' title='bbox 857 895 978 923; x_wconf 86' lang='lat' dir='ltr'><strong>absurde</strong></span> <span class='ocrx_word' id='word_1_268' title='bbox 998 896 1031 922; x_wconf 85' lang='lat' dir='ltr'><strong>fl-</strong></span> 
     </span>
    </p>
   </div>
   <div class='ocr_carea' id='block_1_37' title="bbox 240 941 1032 978">
    <p class='ocr_par' dir='ltr' id='par_1_37' title="bbox 240 941 1032 978">
     <span class='ocr_line' id='line_1_37' title="bbox 240 941 1032 978; baseline 0.001 -10"><span class='ocrx_word' id='word_1_269' title='bbox 240 949 308 976; x_wconf 77' lang='lat' dir='ltr'><strong>gura</strong></span> <span class='ocrx_word' id='word_1_270' title='bbox 339 941 433 969; x_wconf 84' lang='lat' dir='ltr'><strong>fuerit.</strong></span> <span class='ocrx_word' id='word_1_271' title='bbox 459 942 557 969; x_wconf 83' lang='lat' dir='ltr'><strong>Annon</strong></span> <span class='ocrx_word' id='word_1_272' title='bbox 582 943 656 970; x_wconf 89' lang='lat' dir='ltr'><strong>enim</strong></span> <span class='ocrx_word' id='word_1_273' title='bbox 677 942 703 970; x_wconf 86' lang='lat' dir='ltr'><strong>in</strong></span> <span class='ocrx_word' id='word_1_274' title='bbox 725 943 783 978; x_wconf 89' lang='lat' dir='ltr'><strong>ipsa</strong></span> <span class='ocrx_word' id='word_1_275' title='bbox 802 950 915 977; x_wconf 87' lang='lat' dir='ltr'><strong>quoque</strong></span> <span class='ocrx_word' id='word_1_276' title='bbox 943 942 1032 970; x_wconf 84' lang='lat' dir='ltr'><strong>Evan-</strong></span> 
     </span>
    </p>
   </div>
   <div class='ocr_carea' id='block_1_38' title="bbox 239 987 1030 1024">
    <p class='ocr_par' dir='ltr' id='par_1_38' title="bbox 239 987 1030 1024">
     <span class='ocr_line' id='line_1_38' title="bbox 239 987 1030 1024; baseline 0.003 -10"><span class='ocrx_word' id='word_1_277' title='bbox 239 987 304 1023; x_wconf 77' lang='lat' dir='ltr'><strong>gelii</strong></span> <span class='ocrx_word' id='word_1_278' title='bbox 323 988 538 1023; x_wconf 67' lang='lat' dir='ltr'><strong>praedicatione,</strong></span> <span class='ocrx_word' id='word_1_279' title='bbox 569 989 726 1024; x_wconf 87' lang='lat' dir='ltr'><strong>hujusmodi</strong></span> <span class='ocrx_word' id='word_1_280' title='bbox 756 996 946 1024; x_wconf 69' lang='lat' dir='ltr'><strong>smpenumero</strong></span> <span class='ocrx_word' id='word_1_281' title='bbox 970 997 1030 1016; x_wconf 88' lang='lat' dir='ltr'><strong>mo-</strong></span> 
     </span>
    </p>
   </div>
   <div class='ocr_carea' id='block_1_39' title="bbox 239 1034 1028 1072">
    <p class='ocr_par' dir='ltr' id='par_1_39' title="bbox 239 1034 1028 1072">
     <span class='ocr_line' id='line_1_39' title="bbox 239 1034 1028 1072; baseline 0.003 -10"><span class='ocrx_word' id='word_1_282' title='bbox 239 1034 412 1063; x_wconf 87' lang='lat' dir='ltr'><strong>derationem</strong></span> <span class='ocrx_word' id='word_1_283' title='bbox 430 1043 494 1071; x_wconf 82' lang='lat' dir='ltr'><strong>erga</strong></span> <span class='ocrx_word' id='word_1_284' title='bbox 517 1035 612 1063; x_wconf 88' lang='lat' dir='ltr'><strong>ﬁdeles</strong></span> <span class='ocrx_word' id='word_1_285' title='bbox 638 1037 812 1064; x_wconf 82' lang='lat' dir='ltr'><strong>observatam</strong></span> <span class='ocrx_word' id='word_1_286' title='bbox 835 1044 895 1064; x_wconf 86' lang='lat' dir='ltr'><strong>esse</strong></span> <span class='ocrx_word' id='word_1_287' title='bbox 915 1044 1028 1072; x_wconf 73' lang='lat' dir='ltr'><strong>compe~</strong></span> 
     </span>
    </p>
   </div>
   <div class='ocr_carea' id='block_1_40' title="bbox 239 1081 1028 1117">
    <p class='ocr_par' dir='ltr' id='par_1_40' title="bbox 239 1081 1028 1117">
     <span class='ocr_line' id='line_1_40' title="bbox 239 1081 1028 1117; baseline 0.003 -9"><span class='ocrx_word' id='word_1_288' title='bbox 239 1081 360 1109; x_wconf 86' lang='lat' dir='ltr'><strong>riemus?</strong></span> <span class='ocrx_word' id='word_1_289' title='bbox 383 1082 484 1110; x_wconf 83' lang='lat' dir='ltr'><strong>Beatus</strong></span> <span class='ocrx_word' id='word_1_290' title='bbox 502 1082 604 1110; x_wconf 85' lang='lat' dir='ltr'><strong>Paulus</strong></span> <span class='ocrx_word' id='word_1_291' title='bbox 628 1087 703 1110; x_wconf 88' lang='lat' dir='ltr'><strong>certe</strong></span> <span class='ocrx_word' id='word_1_292' title='bbox 725 1082 752 1109; x_wconf 89' lang='lat' dir='ltr'><strong>in</strong></span> <span class='ocrx_word' id='word_1_293' title='bbox 770 1083 893 1117; x_wconf 75' lang='lat' dir='ltr'><strong>Epistula</strong></span> <span class='ocrx_word' id='word_1_294' title='bbox 913 1083 1028 1110; x_wconf 85' lang='lat' dir='ltr'><strong>scribit:</strong></span> 
     </span>
    </p>
   </div>
   <div class='ocr_carea' id='block_1_41' title="bbox 242 1128 1028 1164">
    <p class='ocr_par' dir='ltr' id='par_1_41' title="bbox 242 1128 1028 1164">
     <span class='ocr_line' id='line_1_41' title="bbox 242 1128 1028 1164; baseline 0.004 -11"><span class='ocrx_word' id='word_1_295' title='bbox 242 1128 368 1155; x_wconf 71' lang='lat' dir='ltr'><strong>«Bonum</strong></span> <span class='ocrx_word' id='word_1_296' title='bbox 388 1131 430 1155; x_wconf 86' lang='lat' dir='ltr'><strong>est</strong></span> <span class='ocrx_word' id='word_1_297' title='bbox 445 1128 550 1156; x_wconf 86' lang='lat' dir='ltr'><strong>homini</strong></span> <span class='ocrx_word' id='word_1_298' title='bbox 568 1129 712 1156; x_wconf 86' lang='lat' dir='ltr'><strong>mulierem</strong></span> <span class='ocrx_word' id='word_1_299' title='bbox 729 1137 783 1156; x_wconf 90' lang='lat' dir='ltr'><strong>non</strong></span> <span class='ocrx_word' id='word_1_300' title='bbox 811 1134 922 1164; x_wconf 81' lang='lat' dir='ltr'><strong>tangere</strong></span> <span class='ocrx_word' id='word_1_301' title='bbox 940 1139 945 1156; x_wconf 90' lang='lat'><strong>:</strong></span> <span class='ocrx_word' id='word_1_302' title='bbox 963 1138 1028 1164; x_wconf 89' lang='lat' dir='ltr'><strong>pro-</strong></span> 
     </span>
    </p>
   </div>
   <div class='ocr_carea' id='block_1_42' title="bbox 237 1173 1024 1209">
    <p class='ocr_par' dir='ltr' id='par_1_42' title="bbox 237 1173 1024 1209">
     <span class='ocr_line' id='line_1_42' title="bbox 237 1173 1024 1209; baseline 0.004 -10"><span class='ocrx_word' id='word_1_303' title='bbox 237 1177 299 1207; x_wconf 87' lang='lat' dir='ltr'><strong>pter</strong></span> <span class='ocrx_word' id='word_1_304' title='bbox 315 1173 514 1201; x_wconf 81' lang='lat' dir='ltr'><strong>fornicationes</strong></span> <span class='ocrx_word' id='word_1_305' title='bbox 533 1178 626 1201; x_wconf 88' lang='lat' dir='ltr'><strong>autem</strong></span> <span class='ocrx_word' id='word_1_306' title='bbox 642 1175 833 1209; x_wconf 86' lang='lat' dir='ltr'><strong>unusquisque</strong></span> <span class='ocrx_word' id='word_1_307' title='bbox 862 1182 938 1202; x_wconf 84' lang='lat' dir='ltr'><strong>suam</strong></span> <span class='ocrx_word' id='word_1_308' title='bbox 954 1183 1024 1202; x_wconf 84' lang='lat' dir='ltr'><strong>uxo-</strong></span> 
     </span>
    </p>
   </div>
   <div class='ocr_carea' id='block_1_43' title="bbox 237 1219 1025 1255">
    <p class='ocr_par' dir='ltr' id='par_1_43' title="bbox 237 1219 1025 1255">
     <span class='ocr_line' id='line_1_43' title="bbox 237 1219 1025 1255; baseline 0.003 -9"><span class='ocrx_word' id='word_1_309' title='bbox 237 1226 295 1246; x_wconf 90' lang='lat' dir='ltr'><strong>rem</strong></span> <span class='ocrx_word' id='word_1_310' title='bbox 315 1219 426 1251; x_wconf 86' lang='lat' dir='ltr'><strong>habeat,</strong></span> <span class='ocrx_word' id='word_1_311' title='bbox 452 1223 480 1247; x_wconf 88' lang='lat' dir='ltr'><strong>et</strong></span> <span class='ocrx_word' id='word_1_312' title='bbox 498 1227 668 1255; x_wconf 71' lang='lat' dir='ltr'><strong>unaquaeque</strong></span> <span class='ocrx_word' id='word_1_313' title='bbox 687 1228 767 1248; x_wconf 86' lang='lat' dir='ltr'><strong>suum</strong></span> <span class='ocrx_word' id='word_1_314' title='bbox 793 1221 882 1248; x_wconf 83' lang='lat' dir='ltr'><strong>virum</strong></span> <span class='ocrx_word' id='word_1_315' title='bbox 906 1221 1025 1249; x_wconf 85' lang='lat' dir='ltr'><strong>habeat:</strong></span> 
     </span>
    </p>
   </div>
   <div class='ocr_carea' id='block_1_44' title="bbox 237 1264 1026 1302">
    <p class='ocr_par' dir='ltr' id='par_1_44' title="bbox 237 1264 1026 1302">
     <span class='ocr_line' id='line_1_44' title="bbox 237 1264 1026 1302; baseline 0.003 -10"><span class='ocrx_word' id='word_1_316' title='bbox 237 1265 289 1292; x_wconf 86' lang='lat' dir='ltr'><strong>hoc</strong></span> <span class='ocrx_word' id='word_1_317' title='bbox 304 1270 396 1292; x_wconf 89' lang='lat' dir='ltr'><strong>autem</strong></span> <span class='ocrx_word' id='word_1_318' title='bbox 408 1264 472 1293; x_wconf 88' lang='lat' dir='ltr'><strong>dico</strong></span> <span class='ocrx_word' id='word_1_319' title='bbox 490 1266 642 1293; x_wconf 89' lang='lat' dir='ltr'><strong>secundum</strong></span> <span class='ocrx_word' id='word_1_320' title='bbox 664 1266 875 1302; x_wconf 74' lang='lat' dir='ltr'><strong>indulgentiam,</strong></span> <span class='ocrx_word' id='word_1_321' title='bbox 897 1274 953 1294; x_wconf 91' lang='lat' dir='ltr'><strong>non</strong></span> <span class='ocrx_word' id='word_1_322' title='bbox 982 1275 1026 1294; x_wconf 80' lang='lat' dir='ltr'><strong>se—</strong></span> 
     </span>
    </p>
   </div>
   <div class='ocr_carea' id='block_1_45' title="bbox 236 1312 1027 1348">
    <p class='ocr_par' dir='ltr' id='par_1_45' title="bbox 236 1312 1027 1348">
     <span class='ocr_line' id='line_1_45' title="bbox 236 1312 1027 1348; baseline 0.003 -8"><span class='ocrx_word' id='word_1_323' title='bbox 236 1312 358 1340; x_wconf 77' lang='lat' dir='ltr'><strong>cundum</strong></span> <span class='ocrx_word' id='word_1_324' title='bbox 374 1313 532 1348; x_wconf 84' lang='lat' dir='ltr'><strong>imperium.</strong></span> <span class='ocrx_word' id='word_1_325' title='bbox 548 1313 618 1340; x_wconf 74' lang='lat' dir='ltr'><strong>Volo</strong></span> <span class='ocrx_word' id='word_1_326' title='bbox 632 1313 706 1340; x_wconf 87' lang='lat' dir='ltr'><strong>enim</strong></span> <span class='ocrx_word' id='word_1_327' title='bbox 729 1321 826 1341; x_wconf 87' lang='lat' dir='ltr'><strong>omnes</strong></span> <span class='ocrx_word' id='word_1_328' title='bbox 846 1313 974 1342; x_wconf 83' lang='lat' dir='ltr'><strong>homines</strong></span> <span class='ocrx_word' id='word_1_329' title='bbox 983 1322 1027 1342; x_wconf 91' lang='lat' dir='ltr'><strong>es-</strong></span> 
     </span>
    </p>
   </div>
   <div class='ocr_carea' id='block_1_46' title="bbox 236 1358 1025 1395">
    <p class='ocr_par' dir='ltr' id='par_1_46' title="bbox 236 1358 1025 1395">
     <span class='ocr_line' id='line_1_46' title="bbox 236 1358 1025 1395; baseline 0.001 -9"><span class='ocrx_word' id='word_1_330' title='bbox 236 1358 352 1386; x_wconf 84' lang='lat' dir='ltr'><strong>sesicut</strong></span> <span class='ocrx_word' id='word_1_331' title='bbox 382 1367 425 1386; x_wconf 90' lang='lat' dir='ltr'><strong>me</strong></span> <span class='ocrx_word' id='word_1_332' title='bbox 458 1359 558 1394; x_wconf 88' lang='lat' dir='ltr'><strong>ipsum.</strong></span> <span class='ocrx_word' id='word_1_333' title='bbox 591 1358 644 1386; x_wconf 90' lang='lat' dir='ltr'><strong>Sed</strong></span> <span class='ocrx_word' id='word_1_334' title='bbox 659 1359 850 1394; x_wconf 85' lang='lat' dir='ltr'><strong>unusquisque</strong></span> <span class='ocrx_word' id='word_1_335' title='bbox 883 1360 1025 1395; x_wconf 87' lang='lat' dir='ltr'><strong>proprium</strong></span> 
     </span>
    </p>
   </div>
   <div class='ocr_carea' id='block_1_47' title="bbox 237 1405 1026 1441">
    <p class='ocr_par' dir='ltr' id='par_1_47' title="bbox 237 1405 1026 1441">
     <span class='ocr_line' id='line_1_47' title="bbox 237 1405 1026 1441; baseline 0.001 -9"><span class='ocrx_word' id='word_1_336' title='bbox 237 1405 321 1433; x_wconf 86' lang='lat' dir='ltr'><strong>habet</strong></span> <span class='ocrx_word' id='word_1_337' title='bbox 338 1405 441 1433; x_wconf 87' lang='lat' dir='ltr'><strong>donum</strong></span> <span class='ocrx_word' id='word_1_338' title='bbox 454 1413 487 1432; x_wconf 78' lang='lat' dir='ltr'><strong>ex</strong></span> <span class='ocrx_word' id='word_1_339' title='bbox 504 1405 569 1437; x_wconf 91' lang='lat' dir='ltr'><strong>Deo,</strong></span> <span class='ocrx_word' id='word_1_340' title='bbox 588 1405 658 1433; x_wconf 89' lang='lat' dir='ltr'><strong>alius</strong></span> <span class='ocrx_word' id='word_1_341' title='bbox 673 1405 786 1441; x_wconf 90' lang='lat' dir='ltr'><strong>quidem</strong></span> <span class='ocrx_word' id='word_1_342' title='bbox 801 1406 852 1438; x_wconf 90' lang='lat' dir='ltr'><strong>sic,</strong></span> <span class='ocrx_word' id='word_1_343' title='bbox 870 1406 943 1434; x_wconf 90' lang='lat' dir='ltr'><strong>alius</strong></span> <span class='ocrx_word' id='word_1_344' title='bbox 960 1414 1026 1433; x_wconf 87' lang='lat' dir='ltr'><strong>vero</strong></span> 
     </span>
    </p>
   </div>
   <div class='ocr_carea' id='block_1_48' title="bbox 236 1451 1024 1487">
    <p class='ocr_par' dir='ltr' id='par_1_48' title="bbox 236 1451 1024 1487">
     <span class='ocr_line' id='line_1_48' title="bbox 236 1451 1024 1487; baseline 0.001 -9"><span class='ocrx_word' id='word_1_345' title='bbox 236 1451 276 1478; x_wconf 83' lang='lat' dir='ltr'><strong>sic</strong></span> <span class='ocrx_word' id='word_1_346' title='bbox 293 1451 327 1478; x_wconf 81' lang='grc'><strong>⁸³.</strong></span> <span class='ocrx_word' id='word_1_347' title='bbox 344 1461 352 1476; x_wconf 77' lang='grc' dir='ltr'><strong>ι</strong></span> <span class='ocrx_word' id='word_1_348' title='bbox 371 1451 455 1478; x_wconf 86' lang='lat' dir='ltr'><strong>Vides</strong></span> <span class='ocrx_word' id='word_1_349' title='bbox 469 1455 500 1478; x_wconf 90' lang='lat' dir='ltr'><strong>ut</strong></span> <span class='ocrx_word' id='word_1_350' title='bbox 523 1458 682 1486; x_wconf 88' lang='lat' dir='ltr'><strong>supremum</strong></span> <span class='ocrx_word' id='word_1_351' title='bbox 709 1451 886 1479; x_wconf 64' lang='lat' dir='ltr'><strong>continentiae</strong></span> <span class='ocrx_word' id='word_1_352' title='bbox 909 1452 1024 1487; x_wconf 78' lang='lat' dir='ltr'><strong>gradum</strong></span> 
     </span>
    </p>
   </div>
   <div class='ocr_carea' id='block_1_49' title="bbox 234 1497 1021 1531">
    <p class='ocr_par' dir='ltr' id='par_1_49' title="bbox 234 1497 1021 1531">
     <span class='ocr_line' id='line_1_49' title="bbox 234 1497 1021 1531; baseline 0.001 -7"><span class='ocrx_word' id='word_1_353' title='bbox 234 1497 319 1524; x_wconf 83' lang='lat' dir='ltr'><strong>veluti</strong></span> <span class='ocrx_word' id='word_1_354' title='bbox 337 1502 457 1524; x_wconf 87' lang='lat' dir='ltr'><strong>montem</strong></span> <span class='ocrx_word' id='word_1_355' title='bbox 480 1497 561 1524; x_wconf 87' lang='lat' dir='ltr'><strong>nobis</strong></span> <span class='ocrx_word' id='word_1_356' title='bbox 574 1498 736 1530; x_wconf 87' lang='lat' dir='ltr'><strong>ostenderit,</strong></span> <span class='ocrx_word' id='word_1_357' title='bbox 766 1498 872 1531; x_wconf 83' lang='lat' dir='ltr'><strong>dicens,</strong></span> <span class='ocrx_word' id='word_1_358' title='bbox 893 1508 902 1523; x_wconf 89' lang='lat'><strong>1</strong></span> <span class='ocrx_word' id='word_1_359' title='bbox 916 1499 1021 1526; x_wconf 80' lang='lat' dir='ltr'><strong>Bonum</strong></span> 
     </span>
    </p>
   </div>
   <div class='ocr_carea' id='block_1_50' title="bbox 234 1543 1021 1579">
    <p class='ocr_par' dir='ltr' id='par_1_50' title="bbox 234 1543 1021 1579">
     <span class='ocr_line' id='line_1_50' title="bbox 234 1543 1021 1579; baseline 0.001 -9"><span class='ocrx_word' id='word_1_360' title='bbox 234 1548 276 1571; x_wconf 90' lang='lat' dir='ltr'><strong>est</strong></span> <span class='ocrx_word' id='word_1_361' title='bbox 292 1543 397 1571; x_wconf 91' lang='lat' dir='ltr'><strong>homini</strong></span> <span class='ocrx_word' id='word_1_362' title='bbox 409 1543 553 1571; x_wconf 84' lang='lat' dir='ltr'><strong>mulierem</strong></span> <span class='ocrx_word' id='word_1_363' title='bbox 576 1551 631 1570; x_wconf 89' lang='lat' dir='ltr'><strong>non</strong></span> <span class='ocrx_word' id='word_1_364' title='bbox 644 1547 766 1578; x_wconf 81' lang='lat' dir='ltr'><strong>tangere,</strong></span> <span class='ocrx_word' id='word_1_365' title='bbox 781 1554 790 1568; x_wconf 72' lang='grc' dir='ltr'><strong>ι</strong></span> <span class='ocrx_word' id='word_1_366' title='bbox 807 1544 962 1579; x_wconf 85' lang='lat' dir='ltr'><strong>permiserit</strong></span> <span class='ocrx_word' id='word_1_367' title='bbox 981 1549 1021 1571; x_wconf 87' lang='lat' dir='ltr'><strong>ta-</strong></span> 
     </span>
    </p>
   </div>
   <div class='ocr_carea' id='block_1_51' title="bbox 234 1589 1023 1626">
    <p class='ocr_par' dir='ltr' id='par_1_51' title="bbox 234 1589 1023 1626">
     <span class='ocr_line' id='line_1_51' title="bbox 234 1589 1023 1626; baseline 0 -9"><span class='ocrx_word' id='word_1_368' title='bbox 234 1598 299 1618; x_wconf 88' lang='lat' dir='ltr'><strong>men</strong></span> <span class='ocrx_word' id='word_1_369' title='bbox 314 1590 341 1617; x_wconf 93' lang='lat' dir='ltr'><strong>in</strong></span> <span class='ocrx_word' id='word_1_370' title='bbox 354 1590 438 1625; x_wconf 81' lang='lat' dir='ltr'><strong>Segor</strong></span> <span class='ocrx_word' id='word_1_371' title='bbox 451 1589 600 1622; x_wconf 86' lang='lat' dir='ltr'><strong>divertere,</strong></span> <span class='ocrx_word' id='word_1_372' title='bbox 619 1589 646 1617; x_wconf 89' lang='lat' dir='ltr'><strong>id</strong></span> <span class='ocrx_word' id='word_1_373' title='bbox 664 1594 717 1622; x_wconf 86' lang='lat' dir='ltr'><strong>est,</strong></span> <span class='ocrx_word' id='word_1_374' title='bbox 747 1590 774 1617; x_wconf 95' lang='lat' dir='ltr'><strong>in</strong></span> <span class='ocrx_word' id='word_1_375' title='bbox 791 1590 944 1626; x_wconf 86' lang='lat' dir='ltr'><strong>subjectam</strong></span> <span class='ocrx_word' id='word_1_376' title='bbox 973 1590 1023 1617; x_wconf 83' lang='lat' dir='ltr'><strong>ad-</strong></span> 
     </span>
    </p>
   </div>
   <div class='ocr_carea' id='block_1_52' title="bbox 234 1636 1023 1672">
    <p class='ocr_par' dir='ltr' id='par_1_52' title="bbox 234 1636 1023 1672">
     <span class='ocr_line' id='line_1_52' title="bbox 234 1636 1023 1672; baseline -0.001 -8"><span class='ocrx_word' id='word_1_377' title='bbox 234 1636 290 1664; x_wconf 90' lang='lat' dir='ltr'><strong>huc</strong></span> <span class='ocrx_word' id='word_1_378' title='bbox 305 1636 435 1672; x_wconf 60' lang='lat' dir='ltr'><strong>perfectae</strong></span> <span class='ocrx_word' id='word_1_379' title='bbox 455 1636 552 1663; x_wconf 89' lang='lat' dir='ltr'><strong>virtuti</strong></span> <span class='ocrx_word' id='word_1_380' title='bbox 578 1636 642 1663; x_wconf 77' lang='lat' dir='ltr'><strong>vitae</strong></span> <span class='ocrx_word' id='word_1_381' title='bbox 658 1636 803 1668; x_wconf 85' lang='lat' dir='ltr'><strong>rationem,</strong></span> <span class='ocrx_word' id='word_1_382' title='bbox 823 1641 853 1663; x_wconf 91' lang='lat' dir='ltr'><strong>ut</strong></span> <span class='ocrx_word' id='word_1_383' title='bbox 872 1636 963 1669; x_wconf 86' lang='lat' dir='ltr'><strong>liceat,</strong></span> <span class='ocrx_word' id='word_1_384' title='bbox 979 1636 1023 1663; x_wconf 92' lang='lat' dir='ltr'><strong>in-</strong></span> 
     </span>
    </p>
   </div>
   <div class='ocr_carea' id='block_1_53' title="bbox 233 1681 1022 1718">
    <p class='ocr_par' dir='ltr' id='par_1_53' title="bbox 233 1681 1022 1718">
     <span class='ocr_line' id='line_1_53' title="bbox 233 1681 1022 1718; baseline -0.001 -9"><span class='ocrx_word' id='word_1_385' title='bbox 233 1690 328 1718; x_wconf 85' lang='lat' dir='ltr'><strong>quam,</strong></span> <span class='ocrx_word' id='word_1_386' title='bbox 340 1690 403 1709; x_wconf 89' lang='lat' dir='ltr'><strong>cum</strong></span> <span class='ocrx_word' id='word_1_387' title='bbox 417 1682 474 1710; x_wconf 86' lang='lat' dir='ltr'><strong>sola</strong></span> <span class='ocrx_word' id='word_1_388' title='bbox 490 1689 539 1710; x_wconf 87' lang='lat' dir='ltr'><strong>sua</strong></span> <span class='ocrx_word' id='word_1_389' title='bbox 550 1682 650 1716; x_wconf 89' lang='lat' dir='ltr'><strong>cuique</strong></span> <span class='ocrx_word' id='word_1_390' title='bbox 662 1689 747 1709; x_wconf 75' lang='lat' dir='ltr'><strong>uxore</strong></span> <span class='ocrx_word' id='word_1_391' title='bbox 760 1681 893 1716; x_wconf 86' lang='lat' dir='ltr'><strong>copulari.</strong></span> <span class='ocrx_word' id='word_1_392' title='bbox 908 1681 1022 1709; x_wconf 85' lang='lat' dir='ltr'><strong>Terram</strong></span> 
     </span>
    </p>
   </div>
   <div class='ocr_carea' id='block_1_54' title="bbox 233 1726 1021 1762">
    <p class='ocr_par' dir='ltr' id='par_1_54' title="bbox 233 1726 1021 1762">
     <span class='ocr_line' id='line_1_54' title="bbox 233 1726 1021 1762; baseline 0.001 -9"><span class='ocrx_word' id='word_1_393' title='bbox 233 1734 343 1762; x_wconf 88' lang='lat' dir='ltr'><strong>quoque</strong></span> <span class='ocrx_word' id='word_1_394' title='bbox 370 1727 501 1762; x_wconf 87' lang='lat' dir='ltr'><strong>optimam</strong></span> <span class='ocrx_word' id='word_1_395' title='bbox 518 1727 624 1755; x_wconf 88' lang='lat' dir='ltr'><strong>fructus</strong></span> <span class='ocrx_word' id='word_1_396' title='bbox 649 1727 764 1755; x_wconf 85' lang='lat' dir='ltr'><strong>reddere</strong></span> <span class='ocrx_word' id='word_1_397' title='bbox 793 1727 904 1754; x_wconf 88' lang='lat' dir='ltr'><strong>dicebat</strong></span> <span class='ocrx_word' id='word_1_398' title='bbox 926 1726 1021 1754; x_wconf 87' lang='lat' dir='ltr'><strong>Salva-</strong></span> 
     </span>
    </p>
   </div>
   <div class='ocr_carea' id='block_1_55' title="bbox 233 1773 1022 1808">
    <p class='ocr_par' dir='ltr' id='par_1_55' title="bbox 233 1773 1022 1808">
     <span class='ocr_line' id='line_1_55' title="bbox 233 1773 1022 1808; baseline 0 -8"><span class='ocrx_word' id='word_1_399' title='bbox 233 1777 277 1800; x_wconf 85' lang='lat' dir='ltr'><strong>tor</strong></span> <span class='ocrx_word' id='word_1_400' title='bbox 293 1773 327 1806; x_wconf 80' lang='lat'><strong>&quot;,</strong></span> <span class='ocrx_word' id='word_1_401' title='bbox 348 1773 402 1808; x_wconf 84' lang='lat' dir='ltr'><strong>3o</strong></span> <span class='ocrx_word' id='word_1_402' title='bbox 415 1773 486 1800; x_wconf 86' lang='lat' dir='ltr'><strong>hanc</strong></span> <span class='ocrx_word' id='word_1_403' title='bbox 500 1773 611 1808; x_wconf 88' lang='lat' dir='ltr'><strong>quidem</strong></span> <span class='ocrx_word' id='word_1_404' title='bbox 625 1773 818 1805; x_wconf 86' lang='lat' dir='ltr'><strong>centesimum,</strong></span> <span class='ocrx_word' id='word_1_405' title='bbox 839 1773 953 1800; x_wconf 85' lang='lat' dir='ltr'><strong>alteram</strong></span> <span class='ocrx_word' id='word_1_406' title='bbox 977 1780 1022 1800; x_wconf 85' lang='lat' dir='ltr'><strong>se—</strong></span> 
     </span>
    </p>
   </div>
   <div class='ocr_carea' id='block_1_56' title="bbox 231 1819 1024 1855">
    <p class='ocr_par' dir='ltr' id='par_1_56' title="bbox 231 1819 1024 1855">
     <span class='ocr_line' id='line_1_56' title="bbox 231 1819 1024 1855; baseline 0 -9"><span class='ocrx_word' id='word_1_407' title='bbox 231 1819 412 1854; x_wconf 76' lang='lat' dir='ltr'><strong>xagesimum,</strong></span> <span class='ocrx_word' id='word_1_408' title='bbox 429 1819 512 1846; x_wconf 87' lang='lat' dir='ltr'><strong>aliam</strong></span> <span class='ocrx_word' id='word_1_409' title='bbox 526 1819 646 1854; x_wconf 87' lang='lat' dir='ltr'><strong>denique</strong></span> <span class='ocrx_word' id='word_1_410' title='bbox 667 1819 850 1855; x_wconf 81' lang='lat' dir='ltr'><strong>trigesimum.</strong></span> <span class='ocrx_word' id='word_1_411' title='bbox 875 1819 1024 1847; x_wconf 83' lang='lat' dir='ltr'><strong>Distribuit</strong></span> 
     </span>
    </p>
   </div>
   <div class='ocr_carea' id='block_1_57' title="bbox 233 1864 1022 1900">
    <p class='ocr_par' dir='ltr' id='par_1_57' title="bbox 233 1864 1022 1900">
     <span class='ocr_line' id='line_1_57' title="bbox 233 1864 1022 1900; baseline 0 -8"><span class='ocrx_word' id='word_1_412' title='bbox 233 1865 318 1892; x_wconf 87' lang='lat' dir='ltr'><strong>etiam</strong></span> <span class='ocrx_word' id='word_1_413' title='bbox 339 1866 473 1893; x_wconf 88' lang='lat' dir='ltr'><strong>talentum</strong></span> <span class='ocrx_word' id='word_1_414' title='bbox 489 1873 544 1892; x_wconf 91' lang='lat' dir='ltr'><strong>non</strong></span> <span class='ocrx_word' id='word_1_415' title='bbox 559 1873 637 1900; x_wconf 70' lang='lat' dir='ltr'><strong>aequa</strong></span> <span class='ocrx_word' id='word_1_416' title='bbox 649 1873 792 1897; x_wconf 85' lang='lat' dir='ltr'><strong>mensura,</strong></span> <span class='ocrx_word' id='word_1_417' title='bbox 807 1864 855 1892; x_wconf 85' lang='lat' dir='ltr'><strong>sed</strong></span> <span class='ocrx_word' id='word_1_418' title='bbox 879 1865 1022 1900; x_wconf 89' lang='lat' dir='ltr'><strong>uniquin-</strong></span> 
     </span>
    </p>
   </div>
   <div class='ocr_carea' id='block_1_58' title="bbox 1082 897 1885 935">
    <p class='ocr_par' dir='ltr' id='par_1_58' title="bbox 1082 897 1885 935">
     <span class='ocr_line' id='line_1_58' title="bbox 1082 897 1885 935; baseline 0.005 -12"><span class='ocrx_word' id='word_1_419' title='bbox 1082 897 1240 932; x_wconf 79' lang='grc' dir='ltr'>οἰκονομίας</span> <span class='ocrx_word' id='word_1_420' title='bbox 1260 898 1415 934; x_wconf 79' lang='grc' dir='ltr'>εὑρήσομεν</span> <span class='ocrx_word' id='word_1_421' title='bbox 1431 898 1460 925; x_wconf 82' lang='grc' dir='ltr'>ὲν</span> <span class='ocrx_word' id='word_1_422' title='bbox 1475 899 1532 931; x_wconf 81' lang='grc' dir='ltr'>τοῖς</span> <span class='ocrx_word' id='word_1_423' title='bbox 1547 898 1707 926; x_wconf 80' lang='grc' dir='ltr'>πιστεύουσι</span> <span class='ocrx_word' id='word_1_424' title='bbox 1724 900 1885 935; x_wconf 73' lang='grc' dir='ltr'>γεγενημὲσ</span> 
     </span>
    </p>
   </div>
   <div class='ocr_carea' id='block_1_59' title="bbox 1083 945 1886 982">
    <p class='ocr_par' dir='ltr' id='par_1_59' title="bbox 1083 945 1886 982">
     <span class='ocr_line' id='line_1_59' title="bbox 1083 945 1886 982; baseline 0.004 -11"><span class='ocrx_word' id='word_1_425' title='bbox 1083 953 1131 976; x_wconf 83' lang='grc' dir='ltr'><strong>νας</strong></span> <span class='ocrx_word' id='word_1_426' title='bbox 1143 953 1151 977; x_wconf 86' lang='grc'>;</span> <span class='ocrx_word' id='word_1_427' title='bbox 1166 945 1220 972; x_wconf 77' lang='grc' dir='ltr'><strong>Καὶ</strong></span> <span class='ocrx_word' id='word_1_428' title='bbox 1233 945 1298 980; x_wconf 78' lang='grc' dir='ltr'>γοῦν</span> <span class='ocrx_word' id='word_1_429' title='bbox 1310 947 1324 972; x_wconf 88' lang='grc' dir='ltr'>ὁ</span> <span class='ocrx_word' id='word_1_430' title='bbox 1338 946 1473 982; x_wconf 83' lang='grc' dir='ltr'>μακάριος</span> <span class='ocrx_word' id='word_1_431' title='bbox 1486 946 1593 979; x_wconf 80' lang='grc' dir='ltr'>Παῦλος</span> <span class='ocrx_word' id='word_1_432' title='bbox 1605 947 1760 975; x_wconf 78' lang='grc' dir='ltr'>ἐπιστέλλει</span> <span class='ocrx_word' id='word_1_433' title='bbox 1773 947 1868 982; x_wconf 78' lang='grc' dir='ltr'>λέγων</span> <span class='ocrx_word' id='word_1_434' title='bbox 1878 956 1886 962; x_wconf 93' lang='grc'><strong>·</strong></span> 
     </span>
    </p>
   </div>
   <div class='ocr_carea' id='block_1_60' title="bbox 1085 992 1888 1028">
    <p class='ocr_par' dir='ltr' id='par_1_60' title="bbox 1085 992 1888 1028">
     <span class='ocr_line' id='line_1_60' title="bbox 1085 992 1888 1028; baseline 0.001 -10"><span class='ocrx_word' id='word_1_435' title='bbox 1085 1001 1094 1018; x_wconf 77' lang='grc' dir='ltr'><strong>ι</strong></span> <span class='ocrx_word' id='word_1_436' title='bbox 1112 992 1200 1019; x_wconf 82' lang='grc' dir='ltr'>Καλὸν</span> <span class='ocrx_word' id='word_1_437' title='bbox 1216 992 1354 1028; x_wconf 79' lang='grc' dir='ltr'>ἀνθρώπῳ</span> <span class='ocrx_word' id='word_1_438' title='bbox 1366 993 1494 1027; x_wconf 77' lang='grc' dir='ltr'>γυναικὸς</span> <span class='ocrx_word' id='word_1_439' title='bbox 1509 992 1545 1028; x_wconf 84' lang='grc' dir='ltr'>μὴ</span> <span class='ocrx_word' id='word_1_440' title='bbox 1561 993 1705 1020; x_wconf 78' lang='grc' dir='ltr'>ἆπτεσθαι’</span> <span class='ocrx_word' id='word_1_441' title='bbox 1723 993 1768 1019; x_wconf 73' lang='grc' dir='ltr'><strong>διὰ</strong></span> <span class='ocrx_word' id='word_1_442' title='bbox 1783 993 1812 1020; x_wconf 77' lang='grc' dir='ltr'><strong>δὲ</strong></span> <span class='ocrx_word' id='word_1_443' title='bbox 1830 994 1888 1025; x_wconf 76' lang='grc' dir='ltr'><strong>τὰς</strong></span> 
     </span>
    </p>
   </div>
   <div class='ocr_carea' id='block_1_61' title="bbox 1081 1037 1887 1073">
    <p class='ocr_par' dir='ltr' id='par_1_61' title="bbox 1081 1037 1887 1073">
     <span class='ocr_line' id='line_1_61' title="bbox 1081 1037 1887 1073; baseline 0.001 -9"><span class='ocrx_word' id='word_1_444' title='bbox 1081 1037 1208 1073; x_wconf 77' lang='grc' dir='ltr'>πορνείας</span> <span class='ocrx_word' id='word_1_445' title='bbox 1227 1037 1342 1069; x_wconf 72' lang='grc' dir='ltr'>ἕκαστος</span> <span class='ocrx_word' id='word_1_446' title='bbox 1366 1038 1416 1072; x_wconf 77' lang='grc' dir='ltr'>τὴν</span> <span class='ocrx_word' id='word_1_447' title='bbox 1441 1038 1538 1064; x_wconf 82' lang='grc' dir='ltr'>ἑαυτοῦ</span> <span class='ocrx_word' id='word_1_448' title='bbox 1562 1039 1679 1072; x_wconf 85' lang='grc' dir='ltr'>γυναῖκα</span> <span class='ocrx_word' id='word_1_449' title='bbox 1706 1038 1806 1073; x_wconf 75' lang='grc' dir='ltr'>ἐχέτω,</span> <span class='ocrx_word' id='word_1_450' title='bbox 1831 1039 1887 1065; x_wconf 67' lang='grc' dir='ltr'>καὶ</span> 
     </span>
    </p>
   </div>
   <div class='ocr_carea' id='block_1_62' title="bbox 1081 1081 1886 1118">
    <p class='ocr_par' dir='ltr' id='par_1_62' title="bbox 1081 1081 1886 1118">
     <span class='ocr_line' id='line_1_62' title="bbox 1081 1081 1886 1118; baseline -0.002 -8"><span class='ocrx_word' id='word_1_451' title='bbox 1081 1083 1184 1117; x_wconf 82' lang='grc' dir='ltr'><strong>ἑκάστη</strong></span> <span class='ocrx_word' id='word_1_452' title='bbox 1202 1083 1247 1110; x_wconf 77' lang='grc' dir='ltr'>τὸν</span> <span class='ocrx_word' id='word_1_453' title='bbox 1262 1083 1326 1110; x_wconf 79' lang='grc' dir='ltr'>ἴδιον</span> <span class='ocrx_word' id='word_1_454' title='bbox 1349 1082 1434 1118; x_wconf 77' lang='grc' dir='ltr'>ἄνδρα</span> <span class='ocrx_word' id='word_1_455' title='bbox 1453 1082 1549 1118; x_wconf 74' lang='grc' dir='ltr'>ἐχέτω.</span> <span class='ocrx_word' id='word_1_456' title='bbox 1566 1081 1650 1109; x_wconf 84' lang='grc' dir='ltr'>Τοῦτο</span> <span class='ocrx_word' id='word_1_457' title='bbox 1671 1083 1699 1109; x_wconf 82' lang='grc' dir='ltr'><strong>δὲ</strong></span> <span class='ocrx_word' id='word_1_458' title='bbox 1715 1082 1788 1116; x_wconf 85' lang='grc' dir='ltr'>λέγω</span> <span class='ocrx_word' id='word_1_459' title='bbox 1807 1083 1886 1109; x_wconf 67' lang='grc' dir='ltr'>κατὰ</span> 
     </span>
    </p>
   </div>
   <div class='ocr_carea' id='block_1_63' title="bbox 1081 1127 1884 1164">
    <p class='ocr_par' dir='ltr' id='par_1_63' title="bbox 1081 1127 1884 1164">
     <span class='ocr_line' id='line_1_63' title="bbox 1081 1127 1884 1164; baseline 0 -10"><span class='ocrx_word' id='word_1_460' title='bbox 1081 1128 1256 1164; x_wconf 78' lang='grc' dir='ltr'>συγγνώμην,</span> <span class='ocrx_word' id='word_1_461' title='bbox 1269 1128 1320 1155; x_wconf 74' lang='grc' dir='ltr'>οὐκ</span> <span class='ocrx_word' id='word_1_462' title='bbox 1332 1128 1477 1163; x_wconf 64' lang='grc' dir='ltr'>ἐπιταγήν.</span> <span class='ocrx_word' id='word_1_463' title='bbox 1493 1127 1568 1154; x_wconf 79' lang='grc' dir='ltr'>Θέλω</span> <span class='ocrx_word' id='word_1_464' title='bbox 1580 1127 1634 1162; x_wconf 72' lang='grc' dir='ltr'>γὰρ</span> <span class='ocrx_word' id='word_1_465' title='bbox 1649 1128 1755 1160; x_wconf 81' lang='grc' dir='ltr'>πάντας</span> <span class='ocrx_word' id='word_1_466' title='bbox 1771 1127 1884 1163; x_wconf 80' lang='grc' dir='ltr'>ἀνθρὼ-</span> 
     </span>
    </p>
   </div>
   <div class='ocr_carea' id='block_1_64' title="bbox 1080 1172 1882 1209">
    <p class='ocr_par' dir='ltr' id='par_1_64' title="bbox 1080 1172 1882 1209">
     <span class='ocr_line' id='line_1_64' title="bbox 1080 1172 1882 1209; baseline 0 -9"><span class='ocrx_word' id='word_1_467' title='bbox 1080 1182 1148 1205; x_wconf 85' lang='grc' dir='ltr'>πους</span> <span class='ocrx_word' id='word_1_468' title='bbox 1160 1172 1230 1200; x_wconf 78' lang='grc' dir='ltr'>εἷναι</span> <span class='ocrx_word' id='word_1_469' title='bbox 1244 1173 1282 1205; x_wconf 86' lang='grc' dir='ltr'>ὠς</span> <span class='ocrx_word' id='word_1_470' title='bbox 1302 1174 1348 1200; x_wconf 71' lang='grc' dir='ltr'>καὶ</span> <span class='ocrx_word' id='word_1_471' title='bbox 1364 1173 1492 1208; x_wconf 76' lang='grc' dir='ltr'>ἐμαυτόν.</span> <span class='ocrx_word' id='word_1_472' title='bbox 1518 1173 1588 1200; x_wconf 78' lang='grc' dir='ltr'>Ἀλλ’</span> <span class='ocrx_word' id='word_1_473' title='bbox 1606 1173 1720 1206; x_wconf 71' lang='grc' dir='ltr'>ἕκαστος</span> <span class='ocrx_word' id='word_1_474' title='bbox 1738 1173 1804 1200; x_wconf 75' lang='grc' dir='ltr'>ἴδιον</span> <span class='ocrx_word' id='word_1_475' title='bbox 1820 1174 1882 1209; x_wconf 75' lang='grc' dir='ltr'>ἔχει</span> 
     </span>
    </p>
   </div>
   <div class='ocr_carea' id='block_1_65' title="bbox 1078 1219 1881 1256">
    <p class='ocr_par' dir='ltr' id='par_1_65' title="bbox 1078 1219 1881 1256">
     <span class='ocr_line' id='line_1_65' title="bbox 1078 1219 1881 1256; baseline 0.001 -10"><span class='ocrx_word' id='word_1_476' title='bbox 1078 1220 1201 1256; x_wconf 79' lang='grc' dir='ltr'>χάρισμα</span> <span class='ocrx_word' id='word_1_477' title='bbox 1220 1221 1251 1246; x_wconf 81' lang='grc' dir='ltr'>ὲκ</span> <span class='ocrx_word' id='word_1_478' title='bbox 1271 1220 1349 1252; x_wconf 75' lang='grc' dir='ltr'>Θεοῦ,</span> <span class='ocrx_word' id='word_1_479' title='bbox 1370 1221 1385 1246; x_wconf 87' lang='grc' dir='ltr'><strong>ὸ</strong></span> <span class='ocrx_word' id='word_1_480' title='bbox 1399 1219 1448 1255; x_wconf 87' lang='grc' dir='ltr'>μὲν</span> <span class='ocrx_word' id='word_1_481' title='bbox 1466 1219 1563 1252; x_wconf 78' lang='grc' dir='ltr'>οὕτως,</span> <span class='ocrx_word' id='word_1_482' title='bbox 1578 1221 1592 1246; x_wconf 84' lang='grc' dir='ltr'>ὁ</span> <span class='ocrx_word' id='word_1_483' title='bbox 1605 1220 1634 1246; x_wconf 78' lang='grc' dir='ltr'><strong>δὲ</strong></span> <span class='ocrx_word' id='word_1_484' title='bbox 1649 1219 1746 1252; x_wconf 77' lang='grc' dir='ltr'>οὕτως.</span> <span class='ocrx_word' id='word_1_485' title='bbox 1767 1230 1777 1246; x_wconf 71' lang='grc' dir='ltr'><strong>ι</strong></span> <span class='ocrx_word' id='word_1_486' title='bbox 1794 1221 1881 1256; x_wconf 76' lang='grc' dir='ltr'>Ὀρᾷς</span> 
     </span>
    </p>
   </div>
   <div class='ocr_carea' id='block_1_66' title="bbox 1078 1265 1880 1303">
    <p class='ocr_par' dir='ltr' id='par_1_66' title="bbox 1078 1265 1880 1303">
     <span class='ocr_line' id='line_1_66' title="bbox 1078 1265 1880 1303; baseline -0.001 -10"><span class='ocrx_word' id='word_1_487' title='bbox 1078 1267 1137 1299; x_wconf 84' lang='grc' dir='ltr'>πῶς</span> <span class='ocrx_word' id='word_1_488' title='bbox 1148 1267 1198 1302; x_wconf 84' lang='grc' dir='ltr'>τῆς</span> <span class='ocrx_word' id='word_1_489' title='bbox 1211 1266 1376 1301; x_wconf 76' lang='grc' dir='ltr'>ἐγκρατείας</span> <span class='ocrx_word' id='word_1_490' title='bbox 1388 1266 1419 1292; x_wconf 71' lang='grc' dir='ltr'>τὸ</span> <span class='ocrx_word' id='word_1_491' title='bbox 1433 1267 1473 1298; x_wconf 85' lang='grc' dir='ltr'><strong>είς</strong></span> <span class='ocrx_word' id='word_1_492' title='bbox 1486 1266 1556 1300; x_wconf 80' lang='grc' dir='ltr'>ἄγαν</span> <span class='ocrx_word' id='word_1_493' title='bbox 1568 1266 1733 1302; x_wconf 79' lang='grc' dir='ltr'>ὺπερφερὲς,</span> <span class='ocrx_word' id='word_1_494' title='bbox 1747 1265 1880 1303; x_wconf 79' lang='grc' dir='ltr'>καθάπερ</span> 
     </span>
    </p>
   </div>
   <div class='ocr_carea' id='block_1_67' title="bbox 1076 1310 1878 1346">
    <p class='ocr_par' dir='ltr' id='par_1_67' title="bbox 1076 1310 1878 1346">
     <span class='ocr_line' id='line_1_67' title="bbox 1076 1310 1878 1346; baseline 0.001 -9"><span class='ocrx_word' id='word_1_495' title='bbox 1076 1311 1139 1346; x_wconf 76' lang='grc' dir='ltr'>ὅρος</span> <span class='ocrx_word' id='word_1_496' title='bbox 1156 1311 1221 1346; x_wconf 78' lang='grc' dir='ltr'>ἡμῖν</span> <span class='ocrx_word' id='word_1_497' title='bbox 1235 1310 1357 1342; x_wconf 79' lang='grc' dir='ltr'>ὑπέδειξε</span> <span class='ocrx_word' id='word_1_498' title='bbox 1375 1310 1472 1345; x_wconf 85' lang='grc' dir='ltr'>λέγων·</span> <span class='ocrx_word' id='word_1_499' title='bbox 1489 1320 1498 1336; x_wconf 87' lang='lat'><strong>1</strong></span> <span class='ocrx_word' id='word_1_500' title='bbox 1516 1311 1606 1338; x_wconf 80' lang='grc' dir='ltr'>Καλὸν</span> <span class='ocrx_word' id='word_1_501' title='bbox 1623 1311 1760 1346; x_wconf 78' lang='grc' dir='ltr'>ἀνθρώπῳ</span> <span class='ocrx_word' id='word_1_502' title='bbox 1776 1320 1878 1346; x_wconf 75' lang='grc' dir='ltr'>γυναι-</span> 
     </span>
    </p>
   </div>
   <div class='ocr_carea' id='block_1_68' title="bbox 1076 1357 1879 1393">
    <p class='ocr_par' dir='ltr' id='par_1_68' title="bbox 1076 1357 1879 1393">
     <span class='ocr_line' id='line_1_68' title="bbox 1076 1357 1879 1393; baseline 0.001 -10"><span class='ocrx_word' id='word_1_503' title='bbox 1076 1358 1124 1388; x_wconf 74' lang='grc' dir='ltr'><strong>κὸς</strong></span> <span class='ocrx_word' id='word_1_504' title='bbox 1138 1357 1175 1392; x_wconf 86' lang='grc' dir='ltr'>μὴ</span> <span class='ocrx_word' id='word_1_505' title='bbox 1190 1357 1335 1384; x_wconf 51' lang='lat' dir='ltr'><strong>ammen-</strong></span> <span class='ocrx_word' id='word_1_506' title='bbox 1359 1367 1368 1382; x_wconf 75' lang='grc' dir='ltr'><strong>ι</strong></span> <span class='ocrx_word' id='word_1_507' title='bbox 1395 1357 1482 1393; x_wconf 76' lang='grc' dir='ltr'>ἐφῆκε</span> <span class='ocrx_word' id='word_1_508' title='bbox 1506 1358 1534 1384; x_wconf 84' lang='grc' dir='ltr'><strong>δὲ</strong></span> <span class='ocrx_word' id='word_1_509' title='bbox 1560 1358 1635 1393; x_wconf 75' lang='grc' dir='ltr'>ἡμᾶς</span> <span class='ocrx_word' id='word_1_510' title='bbox 1655 1358 1811 1386; x_wconf 78' lang='grc' dir='ltr'>καταλῦσαι</span> <span class='ocrx_word' id='word_1_511' title='bbox 1836 1359 1879 1390; x_wconf 73' lang='grc' dir='ltr'><strong>εἰς</strong></span> 
     </span>
    </p>
   </div>
   <div class='ocr_carea' id='block_1_69' title="bbox 1077 1403 1878 1441">
    <p class='ocr_par' dir='ltr' id='par_1_69' title="bbox 1077 1403 1878 1441">
     <span class='ocr_line' id='line_1_69' title="bbox 1077 1403 1878 1441; baseline 0.002 -12"><span class='ocrx_word' id='word_1_512' title='bbox 1077 1404 1185 1439; x_wconf 83' lang='grc' dir='ltr'>Σηγὼρ,</span> <span class='ocrx_word' id='word_1_513' title='bbox 1205 1403 1277 1430; x_wconf 80' lang='grc' dir='ltr'>τοῦτ’</span> <span class='ocrx_word' id='word_1_514' title='bbox 1302 1403 1386 1436; x_wconf 76' lang='grc' dir='ltr'>ἔστιν,</span> <span class='ocrx_word' id='word_1_515' title='bbox 1407 1404 1447 1436; x_wconf 72' lang='grc' dir='ltr'>εἰς</span> <span class='ocrx_word' id='word_1_516' title='bbox 1467 1403 1516 1439; x_wconf 83' lang='grc' dir='ltr'>τὴν</span> <span class='ocrx_word' id='word_1_517' title='bbox 1537 1405 1749 1441; x_wconf 74' lang='grc' dir='ltr'>ὑποκαθημένην</span> <span class='ocrx_word' id='word_1_518' title='bbox 1765 1405 1807 1432; x_wconf 79' lang='grc' dir='ltr'>ἔτι</span> <span class='ocrx_word' id='word_1_519' title='bbox 1827 1405 1878 1431; x_wconf 78' lang='grc' dir='ltr'>τοῦ</span> 
     </span>
    </p>
   </div>
   <div class='ocr_carea' id='block_1_70' title="bbox 1075 1449 1877 1488">
    <p class='ocr_par' dir='ltr' id='par_1_70' title="bbox 1075 1449 1877 1488">
     <span class='ocr_line' id='line_1_70' title="bbox 1075 1449 1877 1488; baseline 0.002 -12"><span class='ocrx_word' id='word_1_520' title='bbox 1075 1449 1185 1482; x_wconf 83' lang='grc' dir='ltr'>τελείως</span> <span class='ocrx_word' id='word_1_521' title='bbox 1197 1449 1305 1485; x_wconf 71' lang='grc' dir='ltr'>ἔχοντος</span> <span class='ocrx_word' id='word_1_522' title='bbox 1321 1450 1442 1485; x_wconf 85' lang='grc' dir='ltr'>ἀγωγὴν,</span> <span class='ocrx_word' id='word_1_523' title='bbox 1457 1450 1487 1477; x_wconf 84' lang='grc' dir='ltr'>τό</span> <span class='ocrx_word' id='word_1_524' title='bbox 1505 1459 1534 1477; x_wconf 86' lang='grc' dir='ltr'><strong>τε</strong></span> <span class='ocrx_word' id='word_1_525' title='bbox 1554 1450 1652 1483; x_wconf 76' lang='grc' dir='ltr'>ἐξεῖναί</span> <span class='ocrx_word' id='word_1_526' title='bbox 1668 1460 1741 1486; x_wconf 79' lang='grc' dir='ltr'>φημι</span> <span class='ocrx_word' id='word_1_527' title='bbox 1759 1452 1831 1488; x_wconf 73' lang='grc' dir='ltr'>μόνῃ</span> <span class='ocrx_word' id='word_1_528' title='bbox 1842 1454 1877 1486; x_wconf 78' lang='grc' dir='ltr'>τῇ</span> 
     </span>
    </p>
   </div>
   <div class='ocr_carea' id='block_1_71' title="bbox 1078 1495 1876 1532">
    <p class='ocr_par' dir='ltr' id='par_1_71' title="bbox 1078 1495 1876 1532">
     <span class='ocr_line' id='line_1_71' title="bbox 1078 1495 1876 1532; baseline 0.001 -10"><span class='ocrx_word' id='word_1_529' title='bbox 1078 1495 1130 1531; x_wconf 70' lang='grc' dir='ltr'>ἰδίᾳ</span> <span class='ocrx_word' id='word_1_530' title='bbox 1145 1495 1350 1531; x_wconf 82' lang='grc' dir='ltr'>συμπλέκεσθαι</span> <span class='ocrx_word' id='word_1_531' title='bbox 1362 1495 1488 1529; x_wconf 85' lang='grc' dir='ltr'>γυναικί;</span> <span class='ocrx_word' id='word_1_532' title='bbox 1503 1495 1558 1531; x_wconf 82' lang='grc' dir='ltr'><strong>Τὴν</strong></span> <span class='ocrx_word' id='word_1_533' title='bbox 1571 1496 1599 1522; x_wconf 79' lang='grc' dir='ltr'><strong>δὲ</strong></span> <span class='ocrx_word' id='word_1_534' title='bbox 1614 1496 1666 1532; x_wconf 79' lang='grc' dir='ltr'>γῆν</span> <span class='ocrx_word' id='word_1_535' title='bbox 1681 1496 1731 1532; x_wconf 85' lang='grc' dir='ltr'>τὴν</span> <span class='ocrx_word' id='word_1_536' title='bbox 1744 1497 1876 1532; x_wconf 78' lang='grc' dir='ltr'>ἀρίστην,</span> 
     </span>
    </p>
   </div>
   <div class='ocr_carea' id='block_1_72' title="bbox 1076 1541 1876 1578">
    <p class='ocr_par' dir='ltr' id='par_1_72' title="bbox 1076 1541 1876 1578">
     <span class='ocr_line' id='line_1_72' title="bbox 1076 1541 1876 1578; baseline 0.003 -10"><span class='ocrx_word' id='word_1_537' title='bbox 1076 1542 1199 1577; x_wconf 75' lang='grc' dir='ltr'>καρποὺς</span> <span class='ocrx_word' id='word_1_538' title='bbox 1209 1541 1360 1569; x_wconf 74' lang='grc' dir='ltr'>ἀποδώσειν</span> <span class='ocrx_word' id='word_1_539' title='bbox 1369 1542 1488 1576; x_wconf 73' lang='grc' dir='ltr'>ἔφασκεν</span> <span class='ocrx_word' id='word_1_540' title='bbox 1499 1543 1513 1569; x_wconf 79' lang='grc' dir='ltr'>ὁ</span> <span class='ocrx_word' id='word_1_541' title='bbox 1523 1542 1629 1578; x_wconf 81' lang='grc' dir='ltr'>Σωτὴρ,</span> <span class='ocrx_word' id='word_1_542' title='bbox 1639 1543 1687 1578; x_wconf 77' lang='grc' dir='ltr'>τὴν</span> <span class='ocrx_word' id='word_1_543' title='bbox 1701 1543 1751 1578; x_wconf 86' lang='grc' dir='ltr'>μὲν</span> <span class='ocrx_word' id='word_1_544' title='bbox 1763 1543 1876 1574; x_wconf 83' lang='grc' dir='ltr'>ἑκατὸν,</span> 
     </span>
    </p>
   </div>
   <div class='ocr_carea' id='block_1_73' title="bbox 1073 1588 1876 1624">
    <p class='ocr_par' dir='ltr' id='par_1_73' title="bbox 1073 1588 1876 1624">
     <span class='ocr_line' id='line_1_73' title="bbox 1073 1588 1876 1624; baseline 0.002 -10"><span class='ocrx_word' id='word_1_545' title='bbox 1073 1589 1121 1624; x_wconf 79' lang='grc' dir='ltr'>τὴν</span> <span class='ocrx_word' id='word_1_546' title='bbox 1137 1589 1165 1615; x_wconf 82' lang='grc' dir='ltr'><strong>δὲ</strong></span> <span class='ocrx_word' id='word_1_547' title='bbox 1180 1588 1326 1624; x_wconf 79' lang='grc' dir='ltr'>ἐξήκοντα,</span> <span class='ocrx_word' id='word_1_548' title='bbox 1346 1588 1396 1624; x_wconf 84' lang='grc' dir='ltr'>τὴν</span> <span class='ocrx_word' id='word_1_549' title='bbox 1418 1589 1448 1615; x_wconf 80' lang='grc' dir='ltr'><strong>δὲ</strong></span> <span class='ocrx_word' id='word_1_550' title='bbox 1465 1589 1624 1624; x_wconf 78' lang='grc' dir='ltr'>τριάκοντα.</span> <span class='ocrx_word' id='word_1_551' title='bbox 1645 1589 1765 1616; x_wconf 83' lang='grc' dir='ltr'>Διεδίδου</span> <span class='ocrx_word' id='word_1_552' title='bbox 1782 1589 1813 1616; x_wconf 82' lang='grc' dir='ltr'><strong>δὲ</strong></span> <span class='ocrx_word' id='word_1_553' title='bbox 1829 1590 1876 1616; x_wconf 80' lang='grc' dir='ltr'>καὶ</span> 
     </span>
    </p>
   </div>
   <div class='ocr_carea' id='block_1_74' title="bbox 1071 1634 1874 1672">
    <p class='ocr_par' dir='ltr' id='par_1_74' title="bbox 1071 1634 1874 1672">
     <span class='ocr_line' id='line_1_74' title="bbox 1071 1634 1874 1672; baseline 0.005 -12"><span class='ocrx_word' id='word_1_554' title='bbox 1071 1634 1102 1660; x_wconf 76' lang='grc' dir='ltr'><strong>τὸ</strong></span> <span class='ocrx_word' id='word_1_555' title='bbox 1115 1634 1256 1667; x_wconf 81' lang='grc' dir='ltr'>τάλαντον,</span> <span class='ocrx_word' id='word_1_556' title='bbox 1273 1635 1323 1661; x_wconf 82' lang='grc' dir='ltr'>οὐκ</span> <span class='ocrx_word' id='word_1_557' title='bbox 1344 1636 1373 1661; x_wconf 83' lang='grc' dir='ltr'>ὲν</span> <span class='ocrx_word' id='word_1_558' title='bbox 1390 1635 1440 1671; x_wconf 79' lang='grc' dir='ltr'>ἴσῳ</span> <span class='ocrx_word' id='word_1_559' title='bbox 1457 1635 1560 1671; x_wconf 81' lang='grc' dir='ltr'>μέτρῳ,</span> <span class='ocrx_word' id='word_1_560' title='bbox 1575 1636 1643 1663; x_wconf 81' lang='grc' dir='ltr'>ἀλλὰ</span> <span class='ocrx_word' id='word_1_561' title='bbox 1658 1636 1696 1672; x_wconf 80' lang='grc' dir='ltr'>τῷ</span> <span class='ocrx_word' id='word_1_562' title='bbox 1713 1637 1764 1672; x_wconf 83' lang='grc' dir='ltr'>μὲν</span> <span class='ocrx_word' id='word_1_563' title='bbox 1779 1636 1874 1669; x_wconf 84' lang='grc' dir='ltr'>πέντε,</span> 
     </span>
    </p>
   </div>
   <div class='ocr_carea' id='block_1_75' title="bbox 1070 1679 1875 1717">
    <p class='ocr_par' dir='ltr' id='par_1_75' title="bbox 1070 1679 1875 1717">
     <span class='ocr_line' id='line_1_75' title="bbox 1070 1679 1875 1717; baseline 0.002 -9"><span class='ocrx_word' id='word_1_564' title='bbox 1070 1681 1109 1717; x_wconf 87' lang='grc' dir='ltr'>τῷ</span> <span class='ocrx_word' id='word_1_565' title='bbox 1122 1681 1150 1708; x_wconf 81' lang='grc' dir='ltr'><strong>δὲ</strong></span> <span class='ocrx_word' id='word_1_566' title='bbox 1167 1681 1223 1713; x_wconf 89' lang='grc' dir='ltr'>δύο,</span> <span class='ocrx_word' id='word_1_567' title='bbox 1236 1681 1274 1716; x_wconf 84' lang='grc' dir='ltr'>τῷ</span> <span class='ocrx_word' id='word_1_568' title='bbox 1289 1682 1316 1709; x_wconf 77' lang='grc' dir='ltr'><strong>δὲ</strong></span> <span class='ocrx_word' id='word_1_569' title='bbox 1331 1682 1369 1709; x_wconf 78' lang='grc' dir='ltr'><strong>ἒν·</strong></span> <span class='ocrx_word' id='word_1_570' title='bbox 1384 1682 1424 1713; x_wconf 85' lang='grc' dir='ltr'>τὸ,</span> <span class='ocrx_word' id='word_1_571' title='bbox 1438 1679 1527 1717; x_wconf 78' lang='grc' dir='ltr'>οἶμαι,</span> <span class='ocrx_word' id='word_1_572' title='bbox 1540 1679 1596 1710; x_wconf 81' lang='grc' dir='ltr'>τῶν</span> <span class='ocrx_word' id='word_1_573' title='bbox 1602 1683 1684 1716; x_wconf 73' lang='grc' dir='ltr'>ἕξεων</span> <span class='ocrx_word' id='word_1_574' title='bbox 1698 1683 1875 1716; x_wconf 80' lang='grc' dir='ltr'>ἀνισοσθενὲς</span> 
     </span>
    </p>
   </div>
   <div class='ocr_carea' id='block_1_76' title="bbox 1069 1727 1875 1767">
    <p class='ocr_par' dir='ltr' id='par_1_76' title="bbox 1069 1727 1875 1767">
     <span class='ocr_line' id='line_1_76' title="bbox 1069 1727 1875 1767; baseline 0.005 -13"><span class='ocrx_word' id='word_1_575' title='bbox 1069 1728 1113 1754; x_wconf 77' lang='grc' dir='ltr'>διὰ</span> <span class='ocrx_word' id='word_1_576' title='bbox 1127 1727 1229 1755; x_wconf 79' lang='grc' dir='ltr'>τούτων</span> <span class='ocrx_word' id='word_1_577' title='bbox 1241 1728 1356 1760; x_wconf 79' lang='grc' dir='ltr'>δεικνὺς,</span> <span class='ocrx_word' id='word_1_578' title='bbox 1371 1728 1479 1764; x_wconf 75' lang='grc' dir='ltr'>ἑκάστῳ</span> <span class='ocrx_word' id='word_1_579' title='bbox 1490 1737 1518 1756; x_wconf 84' lang='grc' dir='ltr'><strong>τε</strong></span> <span class='ocrx_word' id='word_1_580' title='bbox 1532 1729 1666 1766; x_wconf 85' lang='grc' dir='ltr'>διανέμων</span> <span class='ocrx_word' id='word_1_581' title='bbox 1677 1730 1715 1763; x_wconf 84' lang='grc' dir='ltr'><strong>ὡς</strong></span> <span class='ocrx_word' id='word_1_582' title='bbox 1728 1731 1762 1758; x_wconf 77' lang='grc' dir='ltr'>ἂν</span> <span class='ocrx_word' id='word_1_583' title='bbox 1776 1731 1875 1767; x_wconf 76' lang='grc' dir='ltr'>ἐπιτη-</span> 
     </span>
    </p>
   </div>
   <div class='ocr_carea' id='block_1_77' title="bbox 1075 1774 1872 1814">
    <p class='ocr_par' dir='ltr' id='par_1_77' title="bbox 1075 1774 1872 1814">
     <span class='ocr_line' id='line_1_77' title="bbox 1075 1774 1872 1814; baseline 0.006 -14"><span class='ocrx_word' id='word_1_584' title='bbox 1075 1774 1102 1800; x_wconf 87' lang='grc' dir='ltr'><strong>δε</strong></span> <span class='ocrx_word' id='word_1_585' title='bbox 1108 1774 1212 1808; x_wconf 77' lang='grc' dir='ltr'>ιότητος</span> <span class='ocrx_word' id='word_1_586' title='bbox 1226 1774 1282 1809; x_wconf 78' lang='grc' dir='ltr'>ἔχοι</span> <span class='ocrx_word' id='word_1_587' title='bbox 1296 1775 1343 1802; x_wconf 78' lang='grc' dir='ltr'>καὶ</span> <span class='ocrx_word' id='word_1_588' title='bbox 1362 1774 1485 1811; x_wconf 84' lang='grc' dir='ltr'>γνώμης.</span> <span class='ocrx_word' id='word_1_589' title='bbox 1507 1776 1551 1808; x_wconf 86' lang='grc' dir='ltr'>Ὦς</span> <span class='ocrx_word' id='word_1_590' title='bbox 1564 1777 1617 1813; x_wconf 81' lang='grc' dir='ltr'><strong>γὰρ</strong></span> <span class='ocrx_word' id='word_1_591' title='bbox 1637 1777 1744 1813; x_wconf 69' lang='grc' dir='ltr'>ἔφαμεν</span> <span class='ocrx_word' id='word_1_592' title='bbox 1757 1778 1872 1814; x_wconf 86' lang='grc' dir='ltr'>ἀρτίως,</span> 
     </span>
    </p>
   </div>
   <div class='ocr_carea' id='block_1_78' title="bbox 1077 1820 1871 1860">
    <p class='ocr_par' dir='ltr' id='par_1_78' title="bbox 1077 1820 1871 1860">
     <span class='ocr_line' id='line_1_78' title="bbox 1077 1820 1871 1860; baseline 0.01 -15"><span class='ocrx_word' id='word_1_593' title='bbox 1077 1829 1086 1845; x_wconf 84' lang='lat'><strong>1</strong></span> <span class='ocrx_word' id='word_1_594' title='bbox 1103 1820 1236 1852; x_wconf 84' lang='grc' dir='ltr'>Ἕκαστος</span> <span class='ocrx_word' id='word_1_595' title='bbox 1253 1820 1318 1847; x_wconf 73' lang='grc' dir='ltr'>ἴδιον</span> <span class='ocrx_word' id='word_1_596' title='bbox 1330 1820 1387 1856; x_wconf 80' lang='grc' dir='ltr'>ἔχει</span> <span class='ocrx_word' id='word_1_597' title='bbox 1400 1821 1567 1857; x_wconf 42' lang='grc' dir='ltr'>χάρισμαηὲκ</span> <span class='ocrx_word' id='word_1_598' title='bbox 1582 1823 1662 1856; x_wconf 77' lang='grc' dir='ltr'>Θεοῦ,</span> <span class='ocrx_word' id='word_1_599' title='bbox 1677 1825 1691 1851; x_wconf 83' lang='grc' dir='ltr'>ὁ</span> <span class='ocrx_word' id='word_1_600' title='bbox 1706 1824 1757 1860; x_wconf 81' lang='grc' dir='ltr'>μὲν</span> <span class='ocrx_word' id='word_1_601' title='bbox 1773 1825 1871 1858; x_wconf 75' lang='grc' dir='ltr'>οὕτως,</span> 
     </span>
    </p>
   </div>
   <div class='ocr_carea' id='block_1_79' title="bbox 1073 1865 1270 1897">
    <p class='ocr_par' dir='ltr' id='par_1_79' title="bbox 1073 1865 1270 1897">
     <span class='ocr_line' id='line_1_79' title="bbox 1073 1865 1270 1897; baseline 0 -5"><span class='ocrx_word' id='word_1_602' title='bbox 1073 1865 1087 1892; x_wconf 79' lang='grc'>6</span> <span class='ocrx_word' id='word_1_603' title='bbox 1101 1865 1129 1892; x_wconf 75' lang='grc' dir='ltr'><strong>δὲ</strong></span> <span class='ocrx_word' id='word_1_604' title='bbox 1145 1865 1242 1897; x_wconf 70' lang='grc' dir='ltr'>οὕτως.</span> <span class='ocrx_word' id='word_1_605' title='bbox 1261 1876 1270 1892; x_wconf 71' lang='grc' dir='ltr'><strong>ι</strong></span> 
     </span>
    </p>
   </div>
   <div class='ocr_carea' id='block_1_80' title="bbox 231 1910 1869 1953">
    <p class='ocr_par' dir='ltr' id='par_1_80' title="bbox 231 1910 1869 1953">
     <span class='ocr_line' id='line_1_80' title="bbox 231 1910 1869 1953; baseline 0.004 -17"><span class='ocrx_word' id='word_1_606' title='bbox 231 1917 296 1944; x_wconf 86' lang='lat' dir='ltr'><strong>que,</strong></span> <span class='ocrx_word' id='word_1_607' title='bbox 310 1910 390 1938; x_wconf 85' lang='lat' dir='ltr'><strong>alteri</strong></span> <span class='ocrx_word' id='word_1_608' title='bbox 401 1910 466 1942; x_wconf 90' lang='lat' dir='ltr'><strong>duo,</strong></span> <span class='ocrx_word' id='word_1_609' title='bbox 476 1910 523 1937; x_wconf 92' lang='lat' dir='ltr'><strong>alii</strong></span> <span class='ocrx_word' id='word_1_610' title='bbox 539 1918 625 1937; x_wconf 92' lang='lat' dir='ltr'><strong>unum</strong></span> <span class='ocrx_word' id='word_1_611' title='bbox 637 1910 670 1936; x_wconf 70' lang='grc' dir='ltr'><strong>νο.</strong></span> <span class='ocrx_word' id='word_1_612' title='bbox 688 1910 795 1942; x_wconf 86' lang='lat' dir='ltr'><strong>Quibus</strong></span> <span class='ocrx_word' id='word_1_613' title='bbox 819 1911 953 1945; x_wconf 78' lang='lat' dir='ltr'><strong>exemplis</strong></span> <span class='ocrx_word' id='word_1_614' title='bbox 979 1917 1034 1938; x_wconf 89' lang='lat' dir='ltr'><strong>non</strong></span> <span class='ocrx_word' id='word_1_615' title='bbox 1071 1918 1177 1946; x_wconf 74' lang='lat' dir='ltr'><strong>aequam</strong></span> <span class='ocrx_word' id='word_1_616' title='bbox 1211 1920 1271 1940; x_wconf 87' lang='lat' dir='ltr'><strong>esse</strong></span> <span class='ocrx_word' id='word_1_617' title='bbox 1299 1913 1401 1941; x_wconf 85' lang='lat' dir='ltr'><strong>virium</strong></span> <span class='ocrx_word' id='word_1_618' title='bbox 1427 1913 1584 1942; x_wconf 80' lang='lat' dir='ltr'><strong>facultatem</strong></span> <span class='ocrx_word' id='word_1_619' title='bbox 1614 1916 1748 1950; x_wconf 84' lang='lat' dir='ltr'><strong>ostendit,</strong></span> <span class='ocrx_word' id='word_1_620' title='bbox 1783 1925 1869 1953; x_wconf 82' lang='lat' dir='ltr'><strong>seque</strong></span> 
     </span>
    </p>
   </div>
   <div class='ocr_carea' id='block_1_81' title="bbox 231 1957 1868 2002">
    <p class='ocr_par' dir='ltr' id='par_1_81' title="bbox 231 1957 1868 2002">
     <span class='ocr_line' id='line_1_81' title="bbox 231 1957 1868 2002; baseline 0.005 -17"><span class='ocrx_word' id='word_1_621' title='bbox 231 1957 347 1994; x_wconf 78' lang='lat' dir='ltr'><strong>singulis</strong></span> <span class='ocrx_word' id='word_1_622' title='bbox 358 1957 428 1985; x_wconf 87' lang='lat' dir='ltr'><strong>dona</strong></span> <span class='ocrx_word' id='word_1_623' title='bbox 438 1966 488 1993; x_wconf 91' lang='lat' dir='ltr'><strong>pro</strong></span> <span class='ocrx_word' id='word_1_624' title='bbox 511 1961 593 1992; x_wconf 86' lang='lat' dir='ltr'><strong>captu</strong></span> <span class='ocrx_word' id='word_1_625' title='bbox 616 1958 749 1993; x_wconf 85' lang='lat' dir='ltr'><strong>cujusque</strong></span> <span class='ocrx_word' id='word_1_626' title='bbox 768 1962 796 1985; x_wconf 85' lang='lat' dir='ltr'><strong>et</strong></span> <span class='ocrx_word' id='word_1_627' title='bbox 817 1957 961 1985; x_wconf 86' lang='lat' dir='ltr'><strong>habilitate</strong></span> <span class='ocrx_word' id='word_1_628' title='bbox 981 1958 1113 1985; x_wconf 78' lang='lat' dir='ltr'><strong>tribuere.</strong></span> <span class='ocrx_word' id='word_1_629' title='bbox 1133 1959 1166 1986; x_wconf 85' lang='lat' dir='ltr'><strong>Ut</strong></span> <span class='ocrx_word' id='word_1_630' title='bbox 1181 1960 1256 1987; x_wconf 86' lang='lat' dir='ltr'><strong>enim</strong></span> <span class='ocrx_word' id='word_1_631' title='bbox 1280 1961 1363 1989; x_wconf 90' lang='lat' dir='ltr'><strong>modo</strong></span> <span class='ocrx_word' id='word_1_632' title='bbox 1382 1962 1504 1990; x_wconf 76' lang='lat' dir='ltr'><strong>diximus</strong></span> <span class='ocrx_word' id='word_1_633' title='bbox 1523 1971 1529 1989; x_wconf 91' lang='lat'>:</span> <span class='ocrx_word' id='word_1_634' title='bbox 1550 1972 1559 1989; x_wconf 98' lang='lat'><strong>1</strong></span> <span class='ocrx_word' id='word_1_635' title='bbox 1579 1963 1779 2000; x_wconf 85' lang='lat' dir='ltr'><strong>Unusquisque</strong></span> <span class='ocrx_word' id='word_1_636' title='bbox 1801 1975 1868 2002; x_wconf 81' lang='lat' dir='ltr'><strong>pro-</strong></span> 
     </span>
    </p>
   </div>
   <div class='ocr_carea' id='block_1_82' title="bbox 230 2003 1196 2040">
    <p class='ocr_par' dir='ltr' id='par_1_82' title="bbox 230 2003 1196 2040">
     <span class='ocr_line' id='line_1_82' title="bbox 230 2003 1196 2040; baseline 0.001 -10"><span class='ocrx_word' id='word_1_637' title='bbox 230 2003 321 2038; x_wconf 88' lang='lat' dir='ltr'><strong>prium</strong></span> <span class='ocrx_word' id='word_1_638' title='bbox 342 2004 426 2031; x_wconf 88' lang='lat' dir='ltr'><strong>habet</strong></span> <span class='ocrx_word' id='word_1_639' title='bbox 443 2004 546 2031; x_wconf 88' lang='lat' dir='ltr'><strong>donum</strong></span> <span class='ocrx_word' id='word_1_640' title='bbox 559 2011 575 2030; x_wconf 90' lang='lat' dir='ltr'><strong>a</strong></span> <span class='ocrx_word' id='word_1_641' title='bbox 589 2003 656 2036; x_wconf 87' lang='lat' dir='ltr'><strong>Deo,</strong></span> <span class='ocrx_word' id='word_1_642' title='bbox 669 2012 740 2032; x_wconf 88' lang='lat' dir='ltr'><strong>unus</strong></span> <span class='ocrx_word' id='word_1_643' title='bbox 751 2005 863 2040; x_wconf 89' lang='lat' dir='ltr'><strong>quidem</strong></span> <span class='ocrx_word' id='word_1_644' title='bbox 878 2004 928 2037; x_wconf 89' lang='lat' dir='ltr'><strong>sic,</strong></span> <span class='ocrx_word' id='word_1_645' title='bbox 945 2005 1017 2032; x_wconf 84' lang='lat' dir='ltr'><strong>alius</strong></span> <span class='ocrx_word' id='word_1_646' title='bbox 1034 2012 1101 2032; x_wconf 90' lang='lat' dir='ltr'><strong>vero</strong></span> <span class='ocrx_word' id='word_1_647' title='bbox 1116 2005 1167 2033; x_wconf 86' lang='lat' dir='ltr'><strong>sic.</strong></span> <span class='ocrx_word' id='word_1_648' title='bbox 1188 2016 1196 2031; x_wconf 71' lang='grc' dir='ltr'><strong>ι</strong></span> 
     </span>
    </p>
   </div>
   <div class='ocr_carea' id='block_1_83' title="bbox 265 2050 530 2077">
    <p class='ocr_par' dir='ltr' id='par_1_83' title="bbox 265 2050 530 2077">
     <span class='ocr_line' id='line_1_83' title="bbox 265 2050 530 2077; baseline -0.004 0"><span class='ocrx_word' id='word_1_649' title='bbox 265 2050 364 2077; x_wconf 81' lang='lat' dir='ltr'><strong>PALL.</strong></span> <span class='ocrx_word' id='word_1_650' title='bbox 380 2050 465 2077; x_wconf 77' lang='lat' dir='ltr'><strong>Recte</strong></span> <span class='ocrx_word' id='word_1_651' title='bbox 480 2050 530 2077; x_wconf 88' lang='lat' dir='ltr'><strong>ais.</strong></span> 
     </span>
    </p>
   </div>
   <div class='ocr_carea' id='block_1_84' title="bbox 254 2095 1020 2134">
    <p class='ocr_par' dir='ltr' id='par_1_84' title="bbox 254 2095 1020 2134">
     <span class='ocr_line' id='line_1_84' title="bbox 254 2095 1020 2134; baseline 0.005 -12"><span class='ocrx_word' id='word_1_652' title='bbox 254 2095 334 2123; x_wconf 67' lang='grc' dir='ltr'><strong>(ΝΒ.</strong></span> <span class='ocrx_word' id='word_1_653' title='bbox 348 2096 587 2132; x_wconf 86' lang='lat' dir='ltr'><strong>Permittititaque</strong></span> <span class='ocrx_word' id='word_1_654' title='bbox 600 2097 698 2125; x_wconf 89' lang='lat' dir='ltr'><strong>beatus</strong></span> <span class='ocrx_word' id='word_1_655' title='bbox 710 2098 823 2134; x_wconf 81' lang='lat' dir='ltr'><strong>angelus</strong></span> <span class='ocrx_word' id='word_1_656' title='bbox 845 2102 876 2126; x_wconf 93' lang='lat' dir='ltr'><strong>ut</strong></span> <span class='ocrx_word' id='word_1_657' title='bbox 892 2098 920 2125; x_wconf 93' lang='lat' dir='ltr'><strong>in</strong></span> <span class='ocrx_word' id='word_1_658' title='bbox 935 2098 1020 2134; x_wconf 76' lang='lat' dir='ltr'><strong>Segor</strong></span> 
     </span>
    </p>
   </div>
   <div class='ocr_carea' id='block_1_85' title="bbox 230 2141 1018 2178">
    <p class='ocr_par' dir='ltr' id='par_1_85' title="bbox 230 2141 1018 2178">
     <span class='ocr_line' id='line_1_85' title="bbox 230 2141 1018 2178; baseline 0.003 -9"><span class='ocrx_word' id='word_1_659' title='bbox 230 2142 359 2170; x_wconf 85' lang='lat' dir='ltr'><strong>divertat.</strong></span> <span class='ocrx_word' id='word_1_660' title='bbox 381 2141 473 2169; x_wconf 86' lang='lat' dir='ltr'><strong>1Ecce</strong></span> <span class='ocrx_word' id='word_1_661' title='bbox 493 2142 578 2174; x_wconf 91' lang='lat' dir='ltr'><strong>enim,</strong></span> <span class='ocrx_word' id='word_1_662' title='bbox 594 2151 602 2167; x_wconf 80' lang='grc' dir='ltr'><strong>ι</strong></span> <span class='ocrx_word' id='word_1_663' title='bbox 624 2142 724 2178; x_wconf 89' lang='lat' dir='ltr'><strong>inquit,</strong></span> <span class='ocrx_word' id='word_1_664' title='bbox 754 2153 763 2168; x_wconf 94' lang='lat'><strong>1</strong></span> <span class='ocrx_word' id='word_1_665' title='bbox 778 2143 930 2172; x_wconf 86' lang='lat' dir='ltr'><strong>admiratus</strong></span> <span class='ocrx_word' id='word_1_666' title='bbox 957 2151 1018 2171; x_wconf 93' lang='lat' dir='ltr'><strong>sum</strong></span> 
     </span>
    </p>
   </div>
   <div class='ocr_carea' id='block_1_86' title="bbox 1107 2051 1386 2088">
    <p class='ocr_par' dir='ltr' id='par_1_86' title="bbox 1107 2051 1386 2088">
     <span class='ocr_line' id='line_1_86' title="bbox 1107 2051 1386 2088; baseline 0.011 -10"><span class='ocrx_word' id='word_1_667' title='bbox 1107 2052 1211 2079; x_wconf 81' lang='grc' dir='ltr'><strong>ΙΙΛΛΛ.</strong></span> <span class='ocrx_word' id='word_1_668' title='bbox 1228 2051 1263 2080; x_wconf 79' lang='grc' dir='ltr'><strong>Εὖ</strong></span> <span class='ocrx_word' id='word_1_669' title='bbox 1288 2053 1386 2088; x_wconf 85' lang='grc' dir='ltr'>λέγεις.</span> 
     </span>
    </p>
   </div>
   <div class='ocr_carea' id='block_1_87' title="bbox 1110 2099 1867 2138">
    <p class='ocr_par' dir='ltr' id='par_1_87' title="bbox 1110 2099 1867 2138">
     <span class='ocr_line' id='line_1_87' title="bbox 1110 2099 1867 2138; baseline 0.009 -13"><span class='ocrx_word' id='word_1_670' title='bbox 1110 2099 1192 2125; x_wconf 85' lang='grc' dir='ltr'><strong>ΚΥΡ.</strong></span> <span class='ocrx_word' id='word_1_671' title='bbox 1215 2099 1322 2135; x_wconf 81' lang='grc' dir='ltr'>Ἐφίησι</span> <span class='ocrx_word' id='word_1_672' title='bbox 1336 2101 1385 2136; x_wconf 83' lang='grc' dir='ltr'>μὲν</span> <span class='ocrx_word' id='word_1_673' title='bbox 1399 2101 1414 2127; x_wconf 81' lang='grc' dir='ltr'><strong>ὀ</strong></span> <span class='ocrx_word' id='word_1_674' title='bbox 1427 2102 1562 2138; x_wconf 77' lang='grc' dir='ltr'>μακάριος</span> <span class='ocrx_word' id='word_1_675' title='bbox 1572 2102 1687 2138; x_wconf 78' lang='grc' dir='ltr'>ἄγγελος</span> <span class='ocrx_word' id='word_1_676' title='bbox 1700 2105 1867 2134; x_wconf 79' lang='grc' dir='ltr'>καταλύσειν</span> 
     </span>
    </p>
   </div>
   <div class='ocr_carea' id='block_1_88' title="bbox 1071 2144 1866 2186">
    <p class='ocr_par' dir='ltr' id='par_1_88' title="bbox 1071 2144 1866 2186">
     <span class='ocr_line' id='line_1_88' title="bbox 1071 2144 1866 2186; baseline 0.011 -16"><span class='ocrx_word' id='word_1_677' title='bbox 1071 2145 1112 2176; x_wconf 86' lang='grc' dir='ltr'><strong>είς</strong></span> <span class='ocrx_word' id='word_1_678' title='bbox 1130 2144 1241 2180; x_wconf 82' lang='grc' dir='ltr'><strong>Σηγὼρ.</strong></span> <span class='ocrx_word' id='word_1_679' title='bbox 1264 2155 1273 2171; x_wconf 90' lang='lat'><strong>1</strong></span> <span class='ocrx_word' id='word_1_680' title='bbox 1298 2147 1364 2173; x_wconf 83' lang='grc' dir='ltr'><strong>Ἰδοὺ</strong></span> <span class='ocrx_word' id='word_1_681' title='bbox 1387 2147 1452 2183; x_wconf 82' lang='grc' dir='ltr'>γὰρ,</span> <span class='ocrx_word' id='word_1_682' title='bbox 1475 2158 1484 2173; x_wconf 78' lang='grc' dir='ltr'><strong>ι</strong></span> <span class='ocrx_word' id='word_1_683' title='bbox 1504 2149 1596 2184; x_wconf 79' lang='grc' dir='ltr'>φησὶν,</span> <span class='ocrx_word' id='word_1_684' title='bbox 1616 2159 1625 2176; x_wconf 92' lang='lat'><strong>1</strong></span> <span class='ocrx_word' id='word_1_685' title='bbox 1650 2150 1798 2186; x_wconf 72' lang='grc' dir='ltr'>ἐθαύμασα</span> <span class='ocrx_word' id='word_1_686' title='bbox 1819 2161 1866 2179; x_wconf 72' lang='grc' dir='ltr'><strong>σου</strong></span> 
     </span>
    </p>
   </div>
   <div class='ocr_carea' id='block_1_89' title="bbox 230 2190 1023 2241">
    <p class='ocr_par' dir='ltr' id='par_1_89' title="bbox 230 2190 1018 2224">
     <span class='ocr_line' id='line_1_89' title="bbox 230 2190 1018 2224; baseline 0.003 -6"><span class='ocrx_word' id='word_1_687' title='bbox 230 2190 328 2218; x_wconf 82' lang='lat' dir='ltr'><strong>faciem</strong></span> <span class='ocrx_word' id='word_1_688' title='bbox 344 2194 419 2217; x_wconf 90' lang='lat' dir='ltr'><strong>tuam</strong></span> <span class='ocrx_word' id='word_1_689' title='bbox 433 2190 515 2217; x_wconf 88' lang='lat' dir='ltr'><strong>etiam</strong></span> <span class='ocrx_word' id='word_1_690' title='bbox 530 2190 558 2217; x_wconf 93' lang='lat' dir='ltr'><strong>in</strong></span> <span class='ocrx_word' id='word_1_691' title='bbox 579 2190 664 2218; x_wconf 90' lang='lat' dir='ltr'><strong>verbo</strong></span> <span class='ocrx_word' id='word_1_692' title='bbox 695 2191 758 2224; x_wconf 86' lang='lat' dir='ltr'><strong>hoc,</strong></span> <span class='ocrx_word' id='word_1_693' title='bbox 784 2200 819 2219; x_wconf 91' lang='lat' dir='ltr'><strong>ne</strong></span> <span class='ocrx_word' id='word_1_694' title='bbox 834 2197 958 2220; x_wconf 87' lang='lat' dir='ltr'><strong>evertam</strong></span> <span class='ocrx_word' id='word_1_695' title='bbox 979 2193 1018 2220; x_wconf 90' lang='lat' dir='ltr'><strong>ci-</strong></span> 
     </span>
    </p>
   </div>
   <div class='ocr_carea' id='block_1_90' title="bbox 1071 2190 1866 2241">
    <p class='ocr_par' dir='ltr' id='par_1_90' title="bbox 1072 2191 1866 2234">
     <span class='ocr_line' id='line_1_90' title="bbox 1072 2191 1866 2234; baseline 0.01 -16"><span class='ocrx_word' id='word_1_696' title='bbox 1072 2191 1102 2218; x_wconf 74' lang='grc' dir='ltr'>τδ</span> <span class='ocrx_word' id='word_1_697' title='bbox 1123 2192 1268 2227; x_wconf 83' lang='grc' dir='ltr'>πρόσωπον</span> <span class='ocrx_word' id='word_1_698' title='bbox 1287 2193 1334 2219; x_wconf 80' lang='grc' dir='ltr'>καὶ</span> <span class='ocrx_word' id='word_1_699' title='bbox 1355 2194 1401 2220; x_wconf 72' lang='grc' dir='ltr'><strong>ἐπὶ</strong></span> <span class='ocrx_word' id='word_1_700' title='bbox 1413 2194 1453 2229; x_wconf 85' lang='grc' dir='ltr'>τῷ</span> <span class='ocrx_word' id='word_1_701' title='bbox 1476 2195 1578 2230; x_wconf 78' lang='grc' dir='ltr'>ῥήματι</span> <span class='ocrx_word' id='word_1_702' title='bbox 1592 2196 1680 2232; x_wconf 83' lang='grc' dir='ltr'>τούτῳ</span> <span class='ocrx_word' id='word_1_703' title='bbox 1693 2197 1740 2224; x_wconf 86' lang='grc' dir='ltr'>τοῦ</span> <span class='ocrx_word' id='word_1_704' title='bbox 1757 2199 1797 2234; x_wconf 84' lang='grc' dir='ltr'>μὴ</span> <span class='ocrx_word' id='word_1_705' title='bbox 1816 2208 1866 2226; x_wconf 87' lang='grc' dir='ltr'>κα-</span> 
     </span>
    </p>
   </div>
   <div class='ocr_carea' id='block_1_91' title="bbox 229 2236 1017 2274">
    <p class='ocr_par' dir='ltr' id='par_1_91' title="bbox 229 2236 1017 2274">
     <span class='ocr_line' id='line_1_91' title="bbox 229 2236 1017 2274; baseline 0.006 -12"><span class='ocrx_word' id='word_1_706' title='bbox 229 2236 354 2268; x_wconf 80' lang='lat' dir='ltr'><strong>vitatem,</strong></span> <span class='ocrx_word' id='word_1_707' title='bbox 372 2236 405 2263; x_wconf 87' lang='lat' dir='ltr'><strong>de</strong></span> <span class='ocrx_word' id='word_1_708' title='bbox 417 2244 470 2270; x_wconf 89' lang='lat' dir='ltr'><strong>qua</strong></span> <span class='ocrx_word' id='word_1_709' title='bbox 487 2236 596 2263; x_wconf 85' lang='lat' dir='ltr'><strong>locutus</strong></span> <span class='ocrx_word' id='word_1_710' title='bbox 611 2244 650 2264; x_wconf 90' lang='lat' dir='ltr'><strong>es.</strong></span> <span class='ocrx_word' id='word_1_711' title='bbox 667 2238 776 2268; x_wconf 83' lang='lat' dir='ltr'><strong>Festina</strong></span> <span class='ocrx_word' id='word_1_712' title='bbox 803 2239 896 2274; x_wconf 78' lang='lat' dir='ltr'><strong>igitur,</strong></span> <span class='ocrx_word' id='word_1_713' title='bbox 912 2244 942 2266; x_wconf 94' lang='lat' dir='ltr'><strong>ut</strong></span> <span class='ocrx_word' id='word_1_714' title='bbox 962 2240 1017 2266; x_wconf 86' lang='lat' dir='ltr'><strong>sal-</strong></span> 
     </span>
    </p>
   </div>
   <div class='ocr_carea' id='block_1_92' title="bbox 230 2280 1018 2320">
    <p class='ocr_par' dir='ltr' id='par_1_92' title="bbox 230 2280 1018 2320">
     <span class='ocr_line' id='line_1_92' title="bbox 230 2280 1018 2320; baseline 0.006 -12"><span class='ocrx_word' id='word_1_715' title='bbox 230 2281 302 2308; x_wconf 84' lang='lat' dir='ltr'><strong>veris</strong></span> <span class='ocrx_word' id='word_1_716' title='bbox 313 2281 363 2308; x_wconf 89' lang='lat' dir='ltr'><strong>ibi.</strong></span> <span class='ocrx_word' id='word_1_717' title='bbox 382 2290 391 2306; x_wconf 75' lang='grc' dir='ltr'><strong>ι</strong></span> <span class='ocrx_word' id='word_1_718' title='bbox 410 2280 515 2308; x_wconf 87' lang='lat' dir='ltr'><strong>Deinde</strong></span> <span class='ocrx_word' id='word_1_719' title='bbox 537 2281 637 2316; x_wconf 88' lang='lat' dir='ltr'><strong>inquit,</strong></span> <span class='ocrx_word' id='word_1_720' title='bbox 657 2292 665 2307; x_wconf 83' lang='lat'><strong>1</strong></span> <span class='ocrx_word' id='word_1_721' title='bbox 677 2281 722 2309; x_wconf 89' lang='lat' dir='ltr'><strong>Sol</strong></span> <span class='ocrx_word' id='word_1_722' title='bbox 735 2290 865 2318; x_wconf 80' lang='lat' dir='ltr'><strong>egressus</strong></span> <span class='ocrx_word' id='word_1_723' title='bbox 878 2289 920 2312; x_wconf 90' lang='lat' dir='ltr'><strong>est</strong></span> <span class='ocrx_word' id='word_1_724' title='bbox 933 2291 1018 2320; x_wconf 84' lang='lat' dir='ltr'><strong>super</strong></span> 
     </span>
    </p>
   </div>
   <div class='ocr_carea' id='block_1_93' title="bbox 230 2326 1017 2365">
    <p class='ocr_par' dir='ltr' id='par_1_93' title="bbox 230 2326 1017 2365">
     <span class='ocr_line' id='line_1_93' title="bbox 230 2326 1017 2365; baseline 0.008 -12"><span class='ocrx_word' id='word_1_725' title='bbox 230 2332 344 2359; x_wconf 87' lang='lat' dir='ltr'><strong>terram,</strong></span> <span class='ocrx_word' id='word_1_726' title='bbox 370 2331 398 2354; x_wconf 89' lang='lat' dir='ltr'><strong>et</strong></span> <span class='ocrx_word' id='word_1_727' title='bbox 426 2326 477 2354; x_wconf 87' lang='lat' dir='ltr'><strong>Lot</strong></span> <span class='ocrx_word' id='word_1_728' title='bbox 499 2327 641 2362; x_wconf 80' lang='lat' dir='ltr'><strong>ingressus</strong></span> <span class='ocrx_word' id='word_1_729' title='bbox 669 2333 711 2356; x_wconf 78' lang='lat' dir='ltr'><strong>est</strong></span> <span class='ocrx_word' id='word_1_730' title='bbox 737 2329 831 2365; x_wconf 82' lang='lat' dir='ltr'><strong>Segor.</strong></span> <span class='ocrx_word' id='word_1_731' title='bbox 858 2340 867 2356; x_wconf 72' lang='grc' dir='ltr'><strong>ι</strong></span> <span class='ocrx_word' id='word_1_732' title='bbox 885 2331 941 2359; x_wconf 85' lang='lat' dir='ltr'><strong>Nec</strong></span> <span class='ocrx_word' id='word_1_733' title='bbox 963 2332 1017 2359; x_wconf 91' lang='lat' dir='ltr'><strong>mi-</strong></span> 
     </span>
    </p>
   </div>
   <div class='ocr_carea' id='block_1_94' title="bbox 229 2372 1015 2412">
    <p class='ocr_par' dir='ltr' id='par_1_94' title="bbox 229 2372 1015 2412">
     <span class='ocr_line' id='line_1_94' title="bbox 229 2372 1015 2412; baseline 0.009 -13"><span class='ocrx_word' id='word_1_734' title='bbox 229 2381 281 2400; x_wconf 89' lang='lat' dir='ltr'><strong>nus</strong></span> <span class='ocrx_word' id='word_1_735' title='bbox 299 2372 443 2404; x_wconf 84' lang='lat' dir='ltr'><strong>mirabere,</strong></span> <span class='ocrx_word' id='word_1_736' title='bbox 460 2373 573 2406; x_wconf 84' lang='lat' dir='ltr'><strong>Palladi,</strong></span> <span class='ocrx_word' id='word_1_737' title='bbox 594 2375 642 2402; x_wconf 87' lang='lat' dir='ltr'><strong>ubi</strong></span> <span class='ocrx_word' id='word_1_738' title='bbox 667 2375 802 2404; x_wconf 85' lang='lat' dir='ltr'><strong>didiceris</strong></span> <span class='ocrx_word' id='word_1_739' title='bbox 825 2385 887 2412; x_wconf 63' lang='lat' dir='ltr'><strong>qua:</strong></span> <span class='ocrx_word' id='word_1_740' title='bbox 914 2378 950 2406; x_wconf 87' lang='lat' dir='ltr'><strong>sit</strong></span> <span class='ocrx_word' id='word_1_741' title='bbox 964 2379 1015 2405; x_wconf 85' lang='lat' dir='ltr'><strong>ho-</strong></span> 
     </span>
    </p>
   </div>
   <div class='ocr_carea' id='block_1_95' title="bbox 229 2419 1012 2456">
    <p class='ocr_par' dir='ltr' id='par_1_95' title="bbox 229 2419 1012 2456">
     <span class='ocr_line' id='line_1_95' title="bbox 229 2419 1012 2456; baseline 0.006 -11"><span class='ocrx_word' id='word_1_742' title='bbox 229 2427 289 2446; x_wconf 92' lang='lat' dir='ltr'><strong>rum</strong></span> <span class='ocrx_word' id='word_1_743' title='bbox 301 2419 448 2446; x_wconf 79' lang='lat' dir='ltr'><strong>verborum</strong></span> <span class='ocrx_word' id='word_1_744' title='bbox 462 2421 608 2452; x_wconf 85' lang='lat' dir='ltr'><strong>sententia,</strong></span> <span class='ocrx_word' id='word_1_745' title='bbox 622 2430 631 2446; x_wconf 90' lang='lat'><strong>1</strong></span> <span class='ocrx_word' id='word_1_746' title='bbox 645 2421 802 2450; x_wconf 87' lang='lat' dir='ltr'><strong>Admiratus</strong></span> <span class='ocrx_word' id='word_1_747' title='bbox 822 2431 883 2450; x_wconf 89' lang='lat' dir='ltr'><strong>sum</strong></span> <span class='ocrx_word' id='word_1_748' title='bbox 897 2423 983 2456; x_wconf 88' lang='lat' dir='ltr'><strong>enim,</strong></span> <span class='ocrx_word' id='word_1_749' title='bbox 1003 2433 1012 2449; x_wconf 80' lang='grc' dir='ltr'><strong>ι</strong></span> 
     </span>
    </p>
   </div>
   <div class='ocr_carea' id='block_1_96' title="bbox 229 2465 1010 2501">
    <p class='ocr_par' dir='ltr' id='par_1_96' title="bbox 229 2465 1010 2501">
     <span class='ocr_line' id='line_1_96' title="bbox 229 2465 1010 2501; baseline 0.008 -9"><span class='ocrx_word' id='word_1_750' title='bbox 229 2465 329 2500; x_wconf 88' lang='lat' dir='ltr'><strong>inquit,</strong></span> <span class='ocrx_word' id='word_1_751' title='bbox 348 2475 357 2490; x_wconf 90' lang='lat'><strong>1</strong></span> <span class='ocrx_word' id='word_1_752' title='bbox 382 2465 479 2493; x_wconf 79' lang='lat' dir='ltr'><strong>faciem</strong></span> <span class='ocrx_word' id='word_1_753' title='bbox 501 2470 585 2499; x_wconf 84' lang='lat' dir='ltr'><strong>tuam,</strong></span> <span class='ocrx_word' id='word_1_754' title='bbox 604 2475 638 2495; x_wconf 88' lang='lat' dir='ltr'><strong>ne</strong></span> <span class='ocrx_word' id='word_1_755' title='bbox 657 2473 778 2496; x_wconf 86' lang='lat' dir='ltr'><strong>evertam</strong></span> <span class='ocrx_word' id='word_1_756' title='bbox 804 2469 953 2501; x_wconf 85' lang='lat' dir='ltr'><strong>civitatem,</strong></span> <span class='ocrx_word' id='word_1_757' title='bbox 976 2471 1010 2498; x_wconf 86' lang='lat' dir='ltr'><strong>de</strong></span> 
     </span>
    </p>
   </div>
   <div class='ocr_carea' id='block_1_97' title="bbox 227 2511 1013 2546">
    <p class='ocr_par' dir='ltr' id='par_1_97' title="bbox 227 2511 1013 2546">
     <span class='ocr_line' id='line_1_97' title="bbox 227 2511 1013 2546; baseline 0.009 -9"><span class='ocrx_word' id='word_1_758' title='bbox 227 2519 280 2546; x_wconf 90' lang='lat' dir='ltr'><strong>qua</strong></span> <span class='ocrx_word' id='word_1_759' title='bbox 296 2511 407 2539; x_wconf 85' lang='lat' dir='ltr'><strong>locutus</strong></span> <span class='ocrx_word' id='word_1_760' title='bbox 425 2520 480 2539; x_wconf 66' lang='lat' dir='ltr'><strong>es.»</strong></span> <span class='ocrx_word' id='word_1_761' title='bbox 495 2511 596 2540; x_wconf 90' lang='lat' dir='ltr'><strong>Odiosa</strong></span> <span class='ocrx_word' id='word_1_762' title='bbox 619 2515 693 2541; x_wconf 91' lang='lat' dir='ltr'><strong>enim</strong></span> <span class='ocrx_word' id='word_1_763' title='bbox 712 2523 809 2543; x_wconf 80' lang='lat' dir='ltr'><strong>revera</strong></span> <span class='ocrx_word' id='word_1_764' title='bbox 826 2516 882 2543; x_wconf 89' lang='lat' dir='ltr'><strong>Deo</strong></span> <span class='ocrx_word' id='word_1_765' title='bbox 899 2522 941 2544; x_wconf 78' lang='lat' dir='ltr'><strong>est</strong></span> <span class='ocrx_word' id='word_1_766' title='bbox 968 2517 1013 2545; x_wconf 86' lang='lat' dir='ltr'><strong>illa</strong></span> 
     </span>
    </p>
   </div>
   <div class='ocr_carea' id='block_1_98' title="bbox 228 2557 1014 2596">
    <p class='ocr_par' dir='ltr' id='par_1_98' title="bbox 228 2557 1014 2596">
     <span class='ocr_line' id='line_1_98' title="bbox 228 2557 1014 2596; baseline 0.01 -13"><span class='ocrx_word' id='word_1_767' title='bbox 228 2557 290 2584; x_wconf 71' lang='lat' dir='ltr'><strong>vita:</strong></span> <span class='ocrx_word' id='word_1_768' title='bbox 307 2557 387 2588; x_wconf 85' lang='lat' dir='ltr'><strong>ratio.</strong></span> <span class='ocrx_word' id='word_1_769' title='bbox 400 2565 460 2592; x_wconf 73' lang='lat' dir='ltr'><strong>quae</strong></span> <span class='ocrx_word' id='word_1_770' title='bbox 471 2566 500 2586; x_wconf 92' lang='lat' dir='ltr'><strong>se</strong></span> <span class='ocrx_word' id='word_1_771' title='bbox 514 2568 567 2587; x_wconf 92' lang='lat' dir='ltr'><strong>non</strong></span> <span class='ocrx_word' id='word_1_772' title='bbox 590 2561 710 2596; x_wconf 83' lang='lat' dir='ltr'><strong>perfecte</strong></span> <span class='ocrx_word' id='word_1_773' title='bbox 728 2562 762 2589; x_wconf 84' lang='lat' dir='ltr'><strong>ad</strong></span> <span class='ocrx_word' id='word_1_774' title='bbox 786 2562 916 2590; x_wconf 81' lang='lat' dir='ltr'><strong>virtutem</strong></span> <span class='ocrx_word' id='word_1_775' title='bbox 940 2571 1014 2591; x_wconf 86' lang='lat' dir='ltr'><strong>com-</strong></span> 
     </span>
    </p>
   </div>
   <div class='ocr_carea' id='block_1_99' title="bbox 228 2603 1014 2643">
    <p class='ocr_par' dir='ltr' id='par_1_99' title="bbox 228 2603 1014 2643">
     <span class='ocr_line' id='line_1_99' title="bbox 228 2603 1014 2643; baseline 0.009 -13"><span class='ocrx_word' id='word_1_776' title='bbox 228 2603 305 2638; x_wconf 89' lang='lat' dir='ltr'><strong>ponit</strong></span> <span class='ocrx_word' id='word_1_777' title='bbox 319 2613 326 2636; x_wconf 91' lang='lat'><strong>;</strong></span> <span class='ocrx_word' id='word_1_778' title='bbox 339 2604 427 2632; x_wconf 86' lang='lat' dir='ltr'><strong>ethoc</strong></span> <span class='ocrx_word' id='word_1_779' title='bbox 442 2605 530 2640; x_wconf 87' lang='lat' dir='ltr'><strong>ipsum</strong></span> <span class='ocrx_word' id='word_1_780' title='bbox 542 2607 584 2634; x_wconf 89' lang='lat' dir='ltr'><strong>vel</strong></span> <span class='ocrx_word' id='word_1_781' title='bbox 602 2608 716 2634; x_wconf 90' lang='lat' dir='ltr'><strong>minima</strong></span> <span class='ocrx_word' id='word_1_782' title='bbox 728 2616 761 2635; x_wconf 81' lang='lat' dir='ltr'><strong>ex</strong></span> <span class='ocrx_word' id='word_1_783' title='bbox 779 2614 856 2643; x_wconf 88' lang='lat' dir='ltr'><strong>parte</strong></span> <span class='ocrx_word' id='word_1_784' title='bbox 869 2609 944 2637; x_wconf 82' lang='lat' dir='ltr'><strong>vitiis</strong></span> <span class='ocrx_word' id='word_1_785' title='bbox 952 2618 1014 2638; x_wconf 85' lang='lat' dir='ltr'><strong>suc-</strong></span> 
     </span>
    </p>
   </div>
   <div class='ocr_carea' id='block_1_100' title="bbox 226 2650 1012 2693">
    <p class='ocr_par' dir='ltr' id='par_1_100' title="bbox 226 2650 1012 2693">
     <span class='ocr_line' id='line_1_100' title="bbox 226 2650 1012 2693; baseline 0.011 -17"><span class='ocrx_word' id='word_1_786' title='bbox 226 2650 367 2682; x_wconf 85' lang='lat' dir='ltr'><strong>eumbere,</strong></span> <span class='ocrx_word' id='word_1_787' title='bbox 386 2651 425 2678; x_wconf 87' lang='lat' dir='ltr'><strong>illi</strong></span> <span class='ocrx_word' id='word_1_788' title='bbox 440 2653 625 2688; x_wconf 86' lang='lat' dir='ltr'><strong>respuendum</strong></span> <span class='ocrx_word' id='word_1_789' title='bbox 645 2655 765 2687; x_wconf 84' lang='lat' dir='ltr'><strong>videtur,</strong></span> <span class='ocrx_word' id='word_1_790' title='bbox 782 2661 809 2683; x_wconf 80' lang='lat' dir='ltr'><strong>ct</strong></span> <span class='ocrx_word' id='word_1_791' title='bbox 826 2665 880 2683; x_wconf 89' lang='lat' dir='ltr'><strong>non</strong></span> <span class='ocrx_word' id='word_1_792' title='bbox 907 2658 986 2693; x_wconf 72' lang='lat' dir='ltr'><strong>longe</strong></span> <span class='ocrx_word' id='word_1_793' title='bbox 998 2667 1012 2685; x_wconf 93' lang='lat' dir='ltr'><strong>a</strong></span> 
     </span>
    </p>
   </div>
   <div class='ocr_carea' id='block_1_101' title="bbox 227 2695 1013 2735">
    <p class='ocr_par' dir='ltr' id='par_1_101' title="bbox 227 2695 1013 2735">
     <span class='ocr_line' id='line_1_101' title="bbox 227 2695 1013 2735; baseline 0.01 -13"><span class='ocrx_word' id='word_1_794' title='bbox 227 2695 454 2724; x_wconf 84' lang='lat' dir='ltr'><strong>condemnatione</strong></span> <span class='ocrx_word' id='word_1_795' title='bbox 476 2697 563 2726; x_wconf 82' lang='lat' dir='ltr'><strong>abest.</strong></span> <span class='ocrx_word' id='word_1_796' title='bbox 577 2698 714 2726; x_wconf 70' lang='lat' dir='ltr'><strong>Cmterum</strong></span> <span class='ocrx_word' id='word_1_797' title='bbox 734 2700 856 2735; x_wconf 80' lang='lat' dir='ltr'><strong>indulget</strong></span> <span class='ocrx_word' id='word_1_798' title='bbox 872 2710 920 2729; x_wconf 89' lang='lat' dir='ltr'><strong>sua</strong></span> <span class='ocrx_word' id='word_1_799' title='bbox 934 2703 1013 2730; x_wconf 91' lang='lat' dir='ltr'><strong>beni-</strong></span> 
     </span>
    </p>
   </div>
   <div class='ocr_carea' id='block_1_102' title="bbox 227 2740 1014 2777">
    <p class='ocr_par' dir='ltr' id='par_1_102' title="bbox 227 2740 1014 2777">
     <span class='ocr_line' id='line_1_102' title="bbox 227 2740 1014 2777; baseline 0.009 -10"><span class='ocrx_word' id='word_1_800' title='bbox 227 2740 338 2775; x_wconf 81' lang='lat' dir='ltr'><strong>gnitate,</strong></span> <span class='ocrx_word' id='word_1_801' title='bbox 363 2746 391 2769; x_wconf 90' lang='lat' dir='ltr'><strong>et</strong></span> <span class='ocrx_word' id='word_1_802' title='bbox 414 2742 554 2770; x_wconf 89' lang='lat' dir='ltr'><strong>initiorum</strong></span> <span class='ocrx_word' id='word_1_803' title='bbox 582 2742 750 2777; x_wconf 83' lang='lat' dir='ltr'><strong>facultatem,</strong></span> <span class='ocrx_word' id='word_1_804' title='bbox 779 2749 882 2773; x_wconf 75' lang='lat' dir='ltr'><strong>naturze</strong></span> <span class='ocrx_word' id='word_1_805' title='bbox 905 2747 1014 2774; x_wconf 89' lang='lat' dir='ltr'><strong>viribus</strong></span> 
     </span>
    </p>
   </div>
   <div class='ocr_carea' id='block_1_103' title="bbox 275 2831 940 2872">
    <p class='ocr_par' dir='ltr' id='par_1_103' title="bbox 275 2831 940 2872">
     <span class='ocr_line' id='line_1_103' title="bbox 275 2831 940 2872; baseline 0.011 -13"><span class='ocrx_word' id='word_1_806' title='bbox 275 2831 298 2847; x_wconf 89' lang='lat'><strong>&quot;</strong></span> <span class='ocrx_word' id='word_1_807' title='bbox 313 2831 412 2868; x_wconf 83' lang='lat' dir='ltr'><strong>Ephes.</strong></span> <span class='ocrx_word' id='word_1_808' title='bbox 429 2842 464 2868; x_wconf 68' lang='grc' dir='ltr'>ιγ,</span> <span class='ocrx_word' id='word_1_809' title='bbox 483 2834 524 2862; x_wconf 80' lang='grc'><strong>15.</strong></span> <span class='ocrx_word' id='word_1_810' title='bbox 574 2836 596 2852; x_wconf 70' lang='grc'><strong>⁸⁸³</strong></span> <span class='ocrx_word' id='word_1_811' title='bbox 615 2835 698 2864; x_wconf 83' lang='lat' dir='ltr'><strong>lCor.</strong></span> <span class='ocrx_word' id='word_1_812' title='bbox 719 2845 763 2871; x_wconf 71' lang='lat' dir='ltr'><strong>vn,</strong></span> <span class='ocrx_word' id='word_1_813' title='bbox 790 2838 812 2871; x_wconf 90' lang='lat' dir='ltr'><strong>l,</strong></span> <span class='ocrx_word' id='word_1_814' title='bbox 829 2839 856 2872; x_wconf 75' lang='lat'><strong>2,</strong></span> <span class='ocrx_word' id='word_1_815' title='bbox 875 2839 900 2872; x_wconf 81' lang='grc'><strong>6,</strong></span> <span class='ocrx_word' id='word_1_816' title='bbox 915 2840 940 2867; x_wconf 87' lang='grc'><strong>’1.</strong></span> 
     </span>
    </p>
   </div>
   <div class='ocr_carea' id='block_1_104' title="bbox 992 2841 1272 2875">
    <p class='ocr_par' dir='ltr' id='par_1_104' title="bbox 992 2841 1272 2875">
     <span class='ocr_line' id='line_1_104' title="bbox 992 2841 1272 2875; baseline 0.011 -7"><span class='ocrx_word' id='word_1_817' title='bbox 992 2841 1014 2856; x_wconf 72' lang='grc'><strong>⁸⁸</strong></span> <span class='ocrx_word' id='word_1_818' title='bbox 1031 2841 1126 2869; x_wconf 77' lang='lat' dir='ltr'><strong>.‘vlatth.</strong></span> <span class='ocrx_word' id='word_1_819' title='bbox 1144 2850 1199 2875; x_wconf 72' lang='lat' dir='ltr'><strong>xm,</strong></span> <span class='ocrx_word' id='word_1_820' title='bbox 1228 2844 1272 2871; x_wconf 75' lang='lat'><strong>25.</strong></span> 
     </span>
    </p>
   </div>
   <div class='ocr_carea' id='block_1_105' title="bbox 1069 2238 1865 2278">
    <p class='ocr_par' dir='ltr' id='par_1_105' title="bbox 1069 2238 1865 2278">
     <span class='ocr_line' id='line_1_105' title="bbox 1069 2238 1865 2278; baseline 0.011 -14"><span class='ocrx_word' id='word_1_821' title='bbox 1069 2238 1221 2273; x_wconf 79' lang='grc' dir='ltr'>ταστρέψαι</span> <span class='ocrx_word' id='word_1_822' title='bbox 1244 2239 1294 2274; x_wconf 82' lang='grc' dir='ltr'>τὴν</span> <span class='ocrx_word' id='word_1_823' title='bbox 1318 2239 1406 2273; x_wconf 84' lang='grc' dir='ltr'>πόλιν,</span> <span class='ocrx_word' id='word_1_824' title='bbox 1425 2241 1489 2276; x_wconf 76' lang='grc' dir='ltr'>περὶ</span> <span class='ocrx_word' id='word_1_825' title='bbox 1510 2239 1544 2277; x_wconf 80' lang='grc' dir='ltr'>ἦς</span> <span class='ocrx_word' id='word_1_826' title='bbox 1566 2242 1711 2278; x_wconf 81' lang='grc' dir='ltr'>ἑλάλησας.</span> <span class='ocrx_word' id='word_1_827' title='bbox 1740 2245 1865 2272; x_wconf 70' lang='grc' dir='ltr'>Σπεῦσον</span> 
     </span>
    </p>
   </div>
   <div class='ocr_carea' id='block_1_106' title="bbox 1069 2282 1864 2326">
    <p class='ocr_par' dir='ltr' id='par_1_106' title="bbox 1069 2282 1864 2326">
     <span class='ocr_line' id='line_1_106' title="bbox 1069 2282 1864 2326; baseline 0.01 -16"><span class='ocrx_word' id='word_1_828' title='bbox 1069 2282 1115 2311; x_wconf 72' lang='grc' dir='ltr'>οὖν</span> <span class='ocrx_word' id='word_1_829' title='bbox 1131 2284 1178 2312; x_wconf 78' lang='grc' dir='ltr'>τοῦ</span> <span class='ocrx_word' id='word_1_830' title='bbox 1196 2285 1315 2320; x_wconf 79' lang='grc' dir='ltr'>σωθῆναι</span> <span class='ocrx_word' id='word_1_831' title='bbox 1327 2287 1396 2314; x_wconf 80' lang='grc' dir='ltr'>ἐκεῖ.</span> <span class='ocrx_word' id='word_1_832' title='bbox 1418 2297 1428 2312; x_wconf 73' lang='grc' dir='ltr'><strong>ι</strong></span> <span class='ocrx_word' id='word_1_833' title='bbox 1446 2285 1513 2314; x_wconf 77' lang='grc' dir='ltr'>Εἶτά</span> <span class='ocrx_word' id='word_1_834' title='bbox 1534 2297 1627 2323; x_wconf 75' lang='grc' dir='ltr'>φησιν,</span> <span class='ocrx_word' id='word_1_835' title='bbox 1647 2289 1687 2316; x_wconf 81' lang='grc' dir='ltr'>ὅτι</span> <span class='ocrx_word' id='word_1_836' title='bbox 1705 2300 1715 2316; x_wconf 91' lang='lat'><strong>1</strong></span> <span class='ocrx_word' id='word_1_837' title='bbox 1741 2291 1772 2317; x_wconf 87' lang='lat'><strong>&#39;0</strong></span> <span class='ocrx_word' id='word_1_838' title='bbox 1789 2291 1864 2326; x_wconf 81' lang='grc' dir='ltr'>ἥλιος</span> 
     </span>
    </p>
   </div>
   <div class='ocr_carea' id='block_1_107' title="bbox 1068 2330 1860 2373">
    <p class='ocr_par' dir='ltr' id='par_1_107' title="bbox 1068 2330 1860 2373">
     <span class='ocr_line' id='line_1_107' title="bbox 1068 2330 1860 2373; baseline 0.006 -16"><span class='ocrx_word' id='word_1_839' title='bbox 1068 2330 1180 2366; x_wconf 79' lang='grc' dir='ltr'>ἐξῆλθεν</span> <span class='ocrx_word' id='word_1_840' title='bbox 1197 2332 1244 2358; x_wconf 78' lang='grc' dir='ltr'><strong>ἐπὶ</strong></span> <span class='ocrx_word' id='word_1_841' title='bbox 1257 2332 1308 2368; x_wconf 84' lang='grc' dir='ltr'>τὴν</span> <span class='ocrx_word' id='word_1_842' title='bbox 1322 2333 1385 2367; x_wconf 86' lang='grc' dir='ltr'>γῆν,</span> <span class='ocrx_word' id='word_1_843' title='bbox 1400 2334 1448 2360; x_wconf 77' lang='grc' dir='ltr'>καὶ</span> <span class='ocrx_word' id='word_1_844' title='bbox 1458 2333 1519 2360; x_wconf 83' lang='grc' dir='ltr'><strong>Λὼτ</strong></span> <span class='ocrx_word' id='word_1_845' title='bbox 1534 2334 1660 2370; x_wconf 80' lang='grc' dir='ltr'>εἰσῆλθεν</span> <span class='ocrx_word' id='word_1_846' title='bbox 1670 2337 1709 2367; x_wconf 81' lang='grc' dir='ltr'><strong>είς</strong></span> <span class='ocrx_word' id='word_1_847' title='bbox 1725 2337 1835 2373; x_wconf 81' lang='grc' dir='ltr'>Σηγώρ.</span> <span class='ocrx_word' id='word_1_848' title='bbox 1851 2348 1860 2362; x_wconf 74' lang='grc' dir='ltr'><strong>ι</strong></span> 
     </span>
    </p>
   </div>
   <div class='ocr_carea' id='block_1_108' title="bbox 1067 2377 1861 2419">
    <p class='ocr_par' dir='ltr' id='par_1_108' title="bbox 1067 2377 1861 2419">
     <span class='ocr_line' id='line_1_108' title="bbox 1067 2377 1861 2419; baseline 0.01 -16"><span class='ocrx_word' id='word_1_849' title='bbox 1067 2378 1228 2412; x_wconf 83' lang='grc' dir='ltr'>Θαυμάσαις</span> <span class='ocrx_word' id='word_1_850' title='bbox 1248 2378 1270 2404; x_wconf 83' lang='grc' dir='ltr'><strong>δ’</strong></span> <span class='ocrx_word' id='word_1_851' title='bbox 1291 2378 1334 2409; x_wconf 84' lang='grc' dir='ltr'>ἂν,</span> <span class='ocrx_word' id='word_1_852' title='bbox 1356 2377 1379 2406; x_wconf 83' lang='grc' dir='ltr'>ὧ</span> <span class='ocrx_word' id='word_1_853' title='bbox 1402 2380 1504 2415; x_wconf 79' lang='grc' dir='ltr'>ἑταῖρε,</span> <span class='ocrx_word' id='word_1_854' title='bbox 1520 2381 1562 2412; x_wconf 82' lang='grc' dir='ltr'><strong>τίς</strong></span> <span class='ocrx_word' id='word_1_855' title='bbox 1579 2380 1612 2407; x_wconf 82' lang='grc' dir='ltr'>ἂν</span> <span class='ocrx_word' id='word_1_856' title='bbox 1634 2381 1738 2416; x_wconf 86' lang='grc' dir='ltr'>γένοιτο</span> <span class='ocrx_word' id='word_1_857' title='bbox 1767 2383 1861 2419; x_wconf 86' lang='grc' dir='ltr'>μαθὼν</span> 
     </span>
    </p>
   </div>
   <div class='ocr_carea' id='block_1_109' title="bbox 1068 2424 1860 2466">
    <p class='ocr_par' dir='ltr' id='par_1_109' title="bbox 1068 2424 1860 2466">
     <span class='ocr_line' id='line_1_109' title="bbox 1068 2424 1860 2466; baseline 0.01 -17"><span class='ocrx_word' id='word_1_858' title='bbox 1068 2424 1234 2450; x_wconf 76' lang='grc' dir='ltr'>καὶτούτων</span> <span class='ocrx_word' id='word_1_859' title='bbox 1249 2425 1263 2450; x_wconf 84' lang='grc' dir='ltr'><strong>ό</strong></span> <span class='ocrx_word' id='word_1_860' title='bbox 1285 2425 1357 2457; x_wconf 84' lang='grc' dir='ltr'>νοῦς,</span> <span class='ocrx_word' id='word_1_861' title='bbox 1384 2434 1393 2451; x_wconf 82' lang='grc' dir='ltr'><strong>ι</strong></span> <span class='ocrx_word' id='word_1_862' title='bbox 1421 2425 1582 2462; x_wconf 83' lang='grc' dir='ltr'>Ἐθαύμασα</span> <span class='ocrx_word' id='word_1_863' title='bbox 1595 2428 1649 2464; x_wconf 82' lang='grc' dir='ltr'>γάρ</span> <span class='ocrx_word' id='word_1_864' title='bbox 1666 2436 1724 2460; x_wconf 87' lang='grc' dir='ltr'>σου,</span> <span class='ocrx_word' id='word_1_865' title='bbox 1748 2439 1758 2456; x_wconf 71' lang='grc' dir='ltr'><strong>ι</strong></span> <span class='ocrx_word' id='word_1_866' title='bbox 1783 2431 1860 2466; x_wconf 73' lang='grc' dir='ltr'>φησὶ,</span> 
     </span>
    </p>
   </div>
   <div class='ocr_carea' id='block_1_110' title="bbox 1071 2470 1858 2512">
    <p class='ocr_par' dir='ltr' id='par_1_110' title="bbox 1071 2470 1858 2512">
     <span class='ocr_line' id='line_1_110' title="bbox 1071 2470 1858 2512; baseline 0.013 -17"><span class='ocrx_word' id='word_1_867' title='bbox 1071 2479 1080 2495; x_wconf 90' lang='lat'><strong>1</strong></span> <span class='ocrx_word' id='word_1_868' title='bbox 1096 2470 1127 2496; x_wconf 84' lang='grc' dir='ltr'>τὸ</span> <span class='ocrx_word' id='word_1_869' title='bbox 1147 2471 1293 2506; x_wconf 74' lang='grc' dir='ltr'>πρόσωπόν</span> <span class='ocrx_word' id='word_1_870' title='bbox 1310 2480 1356 2498; x_wconf 85' lang='grc' dir='ltr'><strong>σου</strong></span> <span class='ocrx_word' id='word_1_871' title='bbox 1371 2472 1418 2499; x_wconf 86' lang='grc' dir='ltr'>τοῦ</span> <span class='ocrx_word' id='word_1_872' title='bbox 1436 2474 1473 2508; x_wconf 82' lang='grc' dir='ltr'>μὴ</span> <span class='ocrx_word' id='word_1_873' title='bbox 1492 2475 1680 2510; x_wconf 77' lang='grc' dir='ltr'>καταστρέψαι</span> <span class='ocrx_word' id='word_1_874' title='bbox 1693 2476 1744 2512; x_wconf 81' lang='grc' dir='ltr'>τὴν</span> <span class='ocrx_word' id='word_1_875' title='bbox 1769 2477 1858 2510; x_wconf 77' lang='grc' dir='ltr'>πόλιν,</span> 
     </span>
    </p>
   </div>
   <div class='ocr_carea' id='block_1_111' title="bbox 1068 2515 1856 2560">
    <p class='ocr_par' dir='ltr' id='par_1_111' title="bbox 1068 2515 1856 2560">
     <span class='ocr_line' id='line_1_111' title="bbox 1068 2515 1856 2560; baseline 0.011 -19"><span class='ocrx_word' id='word_1_876' title='bbox 1068 2516 1132 2552; x_wconf 73' lang='grc' dir='ltr'>περὶ</span> <span class='ocrx_word' id='word_1_877' title='bbox 1147 2515 1180 2552; x_wconf 77' lang='grc' dir='ltr'>ἧς</span> <span class='ocrx_word' id='word_1_878' title='bbox 1201 2517 1343 2553; x_wconf 79' lang='grc' dir='ltr'>ἐλάλησας.</span> <span class='ocrx_word' id='word_1_879' title='bbox 1365 2528 1373 2544; x_wconf 79' lang='grc' dir='ltr'><strong>ι</strong></span> <span class='ocrx_word' id='word_1_880' title='bbox 1394 2519 1564 2556; x_wconf 79' lang='grc' dir='ltr'>Ἀνεθέλητος</span> <span class='ocrx_word' id='word_1_881' title='bbox 1582 2521 1632 2556; x_wconf 80' lang='grc' dir='ltr'>μὲν</span> <span class='ocrx_word' id='word_1_882' title='bbox 1651 2522 1706 2558; x_wconf 80' lang='grc' dir='ltr'><strong>γὰρ</strong></span> <span class='ocrx_word' id='word_1_883' title='bbox 1720 2522 1761 2558; x_wconf 84' lang='grc' dir='ltr'>τῷ</span> <span class='ocrx_word' id='word_1_884' title='bbox 1787 2524 1856 2560; x_wconf 82' lang='grc' dir='ltr'>Θεῷ,</span> 
     </span>
    </p>
   </div>
   <div class='ocr_carea' id='block_1_112' title="bbox 1068 2561 1858 2604">
    <p class='ocr_par' dir='ltr' id='par_1_112' title="bbox 1068 2561 1858 2604">
     <span class='ocr_line' id='line_1_112' title="bbox 1068 2561 1858 2604; baseline 0.011 -17"><span class='ocrx_word' id='word_1_885' title='bbox 1068 2561 1138 2588; x_wconf 78' lang='grc' dir='ltr'><strong>κατά</strong></span> <span class='ocrx_word' id='word_1_886' title='bbox 1153 2562 1184 2588; x_wconf 83' lang='grc' dir='ltr'>τὸ</span> <span class='ocrx_word' id='word_1_887' title='bbox 1200 2563 1311 2597; x_wconf 79' lang='grc' dir='ltr'>ἀληθὲς,</span> <span class='ocrx_word' id='word_1_888' title='bbox 1326 2565 1342 2599; x_wconf 87' lang='grc' dir='ltr'><strong>ἡ</strong></span> <span class='ocrx_word' id='word_1_889' title='bbox 1356 2564 1467 2597; x_wconf 86' lang='grc' dir='ltr'>τελείως</span> <span class='ocrx_word' id='word_1_890' title='bbox 1483 2565 1533 2592; x_wconf 77' lang='grc' dir='ltr'><strong>οὐκ</strong></span> <span class='ocrx_word' id='word_1_891' title='bbox 1548 2566 1648 2601; x_wconf 83' lang='grc' dir='ltr'>ἔχουσα</span> <span class='ocrx_word' id='word_1_892' title='bbox 1666 2568 1735 2603; x_wconf 85' lang='grc' dir='ltr'>πρὸς</span> <span class='ocrx_word' id='word_1_893' title='bbox 1757 2569 1858 2604; x_wconf 80' lang='grc' dir='ltr'>ἀρετὴν</span> 
     </span>
    </p>
   </div>
   <div class='ocr_carea' id='block_1_113' title="bbox 1068 2608 1858 2647">
    <p class='ocr_par' dir='ltr' id='par_1_113' title="bbox 1068 2608 1858 2647">
     <span class='ocr_line' id='line_1_113' title="bbox 1068 2608 1858 2647; baseline 0.013 -14"><span class='ocrx_word' id='word_1_894' title='bbox 1068 2608 1200 2640; x_wconf 82' lang='grc' dir='ltr'>πολιτεία,</span> <span class='ocrx_word' id='word_1_895' title='bbox 1216 2609 1262 2635; x_wconf 80' lang='grc' dir='ltr'><strong>καὶ</strong></span> <span class='ocrx_word' id='word_1_896' title='bbox 1280 2609 1311 2636; x_wconf 84' lang='grc' dir='ltr'>τὸ</span> <span class='ocrx_word' id='word_1_897' title='bbox 1325 2610 1396 2637; x_wconf 88' lang='grc' dir='ltr'>κατά</span> <span class='ocrx_word' id='word_1_898' title='bbox 1410 2619 1435 2637; x_wconf 84' lang='grc' dir='ltr'><strong>τι</strong></span> <span class='ocrx_word' id='word_1_899' title='bbox 1460 2611 1526 2644; x_wconf 85' lang='grc' dir='ltr'>γοῦν</span> <span class='ocrx_word' id='word_1_900' title='bbox 1542 2612 1674 2647; x_wconf 72' lang='grc' dir='ltr'>ἡττᾶσθαι</span> <span class='ocrx_word' id='word_1_901' title='bbox 1686 2614 1742 2641; x_wconf 85' lang='grc' dir='ltr'>τῶν</span> <span class='ocrx_word' id='word_1_902' title='bbox 1764 2616 1858 2643; x_wconf 84' lang='grc' dir='ltr'>παθῶν</span> 
     </span>
    </p>
   </div>
   <div class='ocr_carea' id='block_1_114' title="bbox 1067 2654 1853 2698">
    <p class='ocr_par' dir='ltr' id='par_1_114' title="bbox 1067 2654 1853 2698">
     <span class='ocr_line' id='line_1_114' title="bbox 1067 2654 1853 2698; baseline 0.014 -19"><span class='ocrx_word' id='word_1_903' title='bbox 1067 2654 1221 2689; x_wconf 73' lang='grc' dir='ltr'>ἀπόϐλητον</span> <span class='ocrx_word' id='word_1_904' title='bbox 1240 2663 1270 2681; x_wconf 87' lang='grc' dir='ltr'><strong>τε</strong></span> <span class='ocrx_word' id='word_1_905' title='bbox 1298 2656 1373 2690; x_wconf 76' lang='grc' dir='ltr'>αὐτῷ</span> <span class='ocrx_word' id='word_1_906' title='bbox 1394 2657 1442 2683; x_wconf 81' lang='grc' dir='ltr'><strong>καὶ</strong></span> <span class='ocrx_word' id='word_1_907' title='bbox 1469 2658 1657 2694; x_wconf 81' lang='grc' dir='ltr'>κατακρίσεως</span> <span class='ocrx_word' id='word_1_908' title='bbox 1673 2661 1702 2687; x_wconf 85' lang='grc' dir='ltr'>οὐ</span> <span class='ocrx_word' id='word_1_909' title='bbox 1734 2663 1853 2698; x_wconf 78' lang='grc' dir='ltr'>μακράν.</span> 
     </span>
    </p>
   </div>
   <div class='ocr_carea' id='block_1_115' title="bbox 1067 2701 1853 2746">
    <p class='ocr_par' dir='ltr' id='par_1_115' title="bbox 1067 2701 1853 2746">
     <span class='ocr_line' id='line_1_115' title="bbox 1067 2701 1853 2746; baseline 0.013 -19"><span class='ocrx_word' id='word_1_910' title='bbox 1067 2701 1141 2736; x_wconf 84' lang='grc' dir='ltr'>Πλὴν</span> <span class='ocrx_word' id='word_1_911' title='bbox 1155 2702 1264 2736; x_wconf 74' lang='grc' dir='ltr'>ἐφίησιν</span> <span class='ocrx_word' id='word_1_912' title='bbox 1276 2703 1308 2729; x_wconf 84' lang='grc' dir='ltr'>ὲκ</span> <span class='ocrx_word' id='word_1_913' title='bbox 1325 2703 1540 2738; x_wconf 79' lang='grc' dir='ltr'>φιλανθρωπίας,</span> <span class='ocrx_word' id='word_1_914' title='bbox 1555 2706 1602 2732; x_wconf 80' lang='grc' dir='ltr'>καὶ</span> <span class='ocrx_word' id='word_1_915' title='bbox 1613 2710 1813 2745; x_wconf 73' lang='grc' dir='ltr'>συμμετρήσας</span> <span class='ocrx_word' id='word_1_916' title='bbox 1823 2712 1853 2746; x_wconf 77' lang='grc' dir='ltr'>τῇ</span> 
     </span>
    </p>
   </div>
   <div class='ocr_carea' id='block_1_116' title="bbox 1067 2748 1853 2792">
    <p class='ocr_par' dir='ltr' id='par_1_116' title="bbox 1067 2748 1853 2792">
     <span class='ocr_line' id='line_1_116' title="bbox 1067 2748 1853 2792; baseline 0.014 -19"><span class='ocrx_word' id='word_1_917' title='bbox 1067 2748 1146 2781; x_wconf 79' lang='grc' dir='ltr'>φύσει</span> <span class='ocrx_word' id='word_1_918' title='bbox 1162 2748 1192 2774; x_wconf 69' lang='grc' dir='ltr'><strong>τὸ</strong></span> <span class='ocrx_word' id='word_1_919' title='bbox 1209 2749 1238 2775; x_wconf 83' lang='grc' dir='ltr'>ὲν</span> <span class='ocrx_word' id='word_1_920' title='bbox 1252 2749 1349 2784; x_wconf 83' lang='grc' dir='ltr'>ἀρχαῖς</span> <span class='ocrx_word' id='word_1_921' title='bbox 1365 2750 1486 2784; x_wconf 77' lang='grc' dir='ltr'>ἐφικτὸν,</span> <span class='ocrx_word' id='word_1_922' title='bbox 1511 2751 1645 2784; x_wconf 85' lang='grc' dir='ltr'>σώζεσθαι</span> <span class='ocrx_word' id='word_1_923' title='bbox 1663 2754 1782 2792; x_wconf 84' lang='grc' dir='ltr'>κελεύει,</span> <span class='ocrx_word' id='word_1_924' title='bbox 1810 2758 1853 2784; x_wconf 69' lang='grc' dir='ltr'>καὶ</span> 
     </span>
    </p>
   </div>
   <div class='ocr_carea' id='block_1_117' title="bbox 1329 2845 1613 2881">
    <p class='ocr_par' dir='ltr' id='par_1_117' title="bbox 1329 2845 1613 2881">
     <span class='ocr_line' id='line_1_117' title="bbox 1329 2845 1613 2881; baseline 0.011 -9"><span class='ocrx_word' id='word_1_925' title='bbox 1329 2846 1351 2862; x_wconf 65' lang='grc' dir='ltr'><strong>εο</strong></span> <span class='ocrx_word' id='word_1_926' title='bbox 1365 2845 1460 2874; x_wconf 68' lang='lat' dir='ltr'><strong>Matth.</strong></span> <span class='ocrx_word' id='word_1_927' title='bbox 1481 2855 1542 2881; x_wconf 63' lang='lat' dir='ltr'><strong>xxv,</strong></span> <span class='ocrx_word' id='word_1_928' title='bbox 1571 2847 1613 2875; x_wconf 66' lang='lat' dir='ltr'><strong>lii.</strong></span> 
     </span>
    </p>
   </div>
  </div>
