1924 3043
70 86 112 113 lSl

463 93 506 120 DE
527 93 747 122 ADORATIONE
767 94 801 122 IN
821 94 958 123 SPIRITU
977 95 1021 123 ET
1042 96 1224 124 VERITATE.
1246 97 1310 124 LIB.
1329 97 1349 124 1.

1667 104 1679 128 1
1684 102 1718 129 8“!

69 142 243 190 μελετῶντας
269 144 317 173 ἔτι
344 148 377 175 τδ
396 149 514 184 ἀγαθὸν,
537 150 616 178 οὔπω
634 160 664 178 τε
687 151 737 187 τὴν
757 152 877 179 ὑπαίτιον

933 152 1088 185 dimetitus,
1101 154 1200 181 salvari
1219 154 1298 190 jubet
1310 162 1359 182 eos
1375 162 1496 190 quoque,
1509 154 1557 190 qui
1581 156 1718 184 meditan-

69 188 161 225 κομιδῇ
190 190 418 229 διαστείχοντας
435 196 558 232 ἀγωγήν.
579 197 658 224 Ἀλλὰ
678 198 725 224 καὶ
749 199 804 230 τοῖς
839 200 879 230 εἰς

69 235 142 263 τοῦτο
158 236 268 272 ἥκουσι
286 240 415 276 μέτρων,
425 242 472 270 καὶ
481 244 520 275 είς
528 243 641 279 ταυτηνί
652 252 682 270 τε
694 244 879 271 εἰσελαύνουσι

69 282 114 318 τὴν
130 283 333 318 κατάστασιν,
350 288 379 314 οὐ
396 288 458 324 δίχα
477 289 566 323 φωτὸς
577 289 624 316 τοῦ
639 289 712 316 Θείου
728 290 775 316 καὶ
785 289 880 326 δᾳδου-

69 329 125 364 χίας
143 329 197 365 τῆς
217 330 340 360 ἀνωθεν
355 335 371 369 ή
390 334 520 371 εἰσδρομὴ
536 335 635 370 γένοιτ’
655 335 698 363 ἄν.
716 345 725 361 ι
748 337 879 364 Ἀνέτειλε

70 377 129 412 γὰρ.
145 385 156 402 ι
174 378 281 413 φησὶν,
304 389 314 406 ε
338 381 353 408 ὁ
367 380 443 416 ἥλιος
464 382 512 409 καὶ
538 382 599 409 Λὼτ
622 382 747 418 εἰσῆλθεν
766 383 806 415 εἰς
826 384 880 419 Ση-

69 422 132 459 γώρ.
156 432 166 449 ι

101 513 208 541 HAAA.
234 514 286 547 Ὠς
303 516 413 552 σφόδρα
426 526 458 552 γε
480 517 514 544 τὰ
526 517 619 544 εἰκότα
635 517 719 553 ἐφηςί

101 559 185 587 ΚΥΡ,
218 561 251 587 '0
268 562 329 596 μὲν
346 560 392 590 οὖν
409 563 552 595 θεσπέσιος
565 563 628 590 Λὼτ
648 564 687 594 είς
705 563 756 599 τὴν
779 562 819 590 ἔτι
835 572 879 599 μι-

70 605 134 641 κρὰν
152 606 264 634 είσέθει
285 609 382 642 πόλιν,
407 610 530 644 ἐφιέντος
547 610 621 646 αὐτῷ
635 610 682 637 τοῦ
701 610 781 638 Θεοῦ·.
803 611 880 646 ἠλέγ-

70 660 128 686 χετο
143 652 174 678 δὲ
192 653 246 679 καὶ
263 654 342 689 πρὸς
356 654 436 682 τοῦτο
454 656 571 692 ἀσθενὴς
592 657 609 692 ἡ
624 656 745 692 ἑπομένη
759 665 788 683 τε
805 655 879 691 αὐτῷ

74 696 118 723 καὶ
134 698 347 727 συνεκθέουσα¹
364 701 442 736 γυνή.
460 710 468 726 ι
493 700 642 737 Ἑπέϐλεψε
665 702 730 737 γὰρ,
753 711 761 728 ι
785 702 877 737 φησὶν,

74 751 82 767 ι
101 744 140 775 είς
159 743 196 770 τὰ
221 745 334 778 ὀπίσω,
359 746 406 773 καὶ
429 746 539 780 ἐγένετο
554 747 641 783 στήλη
661 748 733 780 ἁλός.
753 758 763 774 ι
780 748 834 775 Θὲα
850 748 879 775 δὲ

72 789 108 815 ὃτι
120 788 185 821 νοῦς
200 790 257 825 μὲν
274 792 290 818 ὁ
303 791 429 828 ἀνδρεῖος
442 793 489 819 καὶ
500 793 627 829 φρόνημα
639 794 668 820 τὺ
682 794 814 827 νεανικὸν,
827 794 879 821 κᾶν

73 836 95 861 εἰ
115 836 153 871 μὴ
170 836 295 869 τελείως
312 838 455 873 ἀφικνοῖτο
469 839 550 875 τυχὸν
566 841 606 871 είς
621 840 651 866 τὸ
671 840 787 876 ἀρέσκον
808 840 877 876 Θεῷ,
895 832 918 861 Β

74 882 227 917 κατορθοῦν
237 884 388 919 ἠργμένος
398 885 447 921 τὴν
458 886 568 922 ἀρετὴν,
581 886 638 913 ἀλλ’
650 884 696 913 οὖν
706 887 776 920 ἕξεις
785 886 878 914 παθῶν
890 908 895 912 .

77 931 189 956 ποιεῖται
213 932 293 958 κατὰ
317 932 404 968 βραχὺ
427 933 495 968 πρὸς
508 933 540 960 τὸ
554 934 705 969 ἀμεινόνως
718 933 790 968 ἔχον.
810 933 839 960 ’0
851 933 879 960 δὲ

77 976 189 1012 ἀσθενής
203 986 234 1003 τε
249 979 304 1005 καὶ
319 979 460 1014 ἄνανδρος,
471 976 502 1006 οὗ
518 981 631 1015 σημεῖον
646 981 659 1014 ἡ
674 979 753 1015 γυνὴ,
764 980 823 1011 ταῖς
839 979 879 1011 είς

79 1023 231 1059 φαυλότητα
244 1027 448 1061 μετατροπαῖς,
466 1025 622 1061 ἀχρειοῦται
635 1025 784 1058 παντελῶς.
798 1026 879 1052 Τουτὶ

79 1068 128 1104 γὰρ
147 1067 228 1105 οἶμαι
244 1071 351 1106 δηλοῦν
365 1072 395 1098 τὸ
409 1072 536 1106 γενέσθαι
550 1073 635 1108 στήλη
660 1072 722 1104 ἀλός
732 1081 739 1087 ·
764 1072 833 1108 ὅπερ
846 1072 878 1099 ἂν

82 1117 120 1151 εἴη
140 1117 281 1153 σύμϐολον
298 1119 543 1155 ἀπομαρανθείσης
559 1120 666 1155 φρενὸς,
684 1120 730 1146 καὶ
743 1119 788 1146 νοῦ
810 1120 878 1155 πρὸς

82 1162 237 1199 ἠλιθιότητα
267 1166 439 1200 μεταφοιτᾷν
459 1166 597 1201 κειμένου,
625 1165 672 1193 καὶ
696 1166 736 1197 εἰς
760 1165 878 1201 ἐσχάτην

85 1208 129 1243 ἠδη
142 1217 199 1238 πως
213 1209 401 1244 ἀναισθησίαν
416 1210 578 1244 ἑληλακότος
597 1211 621 1245 (1
626 1218 645 1245 ).
668 1210 879 1245 Ἀπομωρανθὲν

85 1254 108 1280 δὲ
120 1254 148 1280 τὸ
160 1254 240 1287 ἃλας,
255 1256 300 1287 είς
314 1256 389 1282 οὐδὲν
404 1256 525 1291 ἰσχύσειν
541 1256 592 1287 έτι,
608 1256 655 1283 καὶ
668 1256 748 1288 αὐτὸς
759 1256 878 1291 ἔφασκεν

87 1299 195 1335 ίιΣωτήρ
206 1309 212 1315 ·
220 1301 465 1336 ἀχρειωοήσεσθαι
474 1301 503 1328 δὲ
510 1301 660 1334 παντελῶς,
671 1301 723 1334 ἔξω
732 1310 761 1328 τε
771 1302 878 1337 πεμπό-

89 1354 172 1379 μενον,
188 1347 238 1373 καὶ
250 1347 309 1373 ὑπὸ
325 1347 408 1377 πόδας
421 1347 572 1383 ἀνθρώπων
589 1348 793 1383 διεῤῥιμμένον.
816 1348 878 1374 Ἀπ-

89 1392 201 1420 ελιθοῦτο
210 1393 261 1428 μὲν
270 1391 319 1420 οὖν
332 1395 348 1429 ἡ
360 1393 438 1429 γυνὴ,
449 1393 604 1429 προσετίθει
613 1394 640 1421 δὲ
652 1394 702 1421 οὑκ
713 1395 754 1425 εἰς
768 1393 877 1429 μακρὰν

90 1438 116 1464 τὺ
129 1439 218 1465 λεῖπον
235 1440 250 1466 ὁ
266 1439 341 1466 Λώτ.
358 1439 516 1475 Γέγραπται
534 1439 599 1475 γὰρ,
613 1440 654 1466 ὅτι
674 1449 683 1466 ‹
703 1439 797 1475 Ἀνέϐη
816 1439 877 1466 Λὼτ

90 1484 118 1510 ὲκ
131 1483 238 1521 Σηγὼρ,
261 1485 312 1511 καὶ
328 1485 446 1519 ἐκάθητο
459 1485 488 1511 ἔν
511 1484 550 1520 τῷ
566 1484 636 1521 ὖρει,
663 1485 745 1517 αὐτὸς
776 1485 824 1512 καὶ
848 1485 876 1511 at

90 1528 130 1556 δύο
145 1530 299 1566 θυγατέρες
311 1530 396 1557 αὐτοῦ
420 1531 478 1565 μετ’
500 1530 592 1557 αὑτοῦ.
615 1530 803 1566 Ἐφοὸήθησαν
824 1530 878 1566 γὰρ
891 1525 913 1536 ’³

90 1578 246 1613 κατοικῆσαι
262 1579 295 1604 ὲν
311 1578 421 1614 Σηγὼρ,
440 1578 488 1605 καὶ
501 1578 613 1614 ᾤκησαν
636 1578 665 1604 ὲν
683 1577 722 1612 τῷ
739 1576 876 1612 σπηλαίῳ,

92 1623 165 1655 αὐτὸς
191 1624 240 1651 καὶ
266 1625 296 1650 αἱ
323 1624 370 1651 δύο
393 1624 540 1659 θυγατέρες
559 1623 642 1650 αὑτοῦ
667 1623 725 1658 μετ’
752 1623 845 1650 αὑτοῦ.
866 1633 879 1649 ι-

92 1666 194 1702 Πρόεισι
220 1668 278 1704 γὰρ
298 1668 394 1706 ὥσπερ
413 1668 447 1695 δι’
464 1667 639 1704 ἀναϐαθμῶν
660 1668 673 1694 ὁ
689 1668 752 1701 νοῦς
778 1668 825 1695 ἐπὶ
847 1669 878 1695 τὸ

94 1714 146 1748 ἔχον
168 1715 293 1750 ἀρτίως,
318 1715 366 1743 καὶ
399 1715 571 1754 ἀναθρεῦσκει
596 1715 667 1742 κατὰ
696 1716 782 1752 βραχὺ
809 1715 878 1751 πρὸς

94 1760 155 1795 ὅπερ
169 1759 202 1796 ἦν
221 1763 250 1789 ὲν
274 1763 384 1798 ἀρχαῖς,
403 1762 453 1789 οὐκ
471 1762 632 1798 ἐπιτηδείως
647 1762 716 1799 ἔχων
740 1761 802 1789 οὕτε
818 1762 878 1789 λίαν

96 1806 196 1839 ἱκανῶς.
209 1808 325 1844 Πρόεισί
345 1817 375 1835 τε
394 1809 441 1835 καὶ
459 1809 593 1844 ἀναφοιτᾷ
617 1809 686 1844 πρὸς
706 1809 736 1835 τὺ
755 1808 877 1844 ἄμεινον,

96 1854 215 1889 φρονήσει
238 1864 270 1881 τε
294 1856 340 1882 καὶ
365 1855 476 1891 ἀνδρείᾳ
499 1856 533 1891 τῇ
557 1857 729 1891 πνευματικῇ
751 1856 878 1891 καθάπερ

96 1900 158 1926 τισὶν
173 1900 251 1934 ίδίαις
274 1902 441 1937 θυγατράσιν
463 1901 711 1937 ἐπισκηπτόμενος,
733 1903 779 1929 καὶ
803 1902 878 1929 κάτω

97 1954 142 1972 που
156 1948 245 1981 μένειν
267 1949 349 1983 ἀφεὶς
365 1948 395 1975 τὸ
413 1948 552 1984 ήδυπαθές
568 1957 598 1975 τε
616 1949 664 1975 καὶ⁸
684 1948 824 1984 ἄνανδρον,
841 1945 878 1976 ὧν

98 1993 132 2025 είς
145 1994 224 2022 τύπον
245 1997 263 2030 ἡ
282 1996 364 2030 γυνή.
387 1996 520 2022 Κατοικεῖ
535 1995 564 2021 δὲ
586 1994 679 2021 λοιπὸν
702 1995 829 2031 καθάπερ
849 1996 878 2022 ὲν

97 2039 147 2073 δρει
160 2049 188 2067 τε
197 2042 245 2068 καὶ
257 2042 287 2067 ὲν
297 2041 431 2077 σπηλαίῳ·
444 2041 492 2067 τοῦ
510 2040 646 2076 μὲνὸρους
656 2041 724 2075 ἡμῖν
735 2041 765 2067 τὺ
777 2041 878 2075 ὑψηλόν

98 2093 124 2111 τε
136 2086 179 2112 καὶ
194 2087 352 2123 ἐπηρμένον
366 2088 406 2118 εἰς
429 2086 538 2119 εὐεξίαν
551 2086 601 2122 τὴν
618 2087 817 2122 πνευματικὴν,
831 2087 877 2113 τοῦ

98 2131 122 2157 δὲ
137 2133 279 2168 σπηλαίου,
293 2133 324 2160 τὸ
339 2133 462 2168 πεπηγὸς
484 2132 532 2159 καὶ
545 2133 651 2168 ἑδραῖον
662 2133 712 2167 τῆς
726 2133 765 2164 είς
777 2133 878 2168 ἀρετὴν

932 203 976 226 ιιιι·
993 199 1124 226 virtutem
1148 199 1249 233 adhuc,
1267 208 1323 228 non
1346 205 1436 228 tamen
1458 208 1508 236 per
1524 209 1585 229 eam
1605 201 1717 231 vivendi

931 244 1003 272 viam
1022 245 1175 278 ambulant,
1191 253 1252 280 quze
1265 253 1281 273 a
1296 246 1377 281 culpa
1391 246 1471 281 longe
1487 250 1593 274 remota
1609 246 1718 275 sit.Sed

931 290 965 318 iis
972 298 1093 325 quoque,
1112 291 1160 326 qui
1171 291 1204 318 ad
1219 292 1410 321 buncvirtutis
1422 292 1536 329 gradum
1549 293 1674 327 tendunt,
1690 297 1719 321 et

930 336 965 364 ad
976 336 1143 372 hujusmodi.
1152 341 1253 364 statum
1267 337 1467 372 provehuntur,
1480 346 1536 366 non
1547 337 1607 366 sine
1623 338 1719 366 divino

931 382 1045 416 lumine,
1063 390 1246 418 superumque
1271 384 1403 419 lampadis
1423 384 1662 420 praeviofulgore,
1685 391 1719 412 eo

931 428 1037 463 ingredi
1058 428 1203 463 contingit.
1225 438 1234 455 ι
1247 428 1331 456 Ortus
1349 433 1391 456 est
1406 429 1491 463 enim,
1507 439 1517 455 ι
1531 429 1631 466 inquit,
1647 429 1718 463 «sol,

931 478 959 501 et
970 473 1021 500 Lot
1036 473 1177 509 ingressus
1193 478 1235 500 est
1252 473 1348 509 Segor.
1365 483 1374 499 ι

966 519 1066 547 PALL.
1084 519 1170 553 Quam
1189 528 1232 552 ea,
1252 527 1313 554 quae
1326 519 1429 552 dixisti,
1443 520 1593 555 quadram!

965 565 1043 593 CYR.
1062 565 1161 593 Beatus
1175 565 1259 601 igitur
1271 566 1322 593 Lot
1350 566 1379 592 in
1401 566 1528 601 exiguam
1544 567 1635 594 adhuc
1649 566 1717 594 civi-

931 616 1027 645 tatem,
1044 612 1100 639 Deo
1125 612 1320 647 permittente,
1342 617 1384 640 est
1401 612 1560 647 ingressus:
1587 613 1634 640 sed
1658 621 1719 648 qum

929 665 993 685 eum
1015 658 1208 690 comitabatur,
1230 666 1340 693 unaque
1364 658 1488 694 iugiebat
1507 666 1587 691 uxor,
1613 659 1647 686 ad
1668 660 1719 687 hoc

929 711 1039 739 quoque
1067 704 1175 732 inﬁrma
1196 700 1261 732 esse
1289 704 1461 740 deprehensa
1490 710 1542 732 est.
1580 715 1589 731 ‹
1608 705 1720 740 Aspexit

930 750 1015 781 enim,
1028 760 1038 776 ι
1053 749 1152 785 inquit,
1179 760 1187 775 ι
1201 755 1287 783 retro,
1309 751 1376 778 etin
1390 750 1456 778 salis
1467 754 1585 778 statuam
1598 755 1640 778 est
1653 759 1719 778 con-

929 803 1008 822 versa
1024 796 1057 822 ⁹¹.
1094 806 1103 821 ι
1122 796 1317 824 Animadverte
1343 797 1427 833 igitur
1455 797 1578 824 animum
1612 797 1720 824 virilem

930 846 1131 877 strenuumque
1148 850 1270 875 sensum,
1287 851 1349 870 eum
1369 843 1502 871 virtutem
1523 851 1652 871 exercere
1662 851 1719 871 εοε-

930 885 1013 920 perit,
1025 886 1108 913 etiam
1124 886 1146 913 si
1158 887 1192 913 ad
1212 887 1249 920 id,
1268 887 1342 922 quod
1357 887 1413 915 Deo
1436 888 1536 922 placet,
1550 878 1642 915 minus
1655 895 1718 922 per—

929 932 1016 964 venit,
1032 937 1123 960 tamen
1140 933 1275 961 excedere
1294 942 1309 961 e
1324 934 1401 961 vitiis
1430 938 1517 965 certe,
1535 938 1563 961 et
1587 933 1720 968 paulatim

930 978 963 1005 ad
981 979 1173 1013 prmstautiora
1187 979 1315 1015 progredi
1328 989 1334 1006 :
1352 980 1464 1007 atillam
1477 979 1616 1007 inﬁrmum
1627 983 1655 1007 et
1670 987 1722 1014 μ-

930 1031 992 1050 rum
1011 1024 1129 1056 virilem,
1149 1025 1227 1060 cujus
1243 1024 1329 1060 ﬁgura
1351 1029 1393 1052 est
1417 1024 1516 1052 mulier
1531 1024 1598 1052 dum
1620 1023 1654 1051 ad
1669 1032 1720 1060 nej

930 1070 1047 1105 quitiam
1076 1071 1260 1103 convertitur,
1293 1071 1354 1098 ﬁeri
1385 1078 1499 1106 prorsus
1525 1070 1651 1098 inutilem
1668 1078 1675 1097 :
1691 1069 1719 1097 id

929 1116 1003 1144 enim
1021 1117 1178 1152 signiﬁcare
1196 1117 1320 1144 arbitror
1342 1117 1403 1145 ﬁeri
1417 1121 1535 1145 statuam
1552 1117 1627 1150 salis,
1645 1117 1720 1151 quod

929 1169 984 1188 non
1001 1161 1121 1189 absurde
1137 1162 1290 1197 symbolum
1306 1161 1392 1190 fuerit
1407 1162 1547 1189 infatuatae
1565 1162 1676 1194 mentis,
1689 1166 1720 1190 et

929 1207 1025 1239 animi,
1039 1207 1086 1242 qui
1099 1207 1132 1234 ad
1146 1208 1290 1235 stultitiam
1312 1208 1430 1236 transire
1446 1208 1573 1241 voluerit,
1589 1212 1670 1243 atque
1685 1209 1718 1235 ad

928 1256 1086 1280 extremum
1101 1254 1157 1288 jam
1175 1258 1316 1288 stuporem
1331 1254 1498 1288 pervenerit.
1510 1253 1561 1289 31
1581 1253 1626 1281 Sal
1638 1254 1715 1281 enim

930 1299 1092 1327 infatuatum
1118 1300 1153 1327 ad
1177 1299 1298 1327 nihilum
1323 1300 1395 1326 ultra
1421 1300 1525 1332 valere,
1548 1300 1632 1327 ctiam
1661 1300 1719 1335 ipse

930 1344 1055 1372 Salvator
1071 1345 1185 1378 ait;sed
1194 1345 1307 1380 penitus
1323 1345 1422 1373 inutile
1437 1345 1581 1373 ﬁeriforas
1592 1345 1717 1377 missum.

929 1395 956 1419 et
967 1392 1019 1419 sub
1039 1392 1158 1427 pedibus
1173 1393 1316 1420 hominum
1331 1393 1522 1421 conculcatum
1536 1394 1569 1420 ⁹³.
1588 1393 1657 1421 Cum
1669 1394 1719 1421 ita-

928 1445 982 1473 que
1001 1438 1098 1465 mulier
1122 1438 1150 1466 in
1175 1439 1293 1473 lapidem
1323 1439 1422 1467 durata
1447 1443 1530 1473 esset,
1556 1447 1610 1467 non
1632 1440 1719 1467 multo

928 1487 990 1518 post
1006 1483 1067 1516 Lot,
1082 1484 1157 1519 quod
1171 1484 1276 1517 deerat,
1290 1485 1401 1520 adjecit.
1420 1484 1558 1520 Scriptum
1571 1489 1614 1513 est
1633 1486 1717 1513 enim:

933 1538 942 1554 ‹
957 1528 1088 1556 Ascendit
1104 1530 1154 1556 Lol
1168 1538 1200 1556 ex
1213 1531 1306 1565 Segor,
1320 1534 1348 1557 et
1365 1531 1439 1558 sedit
1455 1531 1483 1558 in
1500 1535 1604 1565 monte,
1618 1531 1676 1567 ipse
1691 1537 1720 1560 et

930 1574 990 1601 dua:
1004 1575 1067 1603 ﬁlia:
1086 1576 1146 1611 ejus
1173 1584 1236 1603 cum
1257 1584 1300 1604 co.
1320 1577 1484 1605 Timuerant
1500 1577 1574 1604 enim
1595 1577 1719 1606 habitare

930 1620 958 1647 in
975 1620 1069 1656 Segor,
1082 1626 1110 1648 ct
1126 1622 1322 1649 habitaverunt
1338 1623 1365 1650 in
1377 1623 1507 1658 spelunca
1522 1623 1591 1658 ipse,
1618 1628 1647 1651 et
1657 1623 1718 1652 duae

930 1666 991 1694 ﬁlia:
1010 1668 1072 1702 ejus
1085 1676 1147 1695 eum
1163 1676 1196 1696 eo
1211 1669 1244 1695 ⁵⁸³.
1255 1679 1264 1694 ι
1280 1669 1397 1696 Animus
1410 1669 1485 1696 enim
1502 1669 1578 1696 velut
1592 1677 1642 1704 per
1658 1678 1720 1705 gra-

929 1712 981 1740 dus
996 1714 1172 1749 progreditur
1191 1714 1226 1741 ad
1251 1714 1451 1749 perfectionem
1481 1715 1603 1748 virtutis,
1629 1720 1656 1743 et
1685 1715 1719 1743 ad

929 1767 993 1787 eum
1008 1764 1120 1793 statum,
1138 1760 1172 1788 ad
1187 1769 1273 1796 quem
1282 1761 1317 1788 ab
1336 1761 1416 1789 initio
1426 1762 1537 1796 ineptus
1551 1766 1579 1789 et
1595 1761 1719 1789 inﬁrmus

929 1804 1029 1838 fuerat,
1052 1806 1184 1841 paulatim
1203 1807 1347 1840 ascendit;
1365 1807 1547 1842 proceditque
1564 1811 1593 1835 et
1607 1815 1719 1842 promo-

929 1856 975 1879 vct
997 1852 1024 1879 in
1045 1852 1155 1884 melius,
1181 1853 1328 1888 prudentia
1346 1858 1375 1881 et
1395 1853 1557 1881 fortitudine
1583 1853 1719 1889 spirituali

929 1901 1058 1933 tanquam
1079 1899 1137 1927 suis
1146 1900 1312 1935 quibusdam
1335 1900 1444 1928 ﬁliabus
1468 1901 1560 1933 nixus,
1591 1908 1624 1928 ac
1639 1901 1719 1928 volu—

929 1946 1050 1980 ptarium
1066 1946 1144 1974 illum
1174 1947 1305 1974 aﬁ‘cctum
1321 1952 1350 1975 et
1365 1947 1567 1980 effeminatum,
1585 1948 1664 1983 cujus
1686 1947 1719 1975 ﬁ-

929 1999 997 2026 gura
1011 1996 1054 2019 est
1065 1992 1175 2025 mulier,
1197 1993 1327 2021 deorsum
1348 2001 1460 2021 manere
1481 1994 1585 2021 sinens.
1608 1993 1719 2022 Habitat

929 2038 1029 2065 deinde
1045 2043 1174 2074 tanquam
1195 2039 1224 2066 in
1245 2044 1339 2066 monte
1365 2047 1397 2067 ac
1416 2039 1557 2074 spelunca.
1575 2039 1615 2067 Ac
1640 2048 1720 2068 mons

929 2082 1039 2117 quidem
1057 2083 1255 2111 sublimitatem
1271 2088 1353 2118 atque
1376 2083 1555 2111 eminentiam
1568 2078 1719 2119 spi‘ritualis

930 2128 1048 2162 roboris,
1062 2130 1194 2164 spelunca
1210 2137 1275 2157 vero
1295 2129 1375 2157 ﬁxam
1390 2138 1422 2157 ae
1439 2129 1546 2157 ﬁrmam
1569 2130 1596 2161 in
1617 2131 1719 2159 virtute

99 2175 215 2213 διαμονῆς
225 2178 434 2212 ὑποδηλούντων
450 2176 479 2205 εὖ
497 2177 579 2213 μάλα.
595 2178 751 2212 Γέγραπται
764 2177 818 2212 γὰρ
829 2176 876 2204 ὡδὶ

929 2177 1162 2210 perseverantiam
1183 2176 1286 2211 optime
1311 2176 1477 2212 signiﬁcant.
1501 2176 1548 2205 Sic
1579 2177 1652 2204 enim
1678 2181 1719 2205 est

100 2224 155 2258 περὶ
165 2225 270 2261 ἀνδρῶν
288 2225 413 2259 ἀγαθῶν·
434 2234 443 2251 ι
462 2224 648 2260 Πορευόμενος
664 2225 692 2250 ὲν
707 2223 876 2259 δικαιοσύνῃ,

99 2268 176 2297 λαλῶν
186 2273 292 2299 εὐθεῖαν
308 2271 377 2303 ὁδὸν,
405 2270 492 2306 μισῶν
506 2270 622 2305 ἀνομίαν
635 2269 683 2296 καὶ
694 2269 812 2302 ἀδικίαν,
830 2270 877 2296 καὶ

100 2316 141 2348 τὰς
160 2320 252 2355 χεῖρας
272 2318 467 2352 ἀποσειόμενος
488 2317 542 2344 ἀπὺ
559 2316 663 2351 δώρων,
693 2315 818 2352 βαρύνων
843 2315 877 2342 τὰ

101 2357 158 2395 ὅπα,
170 2364 211 2391 ἴνα
227 2364 266 2400 μὴ
282 2363 386 2399 ἀκούσῃ
403 2363 492 2399 κρίσιν
504 2362 631 2398 αἵματος,
654 2361 790 2397 καμμύων
813 2362 876 2393 τοὺς

102 2407 255 2445 ὀφθαλμοὺς,
273 2411 317 2437 ἵνα
335 2410 371 2445 μὴ
398 2409 440 2446 ῐδῃ
468 2409 588 2440 ἀδικίαν,
616 2404 694 2440 οὗτος
718 2408 823 2443 οἰκήσει
847 2409 875 2434 ὲν

102 2454 183 2491 ὑψηλῴ
202 2456 328 2492 σπηλαίῳ
353 2456 456 2491 πέτρας
474 2456 599 2491 ἰσχυρᾶς,
621 2464 630 2480 ι
652 2453 701 2489 Είη
724 2453 746 2480 δ’
771 2454 804 2481 ἂν
829 2454 876 2481 καὶ

105 2501 188 2537 ἑτέρως
200 2504 250 2530 οὐκ
264 2502 395 2534 ἀπίθανος
413 2503 480 2538 ἡμῖν
497 2503 510 2528 ὁ
532 2501 578 2528 ἐπὶ
593 2500 661 2536 τῷδε
681 2500 768 2535 λόγος.
784 2500 876 2535 Πέτρα

87 2547 90 2570 ‘.
106 2546 146 2579 μὲν
157 2548 206 2584 γὰρ
221 2549 235 2575 ὁ
252 2548 382 2583 Χριστὸς,
397 2547 480 2573 διὰτὸ
493 2546 620 2578 εὐσθενὲς
636 2555 665 2572 τε
688 2547 736 2572 καὶ¹
754 2545 877 2580 ἄτρωτον

90 2625 92 2630 ,
106 2590 146 2625 τῆς
156 2592 279 2620 ἀνωτάτω
289 2592 384 2619 πασῶν
391 2592 494 2625 οὐσίας.
502 2591 637 2627 Σπήλαιον
648 2591 676 2617 δὲ
687 2591 717 2617 τὸ
725 2591 754 2617 ἐν
767 2590 877 2626 Χριστῷ

90 2639 170 2679 ννοοῐϋ
188 2640 218 2666 ἂν
246 2638 441 2675 ήἘκκλησία,
474 2638 503 2664 τὸ
533 2637 586 2664 τῶν
618 2637 703 2671 ἁγίων
720 2636 874 2671 κατάλυμα,

109 2682 150 2709 τῶν
167 2686 346 2713 εὐσεὸούντων
369 2686 386 2721 ὴ
417 2685 514 2719 σκέπη,
535 2684 571 2719 ἢν»
587 2682 743 2711 κατοικοῦσι
764 2682 874 2714 δίκαιοι,

135 2752 151 2768 ³¹
165 2754 226 2783 Gen.
249 2763 306 2787 xtx,
323 2754 368 2782 ‘26.
406 2755 428 2770 "
445 2754 539 2781 Matth.
553 2763 579 2786 v,
597 2754 638 2782 15.

137 2812 167 2848 (Ι)
179 2814 242 2842 Cod.
263 2814 327 2841 Vat.
345 2813 569 2848 κατεπκληκότος,

927 2221 960 2248 de
975 2222 1069 2256 probis
1094 2222 1162 2249 viris
1175 2223 1309 2257 scriptum
1329 2232 1334 2249 :
1356 2233 1365 2248 ι
1377 2222 1429 2255 Qui
1446 2222 1569 2250 ambulat
1585 2223 1613 2249 in
1639 2223 1718 2258 justi-

927 2266 973 2300 tia,
988 2271 1015 2295 et
1030 2268 1154 2303 loquitur
1166 2272 1269 2296 rectam
1288 2268 1379 2301 viain;
1395 2268 1442 2304 qui
1464 2267 1524 2295 odit
1543 2268 1716 2303 injustitiam,

925 2318 954 2342 et
970 2315 1157 2350 iniquitatem,
1187 2321 1216 2344 et
1237 2316 1343 2344 excutit
1365 2322 1463 2343 manus
1492 2322 1508 2342 ο
1530 2315 1714 2348 muneribus;

926 2361 1097 2397 quiobturat
1125 2368 1216 2394 aures,
1232 2369 1267 2388 ne
1292 2362 1386 2389 audiat
1409 2361 1545 2397 judicium
1565 2361 1717 2398 sanguinis,

927 2413 956 2436 et
969 2407 1072 2435 claudit
1086 2408 1192 2440 oculos,
1208 2415 1243 2435 ne
1255 2408 1347 2435 videat
1365 2408 1528 2444 injustitiam
1541 2416 1548 2434 τ
1563 2408 1609 2437 hic
1638 2408 1718 2435 habi-

928 2453 998 2481 tabit
1014 2453 1042 2480 in
1061 2452 1172 2479 sublimi
1193 2453 1324 2487 spelunca
1345 2458 1430 2488 petrae
1451 2453 1579 2482 ﬁrmae".
1593 2463 1602 2479 ι
1618 2453 1717 2481 Aﬁ'erri

929 2504 1020 2527 autem
1037 2503 1065 2527 et
1094 2499 1147 2526 alia
1172 2498 1259 2533 possit
1278 2499 1387 2527 anobis
1411 2508 1467 2528 non
1492 2500 1611 2528 absurda
1636 2500 1718 2535 hujus

930 2545 983 2572 loci
999 2544 1231 2579 expositi0.Petra
1246 2544 1357 2579 quidem
1368 2545 1495 2573 Christus
1505 2549 1547 2573 est
1560 2546 1594 2579 ⁸⁵,
1606 2551 1717 2581 propter

930 2590 1037 2617 ﬁrmam
1051 2590 1125 2617 illam
1142 2594 1170 2617 et
1187 2590 1318 2617 invictam
1342 2599 1477 2626 supremae
1502 2592 1626 2619 omnium
1654 2591 1719 2619 sub-

929 2636 1036 2664 stantia:
1056 2640 1193 2663 naturam.
1215 2636 1300 2664 Porro
1322 2637 1453 2672 spelunca
1478 2637 1534 2670 illa,
1557 2637 1585 2665 in
1608 2637 1718 2665 Christo

929 2682 1044 2718 intelligi
1064 2686 1154 2717 potest
1179 2682 1312 2715 Ecclesia,
1342 2691 1441 2716 nempe
1463 2683 1531 2711 illud
1560 2688 1716 2711 sanctorum

677 2754 699 2770 ’³
715 2753 788 2781 Gen.
800 2760 853 2785 xxx,
866 2751 899 2780 50
950 2752 972 2769 ”
987 2752 1038 2780 Isa.
1056 2761 1148 2785 χχχιιι,
1164 2752 1262 2786 15,16.
1300 2752 1323 2768 ⁸⁵
1340 2751 1420 2780 lCor.
1433 2760 1460 2786 χ,
1472 2752 1498 2779 4.
