1924 3043
216 91 266 119 185

722 87 749 115 S.
771 87 908 115 CYltlLLl
927 86 1162 115 ALEXANDle
1179 87 1338 115 ARCHIEP.

1794 90 1849 116 {8‘

213 147 355 175 bombum
372 149 563 180 diversorium,
582 147 744 182 piorumque
770 151 884 178 tectum,
899 146 926 173 in
941 154 995 180 quo

1052 146 1093 172 καὶ
1120 146 1172 182 μὴν
1185 146 1242 173 ὅσοι
1271 147 1320 182 τὴν
1347 146 1391 173 διὰ
1407 147 1492 182 πυρὸς
1529 148 1728 183 παραιτοῦνται
1750 147 1848 183 δίκην.

212 193 277 228 justi
298 193 349 220 viri
360 193 494 225 habitant,
505 196 533 220 et
552 193 710 228 quicunque
732 193 805 229 ignis
830 195 996 230 supplicium

212 239 344 267 evadunt.

248 284 345 311 PALL.
357 283 442 317 Quam
463 285 592 318 pmclare
610 286 678 313 mihi
693 286 796 314 habere
818 287 927 315 videtur
940 288 998 315 hate

211 330 362 364 expositio!
381 329 434 357 Sed
452 331 533 357 velim
553 332 682 366 equidem
702 333 764 360 aliis
788 335 998 369 quamplurimis

212 373 421 407 probationibus
434 380 596 409 praesentem
617 376 707 404 locum
718 385 733 404 a
749 382 775 405 te
794 379 908 406 versari.
929 379 997 406 Nam

211 419 239 446 id
259 419 327 446 velle
340 420 421 455 plene
434 428 611 456 cognoscere,
632 423 705 458 quod
725 424 792 452 utile
802 429 854 457 est,
873 433 923 460 ego
933 425 996 460 qui-

210 464 272 491 dem
288 465 400 499 plurimi
413 465 537 494 fecerim.

245 508 326 537 CYR.
351 510 445 545 Atqui,
466 512 578 546 Palladi,
605 518 633 541 et
657 516 836 550 congruentia
852 516 931 544 dicis.
949 517 998 545 Est

209 555 294 588 enim,
311 561 342 583 ut
354 557 463 591 opinor,
478 566 512 585 ea
526 567 570 586 res
581 561 681 587 mentis
697 561 777 597 longe
787 562 998 592 studiosissime

210 601 327 633 fructus,
347 607 381 632 et.
391 611 451 631 mea
472 605 561 632 oratio
585 607 729 641 segnitiem
754 615 865 635 omnem
893 610 997 643 vincet,

209 648 339 681 quoniam
353 657 387 676 ne
404 649 472 676 mihi
499 651 610 685 quidem
633 652 684 687 ipsi
709 661 818 688 mquum
837 655 948 682 videtur
970 657 996 684 in

211 697 265 720 tam
281 694 419 728 praeclaris
442 700 552 731 tantque
565 697 698 732 jucundis
710 701 887 728 sermonibus
913 702 997 729 silen-

211 740 291 772 tium,
313 741 337 767 si
362 741 518 777 importune
535 743 689 779 irrepserit,
710 749 813 774 tenere.
839 747 892 782 32
913 749 998 784 igitur

211 786 239 812 in
257 787 416 815 universum
434 789 617 824 omnibusque
634 791 724 819 modis
733 792 767 819 ab
781 792 935 826 affectione,
953 802 997 821 so-

210 833 366 868 cietateque
377 834 537 862 vitiosarum
555 843 657 868 rerum,
666 837 756 872 quoad
777 846 821 865 res
832 839 945 873 patitur,
957 847 999 867 se-

206 878 381 913 junctosnos
403 888 464 908 esse
489 885 635 916 oportere:
654 883 805 916 quinetiam
832 891 887 911 non
917 884 998 912 aliter

209 925 291 952 nobis
303 933 382 960 posse
397 927 565 961 contingere,
583 932 613 954 ut
623 928 656 954 ad
671 929 801 956 virtutem
815 938 997 964 recurramus,

209 979 291 1006 quam
307 972 360 1000 hoc
375 973 435 1008 ipso
453 973 546 1006 modo,
567 982 622 1008 quo
645 974 775 1007 diximus,
803 976 862 1003 sine
877 977 933 1004 ullo
948 986 998 1005 ne-

194 1018 288 1053 ,gotio
313 1019 573 1054 eontemplabimur,
594 1020 617 1046 si
635 1020 735 1048 mentis
755 1021 851 1048 oculos
870 1022 997 1056 injecrri-

209 1071 272 1090 mus
294 1067 350 1091 tum
365 1064 393 1091 in
412 1072 443 1092 ea
470 1073 531 1100 quae
562 1065 643 1092 beato
667 1066 782 1094 Abraha:
810 1067 994 1103 contigerunt,

210 1114 267 1137 tum
280 1118 342 1145 qua:
355 1111 382 1138 in
399 1111 475 1138 exitu
498 1112 618 1139 ﬁliorum
646 1112 731 1140 lsrael
748 1113 936 1142 admirabilius
950 1123 998 1150 ge-

208 1160 250 1183 sta
263 1161 336 1188 sunt,
357 1164 439 1191 quam
455 1161 486 1184 ut
498 1158 624 1185 oratione
639 1159 771 1194 explicari
794 1160 910 1194 possint,
935 1169 997 1188 cum

208 1202 267 1229 suis
280 1203 460 1238 temporibus,
479 1203 600 1232 effractis
617 1204 735 1240 Egyptii
760 1206 917 1235 dominatus
939 1208 998 1235 vin-

209 1248 290 1280 culis,
310 1253 375 1276 sunt
384 1249 497 1284 egressi.

243 1294 343 1321 PALL.
358 1295 518 1331 Exsequere
536 1296 621 1331 igitur
635 1297 742 1333 singula
761 1306 768 1325 :
793 1299 833 1327 sic
856 1300 930 1327 enim
950 1300 999 1327 ha-

210 1340 285 1373 beto,
299 1341 445 1369 maximam
461 1346 487 1369 te
508 1343 591 1370 nobis
611 1344 781 1379 voluptatem
800 1345 958 1379 allaturum,
974 1347 997 1374 si

211 1386 238 1414 id
258 1386 349 1414 facere
361 1395 507 1423 aggressus
521 1389 617 1417 fueris.

245 1433 324 1461 ΟΥΕ.
336 1434 501 1463 Dicebamus
519 1435 624 1471 itaque,
642 1437 752 1464 beatum
772 1438 910 1466 Abraham
934 1447 997 1467 eum

210 1480 282 1507 fame
295 1481 433 1515 quondam
447 1482 623 1515 intolerabili,
636 1487 663 1510 et
677 1485 891 1512 necessariarum
905 1493 997 1513 rerum
1012 1497 1033 1526 ε

211 1526 304 1561 inopia
340 1531 526 1561 premeretur,
546 1536 601 1556 non
619 1534 715 1564 sponte
729 1530 763 1557 ad
789 1530 928 1566 Egyptios
953 1532 1001 1558 de-

210 1571 361 1604 scendisse,
379 1573 427 1600 sed
447 1575 603 1601 necessitati
624 1575 812 1603 succubuisse.
848 1576 926 1604 Hune
948 1577 1000 1605 ho—

209 1616 310 1651 spitem
322 1622 350 1644 et
365 1618 499 1645 advenam
513 1620 646 1647 molestiis
656 1621 750 1648 multis
759 1625 787 1648 et
801 1622 910 1656 injuriis
926 1623 999 1650 Pha—

210 1669 259 1689 rao
273 1663 390 1690 vexavit.
412 1664 479 1691 Nam
507 1665 580 1692 illius
606 1667 750 1701 conjugem
775 1666 877 1694 violare
902 1668 998 1700 voluit,

209 1709 407 1745 intemperanti
420 1711 534 1739 libidine
547 1712 580 1739 ad
593 1713 743 1747 turpissimi
756 1712 848 1749 ﬂagitii
861 1714 998 1749 cupidita—

210 1760 265 1783 tem
280 1756 418 1784 incensus.
436 1757 466 1784 ld
489 1766 572 1793 porro
595 1763 626 1786 ut
645 1758 776 1791 eﬂiceret,
795 1768 850 1787 non
875 1761 999 1795 permisit

208 1801 290 1828 Dens.
311 1812 319 1827 ι
337 1802 493 1838 Flagellavit
507 1804 591 1836 enim,
607 1814 616 1830 ι
633 1804 733 1839 inquit,
747 1815 756 1831 ι
770 1805 940 1834 Pharaonem
952 1806 1000 1834 ila-

208 1846 286 1880 gellis
296 1847 422 1875 maximis
433 1853 544 1884 propter
556 1849 650 1876 Saram
664 1858 776 1877 uxorem
791 1850 926 1878 Abraham
938 1852 971 1878 ³⁸.
986 1862 995 1877 ι

208 1892 257 1919 list
279 1897 371 1921 autem
400 1894 507 1922 Pharao
530 1895 616 1930 ﬁgura
644 1900 726 1930 atque
748 1896 836 1931 imago
856 1897 999 1924 diabolicae

208 1936 444 1974 intemperantiae;
467 1941 495 1967 id
522 1941 596 1968 enim
620 1941 666 1968 ille
696 1946 815 1976 spectat,
837 1943 865 1969 in
882 1951 998 1978 eamque

207 1993 266 2013 rem
279 1987 353 2014 omni
374 1987 467 2014 studio
488 1987 635 2020 incumbit,
655 1991 684 2014 ut
709 1987 736 2014 in
754 1992 910 2015 sanctorum
925 1989 998 2016 viro-

206 2040 269 2060 rum
282 2037 388 2060 mentes
409 2033 515 2060 semina
535 2041 591 2060 suae
605 2033 774 2068 impuritatis
800 2034 936 2066 infundat,
967 2039 997 2062 ut

207 2079 247 2116 illi
260 2083 403 2114 exoptatos
423 2080 617 2115 jucundosque
639 2079 746 2106 fruetus
765 2080 887 2114 pariant:
906 2081 924 2107 ii
946 2089 996 2108 au-

208 2130 264 2153 tem
291 2129 366 2159 sunt,
399 2130 430 2153 ut
449 2126 563 2161 opinor,
582 2126 741 2152 .variorum
768 2125 996 2162 diversorumque

1084 289 1185 316 HAAA.
1206 289 1249 321 Ὠς
1262 287 1325 324 εὖγε
1336 290 1412 324 ἡμῖν,
1424 286 1446 316 ὦ
1457 290 1516 321 τᾶν,
1528 290 1542 316 ὁ
1557 289 1635 323 λόγος
1648 288 1714 323 ἕχειί
1734 287 1851 315 Βουλαί-

1052 344 1104 370 μην
1119 335 1141 362 δ’
1155 335 1189 362 ἂν
1210 335 1298 370 ἔγωγε
1314 335 1362 362 καὶ
1378 335 1411 361 δι’
1429 335 1531 371 ἑτέρων
1549 335 1620 361 ὅσων
1640 336 1707 370 ἡμῖν
1731 333 1852 361 ἀποδεί-

1048 382 1115 414 ξεων
1125 382 1192 408 ίέναι
1204 382 1235 408 τὸ
1250 381 1408 417 γύμνασμα.
1423 381 1459 408 Τὸ
1471 383 1524 417 γάρ
1536 390 1576 408 τοι
1589 381 1676 416 φιλεῖν
1694 381 1852 414 ἐξεπίστα-

1049 428 1110 455 «ea:
1127 429 1261 461 πλουσίως
1281 429 1312 455 τὸ
1338 428 1433 455 τελοῦν
1448 429 1489 460 εἰς
1507 428 1611 464 ὄνησιν,
1633 429 1788 464 οίησαίμην
1814 425 1852 453 ἂν

1048 473 1135 508 ἔγωγε
1150 474 1197 500 τοῦ
1215 473 1315 506 παντὸς
1330 473 1414 505 ἄξιον.

1083 520 1165 547 ΚΥΡ.
1180 520 1235 546 Καὶ
1250 519 1313 556 μὴν,
1326 516 1498 552 ὧΠαλλάδιε,
1511 520 1546 546 τά
1559 528 1590 553 γε
1604 519 1697 546 είκάτα
1710 520 1776 555 φής.
1792 518 1851 553 Eii]

1048 565 1102 601 γὰρ
1124 565 1157 592 ἂν
1169 565 1287 597 διανοίας
1305 567 1372 601 ἡμῖν
1386 567 1435 599 τῆς
1447 566 1487 597 εἰς
1499 566 1539 592 ὅτι
1553 565 1670 601 μάλιστα
1688 565 1851 600 φιλομαθε-

1049 612 1151 648 στάτης
1163 611 1192 639 τὸ
1206 612 1301 648 χρῆμα
1319 611 1436 648 καρπὸς,
1450 611 1529 638 δκνου
1555 611 1584 638 δὲ
1607 611 1726 646 ἀμείνων
1740 611 1755 637 ὁ
1772 611 1853 646 πρῦς

1048 658 1126 694 ἡμῶν
1147 657 1222 684 ἔσται
1239 657 1327 691 λόγος,
1340 657 1370 683 οὐ
1384 657 1413 683 τὸ
1429 657 1495 684 αὐτό
1511 665 1556 692 μοι
1569 657 1673 689 δοκοῦν,
1691 657 1749 688 τοῖς
1769 656 1853 683 οὕτω

1048 704 1186 740 λαμπροῖς
1206 704 1254 730 καὶ
1279 702 1449 739 ἀξιεράστοις
1470 702 1632 738 διηγήμασι,
1657 702 1708 738 τὴν
1733 702 1785 729 οὐκ
1818 702 1853 728 ἐν

1049 750 1137 786 καιρῷ
1150 750 1399 786 παρειστρέχουσαν
1409 750 1564 785 ἐπασκῆσαι
1578 750 1667 785 σιγήν.
1680 749 1788 776 Οὐκοῦν
1803 749 1851 775 ὅτι

1049 796 1097 830 τῆς
1112 797 1179 831 πρὸς
1190 796 1224 822 τὰ
1244 795 1333 830 φαῦλα
1348 795 1495 827 suosque;
1505 804 1535 822 τε
1553 795 1600 822 καὶ
1619 795 1764 826 κοινωνίας
1784 796 1850 822 εἰσ-

1049 842 1121 868 ἀπαν
1136 849 1165 867 τε
1177 841 1223 868 καὶ
1233 841 1387 875 ὀλοτρόπως
1402 841 1639 875 ἀποσχοινίζεσθαι
1646 840 1704 876 χρὴ
1722 841 1798 868 κατὰ
1816 841 1850 867 τὸ

1049 886 1204 921 ἐγχωροῦν·
1225 887 1272 913 καὶ
1289 887 1342 922 μὴν
1353 887 1393 913 ὃτι
1410 886 1441 913 τὸ
1463 887 1590 922 ἀναθρεῖν
1614 887 1745 914 δύνασθαι
1772 887 1850 922 πρὸς

1048 933 1159 968 ἀρετὴν,
1184 933 1352 967 προσγένοιτ’
1374 932 1406 959 ἂν
1425 933 1473 967 οὐχ
1487 933 1598 968 ἑτέρως,
1619 933 1634 969 ἢ
1654 933 1724 960 κατὰ
1745 934 1848 960 τοῦτον

1048 979 1130 1005 αὐτὸν
1146 978 1192 1004 τὸν
1209 979 1320 1014 τρόπον,
1331 979 1448 1012 ἀπονητὶ
1461 978 1646 1014 Θεωρήσομεν,
1658 979 1707 1015 τῆς
1719 979 1848 1011 διανοίας

1049 1024 1094 1050 τὸν
1107 1024 1245 1059 ὀφθαλμὸν
1263 1024 1380 1056 ὲνιέντες
1404 1023 1433 1051 εὗ
1450 1024 1534 1058 μάλα,
1558 1025 1604 1052 καὶ
1625 1027 1681 1056 τοῖς
1699 1025 1772 1052 κατὰ
1794 1025 1848 1051 τὸν

1049 1069 1193 1096 θεσπέσιον
1212 1070 1349 1105 Ἀὖραὰμ,
1375 1070 1423 1096 καὶ
1438 1072 1493 1102 τοῖς
1511 1070 1581 1105 ὑπὲρ
1597 1070 1675 1104 λόγον
1691 1070 1848 1105 κατωρθω-

1051 1116 1141 1150 μένοις
1152 1116 1198 1142 ὲπὶ
1215 1117 1248 1151 τῇ
1263 1115 1346 1150 ἐξόδῳ
1358 1115 1413 1141 τῶν
1432 1115 1462 1147 ἐξ
1484 1115 1602 1150 Ἰσραὴλ,
1619 1116 1652 1150 ἢν
1674 1116 1847 1151 πεποίηνται

1048 1161 1120 1189 κατὰ
1134 1163 1247 1196 καιροὺς
1264 1162 1315 1197 τῆς
1336 1162 1492 1195 Αἰγυπτίων
1513 1162 1680 1195 πλεονεξίας,
1701 1161 1737 1188 τὰ
1752 1161 1846 1197 δεσμὰ

1047 1207 1253 1244 διαρρήξαντες.

1083 1299 1188 1325 ΠΑΛΔ.
1206 1297 1294 1333 Φράζε
1307 1297 1339 1333 δὴ
1357 1294 1405 1324 οὖν
1424 1297 1476 1324 ἀνὰ
1499 1299 1590 1333 μέρος.
1611 1297 1654 1329 Ὠς
1676 1295 1706 1323 εὖ
1728 1296 1786 1323 ἴσθι
1801 1305 1844 1322 τοι

1049 1344 1183 1375 πλουσίως
1196 1344 1270 1379 ἡμᾶς
1281 1344 1443 1379 εὐφραίνων,
1458 1345 1481 1370 εί
1497 1343 1562 1379 δρᾷν
1575 1344 1645 1370 ἕλοιο
1661 1343 1753 1373 ταυτί,

1084 1432 1167 1460 ΚΥΡ.
1189 1432 1336 1469 Ἐλέγομεν
1352 1433 1453 1465 τοίνυν,
1469 1433 1506 1464 ὡς
1527 1432 1658 1468 ἀφορήτῳ
1674 1432 1739 1458 ποτὲ
1756 1431 1843 1467 λιμῷ,

1049 1480 1097 1506 καὶ
1111 1481 1171 1512 ταῖς
1187 1479 1243 1506 τῶν
1266 1479 1422 1514 ἀναγκαίων
1445 1479 1560 1510 ἐνδείαις
1585 1478 1807 1514 ὲκπεπιεσμένος
1829 1480 1845 1505 ό

1050 1527 1193 1558 θεσπέσιος
1225 1527 1361 1561 Ἀϐραὰμ,
1392 1527 1423 1552 οὐ
1449 1526 1564 1561 θελητὴν
1590 1527 1709 1552 ἐποιεῖτο
1725 1525 1777 1560 τὴν
1802 1526 1844 1556 είς

1049 1572 1187 1606 Αἴγυπτον
1203 1571 1324 1605 κάθοδον,
1335 1572 1382 1598 καὶ
1397 1573 1457 1603 ταῖς
1470 1572 1604 1606 ἀνάγκαις
1614 1572 1699 1598 ἐδίδου
1713 1572 1840 1606 κρατεῖν.

1049 1618 1130 1645 Ξένον
1141 1618 1169 1644 δὲ
1185 1618 1249 1644 ὄντα
1265 1619 1311 1644 καὶ
1328 1618 1439 1653 ἔπηλυν,
1458 1618 1557 1650 λύπαις
1572 1619 1619 1644 καὶ
1640 1617 1813 1649 πλεονεξίαις
1828 1617 1844 1643 ὁ

1048 1663 1149 1699 Φαραὼ
1166 1663 1340 1698 κατῃκίζετο.
1356 1663 1411 1699 Τὴν
1421 1663 1474 1697 γάρ
1488 1671 1529 1689 τοι
1543 1662 1750 1698 συνῳκισμένην
1764 1661 1843 1697 αὐτῷ

1050 1708 1199 1744 παραλύειν
1225 1708 1330 1743 ἢθελεν,
1349 1708 1454 1743 ἡδοναῖς
1478 1708 1607 1744 ἀκράτοις
1623 1709 1840 1744 ἐκκεκαυμένος,

1049 1755 1089 1786 εἰς
1103 1755 1300 1790 αἰσχρουργίας
1322 1755 1424 1789 ἔφεσιν.
1444 1755 1622 1790 Κατορθῶσαι
1634 1755 1661 1781 δὲ
1679 1755 1769 1788 τοῦτο,
1791 1757 1841 1782 οὐκ

1048 1799 1125 1834 ἠφίει
1149 1799 1225 1831 Θεὸς.
1245 1809 1254 1825 ‹
1274 1800 1375 1826 Ἤτασε
1405 1800 1470 1835 γὰρ,
1497 1810 1506 1825 ι
1523 1801 1600 1835 φησι,
1629 1810 1638 1825 σ
1663 1800 1709 1827 τὸν
1738 1799 1840 1836 Φαραὼ

1049 1847 1176 1880 ὲτασμοίς
1213 1845 1341 1880 μεγάλοις
1378 1847 1443 1882 περὶ
1472 1847 1579 1882 Σάρρας
1618 1846 1667 1881 τῆς
1708 1847 1839 1880 γυναικω

1055 1892 1189 1927 Ἀϐραάμ.
1208 1902 1216 1917 ι
1237 1891 1326 1918 Είκὼν
1340 1892 1368 1919 δὲ
1383 1893 1429 1918 καὶ
1445 1892 1530 1924 τύπος
1545 1894 1559 1919 ὀ
1572 1892 1671 1928 Φαραὼ
1681 1892 1839 1927 διαϐολικῆς

1048 1937 1193 1973 ἀκρασίας.
1210 1938 1314 1969 Σκοπὸς
1341 1938 1395 1973 γὰρ
1413 1939 1509 1973 ἐκείνῳ
1525 1938 1572 1964 καὶ
1591 1939 1645 1964 τῶν
1661 1938 1702 1965 ὅτι
1720 1938 1839 1973 μάλιστα

1048 1983 1312 2019 διεσπουδασμένων,
1329 1984 1359 2010 τὸ
1375 1984 1421 2010 καὶ¹
1442 1985 1501 2016 ταῖς
1519 1984 1573 2010 τῶν
1591 1984 1674 2018 ἁγίων
1696 1984 1838 2010 συνέσεσιν

1049 2029 1149 2056 ἐνιέναι
1160 2030 1247 2064 φιλεῖν
1256 2030 1304 2064 τῆς
1320 2030 1431 2065 ἐνούσης
1440 2029 1514 2065 αὺτῷ
1522 2029 1691 2066 ἀκαθαρσίας
1702 2029 1736 2056 τὰ
1753 2030 1838 2066 σπέρ-

1050 2085 1133 2111 ματα,
1150 2076 1187 2108 ὡς
1203 2076 1234 2102 ἂν
1253 2076 1355 2102 ἕλοιντο
1377 2077 1560 2111 καρποφορεῖν
1575 2076 1609 2102 τὰ
1625 2076 1699 2112 αὺτῷ
1718 2076 1784 2110 φίλα
1807 2085 1838 2102 τε

1048 2124 1095 2149 καὶ
1110 2122 1170 2149 καθ’
1188 2122 1296 2158 ἡδονήν.
1315 2120 1375 2148 Εἶεν
1391 2122 1413 2148 δ’
1430 2122 1462 2149 ἂν
1478 2120 1556 2157 οἶμαι
1570 2123 1660 2155 ταυτὶ,
1677 2123 1712 2149 τὰ
1724 2124 1765 2154 είς
1785 2132 1836 2149 σιο-

207 2175 382 2205 peecatorum
396 2171 521 2198 erimina.
534 2171 622 2205 Atque
636 2170 711 2198 illius
724 2170 836 2205 quidem
850 2171 875 2198 vi
905 2176 933 2199 et
952 2173 996 2199 in-

1052 2169 1181 2201 λύτροπον
1204 2169 1339 2204 ἁμαρτίαν
1359 2169 1530 2203 ἐγκλήματα.
1549 2168 1604 2195 Καὶ
1618 2168 1693 2204 ἁλοίη
1717 2169 1766 2203 μὲν
1782 2169 1837 2201 πᾶς

204 2217 277 2252 juria
291 2224 374 2244 nemo
393 2224 448 2244 non
468 2221 624 2251 caperetur,
637 2219 666 2243 et
689 2217 732 2243 vel
750 2217 847 2244 nolens
870 2225 997 2245 succum-

208 2262 288 2289 beret
314 2262 422 2296 (natura
441 2270 561 2296 namque
587 2266 683 2289 nostra
705 2262 865 2291 inﬁrmitate
892 2264 994 2291 virium

207 2308 335 2344 laborat),
352 2308 405 2336 nisi
421 2308 454 2335 id.
464 2308 579 2336 minime
597 2309 771 2343 permitteret
782 2309 872 2342 Deus;
888 2314 916 2337 et
933 2310 995 2337 illos

207 2355 339 2381 adversus
356 2359 466 2382 sanctos
478 2354 551 2382 viros
565 2359 688 2387 conatus,
701 2363 732 2382 ac
746 2355 855 2390 maligni
870 2356 943 2383 illius
954 2357 996 2383 in-

208 2400 292 2427 sidias
303 2400 453 2427 cohiberet.
469 2400 522 2428 Sed
551 2408 605 2428 non
630 2401 681 2428 alia
706 2403 811 2429 ratione
836 2402 996 2437 contigisset

207 2446 289 2473 beato
301 2445 417 2474 Abrahae
432 2447 476 2474 illa
492 2447 664 2474 incommoda
675 2447 772 2479 vitare,
787 2448 840 2474 nisi
855 2447 995 2484 [Egyptia-

209 2499 270 2518 rum
283 2492 394 2526 regione
414 2492 525 2525 relicta,
546 2493 580 2520 ad
600 2497 722 2520 veterem
746 2493 823 2519 illum
846 2493 994 2528 divinoque

209 2545 323 2564 munere
347 2545 507 2565 concessum
542 2539 589 2566 Dei
623 2539 713 2566 locum
739 2540 914 2571 revertisset,
941 2547 996 2574 quo

209 2587 386 2617 posteaquam
404 2583 540 2618 pervenit,
566 2585 639 2611 omni
661 2593 727 2611 cura
750 2592 864 2616 vacuus,
885 2585 996 2619 optimis

207 2629 307 2655 studiis
323 2636 433 2663 operam
446 2630 531 2657 dedit.
545 2631 591 2658 Sic
605 2631 678 2658 enim
694 2631 827 2665 scriptum
843 2635 885 2658 est
900 2641 905 2657 :
924 2642 931 2655 ι
944 2631 996 2658 As—

208 2673 303 2701 cendit
327 2679 418 2700 autem
435 2674 571 2701 Abraham
598 2683 630 2701 ex
655 2674 782 2709 lEgypto,
806 2675 863 2709 ipse
886 2678 914 2702 et
929 2682 998 2701 uxor

207 2720 278 2754 ejus,
293 2724 320 2746 et
331 2720 421 2747 omnia
433 2721 502 2755 ejus.
533 2725 560 2748 et
582 2720 633 2748 Lot
651 2728 713 2747 cum
734 2728 767 2748 co
796 2721 824 2748 in
844 2720 994 2748 desertum.

247 2809 270 2824 "
281 2809 348 2838 Gen.
359 2816 382 2843 ι,
401 2810 442 2841 l2.
461 2810 502 2838 l7.

1049 2223 1091 2246 τις
1102 2212 1158 2246 οὖν,
1173 2215 1219 2241 καὶ
1227 2215 1275 2248 οὐχ
1287 2213 1357 2240 ἑκὼν
1367 2214 1540 2240 ὑποκείσεται
1555 2215 1615 2245 ταῖς
1625 2213 1730 2240 ἐκείνου
1741 2214 1836 2241 πλεον-

1049 2259 1145 2292 εξίαις.
1164 2260 1246 2286 Nocti
1261 2260 1315 2295 γὰρ
1333 2260 1350 2295 ἡ
1368 2260 1449 2294 φύσις
1465 2259 1497 2286 τὸ
1509 2259 1619 2293 ἄναλκι,
1638 2261 1730 2295 ἐφίησι
1747 2261 1835 2296 γεμὴν

1048 2306 1106 2333 οῠτι
1121 2315 1172 2333 που
1189 2306 1266 2338 Θεὸς,
1290 2306 1475 2342 ἀνασειράζων
1496 2306 1596 2341 τρόπον
1623 2307 1683 2333 τινὰ
1707 2307 1740 2333 τὰ
1765 2307 1836 2334 κατὰ

1048 2353 1102 2379 τῶν
1115 2353 1199 2386 ἁγίων
1219 2353 1431 2388 ἐπιχειρήματα,
1449 2353 1496 2379 καὶ
1510 2353 1557 2378 τοῦ
1574 2354 1691 2388 πονηροῦ
1706 2354 1755 2385 τὰς
1777 2355 1836 2380 ἑπι-

1049 2398 1156 2429 6ουλάς.
1172 2397 1332 2432 Συμόἑὸηκε
1346 2397 1373 2423 δὲ
1383 2398 1431 2432 οὐχ
1443 2398 1544 2432 ἑτέρως
1552 2398 1690 2433 διαδράναι
1700 2399 1735 2425 τὰ
1749 2399 1834 2436 βλάϐη

1048 2444 1092 2471 τὸν
1109 2443 1251 2469 θεσπέσιον
1276 2443 1411 2478 ’Δδραάμ,
1436 2443 1460 2468 εἰ
1476 2443 1523 2479 μὴ,
1540 2443 1587 2480 τὴν
1606 2444 1660 2470 τῶν
1679 2445 1834 2479 Αἰγυπτίων

1047 2491 1136 2525 ἀφεὶς,
1151 2490 1218 2526 πρὸς
1231 2489 1275 2516 τὸν
1286 2491 1315 2516 ὲν
1330 2491 1400 2526 ἀρχῇ
1415 2491 1463 2516 καὶ
1477 2490 1616 2517 Θεόσδοτον
1632 2491 1834 2528 ἀναπεφοίτηκε

1045 2537 1143 2572 χῶρον,
1156 2533 1186 2562 οὗ
1198 2536 1245 2563 καὶ
1255 2537 1406 2571 ἀφιγμένος
1420 2536 1638 2572 σπουδασμάτων
1646 2537 1757 2571 ἀγαθῶν
1774 2547 1834 2573 σχο-

1045 2582 1118 2612 λαῖος
1133 2579 1166 2616 ἦν
1179 2581 1357 2616 ἐπιμελητής.
1376 2581 1534 2616 Γέγραπται
1544 2582 1571 2608 δὲ
1583 2583 1668 2614 οὕτως
1678 2591 1684 2598 ·
1706 2594 1715 2608 ι
1738 2584 1833 2620 Ἀνέϐη

1044 2629 1072 2655 δὲ
1093 2628 1218 2664 Ἀϐραὰμ
1239 2628 1268 2661 ἐξ
1285 2628 1434 2662 Αἰγύπτου,
1456 2628 1538 2660 αὐτὸς
1554 2629 1630 2664 καὶὴ
1653 2630 1722 2665 γυνὴ
1739 2631 1832 2663 αὑτοῦ,

1046 2675 1092 2701 καὶ
1107 2675 1195 2702 πάντα
1215 2675 1250 2701 τὰ
1275 2674 1369 2708 αὐτοῦ,
1393 2675 1439 2701 καὶ
1454 2674 1516 2701 Λὼτ
1536 2677 1595 2710 μετ’
1615 2676 1698 2702 αὐτοῦ
1724 2678 1766 2708 είς
1787 2678 1834 2714 τὴν

1044 2720 1157 2757 ἔρημον.
1179 2721 1304 2756 Ἀϐραὰμ
1324 2720 1353 2748 δὲ
1373 2718 1407 2756 ἦν
1432 2721 1558 2753 πλούσιος
1587 2722 1700 2759 σφόδρα,
1724 2725 1834 2760 κτήνεσι
