1924 3043
79 136 137 166 185

461 139 505 166 DE
523 140 743 168 ADORATIONE
763 140 796 168 lN
816 140 951 171 SPlRlTU
971 143 1014 170 ET
1035 140 1218 171 VERITATE.
1240 141 1304 169 LIB.
1323 142 1344 169 Ι.

1662 142 1714 170 186

82 194 133 219 καὶ
145 193 282 229 ἀργυρίῳ,
298 200 348 220 χαι
358 195 470 230 χρυσίῳ,
484 195 532 221 καὶ
544 194 678 230 ἐπορεύθη
692 196 753 223 ὅποι
767 196 875 231 ἐξῆλθεν

928 198 1063 226 Abraham
1079 203 1169 226 autem
1180 203 1238 226 erat
1251 199 1328 226 dives
1345 197 1434 228 valde,
1447 197 1580 232 jumcntis
1593 201 1621 224 et
1633 205 1711 229 auro,

82 240 126 270 εἰς
136 239 186 274 τὴν
201 238 307 275 ἔρημον
328 240 381 272 ἕως
399 240 508 276 Βαιθὴλ,
523 241 575 272 ἕως
593 242 639 268 τοῦ
653 242 746 274 τόπου,
762 240 792 269 οὗ
809 241 842 279 ἦν
856 244 872 278 ἡ

85 286 173 320 σκηνὴ
187 285 272 312 αὐτοῦ
288 286 433 321 πρότερον,
457 286 508 313 ἀνὰ
525 287 606 322 μέσον
626 287 737 322 Βαιθὴλ,
760 288 806 315 καὶ
824 289 876 315 ἀνὰ

85 331 302 366 μὲσον.’Δγγαὶ,
325 333 366 363 εἰς
383 332 428 358 τὸν
449 332 531 358 τόπον
548 332 596 359 τοῦ
619 333 824 370 Θυσιαστηρίου,
845 331 875 361 οὗ

85 377 216 412 ἐποίησεν
249 378 308 404 ἐκεῖ
339 378 388 413 τὴν
413 378 510 414 ἀρχήν.
540 379 595 404 Καὶ
625 380 789 407 ἐπεκάλεσεν
819 382 877 407 ἐκεῖ

91 423 219 458 ’Δὸραὰμ
228 424 259 450 τὸ
270 423 356 457 ὄνομα
370 425 482 459 Κυρίου.
496 433 504 449 ι
518 425 615 459 Συνίης
627 423 674 451 οὖν
685 426 726 452 ὅτι
740 435 877 453 συναναπ-

83 468 176 504 αίρειν
191 469 299 504 ἀνάγκη
311 470 368 500 τοῖς
383 469 413 502 ἐξ
427 469 561 505 ἀκρασίας
574 472 709 507 κοσμικῆς
725 474 765 504 είς
781 474 877 509 ἑτέραν

83 515 268 550 ἀνατρέχουσι
285 515 356 551 ζωὴι
381 516 472 551 ἱερὰν,
502 517 584 543 οἱονεὶ
606 518 694 544 πάντα
716 519 749 545 τὰ
770 519 876 553 αὐτῶν;

86 561 199 587 πανοικὶ
213 561 269 596 γὰρ
291 562 338 588 καὶ
352 563 495 596 παγγενεὶ,
519 563 666 599 προσθείην
683 565 704 591 δ’
724 565 756 592 ἂν
770 566 811 592 ὅτι
827 566 874 592 καὶ

87 607 255 638 πανσκευεὶ,
288 607 339 641 τῆς
368 607 523 641 Αἰγυπτίων
550 609 757 646 ἀποδεδράμηκε
785 611 838 646 γῆς
863 612 876 638 ὁ

81 653 241 688 προπάτωρ
267 652 403 688 Ἀϐραάμ.
424 655 470 680 Δεῖ
487 654 541 690 γὰρ
558 655 710 690 ὀλοτρόπως
727 657 876 692 ἀποφοιτᾷν

83 698 132 724 καὶ
154 699 268 725 πανοικὶ
292 699 392 733 τρόπον
411 699 472 726 τινὰ
498 700 712 736 μεθορμίζεσθαι
733 702 820 736 φιλεῖν
838 704 876 735 εἰς

86 744 137 780 τὴν
153 743 271 780 ἔρημον,
288 744 361 770 τοῦτ’
374 745 458 777 ἔστιν,
482 746 522 776 εἰς
539 746 757 782 ἀπαρενόχλητόν
779 756 809 773 τε
829 748 876 774 καὶ

83 789 211 826 καθαρὰν
226 790 346 822 διανοίας
361 791 537 822 κατάστασιν,
555 791 616 818 ὅθεν
635 793 683 819 καὶ
698 794 728 819 ὲν
746 793 842 828 ἀρχαῖς
859 794 876 829 ἡ

83 836 132 862 τοῦ
151 835 299 871 ἀνθρώπου
324 836 404 870 φύσις
421 837 582 872 ὲκῦέὸηκεν,
601 837 689 873 ἐνδείᾳ
704 837 758 864 τῶν
775 838 876 865 ἀνωθεν

83 882 198 916 ἀγαθῶν
214 882 390 909 ἀπονεύσασα
407 883 475 918 πρὸς
488 882 524 910 τὰ
533 883 626 918 χείρω.
641 883 726 910 Τοῦτο
740 884 795 919 γὰρ
809 885 874 910 αἰνι-

88 928 243 962 γματωδῶς
257 929 476 962 κατασημήνειεν
491 928 525 954 ἄν
547 929 564 963 ἡ
578 929 618 960 είς
637 928 794 964 ἀλλοτρίους
809 929 875 955 κάθ-

83 973 153 1005 οᾱας,
168 973 224 1000 ἀπὸ
235 974 287 1008 γῆς
301 974 381 1000 οἱονεὶ
392 973 438 1000 καὶ
455 974 556 1009 σκηνῆς
566 975 616 1009 τῆς
631 975 659 1000 ὲν
671 975 769 1010 ἀρχαῖς
783 983 812 1000 τε
827 974 874 1001 καὶ

84 1019 258 1054 φιλαιτάτης,
275 1019 304 1046 ἐν
351 1018 399 1045 καὶ
411 1018 610 1054 Θυσιαστήριον.
626 1019 875 1054 Παλινδρομοῦντες

83 1064 138 1099 γὰρ
153 1064 254 1095 οὕτως,
271 1064 323 1095 ἕως
343 1063 377 1090 ἂν
391 1065 418 1090 ἐν
431 1063 506 1098 τόπῳ
517 1063 563 1090 καὶ
579 1063 655 1099 χώρᾳ
669 1063 812 1098 γενώμεθα
827 1063 873 1091 τοῦ

84 1110 282 1145 θυσιαστηρίου
299 1108 347 1135 τοῦ
362 1109 391 1134 ὲν
415 1109 523 1144 ἀρχαῖς,
547 1108 619 1135 τοῦτ’
637 1109 706 1141 ἐστι,
724 1108 771 1135 τοῦ
792 1109 875 1136 πάλαι

84 1155 315 1191 προσπεφυκότος
335 1154 486 1189 ἀγιασμοῦ,
506 1155 553 1181 καὶ
574 1155 655 1190 ἡμεῖς
674 1155 876 1190 ἑπικαλούμεθα

82 1202 130 1228 τὸν
141 1201 198 1228 τῶν
211 1201 280 1228 ὅλων
300 1201 377 1233 Θεὸν,
390 1199 421 1227 τὸ
435 1201 605 1236 προφητικὸν
620 1201 708 1228 ἐκεῖνο
727 1201 875 1236 πρόσρημα

83 1247 227 1282 λέγοντες·
247 1256 257 1272 ι
273 1247 369 1280 Κύριε,
384 1247 462 1280 ὲκτδς
479 1247 527 1274 σοῦ
542 1246 621 1274 ἄλλον
635 1247 684 1274 οὐκ
701 1247 823 1282 οἴδαμεν.
839 1247 875 1274 Τὸ

83 1292 172 1328 ονομα
187 1301 236 1319 σου
254 1293 436 1328 ὀνομάζομεν.
459 1301 469 1318 ι

118 1384 227 1412 ΠΑΛΔ.
253 1383 426 1410 Ἀστειότατα
445 1382 524 1418 ἔφης.

119 1429 202 1456 ΚΥΡ.
222 1429 302 1461 Ἰδοις
314 1428 337 1455 δ’
348 1428 381 1456 ἂν
396 1429 426 1455 τὸ
439 1428 535 1465 χρῆμα
547 1428 612 1463 ἡμῖν
624 1427 672 1462 οὐχ
687 1427 788 1463 ἑτέρως
802 1426 873 1462 ἕχον,

85 1475 132 1502 καὶ
152 1475 187 1501 τὰ
204 1475 250 1501 ἐπὶ
263 1476 320 1505 τοῖς
330 1475 396 1506 υἱοῖς
418 1474 524 1510 Ἰσραὴλ
535 1474 666 1508 γεγονότα
679 1474 748 1500 κατὰ
763 1473 875 1508 καιροὺς

84 1519 114 1547 εὖ
141 1521 215 1556 μάλα
231 1519 476 1555 διασκοπούμενος·
494 1520 541 1551 οὒς
565 1519 680 1555 ἐπείπερ
697 1516 768 1546 εἷλον
784 1520 808 1545 οί
826 1519 874 1546 Αί-

85 1567 198 1601 γύπτιοι
225 1566 307 1602 λιμοῦ
332 1566 539 1602 κατωθήσαντος
563 1567 592 1592 ὲν
619 1566 716 1601 ἀρχαῖς
741 1566 788 1592 καὶ
811 1565 874 1596 τοὺς

84 1614 189 1642 ἄνωθέν
206 1623 236 1640 τε
254 1614 301 1640 καὶ
322 1615 355 1640 ὲκ
374 1613 452 1649 ῥίζης
471 1614 572 1648 ἁγίων,
596 1613 643 1640 καὶ
663 1612 821 1648 ἐλευθέρους
836 1613 876 1644 εἰς

84 1660 218 1695 ἀδόκητον
242 1668 272 1686 τε
293 1660 339 1686 καὶ
354 1659 521 1695 ἀμελέτητον
536 1660 627 1691 αὐτοῖς
645 1658 876 1692 καταζευγνύντες

85 1705 207 1740 θητείαν,
222 1705 326 1740 ἀγρίως
335 1704 537 1738 κατεὸιάζοντο,
545 1705 596 1740 τῆς
605 1704 648 1731 ἐπ’
660 1705 757 1735 αὐτοὺς
768 1703 877 1739 ὠμότη-

84 1759 130 1782 τος
148 1750 256 1777 τοιάνδε
272 1750 332 1776 τινὰ
353 1749 494 1782 συνθέντες
509 1750 559 1785 τὴν
573 1750 710 1786 ἀφορμήν.
732 1760 740 1775 ι
764 1750 874 1784 ’Δνέστη

85 1797 150 1832 γὰρ,
171 1807 180 1822 ι
199 1797 277 1832 ῳησὶ,
295 1806 303 1821 ι
325 1795 447 1830 βασιλεὺς
457 1797 549 1834 ἕτερος
564 1796 608 1822 ἐπ’
625 1797 770 1830 Αἴγυπτον,
785 1796 814 1828 ὃς
826 1796 876 1823 οὐκ

84 1842 144 1878 ᾔδει
160 1843 207 1869 τὸν
231 1843 340 1878 Ἰωσὴφ.
359 1841 469 1870 [Ei-treﬁt
483 1842 522 1877 τῷ
539 1844 612 1877 γένει
636 1842 716 1869 αὑτοῦ
732 1850 738 1857 ·
766 1842 830 1868 Ἰδοὺ
846 1842 876 1868 τὸ

85 1888 164 1922 γένος
186 1888 240 1914 τῶν
261 1887 326 1913 υἱῶν
347 1886 473 1923 Ἰσραὴλ,
492 1888 563 1923 μέγα
583 1887 694 1922 πλῆθος,
716 1887 764 1913 καὶ
790 1887 876 1922 ἰσχύει

85 1932 156 1968 ὑπὲρ
173 1933 258 1968 ἡμᾶς,
279 1932 353 1958 δεῦτε
372 1932 621 1968 κατασοφισώμεθα
641 1933 752 1965 αὐτοὺς,
771 1933 875 1968 μήποτε

86 1977 240 2013 πληθυνϐᾓ.
255 1978 312 2010 καὶ,
324 1977 406 2012 ἡνίκα
421 1978 467 2004 ἐὰν
482 1978 571 2013 συμϐῇ
588 1978 715 2013 πόλεμος,
728 1977 877 2013 προστεθή-

90 2033 183 2050 σονται
207 2023 257 2050 καὶ
269 2020 341 2049 οὗτοι
359 2024 426 2058 προς
443 2024 505 2055 τοὺς
527 2024 712 2055 ὑπεναντίους,
734 2023 781 2050 καὶ
793 2025 875 2050 ἐκπο-

85 2071 113 2096 ia
119 2071 256 2105 μὴστιντες
267 2070 349 2105 ἡμᾶς,
366 2070 552 2103 ἐξελεύσονται
564 2071 595 2096 ὲκ
609 2070 660 2105 τῆς
669 2071 731 2104 γῆς.
745 2079 754 2095 ι
765 2069 874 2097 Ἐλύπει

86 2115 151 2149 γὰρ,
163 2112 252 2149 οἶμαι,
262 2115 306 2142 τὸν
320 2114 370 2149 τῆς
384 2115 539 2148 Αἰγυπτίων
552 2114 700 2150 ἐξάρχοντα
715 2115 813 2148 γῆς,τὸ
825 2114 876 2141 κᾶν

86 2162 150 2197 γοῦν
174 2161 286 2188 ἑλέσθαι
312 2161 376 2188 ποτὲ
401 2161 468 2196 πρὸς
492 2160 646 2195 ἐλευθερίαν
669 2160 739 2192 ἰδεῖν,
763 2161 825 2192 τοὺς
847 2161 876 2194 ἐξ

87 2209 237 2243 ἀναγκαίου
254 2207 365 2243 δεσμοῦ,
379 2208 410 2234 οὐ
426 2207 496 2234 κατὰ
514 2207 627 2242 γνώμην
644 2207 872 2242 ὐπεζευγμένους.
889 2222 911 2248 D

90 2265 99 2280 ι
112 2256 166 2282 Καὶ
174 2255 327 2290 ἐπέστησεν
334 2254 436 2286 αὐτοῖς,
446 2254 538 2288 φησὶν,
552 2253 700 2285 ἐπιστάτας
711 2253 765 2279 τῶν
775 2253 874 2288 ἔργων,

88 2301 131 2326 ἶνα
146 2299 312 2327 κακώσωσιν
331 2299 429 2330 αὐτοὺς
447 2299 478 2325 ἐκ
493 2298 547 2325 τῶν
562 2298 660 2333 ἔργων,
676 2298 721 2324 καὶ
735 2297 876 2334 ᾠκοδόμη-

89 2355 138 2372 σαν
157 2346 252 2376 πόλεις
266 2344 367 2380 ὀχυρὰς
388 2343 428 2378 τῷ
451 2342 550 2379 Φαραὼ
566 2344 615 2378 τήν
636 2351 666 2369 τε
687 2342 807 2374 Πειοὼν,
831 2342 878 2369 καὶ

93 2390 244 2426 Ῥαμεσσῆ,
261 2390 308 2417 καὶ
324 2386 385 2420 Ὧν,
397 2390 414 2424 ἥ
431 2390 504 2416 ἐστιν
524 2389 615 2415 Ἡλίου
637 2388 722 2420 πόλις,
745 2398 753 2414 ι
770 2389 879 2424 Καρποὶ

88 2436 142 2472 γὰρ
163 2434 235 2472 ἦσαν
264 2436 313 2470 τῆς
326 2436 462 2470 ἀφορήτου
478 2434 642 2467 πλεονεξίας,
655 2434 817 2470 τληπάθειαι
829 2434 877 2469 μὲν

89 2481 116 2506 αἱ
139 2480 276 2515 διηνεκεῖς
297 2479 343 2506 ὲπί
360 2487 390 2505 τε
408 2479 486 2515 πηλῷ
504 2479 552 2505 καὶ
577 2479 716 2515 πλινθείᾳ,
735 2479 826 2510 πόλεις
848 2479 876 2505 δὲ

89 2525 242 2561 περιϐόλοις
260 2524 449 2560 πυργούμεναι
461 2543 469 2556 ,
486 2524 531 2551 χαὶ
543 2524 597 2551 τῶν
617 2525 646 2551 ἐν
667 2525 761 2559 ἀγροῖς
782 2524 876 2559 χωμά-

88 2580 140 2598 των
149 2571 287 2607 ὲγέρσεις,
300 2570 397 2606 ἀμίσθὶ
410 2570 439 2597 δὲ
453 2571 531 2597 ταυτὶ
540 2570 587 2597 καὶ
603 2571 650 2596 σὺν
669 2570 761 2606 ἱδρῶτι
777 2571 874 2606 μακρῷ

88 2619 141 2648 τοῖς
161 2617 274 2643 πονοῦσ.
294 2616 489 2651 διεπεραίνετο.
511 2616 579 2642 Ὑπὸ
599 2617 677 2651 χεῖρα
695 2615 750 2652 γὰρ
770 2616 875 2647 ἑλόντες

88 2662 134 2697 τὴν
147 2662 253 2688 ἑαυτῶν
269 2662 294 2687 οἱ
306 2661 526 2697 κοσμοκράτορες
539 2661 586 2687 τοῦ
600 2662 698 2692 αἰῶνος
715 2660 810 2687 τούτου
826 2661 876 2692 τὰς

88 2709 179 2740 ἀθλίας
198 2708 256 2734 τῶν
277 2707 430 2743 ἀνθρώπων
445 2707 542 2742 ψυχὰς,
561 2707 640 2743 πηλῷ
660 2709 706 2735 καὶ
727 2707 877 2739 πλινθείαις

88 2756 202 2787 καὶτοῖς
218 2755 262 2786 είς
281 2753 335 2789 γῆν
357 2761 387 2780 τε
408 2754 456 2781 καὶ
475 2754 539 2789 περὶ
555 2755 606 2790 γῆν
624 2755 774 2790 δρωμένοις
795 2755 879 2789 ἐγκα-

116 2846 135 2860 ⁹⁷
147 2845 218 2873 Gen.
236 2853 264 2878 ι,
282 2843 309 2872 8.
348 2845 370 2861 θ’
385 2843 434 2872 lsa.
450 2853 527 2878 XXVI,
545 2845 586 2872 l3.

926 249 954 272 et
967 249 1095 279 argento:
1111 249 1138 272 ct
1153 245 1219 272 abiit
1233 245 1330 272 itinere
1338 252 1393 279 quo
1412 247 1525 270 venerat
1537 242 1564 269 in
1573 243 1712 270 desertum

927 299 1014 325 usque
1026 291 1129 322 Bethel,
1145 299 1231 325 usque
1250 291 1282 317 ad
1299 291 1388 317 locum
1406 287 1561 316 ubi'fuerat
1584 288 1712 315 taberna-

927 338 1018 364 culum
1034 338 1095 372 ejus
1107 337 1193 372 prius,
1219 336 1271 370 33
1298 337 1370 363 inter
1383 336 1478 362 Rcthcl
1502 339 1529 362 et
1556 335 1666 370 llaggai,
1683 334 1712 361 in

926 383 1017 409 locum
1032 382 1136 413 altaris,
1156 381 1229 416 quod
1246 381 1346 407 fecerat
1360 381 1397 407 ibi
1416 381 1504 415 prius,
1527 384 1555 407 et
1573 379 1713 406 invocavit

927 428 964 455 ibi
978 428 1115 455 Abraham
1135 434 1236 454 nomen
1254 426 1362 453 Domini
1377 427 1410 452 θ’.
1430 436 1438 451 ι
1457 426 1590 461 Intelligis
1615 426 1710 459 igitur,

927 474 974 508 qui
997 481 1031 500 ex
1053 471 1265 506 intemperantia
1287 470 1410 498 saeculari
1435 470 1468 497 ad
1491 471 1604 497 alteram
1627 470 1711 496 vitam

927 523 1084 550 recurrunt,
1107 518 1141 545 iis
1162 517 1254 544 omnia
1274 517 1355 544 simul
1377 524 1436 543 esse
1453 516 1622 543 abducenda.
1641 515 1708 542 Nam

927 574 990 593 cum
1004 566 1132 592 universa
1154 563 1268 595 familia,
1295 563 1480 596 universeque
1506 569 1614 596 genere,
1644 560 1711 587 illud

926 611 1009 638 etiam
1017 610 1180 641 addiderim,
1201 617 1263 636 cum
1282 608 1411 635 universa
1427 607 1604 641 supellectili,
1624 606 1711 633 Abra—

927 657 990 684 ham
1005 656 1161 692 patriarcha
1183 663 1216 683 ex
1238 654 1426 690 {Egyptiorum
1444 653 1554 687 regione
1575 652 1709 687 migravit,

926 703 1039 738 Oportet
1057 702 1130 729 enim
1160 701 1289 728 omnibus
1314 699 1403 727 modis
1424 698 1577 729 discedere,
1601 702 1628 724 et
1649 705 1712 724 cum

927 749 1053 776 universa
1070 747 1272 783 quodammodo
1293 745 1396 772 familia
1414 744 1443 771 in
1463 744 1601 770 desertum
1625 743 1712 769 demi-

926 802 1015 829 grare,
1044 794 1072 821 id
1096 798 1148 826 est,
1170 793 1204 820 ad
1220 792 1451 827 imperturbatum
1475 793 1503 816 et
1530 788 1710 823 tranquillum

927 839 1010 866 animi
1034 842 1146 870 statum,
1164 837 1236 864 unde
1255 837 1290 864 ab
1311 836 1390 863 initio
1402 833 1522 861 hominis
1539 838 1636 860 natura
1652 832 1710 859 dis—

927 887 1018 917 cessit,
1034 894 1095 913 cum
1117 886 1207 921 inopia
1222 891 1404 919 supernorum
1418 882 1553 909 bonorum
1573 880 1606 907 ad
1621 880 1714 915 pejora

927 932 1095 959 declinavit:
1114 931 1140 958 id
1152 932 1225 958 enim
1242 938 1292 965 per
1306 929 1421 964 aenigma
1448 926 1583 962 significat
1603 926 1648 952 ille
1679 925 1713 952 ad

927 981 1033 1005 exteras
1053 977 1180 1004 nationes
1195 976 1354 1007 descensus,
1373 974 1407 1001 ab
1429 973 1475 1000 illa
1491 972 1589 1003 veteri,
1618 975 1646 998 et
1666 971 1713 1006 ju-

928 1023 1094 1050 cundissima
1113 1027 1196 1054 terra,
1212 1023 1238 1049 in
1264 1030 1317 1056 qua
1333 1021 1418 1048 altare
1435 1027 1545 1054 quoque
1556 1022 1615 1045 erat
1628 1027 1634 1044 :
1648 1025 1712 1044 nam

928 1069 980 1096 hoc
992 1073 1072 1104 pacto
1086 1071 1271 1099 recurrentes,
1287 1073 1430 1101 quousque
1454 1064 1486 1091 ad
1505 1064 1594 1090 locum
1617 1070 1649 1089 ac
1667 1071 1712 1089 rc-

928 1114 1035 1148 gioncm
1059 1112 1253 1148 perveniamus
1273 1110 1368 1138 altaris
1394 1110 1465 1144 ejus,
1486 1108 1560 1143 quod
1580 1107 1613 1134 ab
1633 1106 1713 1133 initio

928 1159 1027 1191 fuerat,
1041 1159 1068 1186 id
1080 1162 1122 1185 est
1137 1158 1211 1185 illius
1222 1157 1323 1184 veteris
1335 1160 1363 1183 et
1379 1155 1460 1182 nobis
1473 1154 1564 1181 insitae
1577 1153 1712 1180 sanctita-

928 1205 975 1237 tis,
989 1212 1040 1232 nos
1064 1204 1115 1239 ipsi
1136 1210 1246 1239 quoque
1273 1202 1432 1228 invocamus
1451 1208 1543 1227 rerum
1569 1199 1712 1226 universa-

927 1259 989 1279 rum
1018 1251 1115 1282 Dcum,
1145 1248 1306 1285 prophetica
1337 1247 1384 1274 illa
1407 1246 1545 1274 dicentes:
1564 1243 1710 1274 cDomine,

927 1300 1004 1325 extra
1021 1300 1048 1323 te
1071 1295 1155 1322 alium
1178 1302 1233 1322 non
1249 1293 1387 1325 novimus,
1403 1299 1504 1319 nomen
1527 1294 1606 1318 tuum
1632 1289 1711 1316 invo-

927 1349 1021 1370 camus
1034 1341 1068 1369 ⁹⁸.
1085 1351 1094 1368 ιι

962 1388 1060 1416 PALL.
1073 1386 1278 1423 Elegantissime
1291 1385 1394 1412 dixisti.

962 1434 1041 1462 CYR.
1056 1433 1086 1461 ιι]
1101 1438 1192 1461 autem
1207 1439 1263 1459 non
1278 1431 1358 1458 aliter
1370 1438 1399 1458 se
1417 1429 1521 1457 habere
1536 1429 1614 1456 facile
1632 1429 1712 1455 intel-

927 1480 1005 1516 liges,
1032 1480 1053 1507 si
1080 1487 1140 1514 quae
1159 1478 1222 1505 ﬁliis
1239 1484 1349 1512 quoque
1365 1475 1450 1502 Israel
1469 1475 1526 1502 suis
1545 1474 1714 1509 temporibus

928 1526 1099 1556 acciderunt,
1118 1524 1265 1559 diligenter
1278 1521 1431 1556 inspexeris
1455 1529 1461 1546 ι
1484 1527 1553 1554 quos
1576 1527 1637 1546 cum
1659 1527 1714 1546 cm—

926 1571 1031 1607 pissent
1045 1569 1176 1605 Egyptii,
1197 1569 1267 1596 fame
1281 1567 1436 1602 compulsos
1462 1566 1496 1592 ab
1514 1566 1603 1597 initio,
1621 1569 1648 1592 ct
1661 1565 1713 1591 ho-

926 1615 1013 1642 mines
1032 1615 1066 1642 ab
1094 1614 1152 1648 ipsa
1177 1613 1313 1647 majorum
1328 1618 1440 1638 suorum
1462 1610 1579 1645 origine,
1593 1618 1608 1637 c
1629 1610 1713 1644 stirpe

924 1665 1081 1689 sanctorum
1093 1664 1178 1691 ortos,
1192 1664 1219 1687 ct
1229 1658 1341 1689 liberos,
1351 1656 1385 1684 ad
1398 1656 1567 1690 inopinatam
1577 1660 1605 1682 et
1618 1655 1713 1682 insue-

925 1710 980 1734 tam
1008 1706 1202 1741 subjugassent
1223 1705 1403 1737 servitutem,
1424 1703 1588 1731 immaniter
1610 1701 1714 1728 violen-

927 1757 1024 1788 terque
1047 1752 1214 1784 tractabant,
1229 1759 1285 1779 snaz
1303 1751 1437 1778 adversus
1458 1750 1518 1776 illos
1541 1747 1714 1776 crudelitatis

926 1800 976 1827 hac
989 1799 1132 1826 occasione
1158 1798 1284 1825 conficta.
1311 1807 1320 1822 ι
1337 1797 1463 1824 Surrexit
1486 1796 1590 1826 enim,»
1612 1794 1711 1828 inquit,

929 1853 995 1872 «rex
1006 1845 1074 1872 alter
1087 1844 1113 1871 in
1128 1844 1254 1879 {Egyptm
1269 1843 1317 1878 qui
1330 1851 1384 1870 non
1409 1847 1522 1869 noverat
1538 1841 1649 1875 Joscph,
1665 1839 1712 1874 qui

925 1891 994 1918 dixit
1008 1891 1107 1926 populo
1130 1898 1194 1917 suo:
1212 1890 1282 1917 Ecce
1297 1897 1383 1924 genus
1396 1888 1513 1915 filiorum
1528 1886 1609 1914 Israel
1640 1886 1713 1912 mul—

927 1942 1043 1968 tumest,
1057 1941 1087 1964 et
1104 1936 1283 1964 multitudine
1309 1936 1381 1962 valet
1401 1942 1484 1969 super
1510 1941 1570 1960 nos.
1603 1932 1712 1963 Venite,

925 1983 1070 2010 fraudibus
1089 1983 1277 2018 oppriinainus
1292 1981 1363 2013 illos,
1375 1989 1410 2007 ne
1434 1980 1504 2006 forte
1528 1978 1713 2012 multiplicen-

928 2033 991 2061 tur;
1005 2033 1033 2055 et
1059 2035 1121 2054 cum
1143 2027 1276 2054 acciderit
1296 2025 1377 2052 nobis
1391 2025 1504 2057 bellum,
1531 2023 1714 2058 adjungantur

925 2073 1008 2100 etiam
1028 2072 1056 2098 hi
1085 2071 1205 2098 inimicis
1227 2070 1346 2102 nostris,
1370 2073 1408 2101 et,
1435 2067 1599 2103 expugnatis
1620 2066 1712 2098 nobis,

927 2118 1103 2153 egrediantur
1126 2117 1160 2144 de
1180 2121 1251 2144 terra
1267 2116 1299 2142 θ’.
1317 2125 1326 2141 ι
1351 2115 1473 2150 Angebat
1492 2114 1576 2145 enim,
1602 2113 1712 2147 opinor,

925 2161 1113 2197 Egyptiorum
1129 2165 1208 2188 terra!
1224 2160 1387 2195 principem,
1401 2159 1474 2194 quod
1487 2159 1529 2185 vel
1546 2158 1714 2192 respicerent

926 2208 1073 2242 aliquando
1085 2207 1195 2234 tandem
1206 2206 1240 2233 ad
1252 2206 1420 2237 libertatem,
1449 2205 1468 2231 ii
1484 2204 1531 2238 qui
1556 2202 1713 2230 necessario

926 2262 1014 2289 eoque
1027 2257 1127 2288 przeter
1140 2252 1297 2287 opinionem
1308 2251 1430 2282 vinculo,
1445 2248 1581 2284 subjugati
1593 2248 1711 2275 fuerant.

930 2309 939 2325 ι
959 2299 1162 2334 Etprazposuit,
1181 2308 1190 2324 ›
1213 2297 1312 2332 inquit,
1329 2307 1337 2322 ι
1354 2297 1395 2324 eis
1416 2295 1561 2330 magistros
1584 2301 1711 2328 operum,

927 2349 957 2372 ut
970 2345 1121 2380 amigerent
1136 2351 1184 2371 eos
1193 2343 1325 2378 operibus
1338 2351 1345 2375 ;
1370 2346 1399 2368 ct
1412 2340 1616 2368 mdiﬁcavcrunt
1630 2339 1714 2366 urbes

928 2390 1048 2417 munitas
1063 2389 1209 2421 Pharaoni,
1227 2389 1335 2416 Phitom
1360 2392 1388 2414 et
1408 2387 1562 2417 Ramesscs,
1587 2389 1615 2412 et
1640 2384 1711 2416 lion,

929 2444 989 2470 qum
1002 2440 1044 2462 est
1055 2435 1204 2469 Heliopolis
1221 2435 1240 2461 ¹.
1252 2444 1260 2459 ι
1273 2433 1326 2469 34.
1341 2433 1374 2460 ili
1389 2440 1506 2466 namque
1520 2431 1626 2458 fructus
1634 2435 1713 2457 erant

928 2481 1002 2507 illius
1014 2487 1069 2507 non
1089 2479 1195 2506 ferendi
1218 2479 1385 2509 dominatus,
1413 2470 1572 2504 vexationes
1602 2483 1712 2510 nempe,

929 2530 1010 2559 atque
1024 2532 1153 2552 (erumna:
1175 2523 1292 2551 assiduae
1311 2524 1338 2550 in
1356 2523 1414 2549 luto
1433 2526 1515 2556 atque
1533 2528 1617 2555 opere
1643 2521 1712 2547 late-

923 2571 996 2603 ritio,
1016 2571 1098 2598 urbes
1122 2577 1232 2604 quoque
1255 2569 1395 2596 moenibus
1415 2577 1447 2595 ac
1465 2567 1589 2594 turribus
1604 2567 1712 2598 cincue,

923 2620 950 2643 et
964 2622 1092 2651 aggerum
1104 2615 1131 2641 in
1140 2614 1213 2650 agris
1226 2613 1436 2641 exstructiones.
1448 2613 1512 2639 Haec
1526 2615 1618 2638 autem
1629 2618 1712 2645 opera

925 2661 984 2688 sine
1001 2661 1054 2688 ulla
1070 2660 1208 2693 mercede,
1231 2660 1380 2694 multisque
1391 2666 1454 2685 cum
1470 2657 1617 2684 sudoribus
1634 2656 1712 2682 labo—

926 2712 1018 2735 rantes
1042 2707 1233 2742 perﬁciebant.
1257 2705 1400 2740 Principes
1411 2704 1487 2731 enim
1514 2703 1606 2731 saeculi
1629 2702 1712 2737 hujus

928 2755 976 2782 ubi
987 2754 1039 2782 sub
1054 2753 1188 2781 ditionem
1208 2760 1286 2781 suam
1305 2751 1430 2779 infelices
1445 2751 1551 2778 animos
1569 2749 1711 2777 hominum

625 2845 646 2855 "
660 2844 744 2872 Exod.
761 2852 779 2876 ι,
801 2843 876 2870 8-10.
917 2842 1004 2870 ¹ἱὺὶι.ί.
1031 2843 1074 2870 “ll.
