1924 3043
200 2730 210 2759 ἶ

243 93 291 122 l8'l

749 96 777 124 S.
798 98 935 125 CYRILLI
957 98 1191 128 ALEXANDRINI
1209 100 1368 128 ARCHIEP.

1836 100 1887 127 188

245 154 385 188 coperint,
414 153 442 181 in
458 154 516 181 luto
535 162 567 182 ac
590 154 719 184 lateritiis
742 157 883 191 operibus,
907 157 951 190 iis,
979 158 1022 185 in-

1085 159 1245 195 ῖατρὺχουσι,
1272 161 1320 187 καὶ
1342 159 1487 195 πειρασμῷ
1510 159 1618 195 πονηρῷ
1636 168 1665 186 τε
1685 161 1736 186 καὶ
1759 161 1887 195 ἀκερδεί

185 230 190 237 _
242 206 333 234 quam,
356 207 415 234 qua:
432 199 459 226 in
474 204 545 226 terra
561 204 588 227 et
600 200 672 228 circa
689 206 790 229 terram
807 203 886 235 ﬁunt,
899 211 948 231 eos
956 212 1023 231 con-

243 249 332 272 terunt
344 266 351 278 ,
376 250 404 273 et
424 245 457 273 ad
474 245 626 274 laboriosas
643 247 811 282 inutilesque
829 250 1024 284 occupationes

242 290 375 318 distentos
384 295 465 326 atque
483 291 625 319 devinctos
637 291 782 328 (ejusmodi
799 302 916 329 namque
926 295 1024 322 viden—

243 344 288 362 tur
303 336 393 363 carnis
404 344 497 370 opera,
513 340 541 364 et
556 345 616 372 qua:
629 338 703 365 circa
724 346 785 365 eam
799 338 878 373 ﬁunt)
896 339 1024 366 acerbam

241 382 427 416 aerumnisque
449 382 577 411 omnibus
604 383 712 418 plenam
734 384 819 411 vitam
851 384 950 420 degere
980 392 1025 412 co—

241 431 319 461 gunt,
333 434 394 461 qua:
407 426 509 454 nullam
529 435 642 462 prorsus
660 428 705 461 iis,
726 429 773 463 qui
796 428 1028 465 hujusmodiope-

244 475 323 502 ribus
352 473 513 500 incumbere
539 474 626 501 coacti
650 479 725 507 sunt,
746 475 843 502 aﬂ‘erat
867 476 1025 503 utilitatem.

241 521 311 555 Quid
335 520 409 547 enim
432 519 525 546 carnis
547 527 631 554 opera
654 527 686 547 ac
709 521 776 548 vitia
794 521 901 549 miserae
925 527 1026 549 nostra:

241 567 339 594 anima:
359 565 484 601 prosint?
501 565 536 592 Et
555 565 625 593 lucri
648 566 772 601 quazdam
798 567 903 601 species
918 567 951 594 ad
968 567 1028 594 dia-

242 613 336 640 bolum
364 619 396 639 ac
415 611 557 639 dzemonas‘
572 612 732 646 pertinebit,
758 616 786 639 et
805 612 1025 640 adversariorum

243 665 327 693 regno
344 662 428 692 parta:
451 665 517 692 opes
533 662 616 684 erunt
634 662 662 685 et
677 658 772 692 gloria,
796 658 1025 693 quemadmodum

242 704 325 731 etiam
347 703 481 731 Pharaoni
500 703 594 738 gloriae
620 710 675 729 non
689 702 821 730 mediocri
843 703 905 735 fuit,
923 707 954 730 ut
974 711 1026 738 pu—

1077 206 1278 241 προσδήσαντες
1299 206 1409 241 (τοιάδε
1428 206 1482 241 γὰρ
1504 205 1539 232 τὰ
1556 206 1656 241 σαρκὸς
1674 206 1726 233 καὶ
1748 206 1790 233 τὰ
1815 209 1886 242 περὶ

1076 251 1160 288 αὐτὴν
1171 251 1240 287 ἔργα
1253 252 1377 287 φαίνεται
1391 253 1411 285 ),
1423 251 1525 287 πικρὰν
1537 250 1724 286 ἀναγκάζουσι
1736 252 1791 278 καὶ
1806 261 1885 288 παμ-

1078 297 1213 333 μόχθηρον
1230 298 1327 333 κομιδῇ
1343 297 1537 332 καταδέχεσθαι
1557 297 1638 333 ζωὴν,
1655 298 1672 334 ἢ
1689 298 1758 325 κατ’
1777 298 1885 326 οὐδένα

1076 343 1175 378 τρόπον
1195 344 1251 375 τοῖς
1270 343 1439 378 ἐπιτηδεύειν
1464 343 1682 378 ἠναγκασμένοις
1703 343 1834 370 εἰσοίσει
1854 344 1884 371 τὶ

1076 388 1207 422 ὠφελοῦν.
1224 389 1255 415 Τί
1270 389 1323 424 γὰρ
1340 389 1372 415 ἂν
1394 389 1428 415 τὰ
1452 389 1553 424 σαρκὸς
1574 389 1643 424 ἔργα
1664 397 1695 415 τε
1718 389 1774 415 καὶ
1804 390 1882 424 πάῡῃ

1075 434 1124 469 τὴν
1144 433 1238 461 ἀθλίαν
1262 435 1340 470 ἡμῶν
1356 435 1447 469 ὀνήσει
1466 434 1572 470 ψυχήν;
1600 434 1703 468 Κέρδος
1725 434 1758 460 δὲ
1779 434 1883 471 ὥσπερ

1075 480 1246 507 ἀνακείσεται
1270 479 1336 515 παρ’
1355 479 1434 514 ἡμῶν
1459 479 1575 514 διαδόλῳ
1596 479 1644 506 καὶ
1667 479 1804 513 δαίμοσι.
1834 481 1881 505 καὶ

1075 525 1126 559 τῆς
1141 524 1194 551 τῶν
1212 525 1405 559 ἀντικειμένων
1422 524 1560 559 βασιλείας
1581 523 1696 556 πλοῦτος
1715 523 1807 550 ἔσται.
1835 526 1879 550 κςιέ

1076 569 1204 605 καύχημα
1216 592 1223 604 ,
1240 570 1367 606 καθάπερ
1387 570 1483 605 ἀμέλει
1497 570 1544 597 καὶ
1559 569 1597 605 τῷ
1611 569 1712 605 Φαραὼ
1733 569 1814 605 πρὸς
1838 571 1868 596 εὑ

1078 615 1169 646 κλείας
1192 615 1221 642 ὃν
1241 616 1271 642 οὐ
1295 616 1394 650 μικρᾶς
1420 614 1488 650 ᾤετο
1511 615 1540 642 τὸ
1557 615 1760 650 ἀναδείμασθαι
1785 615 1879 646 πόλεις

1079 660 1152 695 αὐτῷ
1160 660 1222 691 τοὺς
1231 660 1261 692 ἐξ
1278 658 1387 696 Ἰσραὴλ
1399 659 1472 686 ἀσιτί
1487 667 1518 685 τε
1530 659 1577 686 καὶ
1589 659 1686 695 ἀμισθὶ
1705 659 1782 694 πρὸς
1799 659 1879 685 τοῦτο

1078 705 1156 739 ἥκειν
1166 705 1400 740 ἠναγκασμένους.
1681 706 1689 733 i

244 749 328 782 tabat,
351 749 433 776 urbes
464 747 517 775 sibi
543 755 604 775 esse
617 755 632 774 a
650 747 714 775 (iliis
735 748 816 776 Israel
839 751 1004 782 exstructas,
1031 757 1119 786 neque
1137 751 1200 779 cibo
1220 751 1276 779 ullo
1296 751 1422 787 prmbito,
1442 757 1531 786 neque
1550 750 1687 783 mercede,
1707 757 1779 778 eum
1799 751 1878 777 labo-

245 803 302 822 rem
317 794 457 830 suscipere
480 794 592 822 coactis.

278 842 378 870 PALL.
403 842 448 870 Sic
475 849 505 869 se
522 850 567 869 res
584 841 678 870 habet.
702 841 751 869 Est
767 849 885 877 namque
908 845 955 869 tua
974 842 1024 870 ad-

1111 843 1214 870 ΙῙᾹΛΛ.
1230 839 1294 869 Ὧδε
1309 841 1376 878 ἔχει.
1396 841 1449 869 Καὶ
1464 841 1518 877 γάρ
1529 850 1569 868 τοι
1584 841 1644 868 λίαν
1659 842 1734 868 ἐστὶν
1752 841 1874 876 ἐναργὴς

245 888 358 916 modum
380 887 494 914 evidens
509 887 607 914 oratio.

277 934 356 962 CYR.
376 933 538 961 Nostrorum
551 933 635 968 igitur
647 933 674 960 in
691 933 772 960 terris
790 933 912 960 inanium
927 937 954 961 et
967 941 1042 968 pro-7

248 979 375 1007 fanorum
383 979 547 1010 studiorum,
566 978 679 1006 formam
697 978 899 1013 quodammodo
913 983 941 1006 et
961 979 1030 1006 ima-

244 1024 334 1059 ginem
345 1024 424 1050 nobis
441 1024 628 1051 lsraelitarum
648 1023 725 1050 labor
745 1023 878 1058 depingit,
900 1031 962 1050 cum
986 1024 1029 1050 in-

244 1073 298 1097 stet
313 1074 395 1104 atque
409 1069 551 1096 immineat
570 1068 694 1100 Satanas,
715 1069 827 1103 ejusque
848 1069 963 1095 comites
980 1076 1029 1095 ne—

244 1115 382 1150 quissima:
395 1118 552 1150 potestates,
571 1121 640 1152 quos
658 1119 816 1140 exactorum
843 1121 958 1148 operum
981 1121 1030 1140 no-

244 1161 316 1188 mine
331 1160 473 1195 Scriptura
492 1159 584 1186 divina
601 1159 744 1194 signiﬁcat.
766 1159 828 1187 Πειδο
846 1167 912 1186 vero
937 1159 1030 1186 studia

242 1214 424 1234 aerumnosam
437 1205 629 1233 distentionem
641 1210 722 1240 atque
737 1205 944 1240 occupationem
954 1204 1032 1239 equi-

211 1248 215 1252 ”
243 1252 305 1279 dem
321 1252 449 1284 dixerim,
460 1251 569 1278 sudoris
594 1258 626 1278 ac
643 1251 745 1278 laboris
761 1251 880 1285 plenam,
898 1258 930 1277 ac
954 1251 1032 1277 velut

242 1298 301 1325 luto
327 1298 446 1332 quodam
476 1297 644 1332 impuritatis
680 1304 850 1331 (‘oanostequc
882 1297 1043 1333 voluptatis

243 1344 389 1378 oppletam.
407 1343 460 1370 Sed
486 1343 633 1370 miseratus
665 1346 708 1369 est
738 1346 795 1369 tum
828 1350 938 1377 quoque
958 1342 1031 1369 Deus

243 1397 300 1421 eos,
320 1389 366 1424 qui
383 1397 432 1424 per
450 1395 583 1416 summam
604 1388 771 1423 impietatem
789 1393 871 1423 atque
899 1388 1030 1415 immani-

245 1437 328 1460 tatem
348 1434 443 1467 iniquo
469 1432 659 1468 [Egyptiorum
685 1433 825 1459 dominatu
848 1432 1029 1463 vexabantur,

245 1478 332 1513 iisque
350 1483 449 1513 praeter
466 1486 547 1505 omne
568 1478 614 1513 jus
635 1478 731 1512 fasque
747 1477 917 1505 serviebant.
953 1477 1032 1504 lllico

1080 889 1094 915 ὁ
1109 889 1196 923 λόγος.

1115 935 1196 961 ΚΥΡ.
1222 933 1407 961 ’Δνατύπωσιν
1423 933 1455 969 δὴ
1472 931 1518 960 οὖν
1535 932 1581 960 καὶ
1596 932 1676 959 οἱονεί
1699 941 1762 964 πως
1782 930 1888 959 εἰκόνι¹

1081 981 1154 1015 σαφῆ
1169 980 1222 1007 τῶν
1239 980 1351 1006 εἰκαίων
1365 988 1394 1006 τε
1410 979 1456 1006 καὶ
1472 979 1588 1015 ἀνιέρων
1605 978 1641 1014 (ι)
1660 979 1706 1005 ἐπὶ
1721 978 1777 1013 γῆς
1797 978 1876 1013 ἡμῶν

1080 1026 1294 1061 σπουδασμάτων
1308 1027 1322 1052 ό
1336 1025 1390 1052 τῶν
1414 1025 1587 1061 Ἰσραηλιτῶν
1602 1025 1758 1060 ἀναγράφει
1781 1024 1874 1055 πόνος,

1080 1071 1239 1107 ἐγκειμένου
1264 1079 1294 1097 τε
1316 1070 1364 1097 καὶ
1385 1070 1599 1104 ἐπιθρώσκοντος
1613 1069 1696 1096 αὐτοῦ
1711 1077 1742 1095 τε
1763 1068 1814 1095 τοῦ
1827 1069 1876 1094 £1-

1079 1118 1157 1149 τανᾶ,
1181 1116 1228 1143 καὶ
1250 1116 1304 1142 τῶν
1328 1116 1377 1142 σὺν
1395 1115 1469 1150 αὐτῷ
1493 1114 1634 1149 δυνάμεων
1661 1112 1806 1148 πονηρῶν,
1830 1113 1874 1143 οὖς

1079 1164 1135 1194 τοῖς
1160 1162 1213 1188 τῶν
1239 1161 1429 1197 ὲργοδιωκτῶν
1450 1160 1580 1195 ὀνόμασιν
1609 1160 1626 1194 ἡ
1650 1159 1712 1186 Θεία
1742 1159 1872 1193 σημαίνει

1081 1208 1174 1244 Γραφή
1183 1216 1190 1223 ·
1206 1207 1250 1234 τὶν
1266 1207 1382 1243 π’)νηρὺν
1393 1207 1422 1233 δὲ
1436 1206 1626 1242 περισπασμὸν
1638 1206 1723 1240 φαίην
1736 1205 1772 1232 ἂν
1787 1205 1873 1238 ἔγωγε

1079 1253 1168 1285 ταυτὶ,
1183 1253 1279 1288 μεστὸν
1294 1252 1343 1287 μὲν
1359 1251 1470 1287 ἱδρῶτος
1485 1251 1533 1278 καὶ
1549 1251 1642 1283 πόνου,
1656 1250 1874 1284 ἀναπεπλησμέ-

1080 1308 1125 1326 νον
1139 1300 1166 1326 δὲ
1179 1300 1273 1335 ὥσπερ
1288 1299 1374 1334 πηλοῦ
1392 1298 1437 1325 καὶ
1455 1297 1642 1334 ἀκαθαρσίας,
1660 1297 1706 1324 καὶ
1731 1296 1873 1332 βορϐορώ-

1079 1346 1141 1377 δους
1153 1346 1260 1381 ἡδονῆς.
1284 1346 1351 1372 Ἀλλ’
1368 1345 1442 1380 ἠλέει
1459 1345 1506 1371 καὶ
1521 1344 1581 1371 τότε
1596 1343 1662 1375 Θεὸς
1677 1343 1740 1374 τοὺς
1759 1343 1873 1369 dvoma-

1080 1393 1149 1419 τατά
1163 1401 1192 1419 τε
1209 1392 1256 1419 καὶ
1275 1390 1433 1426 ἀγριώτατα
1452 1391 1512 1422 ταῖς
1533 1390 1586 1416 τῶν
1606 1389 1763 1423 Αἰγυπτίων
1783 1388 1872 1414 πλεον-

1081 1439 1165 1471 εξίαις
1182 1439 1410 1475 κατῃκισμένους,
1422 1438 1470 1464 καὶ
1491 1436 1555 1472 παρ’
1573 1435 1639 1462 αὐτὸ
1657 1435 1687 1461 τὸ
1703 1435 1795 1470 χρεὼν
1814 1434 1871 1461 δου-

1080 1484 1216 1516 λεύοντας.
1236 1483 1385 1518 ’Υπουργδν
1400 1483 1456 1518 γὰρ
1468 1482 1518 1516 τῆς
1532 1482 1571 1512 είς
1582 1480 1681 1511 αὐτοὺς
1691 1480 1881 1515 ἡμερότητος,η

246 1532 363 1559 namque
380 1533 436 1551 sua:
452 1532 516 1560 erga
546 1524 607 1551 illos
632 1523 810 1559 benignitatis
834 1522 1026 1550 administrum

1085 1530 1124 1556 τὸν
1139 1531 1303 1565 πανάριστον
1317 1529 1398 1561 εὐθὺς
1417 1530 1534 1555 ἐποιεῖτο
1550 1528 1662 1555 Μωσέα.
1680 1527 1716 1553 “H
1737 1526 1794 1561 γὰρ
1815 1527 1870 1560 οὐχὶ

246 1569 356 1605 Moysen
385 1569 521 1604 optimum
550 1569 642 1595 virum
671 1568 763 1603 elegit.
780 1568 872 1601 Quid?
899 1575 953 1594 non
979 1567 1032 1593 hoc

247 1615 334 1649 ipsum
353 1614 538 1649 comperimus
565 1614 651 1642 Deum
670 1622 734 1648 erga
754 1621 804 1640 nos
822 1614 932 1640 facere?
948 1612 1032 1640 Nobis

245 1660 317 1687 enim
333 1659 360 1686 in
374 1664 485 1693 peccata
501 1659 584 1694 lapsis
601 1657 821 1685 miscricordiam
840 1657 975 1692 impertit,
992 1660 1031 1683 at-

246 1713 299 1740 que
310 1705 337 1731 in
347 1705 469 1731 onmium
490 1704 621 1731 cordibus
632 1704 706 1731 illico
722 1711 798 1731 suam
818 1703 906 1738 legem
923 1702 1030 1735 inserit,

246 1759 306 1786 quae
323 1751 398 1778 velut
417 1751 552 1779 mediator
568 1750 680 1786 quidam
700 1750 733 1777 ad
748 1750 863 1777 liberam
885 1758 936 1777 nos
952 1753 1031 1776 revo-

245 1801 289 1825 cet
303 1798 396 1825 vitam.

282 1843 379 1869 PALL.
396 1843 520 1878 intelligo
537 1841 610 1877 quod
627 1841 707 1869 dicis.

280 1888 359 1915 CYR.
393 1888 476 1915 Visne
498 1888 592 1923 igitur,
620 1887 672 1922 35
696 1891 737 1919 ut,
768 1886 884 1914 historia
909 1885 1031 1912 breviter

246 1933 455 1968 comprehensa,
473 1933 562 1968 quoad
581 1933 640 1959 tieri
664 1932 776 1967 poterit,
795 1931 975 1966 congruentia
989 1930 1031 1958 di-

246 1979 362 2006 eamus?

284 2023 381 2051 PALL.
391 2023 506 2051 Maxime
521 2031 598 2050 vero.

281 2068 360 2096 CYR.
395 2068 441 2095 Sic
457 2068 542 2103 igitur
561 2068 694 2102 scriptum
706 2071 767 2094 est:
790 2067 873 2094 «Post
901 2067 958 2094 hrec
991 2066 1032 2093 in-

247 2123 359 2151 gressus
370 2119 411 2142 est
425 2115 531 2150 Moyses
546 2119 574 2142 et
588 2114 678 2142 Aaron
689 2115 722 2142 ad
740 2115 910 2142 Pharaonem
922 2123 929 2147 ;
943 2119 970 2141 et
987 2114 1031 2141 di-

1082 1575 1128 1601 xal.
1140 1576 1179 1606 εἰς
1194 1576 1266 1610 ἡμᾶς
1284 1575 1380 1606 αὐτοὺς
1397 1574 1474 1601 τοῦτο
1493 1573 1600 1608 δρῶντα
1617 1572 1681 1599 Θεδν
1699 1572 1868 1608 εὐρήσομεν;

1082 1620 1277 1655 Διωλισθηκόσι
1291 1621 1345 1656 γὰρ
1362 1622 1427 1656 ἡμῖν
1440 1621 1479 1652 εἰς
1497 1620 1643 1656 ἁμαρτιας,
1656 1619 1801 1655 χαρίζεται
1823 1620 1869 1654 μὲι

1082 1665 1126 1693 τὸν
1141 1665 1224 1698 ἔλεον,
1243 1666 1357 1701 μεσίτην
1370 1665 1397 1692 δὲ
1414 1665 1508 1701 ὥσπερ
1527 1665 1594 1701 πρὸς
1610 1665 1758 1700 ἐλευθέραν
1770 1665 1868 1698 ἀναφέ‹

1083 1719 1164 1746 ροντα
1186 1710 1258 1747 ζωὴν
1283 1712 1312 1738 ὲν
1331 1712 1389 1742 ταῖς
1408 1711 1534 1738 ἁπάντων
1559 1710 1683 1746 καρδίαις
1705 1710 1750 1737 τὸν
1773 1712 1868 1738 οἰκεῖον

1082 1757 1163 1788 εὐθὺς
1183 1757 1270 1792 ἐνίησι
1286 1757 1376 1792 νόμον.

1118 1843 1222 1870 ΠΛΛΛ.
1235 1843 1349 1879 Συνίημι
1360 1843 1374 1870 ὃ
1383 1843 1447 1879 φής.

1117 1890 1198 1916 ΚΥΡ.
1215 1889 1307 1916 Βούλει
1319 1890 1351 1924 δὴ
1368 1887 1426 1921 οὖν,
1444 1889 1474 1916 τὸ
1491 1889 1591 1921 πλάτος
1605 1889 1654 1924 τῆς
1672 1888 1792 1924 ἱστορίας
1807 1889 1863 1915 ἐπι-

1081 1936 1218 1970 τεμόντες,
1235 1935 1271 1967 ὡς
1286 1935 1324 1962 ένι
1337 1935 1370 1962 τὰ
1383 1935 1476 1962 εἰκότα
1490 1935 1630 1970 λέγωμενς

1117 2021 1221 2049 ΙΙΔΛΛ.
1238 2021 1294 2048 Καὶ
1310 2022 1392 2057 μάλα.

1117 2065 1378 2104 ΚΥΡ.”Γέγραπται
1393 2069 1482 2097 τοίνυν
1504 2069 1570 2096 ὠδί’
1589 2079 1598 2095 ι
1624 2068 1677 2096 Καὶ
1700 2069 1765 2104 μετὰ
1783 2069 1861 2096 ταῦτα

1082 2115 1189 2150 εἰσῆλθε
1205 2115 1306 2153 Μωσῆς
1325 2117 1371 2142 καὶ
1392 2115 1497 2151 Ἀαρὼν
1514 2115 1582 2150 πρὸς
1597 2115 1712 2151 Φαραὼ,
1734 2115 1778 2142 καὶ
1792 2113 1861 2141 εἶπον

248 2166 347 2190 xerunt
359 2162 384 2189 ei
398 2171 403 2188 :
420 2161 484 2189 Haec
497 2161 563 2188 dicit
573 2161 703 2188 Dominus
714 2161 786 2188 Deus
801 2161 883 2188 Israel
897 2170 903 2188 z
920 2161 1030 2188 Dimitte

1085 2161 1165 2196 αὐτῷ·
1186 2161 1255 2187 Τάδε
1270 2160 1345 2194 λέγει
1366 2160 1468 2197 Κύριος
1488 2162 1501 2188 ό
1519 2161 1584 2192 Θεὸς
1614 2160 1736 2196 Ἰσραήλ·
1759 2161 1865 2194 Ἐξαπά-

248 2208 379 2243 populum
399 2214 501 2238 meum,
516 2211 546 2234 ut
564 2206 630 2233 mihi
653 2206 752 2234 festum
777 2206 919 2234 celebrent
934 2207 962 2234 in
981 2206 1031 2234 de—

247 2257 331 2281 serto.
348 2253 382 2280 Et
397 2252 466 2279 dixit
480 2252 602 2279 Pharao:
616 2251 683 2285 Quis
694 2255 746 2284 est,
760 2256 790 2279 ut
807 2252 916 2279 audiam
936 2259 1031 2279 vocem

247 2297 317 2332 ejus,
339 2301 369 2323 ut
394 2296 531 2323 dimittam
552 2295 622 2323 filios
648 2296 750 2323 lsrael?
766 2297 826 2324 Non
849 2297 912 2323 novi
938 2297 1032 2323 Domi-

249 2350 324 2375 num,
337 2347 365 2369 et
380 2342 462 2369 lsracl
482 2350 536 2369 non
560 2341 695 2369 dimittam
709 2342 730 2368 '.
750 2351 758 2366 ι
781 2342 884 2378 Moyses
909 2342 983 2369 enim
1009 2345 1038 2369 et

249 2388 336 2416 Aaron
353 2396 387 2416 ex
398 2387 586 2423 [Egyptiorum
598 2388 708 2423 regione
729 2395 761 2415 ac
776 2393 847 2415 terra
864 2387 964 2415 dimitti
984 2387 1032 2415 de-

248 2435 313 2462 bere
335 2435 467 2470 populum
494 2434 577 2461 lsrael
607 2433 815 2467 conﬁrmabant,
844 2434 899 2461 Deo
925 2433 959 2460 ad
991 2433 1032 2461 fc-

249 2485 320 2508 stum
348 2480 483 2515 agendum
511 2483 652 2506 evocante.
694 2480 805 2507 Festum
840 2479 913 2507 enim
940 2487 1035 2506 revera

248 2530 290 2552 est
314 2529 416 2552 coacta:
443 2524 584 2552 servitutis
611 2532 626 2551 a
659 2532 688 2552 se
714 2525 809 2560 jugum
831 2529 969 2557 excutere,
1007 2529 1035 2552 et

250 2571 278 2598 in
315 2571 362 2599 Dei
392 2578 453 2598 esse
491 2575 625 2606 prmterea
660 2575 811 2606 potestate.
845 2579 960 2606 qumque
995 2571 1034 2598 illi

249 2622 325 2653 grata
369 2621 433 2645 sunt
477 2617 610 2652 exsequi,
641 2617 750 2644 nemine
795 2617 968 2650 obsistente,
1005 2618 1033 2645 id

250 2669 299 2696 est,
321 2663 430 2690 nemine
448 2668 561 2698 cogente
593 2663 626 2690 ad
644 2662 671 2689 id
692 2663 899 2698 suscipiendum
919 2667 946 2690 et
972 2671 1032 2691 am-

284 2733 294 2747 ²
306 2730 390 2758 Exod.
404 2739 430 2763 v,
450 2730 475 2763 l,
501 2730 528 2757 2.

287 2789 324 2822 (ι)
342 2788 386 2816 Sic
400 2789 460 2816 cod.
475 2789 535 2816 Vat.
548 2788 614 2817 Cod.
634 2789 736 2824 Sirleti,
754 2791 882 2826 ἀνιαρῶν,
901 2789 1021 2818 molesta"

1085 2206 1188 2233 στειλον
1211 2207 1256 2232 τὸν
1281 2206 1344 2232 λαόν
1370 2215 1432 2242 μου,
1458 2207 1502 2233 ἵνα
1527 2215 1572 2242 μοι
1592 2206 1756 2241 ὲορτάσωσιν
1779 2207 1807 2232 ὲν
1830 2208 1859 2241 τῇ

1082 2252 1188 2287 ἐρήμῳ.
1207 2251 1262 2278 Καὶ
1277 2250 1337 2278 εἷπε
1350 2251 1459 2288 Φαραώ·
1475 2252 1522 2283 Τίς
1537 2253 1620 2282 ἐστιν,
1634 2247 1665 2278 οὗ
1679 2250 1858 2286 εἰσακούσομαι

1083 2297 1132 2330 τῆς
1151 2295 1243 2330 φωνῆς
1270 2296 1463 2328 αὺτοῦ,ιῶστε
1494 2295 1683 2329 ἐξαποστεῖλαι
1709 2295 1768 2327 τοὺς
1793 2296 1857 2326 uio);

1091 2343 1216 2378 Ἰσραήλ;
1233 2343 1289 2369 Οὐκ
1303 2341 1360 2369 οἴδα
1377 2343 1422 2369 τὸν
1438 2342 1550 2377 Κύριον,
1566 2342 1612 2370 καὶ
1630 2342 1676 2368 τὸν
1702 2341 1803 2377 Ἰσραὴλ
1814 2342 1859 2368 οὐκ

1085 2386 1264 2419 ἐξαποστελῶ.
1293 2396 1302 2412 ι
1330 2387 1361 2413 Οἱ
1389 2386 1438 2421 μὲν
1463 2386 1517 2422 γὰρ
1545 2387 1617 2422 ἀμφὶ
1645 2386 1744 2413 Μωσέα
1764 2395 1791 2412 τε
1816 2387 1856 2413 καὶ

1092 2433 1205 2468 Ἀαρὼν,
1221 2434 1270 2467 τῆς
1286 2433 1443 2466 Αἰγυπτίων
1459 2433 1551 2468 χώρας
1567 2442 1597 2460 τε
1613 2433 1661 2460 καὶ
1679 2433 1730 2467 γῆς
1749 2433 1855 2460 ἀνεῖσθαι

1083 2478 1137 2505 δεῖν
1151 2477 1348 2504 διεϐεϐαιοῦντο
1369 2479 1414 2505 τὸν
1438 2478 1562 2514 Ἰσραὴλ,
1577 2478 1644 2505 Θεοῦ
1666 2478 1804 2510 καλοῦντος
1822 2480 1855 2510 εἰς

1084 2525 1189 2560 ἑορτήν·
1212 2525 1291 2559 ἑορτὴ
1308 2524 1361 2560 γὰρ
1375 2524 1458 2556 ὅντως
1475 2525 1577 2560 ἀληθὴς
1588 2525 1633 2551 τὸν
1647 2525 1697 2559 τῆς
1709 2525 1854 2560 ἀνεϐελήτου

1082 2571 1203 2602 δουλείας
1217 2570 1403 2597 ἀπολύσασθαι
1424 2570 1515 2605 ζυγὸν,
1532 2571 1579 2598 καὶ
1594 2571 1647 2597 ὑπὸ
1666 2570 1725 2606 Θεῷ
1742 2571 1853 2604 γενέσθαι

1082 2616 1183 2649 λοιπὸν,
1204 2616 1251 2642 καὶ
1270 2616 1305 2642 τὰ
1319 2616 1393 2651 αὐτῷ
1406 2616 1516 2652 Ουμήρη
1531 2616 1662 2652 πληροῦν,
1679 2616 1852 2650 ἀντεξάγοντος

1082 2662 1198 2695 οὐδενὸς,
1217 2662 1301 2697 ἤγουν
1319 2662 1351 2689 τὸ
1369 2662 1443 2698 αὑτῴ
1465 2661 1560 2690 δοκοῦν
1585 2661 1743 2690 ἀνθελέσθαι
1767 2670 1794 2689 τε
1814 2662 1851 2688 καὶ
