1924 3043
80 112 125 140 159

454 114 498 142 DE
517 112 739 141 ADORATIONE
757 112 791 140 IN
808 112 945 142 SPIRITU
966 114 1010 141 ET
1031 114 1214 142 VERITATE.
1235 115 1300 142 LIB.
1322 114 1341 141 l.

1663 111 1713 138 190

81 171 185 206 ἀγαπᾷν
200 170 420 205 ἀναγκάζοντος.
441 171 655 206 Ἀθυρογλωττεί
673 171 701 197 δὲ
717 171 777 199 λίαν
793 172 808 197 ὁ
823 171 876 197 Φα-

934 174 1114 209 ρῐοοιυιιιίυιιι,
1136 174 1209 209 quod
1226 174 1279 201 sibi
1299 173 1436 200 videatur.
1456 171 1590 198 Caztcrum
1604 170 1713 198 Pharao

80 215 140 252 ραὼ,
157 216 204 242 καὶ
229 217 282 251 τῆς
296 216 344 243 τοῦ
359 217 425 243 Θεοῦ
440 217 519 252 δόξης
533 216 785 252 καταθρασύνεται,
803 218 871 252 μήτε

78 264 118 289 τὸν
131 262 233 297 Κύριον
250 263 328 294 ὅστις
343 263 409 289 ποτέ
422 264 494 289 ἐστιν
511 263 609 289 εἰδέναι
622 263 719 297 λέγων,
734 263 802 298 μήτε
819 263 872 298 μὴν

78 309 180 343 ἀνήσειν
191 308 238 334 τὸν
262 308 385 344 Ἰσραήλ.
402 308 559 343 Καταλήγει
573 309 600 335 δὲ
612 309 736 344 οὐδαμῶς
746 310 760 335 ὸ
773 309 872 335 θεσπέ-

79 362 130 385 σιος
147 352 264 387 Μωσῆς,
290 353 524 389 ἀποπεραίνεσθαι
541 353 569 380 δὲ
584 353 637 380 δεῖν
651 354 681 380 τὸ
701 354 740 389 τῷ
755 354 814 390 Θεῷ
829 354 873 381 δο-

79 399 136 426 κοῦν
150 396 180 425 εὖ
196 399 274 434 μάλα
288 399 495 434 διισχυρίζεται.
512 400 744 435 Παραποδίζοντος
760 401 814 436 γὰρ
835 402 874 432 εἰς

79 443 231 480 ἐλευθερίαν
251 444 325 471 ἰέναι
341 444 387 471 τοῦ
402 446 518 476 Σατανᾶ,
535 446 598 478 τοὺς
612 446 691 481 οἵπερ
708 445 740 472 ἂν
757 444 810 474 εἷεν
829 447 874 473 ὑπ’

79 490 146 525 αὑτῷ
168 491 320 524 γεγονότες
339 492 565 526 κατανδρίζεσθαι
585 491 653 528 χρὴ,
681 492 727 518 καὶ
747 493 875 527 ἀμείνους

79 536 198 570 γίνεσθαι
211 537 319 569 παντὸς
335 537 395 572 μὲν,
411 537 499 572 οἶμαι,
510 537 571 572 δίχα
587 538 758 574 κωλύματος,
775 538 875 574 ἥκιστα

80 583 162 618 γεμὴν
185 583 309 618 ὁρᾶσθαι
339 583 452 615 δειλοὺς,
483 584 540 610 ἀλλ’
561 584 701 618 ἐγκεῖσθαι
726 584 874 618 λέγοντας·

83 637 92 654 ι
111 628 140 654 ὐ
154 627 221 666 Θεὸς
233 627 294 654 τῶν
312 628 446 663 Ἐϐραίων
458 629 661 664 προσκέκληται
672 630 757 664 ἡμᾶς.
773 629 877 664 Πορευ-

84 673 178 708 σὸμεθα
193 671 241 700 οὖν
256 674 318 700 ὁδὸν
331 675 414 710 τριῶν
425 675 538 710 ἡμερῶν
552 676 592 707 είς
604 675 653 710 τὴν
668 675 787 711 ἔρημον,
803 676 876 707 ὅπως

83 720 204 755 θύσωμεν
226 719 268 755 τῷ
289 720 351 755 Θεῷ
368 720 464 756 ἡμῶν,
488 721 525 757 μή
551 729 614 747 ποτε
633 722 787 757 συναντήσῃ
812 722 877 756 ἡμῖν

84 767 191 798 θάνατος
207 767 224 801 ἦ
240 767 337 801 φόνος.
358 777 366 792 ι
385 767 470 793 Ταυτὶ
483 767 537 803 γὰρ
551 768 615 802 ἡμῖν
630 769 676 794 καὶ
694 769 707 794 ὁ
722 768 802 802 σοφὸς
817 768 878 793 τότε

83 812 253 847 διεκεκράγει
265 813 380 848 Μωσῆς.
396 813 433 839 Οὺ
445 812 499 848 γὰρ
509 813 541 848 δὴ
553 813 614 839 καθ’
627 813 786 848 ὁμοιότητα,
798 814 876 848 φησι,

85 860 127 894 τὴν
152 859 220 894 πρὸς
248 860 336 894 ὑμᾶς,
362 856 384 886 ὧ
411 859 571 894 Αἰγύπτιοι,
603 859 701 895 μόσχος
726 861 793 894 ἡμῖν
821 861 877 891 τοῖς
894 858 914 886 Β

90 905 219 941 Ἑϐραίοις
239 905 272 931 τὸ
291 905 384 937 σέϐας,
405 905 462 931 ἀλλ’
480 905 540 932 οὐδὲ
560 906 617 938 σῦς,
641 906 658 941 ἦ
674 906 762 941 αἲξ,ἢ
780 905 878 941 βρέτας

87 952 184 988 ἀνδρὸς,
194 953 242 979 καὶ
254 953 367 988 πτηνῶν
375 953 561 988 ἀποσκίασμα,
571 953 618 979 καὶ
627 953 751 988 ἑρπετῶν
763 953 876 985 εἰκόνες,

87 999 116 1025 τὰ
129 1000 155 1024 ἐν
171 999 267 1034 σηκοῖς
286 998 426 1034 ἱδρυμένα.
447 997 639 1033 Ἐπικέκληται
651 998 678 1025 δὲ
697 999 769 1033 ἡμᾶς
785 1000 798 1024 ὁ
813 998 878 1029 Θεῖς

90 1046 130 1071 1.1".
142 1045 296 1079 Δεσπῦτης,
312 1045 342 1076 ὃς
357 1045 417 1071 τόδε
433 1044 544 1079 σύμπαν
567 1045 766 1080 διετεκτήνατο.
785 1045 878 1078 Μέγας

88 1089 128 1117 οὖν
143 1092 207 1127 ἄρα,
229 1092 278 1118 καὶ
297 1093 353 1123 τοῖς
368 1091 526 1125 Αἰγυπτίων
545 1090 724 1123 ἀσύντακτος,
744 1091 791 1118 καὶ
809 1091 879 1126 ὑπὲρ

90 1138 172 1165 πᾶσαν
188 1138 238 1173 τὴν
257 1137 348 1165 κτίσιν
360 1159 366 1170 ,
383 1138 397 1164 ὁ
413 1137 467 1164 τῶν
487 1136 621 1172 Ἐϐραίων
638 1137 720 1169 Θεὸς,
735 1137 763 1168 ὃς
777 1138 816 1168 εἰς
831 1137 879 1172 τὴν

91 1185 185 1218 ἔρημον
213 1184 292 1218 ἡμᾶς
319 1183 414 1216 καλεῖ,
442 1184 491 1219 τὴν
514 1183 661 1218 εὐάρεστον
684 1182 758 1218 αὐτῷ
785 1182 879 1208 θυσίαν

93 1229 323 1264 προςκομιοῦντας
337 1230 404 1256 ἐκεῖ.
425 1230 590 1264 Σκοτισμὸς
610 1230 657 1263 μὲν
676 1226 722 1255 οὖν
737 1228 875 1262 Αἴγυπτος

92 1275 256 1310 ὀνομάζεται,
272 1276 375 1311 χρῆναι
389 1275 416 1302 δὲ
433 1273 510 1310 οἶμαι
524 1276 587 1307 τοὺς
604 1276 682 1310 οἷπερ
697 1275 780 1310 ἐσμὲν
798 1284 880 1301 πνευ-

96 1321 207 1354 ματικῶς
228 1321 412 1356 προσΰάλλειν
430 1323 487 1353 τοῖς
506 1322 534 1348 ἐν
557 1322 622 1357 σκιᾷ
645 1321 692 1347 καὶ
706 1321 812 1352 τύποις.
835 1322 881 1346 Δεῖ

95 1367 142 1401 γὰρ
164 1368 236 1402 ἡμᾶς
258 1367 465 1402 ἁποφοιτῶντας
484 1365 513 1394 εὖ
530 1368 601 1402 μάλα
617 1368 715 1399 παντὸς
731 1365 807 1402 οἶμαι
829 1375 880 1393 που

97 1414 247 1449 πρᾶγματος
253 1414 303 1440 τοῦ
315 1416 492 1441 κατασκοτεῖν
505 1414 629 1445 εἰωθότος
639 1434 645 1446 ,
656 1414 702 1440 καὶ
711 1413 805 1448 ὥσπερ
823 1413 882 1440 τινὰ

96 1460 176 1495 χώραν
198 1460 386 1495 ἐκϐεϐηκότας
405 1460 453 1496 τὴν
471 1460 523 1486 ὑπὸ
540 1460 578 1495 τῷ
594 1460 718 1496 τυράννῳ
733 1459 880 1494 κειμένην,

98 1507 160 1541 φημὶ
177 1507 208 1542 δὴ
221 1507 260 1542 τῷ
280 1507 396 1542 Σατανᾷ,
412 1507 443 1533 τὸ
459 1507 486 1533 ὲν
502 1506 650 1542 ἁμαρτίαις
664 1505 784 1537 εῠκολον,
801 1513 881 1540 μετα-

98 1555 186 1588 χωρεῖν
208 1553 372 1587 ἐπείγεσθαι
393 1552 526 1584 νεανικῶς
551 1553 591 1584 είς
615 1553 760 1588 ἀνειμένην
785 1560 814 1578 τε
834 1552 882 1578 καὶ

99 1599 285 1635 καθαρωτέραν
297 1598 380 1634 ζωὴν,
391 1599 438 1625 καὶ
450 1597 586 1629 πολιτείας
598 1597 710 1632 ἐννόμου
721 1597 883 1632 διαστείχειν

100 1645 160 1677 ὁδὸν,
175 1647 222 1680 οὐχ
239 1645 427 1681 ὑποκειμένην
443 1645 563 1680 δαίμοσι·
586 1644 758 1679 δυνησόμεθα
781 1643 835 1678 γὰρ
852 1641 881 1670 εὖ

99 1691 150 1717 τότε
175 1691 238 1722 τοὺς
262 1691 317 1726 τῆς
337 1690 510 1726 δικαιοσύνης
535 1690 657 1726 καρποὺς
682 1689 827 1716 καταθύειν
845 1689 884 1725 τῷ

100 1737 162 1772 Θεῷ.
175 1738 270 1763 Στέλλε
277 1737 338 1764 σθαι
354 1737 382 1763 δὲ
398 1737 452 1764 δεῖν
466 1737 529 1768 τοὺς
544 1735 572 1769 ἐξ
600 1735 707 1771 Ἰσραὴλ
721 1736 779 1762 ὁδὸν
801 1735 884 1770 τριῶν

101 1782 200 1817 ἡμερῶν
222 1781 409 1808 διεῆεὸαιοῦτο
421 1782 490 1808 κατὰ
503 1782 552 1817 τὴν
567 1781 684 1817 ἔρημον,
699 1781 728 1807 τὸ
746 1780 783 1816 μὴ
800 1780 884 1815 ἐγγὺς

103 1826 230 1855 εἶναιτῶν
252 1829 307 1864 τῆς
329 1829 497 1864 φαυλότητος
519 1830 589 1864 ὅρων
610 1827 657 1854 καὶ
679 1827 749 1862 ζωῆς
769 1826 821 1862 τῆς
841 1836 887 1853 τυ-

104 1875 279 1910 ραννουμένης
296 1875 339 1901 διὰ
359 1874 453 1901 τούτου
473 1873 570 1909 δηλῶν.
590 1874 745 1909 Σκήπτεται
759 1872 786 1898 δέ
801 1881 826 1898 τι
841 1871 888 1898 καὶ

104 1922 175 1955 copim
195 1923 208 1947 ὁ
226 1921 373 1952 θεσπέσιος
385 1921 497 1956 Μωσῆς,
521 1920 567 1947 καὶ
586 1919 751 1955 εὐαφόρμως
772 1918 804 1954 δὴ
826 1918 887 1944 λίαν

103 1967 325 2002 ἀπονοστίζεσθαι
342 1968 396 1994 δεῖν
421 1968 471 2002 τῆς
493 1966 630 2000 Αἰγύπτου
651 1965 733 2000 φησὶν
753 1965 816 1996 τοὺς
836 1964 887 1990 ὑπὸ

106 2011 164 2038 Θεοῦ
180 2013 379 2048 κεκλημένους·
399 2021 408 2038 ε
432 2013 477 2048 Μή
499 2020 557 2043 πως
573 2011 627 2047 γὰρ
650 2012 803 2046 συναντήσῃ
823 2011 888 2046 ἡμῖν

105 2057 217 2090 θάνατος,
235 2069 243 2085 ι
268 2060 357 2094 φησὶν,
375 2069 383 2085 ι
403 2059 419 2094 ἥ
434 2059 523 2093 φόνος.
546 2067 556 2083 θ

924 219 1009 247 nimia
1029 219 1127 254 linguae
1142 218 1252 245 licentia
1270 218 1369 251 utitur,
1383 221 1411 244 et
1430 216 1563 244 adversus
1578 215 1627 243 Dei
1652 217 1712 251 glo-

924 267 993 294 riam
1017 266 1113 293 audaci
1133 266 1286 293 temeritate
1305 265 1405 296 fertur,
1425 272 1457 291 ac
1475 263 1632 294 Dominum,
1649 263 1697 298 qui

924 322 987 342 nam
1008 313 1053 340 ille
1069 313 1114 344 sit,
1134 320 1162 340 se
1172 320 1253 339 nosse
1264 317 1356 347 negat,
1378 319 1429 338 nec
1445 310 1659 338 commissurum
1670 316 1712 341 se,

926 366 955 388 ut
970 359 1053 387 Israel
1065 358 1196 386 dimittat.
1213 357 1265 385 Sed
1281 359 1377 385 beatus
1394 358 1497 393 Moyses
1523 356 1637 383 minimc
1661 355 1712 382 de-

924 407 1006 437 sistit.
1024 405 1127 439 Deique
1143 405 1312 431 voluntatem
1325 403 1419 438 perlici
1434 406 1561 437 oportere
1578 401 1712 428 audacter

926 453 1078 480 conﬁrmat.
1095 451 1163 478 Nam
1189 450 1290 477 Satana
1305 457 1363 479 cos,
1383 449 1429 483 qui
1454 449 1493 475 in’
1508 455 1557 475 sua
1576 451 1712 482 potestate

926 498 991 530 sint,
1012 497 1188 532 impediente,
1205 504 1240 522 ne
1260 495 1292 521 ad
1312 495 1466 521 libertatem
1495 493 1712 528 recuperandam

926 544 1051 575 tendant,
1073 542 1226 570 curandum
1244 541 1298 568 illis
1319 544 1371 573 est,
1393 544 1423 567 ut
1436 540 1554 567 viriliter
1568 545 1659 575 agant,
1685 543 1714 566 et

926 589 1018 616 omnia
1031 588 1226 623 impedimenta
1241 587 1362 617 vincant,
1377 586 1544 620 minimeque
1566 586 1653 612 timidi
1671 585 1713 611 vi-

926 636 1053 667 deantur,
1074 634 1141 669 quin
1171 633 1265 668 politis
1295 632 1400 659 instent
1432 631 1581 658 dicentes:
1613 641 1622 655 ι
1642 630 1714 657 Deus

927 683 1104 711 Hebraeorum
1119 681 1228 709 vocavit
1241 688 1301 708 nos.
1318 679 1422 706 Ibimus
1437 678 1520 713 igitur
1534 677 1605 704 viam
1630 677 1714 703 trium

928 731 1034 758 dierum
1048 731 1076 757 in
1096 730 1246 760 desertum,
1267 732 1298 754 ut
1318 726 1504 754 sacriﬁcemus
1532 725 1587 752 Deo
1609 729 1714 754 nostro,

927 785 962 804 ne
986 777 1057 803 forte
1073 779 1202 802 occurrat
1221 774 1302 800 nobis
1319 780 1394 799 mors
1411 775 1458 798 aut
1475 770 1564 798 caedes
1577 769 1610 795 3".
1629 779 1637 794 ›
1652 769 1716 795 llaec

928 823 1001 850 enim
1015 822 1099 849 verba
1114 821 1196 848 nobis
1210 827 1318 855 quoque
1337 823 1401 846 tunc
1420 818 1530 852 sapiens
1542 816 1584 843 vir
1611 815 1718 850 Moyses

929 877 984 896 non
999 868 1057 895 sine
1070 867 1145 894 vocis
1163 865 1340 894 contentione
1365 863 1483 891 dicebat.
1504 862 1599 896 Neque
1630 861 1716 892 enim,

928 914 1029 949 inquit,
1061 913 1175 949 perinde
1197 920 1227 939 ac
1257 918 1316 943 vos,
1336 918 1352 937 ο
1371 909 1502 944 ὧὲδτριίἱ,
1524 908 1641 935 vitulum
1667 913 1720 933 nos

929 959 1035 986 Hebraei
1050 965 1226 989 venerantur,
1244 963 1334 990 neque
1360 962 1437 982 suem
1457 958 1505 981 aut
1521 960 1642 988 capram,
1671 955 1719 978 aut

929 1006 1050 1032 hominis
1076 1004 1203 1039 efﬁgiem,
1228 1001 1439 1035 volucriumque
1469 999 1649 1027 animantium
1667 997 1718 1024 ad—

929 1052 1083 1079 umbratam
1093 1050 1221 1081 formam,
1237 1052 1286 1076 aut
1307 1046 1474 1081 reptmttium
1493 1044 1638 1079 imagines,
1657 1051 1718 1078 quae

930 1097 958 1124 in
976 1096 1077 1123 vestris
1094 1095 1226 1122 collocata
1252 1097 1316 1119 sunt
1334 1091 1453 1126 templis.
1469 1090 1523 1117 Sed
1542 1088 1652 1116 vocavit
1668 1095 1720 1114 nos

930 1143 1003 1169 Deus
1017 1149 1049 1168 ac
1062 1140 1205 1170 Dominus,
1227 1138 1275 1172 qui
1291 1137 1344 1164 hoc
1360 1136 1520 1163 universum
1537 1138 1580 1161 est
1597 1132 1719 1160 fabrica-

931 1193 985 1215 tus.
999 1188 1111 1222 Magnus
1125 1190 1217 1213 autem
1237 1189 1289 1216 est,
1310 1187 1338 1210 et
1360 1190 1423 1209 cum
1443 1180 1578 1215 [Egyptiis
1596 1179 1649 1206 diis
1666 1178 1719 1204 mi—

931 1236 1005 1262 nime
1031 1232 1227 1264 recensendus,
1248 1237 1332 1265 supra
1351 1231 1505 1256 creaturam
1533 1233 1642 1260 quoque
1659 1231 1719 1250 om-

930 1289 1003 1313 nem,
1022 1280 1200 1307 llebrarorum
1219 1278 1303 1308 Deus,
1319 1275 1367 1310 qui
1391 1281 1441 1300 nos
1467 1272 1493 1299 in
1514 1272 1654 1299 desertum
1671 1277 1722 1297 vo—

931 1331 984 1359 cat,
1004 1329 1034 1353 ut
1052 1325 1090 1352 ibi
1108 1329 1212 1360 gratam
1229 1323 1280 1358 ipsi
1305 1322 1421 1349 hostiam
1450 1321 1609 1347 oll'eramus.
1632 1318 1721 1353 Atque

931 1373 1063 1409 [Egyptus
1073 1371 1184 1406 quidem
1208 1369 1387 1396 obtcnebratio
1408 1367 1521 1394 dicitur.
1539 1365 1658 1400 Equum
1671 1372 1722 1392 au-

933 1424 986 1446 tem
1000 1425 1059 1445 esse
1074 1416 1204 1447 arbitror,
1226 1419 1256 1442 ut
1282 1422 1342 1447 nos,
1357 1413 1404 1448 qui
1431 1411 1590 1448 spiritualcs
1615 1417 1720 1441 sumus,

932 1463 1113 1499 spiritualiter
1133 1469 1175 1493 ea,
1193 1468 1254 1496 qua:
1274 1459 1302 1486 in
1337 1458 1434 1485 umbra
1455 1460 1483 1484 et
1504 1456 1599 1492 ﬁguris
1620 1453 1722 1482 tradita

933 1512 1007 1541 sunt,
1020 1507 1216 1541 intelligamus.
1232 1505 1286 1539 36
1300 1503 1416 1539 Oportet
1431 1502 1506 1530 enim
1531 1509 1582 1528 nos
1603 1500 1637 1527 ab
1648 1499 1723 1526 omni

933 1562 972 1585 re,
991 1561 1051 1588 quae
1069 1551 1197 1580 tenebras
1214 1549 1356 1576 effundere
1371 1549 1467 1580 soleat,
1486 1547 1643 1582 longissime
1659 1545 1724 1572 abs-

932 1599 1048 1631 cedere;
1078 1601 1106 1624 et
1133 1596 1181 1624 ubi
1211 1603 1246 1623 ex
1271 1595 1317 1621 illa
1336 1594 1467 1621 facilitate
1487 1591 1619 1628 peccandi
1649 1591 1723 1618 velut

934 1645 1046 1680 regione
1066 1643 1184 1678 quadam
1202 1649 1263 1676 quae
1278 1641 1305 1668 in
1322 1639 1441 1676 tyranni,
1461 1639 1569 1666 Satanae
1583 1637 1723 1668 videlicet,

934 1693 1071 1725 potestate
1092 1689 1138 1721 sit,
1149 1686 1361 1717 execsscrimus,
1376 1689 1433 1712 tum
1458 1684 1492 1711 ad
1515 1683 1630 1710 liberam
1649 1682 1724 1708 illam

935 1736 1129 1771 purioremque
1141 1733 1226 1760 vitam
1246 1735 1358 1758 strenue
1373 1735 1532 1764 properare,
1546 1735 1578 1754 ac
1595 1725 1724 1762 perviam

935 1782 1065 1818 legitima:
1092 1777 1312 1807 conversationis
1336 1775 1487 1806 ambulare,
1508 1772 1650 1800 daemoniis
1674 1770 1727 1797 mi-

934 1817 1009 1856 nime
1028 1826 1178 1862 subjectam
1192 1834 1197 1850 :
1221 1829 1277 1850 tum
1294 1821 1413 1856 denique
1428 1819 1582 1855 poterimus
1606 1817 1662 1844 Deo
1679 1817 1725 1851 jn-

936 1873 1018 1901 stitiaz
1039 1872 1146 1899 fructus
1180 1869 1291 1896 oﬁerre.
1325 1867 1379 1894 Iter
1399 1873 1482 1900 porro
1509 1863 1592 1890 trium
1619 1861 1726 1889 dierum

935 1917 1068 1946 Israelitis
1086 1915 1242 1944 faciendum
1259 1921 1320 1941 esse
1349 1913 1456 1948 Moyses
1476 1909 1646 1937 allirmabat:
1663 1906 1726 1942 qni-

939 1966 991 1992 bus
1008 1963 1101 1992 verbis
1115 1961 1297 1998 signiﬁcabat,
1317 1958 1476 1994 longissime
1491 1965 1506 1984 a
1522 1955 1653 1991 nequitiae
1674 1958 1729 1981 ter-

941 2010 1032 2041 minis,
1049 2014 1077 2036 et
1091 2008 1124 2035 ab
1136 2015 1168 2034 ca
1186 2007 1252 2038 vita,
1269 2013 1330 2040 quae
1344 2004 1437 2038 iniquo
1456 2001 1597 2030 dominatu
1620 2006 1729 2035 premao

943 2061 997 2089 tur,
1014 2056 1110 2083 abesse
1125 2057 1265 2088 oportere.
1280 2050 1404 2086 Sapienti
1422 2052 1514 2076 autem
1528 2046 1646 2082 quodam
1660 2051 1729 2080 prae-

108 2108 173 2132 textu
185 2106 285 2133 beatus
300 2106 405 2141 Moyses
434 2105 540 2137 utitur,
561 2108 589 2131 ct
608 2102 763 2131 rationabili
789 2102 935 2130 admodum
951 2111 1034 2130 causa
1051 2102 1095 2135 iis,
1115 2100 1164 2136 qui
1195 2107 1210 2126 a
1245 2099 1302 2126 Deo
1338 2096 1427 2124 vocali
1453 2098 1557 2126 essent,
1594 2091 1728 2120 εθοθάθη-

107 2153 163 2180 dum
180 2161 238 2181 esse
257 2153 328 2180 dixit
346 2161 379 2180 ex
400 2152 530 2188 {Egyptoz
551 2151 608 2180 «Ne
623 2151 706 2184 forte,
723 2161 732 2177 ι
750 2151 851 2186 inquit,
870 2160 879 2175 ι
897 2154 1026 2178 occurrat
1036 2149 1116 2177 nobis
1133 2155 1207 2175 mors
1222 2150 1269 2173 aut
1284 2144 1382 2172 caedes.
1398 2153 1408 2169 ι

138 2201 234 2227 ΠΑᾹΛ.
250 2200 309 2227 Καὶ
328 2201 354 2227 τί
377 2200 409 2235 δὴ
423 2183 502 2226 {03w
527 2199 616 2232 ἐστινς
637 2199 746 2234 ἕτοιμον
761 2183 815 2233 γάρ
827 2197 882 2233 οὐχ’

982 2197 1081 2224 PALL.
1107 2194 1179 2228 Quid
1202 2201 1267 2220 vero
1295 2191 1347 2218 hoc
1376 2189 1437 2217 est?
1453 2194 1543 2221 neque
1568 2192 1641 2212 enim
1659 2183 1730 2211 scire

107 2247 154 2277 τοῖς
169 2247 276 2274 θέλουσι
289 2248 370 2274 νοεῖν.

138 2293 213 2320 ΚΥΡ.
234 2292 309 2327 Ἐγὼ
319 2293 426 2328 φράτω·
438 2291 596 2326 Αἰγυπτίοις
607 2288 640 2326 ἦν
656 2291 727 2325 ἔθος,
739 2291 888 2326 τετήρηται

109 2338 134 2380 ξὲ
147 2340 190 2366 καὶ
205 2341 243 2371 εἰς
268 2339 348 2374 δεῦρο
365 2339 440 2374 παρὰ
453 2340 509 2371 τοῖς
527 2338 580 2365 τῶν
599 2338 715 2365 εἰδώλων
736 2346 889 2373 προσκυνη-

110 2386 171 2417 ταῖς,
183 2386 213 2412 τὸ
225 2386 294 2418 δεῖν,
312 2385 503 2420 είσφοιτῶντας
521 2387 550 2411 ὲν
571 2385 662 2420 ἱεροῖς,
679 2383 768 2419 νεκρῷ
779 2392 890 2419 περιτυ-

111 2433 159 2466 χεῖν
178 2431 368 2468 παραιτεῖσθαι
386 2431 502 2466 σώματι.
519 2430 665 2465 Μολυσμὸν
687 2430 741 2465 γὰρ
761 2426 830 2456 εἶναι
845 2429 891 2456 τὸν

113 2478 229 2505 ἀνωτάτω
244 2478 312 2513 φασὶ
326 2477 356 2504 τὺ
367 2477 417 2512 οὐχ
433 2478 507 2509 ὅπως
527 2476 559 2512 δὴ
579 2477 658 2512 μόνον
669 2496 676 2508 ,
691 2475 718 2502 εῐ
734 2484 776 2507 τις
795 2475 892 2506 ἕλοιτο,
909 2491 910 2494 η

113 2522 205 2558 θήγειν,
215 2525 283 2551 ἀλλὰ
292 2523 346 2559 γὰρ
357 2523 408 2550 κᾶν
416 2524 439 2550 εἰ
448 2525 477 2550 ὲν
486 2523 578 2557 ψιλαῖς
589 2521 738 2558 ταυτ[αισ]ὶ
752 2522 894 2556 παραπίπ-

115 2577 150 2596 τοι
162 2570 240 2603 θέαις.
254 2570 361 2597 Οὐκοῦν
375 2570 406 2596 ὲκ
417 2570 470 2596 τῶν
486 2569 561 2604 παρὰ
571 2569 662 2603 σφίσιν
672 2568 742 2594 ὲθῶν
749 2567 893 2594 ἀναπείθει

117 2618 221 2650 φρονεῖν,
235 2617 273 2648 ὡς
288 2616 340 2642 οὐκ
352 2615 384 2642 ἂν
397 2615 501 2649 γένοιτο
515 2614 642 2650 καθαρῶς
656 2614 686 2641 τὸ
705 2613 778 2640 θύειν
791 2614 894 2647 αὐτοῖς,

117 2662 137 2687 εἰ
149 2662 174 2695 ἐξ
188 2663 342 2699 ἀπροόπτου
357 2661 438 2688 ποθὲν
458 2661 536 2687 τοῦτο
551 2660 616 2696 δρᾷν
635 2660 783 2696 ὴργμένοις
803 2668 893 2695 παρα-

117 2706 182 2741 τύχοι
202 2707 297 2742 νεκρὺς
319 2707 336 2741 ἢ
351 2706 440 2740 φόνος,
453 2705 525 2733 τοῦτ’
542 2705 625 2738 ἐστιν,
651 2705 668 2740 ἢ
691 2705 766 2740 νόμῳ
786 2706 894 2739 φύσεως

119 2752 341 2788 τετελευτηκὼς,ἢ
354 2752 406 2778 ὑπὸ
416 2752 462 2779 toﬁ
474 2751 526 2778 τῶν
538 2751 702 2787 φονευόντων
711 2751 893 2786 ἐκϐεϐιασμέ-

132 2797 145 2812 ο

153 2844 172 2859 ’δ
187 2845 267 2873 Exod.
281 2853 308 2876 v,
327 2843 353 2870 ὅ.

941 2242 1119 2278 cupientibus
1130 2239 1288 2275 expeditum
1307 2241 1349 2264 est
1365 2235 1392 2262 id
1408 2233 1570 2267 intelligere.

976 2274 1055 2316 CYR.
1079 2288 1135 2323 Ego
1147 2274 1212 2313 vero
1232 2290 1376 2318 exponam.
1402 2280 1459 2307 Mos
1489 2274 1731 2323 apud/Egyptios

942 2322 1111 2364 inoleverat,
1125 2331 1172 2366 qui
1188 2330 1279 2357 adhuc
1291 2326 1363 2362 apud
1385 2325 1521 2352 idolorum
1538 2322 1657 2348 cultores
1671 2327 1730 2347 ser-

943 2385 1034 2412 vatur,
1046 2385 1075 2407 ut
1090 2378 1190 2413 templa
1201 2376 1335 2403 adeuntes
1346 2373 1432 2400 vitent
1443 2378 1477 2398 ne
1491 2367 1618 2396 cadaveri
1630 2374 1730 2394 occur—

944 2430 1015 2453 rant.
1041 2425 1180 2452 Summam
1199 2421 1273 2449 enim
1298 2417 1486 2453 impurilatem
1501 2423 1561 2442 esse
1577 2414 1655 2441 aiunt
1676 2421 1732 2440 non

944 2472 1027 2500 modo
1047 2475 1145 2506 sponte
1164 2467 1233 2495 illud
1255 2465 1400 2500 attingere,
1418 2462 1466 2490 sed
1484 2461 1526 2489 vel
1548 2461 1576 2487 in
1587 2460 1647 2495 ejus
1660 2459 1732 2486 dun—

946 2523 1019 2546 taxat
1039 2504 1181 2552 aspectum
1207 2514 1358 2541 incurrere.
1373 2510 1458 2545 Igitur
1475 2516 1509 2535 ex
1524 2507 1643 2541 receptis
1661 2504 1733 2540 apud

944 2573 992 2593 eos
1006 2564 1130 2591 moribus
1142 2561 1249 2592 suadet,
1265 2567 1294 2586 se
1313 2564 1382 2592 pure
1396 2555 1551 2583 sacriﬁcare
1571 2561 1626 2580 non
1641 2559 1732 2587 posse,

944 2612 967 2640 si
981 2610 1091 2638 aliunde
1110 2617 1144 2636 ex
1161 2605 1322 2642 improviso,
1343 2603 1390 2630 ubi
1411 2603 1464 2629 hoc
1477 2608 1558 2636 agere
1575 2599 1734 2634 cmpissent,

945 2658 1062 2685 cadaver
1076 2659 1123 2683 aut
1142 2653 1231 2681 caades
1247 2653 1416 2680 occursarct,
1433 2648 1461 2675 id
1484 2651 1536 2679 est,
1559 2646 1603 2673 vel
1628 2649 1733 2672 natura:

945 2705 1005 2739 lege
1025 2707 1161 2733 mortuus,
1192 2700 1234 2726 vel
1250 2698 1284 2725 ab
1302 2695 1448 2724 bomicidis
1472 2702 1522 2728 per
1538 2693 1594 2720 vim
1614 2691 1734 2718 occisus.

947 2736 1032 2778 Vobis
1051 2749 1135 2781 enim,
1168 2745 1269 2780 inquit,
1290 2750 1375 2770 sacra:
1394 2744 1460 2769 sunt
1472 2739 1545 2766 mdes
1567 2745 1600 2766 ac
1622 2736 1736 2764 delubra
