1924 3043
192 97 240 126 191

708 101 735 129 S.
757 102 894 130 CYRILLI
915 104 1149 133 ALEXANDRlNl
1169 106 1326 134 ARCIIIEI‘.

1782 108 1835 135 £92

190 169 320 196 claustris
333 177 364 196 ac
380 169 466 204 portis
478 170 594 202 munita,
612 170 684 199 intra
698 181 759 207 quae
775 182 838 201 cum
858 175 975 210 ingressi

1044 175 1082 198 ος.
1105 165 1185 201 Ὑμῖν
1206 167 1260 201 γὰρ
1277 166 1411 200 ἔφασκεν,
1435 167 1494 202 ἱερά
1513 167 1542 194 τέ
1560 167 1617 194 ἐστι
1640 167 1686 194 καὶ
1702 167 1813 202 τεμένη
1827 188 1833 198 ,

190 215 310 248 fueritis,
325 219 400 243 caste
420 216 588 249 sacriﬁcare,
602 222 633 244 ut
650 218 702 253 ipsi
722 219 895 254 existimatis,
911 222 979 249 licc-

191 260 244 287 hit:
260 268 310 288 nos
336 268 402 287 vero
428 261 455 287 in
473 261 564 289 media
585 263 652 290 urbe
680 265 878 298 sacriﬁcantes,
908 271 936 294 et
952 267 980 294 in

192 305 285 332 triviis
301 310 328 332 et
347 305 375 332 in
399 306 483 340 agris,
514 315 628 335 necesse
651 315 694 336 est
718 310 882 338 cadaverum
901 320 981 347 aspc-

192 356 237 378 etu
257 351 342 386 pollui
363 360 369 378 :
396 352 465 379 nihil
495 354 569 380 enim
599 360 641 382 est
663 356 785 388 omnino,
811 357 883 392 quod
901 366 981 393 aspe-

191 401 265 424 ctum
284 404 412 424 coercere
432 399 528 432 possit.
549 400 587 426 Ac
608 400 741 436 simplicis
765 403 877 437 quidem
897 404 982 431 histo—

191 443 239 470 rite
260 443 331 469 ratio
348 451 382 470 ex
404 443 595 480 Egyptiorum
617 447 743 475 moribus
759 449 981 483 probabilitatem

191 488 285 515 habet.
302 489 398 524 Neque
418 494 509 517 tamen
525 492 615 519 minus
642 498 717 520 recte
739 494 813 521 dicta
834 496 982 530 sapientis—

191 534 252 561 simi
273 535 325 562 viri
346 536 430 563 verba
452 538 670 572 comperiemus,
691 539 714 566 si
733 539 915 575 spiritualiter
942 541 983 567 in—

175 579 366 616 'telligantur.
381 581 496 617 Oportet
512 583 586 610 enim
607 591 657 611 nos
679 587 806 620 tauquam
830 585 858 612 in
873 586 983 614 deserto

192 626 360 659 sacriﬁcare,
380 633 560 663 sanctumque
582 629 682 656 festum
703 630 758 657 Deo
778 632 929 665 celebrare,
950 632 984 660 ab

189 670 381 706 Egyptiorum
399 673 481 700 terris
501 675 667 702 excedentes
684 685 689 702 :
710 676 840 705 vitandus
852 683 985 712 praeterea

191 717 288 744 mortis
301 722 448 752 aspectus;
465 727 553 747 vacuo
565 720 639 747 enim
653 721 755 754 animo,
771 727 799 750 et
824 724 903 759 longe
915 733 929 751 a
944 729 984 752 te—

191 763 286 790 nebris
307 769 422 797 remoto,
444 773 513 800 quas
542 767 661 794 mundus
678 768 806 801 oll‘undit,
825 770 877 805 37
898 771 986 798 oculis

192 817 305 844 quoque
320 811 426 838 aversis
439 811 472 838 ab
490 812 524 838 iis
534 813 627 843 rebus.
641 822 701 848 qua:
717 814 750 842 ad
766 815 907 843 interitum
922 823 984 844 cor-

191 854 402 890 ruptionemque
418 857 583 891 perducunt,
599 859 636 886 ita
653 859 763 887 demum
775 864 848 888 caste
859 861 982 889 omnium

191 901 309 936 principi
324 901 380 928 Deo
391 902 618 930 sacriﬁcabimus.
631 903 719 939 Opera
731 913 848 941 namque
864 911 981 939 mortua,

191 947 283 974 carnis
302 955 385 982 opera
411 953 491 976 sunt:
510 949 702 978 ohtenel)ralio
717 956 808 979 autem
835 953 981 986 mundana,

193 992 240 1019 illa
254 1000 288 1020 ex
303 993 450 1021 laboriosis
474 995 676 1031 inutilibusque
691 998 768 1024 curis
783 1002 864 1032 atque
879 999 983 1026 disten-

193 1038 315 1066 tionihus
330 1040 502 1074 perturbatio
523 1046 604 1077 atque
628 1042 763 1075 confusio,
794 1052 854 1078 qua:
883 1053 984 1080 purum

194 1084 272 1111 illum
290 1089 371 1120 atque
398 1087 567 1121 pellucidum
589 1088 688 1115 mentis
712 1089 842 1116 :ethercm
863 1091 982 1125 polluit;

193 1138 208 1158 a
224 1131 324 1166 quibus
339 1140 400 1160 esse
417 1133 601 1160 recedendum
620 1134 664 1166 iis,
689 1135 737 1171 qui
766 1135 874 1163 sincere
898 1137 984 1164 Deum

193 1178 283 1205 colere
299 1179 394 1211 velint,
406 1179 489 1206 etiam
506 1180 630 1207 historire
643 1181 729 1208 verba
746 1181 874 1209 suadent.

229 1224 326 1251 PALL.
343 1224 372 1251 Id
393 1224 634 1264 quideinvminime
649 1231 691 1254 est
709 1227 858 1254 obscurum
878 1237 884 1254 :
907 1227 984 1255 idco-

194 1277 248 1304 que
261 1269 344 1297 velim
360 1269 415 1304 illa,
433 1279 495 1306 quae
517 1271 649 1308 deinceps
670 1278 834 1308 sequuntur,
849 1282 985 1310 exsequa-

194 1314 244 1341 ris.

229 1361 309 1388 CVR.
325 1361 462 1390 lsraelitas
476 1363 559 1398 igitur
576 1364 809 1398 ardentissimum,
830 1371 859 1393 ut
878 1367 985 1402 opinor,

195 1411 223 1433 et
244 1408 409 1435 acerrimum
431 1410 550 1444 antiquce
570 1411 706 1438 libertatis
724 1412 860 1440 invaserat
876 1413 986 1441 deside-

197 1453 267 1480 rium
295 1462 301 1480 :
326 1462 444 1489 cumque
476 1457 653 1484 vehementer
678 1457 711 1484 ad
737 1466 796 1485 eam
822 1459 984 1493 aspirarent,

1032 211 1145 246 κλεῖθρὰ
1158 221 1187 238 τε
1201 213 1249 239 καὶ
1267 212 1360 243 πύλαι.
1374 209 1411 239 ὧν
1426 214 1491 239 εἴσω
1513 213 1594 249 τυχὸν
1609 213 1834 250 είσδεδραμηκὸ-

1033 266 1074 283 σιν
1098 257 1205 290 ἐξέσται
1231 258 1303 285 θύειν
1329 259 1433 292 ἁγνῶς,
1461 258 1554 293 ὥσπερ
1581 259 1614 286 ἂν
1639 259 1730 286 οἴεσθε
1756 259 1836 286 κατά

1033 304 1102 337 σφᾶς
1119 304 1234 335 αὐτούς·
1257 306 1330 340 ἡμᾶς
1349 305 1377 331 δὲ
1397 305 1504 340 ἀνάγκη
1524 306 1593 332 κατὰ
1611 306 1696 341 μέσην
1711 305 1835 333 Θύονταε

1033 349 1118 380 πόλιν,
1136 350 1164 375 ἐν
1177 351 1292 384 τριόδοις
1304 359 1333 376 τε
1346 352 1392 377 καὶ
1406 352 1434 377 ὲν
1450 351 1554 385 ἀγροῖς,
1566 352 1626 378 ταῖς
1640 351 1693 377 τῶν
1707 349 1832 377 τεθνεώ-

1032 403 1085 421 των
1107 395 1340 431 καταμολὺνεσθαι
1356 397 1440 429 θέαις.
1457 398 1493 424 Τὸ
1514 397 1569 433 γὰρ
1583 398 1716 431 ἀπεῖργον
1738 397 1828 432 ὅροις,

1033 442 1171 474 παντελῶς
1185 442 1271 469 οὐδέν.
1290 444 1343 469 Καὶ
1363 445 1376 470 ὁ
1393 444 1443 478 μὲν
1458 444 1508 478 τῆς
1530 443 1649 479 ἱστορίας
1666 443 1745 477 λόγος
1768 442 1830 477 ἔχοι

1034 487 1067 512 ἂν
1085 488 1150 522 ἡμῖν
1168 488 1205 519 ὡς
1223 489 1252 514 ὲν
1266 488 1339 515 ἔθεσι
1352 489 1406 515 τῶν
1421 489 1576 523 Αἰγυπτίων
1594 490 1632 523 (ι)
1652 489 1682 515 τὸ
1699 488 1829 521 πιθανὸν,

1034 533 1075 567 εἴη
1092 533 1114 559 δ’
1126 533 1159 559 ἂν
1174 533 1261 569 ὀρθῶς
1273 534 1416 570 εἰρημένον
1434 535 1463 561 τὸ
1479 535 1530 562 ὑπὸ
1544 535 1591 561 τοῦ
1605 535 1744 569 πανσόφον
1759 535 1831 562 Μω-

1036 579 1113 610 σέως,
1138 579 1188 605 κᾶν
1213 580 1238 605 εἰ
1260 581 1347 606 νοοῖτο
1372 580 1574 615 πνευματικῶς.
1597 580 1656 615 Χρὴ
1679 579 1734 614 γὰρ
1752 580 1832 614 ἡμᾶς

1034 625 1071 656 ὡς
1089 626 1117 651 ἐν
1137 627 1232 661 ἐρήμῳ
1250 626 1333 659 θύειν,
1355 627 1402 653 καὶ
1420 627 1516 662 ἑορτὴν
1532 627 1612 660 ἁγίαν
1626 626 1832 662 ἁποπεραίνειν

1036 670 1105 705 Θεῷ,
1125 671 1174 706 τῆς
1199 671 1356 705 Αἰγυπτίων
1379 672 1561 706 ἀπαίροντος,
1580 671 1774 706 παραιτεῖσθαι
1801 671 1831 698 δὲ

1036 717 1083 742 καὶ
1098 717 1213 743 Θανάτου
1226 717 1300 744 θέαν.
1315 718 1436 753 Σχολαὶῳ
1449 718 1504 754 γὰρ
1521 717 1559 753 νῷ
1572 718 1618 744 καὶ
1631 717 1762 753 βεϐηκότι
1777 727 1832 753 μα-

1037 763 1107 798 κρὰν
1129 763 1175 789 τοῦ
1197 763 1441 796 κατασκοτίζεσθαι
1463 763 1622 799 κοσμικῶς,
1645 763 1765 791 καὶτῶν
1790 765 1832 796 εἰς

1037 808 1187 843 νεκρότητα
1199 809 1246 835 καὶ
1256 808 1359 844 φθορὰν
1376 809 1614 844 κατακομιζόντων
1627 809 1672 835 τὸν
1686 809 1832 844 ὀφθαλμὸν

1034 853 1269 886 ἀπαλλάττοντες,
1285 854 1403 890 θύσομεν
1427 854 1553 890 καθαρῶς
1569 853 1607 889 τῷ
1629 855 1740 881 πάντων
1762 864 1834 891 κρα-

1033 899 1123 926 τοῦντι
1139 900 1208 935 Θεῷ.
1222 900 1310 936 Ἔργα
1326 900 1355 927 δὲ
1370 900 1465 936 νεκρὰ,
1479 900 1513 927 τὰ
1528 901 1628 936 σαρκὸς
1641 901 1674 927 ἂν
1688 901 1743 936 εἴη.
1761 901 1834 927 Σκο-

1033 946 1128 981 τισμδς
1156 946 1184 973 δὲ
1207 947 1358 982 κοσμικὸς,
1382 948 1397 982 ἡ
1420 948 1451 974 ὲκ
1479 947 1606 982 πονηρῶν
1640 948 1688 974 καὶ
1716 947 1834 974 είκαίων

1036 992 1235 1027 περισπασμῶν
1246 991 1421 1024 ἐπιθόλωσις,
1433 991 1479 1018 τὸν
1492 991 1611 1028 καθαρόν
1625 1001 1655 1019 τε
1669 993 1717 1019 καὶ
1728 992 1834 1028 διαυγῆ

1035 1038 1085 1072 τῆς
1101 1038 1221 1069 διανοίας
1233 1038 1331 1073 αἰθέρα
1353 1038 1590 1073 καταμολύνουσα.
1608 1035 1658 1066 Ὧν
1677 1038 1720 1065 ὅτι
1743 1047 1836 1075 προσ-

1035 1083 1101 1118 ῆκεν
1134 1085 1361 1119 ἀπονοσφὶζεσθαι
1397 1087 1461 1118 τοὺς
1497 1086 1651 1122 εἰλικρινῶς
1685 1087 1835 1123 λατρεύειν

1037 1128 1186 1163 ἐθέλοντας,
1202 1131 1247 1157 καὶ
1265 1132 1278 1157 ὁ
1295 1132 1343 1167 τῆς
1358 1133 1478 1168 ἱστορίας
1491 1134 1566 1168 ἡμᾶς
1582 1133 1724 1160 ἀναπείθει
1740 1134 1834 1168 λόγος.

1073 1225 1175 1252 ΠΛΛΛ.
1192 1227 1246 1253 Καὶ
1261 1227 1313 1262 μὴν
1322 1227 1401 1254 τοῦτὸ
1413 1227 1443 1262 γέ
1453 1230 1528 1256 ἐστιν
1542 1229 1593 1256 οὐκ
1608 1230 1782 1264 ἀσυμφανὲς·
1799 1229 1836 1256 τὰ

1035 1269 1057 1296 δ’
1068 1267 1115 1298 οὖν
1129 1271 1228 1307 ἐφεξῆς
1242 1272 1398 1308 διαπεραινὲ
1416 1282 1471 1309 μοι.

1072 1361 1153 1388 ΚΥΡ.
1171 1361 1239 1392 Τοὺς
1253 1361 1301 1396 μὲν
1314 1359 1360 1388 οὖν
1373 1361 1403 1394 ἐξ
1422 1362 1529 1399 Ἰσραὴλ
1545 1364 1683 1395 δύσοιστος
1698 1363 1778 1399 οἶμαί
1791 1372 1836 1394 τις

1037 1409 1084 1434 καὶ
1107 1408 1204 1444 δριμὺς
1229 1408 1277 1443 τῆς
1304 1409 1420 1444 ἀρχαίας
1447 1410 1602 1446 ἐλευθερίας
1620 1410 1720 1437 εἰσέθει
1738 1410 1834 1442 πόθος

1037 1454 1247 1486 ἀπονενευκότες
1261 1456 1288 1482 δὲ
1299 1455 1349 1490 ἤδη
1365 1455 1431 1489 πρὸς
1440 1456 1527 1489 τοῦτο,
1546 1456 1638 1487 δεινῶς
1652 1466 1719 1493 κατη
1726 1456 1836 1491 ρέθιζον

195 1499 256 1534 ejus
267 1499 331 1531 iras,
346 1501 393 1534 qui
404 1501 457 1528 illis
467 1501 561 1536 jugum
573 1503 714 1530 servitutis
726 1504 901 1538 imposuerat,
914 1514 986 1533 com-

1042 1503 1078 1533 είς
1091 1501 1175 1536 ὀργὰς
1187 1502 1232 1528 τὸν
1251 1502 1306 1533 τοῖς
1319 1501 1367 1536 τῆς
1382 1501 1501 1533 δουλείας
1517 1502 1714 1536 ἐγκαταδέοντα
1729 1502 1834 1536 ζυγοῖς.

196 1550 357 1578 moverunt;
374 1546 421 1580 qui
441 1554 503 1574 cum
519 1548 623 1575 diceret
635 1549 792 1584 hujusmodi
808 1558 898 1577 rerum
914 1551 987 1578 desi-

198 1589 306 1617 derium
321 1599 354 1618 ex
373 1592 430 1619 otio
445 1592 622 1626 descendere,
637 1595 729 1630 aligeri
745 1595 799 1622 illis
813 1604 925 1631 operum
942 1605 988 1624 su-

198 1636 292 1663 dorem
317 1637 494 1672 laboremque
511 1639 601 1674 jussit.
619 1640 711 1675 Itaque
727 1646 755 1668 ut
772 1642 829 1669 sine
848 1642 902 1669 ulla
920 1643 988 1670 dila-

198 1682 273 1710 tione
294 1683 328 1710 ab
346 1684 386 1711 eis
407 1690 600 1719 exposceretur
621 1687 744 1714 consueti
766 1688 858 1722 operis
873 1696 988 1721 summa,

197 1728 338 1763 palearum
354 1737 421 1757 vero
437 1730 552 1757 tributio
576 1736 675 1766 prmter
697 1733 923 1760 consuetudinem
940 1734 989 1762 de-

197 1778 354 1806 negaretur,
369 1774 502 1810 injunxit;
518 1776 626 1803 dicebat
641 1777 713 1804 enim
726 1787 732 1804 :
753 1787 762 1803 ι
777 1779 895 1812 \‘acatis,
909 1780 990 1808 otiosi

197 1819 275 1850 estis,
293 1820 353 1846 ideo
374 1820 476 1854 dicitis,
498 1822 598 1849 Eamus
614 1827 642 1849 et
662 1822 847 1852 sacriﬁcemus
865 1826 921 1853 Deo
939 1835 990 1853 no-

198 1869 265 1891 stro.
291 1865 369 1892 Nunc
389 1866 473 1901 igitur
495 1872 592 1894 euntes
614 1869 767 1902 operamini
791 1871 896 1905 :paleze
917 1872 990 1899 enim

199 1918 254 1937 non
270 1910 418 1944 (labuntur,
441 1917 469 1940 et
485 1921 618 1940 summam
639 1914 750 1942 lateritii
771 1917 862 1951 operis
879 1918 989 1946 dabitis.

198 1955 388 1991 Videbantque
412 1965 440 1985 se
454 1957 557 1986 Scriba:
573 1958 690 1986 ﬁliorum
704 1960 785 1988 lsracl
802 1961 828 1988 in
844 1963 932 1995 malis,
948 1963 991 1990 di-

199 2006 292 2029 centes
309 2011 315 2029 :
329 2003 388 2030 Non
404 2003 532 2031 minuetis
546 2012 560 2030 a
575 2009 676 2032 statuta
688 2014 794 2033 summa
809 2008 925 2036 laterum
943 2018 992 2044 per

200 2048 323 2082 singulos
339 2048 408 2076 dies.
426 2048 613 2076 Occurrcrunt
635 2056 726 2078 autem
748 2052 832 2088 Moysi
852 2058 880 2080 et
901 2054 992 2082 Aaron

200 2093 376 2121 venientibus
393 2095 421 2121 in
435 2103 580 2123 occursum
594 2105 700 2129 eorum,
715 2106 777 2125 cum
795 2100 993 2134 egrederentur

201 2147 216 2166 a
233 2139 384 2172 Pharaone,
399 2146 425 2168 et
437 2142 566 2169 dixerunt
581 2143 635 2170 illis
648 2143 785 2178 :Aspiciat
799 2146 931 2175 Dominus
945 2156 992 2175 su—

202 2193 251 2219 per
274 2193 321 2212 vos
344 2191 372 2213 et
394 2187 509 2222 judicet,
527 2189 655 2223 quoniam
677 2191 871 2219 exsecrabilem
889 2193 986 2222 fee-istis

1044 2188 1108 2219 Θεὸς
1127 2189 1210 2224 ὑμᾶς,
1231 2189 1278 2214 καὶ
1298 2189 1388 2223 κρίναι

203 2231 314 2258 odorem
330 2237 453 2260 nostrum
469 2242 560 2261 coram
578 2235 729 2268 Pharaone,
746 2241 773 2263 et
794 2245 886 2265 coram
907 2240 993 2267 servis

204 2276 273 2311 ejus,
293 2281 323 2303 ut
345 2277 447 2304 daretis
466 2279 586 2313 gladium
610 2280 637 2307 in
659 2289 756 2308 manus
767 2283 826 2317 ejus
840 2284 873 2310 ad
890 2284 995 2312 interﬁ-

204 2322 316 2349 ciendos
337 2330 387 2350 nos
407 2324 428 2350 ⁵.
447 2334 457 2349 ι
482 2324 552 2358 Quid
575 2330 620 2359 tu,
642 2327 742 2362 amice,
767 2336 858 2356 nonne
881 2331 994 2358 verissi—

205 2376 281 2395 mum
293 2376 352 2396 esse
367 2369 451 2403 dices,
466 2371 513 2398 ubi
527 2373 642 2408 cmperit
654 2376 716 2410 quis
730 2376 857 2404 diabolici
870 2376 994 2404 domina-

206 2417 251 2440 tus
262 2414 356 2448 jugum
367 2421 505 2448 excutere,
517 2424 666 2455 contraque
681 2421 766 2449 divini
780 2423 870 2450 cultus
880 2423 993 2457 gleriam

206 2457 365 2490 prmclaram
382 2459 454 2486 illam
469 2465 496 2488 et
510 2462 623 2490 liberam
639 2466 789 2501 suscipere,
802 2475 954 2502 vacareque
967 2471 995 2494 et

206 2509 370 2536 cognoscere
385 2512 458 2538 eum,
475 2508 521 2542 qui
533 2512 574 2535 est
589 2518 651 2538 vere
667 2512 807 2545 Dominus,
821 2517 850 2539 ut
866 2514 893 2539 in
911 2514 986 2540 Psal-

207 2548 259 2575 mis
273 2549 381 2576 canitur
395 2559 401 2577 :
421 2561 430 2577 ι
447 2553 546 2581 Vacate
565 2559 593 2583 ct
611 2557 710 2590 videte,
726 2559 853 2593 quoniam
870 2567 920 2594 ego
932 2566 992 2586 sum

207 2594 279 2621 Deus
302 2594 322 2626 θ,
343 2605 352 2622 ι
377 2601 434 2624 tum
456 2597 513 2627 fore
541 2605 572 2627 ut
593 2601 638 2628 ille
655 2603 682 2629 in
707 2604 863 2637 hujusmodi
884 2605 993 2639 negotio

207 2640 293 2667 otium
313 2650 345 2669 ac
363 2644 484 2672 studium
510 2651 639 2681 tanquam
663 2648 830 2683 impietatem
848 2649 993 2684 quamdam

246 2722 257 2737 ⁸
270 2722 355 2750 Exod.
375 2732 400 2757 ν,
414 2725 447 2751 17
463 2734 522 2761 sqq.
561 2726 572 2742 ⁶
586 2727 657 2754 Psal.
675 2736 736 2760 XLV,
752 2729 776 2756 Ι.

1041 1547 1142 1581 Ἔργον
1159 1546 1186 1572 δὲ
1204 1545 1273 1572 εἶναι
1294 1546 1390 1581 σχολῆς
1409 1547 1457 1578 τὰς
1478 1547 1524 1572 ἐπὶ
1536 1546 1648 1573 τοιοῖσδε
1664 1546 1752 1580 λέγων
1774 1547 1835 1572 ἑπι-

1040 1592 1156 1627 θυμίας,
1174 1592 1410 1626 ὲγκατατείνεσθαι
1433 1592 1508 1627 σφίσι
1532 1593 1576 1618 τὸν
1595 1592 1641 1618 ἐπὶ
1663 1593 1718 1624 τοῖς
1743 1592 1834 1627 ἔργοις

1041 1638 1139 1674 ἱδρῶτα
1152 1638 1268 1671 κελεύει,
1281 1640 1328 1674 τῆς
1343 1639 1392 1674 μὲν
1404 1639 1431 1665 ἐν
1445 1639 1500 1665 ἔθει
1518 1638 1668 1672 συντάξεως
1684 1639 1836 1674 ἀνυπερθέ-

1039 1693 1093 1715 τως
1108 1684 1317 1719 ὲξαιτουμένης,
1333 1685 1567 1720 περιτεμνομένης
1581 1684 1608 1711 δὲ
1627 1684 1771 1720 ἀσυνήθως
1788 1685 1835 1711 αὺ-

1041 1731 1097 1760 τοῖς
1114 1729 1164 1764 τῆς
1179 1729 1232 1756 τῶν
1261 1729 1369 1764 ἀχύρων
1391 1730 1536 1765 διανομῆς·
1559 1730 1677 1764 ἔφασκεν
1696 1731 1768 1766 γὰρ,
1794 1731 1834 1758 ὅτι

1047 1784 1055 1799 ι
1063 1774 1222 1809 Σχολάζετε,
1236 1774 1380 1809 σχολασταί
1391 1775 1463 1805 ἐστε,
1475 1774 1518 1800 διὰ
1528 1774 1607 1800 τοῦτο
1615 1774 1720 1808 λέγετε,
1732 1774 1834 1808 Πορευ-

1042 1819 1132 1855 θῶμεν
1149 1821 1195 1846 καὶ
1210 1820 1334 1855 θύσωμεν
1355 1819 1392 1855 τῷ
1409 1819 1468 1854 Θεῷ
1490 1820 1579 1855 ἡμῶν.
1595 1819 1652 1847 Νῦν
1672 1818 1718 1847 οὖν
1736 1829 1835 1856 πορευ-

1042 1865 1132 1897 θέντες
1149 1866 1314 1901 ἐργάζεσθε·
1330 1866 1359 1892 τὸ
1375 1866 1427 1901 γὰρ
1442 1866 1542 1902 ἄχυρον
1558 1867 1588 1894 οὐ
1606 1866 1766 1902 δοθήσεται,
1786 1867 1833 1894 καὶ

1042 1913 1090 1948 τὴν
1110 1913 1233 1945 σύνταξιν
1254 1913 1303 1948 τῆς
1327 1913 1465 1945 πλινθείας
1487 1914 1562 1940 αὐτοὶ
1584 1912 1694 1941 δώσετε.
1725 1914 1833 1950 Ἐὡρων

1042 1958 1088 1986 οἷν
1104 1960 1128 1985 οί
1142 1960 1318 1995 Γραμματεῖς
1332 1959 1386 1986 τῶν
1401 1960 1466 1986 υἱῶν
1487 1960 1595 1996 Ἰσραὴλ
1611 1961 1723 1992 ἑαυτοὺς
1740 1961 1769 1987 ὲν
1784 1969 1832 1987 κα-

1043 2007 1110 2037 κοῖς,
1126 2005 1260 2040 λέγοντες·
1279 2006 1335 2032 Οὐκ
1349 2006 1509 2041 ἀπολείψετε
1521 2006 1574 2032 ἀπὸ
1588 2006 1639 2041 τῆς
1651 2006 1791 2038 πλινθείας
1805 2007 1833 2033 τὸ

1043 2052 1162 2087 καθῆκον
1174 2053 1206 2087 τῇ
1220 2052 1321 2088 ἡμέρᾳ.
1336 2052 1509 2087 Συνήντησαν
1523 2052 1550 2079 δὲ
1561 2053 1646 2088 Μωσῇ
1663 2053 1709 2078 καὶ
1729 2053 1832 2088 ’Λαρὼν

1043 2097 1200 2132 ἐρχομένοις
1223 2098 1263 2127 εἰς
1295 2097 1455 2132 συνάντησιν
1473 2098 1580 2128 αὐτοῖς,
1608 2098 1833 2132 ἐκπορευομένων

1045 2143 1133 2169 αὐτῶν
1147 2143 1200 2169 ἀπὸ
1210 2143 1256 2169 τοῦ
1267 2144 1376 2180 Φαραὼ,
1388 2145 1435 2170 καὶ
1446 2142 1520 2170 εἷπον
1530 2144 1630 2175 αὐτοῖς·
1651 2143 1809 2179 Ἐπίδοι[τ]ο
1821 2144 1833 2170 ὁ

1433 2189 1474 2215 ὅτι
1497 2188 1656 2221 ὲϐδελύξατε
1674 2189 1722 2224 τὴν
1749 2189 1835 2226 ὀσμὴν

1045 2233 1122 2268 ἡμῶν
1135 2233 1254 2260 ἐναντίον
1270 2234 1378 2269 Φαραὼ,
1390 2234 1436 2260 καὶ
1454 2235 1572 2261 ἐναντίον
1591 2235 1644 2260 τῶν
1661 2234 1834 2269 θεραπόντων

1045 2269 1138 2309 αὑτοῦ,
1155 2280 1244 2307 δοῦναι
1262 2281 1398 2316 ῥομφαίαν
1417 2282 1456 2312 εἰς
1469 2280 1517 2312 τὰς
1533 2282 1625 2316 χεῖρας
1645 2279 1728 2306 αὐτοῦ
1741 2299 1749 2310 ,
1769 2280 1832 2306 ἀπο-

1045 2327 1148 2353 κτεῖναι
1160 2327 1245 2361 ἡμᾶς.
1261 2336 1271 2352 ι
1284 2327 1319 2353 ’Ἡ
1333 2327 1396 2362 γὰρ,
1408 2323 1430 2352 ὦ
1441 2326 1562 2362 φιλότης,
1577 2326 1627 2352 οὐκ
1641 2326 1755 2361 ἀτρεκὲς
1767 2323 1832 2352 εἶναι

1047 2373 1112 2407 φὴς,
1130 2373 1168 2404 ὡς
1190 2372 1300 2399 ἐπειδὰν
1324 2373 1411 2399 ἕλοιτο
1423 2382 1464 2404 τις
1477 2374 1526 2408 τῆς
1539 2371 1586 2398 τοῦ
1602 2371 1726 2398 διαϐόλου
1742 2371 1833 2398 πλεον·

1046 2418 1119 2451 εξίας
1136 2419 1322 2446 ἀπολύσασθαι
1348 2419 1392 2445 τὸν
1407 2419 1496 2454 ζυγὸν,
1521 2419 1567 2446 xa‘t
1588 2419 1618 2445 τὸ
1641 2418 1767 2454 λαμπρὸν
1788 2418 1832 2445 καὶ

1046 2464 1186 2500 ἐλεύθερον
1199 2465 1247 2499 τῆς
1265 2465 1303 2496 εἰς
1324 2464 1390 2491 Θεὸν
1410 2464 1537 2500 λατρείας
1560 2463 1753 2491 ἀντανελέσθαι
1771 2463 1832 2489 χαύ-

1040 2521 1125 2547 χημα,
1141 2513 1269 2548 σχολάσαι
1286 2521 1314 2539 τε
1326 2513 1373 2539 καὶ
1390 2512 1488 2546 γνῶναι
1503 2512 1546 2538 τὸν
1558 2512 1666 2546 ἀληθῶς
1679 2511 1826 2546 Δεσπότην,

1048 2558 1117 2584 κατὰ
1137 2559 1167 2584 τὸ
1186 2559 1214 2585 ἐν
1231 2559 1354 2593 Ψαλμοῖς
1376 2558 1552 2593 ὑμνούμενον’
1581 2567 1590 2584 ι
1613 2557 1766 2592 Σχολάσατε
1789 2558 1831 2584 καὶ

1047 2603 1132 2637 γνῶτε
1149 2604 1190 2630 ὅτι
1208 2603 1263 2638 ἐγὼ
1283 2605 1340 2639 εἰμι
1356 2603 1457 2639 Κύριος
1471 2605 1485 2629 ὁ
1506 2603 1582 2635 Θεὸς,
1602 2613 1611 2629 ι
1628 2603 1771 2638 ἐγκαλέσει
1786 2602 1831 2637 μὲν

1048 2650 1112 2684 ἡμῖν
1131 2649 1168 2680 ὡς
1185 2650 1290 2676 ἀνόσιόν
1304 2658 1329 2675 τι
1345 2649 1450 2684 χρῆμα,
1467 2649 1516 2684 τὴν
1532 2649 1576 2675 ἐπὶ
1591 2649 1658 2684 τῷδε
1679 2649 1776 2684 σχολὴν
1790 2648 1830 2674 καὶ

245 2787 282 2821 (l)
300 2789 344 2832 Sic
370 2791 431 2818 eod.
454 2792 514 2819 Vat.
537 2793 595 2821 Non
622 2794 735 2828 probavi
768 2796 840 2830 quod
870 2801 929 2824 erat
956 2797 983 2824 in

1043 2796 1101 2823 dice
1130 2796 1232 2828 Sirlcti,
1257 2795 1293 2827 ὡς
1323 2797 1350 2823 ὲν
1380 2796 1502 2832 αἰσθήσει
1529 2796 1583 2822 τῶν
1613 2795 1778 2830 Αἰγυπτίων,
1801 2802 1827 2821 ιι

209 2822 390 2860 Λευειριὶογιιηι
408 2835 493 2854 sensu.
