1924 3043
70 170 111 197 lfili
441 169 484 197 DE
505 170 724 199 ADORATIONE
745 170 777 198 IN
799 170 932 198 SI‘lRlTU
956 170 1000 197 ET
1020 171 1202 199 \‘ERITATE.
1227 172 1289 198 LIB.
1311 171 1330 198 Ι.

1643 174 1692 202 £91

68 226 175 259 θέλησιν,
192 224 430 258 κατεξανίσταται
442 225 469 251 δὲ
481 227 535 257 τοῖς
547 226 635 258 ἄλλοις
650 226 717 261 ὁμοῦ
731 225 858 260 πονηροῖς

914 225 989 252 nobis
1005 225 1071 252 vitio
1087 231 1184 258 vertat,
1197 234 1304 260 unaque
1317 234 1378 253 cum
1394 226 1454 254 aliis
1472 235 1588 263 nequam
1604 229 1694 265 impu-

67 280 91 298 τε
114 270 157 297 καὶ
188 269 366 307 ἀκαθάρτοις
397 271 547 306 πνεύμασιν
575 273 588 298 ὁ
618 272 725 298 πάντων
749 270 856 305 ἐχθρὸς,

69 315 193 351 σαρκιχῆς
213 316 266 351 μὲν
291 317 341 342 καὶ
363 316 479 350 γεώδους
501 317 671 354 ἀκαθαρσίας
687 318 733 343 καὶ
751 316 805 343 τῶν
828 317 857 342 ὲν

68 364 153 398 κὸςμῳ
171 362 381 398 ἀκαταλήκτως
399 363 518 398 ἔχεσθαι,
539 363 609 389 κατὰ
625 363 656 389 τὸ
671 363 779 397 ἑκάστῳ
796 362 858 388 σύν-

68 409 132 443 ηθες,
147 407 362 442 ὲπαναγκάζωνξ
372 409 484 443 ἀγρίως,
497 408 645 443 ἀπέχεσθαι
662 408 689 434 δὲ
706 408 756 442 τῆς
771 409 858 442 ἐντρι-

69 454 123 486 εῡῦς
141 454 313 489 φαυλότητος
329 455 430 489 ἥκιστα
447 455 496 489 μὲν
513 454 598 489 ἐφιεὶς
609 474 616 485 ,
637 453 814 489 δυσπόριστον
829 453 857 479 δὲ

69 499 204 527 καὶτοῦτο
229 499 339 531 τιθεὶς.
364 500 402 531 ὡς
426 500 458 526 ἂν
476 500 514 536 μὴ
537 499 576 535 τῷ
596 500 656 526 λίαν
681 500 780 534 ἑτοίμῳ
800 499 858 526 δια-

69 545 168 574 ardet-.6
189 554 221 572 τε
239 546 291 572 καὶ
317 547 359 577 εἰς
381 546 461 580 κόρον
479 546 513 572 τοι
531 546 561 572 τὸ
581 546 682 578 κακῶς
704 545 788 572 Ταυτὶ
803 545 858 580 γὰρ

70 592 136 627 οἶμαι
150 592 337 627 καταδηλοῦν,
349 592 380 618 τὸ
398 592 513 623 ἐξαιτεῖν
529 591 578 627 μὲν
592 592 706 623 εὐτόνως
719 592 768 627 τῆς
780 591 858 618 πλιν-

71 639 135 669 licia;
151 637 200 674 τὴν
215 637 349 670 σύνταξιν
360 658 366 669 ,
383 637 417 664 τὰ
432 637 461 663 δὲ
475 637 510 663 δι’
529 634 566 664 ὧν
584 638 616 664 ἂν
635 637 740 672 γένοιτο
760 637 858 672 ῥαδίως

71 686 233 720 ἀποστερεῖν,
252 684 328 710 τοῦτ’
353 684 443 716 ἔστιν,
460 683 489 709 τὸ
511 684 622 719 ἄχυρον.
645 683 810 718 Πεφύκαμεν
830 683 858 710 δέ

71 738 136 761 πως,
156 729 217 754 τότε
235 728 270 762 δὴ
300 728 419 763 μάλιστα
443 728 636 764 προθυμότατὰ
654 737 682 754 τε
700 728 747 754 καὶ
763 727 858 753 εὐσθε-

73 775 177 801 νέςτατα
197 774 232 800 τὰ
254 774 360 810 συνήθη
382 773 483 809 ζητεῖν,
504 774 551 800 καὶ
571 773 749 809 θερμοτέραις
767 773 860 799 ἐπιου-

74 820 195 856 μῖαιίὲτΐ
208 820 283 846 αὐτὰ
293 819 522 854 καταφλέγεσθαι,
531 819 574 849 ὅτε
585 828 610 845 τι
625 818 745 853 φαίνοιτο
758 818 858 853 μεταξὺ

74 869 98 894 τὴ
109 867 144 898 ὡς
161 866 189 898 ἐξ
206 867 335 901 ἀνάγκης
352 866 489 901 ἀποφέρον
506 865 551 891 ἐπὶ
567 865 597 891 τὸ
621 864 658 900 μὴ
673 864 801 891 δύνασθαι
813 873 859 890 τυ-

908 272 1000 306 risque
1022 271 1164 306 spiritibus
1187 273 1230 299 ille
1250 273 1371 300 omnium
1395 273 1481 302 hostis
1497 275 1628 311 insurgat,
1643 277 1696 303 im-

908 317 1077 352 maniterque
1103 322 1190 351 cogat,
1208 322 1238 345 ut
1263 319 1364 345 carnali
1388 323 1557 355 terrenaque
1579 321 1697 357 impuri-

908 363 967 395 tati,
983 364 1038 398 38
1056 368 1083 390 et
1100 364 1190 390 saaculi
1209 364 1283 390 curis
1304 369 1387 399 atque
1411 366 1625 395 distentionibus
1646 377 1697 403 pro

907 409 1040 444 cujusque
1054 410 1251 436 consuetudine
1267 409 1380 437 ﬁrmiter
1400 411 1626 445 adhzerescamus,
1643 414 1696 440 mi-

907 453 1036 488 nimeque
1052 455 1202 489 permittat,
1218 458 1272 481 uta
1285 455 1406 490 nequitia
1422 456 1449 483 in
1465 465 1518 491 qua
1531 459 1632 486 versati
1648 459 1696 486 diu

907 507 1012 532 sumus,
1036 501 1236 532 abstineamus;
1252 501 1318 535 quin
1339 501 1460 529 etiamid
1479 504 1566 538 ipsum
1584 505 1699 533 minime

907 545 988 572 nobis
1002 546 1158 581 expeditum
1175 546 1280 578 reddat,
1297 554 1331 573 ne
1345 546 1442 574 vitium
1462 548 1484 575 si
1505 549 1650 577 admodum
1668 551 1696 578 in

908 596 1036 626 promptu
1063 593 1107 623 sit,
1134 597 1335 625 contemnatur,
1361 596 1389 619 et
1412 592 1563 621 satietatem
1584 596 1626 623 sui
1647 604 1696 631 pa-

909 637 978 664 riat?
993 637 1021 664 Id
1036 639 1109 664 enim
1125 638 1279 672 signiﬁcare
1295 639 1424 669 arbitror,
1445 639 1561 667 laterum
1577 646 1696 669 structu-

908 691 965 709 ram
976 682 1077 710 acriter
1088 691 1252 718 exposcere;
1265 692 1295 710 ea
1307 691 1398 719 porro,
1412 692 1461 718 per
1474 693 1534 719 quae
1544 685 1622 714 facile
1634 695 1699 714 con-

909 728 952 755 ﬁci
973 733 1096 762 possunt,
1115 729 1141 755 id
1157 733 1209 760 est,
1224 729 1316 763 paleas
1335 729 1469 756 subtrahi.
1489 730 1537 758 Est
1559 732 1633 758 enim
1648 741 1698 759 na-

910 780 969 802 tura
986 775 1065 801 nobis
1077 775 1277 809 quodammodo
1291 781 1488 810 comparatum,
1503 781 1533 804 ut
1547 785 1579 804 ea
1596 778 1623 805 in
1636 779 1698 813 qui—

909 821 961 848 bus
975 822 1076 848 assueti
1095 830 1199 853 sumus,
1219 827 1276 848 tuui
1291 823 1407 849 maxima
1424 823 1576 855 alacritate,
1590 828 1618 850 et
1633 832 1700 851 con-

911 867 1032 894 tentione
1043 875 1208 902 quteramus,
1223 876 1373 903 eorumque
1389 869 1538 896 ardentiori
1551 870 1700 905 cupiditate

74 916 132 949 χεῖ-ι.
158 912 238 938 Θείου
264 913 294 939 δὲ
318 912 351 948 δὴ
377 912 458 947 νόμου
479 911 524 938 τὸν
548 911 717 946 ἀνθρώπινον
740 909 802 936 νοῦν
826 908 860 935 τὰ

914 912 1065 947 ﬂagremus,
1079 920 1141 940 cum
1157 913 1259 948 aliquid
1277 914 1431 945 intercedit,
1450 914 1523 948 quod
1541 915 1567 942 vi
1582 900 1699 949 quadam

76 958 162 993 αἰσχίω
189 958 441 992 μεταπαιδεὺοντος
474 957 568 993 μακρὰ
593 965 634 987 τις
661 955 775 982 εἰσδύνει
800 954 861 980 τότε

75 1006 101 1039 δὴ
116 1005 232 1039 μάλιστα
245 1003 330 1039 ποθὴ,
346 1003 465 1030 καλοῦσα
477 1003 545 1038 πρὸς
558 1002 592 1028 τὰ
608 1001 687 1033 αὐτὰ,
705 1001 752 1028 καὶ
767 1009 862 1034 μονον-

76 1052 127 1086 ουχὶ
152 1050 200 1078 τοῦ
228 1050 383 1085 νομοθέτου
424 1049 560 1084 καταῧοᾷν
587 1047 785 1075 ἀναπείθουσαο
814 1046 862 1073 καὶ

76 1095 141 1122 τοῦδε
154 1095 184 1130 δὴ
207 1095 295 1122 πάλιν
322 1095 360 1126 ὼς
380 1095 409 1121 ἐν
426 1095 515 1125 σκιαῖς
532 1093 668 1126 ἀπόδειξις
690 1093 714 1118 oi
730 1092 861 1127 Γραμμα-

77 1144 124 1174 τεξς
140 1141 193 1168 τῶν
208 1141 278 1168 υἱῶν
301 1141 408 1176 Ἰσραὴλ
418 1161 425 1172 ,
440 1140 629 1176 ἐντρυχόμενοί
646 1147 675 1165 τε
690 1140 746 1170 τοῖς
761 1138 861 1173 ἔργοις,

78 1190 117 1216 καὶ
128 1189 175 1224 τὴν
192 1188 236 1214 ἐπ’
261 1188 336 1215 αὐτὰ
359 1188 452 1223 ῥᾳδίαν
468 1188 518 1222 οὐχ
534 1187 650 1221 ὁρῶντες
667 1186 742 1212 ὁδόν·
761 1185 862 1220 ἀκύρου

77 1234 124 1270 γᾶρ
142 1232 210 1268 ἦσαν
228 1235 258 1260 ὲν
275 1234 395 1265 σπάνει,
413 1232 563 1268 ἐπῃτιῶντο
579 1232 607 1258 δὲ
631 1231 692 1257 λίαν
716 1231 818 1257 Μωσέα
832 1238 862 1256 τε

79 1281 119 1306 καὶ
152 1279 258 1316 Ἀαρὼν
297 1280 348 1314 τῆς
378 1278 597 1313 ἐπενηνεγμένης
634 1277 724 1308 αίτίας
754 1276 860 1307 αὐτοῖς,

79 1326 202 1362 πρόφασιν
217 1326 320 1357 αὐτοὺς
337 1325 461 1359 γενέσθαι
474 1324 608 1358 λέγοντες,
623 1324 668 1350 καὶ
682 1321 860 1357 δυσαχθεστὲ-

81 1381 122 1407 ραν
132 1372 280 1406 ἀνατλῆναι
297 1371 347 1406 τῆς
361 1370 516 1402 πλεονεξίας
526 1370 576 1405 τὴν
587 1369 689 1404 ἔφοδον,
704 1369 752 1402 οὐχ
767 1368 860 1402 ἑτέρου

80 1425 118 1442 τω
129 1417 222 1452 χάριν,
239 1417 257 1452 ἢ
275 1417 318 1444 ὅτι
339 1416 371 1452 δὴ
389 1416 468 1452 μόνον
485 1415 641 1450 ἐλευθερίας
658 1414 755 1446 αὐτοὺς
773 1413 860 1440 εὶεέδυ

82 1461 161 1494 πόθος,
177 1463 231 1494 τοῖς
249 1463 318 1497 παρ’
334 1462 423 1489 αὐτῶν
440 1461 528 1495 λόγοις
544 1460 804 1494 ἀναπεπεισμένους.

910 967 960 986 nos
980 959 1015 985 ab
1034 958 1067 985 iis
1090 959 1292 994 consequendis
1318 959 1439 987 abducit.
1462 960 1555 995 Itaque
1573 969 1635 988 cum
1657 962 1700 988 di-

910 1004 973 1031 vina
990 1004 1032 1031 lex
1048 1005 1198 1031 humanum
1214 1005 1334 1031 animum
1352 1006 1443 1039 turpia
1463 1006 1588 1039 dedocet,
1605 1007 1701 1042 ingens

911 1049 1047 1084 quoddam
1066 1050 1233 1077 desiderium
1255 1054 1312 1077 tum
1333 1051 1449 1078 maxime
1470 1052 1554 1083 subit,
1572 1053 1644 1086 quod
1666 1054 1699 1080 ad

910 1095 1006 1122 eadem
1020 1100 1139 1127 revocat,
1155 1099 1182 1122 et
1197 1096 1394 1130 propemodum
1408 1096 1539 1123 adversus
1555 1097 1642 1131 ipsum
1659 1097 1700 1124 le-

911 1141 1068 1176 gislatorem
1083 1141 1226 1169 vociferari
1245 1142 1351 1174 suadet,
1366 1143 1479 1177 ejusque
1494 1143 1533 1170 rei
1549 1147 1579 1170 ut
1593 1143 1621 1170 in
1639 1151 1700 1170 um-

911 1186 969 1213 bris
993 1186 1167 1221 quibusdam,
1182 1186 1320 1220 specimen
1344 1186 1477 1213 habemus
1497 1186 1608 1214 Seribas
1630 1187 1700 1214 ﬁlio-

912 1240 972 1259 rum
989 1232 1081 1263 lsrael,
1099 1232 1145 1266 qui
1164 1236 1221 1259 tum
1234 1240 1347 1267 operum
1365 1232 1456 1260 labore
1472 1233 1699 1265 conﬁciebantur,

911 1282 968 1304 tum
983 1279 1055 1304 viam
1071 1278 1105 1304 ad
1126 1285 1158 1304 ea
1172 1277 1338 1312 perﬁcienda
1360 1278 1468 1305 facilem
1481 1278 1583 1305 nullam
1603 1286 1695 1306 cerne-

914 1324 996 1356 bant;
1022 1323 1161 1358 palearum
1182 1323 1256 1350 cnim
1274 1323 1364 1358 inopia
1384 1324 1545 1350 laborabant
1560 1333 1566 1350 :
1583 1325 1702 1359 graviter

913 1376 1022 1403 quoque
1044 1368 1152 1404 Moysen
1173 1373 1200 1396 et
1217 1368 1308 1396 Aaron
1323 1369 1480 1404 culpabant,
1498 1377 1560 1397 cum
1578 1370 1702 1406 dicerent

911 1413 973 1441 illos
990 1413 1159 1441 occasionem
1175 1421 1230 1441 suae
1247 1414 1398 1441 vexationis
1413 1415 1574 1449 prwbuisse,
1596 1414 1703 1449 gravio-

913 1468 1027 1495 remque
1041 1468 1070 1487 se
1090 1460 1196 1495 injuriae
1212 1459 1267 1486 vim
1286 1460 1403 1495 perpeti,
1421 1468 1475 1487 non
1489 1461 1542 1487 alia
1560 1461 1594 1488 de
1609 1468 1701 1491 causa,

82 1507 124 1534 nisi
137 1507 184 1534 hac
199 1507 268 1538 sola,
285 1507 358 1542 quod
375 1507 435 1534 illos
452 1505 646 1541 recuperanda:
666 1505 803 1532 libertatis
817 1509 926 1538 ceperat
953 1505 1131 1537 desiderium,
1147 1513 1180 1532 ex
1214 1512 1268 1540 quo
1285 1505 1394 1533 illorum
1422 1506 1596 1533 sermonibus
1622 1505 1704 1533 ﬁdem

82 1553 261 1580 adhibuissent

111 1600 209 1626 lIAAA.
230 1600 270 1626 Οὐ
292 1599 346 1634 γὰρ
360 1599 410 1625 οἴει
426 1598 515 1632 λέγειν
530 1597 565 1625 τὰ
587 1597 679 1624 εἰκότα
695 1597 742 1624 καὶ
754 1595 860 1631 mea;

947 1591 1046 1621 PALL.
1067 1592 1222 1626 Quid?n0n
1242 1600 1291 1620 eos
1312 1594 1511 1628 propemodum
1525 1602 1603 1630 aequa
1616 1601 1644 1624 et
1659 1605 1705 1625 ve-

112 1690 187 1716 ΚΥΡ.
203 1688 368 1716 Παντάπασι
390 1687 438 1723 μὲν
457 1684 520 1719 οὖν,
536 1684 558 1713 ὦ
579 1686 722 1714 Παλλάδιε·
736 1686 793 1721 ἅμα
807 1685 862 1720 γὰρ

84 1738 146 1771 ἡμᾶς
159 1734 294 1770 ἐπιθυμία
313 1733 418 1770 χρηστὴ
438 1733 485 1760 καὶ
503 1732 632 1767 λογισμὸς
649 1731 751 1766 ἀγαθὸς
770 1731 863 1758 ἀνεσύ-

84 1783 140 1816 Grpe
163 1782 242 1817 τυχὸν
267 1780 336 1816 πρὸς
358 1780 388 1806 τὸ
409 1780 463 1806 δεῖν
488 1779 596 1805 ἑλέσθαι
616 1778 650 1804 τὰ
673 1777 711 1813 τῷ
737 1777 796 1812 Θεῷ
820 1777 863 1803 δο-

84 1827 182 1859 κεῦντα,
194 1828 242 1854 καὶ
254 1826 341 1862 νόμου
353 1825 399 1852 τοῦ
413 1825 479 1861 πρὸς
490 1823 630 1851 εὐσέϐειαν
642 1823 862 1859 διαμεμνήμεθα·

85 1873 203 1907 κατάγχει
215 1872 244 1899 δὲ
261 1871 379 1907 μάλιστα
396 1870 523 1905 χειρόνως
538 1869 584 1895 ἐπὶ
596 1869 626 1895 τὺ
640 1869 758 1896 σίνεσθαι
778 1877 864 1902 πεφυ-

87 1918 124 1949 κδς
138 1919 151 1944 ὁ
164 1918 276 1945 πάντων
289 1917 395 1953 ἐχθρὸς,
407 1916 474 1951 πλὴν
489 1914 615 1951 ἑκρὺεται
625 1914 672 1942 καὶ
690 1914 769 1947 σώζει
785 1915 862 1947 Θεός.

85 1965 132 1991 Καὶ
148 1963 209 1997 γοῦν
233 1964 288 1998 ἔφη
305 1962 374 1998 πρὸς
395 1961 513 1988 Μωσέα·
545 1969 554 1986 ι
582 1960 703 1989 Βάδισον,
726 1959 786 1986 εἰπὲ
808 1960 864 1989 τοῖς

86 2011 142 2042 υἱοῖς
157 2010 265 2046 Ἰσραὴλ
285 2009 382 2042 λέγων,
397 2007 470 2042 Ἐγὼ
490 2007 602 2043 Κύριος,
626 2006 673 2033 καὶ
690 2005 776 2038 ἐξάξω
792 2005 864 2039 ὑμᾶς

86 2055 131 2082 ἀπὺ
150 2057 197 2091 τῆς
218 2054 380 2085 δυναστείας
404 2053 458 2080 τῶν
479 2052 652 2087 Αἰγυπτίων,
678 2052 725 2078 καὶ
748 2051 864 2086 ῥύσομαι

87 2101 148 2136 ὑμᾶς
175 2103 206 2128 ὲκ
242 2101 294 2135 τῆς
326 2099 446 2131 δουλείας
476 2098 578 2130 αὐτῶν,
609 2098 654 2124 καὶ
691 2095 864 2132 λυτρώσομαι

87 2147 164 2182 ὑμᾶς,
187 2149 215 2174 ἐν
239 2147 364 2183 βραχίονι
386 2145 491 2181 ὑψηλῷ,
508 2145 554 2171 καὶ
574 2143 663 2179 κρίσει
683 2141 804 2178 μεγάλῃ,
819 2143 865 2167 καὶ

87 2193 192 2229 λήψομαι
216 2193 292 2228 ὑμᾶς
314 2193 354 2223 εἰς
371 2191 435 2218 λαὸν
457 2189 577 2225 ἐμαυτῷ.
601 2189 656 2216 Καὶ
671 2189 767 2223 ἔσομαι
788 2185 865 2222 ὑμῶν

87 2238 151 2271 Θεὸς,
169 2239 215 2266 καὶ
228 2237 369 2273 γνώσεσθε
383 2237 422 2263 ὅτι
441 2236 495 2270 ἐγὼ
511 2236 613 2271 Κύριος
634 2235 648 2261 ὁ
664 2234 729 2265 Θεὸς
747 2232 834 2268 ὑμῶν,
851 2232 865 2258 ὁ

913 1648 943 1667 ra
957 1640 1050 1667 dicere
1065 1639 1179 1667 censes?

947 1685 1025 1713 CYR.
1044 1685 1081 1712 Ita
1097 1689 1138 1712 est
1153 1685 1275 1716 omnino,
1295 1685 1408 1712 Palladi.
1427 1685 1514 1713 Simul
1531 1687 1604 1714 enim
1622 1693 1705 1724 atque

912 1730 1057 1757 laudabilis
1073 1729 1210 1764 cupiditas
1226 1734 1353 1764 rectaque
1369 1731 1498 1765 cogitatio
1514 1739 1564 1759 nos
1575 1733 1704 1760 excitavit

913 1776 1027 1803 fortasse
1050 1775 1084 1802 ad
1106 1783 1148 1807 ea,
1163 1783 1223 1810 qum
1245 1775 1300 1802 Deo
1322 1775 1439 1810 placent,
1457 1777 1655 1811 amplectenda,
1676 1784 1704 1805 ct

913 1823 981 1858 legis
1000 1821 1185 1854 meminimus,
1203 1830 1264 1856 qua:
1287 1829 1338 1848 nos
1362 1821 1396 1848 ad
1418 1822 1548 1856 pietatem
1566 1823 1702 1856 hortatur,

913 1869 959 1896 ille
974 1868 1126 1896 communis
1142 1869 1264 1895 omnium
1285 1868 1372 1896 hostis
1392 1875 1444 1895 nos
1462 1867 1495 1894 ad
1511 1876 1553 1900 ea,
1570 1876 1630 1903 quae
1651 1877 1703 1896 no-

914 1919 986 1947 cent,
1005 1915 1083 1950 pejus
1100 1914 1225 1949 impellit.
1248 1914 1336 1949 Eripit
1359 1919 1448 1942 tamen
1470 1913 1533 1941 inde
1552 1922 1584 1942 ac
1603 1915 1701 1942 liberat

914 1961 1000 1993 Deus;
1019 1960 1109 1995 itaque
1120 1960 1158 1987 ait
1169 1960 1202 1986 ad
1215 1960 1323 1995 Moysen
1336 1969 1342 1986 :
1356 1959 1454 1992 «Vade,
1468 1960 1511 1986 die
1522 1959 1586 1987 ﬁliis
1599 1960 1680 1988 Israel
1695 1969 1703 1988 :

914 2007 971 2042 Ego
985 2006 1131 2038 Dominus;
1144 2009 1171 2033 et
1183 2005 1297 2033 educam
1312 2013 1361 2033 vos
1371 2005 1405 2032 de
1420 2010 1554 2040 potestate
1565 2005 1704 2041 [Egyptia-

915 2059 986 2084 rum,
999 2055 1026 2078 et
1042 2051 1165 2078 liberabo
1184 2059 1233 2079 vos
1251 2051 1285 2079 de
1304 2051 1437 2078 servitute
1455 2059 1563 2084 eorum,
1579 2056 1607 2079 et
1629 2052 1702 2079 redi-

914 2107 985 2125 mam
1001 2107 1049 2126 vos
1071 2098 1100 2125 in
1118 2098 1232 2125 brachio
1250 2097 1371 2129 sublimi,
1387 2103 1415 2125 et
1427 2097 1532 2133 judicio
1548 2106 1655 2133 magno,
1676 2104 1704 2125 et

915 2145 1047 2180 accipiam
1064 2152 1112 2172 vos
1136 2145 1163 2172 in
1180 2144 1310 2179 populum
1329 2144 1396 2171 mihi
1421 2143 1483 2178 ipsi,
1499 2148 1527 2170 et
1547 2151 1595 2171 ero
1615 2148 1705 2172 voster

915 2192 1003 2224 Deus;
1020 2195 1048 2218 et
1068 2191 1238 2226 cognoscetis
1263 2191 1336 2225 quod
1355 2198 1404 2225 ego
1421 2190 1552 2216 Dominus
1568 2190 1640 2217 Deus
1656 2198 1703 2216 ve-

916 2241 980 2268 ster,
995 2236 1041 2270 qui
1064 2235 1146 2262 eduxi
1168 2243 1216 2261 vos
1231 2234 1264 2261 de
1286 2239 1358 2261 terra
1378 2233 1496 2268 Egypti,
1512 2233 1546 2260 de
1569 2236 1704 2266 potestate

87 2283 214 2319 ἐξαγαγὼν
227 2284 303 2318 ὑμᾶς
315 2284 347 2310 ὲκ
363 2283 413 2317 γῆς
428 2280 577 2315 Αἰγύπτου,
595 2281 627 2307 ἐκ
643 2281 691 2314 τῆς
705 2277 860 2307 δυναστείας

914 2282 1101 2317 (Egyptiorutn
1122 2282 1142 2307 ⁷.
1165 2281 1271 2313 iNam,
1290 2288 1352 2307 cum
1367 2280 1479 2307 Satanas
1504 2279 1538 2305 ab
1557 2279 1631 2305 omni
1654 2287 1704 2305 nos

88 2330 133 2356 τῶν
145 2330 308 2364 Αἰγυπτίων.
331 2339 341 2354 ι
366 2327 577 2362 ’Λποτρέποντος
593 2326 648 2360 γὰρ
665 2325 737 2360 ἡμᾶς
753 2323 799 2350 τοῦ
813 2323 860 2349 Σα-

914 2328 984 2355 bono
999 2326 1135 2354 desiderio
1151 2326 1313 2353 dehortetur
1323 2330 1351 2353 et
1365 2329 1483 2356 avertat,
1498 2329 1526 2351 et
1541 2324 1641 2359 quibus
1655 2332 1703 2358 po-

87 2377 155 2408 τανὶ,
176 2376 222 2402 καὶ
239 2375 350 2409 ἁπάσης
369 2373 474 2408 ἀγαθῆς
491 2371 680 2404 ὲξανιστάντος
699 2369 863 2404 ἐπιθυμίας,

90 2422 128 2447 καὶ
145 2422 196 2448 τῶν
219 2422 262 2453 είς
282 2420 361 2447 τοῦτο
387 2418 572 2453 διανευμάτων
593 2417 625 2443 δι’
644 2414 681 2442 ὧν
705 2415 737 2442 ἂν
758 2414 866 2440 δύναιτο

90 2466 268 2501 παρωθοῦντος
282 2465 405 2500 τρόπων,
426 2463 572 2500 προτρέπει
593 2461 661 2496 πρὸς
676 2461 784 2495 θέλησιν
798 2460 866 2493 ἁγα-

91 2512 131 2548 θὴν
149 2513 162 2539 ὀ
175 2513 219 2539 τοῦ
241 2511 309 2539 Θεοῦ
332 2511 430 2546 νόμος,
451 2509 602 2545 ἄθραυστον
625 2508 674 2542 μὲν
691 2507 736 2533 τὸν
755 2507 867 2532 ἐπικου-

92 2557 175 2591 ροῦντα
186 2558 302 2589 δεικνὺς,
318 2557 405 2583 ἐλπίδι
420 2555 447 2582 δὲ
460 2557 492 2590 τῇ
507 2553 683 2589 λιπαρωτατῃ
697 2551 864 2587 παραθήγων

93 2605 124 2636 εἰς
135 2604 284 2640 εὖτολμίαν,
304 2603 352 2630 καὶ
374 2602 461 2628 πίστει
474 2601 587 2636 νευρῶν,
602 2601 648 2627 καὶ
661 2598 699 2634 τῷ
711 2597 770 2633 Θεῷ
781 2605 865 2633 προσ-

92 2649 180 2684 νέμων,
197 2650 234 2682 ὡς
246 2649 356 2685 ἀληθῶς
369 2648 470 2683 σωτῆρι
480 2647 526 2674 καὶ
540 2646 673 2681 λυτρωτῇ.

122 2694 217 2722 ΠΑΛΛ.
241 2696 285 2724 Ὠς
302 2693 468 2729 πανάριστόν
482 2702 508 2720 τι
527 2693 619 2728 χρῆμα
638 2691 684 2717 καὶ
701 2689 833 2725 σωτήριον
847 2690 863 2724 ἠ

95 2741 181 2772 πίπις,
194 2742 238 2769 καὶ
251 2742 282 2768 τὸ
302 2741 358 2768 δεῖν
369 2739 481 2766 ἓπεςθαι
495 2739 574 2773 διψῇν
591 2736 628 2772 τῷ
644 2736 702 2771 Θεῷ
715 2737 721 2762 l

123 2788 194 2815 ΚΥΡ.
216 2788 317 2824 Ὀρθῶς
339 2787 416 2822 ἔφης.
436 2786 532 2820 Ἑρπει
553 2784 581 2810 δὲ
599 2784 640 2826 ὅτι
659 2781 726 2816 πρὸς
746 2781 830 2816 πέρας
848 2781 865 2815 ὴ

125 2873 133 2888 ⁷
145 2879 220 2908 Ειοᾱ.
239 2890 279 2912 vi,
301 2880 330 2912 6,
344 2880 371 2906 7.

913 2378 966 2401 test
977 2373 1078 2404 modis,
1091 2380 1105 2399 a
1120 2376 1213 2399 nostra
1225 2372 1253 2398 in
1265 2371 1367 2398 bonum
1378 2369 1561 2406 propensioue
1575 2369 1701 2404 repellat;

913 2423 1019 2449 contra,
1045 2417 1093 2444 Dei
1117 2417 1160 2444 lex
1185 2417 1219 2443 ad
1242 2417 1340 2443 bonam
1365 2415 1534 2441 voluntatem
1559 2414 1702 2445 hortatur;

913 2464 968 2498 39
980 2468 1061 2498 atque
1078 2462 1209 2489 invictum
1223 2469 1285 2488 cum
1299 2469 1369 2492 esse,
1384 2461 1430 2495 qui
1450 2468 1500 2486 nos
1522 2459 1641 2493 adjuvat,
1657 2467 1702 2486 os—

917 2510 1041 2541 tendens,
1065 2508 1231 2543 amplissima
1250 2515 1297 2541 spe
1319 2506 1352 2533 ad
1372 2506 1528 2533 audendum
1550 2505 1660 2535 escitat,
1677 2509 1703 2531 et

919 2556 981 2583 ﬁdei
1004 2562 1104 2581 nervos
1130 2553 1217 2583 addit.
1239 2553 1349 2587 Deoque
1373 2556 1500 2586 tanquam
1526 2558 1592 2578 vero
1614 2550 1701 2577 salva-

917 2601 969 2628 tori
985 2609 1017 2628 ae
1031 2599 1170 2627 liberatori
1187 2598 1297 2626 addicit.

950 2687 1048 2716 PALL.
1066 2686 1151 2720 Quam
1167 2685 1237 2713 bona
1255 2692 1299 2712 res
1320 2692 1351 2711 ac
1371 2682 1499 2710 salutaris
1520 2686 1563 2709 est
1583 2681 1659 2713 ﬁdes,
1675 2684 1702 2708 et

915 2734 1016 2761 ardens
1029 2733 1114 2760 Deum
1129 2730 1259 2766 sequendi
1274 2729 1455 2757 desideriuml

951 2780 1027 2807 CVR.
1052 2779 1134 2805 [tecte
1155 2778 1233 2805 dicis.
1261 2776 1337 2810 Quod
1359 2779 1448 2802 autem
1465 2773 1531 2800 ﬁdes
1554 2772 1586 2799 ad
1609 2773 1698 2806 peric-
