1924 3043
208 193 260 222 193

207 259 262 280 tam
284 253 414 280 virtutem
431 255 560 286 tanquam
581 250 614 278 ad
633 251 714 279 ﬁnem
739 250 841 282 tendat,
868 255 925 277 tum
949 258 999 285 op-
1016 253 1036 281 Λ

208 300 274 327 time
296 306 402 330 nosces,
415 305 477 324 cum
495 305 528 324 eo
549 305 604 332 quo
618 301 723 332 spectat
735 302 829 324 nostra
841 297 1000 332 pervenerit

206 346 305 373 oratio.
318 345 385 372 Cum
397 344 470 371 enim
484 344 589 379 Moyses
602 344 716 379 ejusque
731 348 847 371 comites
861 343 1000 370 vertissent

204 391 241 418 ad
253 392 434 423 Pharaonem,
452 394 484 418 ut
496 397 558 418 cum
573 398 608 418 eo
619 397 716 417 rursus
730 395 887 425 agerent,ae
899 389 999 416 suade-

207 441 267 464 rent
292 441 324 464 ut
342 437 494 464 dimitteret
506 445 540 464 ex
554 435 743 472 (Egyptiormn
761 436 853 468 terris,
870 440 898 463 et
909 435 999 462 exsol-

205 487 283 510 veret
296 483 437 510 veteribus
447 483 564 510 vinculis
574 483 714 514 lsraelem,
729 482 825 518 signis,
834 483 906 510 ultra
918 490 999 517 quam

205 528 259 555 diei
277 529 371 563 possit,
388 529 597 556 admirabilibus
620 529 697 556 illum
721 528 832 556 ﬂectere
853 528 998 562 volebant;

205 574 310 609 virgam
330 575 404 601 enim
424 575 452 601 in
476 579 632 610 serpentem
654 579 850 602 commutatam
870 575 999 602 ostende-

205 626 280 654 runt,
298 621 440 656 multoque
456 621 558 656 majora
577 621 822 656 przestantioraque
837 619 948 649 efﬁcere
970 629 999 649 se

205 667 254 694 Dei
279 674 331 701 ope
352 667 480 693 facillime
503 675 593 701 posse,
608 672 703 702 aperte
729 667 939 702 proﬁtebantur.
966 667 1000 694 At

205 713 251 740 ille
263 713 320 739 suis
333 713 428 747 Magis,
441 717 471 740 ut
486 713 561 747 paria
575 713 707 745 facerent,
722 713 913 748 imperavit,ad
926 713 1000 740 hunc

203 758 261 786 fere
277 759 389 786 modum
417 759 537 786 clamans
559 768 565 785 :
580 759 639 786 Non
657 766 708 786 nos
728 759 816 794 ignari
836 766 931 786 sumus
945 759 999 786 bu-

201 804 322 839 juSmodi
334 812 461 840 operum,
476 805 611 839 longeque
631 805 726 839 plures
745 809 810 832 sunt
825 804 896 839 apud
916 804 999 840 IEgy-

203 851 285 884 ptios,
299 851 346 885 qui
358 851 416 878 haec
432 850 624 886 proﬁteantur,
639 859 721 886 quam
737 851 808 886 apud
827 859 890 883 vos;
911 856 940 878 et
954 859 1000 878 ars

205 896 344 931 Magorum
358 901 401 924 est
421 904 453 924 ac
475 897 596 924 studium
619 897 679 924 haec
704 897 837 924 miracula
858 897 951 929 edere,
969 897 997 925 in

201 949 320 976 quorum
337 950 454 970 numero
469 951 517 970 vos
530 951 640 978 quoque
662 943 738 970 estis.
762 943 855 978 Itaque
871 951 932 970 elun
946 943 995 970 ad-
1013 935 1033 962 Π

162 983 166 986 ’
203 989 314 1015 modum
336 989 524 1022 induraretur,
547 997 598 1017 nec
625 989 776 1016 dimitteret
803 989 873 1016 ﬁlios
896 989 993 1021 Israel,

202 1039 321 1069 quatuor
332 1035 356 1062 ei
371 1043 467 1070 graves
477 1036 538 1063 aliae
558 1035 620 1063 aliis
639 1037 747 1071 pejores
759 1036 840 1062 illatae
859 1039 923 1062 sunt
935 1036 994 1071 pla-

202 1086 242 1115 ga:
265 1090 271 1108 :
290 1089 367 1116 aqua:
386 1082 459 1109 enim
478 1081 505 1109 in
525 1082 686 1117 sanguinem
707 1081 842 1109 mirabilis
862 1082 906 1109 illa
927 1090 994 1109 con-

201 1129 293 1155 versio
303 1129 373 1156 facta
384 1134 436 1161 est,
449 1137 579 1164 ramnque
595 1133 622 1156 et
636 1129 743 1161 cinifes,
757 1133 785 1156 et
795 1129 829 1156 ad
841 1133 994 1156 extremum

201 1182 302 1202 muscre
318 1175 423 1202 caninze
434 1175 460 1202 vi
481 1175 594 1202 minime
609 1175 722 1202 ferenda
742 1175 896 1203 molliorem
914 1175 994 1203 deni-

200 1229 254 1256 que
269 1221 441 1248 Pharaonem
461 1221 653 1249 reddiderunt.
671 1222 765 1257 Itaque
784 1229 846 1249 cum
864 1222 994 1249 advocas-

200 1272 243 1294 set
254 1267 375 1303 Moysen,
393 1267 432 1295 ait
453 1276 459 1294 :
479 1277 488 1293 ‹
513 1268 617 1295 Euntes
640 1268 790 1295 sacriﬁcate
805 1268 922 1295 Domino
938 1268 994 1296 Deo

200 1317 293 1339 vestro
313 1313 341 1340 in
366 1317 448 1340 terra.
467 1313 502 1340 Et
522 1313 591 1340 dixit
611 1313 732 1348 Moyses:
748 1313 807 1339 Non
825 1317 915 1348 potest
935 1313 994 1340 ﬁeri

199 1358 240 1386 sic
263 1367 269 1385 :
289 1359 508 1386 abominationcs
524 1359 598 1386 enim
618 1358 808 1394 (Egyptiorum
826 1358 993 1386 sacriﬁcabi-

201 1412 262 1432 mus
277 1404 394 1432 Domino
416 1406 472 1432 Deo
490 1408 595 1432 nostro.
611 1404 640 1431 Si
657 1404 731 1431 enim
749 1404 995 1432 sacriﬁcaverimus

177 1478 181 1481 ,
201 1449 316 1476 Domino
330 1450 387 1476 Deo
404 1455 498 1476 nostro
515 1449 733 1476 abominationes
746 1449 934 1485 {Egyptiorum
948 1458 995 1478 co-

202 1503 259 1522 ram
276 1496 351 1531 ipsis,
368 1496 562 1531 lapidahimur.
577 1495 654 1523 Viam
671 1495 754 1523 trium
771 1496 877 1523 dierum
894 1497 994 1524 ibimus

201 1541 228 1568 in
246 1541 433 1574 solitudinem,
455 1546 483 1569 et
502 1541 718 1569 sacriﬁcabimus
734 1541 850 1569 Domino
864 1543 921 1570 Deo
942 1551 993 1570 no-

201 1592 267 1620 stro,
286 1588 357 1615 sicut
379 1587 509 1622 praecepit
527 1587 616 1614 nobis.
641 1586 676 1614 Et
696 1586 765 1614 dixit
782 1587 889 1614 Pharao
913 1596 919 1613 :
937 1588 993 1623 Ego

200 1635 309 1662 dimitto
322 1643 380 1666 vos,
395 1639 422 1662 et
435 1634 586 1662 sacriﬁcate
600 1635 716 1661 Domino
730 1635 786 1661 Deo
802 1638 894 1662 vestro
906 1634 933 1662 in
947 1635 993 1662 de-

200 1688 288 1716 serto;
309 1690 405 1710 verum
423 1689 458 1709 ne
472 1682 551 1716 longe
572 1681 677 1708 abeatis
691 1681 712 1707 ⁸.
731 1691 740 1706 ι
758 1680 826 1708 Cum
846 1681 919 1708 enim
942 1681 992 1709 Sa-

201 1731 278 1754 tanas
296 1726 419 1758 obsistit,
438 1730 466 1753 et
483 1729 641 1753 nostrorum
668 1727 822 1753 animorum
846 1726 991 1759 alacritati,

200 1781 254 1808 qua
271 1772 306 1800 ad
320 1772 452 1800 virtutem
467 1771 609 1807 erigimur,
626 1772 776 1807 nequitiam
792 1780 868 1799 suam
886 1772 993 1801 fortiter

200 1819 325 1853 opponit,
342 1818 474 1845 adversus
491 1818 567 1845 illum
584 1818 702 1853 insurgit
714 1818 797 1851 Deus,
812 1819 926 1854 ejusque
942 1827 990 1846 au-

201 1866 281 1893 daces
298 1866 416 1900 impetus
430 1865 540 1900 frangit,
553 1872 584 1892 ac
597 1865 683 1900 plagis
704 1865 818 1892 emollit.
837 1865 872 1892 At
886 1866 932 1893 ille
947 1866 992 1893 vix

201 1912 311 1939 tandem
326 1911 440 1944 dimittit
455 1911 571 1944 invitus;
587 1914 702 1938 conatur
719 1915 809 1939 tamen
827 1912 992 1946 persuadere

201 1958 291 1990 nobis,
307 1962 337 1985 ut
352 1958 408 1985 Deo
424 1958 528 1985 cultum
542 1955 597 1984 non
611 1961 737 1984 accurate
751 1957 898 1984 admodum
912 1958 991 1985 exhi-

201 2005 324 2036 beamus,
344 2012 433 2039 neque
448 2004 559 2039 penitus
573 2003 607 2030 ab
622 2003 708 2038 ipsius
724 2004 856 2030 servitute
877 2004 991 2031 receda-

201 2058 262 2078 mus
277 2060 283 2077 :
299 2050 353 2086 40
366 2058 419 2077 non
436 2050 510 2077 enim
525 2053 601 2076 extra
621 2056 697 2076 suam
711 2049 866 2084 regionem,
883 2049 930 2077 sed
948 2050 990 2077 in-

202 2101 243 2123 tra
254 2096 328 2124 illius
342 2095 410 2123 ﬁnes
426 2095 580 2123 sacriﬁcare
592 2094 701 2122 Judmos
713 2094 800 2129 jubet.
816 2095 869 2122 Sed
884 2096 991 2131 sapien-

202 2143 306 2170 tissime
332 2142 456 2178 Moyses,
482 2151 491 2167 ι
515 2142 575 2169 Non
592 2146 682 2176 potest
704 2141 763 2169 ﬁeri
785 2141 835 2174 sie,
861 2152 870 2167 ι
890 2143 988 2177 inquit.

201 2189 315 2224 Semper
329 2189 402 2216 enim
421 2189 466 2216 ille
480 2189 585 2223 peccati
601 2189 727 2216 inventor
748 2189 781 2216 ad
795 2197 838 2217 res
853 2189 991 2225 improbas

199 2239 241 2262 est
257 2239 369 2267 auctor;
386 2242 431 2262 eas
445 2238 536 2262 autem
552 2234 641 2269 rejicit
660 2235 702 2263 lex
718 2235 819 2268 divina,
834 2244 920 2271 eaque
931 2237 990 2264 ﬁeri

198 2286 284 2312 vetat,
300 2285 361 2316 qua:
383 2281 422 2308 illi
445 2281 579 2316 placeant.
597 2281 632 2308 lis
649 2281 732 2317 igitur
746 2282 792 2317 qui
809 2287 882 2310 recte
897 2283 989 2310 vivere
1007 2287 1027 2314 ί)

201 2327 297 2359 velint,
309 2326 485 2358 attendenda,
501 2334 554 2353 non
571 2335 632 2362 qua:
647 2327 782 2363 malignus
795 2328 841 2356 ille
860 2328 991 2364 deceptor

201 2373 307 2404 suadet,
324 2372 372 2400 sed
388 2380 448 2407 qua:
463 2372 587 2400 divinum
609 2381 770 2408 responsum
793 2374 886 2402 edicit.
908 2385 916 2400 ι
935 2375 990 2402 Lu-

200 2426 282 2446 cerna
298 2417 382 2450 enim,
403 2427 411 2443 ι
433 2417 532 2453 inquit,
556 2427 565 2444 ι
587 2418 704 2454 pedibus
726 2418 795 2446 meis
814 2419 858 2446 lex
885 2423 940 2452 tua,
964 2425 993 2448 et

200 2465 293 2492 lun.en
323 2464 427 2491 semitis
441 2464 510 2491 meis
524 2464 544 2491 ν.
563 2473 572 2489 ›

236 2510 334 2537 PALL.
353 2510 392 2537 lla
409 2514 461 2537 est.

233 2557 311 2584 CYR.
329 2554 400 2592 Ergo
414 2565 475 2585 cum
492 2557 536 2584 ille
555 2557 690 2592 malignus
704 2565 755 2585 nos
770 2557 893 2585 detineat
908 2563 990 2593 atque

199 2603 328 2631 cohibere
344 2604 420 2635 velit,
438 2604 545 2639 sibique
568 2604 715 2640 subjicere,
736 2604 910 2631 serviendum
933 2605 988 2633 Deo

198 2654 240 2677 est
262 2649 312 2682 illi,
328 2650 375 2685 qui
398 2651 549 2678 secundum
572 2654 697 2677 naturam
730 2650 805 2678 solus
824 2656 882 2684 est;
907 2656 988 2687 atque

198 2696 258 2723 sine
272 2697 327 2724 ullo
342 2702 415 2724 metu
431 2697 578 2724 dicendum
592 2705 599 2722 :
620 2705 629 2722 ι
649 2696 708 2723 Νοη
726 2700 815 2731 potest
833 2696 890 2724 ﬁeri
905 2697 953 2725 sic.
974 2707 983 2723 ι

196 2757 233 2764 -
246 2753 255 2769 ‹
270 2743 355 2772 Nemo
375 2745 447 2771 enim
470 2747 561 2781 potest
584 2743 693 2770 duobus
715 2743 833 2771 dominis
857 2745 959 2772 servire
977 2754 984 2772 :

197 2796 245 2818 aut
259 2791 333 2818 enim
357 2798 441 2818 unum
465 2789 529 2816 odio
549 2788 672 2822 habebit,
690 2793 718 2816 et
734 2789 850 2817 alterum
874 2790 982 2825 diliget;

197 2841 244 2864 aut
268 2845 353 2864 unum
377 2836 534 2868 sustinebit,
559 2839 588 2863 et
612 2835 728 2862 alterum
746 2839 903 2863 contemnet
919 2836 950 2862 ¹⁰.
972 2845 981 2862 ι

233 2929 242 2944 ⁸
256 2929 342 2956 Evod.
359 2928 458 2959 “H.223
470 2935 528 2962 sqq.

715 191 742 218 S.
764 191 903 219 CYltlLlJ
924 190 1162 218 ALEXANDle
1184 190 1344 219 ARClllEP.

1800 190 1853 219 Ιῗό

1053 250 1143 282 πίστις
1179 250 1208 276 τὸ
1228 250 1346 285 ἀγαθὸν,
1370 249 1430 286 εἴσῃ
1450 258 1489 276 τοι
1507 251 1613 284 καλῶς,
1633 251 1853 283 ὲκτελευτῶντος

1051 297 1116 330 ἡμῖν
1138 295 1185 322 τοῦ
1206 295 1285 330 λόγου
1306 296 1374 331 πρὸς
1387 296 1432 322 τὸν
1445 296 1510 323 ἴδιον
1531 298 1641 325 σκοπόν.
1662 296 1775 333 Ἐπειδὴ
1794 297 1853 334 γὰρ

1050 339 1116 377 ἧκον
1131 342 1198 378 πρὸς
1209 341 1254 368 τὸν
1264 341 1364 377 Φαραὼ
1373 342 1553 378 διαλεξόμενοι
1567 344 1648 372 πάλιν
1659 345 1684 371 οἰ
1699 345 1774 380 ἀμφὶ
1785 345 1855 371 Μω-

1052 388 1109 419 σὲα,
1127 388 1231 414 ἀνεῖναί
1246 396 1274 415 τε
1289 388 1338 423 τῆς
1358 388 1514 422 Αἰγυπτίων
1529 391 1575 416 καὶ
1592 390 1726 417 ἀπολῦσαι
1739 390 1854 426 δεσμῶν

1050 434 1104 461 τῶν
1121 435 1204 462 πάλαι
1221 434 1266 461 τὸν
1286 434 1393 470 Ἰσραὴλ
1403 436 1605 468 ὰναπείσοντες,
1617 437 1742 472 σημείοις
1755 437 1854 464 ἐκδυσ-

1051 482 1135 507 ωπείν
1150 482 1206 512 τοῖς
1230 481 1300 516 ὑπὲρ
1319 481 1397 515 λόγον
1420 481 1529 516 ἤθελον,
1559 483 1657 518 ῥάϐδου
1677 492 1708 510 τε
1729 485 1770 515 εἰς
1786 483 1853 518 ὅφιν

1053 527 1247 562 μεταπλασμὺν
1265 526 1446 559 ἐπεδείκνυον,
1461 528 1509 554 καὶ
1522 527 1562 554 ἔτι
1578 528 1624 555 τοῦ
1642 537 1673 563 γε
1689 524 1806 564 μείζονᾶ
1819 537 1850 555 τε

1051 573 1097 599 καὶ
1112 573 1254 608 ὑπερφερῆ
1266 573 1415 609 κατορθοῦν
1426 573 1555 601 δύνασθαι
1576 575 1790 610 προχειρότατα,
1805 575 1851 602 διὰ

1050 619 1118 646 Θεοῦ
1132 619 1224 654 σαφῶς
1235 619 1445 654 ἐπηγγέλλοντο.
1463 620 1491 646 ’0
1505 620 1533 647 δὲ
1548 622 1604 653 τοῖς
1619 621 1694 654 ἰδίοις
1709 622 1848 656 ίσουργεῖν

1051 666 1160 692 ἐκέλευε
1185 666 1303 700 Μάγοις,
1333 667 1473 702 μονονουχὶ
1496 667 1540 694 διὰ
1562 668 1657 694 τούτου
1685 668 1766 703 βοῶν·
1791 669 1849 694 Οὐκ

1051 713 1172 747 ἀγνῶτες
1187 713 1276 749 ἔργων
1293 713 1347 740 τῶν
1361 714 1489 741 τοιούτων
1502 715 1592 750 ἡμεῖς.
1604 715 1731 741 Πλεῖστοι
1744 714 1773 740 δὲ
1791 715 1848 740 ὅσοι

1050 760 1115 794 παρ’
1138 760 1298 794 Αἰγυπτίοις
1322 759 1417 795 ῆκαθ“
1442 760 1530 795 ὑμᾶς·
1554 759 1601 786 ἰαὶ
1625 760 1769 795 μελέτημα
1793 761 1848 791 τοῖς

1050 806 1156 839 Μάγοις
1170 805 1199 832 τὸ
1215 805 1450 841 θαυματουργεῖν,
1467 804 1508 838 οἷς
1524 806 1571 833 καὶ
1586 807 1664 841 ὑμεῖς
1679 805 1846 841 ἐναρίθμιοι.

1050 851 1265 887 Σκληρυνομένῳ
1282 851 1310 878 δὲ
1327 851 1397 883 λίαν,
1414 852 1462 878 καὶ
1478 852 1528 878 οὐκ
1542 852 1643 879 ἀνιέντι
1658 852 1703 878 τὸν
1724 851 1847 887 Ἰσραὴλ,

1049 899 1181 934 τέσσαρες
1205 899 1291 925 δειναὶ
1313 898 1360 925 καὶ
1379 898 1503 934 ἀλλήλων
1531 899 1641 935 χείρους
1667 896 1848 934 ἐπιφέρονται

1048 945 1166 981 πληγαί⁸
1187 944 1283 977 ὕδατός
1299 953 1329 971 τε
1353 944 1407 981 γὰρ
1421 946 1461 977 εἰς
1480 942 1550 980 αἷμα
1568 945 1703 980 μεταϐολὴ
1725 945 1847 980 παραδό-

1048 989 1100 1021 ξως
1114 990 1274 1025 ἐπράττετο,
1291 990 1421 1025 βάτραχοι
1434 998 1464 1016 τε
1480 991 1527 1017 καὶ
1541 991 1663 1023 σκνίπες,
1684 991 1731 1017 καὶ
1751 990 1847 1017 τελευ-

1046 1037 1109 1063 ταία
1123 1036 1267 1072 κυνάμυια,
1283 1036 1493 1073 μαλθακώτερον
1504 1038 1552 1072 ἤδη
1563 1046 1619 1069 πως
1632 1037 1669 1069 ὡς
1680 1036 1709 1070 ἐξ
1719 1037 1845 1072 ἀνάγκης

1049 1083 1079 1110 οὐ
1100 1084 1222 1118 φορητῆς
1238 1083 1386 1110 ἀπετέλουν
1406 1083 1450 1110 τὸν
1466 1083 1577 1119 Φαραώ.
1603 1084 1844 1118 Εἰσκαλεσάμενος

1045 1129 1077 1165 δὴ
1095 1131 1158 1162 τοὺς
1177 1130 1250 1165 ἀμφὶ
1268 1130 1380 1163 Μωσέα,
1398 1130 1480 1165 φησίν
1493 1138 1499 1144 ·
1521 1140 1531 1155 ι
1550 1130 1724 1162 Είσελθὸντες
1743 1130 1845 1156 θύσατε

1047 1176 1141 1211 Κυρίῳ
1152 1175 1191 1211 τῷ
1203 1175 1263 1211 Θεῷ
1279 1175 1356 1211 ὑμῶν
1374 1177 1402 1202 ὲν
1418 1177 1451 1212 τῇ
1470 1178 1518 1212 γῇ,
1532 1177 1586 1203 Καὶ
1599 1174 1659 1203 εἷπε
1672 1176 1789 1211 Μωσῆς,
1807 1176 1845 1202 Οὐ

1045 1222 1156 1249 δυνατὸν
1177 1222 1304 1256 γενέσθαι
1324 1222 1430 1254 οὕτως’
1451 1222 1486 1249 τὰ
1509 1223 1564 1258 γὰρ
1593 1222 1768 1258 βδελύγματα
1790 1221 1845 1248 τῶν

1045 1268 1203 1302 Αἰγυπτίων
1224 1267 1343 1303 θύσομεν
1363 1268 1458 1304 Κυρίῳ
1475 1268 1514 1303 τῷ
1528 1268 1587 1304 Θεῷ
1600 1268 1688 1304 ἡμῶν.
1713 1268 1778 1294 Ἐὰν
1790 1268 1845 1303 γὰρ

1046 1313 1172 1349 θύσωμεν
1191 1314 1287 1350 Κυρίῳ
1303 1314 1342 1349 τῷ
1361 1314 1421 1350 Θεῷ
1441 1314 1521 1350 ἡμῶν
1540 1314 1574 1341 τὰ
1594 1314 1769 1349 βδελύγματα
1789 1315 1843 1341 τῶν

1045 1361 1201 1395 Αἰγυπτίων
1220 1362 1341 1388 ἐναντίον
1354 1361 1454 1393 αὐτῶν,
1470 1361 1748 1397 λιθοϐοληθησόμεθα.
1768 1361 1843 1388 Ὀδόν

1045 1408 1128 1443 τριῶν
1140 1408 1252 1443 ἡμερῶν
1264 1408 1456 1443 πορευσόμεθα
1469 1409 1508 1439 εἰς
1518 1407 1566 1443 τὴν
1577 1407 1691 1444 ἔρημον,
1704 1409 1753 1435 καὶ
1766 1409 1844 1436 θύσο-

1047 1462 1096 1489 μεν
1111 1455 1206 1490 Κυρίῳ
1220 1454 1259 1490 τῷ
1275 1454 1336 1489 Θεῷ
1349 1454 1437 1490 ἡμῶν,
1454 1454 1580 1490 καθάπερ
1594 1452 1669 1481 εἶπεν
1689 1455 1767 1490 ἡμῖν.
1787 1455 1844 1481 Καὶ

1045 1498 1105 1526 εἶπε
1118 1499 1232 1534 Φαραώ·
1256 1499 1326 1534 Ἐγὼ
1341 1499 1484 1526 ἀποστελῶ
1507 1499 1590 1535 ὑμᾶς,
1609 1500 1657 1526 καὶ
1672 1499 1770 1526 θύσετε
1789 1500 1843 1526 Κυ-

1047 1546 1096 1582 ρίῳ
1112 1546 1150 1581 τῷ
1162 1546 1221 1582 Θεῴ
1241 1547 1317 1581 ὑμῶν
1330 1547 1358 1573 ἐν
1373 1547 1404 1582 τῇ
1422 1547 1528 1582 ἐρήμῳ,
1541 1546 1598 1573 ἀλλ*
1608 1546 1638 1573 οὑ
1651 1546 1762 1582 μακρὰν
1776 1547 1843 1572 ἁπο-

1045 1594 1146 1618 τενεῐτε
1163 1592 1210 1619 τοῦ
1223 1593 1407 1628 πορευθῆναι.
1424 1602 1433 1619 ι
1463 1592 1649 1626 Ἀντεξάγοντι
1670 1593 1718 1629 μὲν
1731 1593 1787 1628 γὰρ
1804 1593 1842 1628 τῷ

1044 1639 1168 1674 Σατανᾷ,
1189 1639 1237 1665 καὶ
1255 1639 1316 1670 ταῖς
1335 1639 1376 1670 εἰς
1396 1639 1425 1665 τὸ
1447 1639 1550 1674 ἀγαθὸν
1570 1640 1649 1675 ἡμῶν
1671 1639 1842 1675 προθυμίαις

1044 1685 1237 1720 ἀντιφέρεσθαι
1261 1686 1392 1719 ἐγνωκότι
1415 1686 1545 1718 νεανικῶς
1566 1686 1615 1722 τὴν
1640 1685 1738 1713 ἑαυτοῦ
1763 1695 1841 1722 μισο-

1043 1731 1187 1767 πονηρίαν,
1202 1731 1377 1766 ἀντανίστησι
1391 1731 1472 1765 Θεὸς,
1494 1732 1540 1758 καὶ
1559 1732 1691 1767 κατάγχει
1706 1732 1842 1768 θρασυνό-

1045 1786 1141 1813 μενον,
1167 1778 1215 1804 καὶ
1238 1776 1391 1805 τιθασσεύει
1417 1778 1544 1813 πληγαῖς.
1567 1779 1597 1805 '0
1619 1779 1647 1805 δὲ
1675 1780 1734 1806 τότε
1763 1779 1841 1815 μόλις

1042 1825 1133 1860 ἐφίησι
1154 1824 1203 1860 μὲν
1217 1824 1266 1859 οὐχ
1283 1823 1353 1850 ἑκών
1363 1833 1370 1839 ·
1384 1826 1511 1860 πειρᾶται
1525 1825 1548 1851 δ’
1563 1823 1609 1852 οὖν
1630 1826 1706 1860 ὅμως
1722 1826 1838 1852 ἀναπεί-

1043 1871 1098 1898 θειν
1120 1871 1210 1906 ἡμᾶς,
1227 1870 1360 1897 ποιεῖσθαι
1382 1870 1431 1905 μὲν
1448 1871 1497 1897 οὐκ
1516 1871 1616 1907 ἀκριϐῆ
1639 1871 1688 1907 τὴν
1710 1873 1750 1904 εἰς
1773 1873 1840 1899 Θεὸν

1042 1918 1170 1953 λατρείαν
1188 1939 1195 1949 ,
1213 1918 1249 1953 μὴ
1273 1918 1325 1952 μὴν
1343 1917 1383 1944 ἔτι
1402 1917 1539 1949 παντελῶς
1564 1918 1611 1945 καὶ
1633 1918 1682 1954 τῆς
1700 1920 1745 1945 ἐπ’
1763 1919 1838 1954 αὐτῷ

1042 1963 1164 1995 δουλείας
1180 1964 1339 1999 ἀποφοιτᾷν.
1357 1965 1393 1990 Οὐ
1412 1963 1466 2000 γὰρ
1481 1964 1533 1998 ἔξω
1552 1965 1604 1999 γῆς
1627 1964 1694 1997 ίδίας
1707 1986 1713 1995 ,
1732 1965 1791 1991 ἀλλ’
1809 1967 1838 1992 ὲν

1042 2009 1110 2044 αὐτῇ
1126 2009 1224 2045 χρῆναι
1242 2009 1315 2035 θύειν
1329 2010 1387 2040 τοῖς
1404 2009 1540 2041 Ἰουδαίοις
1554 2009 1672 2038 ἐκέλευε.
1688 2010 1837 2043 Σοφώτατα

1040 2055 1069 2082 δὲ
1082 2055 1195 2090 Μωσῆς,
1213 2065 1222 2081 ‹
1243 2055 1280 2081 Οὐ
1294 2055 1405 2082 δυνατὸν
1422 2055 1549 2089 γενέσθαι
1566 2055 1648 2089 οὕτω,
1672 2065 1682 2082 ι
1695 2057 1772 2092 φησί.
1793 2057 1838 2083 Γί-

1041 2111 1114 2129 νεται
1143 2102 1191 2138 μὲν
1218 2102 1273 2137 γὰρ
1299 2103 1342 2130 ἀεὶ
1365 2103 1420 2130 τῶν
1442 2102 1551 2137 φαύλων
1573 2102 1722 2138 εἰσηγητὴς
1747 2104 1761 2130 ὁ
1787 2104 1838 2138 τῆς

1041 2147 1177 2182 ἁμαρτίας
1195 2147 1308 2182 εὑρετής
1321 2155 1327 2162 ·
1344 2147 1482 2182 ἐκπέμπει
1497 2147 1525 2173 δὲ
1540 2147 1622 2182 νόμος
1636 2147 1650 2173 ὁ
1668 2147 1740 2179 θεῖος
1753 2148 1835 2181 αὐτὰ,

1041 2193 1088 2220 καὶ
1103 2193 1255 2227 ἁποφάσκει
1272 2193 1303 2219 τὸ
1315 2193 1392 2229 δρᾷν,
1407 2193 1478 2229 ἅπερ
1493 2193 1526 2220 ἂν
1542 2194 1636 2229 ἐκείνῳ
1655 2193 1730 2230 δοκῇ.
1749 2195 1836 2230 Προσ-

1042 2240 1135 2266 εκτέον
1155 2240 1299 2275 τοιγαροῦν
1325 2242 1380 2273 τοῖς
1408 2241 1530 2267 ἐθέλουσι
1554 2241 1628 2276 βιοῦν
1653 2241 1760 2277 ὀρθῶς,
1786 2242 1836 2276 οὐχ

1041 2285 1138 2322 οἷσπερ
1156 2286 1188 2314 ἂν
1209 2287 1284 2322 λέγοι
1301 2288 1454 2323 φενακίζων
1481 2288 1494 2314 ὁ
1519 2288 1650 2324 Πονηρὸς,
1667 2288 1725 2315 ἀλλ’
1746 2285 1787 2320 οἷς
1806 2289 1836 2315 τὺ

1040 2333 1109 2360 θεῖον
1125 2335 1191 2370 ἡμῖν
1210 2335 1346 2368 ἀναφωνεῖ
1362 2334 1562 2370 χρησμῲδημα,
1583 2344 1592 2361 α
1616 2335 1718 2370 Λύχνος
1736 2335 1802 2371 γὰρ,
1823 2345 1832 2361 ι

1040 2380 1117 2415 φησὶ,
1133 2390 1140 2405 ι
1158 2381 1215 2412 τοῖς
1227 2380 1289 2407 ποσί
1304 2389 1354 2416 μου
1367 2382 1381 2407 ὁ
1395 2381 1476 2417 νόμος
1493 2390 1550 2414 σου,
1568 2382 1615 2408 καὶ
1632 2381 1690 2416 φῶς
1703 2383 1764 2413 ταῖς
1776 2382 1836 2418 τρί-

1041 2426 1098 2458 ϐοις
1116 2435 1176 2462 μου.
1200 2437 1209 2453 ι

1077 2514 1180 2541 ΠΑΛΛ.
1203 2514 1324 2550 Ἀληθές.

1076 2561 1158 2588 ΚΥΡ.
1175 2561 1336 2597 Συνέχοντος
1357 2562 1449 2589 τοίνυν
1468 2563 1552 2598 ἡμᾶς,
1574 2564 1658 2600 ἤγουν
1675 2563 1833 2600 καθείργειν

1042 2605 1178 2638 ἐθέλοντος
1194 2607 1239 2633 καὶ
1256 2607 1302 2633 ὑπ’
1325 2607 1399 2644 αὐτῷ
1413 2609 1558 2641 ποιεῖσθαι,
1574 2609 1621 2635 τοῦ
1635 2609 1771 2644 Πονηροίλ
1784 2610 1830 2637 λα⁶

1040 2652 1167 2688 τρευτέον
1179 2652 1238 2688 Θεῷ
1251 2652 1289 2688 τῷ
1305 2653 1374 2680 κατὰ
1390 2654 1471 2688 φύσιν
1484 2655 1568 2690 μόνῳ,
1580 2655 1627 2681 καὶ
1639 2655 1766 2691 διψυχίας
1781 2656 1831 2682 ἰόν-

1039 2707 1086 2730 τες
1099 2698 1137 2730 ὡς
1156 2699 1302 2729 ἀπωτάτω.
1327 2700 1468 2736 λέγωμεν,
1487 2711 1496 2727 ‹
1516 2702 1553 2728 Οὐ
1573 2702 1685 2728 δυνατὸν
1704 2702 1830 2736 γενέσθαι
1850 2721 1859 2727 .

1039 2744 1135 2776 οὕτως.
1149 2754 1210 2770 ι--ι
1221 2745 1337 2772 Δύναται
1346 2746 1399 2782 γὰρ
1409 2747 1495 2778 οὐδεὶς
1506 2747 1565 2774 δυσὶ
1571 2748 1674 2782 κυρίοι;
1685 2748 1829 2775 δουλεύειν·

1038 2790 1054 2825 ἦ
1069 2788 1122 2824 γὰρ
1142 2789 1188 2817 τὸν
1205 2790 1252 2816 ἕνα
1268 2792 1393 2827 μισήσει,
1411 2793 1459 2819 καὶ
1475 2793 1520 2820 τὸν
1535 2793 1627 2829 ἕτερον
1643 2794 1794 2828 ἀγαπήσειθ
1813 2794 1829 2831 ἦ

1037 2835 1083 2862 τοῦ
1104 2836 1162 2868 ἐνὸς
1182 2836 1332 2869 ἀνθέξεται,
1347 2838 1455 2866 καὶτοῦ
1471 2839 1566 2875 ἐτέρου
1586 2840 1800 2875 καταφρονήσει.
1818 2849 1828 2866 ι

568 2927 578 2942 “
589 2927 660 2954 Psal.
673 2933 762 2960 cxvnl,
778 2925 837 2953 105.
877 2926 898 2942 ¹ο
908 2925 1002 2954 Maltb.
1023 2933 1080 2959 xm,
1094 2925 1138 2953 24.
