1924 3043
61 197 104 223 197

61 256 214 289 ιέγραπται
229 252 258 280 δὲ
271 249 319 285 αὖ,
335 261 343 278 ι
367 252 433 280 Οὐαὶ
449 253 572 289 καρδίαις
586 251 702 284 δειλαῖς,
716 252 764 278 καὶ
778 252 855 287 χερσὶ
871 257 892 284 Α

60 299 250 335 παρειμέναις,
269 299 320 325 καὶ
333 297 488 334 ἁμαρτωλῷ
502 297 667 326 ἐπιϐαίνοντι
679 297 724 324 ἐπὶ
740 297 785 324 δύο
796 298 855 334 τρί-

60 345 137 376 ϐουςῐ
153 354 162 370 ι
181 344 294 380 Χρῆναι
307 345 362 380 γὰρ
387 344 474 378 ἔγωγέ
489 352 570 380 φημι.
582 343 705 379 καθαρὰν
720 344 766 370 καὶ
779 343 857 378 ἀμώ-

62 400 142 427 μητον
160 390 300 417 ποιεῖσθαι
315 390 443 425 λατρείαν
457 390 495 426 τῷ
510 390 617 417 πάντων
627 389 770 425 κρατοῦντι
785 388 854 424 Θεῷ,

62 436 296 471 ἑχτὶεφοιτηκότας
320 437 436 464 εἰσάπαν
459 438 508 472 τῆς
533 436 578 463 ὑπ’
598 436 694 471 ἐκείνῳ
710 435 854 471 λατρείας·

61 482 127 508 οὕτω
141 490 173 508 τε
187 482 258 518 πρὸς
278 482 329 516 τὴν
344 482 448 516 ἀμε¹νω
465 481 556 517 ζητεῖν
574 481 640 507 ἰέναι
653 481 794 515 γεννικῶς·
809 481 858 508 ἄλο

61 528 110 558 λως
126 536 170 560 τε,
195 536 205 553 ι
231 527 273 554 Τὰ
293 527 464 562 βδελὺγματα
487 526 541 553 τῶν
558 526 732 561 Αἰγυπτίων,
748 535 758 552 ι
777 527 854 561 φησὶ,

63 583 72 598 ‹
89 572 209 607 θύσομεν
226 572 323 608 Κυρίῳ
339 572 378 607 τῷ
394 572 452 607 Θεῷ
466 572 555 607 ἡμῶν.
581 572 643 598 Ἐὰν
657 572 711 608 γὰρ
731 572 856 607 θύσωμεν

60 619 92 645 τὰ
107 619 287 654 βδελύγματα
301 619 354 645 τῶν
368 618 523 652 Αἰγυπτίων
540 618 657 645 ἐναντίον
673 618 772 650 αὐτῶν,
785 618 857 645 λιοο-

61 665 282 701 ὼληθησόμεθα.
305 675 314 692 ι
334 666 390 692 Καὶ
405 666 466 693 ὅσον
482 665 530 700 μὲν
549 663 616 701 ἧκεν
633 665 674 697 είς
691 674 723 699 γε
740 665 786 691 τὸν
806 664 856 699 τῆς

62 711 183 747 ἱστορίας
192 712 284 746 λόγον,
296 712 451 747 εὖάςρορμος
463 712 479 746 ἡ
492 711 667 747 παραίτησις.
680 711 856 747 Βδελύγματα

62 757 114 792 γὰρ
130 756 228 783 ἐνθάδε
243 758 321 793 φησι,
333 757 366 784 τὰ
380 757 539 791 σεϐάσματα
550 766 556 772 ·
571 757 665 792 μόσχοι
680 757 708 783 δὲ
720 755 788 792 ἦσαν
800 758 857 788 τοῖς

62 804 224 838 Αἰγυπτίοις
239 803 271 830 τὸ
291 796 383 834 σέϐας.
406 803 490 830 Ταυτὶ
509 803 548 836 δὲ,
577 803 669 838 φησὶν,
697 804 720 830 εἰ
742 802 782 838 τῷ
802 803 856 830 τῶν

68 850 202 886 Ἐὄραίων
217 849 407 885 καταθύσομεν
427 849 504 884 Θεῷ.
522 849 692 884 ἀκονήσομεν
710 850 751 881 εἰς
771 849 856 885 ὀργὰς

64 896 151 932 πάντη
169 904 200 922 τε
218 896 267 922 καὶ
279 895 387 927 πάντως
401 896 465 926 τοὺς
479 894 655 929 Αἰγυπτίους,
670 895 809 921 δύσοιστον
826 895 856 921 τὸ

63 943 158 978 χρῆμα
182 941 373 977 ποιουμένους.
396 941 473 968 Ἐσο’
498 941 543 968 ὅτε
566 942 612 967 καὶ
634 940 745 973 πιθανὸς
766 941 854 975 λόγος.

65 989 145 1014 ὐσον
160 987 189 1014 δὲ
203 986 271 1024 ἧκεν
291 987 330 1019 εἰς
350 987 465 1023 Θεωρίαν
482 986 680 1022 πνευματικὴν,
694 987 724 1012 οὐ
745 987 857 1022 μετρίαν

65 1034 118 1069 ἔχει
128 1035 178 1070 τὴν
189 1034 293 1070 δνησιν.
308 1035 340 1061 '0
350 1035 402 1069 γὰρ
412 1032 466 1060 οἶδε
480 1034 597 1069 μάλιστα
610 1034 700 1069 τιμᾷν,
713 1034 759 1060 καὶ
773 1034 856 1059 ποιεῖ-

65 1089 107 1108 ται
125 1081 190 1116 περὶ
214 1081 323 1112 πολλοῦ,
336 1080 407 1113 ἀξιοῖ
425 1088 455 1106 τε
477 1079 555 1113 λόγου
581 1079 680 1110 παντὸς
695 1080 711 1114 ἡ
726 1078 780 1104 τῶν
801 1078 858 1104 δαι-

68 1126 164 1161 μονίων
183 1126 291 1161 πληθὺς
303 1147 310 1158 ,
338 1125 568 1161 κατανεκροῦντες
585 1125 666 1160 ἡμεῖς
688 1124 801 1159 ἡδίστην
820 1123 858 1159 τῷ

66 1171 124 1208 Θεῴ
134 1172 267 1208 τελοῦμεν
283 1172 423 1207 λατρείαν,

873 929 892 955 ll

103 1265 208 1291 ΠΑΛΛ.
224 1263 287 1295 Πῶς
305 1262 388 1298 ἔφης

100 1313 183 1340 ΚΥΡ,
199 1312 233 1337 Ἦ
249 1311 303 1346 γὰρ
314 1310 374 1345 οὐχὶ
388 1309 421 1336 τὰ
436 1309 486 1343 τῆς
502 1306 600 1343 σαρκὸς
614 1306 688 1340 πάθη
703 1305 781 1341 τίμια
795 1304 858 1339 παρ’

69 1360 189 1391 ὲαυτοῖςς
203 1358 251 1385 καὶ
266 1357 333 1392 οὐχὶ·
345 1355 452 1386 πάντως
470 1354 502 1380 δι’
517 1353 612 1386 ἑαυτὰ,
627 1352 684 1379 ἀλλ’
706 1351 809 1378 ὲπείτοι
825 1351 859 1377 δι’

68 1405 156 1432 αὐτῶν
173 1403 322 1439 ὀλλύμεθα,
342 1402 390 1429 καὶ
411 1401 479 1437 πρὸς
499 1399 619 1427 δουλείαν
640 1398 688 1434 τὴν
709 1398 753 1424 ὑπ’
769 1398 859 1429 αὐτοῖς

69 1450 295 1486 κατεσφίγμεθας

102 1497 208 1524 nam.
229 1494 350 1530 Ἀληθές.

103 1543 186 1570 ΚΥΡ.
205 1541 298 1568 Ταῦτα
317 1541 349 1576 δὴ
371 1537 530 1575 νεκροῦντες
550 1537 596 1563 καὶ
611 1536 692 1562 οἱονεὶ
717 1535 860 1569 κατασφά-

72 1589 171 1621 ζοντες,
192 1589 232 1620 εἰς
249 1587 337 1622 ὀσμὴν
356 1585 469 1615 εὐωδίας
485 1583 602 1617 ἐσόμεθα
620 1582 659 1617 τῷ
673 1581 745 1617 Θεῷἵ
757 1581 859 1616 Γράφει
875 1601 895 1629 C

71 1637 97 1663 δὲ
111 1637 124 1662 ὀ
139 1635 246 1666 Παῦλος
265 1633 330 1660 ὡδί·
358 1642 367 1658 ι
387 1630 585 1667 Παραστήσατε
603 1629 638 1656 τὰ
657 1628 769 1664 σώματα
785 1627 862 1662 ὑμῶν

72 1682 165 1710 (θυσίαν
183 1681 291 1714 ζῶσαν,
306 1679 451 1714 εὐάρεστον
465 1677 504 1713 τῷ
527 1676 603 1712 Θεῷ,
619 1676 668 1711 τὴν
683 1674 794 1710 λογικὴν
810 1674 863 1700 λα-

72 1729 160 1766 τρείαν
175 1728 262 1763 ὑμῶν.
281 1736 290 1753 ι
308 1726 387 1762 Δρῴη
401 1725 421 1752 δ’
433 1725 466 1751 ἂν
479 1723 582 1750 τοιοῦτό
594 1731 634 1754 τις
649 1721 745 1758 ὀρθῶς,
759 1720 862 1756 νεκρῶν

73 1775 104 1802 τὰ
118 1774 188 1810 μέλη
204 1773 240 1800 τὰ
255 1773 302 1799 ἐπὶ
319 1772 368 1807 τῆς
381 1772 442 1806 γῆς,
464 1769 603 1805 πορνείαν,
616 1767 796 1803 ἀκαθαρσίαν,
812 1766 864 1792 πά-

75 1821 126 1852 οος,
139 1818 289 1853 ἐπιθυμίαν
304 1817 403 1852 κακὴν,
421 1815 468 1842 καὶ
481 1815 529 1850 τὴν
544 1813 708 1845 πλεονεξίαν.
729 1812 862 1838 Ἕκαστον

75 1865 118 1893 οὖν
133 1867 188 1902 ἄρα
200 1865 254 1891 τῶν
269 1866 297 1891 ὲν
310 1864 375 1899 ἡμῖν
392 1861 500 1893 παθῶν,
520 1859 675 1894 Αἰγυπτίων
692 1859 746 1885 τῶν
761 1858 863 1893 νοητῶν

76 1915 129 1939 ἐστι
144 1912 294 1948 βδέλυγμα,
309 1909 382 1936 τοῦτ’
396 1908 469 1939 ἔστι,
485 1905 716 1942 σεδασμιώτατον.
732 1905 792 1931 "Ott
810 1903 864 1938 γὰρ

76 1959 130 1991 ἔθος
145 1960 179 1994 τῇ
195 1957 255 1992 θείᾳ
273 1956 369 1991 Γραφῇ
394 1954 531 1990 βδέλυγμα
552 1952 640 1986 λέγειν
657 1951 687 1978 τὸ
709 1951 737 1977 ἐν
755 1949 863 1976 εἰδώλου

76 2005 157 2039 τάξει,
173 2004 222 2031 καὶ
237 2002 319 2029 οἱονεί
335 2011 361 2027 τι
374 2000 465 2031 σέϐας,
486 1998 626 2025 ἀναπείθει
645 1997 731 2030 λέγων
743 1995 808 2026 Θεὸς
822 1994 866 2021 διὰ

77 2053 122 2088 τῆς
148 2049 284 2087 Ἰερεμίου
308 2047 417 2082 φωνῆς,
438 2046 501 2081 περὶ
519 2045 567 2080 τῆς
586 2042 719 2070 Ἰουδαίων
739 2042 865 2075 Συναγω-

77 2086 140 2133 γῆς·
164 2105 173 2122 ι
201 2095 270 2129 Τίὴ
292 2091 459 2128 ἠγαπημένη
485 2091 513 2117 ἐν
536 2089 574 2124 τῷ
596 2089 663 2124 οἴκῳ
687 2096 737 2122 μου
755 2086 865 2120 ἐποίησε

78 2143 228 2177 βδέλυγμας
251 2151 260 2167 ι
281 2140 311 2166 El
330 2139 358 2165 δὲ
372 2138 402 2173 δή
417 2146 457 2169 τις
475 2136 596 2172 βούλοιτο
617 2135 706 2168 λέγειν
730 2133 866 2168 βδέλυγμα

77 2189 126 2214 τῶν
147 2186 307 2221 Αἰγυπτίων
333 2184 364 2211 τὺ
381 2183 462 2210 οἱονεὶ
488 2183 598 2218 μίσημα
622 2181 668 2207 καὶ
690 2179 864 2214 παραίτησιν,

74 2235 123 2261 οὐκ
140 2233 173 2260 ἂν
187 2232 319 2267 ὲξοίχοιτο
332 2229 378 2256 τοῦ
396 2229 547 2265 πρέποντος
560 2227 606 2254 νοῦ
619 2235 625 2242 ·
643 2226 660 2253 ἃ
675 2226 727 2262 γὰρ
750 2225 809 2256 ἒοος
824 2224 866 2250 ἀεὶ

78 2281 164 2316 μισεῖν
181 2279 232 2306 καὶ
247 2275 504 2304 καταὸδελύττεσθαι
520 2275 576 2305 τοῖς
599 2272 765 2307 ἀκαθάρτοις
788 2269 867 2297 πνεύ-
885 2279 906 2306 ι)

78 2335 153 2362 μασι,
168 2325 249 2352 ταυτὶ
259 2323 326 2360 πρὸς
335 2323 414 2358 ἡμῶν
425 2321 463 2353 εἰς
475 2319 563 2356 ὀσμὴν
577 2318 688 2350 εὐωδίας
698 2317 869 2345 ἀνακείσεται

76 2374 111 2408 τῷ
133 2371 204 2407 Θεῷ,
223 2371 270 2397 καὶ
290 2369 371 2396 Θυσία
392 2366 574 2402 πνευματικὴ,
599 2364 706 2396 πίστις,
730 2363 868 2398 πραότης,

78 2418 237 2454 ἐγκράτεια,
253 2414 427 2451 σωφροσύνη,
440 2410 611 2447 φιλαλληλία,
627 2410 675 2437 καὶ
689 2409 739 2444 τῆς
753 2409 792 2440 είς
803 2408 868 2434 Θεὸν

77 2464 253 2500 τιησιότητος
269 2461 303 2488 τὰ
321 2460 478 2496 αὐχήματα.

112 2602 218 2629 ΠΑΛΛ.
240 2600 295 2627 Καὶ
309 2598 383 2630 τίνες
400 2597 433 2625 ἂν
447 2595 501 2624 εἷεν
518 2595 543 2622 οι
559 2595 588 2622 ἐν
604 2595 637 2629 τῇ
651 2593 686 2628 γῇ
704 2590 812 2622 θύοντες
824 2589 871 2616 τοῦ

82 2647 219 2684 llo/11906;
239 2646 344 2673 νοοῖντο
358 2643 380 2670 δ’
396 2643 428 2670 ἂν
445 2642 515 2673 τίνες
529 2642 577 2668 καὶ
595 2641 619 2666 οἱ
635 2639 687 2672 ἔξω
704 2638 770 2673 γῆς;

113 2737 196 2763 ΚΥΡ.
219 2735 251 2762 Οἱ
269 2733 319 2769 μὲν
338 2731 394 2767 γὰρ
410 2730 487 2757 οὖπω
507 2728 556 2764 τῆς
575 2726 732 2762 Αἰγυπτίων
755 2723 870 2758 ἐκϐεϐη-

84 2783 169 2815 κότες,
186 2782 233 2809 καὶ
250 2779 313 2814 Θεῷ
339 2777 446 2807 θύοντες
469 2776 496 2801 ὲν
518 2774 603 2808 αὐτῇ,
627 2771 719 2799 πολλοὶ
735 2770 806 2801 λίαν,
824 2769 872 2795 καὶ

85 2827 194 2864 ἀριθμοῦ
216 2827 290 2862 τάχα
313 2831 366 2850 που
386 2822 538 2858 κρείττονες
550 2828 557 2836 ο
575 2819 599 2845 οἱ
620 2818 649 2845 δὲ
668 2817 720 2849 ἔξω
737 2824 767 2842 τε
781 2815 828 2841 καὶ
844 2815 873 2840 ὲν

119 2919 278 2950 ¹¹Εεαιί.ιι,
292 2917 338 2943 15.
379 2915 399 2930 ¹¹
417 2914 497 2942 Rom.
510 2921 557 2946 xu,
575 2912 600 2939 l.

438 195 482 223 DE
500 193 722 222 ADORATIONE
742 194 776 222 IN
797 193 933 222 SPIRITU
955 193 998 221 ET
1018 192 1202 220 \‘ERITATE.
1224 192 1288 223 LIB.
1305 192 1325 220 l.

1645 191 1694 218 £93

908 251 1047 286 Scriptum
1062 255 1102 278 est
1119 250 1183 277 item
1198 258 1204 276 :
1218 258 1226 274 ι
1243 249 1288 276 Vze
1300 248 1429 276 cordibus
1443 247 1555 280 timidis,
1568 252 1596 274 ct
1609 247 1695 274 mani-

907 297 958 324 bus
974 295 1126 327 dissolutis,
1141 301 1169 322 et
1185 294 1320 329 pcccatori
1335 294 1484 322 ambulanti
1499 301 1547 328 per
1565 293 1633 320 duas
1650 300 1694 319 sc-

907 343 988 369 mitas
1005 342 1044 369 “l
1065 352 1074 367 ι
1091 341 1205 376 Oportet
1227 340 1315 373 enim,
1333 345 1363 367 ut
1382 347 1432 375 ego
1451 339 1549 371 sentio,
1573 339 1612 366 illi
1635 346 1695 365 om—

906 388 982 416 nium
996 387 1114 424 principi
1129 388 1185 414 Deo
1195 394 1293 422 purum
1304 386 1443 418 exhibere,
1455 385 1598 420 omnisque
1610 385 1696 420 culpae

906 438 1046 469 expertem
1062 434 1182 464 cultum,
1207 439 1332 467 egressos
1355 431 1383 458 in
1402 435 1487 458 totum
1512 431 1546 457 ab
1568 439 1600 458 ea
1623 431 1695 462 vita,

906 487 968 514 qum
980 480 1031 507 sub
1043 479 1118 506 illius
1132 478 1244 513 maligni
1258 482 1300 504 est
1313 476 1432 510 ditione;
1447 477 1541 511 sicque
1554 477 1587 503 ad
1602 476 1696 503 lauda-

907 525 1034 553 biliorem
1052 525 1126 552 illam
1145 525 1259 551 alteram
1275 523 1382 549 fortiter
1400 522 1511 549 tendere
1535 531 1540 548 :
1563 522 1695 556 alioquin,

911 580 920 596 ι
939 570 1173 602 Abominationes,
1195 579 1203 595 ι
1221 568 1319 603 inquit,
1334 577 1342 592 ι
1359 567 1572 594 sacrificabimus
1582 567 1697 594 Domino

907 617 964 643 Deo
986 621 1092 643 nostro.
1111 616 1139 643 Si
1161 615 1234 643 enim
1256 613 1500 641 sacrificaverimus
1516 613 1697 640 abominatio-

907 671 957 690 nes
978 663 1164 698 [Egyptiorum
1194 668 1286 688 coram
1311 660 1379 691 illis,
1407 659 1600 693 lapidabimur.
1629 669 1637 684 ›
1659 659 1698 685 Ac

908 709 980 744 quod
1007 709 1040 735 ad
1065 707 1197 742 simplicis
1220 706 1340 733 historia:
1366 705 1563 740 expositionem
1586 704 1697 736 attinet,

908 754 1006 781 idonea
1021 757 1080 781 erat
1095 753 1243 781 excusatio.
1260 751 1484 779 Abominationes
1500 750 1573 777 enim
1590 750 1635 776 llic
1650 758 1698 783 ap-

907 801 1000 835 pellat,
1018 808 1078 835 qure
1095 799 1133 826 illi
1158 799 1285 826 colebant
1309 797 1445 824 :vitulum
1470 803 1552 831 porro
1576 795 1699 822 colebant

906 846 1036 881 ASgyptii.
1053 846 1115 872 Haec
1131 845 1225 880 igitur,
1243 844 1342 878 inquit,
1357 843 1379 870 si
1396 843 1572 870 Hebraeorum
1585 842 1641 868 Deo
1659 849 1701 868 sa-

908 890 1132 922 crilicaverimus,
1147 890 1259 917 omnino
1286 896 1399 916 necesse
1412 892 1453 915 est
1468 892 1498 914 ut
1512 887 1701 923 [Egypliorum

908 935 961 963 iras
972 943 1161 970 provocemus,
1179 934 1225 970 qui
1242 934 1293 960 hoc
1307 934 1419 960 minime
1435 932 1582 960 ferendum.
1592 935 1700 967 putant.

908 983 942 1010 Et
961 982 1111 1017 probabilis
1127 980 1238 1016 quidem
1258 980 1315 1007 haec
1337 983 1378 1006 est
1400 978 1544 1013 expositio.
1567 977 1700 1004 Creterum

908 1028 981 1064 quod
1001 1028 1035 1055 ad
1059 1026 1316 1061 contemplationem
1335 1024 1504 1060 spiritualcm
1522 1023 1628 1053 attinet.
1646 1030 1702 1050 non

908 1075 1075 1102 mediocrem
1092 1073 1174 1100 habet
1192 1072 1354 1104 utilitatem;
1371 1070 1443 1105 quod
1459 1070 1533 1096 enim
1547 1069 1701 1096 daemonum

908 1122 988 1148 turba
1000 1128 1127 1156 magnum
1141 1119 1289 1150 existimat,
1304 1125 1335 1145 ac
1350 1116 1462 1152 plurimi
1476 1115 1551 1147 facit,
1565 1119 1592 1142 ct
1604 1115 1632 1142 in
1647 1123 1702 1150 quo

908 1175 1042 1194 summam
1059 1171 1141 1193 totam
1154 1165 1234 1193 sitam
1253 1172 1312 1192 esse
1332 1166 1420 1198 putat,
1436 1163 1462 1189 id
1481 1162 1502 1189 si
1520 1170 1570 1189 nos
1587 1161 1702 1188 mortifi—

909 1213 1072 1244 caverimus,
1092 1211 1277 1247 gratissimum
1298 1210 1355 1238 Deo
1373 1209 1476 1236 cultum
1499 1208 1700 1235 exhibebimus.

945 1258 1042 1286 PALL.
1059 1258 1117 1290 Quo
1133 1257 1241 1284 tandem
1258 1256 1357 1283 modo?

946 1301 1023 1330 CYR.
1044 1301 1131 1334 Quid?
1153 1301 1250 1328 Carnis
1265 1300 1331 1327 vitia
1352 1307 1443 1327 nonne
1460 1299 1498 1326 illi
1521 1299 1611 1334 magni
1629 1299 1703 1326 (csti—

910 1348 1004 1375 mant?
1021 1355 1111 1382 neque
1122 1354 1188 1373 vero
1204 1346 1249 1373 illa
1264 1354 1313 1380 per
1328 1353 1357 1372 se
1372 1345 1494 1377 omnino,
1513 1345 1559 1372 sed
1575 1344 1638 1379 quia
1656 1353 1704 1379 per

911 1393 957 1421 illa
981 1401 1032 1420 nos
1052 1392 1206 1428 perdiutur,
1231 1395 1258 1419 et
1280 1391 1307 1418 in
1323 1399 1418 1418 eorum
1440 1395 1602 1426 potestatem
1622 1390 1703 1418 vincti

911 1439 1058 1467 ducimur?

946 1485 1043 1512 PALL.
1059 1484 1097 1512 [ta
1112 1488 1163 1512 est.

946 1529 1024 1556 CYR.
1040 1529 1103 1556 llaec
1128 1529 1211 1564 igitur
1234 1529 1256 1556 si
1280 1527 1552 1560 mortiﬁcaverimus,
1568 1535 1599 1554 ac
1620 1526 1705 1555 veluti

912 1574 1132 1606 mactaverimus,
1156 1574 1183 1601 in
1208 1574 1319 1601 odorem
1343 1573 1488 1600 suavitatis
1510 1573 1615 1600 erimus
1639 1573 1704 1599 Deo.

913 1621 965 1656 41
983 1620 1085 1648 Scribit
1100 1625 1192 1647 autem
1207 1620 1308 1647 Paulus
1329 1619 1357 1645 in
1375 1619 1447 1646 hunc
1464 1618 1574 1646 modum
1595 1627 1601 1645 :
1623 1628 1631 1644 ι
1651 1618 1706 1645 Ex-

914 1667 1006 1694 hibcte
1021 1674 1134 1702 corpora
1148 1671 1239 1693 vestra
1251 1666 1368 1692 hostiam
1387 1665 1535 1697 viventem,
1552 1665 1707 1699 placentem

914 1714 985 1746 Deo,
1010 1712 1173 1739 rationabile
1198 1711 1362 1746 obsequium
1379 1714 1500 1737 vestrum
1526 1711 1555 1737 ".
1578 1720 1586 1735 ι
1607 1710 1636 1737 Id
1660 1717 1709 1737 au-

916 1763 968 1786 tem
985 1758 1008 1786 is
1021 1761 1093 1785 recte
1109 1757 1201 1789 faciet,
1216 1757 1262 1792 qui
1279 1755 1485 1783 mortiﬁcaverit
1499 1756 1631 1787 membra,
1648 1763 1708 1789 qua:

914 1808 977 1831 sunt
1005 1811 1087 1839 super
1114 1807 1224 1835 terram,
1250 1802 1470 1834 fornicationem,
1494 1800 1707 1827 immunditiam.

914 1850 1068 1881 libidinem,
1083 1847 1333 1884 concupiscentiam
1350 1848 1459 1879 malam,
1473 1850 1501 1874 et
1519 1846 1660 1873 avaritiam
1676 1845 1707 1872 ".

916 1895 1027 1931 Singula
1047 1895 1140 1931 igitur,
1159 1902 1219 1929 quae
1235 1894 1261 1921 in
1282 1893 1364 1920 nobis
1381 1893 1475 1920 insunt
1489 1892 1565 1923 vitia,
1581 1891 1710 1926 spiritua-

915 1942 982 1968 lium
997 1941 1186 1976 zEgyptiorum
1201 1939 1421 1967 abominationes
1438 1942 1511 1969 sunt,
1527 1937 1554 1963 id
1572 1940 1623 1969 est,
1639 1944 1709 1971 prie—

916 1988 1014 2023 cipuus
1027 1995 1123 2014 eorum
1139 1985 1239 2014 cultus.
1256 1986 1323 2012 Esse
1341 1988 1433 2012 autem
1453 1983 1527 2010 hunc
1543 1990 1646 2010 morem
1666 1989 1710 2009 sa-

916 2041 1023 2060 crarum
1038 2033 1216 2064 Litterarum,
1231 2036 1260 2058 ut
1281 2031 1353 2066 quod
1373 2030 1439 2057 idoli
1462 2029 1521 2056 vice
1541 2028 1587 2061 sit,
1608 2031 1636 2055 et
1658 2036 1711 2054 nu-

916 2079 1009 2111 minis,
1034 2078 1265 2105 abominationem
1291 2076 1439 2112 appellent,
1464 2074 1608 2102 confirmat
1628 2073 1711 2103 Deus.

917 2132 978 2152 cum
991 2133 1040 2159 per
1047 2124 1172 2152 Ieremia:
1184 2130 1278 2150 vocem
1292 2123 1325 2149 de
1342 2121 1499 2149 Iudaeorum
1515 2119 1654 2154 Synagorga
1669 2117 1712 2145 di-

917 2171 976 2198 cit:
996 2181 1004 2196 ‹
1022 2170 1078 2198 Cur
1094 2170 1193 2197 dilecta
1210 2169 1237 2196 in
1261 2169 1341 2196 domo
1365 2175 1424 2194 mea
1447 2162 1511 2194 fecit
1531 2164 1711 2192 abominatio-

918 2225 979 2244 nem
997 2216 1184 2252 [Egyptiorum
1209 2215 1249 2241 ‘f?
1276 2224 1285 2240 ι
1310 2214 1338 2241 Si
1363 2213 1424 2248 quis
1446 2217 1537 2239 autem
1560 2210 1713 2244 intelligere

919 2262 1040 2289 voluerit
1055 2270 1113 2289 rem
1129 2268 1238 2288 exosam
1257 2264 1285 2287 et
1307 2257 1497 2290 aversandam,
1515 2265 1549 2284 ne
1564 2256 1587 2283 is
1601 2255 1713 2290 quidem

923 2315 937 2333 a
953 2311 1026 2334 recta
1051 2305 1231 2341 intelligentia
1256 2302 1425 2331 aberraverit
1449 2311 1455 2328 :
1477 2309 1537 2336 quae
1561 2299 1634 2327 enim
1661 2300 1713 2326 im-

924 2353 1017 2380 mundi
1034 2352 1148 2387 spiritus
1162 2358 1269 2385 semper
1288 2349 1378 2377 odisse
1392 2352 1420 2375 et
1433 2344 1585 2374 abominari
1599 2352 1716 2372 consue-

921 2402 1031 2431 verunt,
1047 2406 1079 2425 ea
1094 2405 1108 2424 a
1124 2397 1204 2424 nobis
1221 2397 1276 2423 Deo
1299 2396 1328 2422 in
1348 2394 1459 2421 odorem
1486 2390 1629 2419 suavitatis
1645 2389 1714 2417 offe—

921 2449 1030 2477 runtur,
1046 2449 1073 2471 et
1090 2443 1187 2470 hostia:
1208 2442 1366 2477 spiritualcs
1387 2442 1460 2471 sunt,
1485 2437 1562 2469 fides,
1584 2443 1714 2464 mansue-

921 2490 999 2522 tudo,
1023 2489 1202 2520 continentia,
1223 2487 1412 2522 temperantia,
1438 2489 1551 2513 mutuus
1578 2491 1664 2516 amor,
1688 2485 1715 2510 et

921 2532 1035 2563 Sincera:
1053 2535 1080 2561 in
1096 2535 1182 2561 Deum
1200 2533 1308 2568 pictatis
1322 2532 1418 2567 gloria.

962 2581 1061 2609 PALL.
1081 2581 1115 2608 Et
1135 2580 1246 2615 quinam
1266 2587 1332 2606 vero
1353 2578 1392 2605 illi
1417 2577 1528 2609 fuerint,
1545 2575 1591 2611 qui
1617 2574 1645 2601 in
1671 2581 1714 2601 re-

923 2630 1003 2666 gione
1040 2627 1158 2663 improbi
1186 2624 1357 2654 sacrificant?
1393 2624 1475 2658 quive
1504 2621 1619 2656 intelligi
1650 2628 1716 2655 pos-

924 2679 998 2708 sunt,
1013 2675 1060 2710 qui
1076 2679 1153 2701 extra
1169 2680 1229 2700 eam
1247 2670 1403 2706 regionem?

959 2722 1038 2750 CYR.
1058 2721 1109 2754 Qui
1125 2719 1247 2747 nondum
1262 2726 1295 2745 cx
1310 2716 1497 2753 [Egyptiorum
1511 2714 1591 2741 terris
1602 2712 1716 2748 egressi,

925 2767 1028 2794 ibidem
1051 2766 1107 2792 Deo
1129 2763 1301 2795 sacriﬁcant,
1324 2761 1480 2796 complures
1503 2766 1567 2786 sane
1592 2762 1666 2789 sunt,
1689 2761 1716 2784 et

925 2813 1040 2840 fortasse
1064 2809 1279 2838 innumerabiles
1296 2818 1302 2835 :
1319 2807 1366 2843 qui
1386 2814 1452 2834 vero
1473 2809 1550 2832 extra
1570 2807 1670 2830 terram
1689 2805 1718 2829 et

639 2913 660 2927 ”
675 2911 780 2940 Coloss,
792 2916 833 2942 ιιι,
846 2908 876 2935 .‘i-
910 2906 931 2922 “
946 2905 1046 2932 Jeretn.
1060 2913 1097 2935 xl,
1111 2904 1155 2931 15.
