1924 3043
220 162 272 190 199

715 161 742 189 S.
763 161 900 189 CYRlLLl
920 160 1153 190 ALEXANDRINI
1172 160 1329 189 ARCHlEP.

1794 156 1859 194 eoo”

221 221 248 248 in
266 221 384 252 deserto,
400 219 479 255 pauci
499 218 644 246 admodum
658 222 686 245 et
701 219 780 246 electi
794 228 800 245 :
817 230 825 245 ι
842 219 917 247 Multi
932 219 992 247 enin

1056 218 1167 253 ἐρήμῳ,
1183 217 1278 252 κομιδῇ
1291 217 1400 253 βραχεῖς
1417 217 1463 244 καὶ
1475 218 1616 246 ἀπόλεκτοι
1627 227 1633 236 ”
1651 228 1661 245 ι
1677 219 1778 247 Πολλοὶ
1793 222 1850 256 γάρ

218 271 284 294 sunt
298 266 396 297 vocati,
415 274 423 290 ι
447 264 545 299 inquit,
567 273 576 289 ι
594 265 673 299 pauci
689 272 754 292 vcro
767 265 847 292 electi
860 266 891 291 η.
907 274 916 290 ι
939 264 1004 292 01η-

220 319 268 339 nes
287 312 370 347 igitur
384 318 434 346 per
450 310 530 338 ﬁdem
546 319 606 345 qua:
619 316 661 338 est
676 311 702 338 in
719 311 827 338 Christo
843 311 876 337 ad
891 311 1004 337 liberta-

218 361 273 384 tem
289 357 376 384 vocati
392 364 497 388 sumus,
515 361 542 384 et
557 365 571 383 a
586 357 722 383 diabolico
736 356 877 383 dominatu
896 356 1005 383 redem—

217 400 274 435 pti;
303 400 472 435 pcrducente
494 409 544 428 nos
569 401 602 427 ad
632 401 684 427 hoc
703 401 823 432 Christo,
840 401 886 435 qui
908 401 1005 436 priscis

216 445 270 473 illis
284 445 442 473 hominibus
458 446 571 481 pulchre
586 446 613 473 in
630 446 719 482 Moyse
733 451 761 473 et
774 446 863 473 Aaron
877 446 1004 481 praeﬁgu-

215 491 337 523 rabatur,
358 495 388 517 ut
408 491 435 517 in
457 491 554 518 eodem
582 491 659 518 illum
683 492 843 518 Emmanuel
865 491 1004 526 legislato-

214 543 273 562 rem
289 540 315 563 et
333 536 484 571 principem
500 537 673 565 sacerdotum
687 542 714 564 ct
730 537 881 572 apostolum
895 537 1004 571 dispen-

214 581 315 608 satoria
342 582 447 609 ratione
475 583 621 618 intelligas.
643 584 677 610 At
695 591 760 610 vero
779 583 889 617 plurimi
913 589 945 609 ex
969 583 1003 610 iis

213 627 260 662 qui
285 628 372 655 vocati
401 633 481 660 sunt,
508 629 688 656 libentissime
711 629 739 655 in
760 629 838 656 malis
862 629 1004 656 veteribus

212 677 368 705 versantur,
393 674 440 708 qui
466 681 528 700 cum
551 674 624 700 haud
648 678 704 700 tota
728 678 819 700 mente
841 681 857 700 a
879 673 1001 701 smculari

212 726 306 746 errore
332 719 526 751 discesserint,
553 719 625 747 nuda
651 719 783 754 tantisper
807 727 839 746 ac
867 719 923 745 sola
949 718 1002 746 ﬁde

211 763 298 790 Deum
320 764 424 791 colunt.
449 764 504 791 Hos
528 772 587 791 esse
611 764 738 795 dicimus,
760 764 807 798 qui
834 764 862 790 in
886 763 1002 799 Egypto

212 808 375 840 sacriﬁcant,
393 813 439 836 aut
462 813 535 836 certe
559 809 671 844 paulum
693 809 805 844 egressi.
829 819 837 834 ε
859 809 898 836 Ne
922 810 1001 844 longe

210 853 283 880 enim
303 854 415 886 abeatis,
437 863 446 879 ›
473 850 562 888 inquit
584 854 629 881 ille
656 854 724 881 dura
751 854 858 881 cervice
881 854 998 885 Pharao,

1056 264 1110 289 εἱσι
1126 262 1219 298 κλητοὶ
1235 272 1257 294 ι,
1275 264 1366 298 φησὶν,
1386 273 1394 289 ι
1414 264 1498 297 ὀλίγοι
1511 264 1539 291 δὲ
1554 265 1686 292 ἐκλεκτοί.
1707 275 1716 292 ι
1735 266 1850 301 Κεκλη-

1059 308 1127 344 μεθα
1143 308 1192 344 μὲν
1205 306 1251 335 οὖν
1265 310 1304 340 είς
1317 309 1472 345 ἐλευθερίαν
1487 310 1587 341 πάντες
1601 311 1645 338 διὰ
1664 312 1786 343 πίστεως
1797 311 1850 346 τῆς

1055 355 1084 381 ὲν
1094 355 1213 390 Χριστῷ,
1225 356 1273 381 καὶ
1282 355 1505 392 ὲκλελυτρώμεθα
1512 358 1667 392 τυραννίδος
1677 358 1848 393 διαϐολικῆς,

1055 401 1239 436 ἀποφέρειν-ξος
1253 401 1327 436 ἡμᾶς
1343 402 1386 439 εἰς,
1399 402 1477 428 τοῦτο
1492 403 1622 438 Χριστοῦ,
1635 412 1848 439 προανατυπου-

1058 449 1137 483 μένου
1149 450 1204 480 τοῖς
1221 448 1303 475 πάλαι
1316 448 1406 480 καλῶς
1422 450 1450 476 ἐν
1463 450 1548 485 Μωσῇ
1566 459 1596 477 τε
1610 451 1657 477 καὶ
1679 450 1798 487 Ἀαρὼν,
1812 451 1846 478 ἶν’

1055 494 1083 520 ὲν
1095 492 1184 528 ταὺτῷ
1199 493 1243 519 τὸν
1262 493 1437 529 Ἐμμανουὴλ
1447 495 1596 530 νομοθέτην
1611 494 1676 522 ὂντα
1688 496 1736 522 καὶ
1752 496 1846 530 ἀρχιεο

1055 537 1104 572 ρέα
1130 539 1177 565 καὶ
1204 538 1362 571 ἀπόστολον,
1387 539 1565 576 οἰκονομικῶς
1583 541 1685 576 ἔννοῇς.
1705 542 1736 566 (ὶί
1759 541 1789 567 δέ
1813 549 1844 575 γε

1054 582 1174 608 πλεῖστοι
1200 582 1255 608 τῶν
1281 583 1456 618 κεκλημένων
1474 584 1709 620 ὲμφιλοχωροῦσιν
1728 585 1770 612 ἔτι
1787 587 1844 618 τοῖς

1053 627 1136 654 πάλαι
1149 629 1259 660 κακοῖς,
1280 628 1383 665 διανοίᾳ
1400 629 1428 656 δὲ
1446 629 1522 657 οὔπω
1539 631 1571 666 τῇ
1589 631 1729 667 ὁλοσχερεῖ
1746 640 1843 666 κοσμι-

1053 673 1103 708 κῆς
1121 673 1228 708 ἀπάτης
1243 673 1432 709 ὲκῦεὸηκότες,
1449 675 1486 707 ὡς
1501 677 1530 702 ὲν
1548 678 1638 712 γυμνῇ
1654 686 1684 704 τε
1705 678 1755 704 καὶ
1774 678 1840 713 μόνῃ

1051 719 1084 752 τῇ
1101 717 1188 744 πίστει
1203 717 1361 752 λατρεύουσι
1376 719 1445 755 Θεῷ.
1464 720 1581 753 Τούτους
1593 720 1662 749 εἷναί
1675 731 1768 757 φαμεν
1779 723 1841 754 τοὺς

1051 763 1080 788 ἐν
1102 762 1231 797 Αἰγύπτῳ
1255 763 1384 795 θύοντας,
1401 764 1484 799 ἤγουν
1503 765 1556 798 ἔξω
1580 766 1666 801 βραχὺ
1680 768 1839 801 γεγονότας.

1054 817 1063 832 ι
1088 809 1125 835 Οὺ
1141 810 1248 845 μακρὰν
1263 812 1316 846 γὰρ
1333 812 1504 845 ἀποτενεῖτε,
1525 822 1534 839 ι
1549 814 1630 849 φησὶν
1641 815 1654 840 ὁ
1671 814 1841 850 σκληροκαρ-

1051 853 1105 885 διος
1127 854 1241 890 Φαραὼ,
1258 855 1308 882 κᾶν
1328 857 1352 882 εί
1370 858 1420 892 τῆς
1439 858 1594 892 Αἰγυπτίων
1610 859 1762 895 ὲκτρέχητε
1777 860 1838 895 γῆς.

210 898 317 925 tametsi
340 907 374 925 ex
392 898 580 934 {Egyptiorum
599 899 680 926 terris
696 899 885 934 cgrediamini.
903 901 938 927 At
953 908 989 935 qu

1052 899 1116 932 Οῑγε
1137 900 1190 935 μὴν
1211 901 1351 937 ὁλοκλήρῳ
1372 903 1537 937 μεταστάσει
1550 905 1581 939 τῇ
1599 905 1639 936 εἰς
1652 904 1756 939 ἀγαθὸν
1777 906 1840 932 εὐα-

209 942 327 976 perfecte
346 951 376 970 se
399 944 432 970 ad
455 944 584 971 virtutem
608 944 784 975 transferunt,
805 952 837 972 ac
859 945 914 972 Deo
938 945 997 979 pla-

209 995 271 1015 cere
291 988 412 1020 student,
438 994 465 1016 ct
488 989 515 1016 in
539 994 626 1016 totum
653 997 668 1016 a
694 990 816 1017 saeculari
837 990 997 1018 confusione

208 1033 361 1066 discedunt,
379 1035 396 1060 ii
415 1043 447 1061 cx
464 1034 651 1070 {Egyptiorum
675 1035 775 1063 ﬁnibus
794 1036 938 1068 excedunt,
955 1041 996 1072 ty-

208 1079 341 1113 rannique
357 1087 468 1106 manum
481 1089 513 1107 ac
524 1085 684 1115 potestatem
702 1081 845 1116 cﬁ‘ugiunt,
860 1081 914 1117 42
928 1086 955 1109 et
969 1083 995 1109 in

207 1131 294 1151 vacua
316 1126 460 1160 solutaque
481 1126 555 1153 curis
575 1127 646 1159 vita,
670 1131 797 1162 tauquam
825 1128 854 1154 in
876 1128 995 1159 deserto.

207 1170 267 1204 puri
283 1178 315 1197 ac
329 1179 397 1206 pure
415 1172 470 1199 Deo
490 1172 653 1200 sacriﬁcant.
675 1173 808 1208 Equidem
826 1173 952 1207 dixerim,
967 1178 996 1202 et

205 1216 258 1243 alia
269 1225 378 1252 quoque
393 1218 498 1246 ratione
513 1219 669 1254 longissime
684 1220 718 1246 ab
729 1219 917 1256 Egyptiorum
932 1220 994 1248 ﬁni-

205 1263 257 1289 bus
275 1262 308 1290 iis
323 1263 444 1290 eundum
456 1271 526 1296 esse,
541 1264 587 1299 qui
604 1272 619 1291 a
637 1265 750 1292 colenda
765 1271 890 1293 creatura
904 1267 995 1301 potius

204 1314 285 1341 quam
301 1307 430 1336 Creatore
445 1309 478 1335 ad
494 1309 637 1336 veritatem
652 1310 776 1341 veniunt,
792 1315 873 1346 atque
893 1311 926 1338 ad
947 1320 993 1339 co-

204 1353 355 1387 gnitionem
378 1354 462 1386 illius,
480 1355 527 1389 qui
544 1359 642 1382 natura
660 1355 733 1382 Deus
748 1360 799 1387 est,
815 1356 991 1384 advocamur.

204 1398 330 1426 Nondum
355 1399 429 1426 enim
452 1400 470 1427 ii
493 1400 613 1435 perfecte
635 1405 699 1427 sunt
722 1402 834 1435 egressi,
851 1402 896 1437 qui
915 1411 929 1429 a
945 1411 992 1430 sua

203 1448 295 1471 mente
313 1445 414 1472 veteris
437 1446 541 1473 erroris
563 1446 693 1481 reliquias
716 1447 836 1474 nondum
856 1448 992 1475 absterse-

204 1493 277 1517 runt.
303 1490 433 1518 Nonnulli
457 1491 531 1519 enim
553 1491 701 1520 observant
725 1493 784 1520 dies
805 1494 936 1529 quosdam
961 1503 992 1522 ae

203 1542 322 1568 menses,
336 1540 365 1563 et
385 1541 507 1572 tempora
521 1541 549 1565 et
565 1545 660 1565 annos.
677 1538 710 1566 lii
725 1547 786 1566 cum
806 1540 840 1567 ad
858 1541 992 1568 libertatis

1050 946 1155 980 ρεστεῖν
1171 947 1307 979 ἐθέλοντες
1319 947 1356 983 τῷ
1373 948 1441 984 Θεῷ,
1456 949 1659 985 ἀπηλλαγμένοι
1673 960 1703 978 τε
1719 952 1766 978 καὶ
1779 953 1838 978 είσ-

1048 992 1120 1017 ἁπαν
1139 992 1294 1027 sumus-sm;
1314 995 1464 1029 κοσμικῆς,
1486 995 1539 1027 ἔξω
1556 996 1685 1030 φέρονται
1711 998 1763 1032 τῆς
1788 999 1837 1024 Αἰ-

1047 1037 1180 1071 γυπτίων,
1204 1039 1250 1064 καὶ
1266 1040 1315 1075 τὴν
1338 1040 1470 1075 τυράννου
1493 1041 1709 1077 διαδιδράσκουσι
1736 1045 1836 1079 χεῖρα.

1049 1083 1097 1109 καὶ
1116 1083 1241 1119 καθάπερ
1257 1086 1286 1111 ἐν
1309 1086 1405 1121 ἐρήμῳ
1425 1087 1457 1122 τῇ
1476 1087 1587 1123 σχολαίᾳ
1598 1096 1627 1114 τε
1643 1089 1690 1115 καὶ
1705 1089 1836 1125 ἀνειμένῃ

1047 1128 1103 1163 ζωῇ
1127 1129 1242 1165 καθαροὶ
1259 1130 1383 1166 καθαρῶς
1404 1132 1497 1159 Θύουσι
1515 1133 1552 1168 τῷ
1569 1133 1637 1170 Θεῷ.
1658 1134 1744 1169 Φαίην
1760 1135 1783 1161 6‘
1804 1136 1837 1162 av

1049 1173 1136 1208 ἔγωγε
1158 1175 1205 1202 καὶ
1226 1176 1286 1202 καθ’
1306 1177 1400 1212 ἕτερόν
1421 1186 1483 1205 τινα
1504 1179 1614 1214 τρόπον,
1631 1180 1761 1207 ἀποτάτω
1780 1181 1836 1207 δεῖν

1045 1219 1094 1254 τῆς
1110 1221 1267 1254 Αἰγυπτίων
1283 1222 1414 1258 φέρεσθαι
1433 1224 1486 1258 γῆς
1502 1225 1565 1256 τοὺς
1578 1226 1609 1252 ὲκ
1628 1225 1674 1252 τοῦ
1691 1226 1835 1262 λατρεύειν

1044 1265 1078 1299 τῇ
1091 1265 1178 1292 κτίσει
1193 1266 1270 1301 παρὰ
1287 1268 1333 1294 τὸν
1348 1268 1478 1296 κτίσαντα
1499 1270 1566 1305 πρὸς
1579 1269 1707 1305 ἀλήθειαν
1722 1272 1834 1307 τρέχον-

1044 1318 1104 1342 τας,
1121 1311 1168 1337 καὶ
1178 1312 1217 1343 είς
1233 1313 1380 1347 ἐπίγνωσιν
1395 1307 1638 1350 κεκλημένουξτοῡ
1658 1317 1730 1344 κατὰ
1750 1319 1834 1352 φύσιν

1043 1356 1119 1387 ὄντος
1134 1357 1211 1384 Θεοῦ.
1222 1358 1402 1394 Ἐκϐεσήκασι
1415 1361 1469 1396 γὰρ
1483 1361 1557 1389 οὔπω
1571 1363 1680 1395 τελείως
1694 1365 1718 1390 ot
1734 1365 1769 1391 τὰ
1784 1365 1834 1400 τῆς

1044 1402 1159 1437 ἀρχαίας
1176 1404 1283 1439 ἀπάτης
1302 1405 1378 1432 olim»
1397 1408 1447 1442 τῆς
1460 1408 1564 1434 ἑαυτῶν
1579 1409 1697 1440 διανοίας
1715 1410 1833 1446 ἀποτρί-

1043 1447 1135 1479 ϐοντες
1152 1448 1274 1483 λείψανα.
1298 1451 1520 1488 Παρατηροῦνται
1544 1455 1598 1490 γάρ
1614 1463 1686 1488 τινες
1702 1457 1812 1491 ἡμέρας
1823 1477 1830 1488 ,

1043 1495 1089 1521 καὶ
1107 1496 1194 1531 μῆνας
1205 1517 1213 1530 ,
1229 1498 1276 1524 καὶ
1290 1498 1414 1534 καιροὺς,
1429 1499 1476 1525 καὶ
1495 1501 1643 1532 ἐνιαυτούς.
1661 1498 1741 1528 Οὗτοι
1763 1503 1832 1538 πρὸς

1042 1541 1072 1567 τὸ
1088 1541 1231 1578 ἐλεύθερον
1252 1543 1368 1583 ἀξίωμα.
1380 1544 1424 1571 διὰ
1440 1545 1558 1581 Χριστοῦ
1581 1547 1763 1582 κεκλημένοι,
1781 1549 1831 1584 τὴν

203 1580 364 1616 dignitatem
383 1590 432 1618 per
450 1582 590 1611 Christum
610 1585 699 1612 vocati
716 1585 781 1617 sint,
801 1589 890 1614 tamen
909 1586 990 1622 Egy-

1186 1574 1191 1578 .
1277 1574 1283 1576 ν
1322 1574 1328 1580 -
1364 1579 1368 1583 ,
1467 1574 1472 1581 ι
1661 1574 1675 1582 ιι
1758 1574 1763 1580 '
1788 1574 1826 1584 "1‘

1044 1587 1198 1621 Αἰγυπτίων
1208 1589 1356 1621 οἰκοῦντες,
1368 1590 1407 1617 ἔτι
1423 1591 1516 1618 θύουσι
1532 1592 1571 1627 τῷ
1587 1592 1655 1628 Θεῷ,
1669 1593 1714 1620 τὸν
1726 1595 1788 1630 οὐχὶ
1798 1595 1830 1621 ἂν

201 1627 321 1661 ptiorum
339 1628 476 1663 regionem
492 1629 651 1661 incolentes,
666 1630 722 1658 Deo
741 1632 904 1664 sacriﬁcant,
917 1632 990 1668 quod

201 1679 262 1698 eam
286 1673 396 1702 vivendi
423 1673 556 1701 rationem
585 1675 714 1708 retinent,
737 1685 798 1711 qua:
825 1677 930 1705 Satanas
955 1679 992 1706 sit

201 1724 256 1744 non
285 1718 432 1746 admodum
457 1720 572 1754 ingrata.
599 1720 652 1748 Sed
675 1722 697 1748 si
723 1722 786 1757 quis
811 1724 922 1751 omnino
955 1724 991 1752 sit

199 1771 336 1798 egressus,
352 1772 384 1792 ac
403 1765 500 1800 priscis
517 1765 640 1794 moribus
655 1768 766 1795 multam
783 1769 899 1796 salutem
912 1769 989 1796 dixe-

200 1809 244 1841 rit,
263 1810 286 1836 is
307 1810 333 1836 in
352 1810 461 1838 deserto
477 1810 619 1838 sacriﬁcat.
635 1812 772 1849 vitamque
791 1822 896 1843 summa
909 1815 989 1843 laude

198 1855 309 1890 dignam
324 1857 388 1892 agit.

233 1901 330 1929 PALL.
359 1903 500 1944 Assentior
519 1915 525 1932 :
546 1913 609 1933 nam
635 1911 709 1934 recte
737 1907 831 1934 sentis.
856 1908 908 1936 Sed
932 1909 987 1944 jam

196 1948 318 1975 secundo
331 1942 443 1977 ﬂumine
456 1951 489 1978 ad
503 1952 611 1980 alveum
628 1957 752 1980 recurrat
766 1954 862 1980 oratio.

231 1993 310 2021 CYR.
331 1995 460 2023 Mentitur
474 1997 565 2032 itaque
580 1999 695 2031 Pharao,
710 2004 738 2026 et
756 2000 919 2034 promissum
937 2000 985 2027 ab-

197 2044 286 2074 negat,
307 2041 464 2076 nequedum
483 2044 580 2071 missos
600 2044 664 2071 facit
686 2044 754 2072 ﬁlios
773 2045 865 2072 Israel.
883 2046 985 2074 Deinde

196 2085 284 2113 tribus
305 2086 366 2114 aliis
383 2087 470 2123 plagis
488 2093 612 2122 vexatur,
632 2090 732 2124 vixque
751 2090 859 2118 tandem
877 2092 983 2125 annuit,

195 2131 427 2167 dimissurumque
435 2141 464 2160 se
472 2133 510 2160 ait
519 2143 524 2159 :
533 2134 686 2169 iterumque
696 2135 826 2163 mentitus
834 2136 986 2171 deprehen-

195 2175 278 2203 ditur.
297 2186 306 2203 ‹
321 2177 435 2205 Mendax
447 2178 520 2205 enim
535 2184 586 2210 est,
598 2184 626 2206 ct
638 2180 666 2207 in
676 2181 790 2207 veritate
805 2190 858 2209 non
870 2183 954 2214 stetit,
971 2193 979 2209 ›

195 2226 225 2248 ιιι
243 2222 367 2250 Salvator
390 2223 428 2250 ait
445 2225 476 2250 ”.
502 2224 668 2252 Grandinem
693 2234 811 2262 namque
834 2229 982 2256 vehemen-

194 2268 326 2296 tissimam
361 2276 389 2295 se
418 2268 551 2304 Egyptiis
585 2269 771 2299 immissuer
800 2274 982 2302 comminante

194 2313 264 2345 Deo,
292 2317 374 2348 atque
402 2314 484 2340 etiam
505 2314 686 2349 immittente;
713 2325 820 2345 necnon
850 2319 981 2348 locustam

193 2365 321 2393 agrorum
344 2358 527 2391 vastatricem,
550 2359 572 2387 si
596 2360 661 2388 licet
685 2362 755 2390 hanc
777 2372 872 2392 vocem
897 2367 980 2402 ἀγρο-

194 2402 317 2436 λέτειραν
335 2411 350 2430 e
369 2403 469 2431 Graecis
490 2406 608 2433 mutuari
625 2415 631 2433 :
653 2411 710 2435 tum
728 2417 793 2437 vero
808 2410 853 2437 vix
872 2412 980 2440 tandem

194 2447 233 2474 illi
255 2448 404 2476 Pharaonis
429 2451 564 2486 scelerum
585 2459 662 2480 acres
686 2454 751 2481 olim
777 2460 859 2491 atque
887 2457 981 2485 invicti

194 2493 333 2526 satellites,
353 2495 477 2522 maximis
497 2496 628 2525 adversus
645 2507 707 2526 eum
724 2501 837 2528 vocibus
857 2503 980 2531 inclami—

194 2543 262 2571 tant,
284 2539 428 2568 dicentes:
448 2551 456 2567 ι
481 2542 628 2578 Quousque
650 2546 703 2572 erit
724 2547 802 2574 nobis
827 2548 879 2576 hoc
901 2557 981 2577 scan-

193 2585 302 2612 dalum?
318 2587 428 2614 Dimitte
437 2587 571 2622 homines,
588 2594 617 2617 ut
627 2591 782 2619 sacriﬁcent
796 2593 910 2622 Domino
927 2596 982 2623 Deo

194 2630 324 2665 ipsorum.
360 2632 399 2659 An
426 2633 496 2660 scire
523 2634 579 2667 vis,
611 2636 683 2670 quod
716 2637 827 2671 perierit
856 2640 982 2668 universa

192 2676 323 2712 [Egyptus
340 2679 376 2705 "1'
395 2689 403 2705 ›
429 2679 468 2706 Ac
493 2680 558 2707 mihi
585 2689 681 2709 rursus
698 2690 732 2709 ex
757 2683 809 2710 hoc
829 2684 889 2712 loco
912 2685 980 2714 illud

192 2723 418 2751 considerandum
444 2726 572 2757 occurrit,
594 2725 730 2760 Satanam,
752 2728 853 2762 quibus
880 2730 906 2757 in
934 2739 978 2758 re-

192 2767 243 2795 bus
258 2769 365 2797 vincere
385 2770 435 2797 sibi
453 2771 581 2798 decorum
603 2776 690 2805 putat,
710 2771 822 2800 fortasse
837 2774 977 2803 fortiorem

230 2857 250 2871 ”
265 2856 358 2884 Matth.
386 2867 454 2892 un,
472 2859 514 2886 l4.
554 2860 659 2887 “Joan.
675 2869 729 2894 vui,
749 2863 790 2890 Μ.
820 2864 840 2878 ¹⁷
856 2864 940 2891 Exod.
959 2872 985 2898 x,
999 2866 1024 2892 7.

1041 1632 1188 1668 ἀϐούλητον
1202 1635 1240 1669 τῷ
1255 1635 1362 1672 Σατανᾷ
1379 1636 1556 1669 διασώζοντες
1574 1638 1639 1673 βίον.
1655 1639 1722 1666 Εῐδὲ
1738 1640 1770 1676 δή
1787 1649 1830 1673 τις

1041 1678 1172 1714 ὲξοίχοιτο
1179 1681 1327 1713 παντελῶς,
1336 1684 1391 1714 τοῖς
1398 1683 1585 1719 ἀρχαιοτέροις
1593 1685 1680 1713 ἔθεσιν
1690 1687 1830 1722 ἐρρῶσθαι

1041 1724 1157 1758 φράσας.
1169 1726 1198 1752 ἐν
1207 1726 1302 1762 ἐρήμῳ
1313 1727 1380 1762 θύει,
1390 1729 1437 1755 καὶ
1450 1729 1499 1764 τὴν
1512 1729 1623 1757 ἐπαίνου
1635 1733 1734 1764 παντὸς
1748 1733 1830 1767 ἀξίαν

1040 1768 1193 1804 ἐπιτηδεύει
1209 1771 1291 1807 ζωήν.

1075 1911 1179 1938 ΠΑΛΛ.
1195 1912 1340 1948 Σύμφημι·
1357 1915 1426 1946 νοεῖς
1441 1916 1495 1951 γὰρ
1515 1916 1612 1951 ὀρθῶς.
1630 1918 1693 1946 Ἴτω
1706 1918 1734 1946 δὲ
1748 1917 1827 1952 αὖθις

1039 1957 1103 1991 ἡμῖν
1118 1959 1187 1984 κατά
1208 1959 1270 1994 ῥοῦν
1284 1961 1298 1986 ὁ
1318 1960 1406 1994 λόγος.

1074 2002 1155 2030 ΚΥΡ.
1173 2002 1277 2030 Οὐκοῦν
1291 2005 1454 2041 ψευδομυϐεἰ
1467 2008 1516 2042 μὲν
1529 2010 1542 2036 ό
1552 2009 1661 2045 Φαραὼ,
1676 2011 1723 2037 καὶ
1737 2012 1826 2047 ἀρνεῖ-

1037 2055 1081 2092 ται
1091 2047 1140 2083 τὴν
1154 2048 1310 2084 ὑπόσχεσιν,
1325 2051 1416 2086 ἀνίησι
1426 2053 1453 2079 δὲ
1461 2052 1518 2079 οὔτι
1532 2063 1574 2081 πω
1585 2055 1647 2086 τοὺς
1658 2055 1686 2088 ἐξ
1704 2056 1822 2092 Ἰσραήλ.

1037 2087 1104 2117 Εἶτα
1120 2093 1208 2128 τρισὶν
1226 2094 1331 2128 ἑτέραις
1347 2095 1466 2131 πληγαῖς
1481 2098 1654 2134 κατῃκίζετο,
1673 2101 1720 2127 καὶ
1737 2087 1824 2128 κατα-

1035 2136 1107 2164 νεύει
1120 2139 1206 2173 μόλις,
1218 2140 1329 2175 ἀνήσειν
1345 2142 1439 2176 εἰπών·
1453 2143 1510 2178 ἥλω
1521 2152 1549 2170 τε
1563 2145 1753 2181 ψευδοεπήσας
1768 2148 1822 2174 πά-

1034 2182 1085 2211 λιν.
1106 2193 1115 2210 ι
1139 2184 1266 2221 Ψεύστης
1292 2187 1344 2222 γάρ
1368 2188 1444 2219 ἐστι,
1468 2190 1514 2216 καὶ
1529 2191 1558 2216 ὲν
1580 2192 1612 2226 τῇ
1634 2191 1749 2227 ἀληθείᾳ
1774 2194 1822 2228 οὐχ

1034 2228 1133 2264 ἕστηκε
1152 2240 1174 2262 ι,
1190 2231 1261 2258 κατά
1275 2232 1324 2267 τὴν
1335 2232 1381 2259 τοῦ
1396 2235 1521 2270 Σωτῆρος
1535 2237 1636 2272 φωνήν.
1651 2238 1778 2270 Χάλαζαν
1792 2240 1821 2266 δὲ

1035 2275 1083 2309 τὴν
1094 2276 1290 2312 ραγδαιοτάτην
1301 2279 1387 2314 ἐνίησι
1399 2281 1455 2312 τοῖς
1468 2281 1635 2316 Αἰγυπτίοις,
1646 2284 1821 2318 ἀπειλοῦντος

1034 2320 1112 2352 Θεοῦ,
1131 2322 1177 2348 καὶ
1194 2322 1226 2357 δὴ
1243 2323 1289 2350 καὶ
1302 2324 1417 2357 ὲνιέντος
1428 2345 1434 2357 ,
1453 2326 1499 2353 καὶ
1512 2328 1564 2362 μὴν
1578 2329 1675 2364 ἀκρίδα
1691 2330 1741 2366 τὴν
1754 2333 1822 2368 ἀγρ-

1033 2366 1179 2402 ολέτειραν,
1194 2368 1272 2404 εἴπερ
1285 2378 1311 2395 τι
1325 2369 1376 2405 χρὴ
1392 2372 1439 2398 καὶ
1454 2371 1482 2404 ἐξ
1499 2373 1632 2409 Ἑλλήνων
1643 2376 1734 2411 φωνὴν
1749 2366 1821 2404 ἑλόν-

1032 2420 1081 2443 τας
1091 2413 1187 2439 εἰπεῖν.
1204 2414 1270 2440 Τότε
1285 2414 1329 2449 δὴ.
1343 2416 1404 2442 τότε
1415 2419 1460 2443 καὶ
1475 2418 1549 2452 μόλις
1562 2420 1584 2446 οί
1599 2420 1681 2447 πάλαι
1693 2422 1774 2448 δεινοί
1791 2432 1820 2450 τε

1034 2458 1081 2484 καὶ
1096 2458 1243 2494 ἄθραυστοι
1255 2460 1304 2494 τῆς
1323 2461 1369 2487 τοῦ
1381 2462 1480 2498 Φαραὼ
1493 2463 1632 2500 βδελυρίας
1649 2468 1820 2497 ὑπασπισταὶ

1033 2503 1162 2538 πλείστην
1180 2504 1246 2540 ὅσην
1260 2506 1342 2532 αὑτοῦ
1358 2508 1496 2536 ποιοῦνται
1516 2511 1661 2547 καταϐοὴν,
1681 2513 1818 2548 λέγοντες⁸

1036 2558 1044 2574 ι
1060 2550 1132 2581 Ἕως
1145 2551 1217 2583 τίνος
1236 2551 1312 2578 ἔσται
1326 2553 1391 2587 ἡμῖν
1404 2555 1483 2581 τοῦτο
1499 2556 1618 2589 σκῶλον;
1632 2559 1820 2591 ἐξαπόστειλον

1032 2595 1096 2626 τοὺς
1114 2595 1289 2630 ἀνθρώπους,
1306 2597 1379 2628 ὅπως
1404 2598 1573 2634 λατρεύσωσι
1592 2602 1687 2638 Κυρίῳ
1706 2604 1745 2638 τῷ
1760 2604 1820 2640 Θεῷ

1032 2640 1131 2667 αὐτῶν.
1147 2642 1182 2667 ’Ἡ
1199 2642 1297 2669 εἰδέναι
1312 2643 1399 2677 βούλει
1416 2645 1456 2671 ὅτι
1469 2645 1608 2673 ἀπόλωλεν
1627 2648 1786 2683 Αἴγυπτος;
1808 2661 1816 2677 ι

1032 2686 1086 2713 Καί
1111 2695 1155 2722 μοι
1179 2688 1260 2715 πάλιν
1278 2689 1402 2716 ἐντεῦθεν
1421 2691 1507 2718 ἔπεισι
1532 2695 1611 2726 νοεῖν,
1635 2695 1672 2725 ὡς
1692 2696 1750 2723 ἔστι
1768 2706 1818 2724 που

1030 2733 1101 2768 τάχ-α
1123 2734 1176 2760 τῶν
1194 2735 1238 2761 ὑπ¹
1259 2736 1334 2771 αὐτῷ
1348 2737 1489 2773 δυνάμεων
1511 2741 1630 2775 ἀμείνων
1647 2743 1660 2768 ὁ
1684 2743 1816 2775 Σατανᾶς,

1031 2778 1072 2812 ἐφ’
1090 2776 1129 2810 οἷς
1146 2779 1179 2806 ἂν
1201 2781 1274 2816 αὐτῷ
1296 2783 1326 2809 τὸ
1349 2785 1427 2819 νικᾷν
1448 2785 1557 2821 πρέποι.
1574 2788 1606 2813 Δί
1631 2788 1765 2825 μὲνγὰρ,
1780 2790 1818 2822 ὡς
