1924 3043
64 151 106 179 εοι
438 150 484 179 DE
502 149 725 179 ADORATIONE
741 149 775 177 ΙΝ
799 149 932 178 SPlRiTU
954 149 997 177 ET
1019 149 1201 178 VERITATE.
1223 150 1286 177 LIB.
1305 149 1325 177 Ι.

1649 151 1702 179 202

64 210 136 241 ἔοικε,
148 207 269 243 σκληραὶ
285 208 336 244 μέν
348 209 416 236 εἰσιν
432 209 502 244 ἀγαν
517 210 564 236 καὶ
577 209 730 245 ἀμείλικτοι
744 209 852 244 κομιδῇ,

911 217 964 237 esse
981 210 1015 236 iis
1030 218 1090 245 qua:
1115 210 1165 236 sub
1190 210 1236 236 illo
1252 213 1315 237 sunt
1337 209 1528 245 potestatibus.
1546 209 1614 237 Nam
1636 211 1699 245 illae,

64 254 103 282 καὶ
118 252 165 288 ὀψὲ
191 253 243 288 μὲν
261 255 313 281 καὶ
329 255 406 290 μόλις
426 255 511 282 ἰοῦσαι
533 256 554 281 δ’
571 255 603 282 ἂν
623 255 698 290 ὅμως
718 254 769 281 κᾶν
788 255 853 290 γοῦν

63 301 96 330 είς
118 299 235 334 μετρίαν
257 301 389 336 αἴσθησιν
406 302 456 337 τῆς
478 302 551 333 θείας
568 302 672 338 ὀργῆς·
696 303 710 328 ὁ
732 301 760 328 δέ
779 302 853 328 ἐστιν

63 345 197 381 ἀγριότητι
212 346 248 380 τῇ
266 346 342 382 ὑπὲρ
361 347 440 382 λόγον
455 347 624 384 ὑπερφερὴς,
640 347 686 374 καὶ
703 347 854 382 κατεσκλη-

64 393 112 423 xl»;
124 393 161 423 εἰς
177 392 279 427 ἄκρον.
299 392 461 429 Γέγραπται
474 393 528 429 γὰρ
544 394 596 425 ὅτι,
617 403 627 419 ι
647 393 680 420 ΊΙ
692 393 791 428 καρδία
805 393 854 419 αὒ-

63 439 102 465 ςο)
121 437 248 474 πέπηγεν
268 439 367 475 ὥσπερ
389 440 472 471 λίθος,
493 440 593 475 ἕστηκε
607 440 634 467 δὲ
650 440 743 475 ὥσπερ
757 439 854 475 ἄκμων

63 484 197 519 ἀνήλατος.
219 494 228 510 ι
249 485 390 520 Πλείστης
403 483 449 512 οὖν
466 487 532 521 ὅσης
550 487 698 521 γενομένης
717 487 760 512 ἐπ’
781 485 854 521 αὐτῷ

64 531 104 566 τῆς
121 530 275 566 καταόοῆς,
303 531 356 566 ἔφη
380 532 456 568 μόλις
471 533 527 564 τοῖς
550 533 623 568 ἀμφὶ
638 533 750 560 Μωσέα·
771 542 779 558 ι
801 532 853 560 Πο-

65 577 165 613 ρεύεσθε
176 577 224 604 καὶ
235 577 410 614 λατρεύσατε
420 579 514 614 Κυρίῳ
528 578 566 614 τῷ
575 579 634 614 Θεῷ
644 579 731 614 ὑμῶν.
741 579 818 610 Τίνες
826 579 853 605 δὲ

65 624 103 650 καί
120 624 187 649 εἰσιν
202 625 227 650 οἱ
242 625 444 660 πορευόμενοι;
461 635 470 651 ι
489 626 543 652 Καὶ
557 625 631 659 λέγει
647 625 759 661 Μωσῆς·
778 635 787 652 ι
801 625 853 652 Σὺν

65 671 111 700 τοῖς
133 669 292 701 νεανίσκοις
312 670 391 706 ἡμῶν
416 670 461 697 καί
475 671 532 703 τοῖς
557 671 751 707 πρεσϐυτέροις
777 671 854 707 ἡμῶν

65 716 259 752 πορευσόμεθα,
277 718 328 744 σὺν
340 719 396 749 τοῖς
409 718 477 750 υίοῖς
490 719 537 745 καὶ
551 719 610 749 ταῖς
623 718 787 753 θυγατράσι,
805 719 854 745 καὶ
870 744 872 746 τ

65 763 212 798 προεὰτοις,
225 764 277 790 καὶ
291 764 384 800 βουσὶν
395 764 482 800 ἡμῶν·
497 765 618 801 ἔστιγὰρ
629 765 645 801 ἡ
656 766 736 800 ἑορτὴ
751 765 854 800 Κυρίου

64 809 105 836 τοῦ
113 810 177 836 Θεοῦ
192 810 285 846 ἡμῶν.
303 812 359 838 Καὶ
372 809 432 838 εἷπε
447 812 514 847 προς
523 812 622 843 αὐτούς
632 820 639 826 ·
651 812 742 838 Ἔστω
754 811 856 848 Κύριος

66 857 118 891 μεθ’
139 857 228 891 ὑμῶν,
254 857 321 884 καθ’
343 858 383 884 ὅτι
400 858 557 885 ἀποστέλλω
573 858 655 893 ὑμᾶς,
683 857 720 893 μὴ
742 858 790 884 καὶ
806 858 856 893 τὴν

906 255 1041 290 quamvis,
1058 260 1090 282 ut
1108 255 1226 287 videtur,
1249 255 1326 282 dura:
1347 255 1402 283 sint
1429 259 1457 282 et
1484 255 1579 291 rigida:
1604 255 1699 284 admo-

907 301 986 334 dum,
1002 305 1030 328 et
1050 300 1095 327 vix
1110 301 1221 334 quidem
1239 308 1270 328 ac
1289 309 1360 334 sero,
1378 301 1490 336 capiunt
1513 305 1603 328 tamen
1626 307 1701 330 certe

907 348 949 375 vel
965 347 1131 375 mediocrem
1141 346 1188 373 irae
1203 346 1302 374 divinae
1316 354 1444 379 sensum;
1458 347 1504 374 hic
1515 355 1581 375 vero
1592 347 1702 376 feritate

906 393 952 420 illa
979 393 1089 420 infanda
1115 393 1202 419 vincit
1227 400 1339 424 onmes,
1363 401 1524 428 summoque
1543 393 1632 429 rigore
1658 399 1702 422 est

907 439 1067 466 obduratus.
1085 438 1224 472 Scriptum
1240 442 1281 465 est
1296 438 1369 465 enim
1387 447 1393 465 :
1413 448 1421 464 ι
1439 438 1492 466 Cor
1509 447 1627 475 namque
1642 441 1702 476 ejus

905 490 1080 520 compactum
1098 488 1146 512 est
1163 489 1194 512 ut
1214 485 1292 519 lapis,
1313 489 1341 517 et
1360 489 1412 512 stat
1434 490 1465 512 ut
1488 486 1566 514 incus
1588 487 1701 515 minime
1744 491 1746 495 ‘

908 530 1018 558 ductilis
1031 531 1063 557 ’⁸.
1081 540 1089 556 ι
1111 530 1180 558 Cum
1201 530 1288 565 igitur
1315 531 1438 558 maximre
1471 532 1503 559 de
1528 540 1561 560 eo
1582 533 1702 568 querelae

907 575 985 603 factae
1011 579 1112 608 essent,
1138 575 1176 602 ait
1202 575 1313 602 tandem
1340 575 1424 611 Moysi
1451 577 1564 612 ejusque
1591 579 1700 606 sociis:

912 631 920 646 ι
935 621 973 649 Ite
994 626 1022 649 et
1042 621 1193 650 sacriﬁcate
1213 622 1329 649 Domino
1350 622 1407 650 Deo
1425 627 1526 650 vestro.
1545 634 1554 649 ›
1568 624 1623 659 43
1634 624 1702 658 Qui—

908 675 970 694 nam
983 672 1074 695 autem
1087 668 1153 695 ituri
1175 668 1255 695 sunt?
1279 677 1287 692 ι
1302 668 1336 695 Et
1350 668 1387 694 ait
1402 668 1507 704 Moyses
1524 678 1529 694 :
1550 669 1618 696 Cum
1635 670 1702 697 ado-

908 715 1076 743 lescentibus
1104 715 1205 742 nostris
1230 719 1258 742 et
1285 715 1441 742 senioribus
1465 715 1567 742 nostris
1591 715 1702 748 ibimus,

908 769 971 788 cum
993 761 1057 788 ﬁliis
1079 766 1106 788 et
1127 761 1245 792 ﬁliabus,
1262 766 1289 789 et
1308 761 1406 788 ovibus
1422 765 1450 788 ct
1469 761 1557 788 bobus
1579 762 1702 790 nostris:

908 812 950 834 est
967 808 1040 834 enim
1057 807 1157 834 festum
1172 807 1281 834 Domini
1292 807 1340 834 Dei
1352 807 1450 834 nostri.
1464 807 1498 834 Et
1508 807 1577 834 dixit
1590 808 1622 835 ad
1634 815 1700 835 eos:

910 854 950 881 Sit
968 854 1100 882 Dominus
1119 854 1275 887 vobiscum;
1296 853 1434 888 quomodo
1453 861 1503 889 ego
1521 853 1629 881 dimitto
1643 862 1704 887 vos,

66 902 213 938 ἀποσκευὴν
245 903 344 938 ὑμῶν;
374 904 475 936 Ἴδετε,
496 905 537 931 ὅτι
568 904 685 939 πονηρία
714 904 857 939 πρόκειται

911 901 1033 936 nunquid
1053 905 1080 928 et
1104 900 1302 935 supellectilem
1330 900 1467 927 vestram?
1494 900 1607 933 Videte,
1633 908 1705 935 quo-

69 949 133 984 ὑμῖν,
149 949 195 985 Μὴ
218 949 329 982 οὕτως·
348 951 559 987 πορευέσθωσαν
575 951 604 978 δὲ
629 953 653 978 οἰ
679 951 784 985 ἄνδρες,
810 951 857 977 καὶ

67 995 224 1031 inpatiens
239 996 281 1032 τῷ
296 997 367 1032 Θεῷ,
380 997 459 1024 τοῦτο
474 997 527 1033 γὰρ
539 997 615 1024 αὐτοὶ
631 996 748 1032 ζητεῖτε.
763 1007 773 1022 ι
790 996 856 1023 Σύν-

69 1050 92 1073 ες
113 1042 143 1077 δὴ
158 1040 222 1075 οὖν,
249 1040 273 1070 ὧ
291 1043 422 1079 φιλότης,
445 1043 482 1075 ὡς
503 1043 617 1079 ἀρίστην
646 1043 695 1078 μὲν
718 1045 732 1070 ὁ
755 1044 856 1079 Μωσῆς

69 1087 192 1115 ποιεῖσθαι
204 1088 263 1116 δεῖν
278 1089 382 1124 ἔφασκε
397 1089 446 1125 τὴν
460 1089 606 1124 ἀνάζευξιν
619 1099 625 1105 ·
637 1090 652 1115 ὁ
661 1089 700 1122 δὲ,
714 1090 763 1125 οὐχ
775 1089 855 1123 οὕτω,

71 1135 140 1170 φησίν
151 1142 157 1148 ”
171 1134 288 1171 ἀνήσειν
303 1135 332 1162 δὲ
347 1135 402 1163 ἀπὸ
415 1136 526 1172 μέρους,
539 1137 586 1163 καὶ
597 1137 747 1172 όμήρευσιν
757 1137 857 1172 τρόπον

69 1179 121 1206 τινὰ
135 1180 193 1211 ταῖς
210 1180 266 1206 τῶν
292 1180 465 1216 ἀπαιρόντων
483 1181 668 1216 ὺποστροφαῖς
682 1181 736 1208 δεῖν
759 1181 810 1216 ἔφη
827 1182 858 1208 τὸ

69 1226 229 1262 λειπόμενον,
244 1227 296 1253 καὶ
310 1228 396 1262 αὐτῆς
411 1227 603 1263 ἀπομενούσης
616 1229 645 1255 ἐν
657 1227 789 1263 Αἰγύπτῳ
809 1228 859 1263 τῆς

75 1272 230 1307 ἀποσκευῆς.
249 1272 375 1308 Οἰχέσθω
391 1272 446 1308 γὰρ
461 1272 493 1308 δὴ
508 1274 561 1305 πᾶς
576 1273 624 1308 μὲν
644 1273 721 1308 ὑμῶν
738 1273 857 1306 νεανίας,

72 1318 148 1353 φησί’
167 1319 221 1346 πᾶν
243 1319 274 1345 δὲ
297 1320 375 1354 γένος
397 1319 428 1346 τὸ
453 1321 482 1346 ὲν
502 1320 618 1355 ἀκμαῖς.
640 1321 669 1346 '0
693 1320 722 1346 δέ
741 1328 774 1355 γε
788 1321 859 1353 θεῖος

71 1365 172 1400 Μωσῆς,
188 1367 229 1393 ὅτι
247 1367 391 1402 προσῆκεν
410 1366 537 1402 ἀπαίρειν
551 1364 580 1393 εὖ
599 1367 675 1402 μάλα
693 1367 860 1403 διῖσχυρίζε-

72 1420 120 1445 ut,
134 1412 322 1448 :apocpﬁévro;
337 1413 442 1444 οὐδενός
452 1422 458 1428 ·
470 1413 527 1440 ἀλλ’
541 1413 610 1448 ὁμοῦ
627 1414 683 1445 τοῖς
701 1414 730 1440 ἐν
741 1414 794 1450 ἥϐῃ
812 1413 860 1441 καὶ

73 1459 97 1484 ἐν
112 1458 222 1494 δυσμαῖς
237 1459 437 1494 ἠλικίαςιυὶοῖς
448 1468 478 1486 τε
489 1461 535 1486 καὶ
551 1459 713 1496 θυγατράσι,
728 1461 776 1487 καὶ
791 1460 859 1495 βοῶν

74 1504 183 1539 ἀγέλαις,
196 1506 243 1531 καὶ
257 1505 363 1541 ἑτέροις
379 1505 531 1541 θρέμμασι.
542 1506 595 1533 Καὶ
608 1507 663 1542 γάρ
672 1515 713 1533 τοι
726 1507 859 1543 προσήκει

74 1552 127 1583 τοὺς
141 1553 188 1588 τῆς
201 1552 325 1588 ἀληθοῦς
339 1553 496 1589 ἐλευθερίας
514 1553 720 1589 μεταποιεῖσθαι
743 1553 860 1580 σπουδά-

75 1597 176 1632 ζοντας,
195 1599 250 1626 τῶν
282 1600 332 1635 μὲν
354 1600 382 1627 ὲν
411 1600 506 1636 κόσμῳ
533 1600 618 1634 φιλεῖν
642 1600 859 1627 ἀπαλλάττεσθαι

76 1646 159 1673 κακῶν
170 1667 178 1679 ,
194 1647 242 1672 καὶ
260 1646 358 1681 τρίϐον
383 1646 449 1673 ἰέναι
467 1647 516 1682 τὴν
531 1647 573 1673 ἐπ’
594 1647 721 1682 ἀρεταῖς.
739 1646 815 1673 οὐδὲν
829 1646 860 1673 τὸ

75 1692 193 1727 παράπαν
204 1692 254 1726 τῆς
272 1691 376 1718 ἑαυτῶν
391 1692 480 1727 ψυχῆς
497 1701 526 1718 τε
542 1692 588 1719 καὶ
600 1692 718 1724 διανοίας
731 1692 860 1727 ἀφιέντας

75 1737 206 1772 λείψανον,
226 1738 261 1764 δι’
281 1735 311 1764 οὗ
326 1738 358 1774 δὴ
373 1738 454 1765 πάλιν
469 1739 529 1770 ταῖς
549 1737 596 1764 τοῦ
623 1738 742 1774 πονηροῦ
763 1738 861 1765 πλεον-

76 1784 152 1816 εξίαις
171 1784 349 1820 ὑπενεχϐεῖεν
370 1785 414 1812 ἀν.
429 1784 516 1812 Καλεῖ
536 1785 564 1811 δὲ
579 1785 646 1821 πρὸς
661 1785 739 1812 τοῦτο
761 1786 774 1811 ὁ
789 1785 860 1817 θεῖος

77 1829 147 1864 νόμος
167 1830 330 1861 νεανίσκους
352 1829 398 1856 καὶ
418 1829 589 1865 παρθένους,
613 1830 768 1865 πρεσϐύτας
793 1831 862 1866 μετὰ

77 1876 214 1911 νεωτέρων,
230 1877 310 1904 οιατά
321 1876 370 1912 τὴν
385 1876 432 1903 τοῦ
446 1877 602 1909 Ψάλλοντος
621 1877 724 1912 φωνὴν,
747 1878 793 1904 καὶ
807 1878 860 1904 πᾶν

78 1918 137 1954 εἶδος
153 1923 200 1957 τῆς
223 1923 252 1948 ὲν
272 1921 382 1958 Χριστῷ
397 1922 547 1958 νοουμένης
574 1922 693 1957 ἡλικίας.
716 1920 764 1955 Οἷς
786 1923 833 1950 καὶ
848 1924 862 1949 ὁ

79 1965 208 2000 θεσπέσιος
232 1968 362 2003 Ἰωάννης
378 1967 564 2004 προσεφώνει,
579 1968 665 2003 λέγων
676 1976 682 1983 ·
700 1978 712 1995 ι
734 1968 862 2004 Ἔγραψα

80 2011 144 2046 ὑμῖν,
155 2012 260 2046 παιδία,
271 2014 312 2040 ὅτι
320 2013 458 2048 ἐγνώκατε
467 2014 513 2040 τὸν
524 2014 633 2050 Πατέρα
646 2022 652 2029 ·
666 2013 773 2050 ἔγραψα
786 2015 860 2049 ὑμῖν,

81 2058 196 2094 πατέρες,
214 2059 258 2085 ὃτι
272 2059 410 2094 ἐγνώκατε
425 2060 470 2087 τὸν
483 2060 531 2086 ἀπ’
544 2060 631 2095 ἀρχῆς
644 2069 651 2076 ·
666 2059 773 2095 ἔγραψα
787 2060 861 2095 ὑμῖν,

79 2103 212 2137 νεανίσκοι,
228 2106 272 2132 ὅτι
294 2105 400 2141 ἰσχυροί
413 2106 474 2132 ἐστε
485 2125 493 2137 ,
507 2106 555 2132 καὶ
571 2107 585 2132 ό
598 2105 677 2140 λόγος
693 2105 740 2132 τοῦ
753 2105 820 2132 Θεοῦ
834 2106 862 2131 ἐν

82 2147 137 2182 ὑμῖν
158 2149 251 2184 μένει,
274 2150 322 2177 καὶ
339 2151 500 2185 νενικήκατε
515 2151 560 2177 τὸν
583 2150 712 2186 πονηρόν.
735 2160 744 2176 ι
764 2149 825 2177 Εῐεν
839 2150 862 2177 δ’

82 2193 109 2219 ἂν
127 2195 170 2222 καὶ
194 2196 316 2232 ἑτέρως,
339 2197 444 2224 νεανίαι
473 2197 522 2232 μὲν
543 2197 592 2232 τῆς
609 2197 734 2232 ἀνδρείας
755 2196 839 2228 τύπος
854 2217 861 2229 ,

83 2241 226 2276 φρονήσεως
258 2241 286 2268 δὲ
315 2242 486 2278 πρεσόύται,
516 2242 679 2278 νηπιότητος
704 2242 731 2269 δὲ
758 2242 807 2277 τῆς
834 2243 864 2268 ὲν

82 2285 180 2321 Χριστῴ
199 2287 361 2322 νοουμένης,
386 2288 448 2323 υἱοί]
460 2297 489 2314 τε
505 2288 554 2314 καὶ
572 2288 737 2323 θυγατέρες·
755 2288 803 2314 σὺν
816 2287 863 2314 ἁν-

83 2328 147 2365 δρείᾳ
157 2330 220 2366 γὰρ,
234 2332 284 2358 καὶ
299 2334 440 2367 φρονήσει,
457 2333 503 2359 καὶ
516 2332 648 2367 ἁπλότητι
659 2334 693 2369 τῇ
706 2332 777 2360 κατὰ
786 2332 863 2365 Θεὸν,

83 2375 231 2413 ἁπαροῦμεν
250 2378 280 2411 ἐξ
296 2379 433 2415 ἁμαρτίας
443 2381 483 2412 είς
496 2380 644 2416 ἁγιασμόν.
663 2389 672 2406 ι
695 2380 864 2414 Ἀνδρίζεσθε

83 2421 129 2457 γὰρ
141 2432 162 2454 ο,
179 2425 247 2460 φησὶ
259 2445 266 2458 ,
285 2435 294 2451 ι
321 2426 368 2452 καὶ
391 2426 582 2462 κραταιούσθω
604 2427 622 2462 ὴ
638 2426 735 2462 καρδία
750 2426 836 2461 ὑμῶν.
852 2435 862 2452 ι

85 2467 130 2493 Καὶ
146 2467 176 2496 αὖ
190 2479 196 2485 ·
212 2470 324 2497 Γίνεσθε
340 2472 468 2508 φρόνιμοι
484 2473 523 2505 ὡς
539 2474 563 2499 oi
577 2473 663 2508 ὄφεις,
683 2473 730 2499 καὶ
741 2473 865 2509 ἀκέραιοι

85 2512 115 2544 ὡς
132 2515 157 2541 at
173 2517 346 2552 περιστεραί.
371 2527 379 2544 ι
406 2519 533 2554 Πριϐατα
551 2519 579 2546 δὲ
597 2519 644 2546 καὶ
666 2519 730 2554 βόας
746 2528 864 2546 συναπο-

85 2559 179 2595 τρέχειν
204 2563 309 2595 εἰπὼν,
337 2565 555 2601 κατασημαίνειν
578 2565 612 2592 ἂν
636 2563 715 2601 οἶμαί
735 2574 803 2598 που,
823 2565 865 2592 ὄτι

87 2607 206 2641 προσήκει
223 2609 292 2644 μηδὲ
309 2609 379 2636 αὐτὰ
401 2610 525 2645 μεθεῖναι
539 2611 578 2647 τῷ
594 2612 702 2647 Σατανᾷ
717 2610 752 2638 τὰ
770 2619 865 2646 σωμα-

87 2653 141 2679 τικά
152 2662 179 2680 τε
194 2655 242 2682 καὶ
256 2655 415 2692 ἀλογώτερα
429 2657 483 2684 τῶν
500 2659 528 2684 ἐν
542 2659 607 2694 ἡμῖν
623 2658 790 2693 κινημάτων.
809 2657 865 2684 Καὶ

88 2697 142 2730 γοῦν
156 2701 168 2726 ὸ
180 2700 322 2734 θεσπέσιος
338 2703 443 2735 Παῦλος
455 2704 572 2740 γράφει·
588 2713 597 2730 ι
611 2704 717 2740 Ὠσπερ
728 2704 782 2739 γὰρ
794 2712 866 2738 mp-

89 2745 206 2780 εστήοατε
225 2748 259 2776 τὰ
282 2749 350 2785 μέλη
380 2750 456 2786 ὑμῶν
482 2750 563 2778 δοῦλα
582 2752 616 2786 τῇ
637 2750 794 2786 ἀκαθαρσίᾳ
817 2750 866 2777 καὶ

52 2796 54 2798 ⁷
90 2791 116 2824 τῇ
130 2792 222 2830 ἀνομίᾳ
242 2796 283 2827 εἰς
299 2796 349 2831 τὴν
368 2797 494 2832 ἀνομίαν,
516 2797 587 2824 οὕτω
599 2797 647 2824 νῦν
668 2798 863 2833 παραστήσατε

119 2862 197 2905 "f'Job
213 2874 272 2899 xu,
293 2866 345 2905 μί.
383 2868 403 2883 ’³
416 2868 502 2896 Exod.
520 2877 545 2901 x,
559 2869 575 2896 8
593 2876 653 2905 sqq.
693 2869 714 2885 '°
728 2868 800 2896 Psal.
822 2876 859 2896 cm

911 2875 929 2900 ι,
946 2866 986 2894 1‘2.
1025 2867 1046 2882 ¹¹
1062 2865 1072 2893 1
1087 2864 1166 2893 Juan.
1186 2870 1216 2895 ιι,
1233 2861 1278 2894 Η,
1304 2860 1348 2887 15.

94 2897 111 2914 ’³
122 2898 208 2928 Manli.
227 2910 244 2930 Χ
253 2897 269 2935 ,’
289 2902 335 2929 16.

226 2950 372 2982 ΡΛτιιοιο.
395 2951 453 2981 Gn.
477 2950 608 2980 LXVIII.

907 947 982 974 niam
1001 946 1105 974 malitia
1120 946 1260 982 proposila
1273 951 1315 974 est
1326 946 1414 974 vobis.
1432 946 1490 974 Non
1508 947 1563 980 sic;
1580 947 1627 974 sed
1642 951 1707 974 eant

907 993 970 1025 viri,
990 997 1018 1020 et
1037 993 1189 1021 sacriﬁcate
1204 993 1259 1020 Deo
1276 1002 1281 1020 :
1298 993 1350 1020 hoc
1366 994 1439 1020 enim
1460 993 1511 1028 ipsi
1530 993 1623 1028 petitis
1636 994 1667 1021 ‘9.
1692 1003 1701 1019 ι

907 1038 943 1067 Ut
958 1039 1088 1075 intelligis
1104 1039 1197 1074 igitur,
1212 1038 1325 1070 Palladi,
1339 1039 1445 1077 Moyses
1464 1038 1585 1074 perfecta
1600 1039 1704 1066 disces-

908 1085 984 1112 sione
998 1085 1135 1120 proﬁcisci
1149 1085 1250 1113 debere
1266 1085 1391 1118 dicebat;
1407 1085 1451 1112 ille
1463 1089 1566 1118 autem,
1581 1085 1640 1111 Non
1655 1085 1704 1116 ita,

909 1131 1014 1166 inquit;
1031 1132 1078 1159 sed
1092 1137 1196 1167 partem
1211 1140 1240 1160 se
1255 1132 1444 1163 dimissurum,
1457 1139 1573 1166 eamque
1587 1134 1705 1166 partem,

908 1186 969 1213 quae
1003 1179 1215 1214 relinqueretur,
1249 1178 1372 1205 obsidem
1407 1177 1610 1212 quodammodo
1645 1185 1706 1204 esse

909 1227 1036 1257 oportere
1059 1231 1110 1258 pro
1135 1223 1225 1250 reditu
1246 1221 1457 1254 discedentium,
1478 1222 1535 1257 ipsa
1552 1230 1661 1257 quoque
1678 1221 1705 1249 in

907 1268 1024 1305 Egypto
1038 1269 1132 1297 relicta
1147 1269 1327 1304 supellectile.
1344 1269 1395 1296 Eat
1408 1269 1492 1300 enim,
1513 1268 1612 1302 inquit,
1628 1267 1706 1303 quis-

909 1316 972 1351 quis
994 1316 1154 1343 adolescens
1174 1320 1232 1348 est,
1255 1323 1350 1343 omnes
1368 1315 1451 1342 etiam
1473 1315 1520 1350 qui
1540 1314 1633 1342 adulta
1650 1315 1706 1349 jam

909 1367 974 1390 sunt
985 1367 1075 1390 actate.
1088 1362 1209 1389 Atdivus
1217 1361 1323 1397 Moyses
1335 1365 1493 1388 constanter
1506 1359 1623 1387 afﬁrmat
1634 1367 1705 1392 esse,

910 1409 984 1438 nulla
1004 1417 1033 1437 re
1051 1408 1234 1444 praetermissa
1255 1411 1337 1442 atque
1358 1407 1463 1439 relicta,
1483 1406 1681 1435 discedendum
1698 1414 1705 1432 :

910 1455 957 1483 sed
983 1455 1063 1482 simul
1086 1462 1149 1481 cum
1172 1453 1409 1485 adolescentibus,
1433 1456 1461 1478 et
1485 1451 1518 1478 iis
1542 1451 1589 1486 qui
1612 1455 1708 1478 exacta

908 1502 963 1537 jam
975 1506 1067 1530 essent
1079 1505 1168 1534 aetate,
1185 1500 1248 1528 ﬁliis
1263 1507 1372 1535 quoque
1390 1506 1421 1526 ac
1434 1498 1553 1531 ﬁliabus,
1567 1498 1650 1525 boum
1665 1505 1708 1524 ar-

911 1547 1011 1575 mentis
1029 1547 1145 1581 aliisque
1166 1545 1324 1581 pecoribus.
1346 1545 1460 1580 Oportet
1476 1544 1550 1570 cnim
1569 1547 1600 1571 ut
1613 1543 1660 1579 qui
1679 1543 1707 1570 in

913 1601 1004 1621 veram
1015 1601 1044 1621 se
1054 1593 1207 1620 libertatem
1219 1599 1341 1619 asserere
1361 1590 1457 1622 velint,
1474 1589 1601 1617 studeant
1612 1589 1708 1616 avitiis

914 1648 974 1675 qua:
990 1640 1017 1667 in
1032 1639 1131 1667 saeculo
1146 1642 1221 1670 sunt,
1233 1637 1393 1669 abscedere,
1413 1640 1442 1663 et
1456 1635 1581 1663 semitam
1601 1635 1707 1671 ingredi

913 1693 974 1721 quae
983 1685 1017 1713 ad
1030 1685 1146 1713 virtutes
1159 1683 1244 1716 ducit,
1260 1683 1404 1717 nullasque
1416 1681 1528 1709 omnino
1537 1685 1586 1708 aut
1600 1681 1707 1712 animm,

913 1737 962 1760 aut
973 1732 1074 1760 mentis
1086 1730 1216 1766 reliquias
1230 1729 1379 1761 dimittere,
1392 1736 1441 1764 per
1457 1735 1526 1763 quas
1538 1727 1638 1755 iterum
1655 1727 1708 1755 sub

915 1779 988 1806 illius
1006 1777 1116 1814 maligni
1136 1776 1308 1804 dominatum
1329 1783 1360 1802 ac
1383 1774 1555 1810 tyrannidem
1580 1774 1708 1808 redigan-

916 1830 968 1853 tur.
994 1825 1035 1852 Ad
1060 1825 1132 1851 hanc
1159 1827 1251 1850 autem
1274 1822 1429 1849 libertatem
1453 1820 1546 1847 divina
1567 1820 1609 1847 lex
1630 1823 1711 1847 vocat

913 1873 1028 1908 juvenes
1052 1874 1080 1898 et
1103 1869 1238 1904 virgines,
1256 1875 1337 1896 senes
1362 1875 1425 1894 cum
1447 1865 1614 1902 junioribus,
1633 1866 1710 1901 juxta

915 1917 1058 1947 Psallentis
1074 1924 1169 1944 vocem
1183 1917 1216 1948 ‘°,
1234 1919 1314 1949 atque
1333 1921 1414 1941 omne
1431 1920 1517 1948 genus
1534 1912 1632 1944 :elatis,
1649 1919 1711 1947 quae

915 1967 944 1993 in
972 1965 1082 1993 Christo
1107 1962 1279 1997 intelligitur.
1308 1960 1383 1994 Quos
1414 1959 1496 1986 etiam
1529 1959 1572 1986 vir
1600 1958 1711 1986 divinus

912 2011 1033 2040 Joannes
1044 2009 1234 2044 alloquebatur
1245 2007 1340 2035 dicens
1357 2015 1362 2032 :
1379 2016 1388 2031 ι
1402 2005 1504 2040 Scripsi
1516 2004 1605 2037 vobis,
1620 2004 1709 2039 pueri,

916 2058 980 2093 quia
995 2055 1160 2092 cognovistis
1173 2055 1300 2086 Patrem;
1318 2052 1416 2087 scripsi
1431 2051 1520 2084 vobis,
1533 2055 1636 2086 patres,
1645 2051 1712 2086 quia

915 2102 1082 2140 cognovistis
1105 2109 1169 2129 eum
1186 2100 1233 2135 qui
1255 2103 1297 2127 est
1325 2099 1359 2126 ab
1384 2097 1475 2130 initio;
1497 2097 1595 2132 scripsi
1620 2097 1710 2129 vobis,

914 2152 1040 2187 juvenes,
1058 2149 1122 2183 quia
1143 2147 1229 2175 fortes
1250 2146 1328 2178 estis,
1349 2149 1377 2172 et
1393 2144 1507 2171 verbum
1529 2145 1576 2172 Dei
1592 2145 1619 2171 in
1633 2144 1712 2171 vobis

917 2200 1018 2228 manet,
1030 2198 1058 2222 et
1072 2193 1176 2220 vicistis
1194 2191 1343 2226 malignum
1357 2190 1389 2216 ¹¹.
1407 2199 1416 2215 ι
1435 2189 1523 2217 Aliter
1537 2194 1628 2216 autem
1644 2189 1708 2216 ado-

917 2243 1051 2270 lescentes
1070 2240 1156 2275 ﬁgura
1173 2245 1233 2265 esse
1258 2240 1374 2272 possunt
1391 2235 1571 2265 fortitudinis,
1589 2234 1713 2269 pruden-

917 2289 961 2316 tiae
978 2294 1068 2320 senes,
1085 2285 1206 2313 infantiae
1222 2291 1288 2311 vero
1306 2282 1389 2314 illius,
1410 2289 1470 2316 quae
1489 2280 1517 2307 in
1537 2279 1648 2308 Christo
1666 2279 1709 2306 in—

915 2335 1057 2371 telligitur,
1074 2333 1122 2360 ﬁlii
1140 2340 1172 2360 ac
1187 2331 1249 2358 ﬁliae
1266 2339 1272 2357 :
1289 2336 1353 2357 cum
1366 2327 1529 2355 fortitudine
1544 2333 1662 2361 namque
1678 2333 1711 2354 ac

915 2380 1072 2416 prudentia,
1085 2377 1315 2413 simplicitateque
1334 2381 1366 2401 ea
1378 2381 1439 2408 quae
1459 2371 1610 2400 secundum
1623 2371 1708 2399 Deum

915 2432 968 2459 est,
992 2435 1008 2454 a
1027 2429 1139 2461 peccato
1168 2423 1202 2450 ad
1227 2420 1472 2450 sanctiﬁcationem
1498 2417 1708 2454 proﬁciscimur.

919 2484 928 2500 ι
946 2473 1068 2503 Viriliter
1088 2470 1161 2498 enim
1185 2469 1267 2504 agite,
1291 2477 1300 2493 ›
1329 2465 1429 2502 inquit,
1458 2475 1467 2491 ‹
1485 2468 1513 2492 et
1539 2463 1708 2492 confortetur

915 2528 963 2547 cor
982 2523 1103 2547 vestrum
1117 2517 1150 2543 ".
1171 2525 1181 2541 ι
1204 2515 1238 2542 Ει
1256 2514 1357 2541 iterum
1379 2520 1386 2539 :
1411 2521 1420 2537 ι
1443 2511 1537 2538 Estote
1558 2509 1708 2545 prudentes

914 2566 987 2594 sicut
1007 2567 1165 2600 serpentes,
1188 2565 1217 2589 et
1241 2559 1379 2595 simplices
1402 2558 1474 2585 sicut
1499 2555 1675 2584 columbae“.
1697 2564 1706 2580 ι

915 2612 985 2641 Cum
998 2619 1064 2639 vero
1078 2609 1157 2642 dixit,
1169 2615 1235 2637 oves
1245 2614 1356 2642 quoque
1373 2613 1405 2633 ac
1418 2604 1502 2632 boves
1517 2602 1598 2630 simul
1611 2602 1709 2630 absce-

916 2658 982 2687 dere
994 2657 1106 2689 debere,
1123 2653 1288 2690 signiﬁcavit
1302 2652 1429 2683 fortasse,
1439 2658 1474 2677 ne
1487 2655 1634 2684 cci-porcos
1646 2647 1709 2683 qui-

917 2705 980 2733 dem
993 2704 1054 2731 illos
1066 2706 1158 2730 motus
1171 2704 1281 2728 nostros
1293 2702 1322 2726 et
1334 2696 1449 2725 rationis
1461 2699 1588 2731 expertes
1602 2694 1709 2722 Satanae

916 2757 976 2778 esse
994 2747 1204 2783 relinquendos;
1225 2744 1280 2781 44
1296 2744 1389 2779 itaque
1409 2742 1520 2770 divinus
1545 2741 1591 2768 ille
1607 2739 1709 2768 Paulus

915 2795 1026 2828 scribit,
1047 2804 1056 2819 ι
1068 2793 1148 2822 Sicut
1171 2790 1336 2819 exhibuistis
1353 2788 1476 2816 membra
1491 2791 1583 2814 vestra
1603 2786 1709 2813 servire

1401 2859 1423 2875 ²¹
1442 2857 1514 2886 Psal.
1534 2865 1598 2890 xxx,
1625 2856 1670 2884 25.

1515 2939 1533 2972 Ἰ
