1924 3043
74 152 123 189 2θῦ

457 155 503 184 DE
522 154 744 185 ADORATIONE
761 155 794 183 IN
819 153 955 184 SlilltlTU
972 152 1019 182 ET
1036 152 1222 183 TERITATE.
1240 152 1308 182 UB.
1323 153 1348 182 ἶ.

1660 156 1711 184 206

74 209 145 236 τουτὶ
157 209 248 246 δριξῦεν
265 212 303 240 ἂν
318 213 342 240 οί
359 213 401 240 διὰ
414 213 510 248 σοφίας
523 215 659 249 κοσμικῆς
672 215 727 245 τοῖς
744 214 826 249 ἱεροῖς
840 221 870 239 τε

923 220 955 239 ac
973 212 1028 240 Deo
1046 217 1157 247 accepta
1176 212 1340 240 sacriﬁcare.
1357 214 1398 239 An
1412 219 1478 240 vero
1491 219 1547 240 non
1565 212 1591 240 id
1609 212 1712 241 faciunt

76 255 118 282 καὶ
139 255 227 289 θείοις
248 258 334 293 ἡμῶν
351 259 580 295 ἐπαγωνιζόμενοι
603 259 752 294 δόγμασιν,
770 259 818 286 καὶ
838 258 869 286 τὸ

923 258 970 294 qui
988 258 1128 294 sapientia
1144 259 1288 286 mundana:
1302 259 1386 286 armis
1405 267 1454 294 pro
1484 259 1569 286 sacris
1595 259 1711 288 divinis-

75 301 195 337 λαμπρὸν
204 303 236 329 ὲν
244 303 333 337 λέξει,
345 305 431 331 καὶτὸ
439 306 468 332 ἐν
480 305 582 341 είδήσει
592 306 690 342 πικρὸν
703 305 868 341 ϐηρώμενοι,

75 347 117 375 καὶ
130 348 179 384 τὴν
193 348 317 386 λογικὴν
331 350 457 386 λατρείαν
472 351 660 383 ἐπιτελοῦντες
674 351 752 387 Θεῷ;
766 360 775 377 ι
790 352 870 378 Πᾶσα

75 394 121 429 μὲν
135 394 191 429 γὰρ
208 395 300 430 σοφία
321 396 397 432 παρὰ
416 397 532 432 Κυρίου,
554 406 564 423 ι
580 398 653 424 κατὰ
664 396 694 424 τὸ
708 396 869 433 γεγραμμέ-

74 448 124 466 νον.
143 440 217 467 Ἀλλ’
233 443 266 468 ὲν
288 443 425 479 πνεύματι
441 444 566 480 κοσμικῷ
576 464 584 477 ,
597 445 661 476 τοὺς
676 445 741 480 παρ’
757 445 869 480 Ἕλλησι

74 487 182 522 ποιητὰς
198 488 249 515 καὶ
266 489 457 526 λογογράφους
469 492 510 522 είς
525 491 606 518 τοῦτο
616 491 805 527 λαμπρότητος
815 491 870 526 ’τῆς

74 533 130 560 κατ’
143 534 322 569 εὖγλωττίαν
341 537 487 572 ἀφικέσθαι
506 538 608 574 φαμέν.
622 538 679 565 Καὶ
693 538 758 572 γοῦν
774 538 788 564 ὁ
808 538 869 564 θεσ-

75 579 164 612 πέσιος
182 581 298 614 Παῦλος
309 591 315 596 ·
333 592 343 609 1
363 583 400 610 Οὐ
415 583 446 610 τὸ
460 583 568 620 πνεῦμα
582 604 589 616 ,
610 585 686 620 φησι,
700 584 747 611 τοῦ
765 585 869 618 κόσμου

74 626 163 652 τούτου
184 626 337 663 ἐλάϐομεν,
352 629 421 657 ἀλλὰ
442 629 473 657 τὸ
494 630 603 666 πνεῦμα
623 631 654 657 τὸ
674 631 705 657 ἐκ
721 630 809 662 Θεοῦ,
827 631 869 657 ἵνα

74 674 168 708 ῐδωμεν
190 675 228 702 τὰ
253 675 310 702 ὑπὸ
326 676 375 703 τοῦ
393 675 461 704 Θεοῦ
486 677 652 713 χαρισθέντα
674 678 759 712 ἡμῖν’
784 677 802 704 ἃ.
822 677 870 704 καὶ

74 721 214 756 λαλοῦμεν,
223 723 278 749 οὐκ
289 723 320 750 ἐν
330 723 464 756 διδακτοῖς
475 724 571 758 σοφίας
581 724 754 760 ἀνθρωπίνης
767 723 868 757 λόγοις,

75 767 126 794 ἀλλ’
139 769 168 796 ἐν
184 768 328 803 ἀποδείξει
344 769 508 806 πνεύματος.
527 781 536 797 ι
557 771 617 798 Ὅτι
633 771 661 798 δὲ
679 768 713 806 ἦν
732 769 840 806 ἀληθῶς
855 770 869 796 δ

74 813 171 848 Μωσῆς
188 814 219 839 ὲν
242 816 337 847 σκιαῖς
363 815 420 849 ἔτι,
438 814 473 842 τὰ
497 815 626 851 ἐξαίρετα
652 816 704 851 τῆς
722 816 752 842 ὲν
773 815 869 850 κόσμῳ

70 859 143 894 -ζωῆς
156 860 207 886 οὐκ
219 859 367 896 ἀπόϐλητα
378 861 541 896 γενήσεσθαι
555 861 644 895 λέγων
657 860 696 896 τῷ
709 860 780 888 κατὰ
789 860 868 895 φύσιν

922 313 976 340 que
995 305 1098 332 nostris
1113 305 1246 340 dogmatis
1261 309 1375 338 certent,
1394 312 1422 333 et
1441 306 1569 334 dictionis
1584 307 1712 342 splendo-

919 357 982 378 rem
993 351 1172 386 eonjunctum
1186 358 1248 378 cum
1262 351 1382 379 scientiae
1395 352 1546 381 acrimonia
1561 357 1710 387 sectantur,

922 404 955 424 ac
982 397 1039 427 Deo
1063 397 1196 424 rationale
1229 397 1391 432 obsequium
1414 399 1565 426 exhibent?
1581 398 1711 432 Quamvis

917 442 997 469 enim
1017 442 1133 469 «omnis
1165 442 1298 477 sapientia
1327 450 1342 469 a
1370 443 1529 477 Domino,‘7
1548 454 1557 470 ι
1588 450 1618 472 ut
1643 445 1711 473 scri-

921 493 999 524 ptum
1028 493 1080 521 est,
1110 493 1200 516 tamen
1228 492 1326 524 poetas
1356 490 1498 524 gentilium
1536 496 1617 527 atque
1641 493 1711 520 scri-

921 538 1016 569 ptores
1029 534 1168 561 mundano
1185 534 1283 569 spiritu
1296 534 1333 561 ad
1353 542 1415 561 eum
1433 536 1596 570 eloquentia:
1619 538 1706 572 splen-

922 580 1018 607 dorem
1039 580 1196 615 pervenisse
1212 580 1349 613 dicimus;
1372 581 1463 616 itaque
1483 582 1579 609 beatus
1600 583 1711 617 Paulus,

927 636 936 652 ι
958 627 1018 654 Non
1033 627 1163 662 spiritum
1181 636 1204 659 ι,
1224 627 1324 662 inquit,
1346 637 1354 652 ι
1371 629 1465 655 mundi
1495 629 1577 664 hujus
1603 633 1712 666 accepi.

923 681 994 705 mus,
1013 673 1061 701 sed
1076 673 1203 709 spiritum
1216 674 1264 709 qui
1275 682 1308 701 ex
1328 674 1384 702 Deo
1400 680 1451 707 est,
1471 680 1499 703 ut
1510 677 1630 705 sciamus
1653 687 1713 713 quae

919 727 938 747 El
958 719 1012 747 Deo
1029 720 1130 748 donata
1146 725 1210 747 sunt
1226 719 1324 753 nobis;
1345 729 1404 756 qua:
1421 727 1449 749 et
1464 723 1603 757 loquimur
1616 732 1671 752 non
1684 726 1712 753 in

923 766 1152 800 persuasibilibus
1169 766 1295 795 humana:
1323 768 1462 803 sapientiae
1490 769 1590 802 verbis,
1613 771 1660 798 sed
1683 771 1713 799 in

922 813 1079 840 ostensione
1089 813 1202 848 spiritus
1214 814 1246 840 “.
1264 824 1273 840 ι
1288 813 1368 847 "Quod
1381 822 1446 842 vero
1461 815 1574 851 Moyses,
1588 816 1652 844 licet
1660 818 1714 845 ad-

921 859 1059 891 umbrato,
1071 867 1134 887 vere
1150 864 1238 888 tamen
1253 861 1334 893 dicat,
1346 869 1406 896 quae
1421 861 1446 889 in
1462 862 1517 890 vita
1528 863 1579 890 hac
1590 864 1714 892 smculari

75 903 145 938 Θεῷ,
170 905 352 940 παραχρῆμα
372 905 509 932 δείκνυσιν
526 905 651 941 ἐναργῶς
663 925 670 937 ,
688 905 758 941 πλὴν
779 905 816 936 ὡς
838 906 867 932 ἐν

923 907 1058 941 praecipua
1078 906 1224 939 habentur,
1242 915 1273 934 ea
1294 907 1406 936 minime
1418 915 1437 936 τι
1453 910 1509 937 Deo
1522 918 1588 938 vero
1610 913 1712 946 respui,

76 949 147 984 τύπῳ
160 950 209 976 καὶ
229 952 309 986 σκιᾷ.
332 952 399 979 Θεοῦ
414 952 468 987 γὰρ
489 952 702 987 προστάττοντος
727 951 868 979 σκυλεύειν

76 995 132 1027 τοὺς
146 995 331 1030 Αἰγυπτίους,
350 999 439 1033 χρυσᾶ
452 1007 482 1025 τε
497 999 544 1026 καὶ
560 1000 669 1035 ἀργυρᾶ
691 999 776 1034 σκεύη
799 999 868 1034 χρή-

78 1041 167 1069 σασθαι
181 1042 239 1069 δεῖν
255 1042 362 1078 ἔφασκε
372 1065 380 1076 ,
396 1044 473 1079 παρά
490 1053 519 1071 τε
537 1045 670 1081 συσκήνου
681 1045 727 1072 καὶ
739 1044 867 1079 γείτονος,

76 1087 89 1113 ὖ
101 1086 130 1122 δὴ
145 1088 191 1114 καὶ
210 1088 377 1124 περαίνεται
389 1089 433 1116 διὰ
448 1090 595 1124 γυναικῶν.
612 1090 737 1125 Ψίουρον
753 1090 808 1125 γὰρ
823 1087 869 1117 Birt

79 1133 129 1165 πώς
147 1134 205 1160 εστι
219 1134 252 1161 τὸ
269 1134 369 1170 χρῆμα
384 1135 431 1162 καὶ
453 1135 627 1168 λαλίστατον,
647 1136 693 1162 καὶ
710 1135 779 1172 πρὸς
797 1136 869 1162 ἀπά-

77 1187 121 1215 την
135 1180 303 1215 εὐμήχανον.
316 1181 404 1217 Σκεύη
419 1182 447 1208 δὲ
463 1179 540 1218 οἶμαι
554 1183 642 1218 χρυσᾶ
659 1190 689 1208 τε
704 1182 750 1208 ’καὶ
761 1182 870 1218 ἀργυρᾶ

79 1225 146 1261 παρὰ
158 1226 214 1253 τῶν
228 1227 391 1262 Αἰγυπτίων
406 1228 448 1263 εἴη
465 1228 510 1260 ἂν,
530 1228 656 1264 καθάπερ
671 1227 773 1264 ἀρτίως
788 1227 868 1262 ἔφην,

79 1272 109 1298 τὰ
118 1269 156 1304 οἷς
167 1271 201 1308 ἦν
212 1273 292 1306 εἰκὸς
305 1274 557 1310 κατασεμνύνεσϐαι
567 1274 620 1301 τῶν
632 1275 662 1301 ὲν
676 1275 771 1309 κόσμῳ
781 1275 868 1306 τινὰς,

78 1317 101 1344 εἰ
114 1318 159 1344 καὶ
179 1317 248 1345 Θεὸν
274 1318 390 1355 εἴδησαν
403 1320 450 1347 τὸν
465 1320 602 1356 ἀληθινόν.
628 1321 706 1347 Ἔστι
724 1320 753 1347 δὲ
766 1320 780 1346 ὃ
798 1329 869 1356 φημι

80 1363 171 1390 τοιόνδε
189 1373 216 1391 τι
239 1364 337 1392 πάλιν.
353 1365 438 1392 Κοινὰ
456 1367 506 1401 μὲν
525 1364 581 1402 γὰρ
594 1365 697 1393 ἅπασιν
715 1366 870 1402 ἀνθρώποις

80 1409 110 1436 τὰ
128 1411 173 1437 νοῦ
196 1419 227 1437 τε
252 1412 305 1439 καὶ
320 1411 409 1448 ψυχῆς
435 1413 592 1448 κινήματα,
615 1412 662 1440 καὶ
686 1414 703 1449 ἡ
730 1413 798 1449 πρὸς
815 1413 870 1440 πᾶν

79 1456 161 1483 δτιοῦν
175 1457 370 1493 ἐπιτηδειότης
385 1458 490 1493 ἀγαθοῦ
500 1467 530 1485 τε
548 1459 595 1486 καὶ
609 1458 739 1495 πονηροῦ.
761 1459 830 1485 Ἀλλ’
845 1459 871 1485 οί

83 1501 127 1537 μὲν
139 1504 193 1535 τοῖς
208 1503 261 1538 τῆς
282 1504 390 1539 φύσεως
405 1504 638 1541 πλεονεκτήμασιν
652 1505 871 1541 ἀποκεχρημένοι

83 1549 164 1581 καλῶς
175 1570 183 1582 ,
200 1550 247 1577 τὸν
269 1550 371 1578 εὐκλεᾶ
388 1551 438 1578 καὶ
461 1551 600 1587 ἐξαίρετον
625 1551 787 1587 κατορθοῦσι
802 1551 868 1586 βίον.

82 1594 113 1620 οῖ
123 1603 153 1628 γε
167 1595 221 1630 μὴν
236 1596 284 1630 ἐφ’
297 1594 315 1622 ἃ
332 1596 369 1631 μὴ
395 1596 533 1632 προσῆκεν
547 1595 716 1631 ἀνοητότατα
730 1596 870 1632 παρατρὲ-
883 1592 904 1622 C

85 1645 187 1672 mag,
202 1640 445 1676 παρασημαίνουσί
458 1649 517 1673 πως
533 1640 568 1668 τὰ
589 1641 638 1677 τῆς
655 1640 762 1675 φύσεως
781 1640 871 1675 ἀγαθὰ

84 1685 124 1711 καὶ
133 1685 181 1722 τὴν
195 1686 239 1713 ἐπ’
257 1686 409 1722 αἰσχίστοις
428 1686 495 1713 ἰέναι
507 1686 611 1723 τρίϐον.
635 1687 757 1723 ’Δνδρεία
772 1696 803 1714 τε
815 1687 871 1723 γὰρ

86 1731 126 1758 καὶ
148 1732 282 1768 φρόνησις
306 1732 376 1759 καλὰ
400 1733 450 1768 μὲν
472 1734 529 1765 τοῖς
555 1733 654 1769 ἄριστα
677 1733 870 1769 κεχρημένοις,

85 1777 209 1813 ἐπιζήμια
224 1778 254 1805 δὲ
274 1779 329 1811 τοῖς
342 1778 392 1806 οὐκ
404 1779 513 1814 ἔχουσιν
528 1778 617 1814 ὀρθῶς
626 1787 634 1794 ο
649 1779 737 1813 ἔξεστι
754 1779 803 1815 μὲν
817 1780 872 1816 γὰρ

87 1824 249 1860 ἀνδρίζεσθαι
278 1825 326 1852 καὶ
351 1827 459 1861 φρονεῖν
480 1826 529 1853 σὺν
551 1825 653 1861 ἐπαίνῳ
680 1826 726 1853 καὶ
749 1827 871 1861 κρότοις·

87 1869 166 1902 εξεοτι
178 1870 207 1897 δὲ
219 1868 254 1898 αὖ
270 1871 319 1898 σὺν
333 1871 417 1907 πολλῇ
433 1871 465 1907 δὴ
478 1871 564 1899 ταῦτα
579 1871 729 1907 κεκτῆσθαι
740 1871 871 1909 καταϐοῇ.

88 1916 165 1944 Ταυτὶ
176 1917 208 1954 δὴ
221 1918 304 1946 κοινὰ
316 1917 364 1945 καὶ
377 1918 406 1945 ὲν
420 1917 502 1945 πᾶσιν
513 1918 581 1951 ἐστι,
594 1918 641 1944 καὶ
650 1918 679 1945 ὲν
690 1919 746 1950 τοῖς
757 1918 796 1946 ἔτι
806 1918 873 1946 πλα-

89 1963 220 1999 νωμένοις,
237 1965 288 1992 καὶ
300 1964 330 1991 ὲν
343 1965 400 1997 τοῖς
414 1964 496 1991 εἰδόσι
507 1964 585 1992 Θεόν.
597 1963 662 1991 Ὀτε
677 1964 743 1999 γοῦν
758 1965 776 2000 ἡ
791 1964 873 1992 πάλαι

89 2009 246 2045 φαυλότητος
258 2010 372 2046 ἐργάτις
385 2010 507 2047 ἀνδρεία,
518 2011 566 2037 καὶ
577 2010 607 2037 τὸ
618 2010 648 2037 ἐν
657 2010 763 2037 συνέσει
775 2010 873 2046 πικρὸν

92 2057 301 2091 μετατρέποιντο
318 2056 386 2092 πρὸς
402 2056 481 2092 ἡμῶν
504 2057 544 2088 είς
566 2056 596 2083 τὺ
619 2056 715 2083 δοκοῦν
734 2056 773 2092 τῷ
796 2056 872 2092 Θεῷ,

92 2103 223 2138 μονονουχὶ
244 2103 295 2140 τεαὶ
310 2103 341 2135 ἐξ
359 2101 518 2137 Αἰγυπτίων
538 2103 691 2138 ληφθέντα,
709 2103 755 2130 καὶ
771 2104 804 2130 ὲκ
824 2104 874 2139 τῆς

91 2148 116 2174 tv
127 2149 219 2185 κόσμῳ
231 2149 310 2184 ζωῆς
319 2168 327 2182 ,
345 2148 406 2185 ίερά
418 2157 448 2175 τε
469 2148 516 2176 καὶ
529 2149 715 2183 εὑπρόσδεκτα
731 2149 875 2185 γενήσεται

92 2193 125 2230 τῷ
134 2194 190 2231 Θεῷ
200 2204 208 2211 ·
224 2194 460 2231 μεταρυθμίζεται
472 2194 526 2231 γὰρ
540 2195 580 2227 είς
590 2195 692 2230 ἀρετῆς
706 2195 810 2230 χρείαν,
827 2195 875 2222 καὶ

93 2240 231 2276 ὑπουργίαν
241 2239 393 2276 ἁγιατμοῦ,
407 2240 532 2277 καθάπερ
545 2241 642 2276 ἀμέλει
650 2241 685 2268 τὰ
695 2241 725 2274 ἐξ
736 2241 874 2277 Αἰγύπτου

93 2287 169 2322 σκεύη
186 2288 280 2323 χρυσᾶ
292 2295 322 2313 τε
333 2287 379 2314 καὶ
388 2288 498 2324 ἀργυρᾶ
514 2287 583 2323 πρὸς
594 2289 768 2324 κατασκευήν
784 2297 814 2315 τε
827 2288 875 2315 καὶ

94 2331 260 2369 ἀποτέλεσμα
273 2334 323 2369 τῆς
342 2333 423 2368 ἁγίας
449 2334 552 2369 σκηνῆς
574 2333 715 2370 ἀνεδείχθη
740 2335 873 2370 χρήσιμα.

95 2378 198 2410 biﬁdae
211 2380 243 2407 τὸ
258 2379 404 2407 σκυλεῦσαι
412 2380 475 2412 τοὺς
485 2380 659 2415 Αἰγυπτιους,
674 2380 784 2408 καὶτῶν
800 2389 875 2416 πρω-

96 2426 200 2454 τοτόκων
208 2427 258 2455 τὸν
266 2427 391 2459 θάνατον,
403 2427 584 2463 λιλύτρωνται
596 2426 672 2462 μόλις
681 2426 706 2453 οῑ
715 2425 743 2459 ἐξ
756 2426 874 2462 Ἰσραὴλ,

97 2473 290 2506 καταθύσαντες
303 2474 348 2500 τὸν
360 2474 445 2509 ἀμνὸν
460 2474 500 2507 είς
515 2473 600 2500 τύπον
620 2472 740 2510 Χριστοῦ
751 2481 758 2488 '
772 2470 807 2508 ἦν
821 2472 874 2508 γὰρ

99 2520 141 2557 οὐχ
153 2522 253 2558 ἑτέρως
265 2522 396 2550 δύνασθαι
407 2521 454 2549 τοῦ
461 2521 566 2549 τοιοῦδε
575 2523 678 2557 τυχεῖν,
692 2520 808 2557 ἐπείπερ
819 2521 875 2547 ἐστὶ

100 2567 166 2594 nitro.
177 2566 311 2604 λύτρωσις
324 2568 355 2594 ὲν
372 2567 483 2603 Χριστῷ
492 2588 500 2599 ,
514 2567 561 2594 καὶ
573 2566 606 2593 δι’
620 2565 702 2593 αὑτοῦ
718 2567 792 2593 πᾶσα
803 2566 878 2598 δόσις

102 2613 191 2650 ἀγαθή.
209 2614 414 2650 Ἐκπὲμπονται
425 2614 453 2641 δι
463 2613 513 2649 τῆς
527 2612 693 2648 Αἰγυπτίων,
706 2612 778 2640 κατὰ
791 2612 877 2648 μέσην

103 2658 177 2687 νύκτα
185 2680 192 2691 ,
204 2660 346 2696 μονονουχὶ
356 2652 467 2691 σκότους
479 2667 510 2686 τε
521 2657 588 2694 ὁμοῦ
601 2658 647 2685 καὶ
656 2657 777 2690 δουλείας
787 2657 877 2685 ἁπαλ-

105 2704 255 2742 λαττόμινοι.
283 2707 329 2734 Ἐν
340 2706 394 2742 γάρ
404 2714 446 2732 τοι
462 2705 549 2741 σκότῳ
567 2703 607 2740 τῷ
618 2704 716 2740 νοητῷ,
727 2704 774 2731 καὶ
784 2705 833 2731 οὐκ
847 2705 876 2731 ἐν

105 2753 163 2784 φωτὶ
171 2752 208 2788 τῷ
220 2753 300 2789 θείῳ,
316 2752 349 2779 τὺ
363 2751 454 2779 δοῦλον
464 2753 503 2783 είς
520 2751 657 2787 ἁμαρτίαν
674 2751 717 2778 ἀιί
734 2759 793 2782 me;
806 2748 875 2777 εἶναι

106 2798 174 2832 qum;
197 2809 207 2826 ι
225 2801 284 2833 Πᾶς
304 2800 359 2835 γὰρ
375 2800 389 2827 ὁ
411 2798 446 2826 τὰ
468 2798 558 2833 φαῦλα
581 2798 712 2834 πράσσων
725 2817 732 2830 ,
751 2799 826 2833 μισεί
845 2797 876 2823 τὸ

891 2263 913 2291 D

137 2887 276 2921 ’τεῖρε-ΗΛ,
298 2889 323 2915 l.
361 2888 384 2904 "
399 2888 409 2916 Ι
423 2887 486 2916 Cor.
498 2895 526 2918 ιι.
544 2887 587 2913 12.
625 2887 648 2903 ¹’
658 2886 714 2914 Jac.
725 2894 744 2916 ι.
766 2886 810 2913 17.

920 953 1052 980 continuo
1070 953 1213 981 evidenter
1238 955 1368 987 ostendit,
1391 955 1417 982 in
1435 956 1520 991 figura
1538 957 1670 986 duntaxat
1686 964 1714 987 et

921 1000 1028 1028 umbr‘a.
1044 1000 1091 1027 Dei
1111 1007 1229 1035 namque
1244 1000 1333 1035 jussu,
1351 999 1491 1037 [Egyptios
1512 1005 1639 1038 spoliare,
1663 1013 1713 1033 nu-

920 1054 1021 1082 maque
1037 1051 1065 1074 et
1082 1052 1209 1082 argentea
1233 1053 1296 1074 vasa
1318 1052 1414 1075 mutuo
1438 1049 1562 1084 accipere
1586 1056 1714 1086 oportere

919 1093 987 1121 dicit
1001 1094 1219 1124 aeontubm-nali
1238 1094 1320 1123 simul
1345 1100 1426 1132 atque
1445 1097 1545 1125 vicino.
1570 1098 1649 1131 Quod
1671 1099 1714 1134 ip-

921 1146 982 1166 sum
993 1146 1042 1174 per
1057 1140 1187 1168 mulieres
1200 1141 1351 1177 perfectum
1362 1146 1420 1176 est;
1439 1143 1622 1171 susurrationi
1634 1152 1713 1172 nam—

920 1191 974 1219 que
990 1185 1013 1212 is
1032 1193 1114 1213 sexus
1134 1190 1177 1214 est
1192 1192 1220 1214 et
1243 1187 1403 1222 loquacitati
1429 1189 1597 1223 aptissimus,
1623 1194 1651 1218 et
1679 1191 1714 1218 ad

920 1231 1066 1259 struendas
1083 1231 1194 1260 fraudes
1213 1233 1380 1269 ingeniosus.
1399 1234 1468 1262 Vasa
1483 1242 1566 1269 porro
1585 1243 1667 1264 aurea
1686 1241 1714 1265 et

920 1282 1050 1313 argentea
1069 1283 1164 1306 mutuo
1180 1280 1214 1307 ab
1230 1278 1364 1316 Egyptiis
1377 1285 1485 1316 sumpta
1504 1286 1578 1315 sunt,
1600 1287 1631 1310 ut
1652 1283 1713 1317 opi-

920 1330 982 1356 nor,
998 1330 1031 1350 ac
1048 1323 1130 1351 modo
1143 1324 1210 1357 dixi,
1228 1324 1262 1352 de
1282 1326 1384 1360 quibus
1403 1332 1513 1361 aequum
1531 1332 1605 1355 esset
1628 1335 1714 1363 quos-

921 1368 984 1396 dam
1009 1369 1057 1404 qui
1082 1370 1111 1397 in
1135 1371 1235 1398 saeculo
1251 1374 1315 1398 sunt
1338 1370 1459 1407 gloriari,
1481 1373 1502 1400 si
1528 1373 1612 1400 iidem
1627 1372 1714 1402 Deum

919 1421 1030 1450 quoque
1041 1423 1138 1442 verum
1152 1421 1340 1451 agnoscerent.
1364 1415 1412 1444 Est
1425 1422 1516 1446 autem
1528 1416 1556 1446 id
1567 1419 1640 1454 quod
1652 1418 1715 1448 dico

921 1469 1018 1489 rursus
1034 1461 1236 1498 hujuscemodi.
1253 1462 1420 1492 Communes
1439 1469 1504 1492 sunt
1517 1466 1648 1493 omnibus
1661 1466 1714 1494 'ho-

921 1507 1043 1536 minibus
1058 1509 1159 1536 mentis
1176 1513 1258 1544 atque
1275 1509 1374 1538 animae
1388 1514 1489 1543 motus,
1508 1515 1536 1539 et
1558 1517 1655 1547 aptum
1676 1512 1715 1541 ad

921 1554 1014 1582 omnia
1033 1554 1174 1590 ingenium
1191 1558 1249 1582 tum
1269 1555 1303 1583 ad
1319 1556 1433 1589 bonum,
1455 1561 1513 1584 tum
1540 1558 1574 1585 ad
1601 1559 1713 1587 malum.

923 1597 977 1626 Sed
989 1599 1038 1634 qui
1054 1603 1160 1627 natura
1173 1602 1412 1635 praestantioribus
1425 1602 1504 1630 donis
1528 1607 1603 1630 recte
1629 1607 1714 1632 utun-

922 1647 978 1676 tur,
1001 1640 1159 1679 praeclaram
1182 1649 1264 1681 atque
1291 1646 1427 1682 egregiam
1447 1647 1531 1674 vitam
1556 1653 1640 1683 agunt
1664 1654 1715 1677 :at

920 1690 969 1726 qui
991 1690 1049 1719 hate
1079 1691 1112 1719 ad
1140 1699 1172 1719 ea
1197 1700 1258 1727 quae
1284 1692 1397 1720 minime
1417 1697 1525 1728 oportet
1554 1694 1715 1723 stulthsime

922 1735 1097 1772 detorquent,
1119 1737 1242 1765 indicant
1263 1738 1380 1772 quodam
1406 1738 1487 1766 modo
1510 1744 1616 1767 natura:
1643 1740 1715 1768 bona

922 1779 1004 1807 etiam
1020 1780 1054 1807 ad
1071 1788 1114 1808 res
1126 1781 1302 1816 turpissimus
1319 1782 1460 1810 transferri
1478 1790 1569 1818 posse.
1591 1784 1713 1813 Fortitu-

923 1825 959 1853 do
979 1826 1052 1853 enim
1071 1831 1098 1853 et
1120 1827 1276 1862 prudentia,
1293 1827 1422 1862 praeclara
1444 1833 1508 1856 sunt
1530 1829 1576 1858 illa
1601 1831 1713 1865 quidem

924 1872 1025 1907 optime
1048 1872 1200 1905 utentibus,
1218 1873 1314 1900 eadem
1340 1879 1436 1901 rursus
1459 1882 1514 1901 non
1533 1879 1607 1903 recte
1625 1877 1715 1911 possi—

924 1917 1054 1946 dentibus
1067 1919 1165 1946 noxia:
1183 1919 1319 1955 contingit
1332 1920 1407 1947 enim
1426 1921 1534 1948 fortiter
1546 1930 1578 1949 ac
1593 1922 1715 1957 pruden-

925 1966 968 1990 ter
984 1971 1013 1991 se
1033 1971 1129 1998 gerere
1150 1972 1214 1992 cum
1239 1964 1368 1992 laudibus
1392 1973 1424 1993 ac
1448 1966 1556 2001 plausu,
1580 1968 1718 2004 contingit

926 2010 992 2038 item
1011 2009 1069 2037 haec
1093 2010 1189 2037 eadem
1213 2018 1276 2038 cum
1303 2018 1402 2046 magno
1427 2013 1550 2039 omnium
1581 2012 1716 2041 dedecore

924 2055 1074 2091 possidere.
1109 2056 1172 2084 Haec
1211 2060 1303 2083 autem
1328 2058 1486 2085 communia
1510 2062 1590 2090 sunt.
1625 2063 1654 2086 et
1688 2059 1716 2086 in

924 2101 980 2138 ω
997 2102 1135 2134 omnibus,
1152 2105 1207 2129 tam
1224 2101 1252 2129 in
1272 2101 1305 2129 iis
1318 2101 1365 2137 qui
1376 2102 1469 2130 adhuc
1487 2103 1514 2130 in
1534 2111 1629 2132 errore
1653 2113 1715 2132 ver-

925 2152 1030 2181 santur,
1047 2156 1127 2183 quam
1141 2148 1169 2175 in
1180 2147 1214 2175 iis
1227 2148 1273 2183 qui
1285 2146 1371 2176 Deum
1386 2154 1567 2184 agnoverunt.
1580 2150 1647 2178 Cum
1664 2151 1716 2186 igi-

927 2198 972 2222 tur
987 2194 1130 2226 fortitudo,
1147 2201 1208 2229 qute
1221 2193 1297 2228 prius
1310 2194 1439 2228 nequitiae
1456 2193 1544 2221 fuerat
1563 2195 1670 2228 artifex,
1688 2201 1718 2223 et

927 2239 995 2268 illud
1014 2247 1132 2267 acumen
1166 2238 1353 2274 intelligentiae
1367 2238 1402 2266 ab
1421 2238 1553 2275 Egyptiis
1581 2240 1718 2274 quodam—

927 2286 1010 2314 modo
1025 2290 1053 2314 et
1065 2294 1081 2313 a
1098 2285 1222 2313 saeculari
1238 2285 1295 2312 vita
1309 2288 1448 2320 sumptum
1472 2285 1505 2312 ad
1532 2285 1558 2312 id
1581 2287 1716 2313 enm-crti-

927 2340 999 2366 mus,
1020 2331 1093 2367 quod
1115 2332 1172 2359 Deo
1193 2335 1299 2367 gratum
1318 2335 1370 2363 est,
1395 2338 1470 2358 sacra
1488 2335 1545 2358 tum
1567 2336 1650 2358 erunt
1668 2339 1714 2359 ac-

927 2380 1062 2414 ceptaque
1086 2377 1163 2409 Deo;
1190 2376 1394 2405 transferuntur
1431 2377 1504 2403 enim
1533 2376 1568 2404 ad
1601 2377 1715 2405 virtutis

928 2433 1009 2454 usum
1023 2424 1231 2460 sanctitatisque
1239 2424 1444 2456 ministerium;
1463 2428 1493 2452 ut
1514 2423 1560 2452 illa
1584 2424 1714 2462 nimirum

928 2479 962 2500 ex
975 2471 1091 2508 Egypt»
1101 2478 1183 2499 aurea
1199 2474 1382 2506 argenteaque
1393 2477 1457 2497 vasa
1471 2469 1506 2497 ad
1521 2469 1716 2497 exstruendum

928 2517 1179 2554 perﬁciendumque
1195 2515 1402 2543 tabernaculum
1419 2514 1496 2543 utilia
1521 2514 1605 2542 fuisse
1625 2514 1717 2542 decla-

930 2568 1020 2591 ratum
1037 2567 1088 2591 est.
1107 2562 1172 2590 Post
1182 2560 1406 2598 exspoliationem
1426 2561 1509 2597 igitur
1529 2560 1716 2596 [Egyptiorum

930 2618 963 2638 ac
986 2613 1102 2637 mortem
1127 2608 1381 2644 primogenitorum,
1398 2607 1444 2635 vix
1465 2607 1575 2635 tandem
1608 2606 1715 2634 liberati

931 2661 995 2685 sunt
1007 2656 1145 2688 Israelita,
1158 2663 1220 2683 cum
1230 2663 1329 2691 agnum
1343 2655 1371 2682 in
1381 2653 1481 2682 Christi
1493 2653 1605 2689 ﬁguram
1615 2653 1715 2680 immo—

932 2704 1049 2737 lassent;
1061 2710 1150 2738 neque
1163 2702 1236 2729 enim
1251 2701 1278 2729 id
1289 2700 1369 2728 aliter
1377 2700 1486 2735 assequi
1501 2703 1642 2735 poterant;
1655 2706 1716 2725 nam

931 2750 1021 2778 omnis
1036 2749 1189 2785 redemptio
1200 2748 1229 2776 in
1242 2748 1353 2776 Christo
1363 2750 1418 2779 est,
1430 2754 1460 2773 ac
1474 2754 1522 2781 per
1535 2745 1624 2781 ipsum
1636 2751 1717 2771 omne

933 2796 1027 2824 datum
1048 2795 1183 2832 optimum
1194 2795 1226 2822 ”.
1244 2793 1413 2822 Emittuntur
1434 2793 1524 2820 autem
1550 2798 1583 2818 ex
1602 2789 1718 2826 Egypto
