1924 3043
195 123 260 151 ,3οῚ

706 124 742 151 ‘S.
763 124 901 152 CYRILL’I
921 124 1157 152 ALEXANDRINI
1176 124 1335 153 ARClllEP.

1771 150 1778 156 .
1788 126 1856 154 308

209 181 262 210 sub
274 187 381 210 noctem
395 182 524 214 mediam,
542 182 740 217 propemodum
754 191 769 211 e
782 184 904 212 tenebris
917 185 988 212 simu

1051 185 1110 219 φῶς
1123 194 1146 218 ι,
1161 184 1233 212 κατά
1250 185 1300 221 τὴν
1313 184 1360 211 τοῦ
1371 184 1497 220 Σωτῆρος
1512 185 1613 221 φωνήν.
1633 184 1759 221 Ἀζυμον
1774 185 1807 212 δὲ
1823 187 1855 212 τὸ

209 236 242 256 ac
256 227 539 262 servituteproi‘eeti;
554 228 601 263 qui
617 229 691 256 enim
715 230 788 257 servi
810 234 874 258 sunt
895 231 1000 265 peccati

209 283 319 310 semper
337 274 395 302 fere
416 274 533 309 cupiunt
545 274 573 302 in
590 275 711 303 tenebris
721 276 913 311 spiritualibus
928 284 998 309 esse,

207 329 263 349 non
277 321 304 348 in
317 321 421 348 lumine
435 320 529 348 divino
542 329 548 348 :
566 330 575 346 ι
586 321 678 348 omnis
690 322 764 349 enim
784 322 832 357 qui
847 322 918 350 male
932 322 998 358 agit,

207 368 266 396 odit
281 369 370 396 lucem
383 367 416 400 '°,
432 377 440 393 ι
457 371 488 395 ut
500 367 624 395 Salvator
632 367 680 395 ait.
690 367 882 395 lnfermentata
890 376 999 404 quoque

204 414 365 450 eonspersio
377 413 510 446 eﬁ‘ertur,
531 421 564 441 ac
580 413 640 441 sine
663 412 764 440 viatico
781 412 900 449 fugiunt.
922 422 932 439 ι
951 413 1000 442 Ur-

206 461 307 496 gebant
315 460 400 493 enim,
423 470 432 486 ι
445 460 545 495 inquit,
561 469 570 486 ι
584 459 705 496 Egyptii
720 459 862 495 populum,
876 463 907 487 ut
920 459 998 487 festi-

206 511 304 534 nanter
321 507 454 542 ejicerent
464 514 513 534 eos
529 506 564 534 de
583 509 666 533 terra.
679 506 914 533 Dixeruntenim:
932 505 998 534 Om-

193 560 256 580 .nes
278 560 328 580 nos
353 552 497 580 morimur.
519 551 594 579 Tulit
611 555 703 579 autem
719 551 843 586 populus
867 559 998 587 consper—

205 599 311 626 sionem
322 607 400 627 suam
414 602 558 634 antequam
584 597 815 626 fermentarentur
835 606 930 626 massa:
950 606 998 625 eo-

196 654 277 679 rum,
295 654 363 682 quas
384 645 534 681 ligaverunt
546 644 573 672 in
594 644 717 672 vestibus
731 644 790 672 suis
806 651 889 679 super
904 645 1000 671 hume-

205 693 296 721 ros“.
316 702 325 718 ι
341 692 436 728 Neque
452 692 537 724 enim,
563 695 594 718 ut
616 691 725 726 opinor,
747 691 850 719 debent
873 691 921 726 qui
941 691 998 718 Deo

199 739 392 767 .udlizereseere
407 737 503 770 velint,
517 738 632 773 ejusque
649 737 862 765 familiaritatem
873 737 996 770 inierint,

206 785 344 813 surcularis
367 784 477 812 malitim
496 783 628 819 reliquias
652 783 735 816 ferre,
756 791 846 819 neque
866 788 997 811 extraneo

205 832 373 867 profanoque
395 832 516 863 viatico,
538 830 673 866 spirituali
699 830 847 863 nimirum.
869 831 996 859 instructi

1051 233 1127 263 σταῖς
1144 231 1310 268 ἐκφέρεται,
1331 231 1380 259 καὶ
1407 231 1583 267 ἐπισιτισμοῦ
1608 231 1668 267 δίχα
1697 231 1851 267 φεύγουσι.

1051 287 1061 304 ι
1077 277 1277 310 Κατεσιάζοντο
1296 277 1351 314 γὰρ
1361 297 1369 309 ,
1391 278 1492 313 φησὶν,
1509 278 1534 304 οῖ
1550 277 1694 312 Αἰγύπτιοι
1704 278 1753 305 τὸν
1768 277 1851 311 λαὸν,

1051 324 1150 360 σπουδῇ
1165 324 1290 352 ἐκσαλεῖν
1302 324 1403 356 αὐτοὺς
1415 323 1470 352 ἀπὸ
1484 325 1534 360 τῆς
1545 324 1609 359 γῆς.
1623 321 1713 352 Εἶπαν
1731 325 1792 360 γὰρ
1809 325 1851 351 ὅτι

1048 369 1151 402 πάντες
1165 370 1246 406 ἡμεῖς
1264 370 1486 406 ἀποθνήσκομεν.
1503 369 1632 396 ’Δνέλαϐε
1644 369 1672 396 δὲ
1686 370 1701 397 ὁ
1717 369 1788 401 λαὸς
1801 371 1852 396 καὶ

1044 416 1078 454 ,τὸ
1101 418 1178 449 σταῖς
1191 417 1283 444 αὐτῶν
1307 417 1361 453 πρὸ
1384 416 1432 444 τοῦ
1451 416 1612 452 ζυμωθῆναι
1635 416 1669 444 τὰ
1688 415 1852 452 φυράματα

1048 462 1148 497 αὐτῶν,
1161 461 1197 490 τὰ
1207 462 1367 499 ἐνδεδεμένα
1381 463 1410 489 ἔν
1425 463 1482 495 τοῖς
1494 462 1612 498 ἱματίοις
1627 462 1718 490 αὐτῶν
1729 461 1779 488 ἐπὶ
1792 461 1852 488 τῶν

1051 507 1146 543 ὤμων.
1167 517 1176 534 ι
1192 509 1229 535 Οὐ
1244 508 1298 544 γὰρ
1315 506 1390 544 οἶμαι
1403 509 1471 541 δεῖν,
1489 509 1551 541 τοὺς
1564 509 1602 544 τῷ
1613 508 1673 544 Θεῷ
1691 507 1851 535 κολλᾶσθαι

1051 554 1207 590 μέλλοντας,
1224 554 1379 589 οἰκειότητά
1392 563 1422 581 τε
1435 554 1504 590 πρὸς
1520 553 1602 581 αὐτὸν
1610 553 1783 590 ᾑρημένους,
1796 561 1850 579 κα-

1048 601 1111 633 κίας
1126 600 1250 636 λείψανον
1262 600 1444 638 ἐπιφέρεσθαι
1460 601 1597 636 κοσμικῆς
1607 622 1614 633 ,
1631 600 1694 627 οὔτε
1714 600 1773 635 μὴν
1795 599 1849 626 ἀλ-

1047 647 1168 684 λοτρίαις
1180 656 1209 674 τε
1221 648 1269 674 καὶ
1280 647 1399 683 ἀνιέροις
1417 647 1608 682 ἑφοδιάζεσθαι
1621 648 1749 683 τροφαῖς,
1761 646 1848 682 δῆλον

1048 693 1077 720 δὲ
1095 694 1136 720 ὅτι
1151 695 1211 726 ταῖς
1225 694 1333 730 νοηταῖς
1346 701 1353 709 ·
1370 693 1491 729 ἀζύμους
1505 693 1533 720 δὲ
1549 691 1618 719 εῖναι
1631 692 1718 727 φιλεῖν
1728 693 1846 728 ἄρτους,

1047 741 1078 767 τὸ
1099 740 1224 776 ἐφίεσθαι
1250 740 1343 767 λοιπὸν
1358 739 1406 772 τοῦ
1430 739 1626 774 ζωογονοῦντος
1646 739 1692 766 τὸν
1715 739 1824 775 κόσμον
1839 747 1845 752 ·

1048 788 1206 823 ὲορτάσειαν
1220 787 1274 821 γὰρ
1288 788 1313 813 οἱ
1329 786 1425 813 τοιοίδε
1443 785 1587 821 καθαρῶς,
1604 785 1650 812 καὶ
1665 785 1716 820 τὴν
1731 785 1828 821 ἀξιόλη
1838 801 1846 805 -

1049 842 1114 860 πτον
1130 833 1169 869 τῷ
1198 833 1259 868 Θεῷ
1283 833 1412 868 λατρείαν
1436 832 1684 868 ἀποπεραίνοντες,
1701 831 1749 858 ὑπ’
1765 832 1845 866 αὐτῷ

204 878 237 905 ad
251 878 303 905 iter
315 878 435 913 accingi;
449 878 497 904 sed
508 877 595 913 azymi
616 885 648 904 ac
669 877 769 904 sinceri
793 884 864 909 esse,
884 885 989 912 panem-

1053 878 1163 913 μένουσι
1177 877 1334 909 διαπαντός.

203 931 256 957 que
276 931 339 950 eum
361 928 489 958 expetere
520 923 567 958 qui
594 922 714 950 viviﬁcat
743 922 897 950 mundum:
926 923 1061 959 ejusmodi
1095 931 1214 959 namque
1234 924 1360 951 homines
1392 931 1461 958 pure
1489 923 1559 950 festa
1583 922 1782 954 celebrabunt,
1803 929 1843 949 ac

203 970 315 1005 dignata
344 970 400 997 Deo
426 970 530 997 cultum
556 969 737 1001 exhibebunt,
755 977 787 996 ac
809 974 943 1004 perpetuo
963 969 990 997 in
1011 970 1084 998 illius
1096 974 1232 1005 potestate
1249 969 1460 1005 permanebunt.

239 1018 336 1046 PALL.
353 1017 504 1046 Conficitur
520 1024 601 1052 ergo:
619 1017 778 1052 quicunque
798 1017 837 1044 illi
857 1022 921 1045 sunt
947 1017 995 1044 lio-

203 1064 291 1092 mincs
305 1063 352 1092 Dei
369 1068 505 1090 amatores
521 1070 552 1090 ac
568 1062 658 1098 probi,
674 1070 722 1089 eos
746 1067 874 1097 tanquam
900 1062 933 1089 ad
953 1070 995 1089 sa-

203 1118 277 1138 cram
302 1113 479 1144 sanctamque
511 1113 622 1141 terram,
650 1108 684 1135 ad
709 1108 791 1135 vitam
814 1115 922 1143 nempe,
942 1108 994 1135 sub

201 1156 304 1185 Christi
324 1156 429 1183 ditione
441 1154 585 1190 agendam,
604 1159 631 1182 et
648 1162 663 1182 ει
676 1154 828 1190 tyrannidis
844 1154 870 1181 vi
880 1154 993 1181 liberam

192 1203 345 1239 pervenire
358 1207 496 1237 oportere,
509 1205 591 1236 atque
608 1200 774 1228 contendere
784 1204 816 1227 ut
827 1199 991 1232 sacriﬁcent,

201 1258 255 1277 non
271 1250 298 1276 in
315 1249 436 1276 hostium
452 1247 563 1279 ﬁnibus,
580 1246 607 1273 id
627 1250 679 1278 est,
698 1254 753 1273 non
771 1254 804 1273 eo
817 1246 901 1273 animi
917 1245 994 1273 babi-

202 1301 231 1323 tu
247 1295 291 1323 cui
307 1299 418 1330 peccata
433 1294 557 1329 placent:
584 1297 612 1320 et
635 1293 658 1319 si
682 1300 737 1320 non
760 1292 907 1319 admodum
929 1299 992 1327 pcr—

200 1342 283 1374 fecto,
294 1345 421 1376 prompto
431 1344 522 1367 tamen
534 1343 616 1373 atque
631 1339 665 1366 ad
679 1338 809 1365 virtutem
821 1342 928 1371 erecto,
943 1345 992 1366 eo-

200 1396 254 1423 que
271 1395 378 1415 morum
393 1390 467 1415 statu
487 1386 534 1421 qui
548 1386 627 1421 longe
643 1385 678 1413 sit
698 1393 713 1412 a
731 1385 832 1412 diaboli
850 1385 992 1420 tyrannide

200 1438 333 1463 remotus.

221 1480 287 1517 .47
308 1479 386 1507 CYR.
402 1479 440 1506 Ne
455 1482 482 1505 tu
497 1486 556 1505 rem
575 1478 654 1505 aliter
669 1485 697 1504 se
718 1477 830 1509 habere,
846 1483 928 1512 quam
939 1476 992 1503 hoc

201 1527 294 1558 modo,
321 1525 482 1560 suspiceris,
493 1524 698 1557 Palladifrecte
711 1524 785 1551 enim
800 1531 816 1551 a
835 1524 916 1551 nobis
927 1531 992 1551 con-

199 1574 274 1600 clusa
284 1577 326 1599 est
343 1571 440 1599 oratio.
454 1571 545 1598 Facile
559 1575 650 1598 autem
666 1575 707 1598 est
721 1571 743 1598 si
760 1570 845 1598 libeat
862 1571 945 1598 etiam
964 1571 991 1598 in

197 1619 251 1646 alia
263 1617 380 1653 imagine
394 1616 446 1644 hoc
461 1616 532 1643 idem
544 1615 733 1651 contemplari.
742 1616 808 1643 Nam
819 1624 882 1644 cum
891 1621 991 1644 saneta:

1082 1019 1185 1045 ΠΛΛΛ.
1208 1019 1329 1054 ’Δραρεν
1343 1015 1401 1051 οὖν,
1411 1018 1453 1044 ὅτι
1464 1018 1589 1053 καθάπερ
1603 1017 1675 1048 τινὸς
1693 1016 1745 1051 γῆς
1759 1016 1843 1050 ἁγίας

1045 1073 1073 1090 τε
1087 1065 1133 1091 καὶ
1154 1065 1229 1100 ἱερᾶς
1246 1063 1389 1099 ἐφικέσθαι
1406 1064 1459 1100 χρὴ
1474 1064 1537 1095 τοὺς
1552 1063 1630 1098 οἵπερ
1643 1062 1676 1089 ἃν
1693 1059 1750 1089 εἷεν
1765 1062 1843 1096 φιλό-

1046 1110 1101 1137 050i
1118 1119 1146 1137 τε
1163 1110 1209 1139 καὶ
1227 1110 1335 1144 ἁγαθοὶ,
1352 1110 1401 1146 τῆς
1416 1109 1468 1136 ὑπὸ
1484 1108 1594 1145 Χριστῷ
1609 1109 1656 1135 καὶ
1671 1107 1842 1144 ἀτυραννεύ-

1044 1166 1091 1185 του
1107 1157 1177 1191 ζωῆς
1192 1165 1198 1170 '
1217 1157 1377 1190 ἐπείγεσθαι
1396 1155 1424 1182 δὲ
1444 1155 1590 1182 καταθύειν
1616 1155 1666 1181 οὐκ
1682 1156 1712 1180 ὲν
1728 1155 1762 1189 τῇ
1784 1154 1840 1180 τῶν

1045 1203 1160 1239 ἐχθρῶν,
1179 1203 1251 1230 τοῦτ’
1265 1203 1348 1236 ἔστιν,
1366 1203 1416 1230 οὐκ
1429 1203 1508 1234 ὄντας
1528 1203 1557 1228 ὲν
1572 1201 1627 1235 ἕξει
1646 1203 1680 1237 τῇ
1700 1201 1840 1236 φιλαμαρα

1044 1251 1132 1285 τήτῳ,
1162 1250 1210 1276 καὶ
1230 1250 1281 1276 οὐκ
1303 1250 1445 1285 ἀμωμήτῳ
1469 1249 1547 1281 λίαν,
1573 1249 1602 1274 ὲν
1621 1247 1790 1283 προθυμίαις
1811 1247 1838 1274 δὲ

1046 1297 1146 1332 μᾶλλον
1165 1297 1226 1327 ταῖς
1241 1297 1281 1327 εἰς
1303 1295 1415 1331 ἀρετὴν,
1439 1295 1485 1322 κα)⁵
1509 1295 1538 1321 ὲν
1561 1294 1634 1329 ἠθῶν
1652 1294 1838 1328 καταστάσει,

1043 1343 1092 1378 τῆς
1109 1343 1155 1370 τοῦ
1170 1342 1295 1370 διαϐόλου
1309 1342 1464 1378 τυραννίδος
1481 1341 1663 1376 ὲξῳκισμένῃ.

1079 1468 1160 1495 ΚΥΡ.
1175 1467 1221 1503 Μὴ
1236 1466 1338 1502 ἑτέρως
1351 1466 1423 1501 ἔχειν
1438 1465 1609 1501 ὑπολάϐοιςῆ
1624 1465 1710 1497 οὕτως
1721 1461 1764 1499 ,ὦ
1775 1465 1835 1492 τᾶν·

1043 1515 1189 1550 πεποίηται
1202 1514 1257 1550 γὰρ
1269 1513 1357 1550 ὀρθῶς
1373 1514 1440 1552 ἡμῖν
1454 1515 1467 1540 ὁ
1483 1513 1570 1547 λόγος.
1587 1513 1664 1548 Πάρα
1679 1512 1708 1539 δὲ
1725 1514 1749 1539 εἰ
1763 1512 1837 1539 δοκεῖ

1043 1561 1090 1588 καὶ
1104 1561 1138 1587 δι’
1161 1561 1256 1595 ἑτέρας
1278 1559 1358 1586 ταυτὶ
1381 1559 1492 1594 θεωρεῖν
1511 1557 1624 1589 εἰκόνος.
1648 1557 1759 1593 Ἐπειδὴ
1781 1557 1834 1592 γὰρ

1041 1606 1086 1634 διὰ
1098 1606 1147 1641 τῆς
1160 1607 1200 1637 εἰς
1213 1606 1266 1632 πᾶν
1279 1605 1369 1632 ὁτιοῦν
1381 1604 1435 1631 τῶν
1446 1603 1568 1630 ἐκτόπων
1579 1603 1735 1639 ὰποδρομῆς
1749 1612 1834 1630 κατα-

197 1649 511 1694 civitatisvhabitatores,
542 1649 704 1695 Jerusalem,
726 1662 846 1697 inquam,
861 1663 989 1698 praecipiti

1046 1653 1141 1680 λυπεῖν
1165 1651 1327 1686 ἀπετόλμων
1348 1651 1393 1678 τὸν
1416 1650 1470 1678 τῶν
1492 1650 1559 1677 ὅλων
1585 1650 1696 1685 σωτῆρα
1723 1649 1789 1676 Θεὸν
1809 1650 1834 1676 οῖ

197 1713 226 1738 in
246 1711 338 1739 omnia
357 1711 462 1738 scelera
484 1718 566 1738 cursu
581 1710 667 1738 Deum
684 1711 807 1737 omnium
825 1711 987 1738 salvatorem

197 1756 337 1785 oﬂ‘eudere
352 1756 410 1784 ausi
425 1760 532 1788 essent,
551 1756 579 1783 in
594 1761 756 1791 potestatem
777 1756 987 1792 Babyloniorum

194 1807 349 1831 venerunt:
361 1810 430 1838 quos
445 1802 483 1829 illi
496 1810 558 1829 cum
573 1803 598 1830 vi
617 1802 756 1838 armisque
771 1803 986 1838 eepissent,ser-

195 1849 255 1876 vire
269 1848 421 1884 jubebant:
437 1848 590 1876 victoribus
600 1848 671 1874 enim
688 1847 775 1875 victos
790 1854 872 1875 etiam
888 1848 988 1875 invitos

195 1894 296 1922 cedere
309 1894 461 1923 necessitas
480 1894 605 1929 cogebat.
619 1893 688 1921 Cum
709 1893 801 1928 itaque
818 1894 986 1921 consternati

194 1939 343 1966 admodum
357 1934 460 1971 essent,
475 1943 630 1974 etpropter
650 1938 804 1973 inopinatas
819 1938 986 1965 calamitates

195 1985 424 2020 ingemiscerent;
441 1984 483 2011 vel
499 1984 629 2019 exiguum
646 1983 786 2011 interdum
800 1983 924 2011 laborum
943 1992 986 2011 so-

194 2030 291 2058 latium
313 2030 493 2065 quzerebant:
519 2030 547 2057 id
570 2033 662 2056 autem
688 2034 759 2061 erat,
780 2030 939 2065 compositis
957 2030 985 2057 in

195 2076 244 2103 Dei
259 2075 368 2103 laudem
388 2075 567 2107 carminibus,
583 2075 726 2110 prmsentis
739 2075 866 2103 mmroris
874 2076 984 2103 acerbi-

194 2125 279 2149 tatem
303 2121 400 2149 lenire.
423 2131 432 2147 ι
448 2121 552 2148 Memor
568 2121 642 2148 enim
656 2120 695 2148 fui
713 2120 776 2153 Dei,
797 2130 805 2146 ι
829 2121 917 2156 inquit
935 2121 986 2148 Da-

192 2167 250 2200 vid,
269 2177 278 2193 ι
294 2171 322 2195 et
338 2167 496 2199 delectatus
504 2175 564 2195 sum
573 2167 606 2200 δ’,
616 2177 625 2193 ι
643 2166 744 2202 quibus
754 2167 845 2195 verbis
862 2175 984 2203 pronun-

193 2213 272 2241 tiavit
286 2213 334 2241 Dei
344 2213 464 2240 carmina
476 2213 647 2248 spiritualem
661 2221 721 2240 esse
730 2213 904 2241 festivitatem
916 2223 922 2240 :
935 2213 984 2241 sed

192 2259 350 2287 volentibus
362 2259 484 2287 carmina
506 2259 615 2292 dicere,
633 2264 660 2287 et
680 2263 840 2287 consuetum
863 2259 982 2288 cilicium

191 2306 313 2341 explere,
325 2310 404 2341 turpe
412 2305 612 2341 propemodum
624 2305 780 2338 videbatur,
793 2305 900 2334 dulcem
914 2306 982 2334 adeo

1041 1699 1091 1734 τὴν
1105 1699 1187 1732 ἁγίαν
1201 1697 1338 1729 οἰκοῦντες
1353 1697 1440 1728 πόλιν,
1454 1697 1525 1732 φημὶ
1536 1696 1567 1732 δὴ
1579 1695 1630 1731 τὴν
1644 1695 1831 1731 Ἰερουσαλὴμ,

1043 1745 1095 1772 ὑπὸ
1106 1746 1184 1780 χεῖρα
1199 1744 1328 1778 γεγόνασι
1342 1743 1395 1770 τῶν
1406 1742 1595 1773 Βαϐυλωνίων,
1607 1742 1631 1769 οἳ
1645 1742 1690 1768 καὶ
1701 1741 1831 1777 δορυκτή-

1041 1801 1103 1824 τους
1120 1792 1226 1822 ἑλόντες
1246 1790 1370 1825 θητεύειν
1387 1789 1524 1816 ἐκέλευον.
1547 1787 1639 1815 Εἶκειν
1655 1789 1710 1824 γὰρ
1729 1785 1763 1823 ἦν
1777 1790 1831 1819 τοῖς

1042 1838 1188 1874 κρατοῦσιν
1208 1837 1327 1872 ἀνάγκη,
1350 1836 1397 1862 καὶ
1418 1837 1467 1870 οὐχ
1489 1835 1601 1866 ἑκόντας
1622 1835 1729 1866 αὐτούς.
1751 1835 1783 1862 Ol
1804 1834 1830 1861 δὲ

1042 1887 1168 1917 ἀλύοντες
1191 1885 1261 1916 λίαν,
1287 1883 1333 1910 καὶ
1356 1883 1403 1909 ὲπὶ
1428 1883 1488 1913 ταῖς
1512 1881 1655 1916 ἀδοκήτοις
1679 1881 1830 1916 συμφοραῖς

1041 1931 1277 1966 κατοιμώζοντες,
1305 1930 1357 1956 κᾶν
1381 1928 1447 1963 γοῦν
1474 1927 1601 1963 εὑρέσθαι
1628 1927 1758 1962 βραχεῖαν
1783 1925 1828 1953 τοῦ

1040 1979 1123 2005 πόνου
1154 1977 1320 2013 παραψυχὴν
1340 1975 1452 2011 ἐζήτουν
1476 1974 1532 2001 ἔσθ’
1549 1975 1604 2001 ὅτε.
1628 1973 1712 2000 Τοῦτο
1736 1973 1764 2000 δὲ
1785 1970 1826 2008 ἦν,

1040 2025 1100 2056 ταῖς
1125 2024 1165 2056 εἰς
1189 2023 1255 2050 Θεὸν
1275 2021 1421 2057 ὑμνῳδίαις
1437 2020 1486 2055 τῆς
1509 2019 1622 2054 ἐνούσης
1640 2019 1732 2050 αὐτοῖς
1755 2019 1827 2051 ἀνίας

1040 2069 1268 2105 ὰπαμϐλύνεσθαι
1282 2068 1313 2095 τὸ
1328 2067 1423 2103 δριμύ”
1442 2077 1451 2093 ι
1470 2065 1625 2101 Ἐμνήσθην
1636 2065 1689 2100 γὰρ
1700 2063 1748 2091 τοῦ
1763 2064 1826 2093 Θεοῦ

1039 2117 1087 2144 καὶ
1094 2115 1260 2152 εὐφράνθην,
1274 2124 1283 2141 ι
1296 2115 1310 2141 ὁ
1321 2114 1391 2146 θεῖος
1402 2113 1454 2148 ἔφη
1466 2111 1557 2143 Δαὸὶδ,
1567 2110 1663 2146 ἑορτὴν
1672 2110 1826 2145 ἀποφαίνων

1039 2161 1239 2198 πνευματικὴν,
1254 2161 1304 2196 τὴν
1319 2161 1360 2192 είς
1376 2159 1441 2186 Θεὸν
1462 2158 1611 2194 ὑμνῳδίαν.
1636 2156 1702 2183 Ἀλλ’
1718 2156 1825 2193 αἰσχρὸν

1039 2207 1108 2237 εἶναι
1128 2218 1187 2241 πως
1204 2208 1292 2235 ἐδόκει
1311 2208 1367 2239 τοῖς
1383 2205 1553 2241 ὰναμέλπειν
1572 2204 1713 2236 ἐθέλουσι,
1728 2202 1776 2230 καὶ
1794 2202 1825 2229 τὰ

1039 2255 1144 2291 συνήθη
1163 2254 1296 2290 πληροῦν,
1313 2254 1362 2289 τὴν
1377 2252 1448 2279 οὕτω
1461 2251 1590 2285 γλυκεῖαν
1609 2250 1678 2286 ἠχὴν
1699 2250 1756 2280 τοῖς
1773 2248 1824 2276 τῶν

1037 2301 1192 2336 ἀλλοφύλων
1206 2301 1272 2328 ὠσὶν
1283 2300 1384 2327 ἐνιέναι
1400 2298 1496 2333 φιλεῖν,
1511 2297 1600 2324 καὶτὸ
1615 2297 1707 2328 αὺτοῖς
1720 2295 1824 2331 ἥδιστόν

191 2360 290 2380 sonum
305 2352 522 2387 alienigenarum
542 2351 658 2379 auribus
674 2351 856 2384 committere,
874 2356 903 2379 et
919 2359 983 2379 sua-

1041 2357 1066 2375 τε
1084 2348 1131 2375 καὶ
1144 2347 1330 2383 λιγυρώτατον
1349 2345 1444 2382 μέλος,
1464 2344 1545 2371 οἱονεί
1563 2352 1621 2375 πως
1636 2343 1686 2379 Ιήδη
1716 2342 1764 2370 καὶ
1786 2343 1823 2373 sl,-

192 2398 335 2426 vissimum
350 2398 404 2426 sibi
417 2398 704 2434 jucundissimumque
721 2405 833 2425 carmen
849 2398 877 2424 in
891 2405 983 2425 aerem

193 2443 393 2479 quodammodo
412 2443 539 2477 fundere,
557 2443 748 2472 deridentibus
775 2443 914 2471 interdum
931 2443 985 2470 Ba-

191 2490 318 2526 byloniis,
332 2495 360 2518 et
370 2491 491 2526 graviter
505 2490 617 2518 omnino
631 2490 799 2518 musicorum
814 2490 983 2517 instrumen-

191 2541 281 2564 torum
295 2537 401 2564 cantica
417 2536 577 2564 ferentibus.
593 2537 686 2572 itaque
706 2536 854 2563 dicebant:
869 2545 877 2561 ι
896 2535 984 2571 Super

189 2582 301 2609 ﬁumina
322 2582 469 2617 Babylonis
490 2582 546 2610 illic
564 2583 686 2610 sedimus
713 2587 742 2609 et
761 2581 903 2613 ﬁevimus,
916 2581 982 2608 dum

188 2628 398 2656 rccordaremur
411 2628 463 2661 tui,
485 2628 550 2656 Sion
559 2629 595 2661 ³³;
610 2638 622 2654 ο
638 2629 666 2656 in
678 2636 732 2663 qua
744 2627 854 2656 civitate
866 2635 900 2655 ex
916 2627 982 2663 legis

189 2683 352 2710 morumque
380 2675 559 2703 Judaicorum
586 2674 749 2710 praescripto
773 2673 863 2702 laudis
893 2674 982 2702 hostia

188 2730 249 2749 mm
274 2721 432 2755 oﬁ‘crretur,
447 2721 549 2750 ﬁdibus
569 2729 602 2748 ac
626 2721 701 2748 tibiis
720 2721 912 2756 peragebatur,
926 2728 981 2755 quo

187 2769 215 2796 lJt
227 2769 234 2796 i
247 2769 377 2804 templum
390 2769 523 2797 adeuntes
536 2767 668 2795 suavitate
675 2768 828 2795 carminum
839 2766 980 2794 demulce-

1034 2396 1105 2431 ἀέρα
1124 2395 1240 2430 ῥίπτειν,
1257 2391 1496 2428 καταμειδιώντων
1521 2390 1577 2417 ἐσθ’
1598 2391 1642 2417 ὅτε
1665 2389 1720 2416 τῶν
1739 2388 1822 2416 Βαὸυ-

1034 2442 1138 2468 λωνίων
1151 2460 1158 2470 .
1175 2440 1223 2467 καὶ
1242 2439 1400 2475 ἀχθομένων
1416 2439 1455 2471 είς
1477 2439 1551 2466 ἅπαν
1569 2438 1629 2468 ταῖς
1646 2436 1680 2463 δι’
1703 2435 1822 2471 ὀργάνων

1033 2488 1125 2523 ᾠδαῖς.
1143 2486 1288 2522 Τοιγάρτοι
1303 2486 1351 2512 καὶ
1363 2485 1497 2520 ἔφασκον·
1518 2494 1527 2510 ι
1551 2483 1614 2511 Ἐπὶ
1627 2482 1682 2510 τῶν
1696 2482 1821 2517 ποταμῶν

1034 2533 1194 2565 Βαὸυλῶνος
1213 2533 1271 2560 ἐκεῖ
1287 2531 1455 2567 ἐκαθίσαμεν
1474 2531 1522 2558 καὶ
1540 2529 1724 2565 ἑκλαύσαμεν,
1744 2529 1772 2555 ὲν
1787 2529 1822 2564 τῷ

1035 2579 1188 2615 μνησθῆναι
1206 2579 1280 2614 ἡμᾶς
1294 2579 1343 2614 ἰῆς
1362 2578 1446 2605 Σιών·
1467 2586 1476 2603 ι
1498 2574 1557 2613 ὲνῇ
1574 2575 1646 2603 κατά
1665 2575 1765 2610 νόμους
1777 2575 1820 2602 καὶ

1033 2627 1082 2662 ἔθη
1096 2625 1132 2653 τὰ
1156 2625 1308 2656 Ἰουδαίων,
1334 2625 1351 2660 ἠ
1368 2624 1418 2659 τῆς
1438 2623 1567 2655 αἰνέσεως
1589 2621 1670 2649 θυσία
1693 2628 1819 2656 προσεκοσ

1034 2673 1128 2708 μίζετο
1153 2672 1262 2708 χορδαῖς
1293 2671 1340 2699 καὶ
1364 2671 1491 2706 ὀργάνοις
1515 2667 1750 2705 ἐκπεραινομένη,
1777 2667 1819 2694 καὶ

1031 2719 1222 2755 κατακηλοῦσα
1242 2719 1298 2750 τοῖς
1318 2717 1411 2752 μέλεσι
1431 2718 1495 2748 τοὺς
1517 2716 1556 2751 τῷ
1579 2715 1645 2751 θείῳ
1661 2714 1817 2750 προσιόντας

1031 2765 1097 2800 ναῷ.
1126 2764 1235 2800 Ἐπειδὴ
1255 2764 1283 2791 δὲ
1300 2762 1371 2800 ἦσαν
1393 2765 1422 2791 ὲν
1447 2763 1580 2799 ἀλλοτρίῳ
1604 2761 1679 2796 ζυγῷ
1701 2760 1816 2794 δουλείας

222 2859 245 2876 ⁸ο
259 2860 336 2889 Joan.
354 2871 393 2892 ιιι.
405 2863 448 2890 20.
489 2864 507 2879 ³¹
522 2862 606 2890 Exod.
625 2871 671 2890 xu.
688 2862 731 2890 55.
751 2862 795 2889 54.
836 2862 856 2877 θ’
871 2861 941 2888 Psal.
965 2868 989 2886 ι.)

1046 2881 1052 2893 ,
1065 2859 1090 2886 4.
1129 2859 1151 2876 ³³
1167 2858 1238 2886 Psal.
1252 2865 1360 2890 cxxxvr,
1377 2845 1402 2890 ί,
1417 2856 1445 2883 2.
