1924 3043
715 109 738 116 ιη

55 171 116 202 9.09

450 150 495 204 DE
513 175 734 205 ADORATIONE
753 177 787 205 IN
806 177 864 205 SP1]

920 176 941 205 U
961 177 1007 204 ET
1028 177 1210 205 VERITATE.
1228 177 1292 205 ΜΒ.
1314 178 1334 205 1.

1653 180 1713 208 210‘

58 230 296 266 κατεσφιγμένοι,
324 232 571 268 κατολοφυρόμενοι
598 233 736 268 λέγουσιν’
763 244 772 261 ι
806 235 864 262 Ἐπὶ

917 238 1024 261 rentur.
1042 233 1096 261 Sed
1111 241 1174 261 cum
1192 238 1285 262 essent
1298 237 1370 270 apud
1382 237 1491 262 exteras
1501 235 1627 264 nationes
1640 236 1705 273 jugo

58 280 124 310 ταῖς
139 278 229 310 ίτέαις
243 279 273 305 ὲν
292 278 371 315 μέσῳ
388 279 473 315 αὐτῆς
484 300 492 312 ,
508 281 701 316 ὲκρεμάσαμεν
717 281 750 308 τὰ
763 281 865 317 ὄργανα

59 325 146 360 ἡμῶν
156 332 165 339 ·
188 333 198 350 ν
212 324 244 350 τὸ
259 325 289 351 ὲν
302 325 384 360 ᾠδαῖς
401 325 562 361 ἀπρακτεῖν,
578 326 612 352 δι’
627 326 709 353 αὑτοῦ
723 327 754 362 δὴ
770 327 865 354 τούτου

61 371 339 406 κατασημαίνοντες.
354 372 498 406 Ἀκαρτιον
516 371 588 408 γὰρ,
606 373 705 408 μᾶλλον
721 373 750 399 δὲ
769 372 866 400 ὠλεσί-

61 425 178 452 καρπον
189 418 207 453 ἡ
222 417 281 444 ἰτέα
295 418 390 452 φυτὸν,
408 419 515 454 εἴρηται
529 418 584 455 γὰρ
597 419 646 446 ὡδὶ
661 419 735 456 παρά
751 419 797 446 τοῦ
812 419 866 447 τῶν

62 464 132 498 παρ’
147 463 268 498 Ἕλλησι
281 464 412 499 ποιητῶν.
433 465 568 491 Ἀνέκειτο
578 465 667 492 τοίνυν
679 466 720 498 είς
730 466 866 500 ἀπραξίαν

63 517 92 535 τε
115 509 170 535 καὶ
193 509 337 544 ἀκαρπίαν
353 510 387 536 τὰ
405 510 454 546 τῆς
470 510 543 546 ᾠδῆς
558 510 662 547 ὕργανα
672 519 679 527 ⁸
699 512 746 539 καὶ
761 512 811 548 τῆς
826 512 866 544 είς

64 554 147 581 τοῦτο
160 555 306 592 ῥᾳστώνης
318 556 368 592 τὴν
379 556 506 593 ἀφορμὴν
519 558 736 595 ἀντικεκραγότες
746 558 863 593 λέγουσι·

67 610 76 626 ι
91 600 161 632 Πῶς
175 600 288 637 ᾄσωμεν
299 602 349 638 τὴν
358 602 428 638 ᾠδὴν
443 603 547 639 Κυρίου
557 604 603 631 ἐπὶ
617 604 670 640 γῆς
679 604 839 640 ἀλλοτρίας;
852 615 861 632 ι

64 646 287 681 Διακομίσαντος
303 647 332 673 δὲ
349 648 441 680 αὐτοῖς
455 648 503 676 τοῦ
520 649 626 685 Βαροὺχ
648 649 711 682 τοὺς
731 650 864 686 Ἱερεμίου

64 691 179 726 λόγους,
200 693 330 721 Ἔκλαιον
346 694 457 727 πάντες,
475 696 554 731 φησι,
581 696 628 722 καὶ
644 697 788 732 ἐνήπευον
817 696 865 724 καὶ

63 738 187 774 ηὔχοντο
201 740 359 775 προσευχὴν
374 741 494 768 ἐναντίον
517 742 630 778 Κυρίουο
647 743 694 770 καὶ
712 744 865 778 συνήγαγον

64 784 222 820 ἀργύριον,
249 786 320 813 καθὰ
340 786 456 814 ἑκάστου
481 788 591 815 ἐδύνατο
618 789 725 825 ήχεὶρ·
744 791 791 816 καὶ
812 791 865 818 ἁπ-

65 829 196 856 έπειλαν
205 830 246 861 εἰς
260 830 516 868 Ἰερουσαλὴμπρὺς
532 833 659 870 Ἰωακεὶμ
668 835 727 861 υἱὸν
736 835 863 867 Χελκίου,

66 874 126 901 ubi
140 875 246 911 Σαλὼμ
258 876 306 903 τὸν
317 877 402 912 ιερέα,
417 879 464 905 καὶ
477 879 546 914 πρὸς
559 880 622 912 τοὺς
637 881 720 917 ἱερεῖς
734 882 781 908 καὶ
795 881 864 918 πρὸς

917 280 1060 308 servitutis
1068 280 1204 313 obstricti,
1215 281 1424 316 ingemiscentes
1434 280 1563 310 dicebant
1575 291 1581 309 :
1597 292 1606 308 ι
1617 282 1647 310 in
1659 291 1704 310 sa—

916 326 1016 354 licibus
1027 326 1055 354 iu
1068 327 1159 354 medio
1175 327 1234 362 ejus
1249 328 1442 362 suspendimus
1456 336 1556 364 organa
1570 333 1677 363 nostra;
1693 340 1701 355 ›

916 372 1002 408 ipsam
1025 381 1040 401 a
1063 372 1233 400 carminibus
1253 367 1432 401 cessationem
1453 374 1505 402 hoc
1525 375 1584 410 ipso
1599 376 1704 411 signiﬁ-

916 423 1028 452 cantes;
1044 418 1203 454 infrugil‘era
1217 423 1259 447 est
1272 419 1345 447 enim
1361 420 1454 455 stirps,
1469 420 1523 447 imo
1535 420 1703 456 frugiperda.

916 469 953 492 ut
963 465 1061 492 melius
1079 465 1180 498 dicam,
1197 465 1282 492 salix:
1304 466 1345 493 sic
1359 466 1433 493 enirn
1446 474 1461 493 a
1478 466 1572 494 Graeco
1587 467 1705 502 quodam

902 516 995 546 ‘poeta
1014 511 1047 544 ",
1074 511 1279 547 ὠλεσίκαρπος,
1296 511 1369 539 dicta
1392 516 1442 539 est.
1460 512 1501 540 Ad
1525 513 1704 547 cessationem

916 557 1001 592 igitur
1013 562 1042 585 et
1053 557 1226 585 sterilitatem
1239 566 1358 593 appensa
1366 563 1445 585 erant
1455 558 1636 586 instrumenta
1646 567 1706 586 mu-

915 603 988 637 sica;
1003 611 1169 639 causamque
1185 604 1349 632 cessationis
1368 604 1451 640 hujus
1470 604 1648 633 iuclamantes
1665 605 1706 632 di-

915 655 998 678 cunt:
1015 661 1024 677 ‹
1043 651 1185 684 Quomodo
1208 651 1380 679 cantabimus
1401 651 1537 678 canticum
1554 651 1662 679 Domini
1678 652 1705 679 in

916 701 988 724 terra
1012 698 1102 726 aliena
1113 698 1157 724 "‘2
1173 697 1225 725 Sed
1251 706 1314 725 eum
1333 697 1471 725 attulisset
1483 697 1517 724 ad
1537 706 1584 725 cos
1599 698 1705 725 Baruch

914 743 1040 770 Jerculiae
1052 744 1135 771 verba
1152 753 1157 770 :
1173 754 1182 770 ‹
1192 744 1306 771 Flebant
1321 751 1426 776 omnes,
1447 754 1454 768 ι
1467 744 1565 779 inquit,
1581 753 1588 768 ι
1603 744 1707 779 etjeju-

915 789 1017 817 nabant
1033 794 1062 817 et
1074 790 1190 818 orabant
1204 790 1231 817 in
1247 794 1394 825 conspectu
1409 790 1535 822 Domini;
1550 795 1578 816 et
1591 797 1706 825 congre-

915 840 1047 871 gaverant
1055 841 1210 872 argentum,
1220 837 1371 864 secundum
1385 836 1458 871 quod
1474 837 1563 871 potuit
1575 837 1710 864 uniuscu—

913 883 1012 918 jusque
1022 890 1129 916 manus,
1144 887 1172 910 et
1192 885 1326 911 miserunt
1343 884 1370 910 in
1385 884 1536 911 Jerusalem
1555 884 1588 911 ad
1604 884 1707 911 Joacim

68 920 162 948 πάντα
175 921 222 948 τὸν
237 922 302 949 λαὸν
315 923 361 949 τὸν
378 924 526 959 εὑρεθέντα
543 926 601 960 μετ’
613 926 696 953 αὑτοῦ
716 927 745 952 ὲν
768 928 864 963 Ἰερου-

918 927 1003 954 ﬁlium
1014 928 1123 961 Helene,
1132 929 1277 956 [iliiSalom
1287 929 1466 962 sacerdotem,
1474 934 1502 956 et
1511 929 1545 956 ad
1555 929 1610 965 [‘8
1619 938 1708 957 saecr-

68 967 174 1003 σαλήμ.
190 978 201 994 ι
227 969 283 996 Καὶ
295 970 355 1005 μεθ’
377 970 473 1006 ἕτερα·
505 981 514 997 ι
533 972 587 998 Καὶ
607 971 698 999 εἶπον·
726 971 789 999 Ἰδοὺ
811 974 865 999 ὰπ-

67 1015 234 1051 εστείλαμεν
246 1017 315 1052 πρὸς
327 1017 399 1052 ὑμᾶς
410 1018 550 1054 ἀργύριον,
566 1019 717 1054 ἀγοράσατε
726 1019 772 1045 τοῦ
782 1020 866 1053 ἀργυ-

69 1060 128 1095 ρίου
144 1060 362 1097 ὁλοκαυτώματα
376 1062 422 1088 καὶ
437 1063 501 1098 περὶ
515 1063 651 1098 ἁμαρτίας
661 1082 668 1094 ,
686 1063 734 1089 καὶ
747 1063 864 1095 λίϐανον,

67 1107 114 1133 καὶ
129 1107 269 1142 ποιήσατε
287 1108 387 1143 μάννα,
404 1109 450 1135 καὶ
467 1109 592 1136 ἀνοίσατε
613 1110 660 1136 ἐπὶ
673 1109 866 1145 θυσιαστήριον

66 1153 177 1189 Κυρίου
193 1153 242 1180 τοῦ
262 1154 330 1180 Θεοῦ
346 1155 435 1190 ἡμῶν.
457 1164 466 1180 ι
484 1155 603 1190 Πρέπειν
621 1155 676 1190 γὰρ
690 1155 773 1191 ᾤοντο
790 1156 865 1190 σφίσι

66 1200 134 1234 μὲν,
154 1200 218 1235 οὐχὶ
242 1200 318 1228 θύειν
341 1201 392 1233 ἔτι,
416 1201 467 1237 γῆς
489 1203 538 1237 μὲν
560 1202 640 1236 ἁγίας
659 1202 864 1238 ὲξῳκισμένοις,

65 1246 225 1281 πράττουσι
237 1246 266 1273 δὲ
278 1247 347 1279 τέως
360 1248 412 1274 ὑπὸ
424 1247 483 1283 Θεῷ
499 1248 548 1283 μὲν
560 1249 661 1280 οὐκέτι,
679 1249 866 1284 κατεζευγμέ-

67 1301 125 1325 νοις
138 1293 169 1320 δὲ
187 1294 283 1329 ὥσπερ
299 1294 386 1330 ἑτέρῳ
401 1295 447 1321 καὶ
462 1295 514 1322 ὑπὸ
531 1296 611 1331 χεῖρα
625 1295 738 1322 πεσοῦσι
754 1295 804 1331 τὴν
820 1305 865 1322 τυ-

68 1340 220 1375 ραννικὴν,
235 1341 293 1372 τοῖς
308 1349 339 1375 γε
357 1341 410 1376 μὴν
429 1340 468 1368 ἐτι
485 1341 534 1376 τὴν
550 1342 631 1376 ἁγίαν
651 1342 754 1368 οἰκοῦσι
776 1342 864 1374 πόλιν,

67 1386 245 1421 λειτουργίας
260 1395 290 1413 τε
309 1387 358 1422 τῆς
374 1388 448 1423 ἱερεῖς
463 1387 576 1422 λαχοῦσι
594 1389 643 1423 τὴν
657 1388 749 1421 δόξαν,
765 1389 864 1416 ἀπονέ-

69 1441 152 1467 μουσι
166 1433 220 1468 τὴν
231 1434 370 1469 λατρείαν,
384 1434 456 1470 ὀρθῷ
470 1434 570 1470 δηλαδὴ
585 1435 719 1470 χρώμενοι
730 1435 862 1471 λογισμῷ,

67 1478 138 1513 πρὸς
152 1478 205 1514 τὴν
218 1478 267 1505 τοῦ
285 1479 434 1514 πρέποντάς
453 1489 483 1506 τε
500 1481 546 1507 καὶ
566 1481 715 1515 ἀναγκαίου
731 1481 865 1508 κατάσκε-

67 1524 124 1557 ψιν.
145 1525 204 1551 Καὶ
222 1525 305 1557 αὐτὸς
321 1525 349 1552 δὲ
368 1527 432 1561 ἡμῖν
444 1527 459 1553 ὁ
474 1526 626 1560 σοφώτατος
644 1526 759 1562 Δανιὴλ,
784 1527 865 1562 ἱερῶν

71 1571 119 1604 μὲν
139 1571 231 1606 εἴχετο
251 1571 479 1607 σπουδασμάτων,
494 1572 562 1608 ὁμοῦ
579 1572 607 1599 δὲ
627 1573 674 1599 καὶ
694 1574 749 1604 τοῖς
774 1573 863 1605 ἄλλοις

69 1617 250 1651 αἰχμάλωτος
279 1617 334 1651 ὢν,
372 1618 403 1644 τὸ
434 1618 483 1654 τῆς
512 1619 635 1655 ἀνάγκης
671 1618 865 1654 κατεσοφίζετο

70 1662 178 1697 χρῆμα.
200 1661 258 1689 Καὶ
271 1661 331 1689 τίνα
343 1663 452 1698 τρόπον,
467 1663 531 1698 ὲρῶ·
546 1663 716 1699 προσηύχετο
728 1663 782 1699 γὰρ
791 1665 866 1700 τρεῖς

69 1709 118 1742 τῆς
142 1707 256 1744 ἡμέρας
272 1709 393 1744 καιρούς.
417 1707 566 1745 Ἀλλ“ἦσαν
583 1709 656 1744 αὑτῷ
673 1709 820 1744 βλέπουσαί
836 1718 866 1735 τε

69 1755 117 1781 καὶ
133 1755 311 1791 ἠνεῳγμέναι
327 1755 394 1789 πρὸς
406 1755 455 1791 τὴν
479 1753 656 1791 Ἰερουσαλὴμ
671 1755 699 1781 αἱ
715 1754 821 1791 θυρίδες
838 1755 866 1782 ἐν

69 1803 126 1834 τοῖς
153 1801 303 1837 ὑπερῴοις.
333 1802 489 1837 Γέγραπται
512 1801 566 1837 γὰρ
584 1802 641 1828 ὡδί.
663 1802 867 1838 Εὺπρόσδεκτον

71 1849 125 1884 γὰρ
145 1848 208 1875 τότε
230 1848 308 1883 μόλις
331 1847 438 1874 ἔσεσθαι
459 1848 534 1884 παρά
554 1847 614 1883 Θεῷ
638 1848 687 1883 τὴν
713 1847 780 1875 ἰδίαν
798 1846 866 1883 ᾤετο

72 1895 246 1931 προσευχὴν,
270 1895 295 1921 εἰ
312 1895 363 1930 γῆς
379 1894 521 1930 ἀλλοτρίας
545 1895 592 1921 καὶ
611 1894 801 1930 μεμισημένης
812 1915 819 1926 ,
841 1895 866 1920 εἰ

74 1941 110 1977 μὴ
125 1941 210 1977 σαρκὶ
225 1941 335 1968 δύναιτο
347 1940 437 1976 τυχὸν,
450 1940 501 1968 κᾶν
516 1940 581 1975 γοῦν
594 1941 709 1972 ὲννοίαις
721 1940 866 1975 ἀπονοσφί-

74 1989 161 2021 ζοιτο,
181 1988 229 2015 καὶ
254 1989 311 2019 τοῖς
328 1988 377 2023 τῆς
399 1987 518 2019 διανοίας
534 1987 650 2023 ὄμμασι,
673 1987 741 2023 πρὸς
757 1987 807 2024 τὴν
828 1987 866 2024 τῷ

73 2035 130 2071 Θεῷ
144 2034 309 2070 φιλαιτάτην
320 2035 429 2070 ἀφορῶν
437 2034 499 2069 γῆν,
515 2035 555 2066 εἰς
570 2034 650 2061 αὑτὸν
664 2034 692 2060 δὲ
703 2033 797 2069 ὥσπερ
809 2034 865 2060 εἰσ-

75 2084 180 2118 φρήσας
196 2082 244 2109 τὸν
265 2081 345 2117 νεὼν,
367 2082 416 2118 τὴν
433 2082 503 2118 ὑπὲρ
519 2078 556 2110 ὧν
574 2082 606 2109 ἂν
622 2082 716 2109 ’ἕλοιτο
733 2081 866 2118 προσάγοι

76 2129 158 2163 λιτήν.

110 2219 212 2246 ΠΔΛΔ.
224 2215 263 2245 Εὖ
276 2226 309 2253 γε
322 2217 361 2250 ὡς
374 2216 483 2253 ἀληθῶς
491 2218 506 2244 ὁ
517 2216 626 2253 σύμπας
637 2217 701 2252 ἡμῖν
713 2215 866 2253 διήρτηται

80 2263 159 2298 λόγος.

112 2323 132 2341 ³⁸
145 2324 268 2358 llomer.,
285 2322 411 2360 Odyser
459 2323 480 2340 ³⁸
498 2323 567 2352 Psal.
579 2330 684 2356 exuri,
697 2322 724 2350 4.
762 2322 864 2350 ³⁶ΒίιιΊι

926 2322 1013 2355 ι,5-7.
1051 2321 1164 2355 "lbid.,
1184 2322 1224 2350 10.

917 973 1005 1006 dotes,
1023 978 1051 1001 et
1067 975 1100 1002 ad
1112 983 1221 1002 omnem
1239 976 1369 1010 populum
1385 976 1432 1010 qui
1453 977 1581 1003 inventus
1592 981 1707 1003 estcum

917 1028 950 1047 co
964 1020 992 1047 in
1011 1021 1160 1048 Jerusalem
1180 1022 1212 1048 ³⁵.
1225 1032 1234 1047 ι
1251 1022 1284 1049 Ει
1299 1025 1360 1057 post
1373 1018 1458 1057 pauca
1472 1031 1478 1048 :
1495 1032 1502 1046 ι
1519 1022 1553 1049 Et
1567 1022 1706 1053 dixerunt.

916 1065 987 1093 Ecce
1013 1066 1139 1094 misimus
1167 1067 1200 1094 ad
1229 1075 1277 1094 vos
1301 1072 1464 1103 argentum;
1485 1068 1568 1094 emite
1595 1072 1709 1103 argento

917 1112 1086 1145 holocausta,
1101 1117 1129 1140 et
1149 1121 1200 1148 pro
1216 1117 1340 1148 peccato,
1362 1118 1390 1140 et
1403 1114 1560 1146 incensum,
1577 1118 1605 1141 et
1628 1113 1708 1141 facite

896 1171 899 1174 -
916 1165 1024 1190 manna,
1039 1162 1067 1185 et
1082 1158 1180 1186 oll‘erte
1201 1159 1235 1186 ad
1251 1167 1326 1186 aram
1344 1159 1452 1186 Domini
1476 1159 1524 1187 Dei
1546 1159 1632 1186 nostri
1648 1160 1680 1186 ³⁷.
1696 1169 1704 1185 ι

916 1204 1017 1231 Decere
1030 1204 1103 1232 enim
1115 1205 1331 1237 arbitrabantur,
1353 1210 1382 1232 ut
1399 1205 1450 1240 ipsi
1465 1205 1575 1240 quidem
1591 1214 1605 1232 a
1621 1206 1707 1232 sacri-

917 1248 985 1276 ﬁciis
1002 1249 1111 1277 interim
1129 1250 1308 1283 abstinerent,
1319 1258 1381 1277 cum
1392 1250 1487 1285 procul
1501 1257 1516 1276 a
1531 1254 1602 1276 terra
1614 1253 1707 1276 sancta

915 1299 1102 1328 versarentur,
1117 1303 1206 1330 neque
1228 1296 1318 1323 adhuc
1344 1296 1396 1323 sub
1419 1295 1467 1323 Dei
1494 1296 1610 1330 imperio
1626 1295 1708 1330 dege-

916 1344 987 1372 rent,
1002 1341 1050 1368 sed
1063 1341 1141 1368 alteri
1159 1341 1271 1368 domino
1284 1341 1403 1376 subjecti
1418 1346 1521 1374 essent,
1539 1344 1566 1368 et
1579 1341 1606 1368 in
1625 1341 1707 1368 ditio-

917 1394 979 1414 nem
991 1387 1159 1422 tyrannicam
1174 1388 1333 1421 venissent;
1349 1388 1382 1414 iis
1398 1392 1489 1415 autem
1503 1388 1550 1422 qui
1570 1387 1596 1414 in
1615 1391 1708 1415 sancta

916 1433 1028 1460 civitate
1054 1432 1146 1459 adhuc
1171 1433 1342 1465 habitabant,
1372 1440 1570 1467 sacrorumque
1589 1432 1708 1459 admini—

916 1478 1089 1506 strandorum
1107 1478 1254 1514 gloriosum
1274 1478 1392 1506 cilicium
1411 1478 1501 1506 sortiti
1516 1483 1607 1511 erant,
1624 1478 1710 1506 divini

916 1525 1008 1552 cultus
1028 1529 1120 1560 partes
1136 1524 1319 1558 demandant;
1337 1525 1364 1551 in
1381 1533 1435 1560 quo
1451 1525 1558 1552 scilicet
1576 1525 1643 1560 quid
1660 1525 1709 1552 de-

916 1575 1001 1603 ceret,
1015 1571 1116 1606 quidve
1130 1578 1242 1598 necesse
1256 1575 1338 1603 esset,
1351 1571 1453 1606 optima
1464 1570 1571 1598 ratione
1585 1570 1711 1598 conside-

916 1621 1056 1644 raverunt.
1078 1616 1137 1651 Ipse
1158 1616 1203 1643 ille
1228 1624 1337 1651 quoque
1366 1616 1585 1651 sapientissimus
1615 1615 1708 1642 Daniel

916 1662 1001 1690 sacris
1018 1662 1130 1697 quidem
1149 1662 1249 1689 studiis
1263 1662 1378 1690 vacabat
1389 1662 1412 1677 ³³
1426 1671 1431 1688 :
1446 1670 1563 1697 cumque
1580 1669 1633 1689 uua
1647 1669 1709 1688 cum

916 1707 978 1736 aliis
999 1708 1124 1743 captivus
1141 1712 1224 1740 esset,
1244 1708 1304 1744 ipso
1317 1715 1427 1743 quoque
1449 1708 1622 1735 necessitatis
1637 1707 1709 1735 malo

917 1754 1056 1788 sapienter
1071 1754 1174 1781 abusus
1186 1759 1238 1781 est.
1252 1754 1345 1781 Dicam
1360 1754 1499 1788 quomodo
1512 1763 1518 1780 :
1536 1754 1624 1781 tribus
1633 1758 1709 1780 nam-

917 1807 971 1835 que
989 1800 1159 1835 temporibus
1173 1808 1222 1834 per
1236 1799 1295 1827 dies
1309 1800 1432 1834 singulos
1451 1798 1565 1832 orabat;
1589 1799 1709 1826 habebat

918 1849 1009 1873 autem
1036 1845 1064 1872 in
1086 1845 1187 1872 solario
1201 1845 1336 1872 fenestras
1358 1852 1419 1879 qum
1440 1844 1592 1872 Jerusalem
1613 1853 1708 1871 versu:

918 1891 1087 1927 spectabant,
1100 1896 1181 1926 atque
1201 1891 1331 1926 patebant
1346 1900 1352 1918 ε
1370 1891 1410 1919 sic
1422 1891 1496 1919 enim
1511 1895 1553 1919 est
1563 1892 1708 1927 scriptum.

919 1938 1077 1966 Orationem
1098 1946 1216 1973 namque
1230 1946 1307 1965 suam
1322 1942 1379 1965 tum
1393 1939 1449 1966 Deo
1463 1941 1568 1973 gratam
1585 1938 1641 1966 fore
1657 1947 1707 1975 pu-

920 1984 1005 2018 tabat,
1022 1992 1085 2012 cum
1100 1985 1141 2012 sin
1159 1984 1251 2013 minus
1265 1993 1380 2019 corpore
1390 1989 1491 2020 posset,
1507 1985 1599 2012 animo
1611 1985 1708 2012 saltem

917 2039 932 2058 a
947 2035 1020 2058 terra
1033 2035 1125 2058 extera
1146 2034 1227 2066 atque
1242 2031 1336 2058 odiosa
1355 2031 1555 2066 sejungeretur,
1566 2034 1594 2058 ct
1609 2032 1709 2058 mentis

917 2077 1005 2104 oculis
1019 2077 1046 2104 in
1064 2081 1165 2104 terram
1182 2077 1238 2104 Deo
1258 2077 1443 2112 gratissimam
1461 2081 1614 2112 spectaret;
1632 2082 1660 2104 ct
1681 2077 1710 2104 in

918 2123 1008 2158 ipsum
1029 2123 1106 2150 velut
1130 2122 1220 2150 illatus
1242 2122 1393 2158 templum,
1409 2130 1505 2158 preces
1529 2130 1578 2157 pro
1608 2122 1710 2157 quibus

883 2180 889 2185 ο
919 2169 1010 2201 vellet,
1022 2168 1143 2199 oll‘erret.

956 2214 1054 2242 PALL.
1072 2214 1260 2242 Pulcherrima
1275 2219 1350 2242 certe
1371 2219 1427 2242 tota
1448 2220 1490 2243 est
1502 2224 1517 2243 a
1532 2216 1612 2244 nobis
1627 2216 1707 2244 abso-

922 2261 978 2288 luta
994 2260 1151 2296 disputatio.

1281 2323 1302 2339 ³⁸
1315 2323 1409 2351 Daniel
1436 2331 1472 2356 vr,
1490 2323 1530 2350 l0.
