1924 3043
713 67 762 76 ,.,,..

56 139 115 169 ΞΙΞ

96 201 210 229 ΠΑΛΔ.
225 200 295 228 Τίνα
309 199 411 238 τρόπον
421 209 429 235 ;

447 139 492 168 nr:
509 140 730 169 ADORATIONE
749 141 783 169 1N
803 141 939 170 SPIRITU
959 141 1004 169 ET
1024 142 1209 170 VERITATE.
1229 143 1294 171 LIB.
1316 137 1348 171 il.‘

879 206 902 234 Α
951 201 1048 230 PALL.
1063 202 1187 235 Quonam
1200 203 1302 231 modo?

1651 145 1715 173 2M»

97 245 184 272 ΚΥΡ.
199 246 306 281 Μωσῆς
324 246 375 281 μὲν
387 246 443 281 γὰρ
463 245 478 272 6
494 245 637 279 θεσπέσιος
653 249 788 283 σαρκικῆς
803 247 865 274 δου-

59 291 140 322 λείας
160 290 310 325 ὲξεκόμιζε
329 291 376 317 τὸν
404 290 512 326 Ἰσραὴλ
531 292 579 318 καὶ
600 292 656 318 τῶν
670 292 711 324 είς
727 291 866 319 πλινθείαν

62 336 195 372 ἑξῃρείτο
205 337 308 370 πόνων,
322 336 411 372 ἔργων
425 345 454 364 τε
467 337 522 364 τῶν
533 337 598 373 περὶ
609 338 671 374 γῆν,
689 339 737 366 καὶ
750 339 865 374 μεταίχ-

63 392 127 420 μιον
143 384 245 420 ὥσπερ
265 393 293 411 τι
314 384 439 419 κείμενος
455 384 524 411 Θεοῦ
547 384 594 412 καὶ
609 385 778 421 ἀνθρώπων,
802 387 865 418 τοὺς

60 429 171 457 ἄνωθεν
189 431 267 465 σφίσι
287 430 426 466 διεκόμιζε
444 430 550 465 λόγους.
571 431 603 458 '0
619 432 647 459 δὲ
664 432 766 470 Κύριος
786 433 865 469 ἡμῶν

66 477 180 511 Ἰησοῦς
194 478 209 504 6
226 476 354 512 Χριστὸς,
369 478 403 504 τὰ
417 477 455 509 ὡς
469 478 498 504 ἐν
510 478 589 514 τύπῳ
602 480 649 506 καὶ
665 481 754 511 σκιαῖς
780 488 864 515 μετα-

59 523 213 558 χαράττων
229 525 270 556 εἰς
289 523 434 560 ἀλήθειαν,
457 524 580 557 δουλείας
601 526 676 561 ἡμᾶς
693 526 797 558 ὲξέλκει
815 527 865 561 τῆς

60 569 184 604 νοητῆς,
202 569 255 605 τὴν
285 570 334 605 μὲν
359 571 443 598 πάλαι
465 572 526 599 καθ’
554 572 632 607 ἡμῶν
658 574 866 608 τυραννήσασαν

61 616 208 652 ἁμαρτίαν
235 617 354 650 ἐξιστὰς,
377 619 532 646 κατασείων
557 619 587 647 δὲ
611 619 658 647 τοῦ
685 620 808 648 διαϐόλου
835 622 866 649 τδ

59 663 183 698 κράτος,
201 664 250 690 καὶ
271 665 445 700 φρονήματος
461 665 510 701 μὲν
529 666 651 700 ἐπιγείου
669 667 782 695 καὶτῶν
802 668 866 705 περὶ

61 710 158 746 σάρκα
191 711 408 747 σπουδασμάτων
437 712 588 749 ἀποφοιτᾷν
615 714 770 742 ἀναπείθων
803 715 865 748 τοὺς

59 755 183 782 ἕπεσθαι
201 756 256 782 δεῖν
267 757 407 792 οίομένους
419 758 504 794 αὐτῷ,
521 759 719 794 μεταπλάττων
730 760 758 788 δὲ
770 761 865 798 ὥσπερ

61 803 103 834 εἰς
115 802 216 836 ἔφεσιν
231 803 341 839 ἀρετῆς,
356 804 537 840 ἀριδηλότατά
548 814 578 832 τε
592 807 658 841 ἡμῖν
674 807 724 842 τὴν
736 807 784 834 τοῦ
797 808 864 835 Θεοῦ

63 847 110 873 καὶ
143 847 256 883 Ila-:96;
285 848 465 883 ἀπαγγέλλων
495 849 623 886 θέλησιν·
649 851 788 888 τοιγάρτοι
817 853 865 880 καὶ

952 247 1031 275 CYR.
1046 248 1151 284 Moyses
1171 249 1255 281 enim,
1279 250 1324 277 ille
1339 250 1382 277 vir
1399 258 1464 278 sane
1484 250 1670 286 admirandus,
1692 262 1708 280 ιι

917 294 1022 322 carnali
1037 294 1171 322 servitute
1185 295 1289 330 eripuit
1303 295 1481 325 lsraeliticum
1498 297 1640 332 populum;
1652 303 1680 326 et
1693 307 1719 326 τι.

917 341 1059 369 laboribus
1071 340 1275 376 coquendoruni
1293 342 1418 376 laterum,
1433 343 1467 370 ab
1481 344 1611 379 operibus
1624 345 1707 372 etiam

918 388 947 414 in
967 391 1039 415 terra
1051 388 1225 415 exstruendis
1241 388 1358 422 exemit;
1371 397 1402 416 ac
1419 389 1504 417 veluti
1524 390 1632 418 medius
1647 391 1709 426 qui—

918 433 981 461 dam
999 433 1079 461 limes
1099 434 1171 461 inter
1194 434 1280 462 Deum
1292 439 1321 462 ct
1340 430 1466 463 homines
1484 435 1659 472 interjectus,
1673 437 1707 465 ad

918 479 981 506 illos
995 479 1105 507 coalitus
1120 479 1263 507 exauditas
1279 487 1360 508 voces
1383 480 1555 516 perferebat:
1575 482 1717 511 Dominus,

918 533 984 553 vero
1008 530 1102 553 noster
1128 526 1207 554 Jesus
1233 526 1369 558 Christus,
1388 533 1420 554 ea
1444 534 1505 562 quae
1526 527 1553 554 in
1576 527 1662 563 figura
1680 533 1708 556 et

919 571 1025 599 umbris
1038 571 1139 600 tradita
1156 571 1275 604 fuerant,
1291 572 1325 600 ad
1337 572 1479 599 veritatem
1498 573 1674 606 transferens,
1692 582 1707 601 a

918 618 1054 653 spirituali
1069 618 1200 646 servitute
1216 626 1267 646 nos
1282 618 1410 651 extrahit,
1427 618 1455 645 in
1472 626 1505 645 eo
1521 618 1594 654 quod
1610 627 1708 654 pecca-

919 668 987 697 tum,
1005 664 1078 699 quod
1102 664 1151 692 diu
1172 664 1252 692 nobis
1273 663 1445 692 dominatum
1470 664 1569 697 fuerat,
1583 665 1708 700 expellit,

919 710 1078 747 diabolique
1093 711 1240 746 imperium
1262 711 1378 744 evertit;
1398 715 1427 738 et
1446 714 1596 739 sectatores
1613 719 1677 740 suos
1693 720 1709 739 a

919 762 1028 784 terreno
1043 765 1136 790 sensu,
1150 765 1298 793 rerumque
1313 758 1466 785 carnalium
1477 757 1568 785 studio
1584 757 1709 793 refugere

919 803 1033 837 suadet;
1045 811 1147 839 eosque
1166 804 1368 839 quodammodo
1386 804 1517 831 reformat
1533 804 1567 831 ad
1586 803 1708 831 studium

918 848 1039 882 virtutis,
1055 849 1283 884 apertissimeque
1302 849 1382 877 nobis
1398 849 1446 876 Dei
1464 857 1496 876 ac
1508 849 1597 876 Patris
1609 849 1708 877 volun-

63 894 188 928 ἔφασκεν
198 903 206 910 ι
216 901 235 920 ‘I
259 894 300 921 Τὰ
314 895 425 931 ῥήματα
439 895 457 923 ἃ
472 896 528 930 ὲγὼ
540 896 627 930 λαλῶ,
644 897 694 925 οὐκ
710 898 783 925 ἐστιν
797 899 863 934 ὲμὰ,

919 897 998 922 tatem
1016 894 1178 927 annuntiat;
1202 894 1320 929 ideoque
1332 894 1401 923 dixit
1426 903 1432 920 :
1451 903 1460 920 (
1478 894 1566 922 Verba
1582 902 1644 929 qua:
1658 902 1722 930 ego.

64 940 133 967 ἀλλὰ
148 940 196 967 τοῦ
208 941 367 976 πέμψαντός
381 950 425 977 με.
441 951 451 968 ι
463 942 519 970 Καὶ
530 942 611 970 πάλιν
622 952 630 959 ·
645 952 656 970 ‹
675 944 735 971 Ἀπ’
746 945 863 981 ἐμαυτοῦ

63 987 93 1013 οὗ
114 987 203 1018 λαλῶ,
220 988 278 1014 ἀλλ’
296 987 311 1014 6
331 987 442 1024 πέμψας
462 997 495 1024 με
512 989 616 1025 Πατὴρ,
632 990 714 1023 αὐτός
727 1000 771 1027 μοι
788 992 864 1018 ἐντο-

64 1033 114 1068 λὴν
129 1033 234 1060 δέδωκε
245 1053 252 1064 ,
267 1033 294 1060 τί
307 1034 387 1067 εἴπω,
403 1035 450 1061 καὶ¹
471 1035 499 1062 τί
515 1036 634 1072 λαλήσω.
661 1046 670 1063 ι
696 1037 750 1064 Καὶ
769 1037 835 1072 γοῦν
851 1039 866 1065 6

64 1080 171 1114 Μωσῆς
183 1080 278 1106 εἰκόνα
297 1080 344 1107 καὶ
361 1081 537 1108 ἀνατύπωσιν
553 1082 605 1117 τῆς
617 1083 647 1109 ὲν
663 1083 773 1118 Χριστῷ
788 1093 865 1119 μεσι-

64 1125 153 1158 τείας,
167 1126 202 1152 τὰ
214 1126 276 1153 καθ’
287 1127 383 1154 ἑαυτὸν
393 1128 521 1161 ἐποιεῖτο,
534 1128 621 1163 λέγων
633 1130 689 1159 τοϊς
697 1130 727 1163 ἐξ
745 1130 863 1166 Ἰσραήλ’

69 1182 77 1198 ι
101 1173 255 1208 Προφήτην
271 1174 304 1200 ὲκ
325 1173 379 1200 τῶν
395 1174 517 1209 ἀδελφῶν
536 1183 584 1202 σου
598 1176 745 1212 ἀναστήσει
766 1185 806 1204 σοι
827 1177 866 1209 ὼς

67 1218 126 1253 ἐμὲ,
139 1218 246 1254 Κύριος
256 1220 270 1246 6
279 1218 345 1251 Θεός
359 1227 416 1246 σου.
428 1219 516 1246 Αὐτοῦ
530 1220 679 1247 ἀκούσεσθε
695 1221 766 1248 κατὰ
776 1221 866 1249 πάντα

65 1264 114 1290 ὅσα
129 1265 226 1300 ᾐτήσω
244 1265 320 1300 παρὰ
335 1265 438 1301 Κυρίου
454 1266 502 1292 τοῦ
517 1265 584 1293 Θεοῦ
599 1275 644 1293 σου
659 1267 688 1294 ὲν
701 1267 816 1304 Χωρὴε,
831 1269 863 1304 τῇ

66 1311 158 1346 ἡμέρᾳ
170 1310 222 1346 τῆς
234 1311 394 1347 ἐκκλησίας.
413 1321 422 1338 ι
446 1312 491 1339 Ἑν
505 1313 582 1348 τύπῳ
597 1313 647 1348 μὲν
658 1311 704 1340 οὖν
722 1314 768 1341 καὶ
781 1314 868 1342 εἰκόνι

66 1355 100 1382 τὰ
114 1356 160 1383 διὰ
171 1356 305 1388 Μωσέως,
318 1358 365 1384 καὶ
377 1357 428 1392 τῆς
440 1358 500 1385 κατ’
511 1358 592 1385 αὐτὸν
607 1358 770 1395 μεσιτείαςή
786 1359 864 1387 δύνα-

69 1411 128 1437 μις·
153 1403 377 1439 ὰπρῤητότερος
398 1403 427 1430 δὲ
443 1404 494 1440 τῆς
518 1404 547 1431 ὲν
565 1404 676 1441 Χριστῷ
694 1406 833 1441 μεσιτείας
850 1407 865 1434 6

68 1449 179 1484 τρόπος.
201 1450 229 1476 '0
245 1450 294 1485 μὲν
313 1450 368 1486 γὰρ
385 1450 468 1486 νόμον
483 1451 530 1477 καὶ
545 1452 624 1483 σκιᾶς
637 1451 759 1485 διάκονος
771 1450 805 1488 ἦν
818 1454 866 1480 καὶ

69 1495 262 1529 παιδαγωγίας
286 1496 337 1531 τῆς
360 1495 462 1524 ἀνωθεν
481 1496 676 1533 διακομιστής⁹
699 1498 817 1534 Χριστὸς
836 1499 866 1526 δὲ

71 1541 106 1572 ὡς
122 1541 207 1576 νόμου
226 1542 273 1568 καὶ
286 1542 434 1578 προφητῶν
445 1542 588 1578 δεσπότης,
603 1544 638 1571 τὰ
650 1543 725 1580 αὐτῷ
736 1544 865 1574 δοκοῦντα

72 1586 241 1622 θεσμοθετεῖ,
254 1588 302 1614 καὶ
318 1587 430 1623 μεσίτης
444 1586 492 1623 ἦν,
508 1588 673 1625 συνθεούσης
687 1590 716 1617 ἐν
735 1590 808 1626 αὐτῷ
819 1590 866 1618 καὶ

73 1634 110 1664 είς
125 1632 153 1660 ἓν
169 1631 267 1670 ὥσπερ
283 1632 386 1668 ἰούσης,
404 1633 530 1670 θεότητός
539 1643 570 1661 τε
582 1635 629 1662 καὶ
647 1636 865 1672 ἀνθρωπότητος.

75 1679 173 1714 ’Δμςρω
188 1679 244 1715 γὰρ
257 1680 316 1714 ἅμα
335 1681 573 1716 νοεῖταιΧριστός.
592 1691 603 1707 ι
622 1682 677 1708 Καὶ
697 1683 799 1718 Μωσῆς
818 1683 867 1718 μὲν

73 1724 108 1756 ὡς
123 1724 252 1760 Θεράπων
265 1726 305 1756 εἰς
316 1725 376 1753 ὅλον
393 1726 439 1753 τὸν
449 1724 523 1753 οἶκον
535 1727 617 1754 αὐτοῦ
631 1727 738 1760 πιστὸς,
750 1729 868 1765 Χριστὸς

74 1770 101 1796 δὲ
123 1769 160 1801 ὡς
183 1769 253 1802 υίὸς,
273 1770 320 1797 ἐπὶ
343 1771 389 1797 τὸν
413 1769 486 1798 οἷκον
510 1772 604 1803 αὑτοῦ,
632 1770 663 1801 οὗ
684 1771 757 1805 οἵκός
784 1775 868 1810 ὲσμεν

75 1817 160 1851 ἡμεῖς·
182 1826 191 1842 ι
213 1817 239 1843 οἱ
256 1816 300 1844 διὰ
312 1817 363 1852 τῆς
383 1818 423 1850 είς
441 1818 523 1846 αὑτὸν
538 1819 656 1851 πίστεως
675 1820 742 1855 πρδς
759 1820 865 1848 ἐλευθεα

78 1862 133 1897 ρίαν
153 1862 272 1897 ἠγμένοι
292 1863 342 1898 τὴν
359 1863 459 1899 ἀληθῆ.
473 1864 593 1900 Ἀραρεν
612 1863 673 1897 οὖν,
694 1865 735 1892 ὅτι
754 1865 868 1901 μεσίτης

79 1909 123 1944 μὲν
139 1909 276 1945 σαρκικῆς
291 1909 457 1946 ἐλευθερίας,
476 1911 639 1947 γράμματος
653 1920 682 1938 τε
699 1912 744 1939 καὶ
759 1913 838 1944 σκιᾶς
853 1913 867 1939 6

79 1957 238 1992 ἱεροφάντης
252 1957 354 1992 Μωσῆς
366 1965 373 1971 ·
395 1957 409 1983 6
425 1956 562 1992 δὲΚύριος
577 1957 656 1993 ἡμῶν
677 1957 780 1993 Ἰησοῦς
798 1959 867 1994 Χρι-

79 2003 150 2034 στὸς.
168 2002 225 2029 τῶν
240 2003 310 2038 ὑπὲρ
329 2003 410 2038 νόμον
430 2003 589 2038 είσηγητὴς,
604 2003 652 2030 καὶ
667 2004 718 2039 τῆς
729 2004 866 2040 σαρκικῆς

78 2048 230 2083 ἐλευθερίας
239 2048 288 2084 τὴν
298 2048 471 2084 ἀσυγκρίτως
485 2049 590 2084 ἀμείνω
601 2049 782 2085 δωρούμενος,
794 2050 867 2077 τοῦτ’

79 2094 143 2127 ἔστι,
167 2094 218 2129 τὴν
235 2094 306 2121 κατὰ
325 2094 445 2130 πνεῦμα.
466 2095 610 2131 Τοιγάρτοι
629 2096 677 2122 καὶ
697 2095 799 2130 ἔφασκε
822 2097 868 2123 καὶ

79 2142 131 2172 τοῖς
161 2140 306 2177 σαρκικῶς
332 2140 566 2177 ἡλευθερωμένοις
592 2142 649 2174 τοῖς
675 2141 705 2175 ἒξ
740 2142 866 2178 Ἰσραήλ·

83 2196 92 2213 ι
113 2187 174 2214 Ἐὰν
189 2188 271 2223 ὑμεῖς
292 2187 402 2223 μείνητε
420 2188 450 2214 ὲν
467 2187 507 2223 τῷ
523 2188 593 2224 λόγῳ
609 2188 649 2224 τῷ
670 2188 745 2224 ἐμῷ,
760 2188 869 2225 ἀληθῶς

914 939 1013 976 loquor
1022 940 1110 973 vobis,
1124 948 1180 967 non
1194 944 1259 967 sunt
1269 947 1328 967 mea
1341 960 1349 973 ,
1364 939 1412 967 sed
1422 939 1492 975 ejus,
1502 939 1549 975 qui
1562 939 1638 967 misit
1653 947 1709 972 me,

915 986 1054 1020 Patris";i
1065 987 1203 1022 itemque:
1222 996 1231 1012 ‹
1241 985 1263 1013 Α
1278 993 1322 1013 me
1340 985 1400 1020 ipso
1410 993 1466 1012 non
1473 985 1572 1020 loquor
1583 985 1648 1018 ;sed
1660 985 1709 1021 qui

915 1033 990 1060 misit
1006 1041 1061 1066 me,
1082 1033 1172 1066 Pater,
1194 1034 1253 1069 ipse
1273 1033 1341 1060 mihi
1359 1032 1519 1061 mandatum
1538 1032 1625 1065 dedit,
1641 1033 1707 1068 quid

915 1078 1015 1110 dicam,
1035 1082 1063 1105 et
1077 1078 1143 1113 quid
1158 1078 1295 1113 loquar“.
1311 1088 1321 1104 ι
1343 1078 1382 1106 Ac
1395 1079 1500 1114 Moyses
1518 1082 1592 1106 certe
1611 1078 1639 1106 in
1651 1077 1710 1106 suis

916 1124 1000 1151 rebus
1016 1123 1162 1159 imaginem
1177 1129 1258 1160 atque
1275 1125 1389 1153 formam
1403 1126 1548 1160 quamdam
1566 1133 1596 1152 se
1613 1131 1708 1160 gerere

916 1172 989 1199 illius
998 1171 1099 1199 Christi
1114 1173 1323 1200 interventionis
1335 1173 1549 1205 intellexit,cum
1563 1173 1632 1200 dixit
1645 1172 1708 1199 ﬁliis

915 1217 1061 1253 Israelz51
1069 1218 1246 1253 «Prophetam
1252 1227 1284 1246 ex
1292 1219 1421 1246 fratribus
1428 1220 1481 1247 tuis
1488 1218 1628 1251 excitabit,
1635 1217 1708 1245 sicut

916 1270 970 1296 me,
981 1264 1114 1292 Dominus
1133 1265 1207 1292 Deus
1225 1269 1302 1293 tuus:
1313 1265 1389 1293 illum
1399 1265 1515 1293 audietis
1524 1265 1601 1300 juxta
1615 1263 1708 1292 omnia

915 1318 1087 1346 quaecunque
1108 1311 1235 1346 expetisti
1252 1320 1266 1339 a
1282 1312 1399 1339 Domino
1420 1313 1474 1339 Deo
1495 1315 1543 1339 tuo
1562 1311 1589 1339 in
1605 1307 1706 1343 Horeb,

916 1356 944 1384 in
963 1356 1007 1384 die
1025 1357 1164 1385 concionis
1172 1358 1205 1385 “.
1226 1368 1235 1384 ι
1252 1358 1337 1393 [gitur
1349 1366 1518 1394 quaecunque
1534 1366 1582 1393 per
1598 1357 1707 1393 Moysen

915 1402 1077 1437 agebantur,
1097 1403 1198 1439 illaque
1223 1404 1266 1431 vis
1291 1404 1501 1432 interventionis
1526 1404 1596 1440 ejus,
1623 1403 1719 1439 figura.

916 1447 1040 1483 quaedam
1059 1452 1120 1476 erat
1141 1453 1169 1476 et
1189 1449 1297 1484 imago;
1318 1452 1346 1475 at
1372 1447 1475 1476 Christi
1498 1446 1717 1474 interventionis.

915 1493 1003 1522 forma
1025 1495 1110 1531 magis
1125 1495 1273 1523 ineﬂ’abilis
1287 1499 1339 1522 est.
1362 1495 1411 1522 Ille
1427 1495 1500 1522 enim
1515 1494 1584 1530 legis
1602 1498 1630 1521 et
1645 1501 1707 1521 um-

917 1539 974 1568 brae
987 1540 1113 1568 minister
1126 1540 1188 1573 fuit,
1204 1545 1233 1568 et
1248 1545 1367 1576 accepta:
1380 1540 1512 1568 divinitus
1526 1540 1718 1568 institutionis.

918 1586 1054 1622 interpres
1067 1596 1074 1615 :
1088 1587 1214 1615 Christus
1228 1591 1331 1621 autem,
1347 1592 1378 1615 ut
1388 1588 1456 1624 legis
1465 1595 1497 1615 ac
1511 1587 1714 1623 prophetarum,

917 1633 1056 1666 dominus,
1074 1641 1135 1668 qum
1151 1633 1203 1661 sibi
1216 1633 1345 1661 videntur
1362 1633 1505 1666 decernit;
1523 1637 1551 1660 et
1573 1632 1721 1660 mediator

917 1679 978 1712 fuit,
992 1687 1054 1708 cum
1074 1680 1102 1707 in
1125 1688 1158 1708 eo
1174 1684 1370 1713 concurreret,
1384 1684 1466 1716 atque
1486 1679 1514 1707 in
1533 1687 1619 1707 unum
1637 1687 1707 1715 quo-

917 1726 1063 1754 dammodo
1080 1727 1240 1755 conveniret
1252 1731 1310 1754 tum
1329 1727 1432 1759 divina,
1447 1729 1506 1754 tum
1524 1726 1643 1754 humana
1657 1734 1707 1754 na-

918 1775 989 1798 tura.
1012 1770 1065 1798 Has
1083 1771 1156 1798 enim
1176 1771 1270 1799 ambas
1292 1771 1373 1799 simul
1395 1771 1504 1807 junctas
1530 1771 1709 1807 intelligimus

917 1816 1066 1844 Christum.
1087 1826 1096 1842 ι
1113 1816 1152 1845 Ac
1165 1817 1270 1853 Moyses
1286 1817 1398 1852 quidem
1415 1820 1446 1844 ut
1463 1824 1560 1844 servus
1575 1816 1603 1844 in
1622 1820 1708 1844 totam

917 1864 977 1899 ejus
1007 1863 1120 1891 domum
1140 1863 1242 1896 ﬁdelis;
1260 1864 1387 1892 Christus
1412 1867 1503 1891 autem
1529 1867 1560 1891 ut
1585 1863 1657 1891 ﬁlius
1679 1864 1707 1891 in

918 1909 1000 1937 domo
1021 1917 1080 1942 sua,
1098 1911 1175 1945 cujus
1197 1910 1296 1938 domus
1316 1918 1367 1938 nos
1391 1918 1487 1938 sumus
1502 1911 1542 1937 δ’»
1562 1920 1568 1937 :
1587 1911 1634 1946 qui
1659 1919 1709 1945 per

918 1954 999 1982 ﬁdem
1023 1962 1104 1990 quam
1126 1955 1153 1982 in
1180 1955 1257 1983 illum
1279 1955 1423 1989 habemus,
1450 1956 1484 1984 ad
1503 1964 1596 1983 veram
1613 1964 1709 1984 sumus

917 2001 1072 2029 libertatem
1092 2001 1214 2029 adducti.
1229 2002 1342 2030 Constat
1357 2002 1441 2038 igitur
1454 2002 1633 2030 mediatorem
1649 2010 1708 2029 car-

918 2047 992 2074 nalis
1003 2047 1148 2079 libertatis.
1164 2048 1316 2083 litteraeque
1333 2052 1361 2076 et
1375 2049 1489 2081 umbrae,
1503 2048 1588 2076 fuisse
1598 2049 1715 2084 Moysen.

919 2093 995 2121 illum
1011 2101 1148 2121 sacrarum
1164 2101 1256 2121 rerum
1268 2094 1462 2130 interpretem:
1477 2094 1623 2122 Dominum
1642 2102 1709 2122 vero

918 2144 1043 2168 nostrum
1071 2140 1164 2168 Jesum
1185 2140 1325 2168 Christum
1344 2149 1439 2169 earum
1456 2149 1548 2169 rerum
1569 2146 1716 2170 auctorem~

920 2194 980 2221 quae
995 2191 1059 2213 sunt
1072 2194 1154 2221 supra
1171 2187 1275 2222 legem:
1297 2195 1329 2215 ac
1344 2188 1456 2223 spiritus
1471 2188 1640 2220 libertatem,
1662 2188 1718 2215 illa.

83 2232 197 2268 μαθηταί
219 2232 270 2268 μού
291 2232 363 2265 ἐστε,
381 2233 429 2259 καὶ
446 2232 582 2267 γνώσεσθε
601 2233 650 2269 τὴν
664 2233 803 2269 ἀλήθειαν,
820 2234 867 2261 καὶ

919 2232 1050 2260 libertate
1079 2232 1182 2259 carnali
1211 2231 1312 2265 multis}
1334 2233 1459 2268 partibus
1491 2233 1709 2268 praestantiorem

81 2277 226 2314 ὴὰλήθεια
241 2276 421 2314 ἐλευθερώσει
440 2278 521 2314 ὑμᾶς.
546 2287 555 2304 ι
576 2279 632 2306 Καὶ
649 2278 749 2306 πάλιν*
776 2288 786 2305 ι
810 2279 868 2311 Πᾶς

81 2324 95 2350 6
111 2324 194 2351 ποιῶν
209 2324 259 2360 τὴν
273 2324 412 2360 ἁμαρτίαν
422 2345 430 2356 ,
444 2325 536 2357 δοῦλός
551 2326 609 2352 ἐστι
623 2325 673 2361 τῆς
691 2325 841 2362 ἁμαρτίας
854 2326 869 2352 ὁ

82 2371 107 2397 δὲ
123 2371 216 2402 δοῦλος
228 2371 259 2397 οὐ
276 2371 353 2406 μένει
367 2371 395 2398 ἐν
407 2372 440 2407 τῇ
454 2371 530 2407 οἰκίᾳ
555 2371 595 2402 είς
606 2371 652 2399 τὸν
665 2371 749 2398 αἰῶνα
759 2393 766 2404 ,
782 2373 796 2398 6
812 2371 870 2404 υίὸς

85 2417 153 2452 μένει
170 2419 212 2450 είς
224 2417 272 2444 τὸν
286 2417 382 2444 αἰῶνα.
410 2418 473 2445 Ἐὰν
483 2416 530 2446 οὖν
547 2419 561 2445 6
580 2418 644 2451 Υἱὸς
662 2419 735 2454 ὑμᾶς
759 2418 869 2446 ἐλευθε-

85 2463 162 2500 ρώσῃ,
176 2464 263 2505 ὅντως
276 2463 414 2499 ἐλεύθεροι
430 2464 501 2492 me.

921 2286 981 2306 esse
1005 2278 1142 2313 largitum.
1167 2278 1261 2313 itaque
1272 2278 1404 2306 Israelitis
1419 2278 1545 2313 quamvis
1562 2278 1711 2306 carnaliter

921 2324 1044 2352 liberatis
1061 2324 1171 2352 dicebat
1187 2333 1194 2351 :
1214 2334 1223 2351 ι
1243 2324 1272 2352 Si
1292 2332 1341 2352 vos
1362 2324 1519 2352 manseritis
1537 2324 1565 2351 in
1585 2331 1710 2352 sermone

922 2379 998 2404 meo,
1013 2378 1077 2398 vere
1094 2371 1222 2406 discipuli
1237 2371 1291 2398 mei
1310 2371 1386 2402 estis,
1400 2374 1428 2398 et
1444 2370 1615 2406 cognoscetis
1636 2370 1710 2398 veri-

923 2421 1024 2451 tatem,
1051 2421 1079 2445 et
1104 2417 1204 2445 veritas
1222 2417 1350 2445 liberabit
1379 2425 1428 2445 vos
1441 2417 1472 2444 η.
1490 2427 1500 2443 ι
1528 2418 1562 2444 Et
1587 2417 1708 2445 iterum:

922 2473 931 2488 σ
947 2463 1043 2491 Omnis
1068 2464 1115 2499 qui
1140 2463 1204 2492 facit
1226 2468 1367 2499 peccatum
1380 2484 1387 2496 ,
1412 2471 1508 2491 servus
1526 2468 1569 2491 est
1585 2463 1710 2499 peccati:

85 2518 173 2539 servus
197 2515 291 2539 autem
315 2519 371 2539 non
391 2516 481 2540 manet
504 2512 532 2539 in
552 2512 634 2540 domo
657 2512 685 2540 in
715 2515 865 2546 aeternum;
895 2511 969 2540 filius
990 2516 1082 2540 autem
1097 2515 1189 2539 manet
1201 2511 1229 2539 in
1244 2515 1388 2539 aeternum.
1415 2511 1444 2539 Si
1469 2511 1552 2547 igitur
1565 2511 1650 2538 Filius
1661 2517 1721 2538 vos.

86 2557 247 2592 liberaverit,
264 2566 329 2586 vere
347 2558 427 2586 liberi
446 2559 524 2586 eritis
536 2559 569 2586 “.
589 2568 598 2585 ι

117 2641 218 2669 ΠᾹΛΔ.
238 2641 356 2677 Ἀριστα
368 2640 445 2677 ἔφης.

120 2689 200 2716 ΚΥΡ.
226 2688 429 2724 Καυχησόμεθα
445 2688 478 2724 δὴ
501 2685 548 2716 οὖν
563 2688 594 2715 οὐ
614 2689 670 2720 τοῖς
691 2686 762 2715 κατὰ
781 2686 872 2723 σάρκα

86 2733 224 2770 λαμπροῖς,
245 2733 316 2761 ἀλλά
334 2735 390 2766 τοῖς
408 2735 437 2761 ὲν
456 2734 591 2771 πνεύματι
607 2734 654 2762 καὶ
669 2733 825 2769 δικαιοσύνῃ
838 2733 871 2768 τῇ

960 2635 1058 2666 PALL.
1075 2636 1237 2665 Rectissime
1251 2633 1332 2663 dicis;

958 2684 1036 2712 CYR.
1054 2682 1115 2710 Non
1132 2681 1215 2717 igitur
1231 2680 1265 2708 de
1279 2679 1430 2706 carnalium
1453 2686 1545 2706 rerum
1566 2677 1718 2713 splendore

925 2729 1097 2766 gloriandum
1118 2728 1199 2756 nobis
1220 2731 1272 2760 est,
1296 2725 1344 2753 sed
1367 2725 1401 2753 de
1419 2725 1533 2760 spiritus
1557 2729 1585 2753 ct
1599 2724 1714 2760 justitizn

118 2835 226 2863 "Joan.
244 2843 302 2867 xlv,
318 2835 363 2863 ‘24.
402 2836 424 2852 ‘°
435 2835 514 2864 Joan.
536 2843 583 2869 xu,
604 2835 648 2863 49.
688 2836 708 2852 ⁵⁸
727 2835 808 2862 Deut.
823 2840 867 2861 xvi

919 2831 954 2865 l5,
975 2831 1016 2860 l6.
1064 2830 1086 2847 δ’
1112 2829 1196 2858 Hebr.
1220 2835 1261 2861 in,
1286 2827 1314 2861 2,
1337 2827 1364 2854 3.
1405 2826 1516 2855 "Joan.
1535 2834 1591 2859 vni,
1609 2824 1711 2859 52,35.

93 2871 109 2886 ιδ
118 2870 166 2898 nm
173 2889 189 2905 .,
199 2870 301 2899 254-56.
