1924 3043
199 156 253 186 215

712 155 741 184 S.
761 156 903 185 CYRILLI.
919 158 1157 189 ALEXANDBJM
1175 160 1334 190 ANIHIEP.

1789 164 1854 192 2t$

200 216 335 249 claritate,
357 216 417 252 ejus
440 215 574 243 duntaxat
597 222 660 250 quae
675 223 709 243 ex
732 216 848 245 Christo
867 221 919 250 est,
935 226 991 246 non

1050 220 1114 247 ιατὰ
1126 220 1253 256 Χριστὸν,
1268 215 1299 248 οὗ
1319 223 1352 257 τῇ
1368 222 1439 249 κατὰ
1466 222 1556 258 νόμον.
1573 222 1605 249 El
1624 222 1680 258 γὰρ
1694 221 1791 250 δοῦλον
1805 224 1848 250 ἔτι

199 269 262 297 quae
273 270 308 289 ex
322 262 392 297 lege.
413 261 492 294 Nam,
508 261 531 288 si
545 269 643 289 servus
663 261 781 290 habetur
799 263 927 299 quisquis
942 264 994 292 sub

200 311 313 343 peccato
328 311 380 339 est,
397 314 449 334 nec
461 306 594 342 justiflcat
609 307 665 335 ullo
685 308 768 336 modo
792 309 852 343 lex;
871 310 995 344 quinimo

200 352 366 380 condemnat
394 351 496 387 potius.
525 359 641 387 reosque
666 352 732 381 facit
760 357 993 390 transgressores;

199 398 245 426 cui
267 406 323 426 non
337 398 514 434 perspicuum
538 399 574 426 sit
590 406 699 427 omnem
721 399 943 435 justiﬁeationem
966 401 997 428 in

198 443 308 472 Christo
327 449 468 478 constare;
485 445 607 480 itemque
621 453 729 473 omnem
748 446 918 481 spiritualem
930 454 994 482 per-

198 488 357 522 fectionem,
376 497 438 525 quae
459 497 508 525 per
528 490 772 519 sanctiﬁcationem
785 491 930 524 habeatur,
945 499 995 527 per

199 534 289 569 ipsum
312 540 341 563 et
361 536 389 563 in
412 536 472 571 ipso
487 537 610 571 acquiri?
623 537 724 564 Paulus
738 537 782 564 vir
795 541 871 566 certe
884 537 995 572 sapiens

199 581 229 609 in
242 582 339 617 primis
362 582 459 610 scribit
477 592 483 609 :
505 593 514 608 ι
533 583 594 610 Non
617 583 691 611 enim
713 583 848 611 erubesco
869 584 993 619 Evange-

198 628 282 662 lium;
301 629 350 656 Dei
371 629 446 657 enim
468 629 557 657 virtus
580 633 623 657 est
646 629 673 656 in
696 630 811 657 salutem
835 629 914 657 omni
931 637 992 658 cre-

198 674 285 708 denti,
301 674 396 703 Judzeo
415 675 533 710 primum
551 679 579 703 et
601 675 705 703 Crteco.
725 675 835 703 Iustitia
851 676 925 703 enim
945 676 992 704 Dei

198 721 228 748 in
241 729 275 749 eo
288 722 426 750 revelatur
439 730 474 749 ex
488 722 540 749 fide
556 722 583 749 in
595 722 686 754 (idem,
701 721 773 749 sicut
787 722 920 757 scriptum
933 728 991 750 est:

197 767 293 795 Justus
318 772 410 794 autem
439 775 473 794 ex
494 767 546 794 [ide
572 767 646 794 vivet
669 767 701 794 “.
726 778 734 792 ι
753 767 860 795 Veteris
883 776 993 802 quoque

198 812 266 847 legis
279 813 405 844 inutilem
418 813 472 840 vim
490 817 572 848 atque
588 812 725 840 inﬁrmam
740 813 773 840 iis
785 813 877 841 verbis
892 819 970 842 notat
984 824 990 841 :

198 859 252 894 52
268 869 277 885 ι
292 859 370 892 Quod
385 864 488 891 autem.
504 859 602 894 inquit,
618 859 646 887 in
660 860 719 895 lege
733 868 813 887 nemo
825 860 991 896 justiﬁcatur

1045 266 1077 293 τὸ
1090 265 1135 300 ὑφ’
1147 266 1295 302 ἁμαρτίαν,
1312 267 1412 294 δικαιοῖ
1424 267 1453 294 δὲ
1467 268 1568 303 ἥκιστα
1585 268 1635 303 μὲν
1649 269 1664 294 ὁ
1678 268 1773 303 νόμος,
1795 276 1848 295 κα-

1045 313 1168 349 τακρίνει
1177 313 1206 340 δὲ
1219 313 1321 349 μᾶλλον
1332 315 1381 341 καὶ
1392 314 1527 349 γράφεται
1539 314 1772 350 παραδαίνοντας.
1787 315 1853 346 πῶς

1045 360 1095 386 οὐκ
1110 359 1144 387 ἂν
1159 360 1264 395 γένοιτο
1283 361 1364 388 παντί
1385 369 1430 396 τῳ·
1440 360 1535 395 σαφὲς,
1551 361 1593 388 ὅτι
1609 361 1685 388 πᾶσα
1698 360 1849 392 δικαίωσις

1045 406 1074 432 ὲν
1088 406 1209 442 Χριστῷ,
1223 406 1271 434 καὶ
1280 406 1444 441 τελείωσιςή
1457 406 1486 432 ὲν
1496 406 1632 441 πνεύματι
1642 405 1675 433 δι’
1690 405 1848 441 ἁγιασμοῦ,

1044 451 1078 478 δι’
1094 452 1178 479 αὑτοῦ
1196 461 1226 479 τε
1252 453 1300 480 καὶ
1322 452 1352 479 ἐν
1369 452 1444 487 αὑτῷ
1459 460 1467 484 ;
1492 452 1548 479 Καὶ
1573 451 1638 486 γοῦν
1654 452 1668 478 ὁ
1685 451 1847 486 σοφώτατος

1045 498 1144 533 γράφει
1161 498 1283 530 Παῦλος·
1304 507 1313 525 ι
1333 499 1370 525 Οὐ
1385 499 1443 534 γὰρ
1455 498 1655 533 ἐπαισχύνομαι
1670 497 1701 525 τὸ
1719 497 1847 532 Εὐαγγέο

1044 544 1112 575 λιον,
1126 544 1241 580 δύναμις
1258 545 1312 580 γὰρ
1325 543 1392 571 Θεοῦ
1406 545 1479 570 ἐστιν
1494 545 1534 576 εἰς
1551 543 1689 579 σωτηρίαν
1707 545 1792 570 παντὶ
1806 544 1846 579 τῷ

1045 589 1209 621 πιστεύοντι,
1229 590 1348 625 Ἰουδαίῳ
1364 598 1393 616 τε
1405 589 1513 625 πρῶτον
1525 589 1574 616 καὶ
1589 589 1712 624 Ἕλληνι.
1734 591 1848 616 Δικαιο-

1045 635 1112 670 σύνη
1130 635 1184 670 γὰρ
1199 635 1266 662 Θεοῦ
1284 635 1313 661 ὲν
1331 634 1405 670 αὐτῷ
1426 634 1650 662 ἀποκαλύπτεται
1669 635 1702 661 ἐκ
1722 634 1846 666 πίστεως

1044 681 1084 712 είς
1098 680 1188 708 πίστιν
1198 702 1206 714 ,
1221 679 1312 712 καθὼς
1333 680 1488 717 γέγραπται
1505 689 1512 695 ·
1536 681 1565 707 ὐ
1578 681 1607 707 δὲ
1623 680 1727 711 δίκαιος
1743 681 1775 706 ὲκ
1799 679 1845 705 πε-

1044 735 1128 759 στεως
1144 727 1267 762 ζήσεται.
1285 737 1294 753 ι
1315 727 1406 762 Νόμου
1421 736 1451 754 τε
1464 727 1511 754 τοῦ
1521 726 1605 754 πάλαι
1624 726 1654 753 τὸ
1670 726 1803 761 ἀνόνητόν
1814 734 1844 752 τε

1044 775 1091 801 καὶ
1107 774 1221 809 ἀδρανὲς
1236 773 1264 801 ἐν
1273 782 1305 808 γε
1321 773 1418 809 τουτῳῖ
1432 773 1615 809 καταγράφει,
1633 774 1729 807 λέγων·
1751 783 1760 798 ι
1781 773 1845 801 ’Ὁτι

1043 820 1070 846 δὲ
1087 821 1115 846 ἐν
1130 820 1205 855 νόμῳ
1221 820 1308 851 οὐδεὶς
1330 820 1482 847 δικαιοῦται
1496 821 1572 855 παρὰ
1595 819 1664 855 Θεῷ,
1687 819 1779 854 δῆλον’
1802 819 1844 845 ὅτι

1044 867 1058 893 ὁ
1072 866 1175 897 δίκαιος
1189 866 1221 892 ἐκ
1237 866 1355 898 πίστεως
1370 865 1492 901 ζήσεται.
1512 866 1541 892 '0
1559 865 1586 891 δὲ
1607 865 1688 900 νόμος
1702 865 1754 891 οὐκ
1769 864 1844 891 ἔστιν

197 905 271 941 apud
295 906 392 939 Deum,
417 906 591 934 manifestum
608 911 650 934 est
667 915 673 932 :
694 906 758 941 quia
770 906 862 942 justus
884 915 917 935 ex
941 907 994 935 fide

1050 913 1077 939 ὲκ
1093 904 1222 945 πίστεως,
1235 913 1292 939 ἀλλ’
1302 914 1316 939 ὁ
1327 913 1442 948 ποιήσας
1453 912 1532 946 αὐτὰ,
1546 912 1657 947 ζήσεται
1671 912 1700 938 ὲν
1713 911 1817 942 αὐτοῖς.
1832 921 1841 935 ι

198 951 275 978 vivit.
292 951 349 979 Lex
364 955 456 985 autem
478 959 533 979 non
557 955 600 991 est
617 959 652 978 ex
673 951 742 984 lide;
759 951 806 979 sed
826 951 873 987 qui
897 952 994 981 fecerit

197 1004 241 1029 ea,
261 997 335 1025 vivet
356 997 384 1025 in
402 997 469 1033 ipsis
485 997 516 1024 “.
544 1008 554 1023 ι
575 998 604 1025 In
624 997 734 1026 Christo
756 997 839 1033 igitur
859 998 992 1034 justitica-

197 1051 260 1070 mur
270 1051 323 1078 per
336 1043 428 1076 fidem,
444 1052 476 1071 ac
493 1044 654 1072 redimimur
669 1053 684 1072 a
699 1045 831 1073 servitute
845 1046 991 1080 spirituali.

233 1090 332 1117 PALL.
347 1090 396 1118 Est
412 1090 494 1126 igitur
509 1091 552 1118 lex
568 1091 691 1119 inutilis?

232 1135 311 1163 CYR.
327 1135 387 1163 Non
402 1136 455 1164 hoc
470 1136 542 1168 dico,
566 1145 656 1171 neque
676 1137 751 1165 enim
775 1138 876 1166 frustra
893 1139 994 1166 divinis

197 1181 337 1216 responsis
361 1183 466 1210 sancite
498 1187 554 1216 est;
579 1183 634 1210 imo
660 1191 725 1211 vero
745 1185 795 1212 (in
826 1186 992 1221 adjutorium

198 1227 271 1260 data,
287 1238 296 1254 ›
309 1228 382 1256 sicut
395 1229 529 1264 scriptum
541 1235 583 1257 est
596 1230 633 1263 ‘7;
649 1238 790 1271 namlqua
804 1237 881 1267 parte
896 1232 929 1259 ad
945 1232 987 1259 in-

198 1272 370 1301 stitutionem
391 1275 526 1309 puerilem
541 1276 706 1310 pertinebat,
720 1281 750 1304 et
765 1277 798 1304 ad
820 1277 993 1312 iniquitatem

198 1320 429 1355 cognoscendam,
442 1329 497 1356 qua
512 1322 595 1349 etiam
606 1323 640 1350 ad
654 1323 732 1350 initia
748 1323 924 1358 percipienda
937 1323 992 1351 cle-

199 1370 347 1401 mentaque
358 1374 516 1394 sermonum
529 1368 588 1400 Dei,
603 1376 652 1395 cur
664 1376 718 1395 non
731 1377 766 1396 ex
779 1377 811 1396 ea
823 1374 899 1404 parte
915 1370 995 1398 intel-

199 1412 301 1447 ligatur
322 1412 412 1440 utilis?
430 1412 545 1449 Segnior
559 1418 602 1441 est
616 1418 707 1442 autem
724 1415 756 1442 ad
774 1415 911 1442 abluenda
929 1424 992 1450 pec-

200 1462 261 1486 cata
289 1460 517 1495 sanctitatemque
544 1460 748 1495 perﬁciendam.
777 1462 876 1489 Beatus
902 1461 993 1497 itaque

200 1504 302 1532 Paulus
321 1504 410 1539 inquit
428 1514 437 1531 ι
453 1515 462 1531 ι
487 1505 595 1533 Scimus
617 1511 708 1534 autem
733 1507 806 1542 quod
823 1515 993 1542 quaecunque

200 1550 244 1577 lex
256 1551 387 1586 loquitur,
402 1551 436 1578 iis
449 1552 496 1586 qui
518 1551 545 1579 in
559 1552 618 1587 lege
633 1557 700 1579 sunt
710 1552 841 1587 loquitur,
864 1556 894 1579 ut
912 1560 993 1580 omne

200 1604 234 1625 os
248 1597 418 1631 obstruatur,
434 1603 462 1625 et
478 1598 605 1625 subditus
620 1598 666 1626 ﬁat
678 1599 768 1626 omnis
783 1598 904 1626 mundus
922 1599 991 1632 Deo;

201 1642 331 1676 quoniam
348 1650 383 1669 ex
395 1643 524 1678 operibus
535 1643 603 1678 legis
615 1651 669 1671 non
678 1644 874 1679 justiﬁcabitur
885 1645 913 1672 in
928 1653 997 1672 con—

176 1701 177 1704 η
201 1692 298 1723 specta
314 1689 374 1724 ejus
393 1689 483 1718 omnis
504 1697 583 1722 caro;
601 1698 651 1725 per
671 1690 757 1725 legem
778 1690 853 1718 enim
874 1691 994 1726 cognitio

202 1735 307 1770 peccati
325 1736 357 1763 “‘.
377 1745 387 1761 ›
414 1735 501 1765 Habet
530 1744 595 1771 ergo
621 1736 664 1764 lex
693 1737 749 1763 vim
773 1745 826 1772 qua
851 1741 993 1772 peccatum

201 1781 382 1814 demonstret,
394 1790 451 1810 non
462 1783 577 1818 gloriam
590 1782 623 1810 de
632 1783 734 1810 virtute
743 1788 894 1818 comparet;
905 1793 914 1809 ι
931 1790 994 1810 nam

202 1828 231 1855 in
242 1835 276 1857 eo
287 1829 360 1864 quod
371 1829 419 1862 ait,
431 1829 508 1857 verbi
520 1829 607 1865 gratia
620 1839 626 1856 :
640 1840 649 1855 ι
662 1830 722 1858 Non
733 1830 923 1863 fornicaberis,
939 1838 994 1858 non

201 1874 381 1908 adulterabis,
394 1883 448 1902 non
466 1875 569 1903 furtum
592 1875 685 1908 facies,
710 1884 765 1903 non
788 1876 925 1912 pejerabis
936 1877 968 1908 δ’,
982 1886 991 1902 ι

201 1923 230 1947 et
241 1920 264 1948 si
275 1920 341 1955 quid
349 1921 447 1953 horum
458 1921 546 1949 simile
554 1926 605 1954 est,
617 1922 746 1957 nequitiae
757 1930 858 1957 genera
864 1922 995 1955 ostendit,

202 1970 231 1993 et
254 1964 426 2001 impuritates
447 1967 561 2002 expulit,
585 1975 641 1995 non
660 1968 771 1996 virtutis
790 1968 931 1996 notionem
952 1969 998 1995 in-

202 2013 287 2045 vexit,
302 2017 351 2040 aut
362 2013 484 2048 probata:
494 2014 556 2042 Viue
569 2014 752 2049 cognitionem
765 2014 937 2049 perspicuam
949 2023 997 2042 au-

204 2058 341 2086 ditoribus
364 2059 439 2087 fecit.
464 2060 531 2087 Nam
550 2060 626 2087 istud
649 2060 771 2095 quidem,
794 2069 848 2087 non
868 2065 997 2096 oportere

205 2105 294 2140 turpia
315 2105 416 2138 facere,
441 2106 513 2134 inter
535 2106 733 2141 prastantioris
751 2105 814 2133 vita:
837 2114 928 2134 mores
947 2115 997 2134 an-

204 2159 350 2180 numerare
372 2152 485 2180 stultum
504 2152 556 2184 sit,
572 2153 680 2187 opinor.
700 2153 769 2180 Puto
791 2157 893 2185 autem,
916 2152 999 2188 idque

205 2198 277 2226 haud
292 2198 420 2231 absurde,
443 2198 479 2225 ita
492 2198 611 2234 denique
622 2207 731 2234 aequum
747 2207 808 2227 esse
825 2203 855 2226 ut
878 2200 906 2227 in
924 2200 999 2228 omni

1052 958 1095 984 Ἐν
1110 957 1220 994 Χριστῷ
1233 958 1378 994 τοιγαροῦν
1391 958 1568 993 δικαιούμεοα
1585 957 1628 985 διὰ
1644 957 1763 988 πίστεως
1776 978 1783 990 ,
1797 957 1844 982 ἐκ·

1045 1001 1239 1040 λελυτρὼμεθα
1251 1005 1280 1032 δὲ
1291 1005 1414 1037 δουλείας
1428 1005 1476 1040 τῆς
1491 1005 1598 1040 νοητῆς.

1081 1096 1186 1122 ΠΔΛΛ.
1209 1096 1350 1130 ’Λνόνητος
1366 1094 1412 1123 οὖν
1426 1097 1440 1122 ὁ
1453 1096 1533 1131 νόμος
1545 1105 1552 1127 ς

1083 1141 1164 1168 ΚΥΡ.
1179 1142 1216 1168 Οὐ
1231 1141 1310 1168 τοῦτό
1326 1150 1407 1177 φημι·
1423 1140 1651 1177 κεχρησμώδηται
1668 1140 1722 1176 γὰρ
1742 1140 1774 1167 οὐ
1793 1140 1844 1176 μάν

1044 1196 1109 1224 την·
1123 1187 1227 1214 δέδοται
1250 1187 1279 1214 δὲ
1302 1187 1401 1222 μᾶλλον
1419 1197 1428 1213 ι
1457 1188 1496 1220 εἰς
1520 1187 1656 1222 βοήθειαν,
1685 1198 1694 1212 ι
1721 1187 1794 1213 κατὰ
1814 1187 1845 1213 τὸ

1045 1234 1246 1269 γεγραμμένον·
1263 1234 1324 1260 ὅσον
1349 1233 1399 1269 μὲν
1417 1233 1472 1269 γὰρ
1486 1230 1554 1268 ἧκεν
1575 1233 1615 1265 εἰς
1638 1232 1842 1267 παιδαγωγίαν,

1046 1281 1093 1308 καὶ
1106 1280 1137 1307 τὸ
1147 1280 1246 1307 ειδέναι
1257 1280 1288 1307 τὸ
1299 1279 1469 1316 πλημμελὲς.
1482 1281 1529 1306 καὶ
1540 1280 1580 1312 είς
1592 1281 1622 1306 τὺ
1633 1279 1736 1314 χρῆναι
1749 1279 1842 1306 λαϐεῖν

1045 1327 1132 1363 ἀρχὰς
1150 1326 1198 1354 καὶ
1212 1327 1330 1362 στοιχεῖα
1345 1326 1400 1352 τῶν
1416 1325 1514 1360 λογίων
1534 1326 1581 1352 τοῦ
1604 1325 1686 1357 Θεοῦ,
1710 1326 1771 1357 πῶς
1793 1325 1843 1352 οὐκ

1046 1374 1078 1401 ἂν
1104 1374 1189 1400 νοοῖτο
1210 1374 1358 1410 χρήσιμος;
1381 1372 1540 1408 ’Δργότερος
1569 1372 1597 1399 δὲ
1621 1372 1687 1407 πρὸς
1712 1372 1844 1406 ἀπόνιψιν

1044 1420 1192 1455 ἁμαρτίας.
1213 1419 1261 1446 καὶ
1285 1419 1324 1450 εἰς
1346 1418 1376 1445 τὸ
1399 1418 1529 1445 δύνασθαι
1551 1418 1670 1445 τελειοῦν
1693 1419 1733 1450 εἰς
1761 1419 1843 1452 ἁγια-

1046 1465 1124 1501 σμόν.
1139 1465 1194 1492 Καὶ
1205 1464 1291 1498 γοῦνό
1303 1464 1446 1496 Θεσπέσιος
1462 1465 1527 1499 ἡμῖν
1538 1463 1589 1500 ἔφη
1605 1464 1722 1496 Παῦλος·
1739 1473 1749 1490 ι
1764 1464 1843 1491 Οἴδα-

1047 1519 1096 1545 μεν
1107 1510 1135 1537 δὲ
1146 1511 1186 1537 ὅτι
1203 1511 1254 1537 ὅσα
1267 1510 1280 1536 ὁ
1295 1510 1376 1545 νόμος
1393 1509 1467 1544 λέγει
1488 1511 1544 1542 τοῖς
1558 1510 1586 1536 ὲν
1607 1509 1645 1544 τῷ
1662 1510 1738 1544 νόμῳ
1756 1509 1848 1541 λαλεῖ,Δ

1047 1557 1090 1583 ἵνα
1104 1556 1158 1583 πᾶν
1181 1556 1269 1590 στόμα
1291 1556 1395 1591 φραγῇ’
1412 1555 1459 1582 καὶ
1473 1555 1600 1587 ὑπόδικος
1616 1555 1730 1590 γένηται
1753 1556 1808 1586 πᾶς
1829 1556 1848 1581 ἁ

1045 1602 1146 1638 κόσμος
1161 1602 1200 1637 τῷ
1214 1601 1282 1637 Θεῷ·
1305 1602 1371 1628 διότι
1392 1601 1421 1635 ἐξ
1438 1601 1527 1638 ἔργων
1544 1603 1626 1637 νόμου
1644 1603 1678 1629 οὐ
1695 1601 1842 1636 δικαιωθή-

1045 1657 1121 1675 σεται
1137 1649 1210 1675 πᾶσα
1226 1647 1295 1684 σὰρξ
1310 1648 1425 1675 ἐνώπιον
1439 1648 1531 1676 αὑτοῦ·
1547 1648 1593 1675 διὰ
1607 1649 1661 1684 γὰρ
1673 1648 1768 1683 νόμου,
1781 1649 1843 1674 επί-

1045 1703 1145 1730 γνωσις
1158 1694 1310 1730 ἁμαρτιῶν.
1329 1705 1337 1721 ι
1357 1695 1497 1727 Δεικτικδς
1514 1693 1560 1722 οὖν
1575 1695 1629 1730 ἄρα
1642 1695 1691 1729 τῆς
1704 1695 1842 1730 ἁμαρτίας

1044 1742 1166 1776 ὁνόμος,
1189 1741 1239 1767 οὐκ
1259 1741 1427 1776 αὐχημάτων
1445 1741 1575 1776 πρόξενος
1594 1741 1647 1767 τῶν
1665 1741 1705 1772 εἰς
1730 1741 1842 1776 ἀρετὴν.

1046 1787 1083 1814 Τὸ
1095 1788 1149 1823 γάρ
1169 1796 1209 1814 τοι
1229 1786 1312 1821 φάναι
1329 1787 1419 1822 τυχὸν,
1438 1787 1475 1813 Οὐ
1499 1786 1667 1822 πορνεύσεις,
1685 1787 1716 1813 οὐ
1738 1787 1847 1822 μοιχεύ-

1047 1840 1118 1864 σεις,
1134 1832 1164 1859 οὐ
1183 1831 1308 1867 κλέψεις,
1330 1832 1379 1858 οὐκ
1397 1832 1587 1867 ἐπιορκήσεις,
1610 1833 1656 1859 καὶ
1670 1832 1696 1858 εἴ
1712 1841 1739 1858 τι
1754 1832 1844 1859 τοιού-

1046 1886 1101 1909 τοις
1137 1878 1337 1913 συνήρμοσται,
1363 1878 1396 1904 τὰ
1425 1878 1474 1913 τῆς
1507 1878 1671 1914 φαυλότητος
1700 1878 1760 1914 εἴδη
1794 1887 1843 1905 κα-

1046 1924 1259 1960 τασημαίνοντος
1274 1923 1318 1960 ἦν,
1342 1925 1388 1951 καὶ
1410 1924 1565 1957 ἐξιστάντος
1583 1925 1755 1960 ἀκαθαρσίας
1767 1946 1774 1956 ,
1795 1926 1845 1952 οὐκ

1047 1971 1148 2007 ἀρετῆς
1171 1971 1272 2006 εἴδησιν
1295 1971 1516 2006 εἰσκομίζοντος,
1541 1971 1601 1997 οὐδὲ
1622 1971 1674 2006 τῆς
1697 1971 1844 2007 ἁκιεόήλου

1049 2016 1121 2052 ζωῆς
1144 2016 1386 2051 καταφανεστάτην
1407 2017 1463 2047 τοῖς
1487 2016 1674 2052 ἀκροωμένοις
1703 2016 1843 2048 ποιοῦντος

1048 2062 1096 2097 τὴν
1108 2061 1218 2096 γνῶσιν.
1239 2062 1282 2093 Ὠς
1292 2061 1323 2088 τό
1331 2069 1372 2087 τοι
1387 2062 1425 2097 μὴ
1435 2061 1533 2098 χρῆναι
1549 2061 1582 2088 τὰ
1598 2061 1694 2096 αἰσχίω
1702 2061 1781 2097 δρᾷν,
1791 2064 1843 2094 τοῖς

1049 2108 1097 2143 τῆς
1111 2107 1250 2142 ὲξαιρέτου
1266 2107 1403 2138 πολιτείας
1420 2107 1608 2143 ἐγγράφεσθαι
1627 2108 1738 2144 τρόποις
1751 2129 1757 2140 ,
1773 2109 1843 2141 ἀμει-

1050 2155 1095 2186 et;
1109 2152 1185 2190 οἶμαι
1197 2163 1258 2181 που.
1272 2155 1331 2181 Δεῖν
1344 2154 1372 2180 δὲ
1382 2151 1458 2189 οἶμαι
1472 2155 1520 2181 καὶ
1532 2154 1634 2189 σφόδρα
1647 2153 1771 2187 εἰκότως,
1785 2155 1843 2180 τότε

1049 2199 1081 2235 δὴ
1106 2199 1181 2234 μόλις
1207 2199 1256 2235 τὴν
1280 2200 1322 2233 ἐφ’
1346 2199 1434 2226 ἅπασι
1455 2201 1511 2231 rei;
1537 2199 1745 2234 ἐπαινουμένοις
1771 2200 1844 2234 ἡμᾶς

206 2253 298 2273 rerum
319 2245 517 2272 laudandarum
539 2253 638 2280 genere
656 2245 736 2273 nobis
759 2246 904 2273 honesturn
922 2246 994 2281 judi-

1051 2246 1204 2273 ἀναδεῖσθαι
1216 2245 1315 2281 ψῆφον,
1332 2247 1356 2272 εἰ
1371 2246 1403 2281 δὴ
1425 2246 1553 2281 μεθέντες
1569 2245 1616 2272 καὶ
1630 2245 1795 2280 διωσάμενοι
1815 2245 1844 2271 τὸ

205 2291 280 2320 cium
288 2295 370 2326 atque
381 2291 569 2326 comprobatio
580 2291 730 2325 deferatur,
743 2292 776 2325 si,
790 2293 865 2321 vitiis
877 2292 997 2321 dimissis

206 2346 239 2366 ac
261 2338 394 2373 repulsis,
416 2342 445 2365 et
462 2338 638 2373 improbitate
662 2343 803 2374 superata,
828 2340 997 2375 impurisque

207 2383 358 2412 sceleribus
373 2383 497 2419 abjectis,
515 2383 549 2410 ad
569 2391 706 2411 summum
726 2390 866 2420 postremo
888 2385 999 2413 virtutis

207 2431 313 2466 apicem
343 2430 596 2471 conscenderimus.
632 2431 727 2466 Itaque
760 2431 892 2458 Dominus
919 2431 1000 2459 Jesus

207 2476 333 2504 Christus
350 2485 356 2502 :
370 2486 379 2501 ι
391 2476 492 2509 Amen,
503 2484 594 2509 amen,
610 2487 618 2502 I
634 2477 732 2512 inquit,
743 2487 753 2502 ι
768 2477 829 2505 dico
844 2477 932 2510 vobis,
945 2477 996 2505 nisi

208 2521 388 2550 abundaverit
399 2521 506 2557 iustitia
524 2527 614 2550 vestra
630 2523 692 2558 plus
702 2530 784 2558 quam
797 2523 955 2550 Scribarum
970 2527 998 2550 et.

209 2568 424 2600 Pharisaeorum,
456 2576 511 2595 non
544 2568 682 2596 intrabitis
710 2569 738 2596 in
769 2576 883 2604 regnum
913 2569 997 2596 c0310-

210 2622 270 2641 rum
289 2614 322 2641 '°.
348 2624 357 2640 ι
374 2614 506 2650 lntelligis
529 2613 612 2650 igitur
631 2615 764 2651 justitiam
781 2615 828 2642 illa
849 2615 928 2650 legali
949 2623 997 2642 cx-

209 2660 396 2688 cellentiorem
423 2666 587 2696 praeceptam
613 2669 674 2689 esse
701 2669 717 2689 a
745 2661 861 2689 Domino
884 2665 996 2694 nostro,

209 2714 324 2742 eamque
340 2714 402 2734 cum
420 2715 479 2734 esse
503 2702 756 2743 praestantissimam
781 2707 873 2740 sciret,
897 2707 999 2735 Paulus

210 2751 255 2779 ille
269 2752 377 2787 sapiens
393 2753 504 2781 scribit:
518 2763 527 2779 (
542 2753 570 2782 Si
583 2754 646 2789 quis
655 2753 725 2780 alius
737 2753 848 2781 videtur
860 2753 998 2781 conlidere

211 2797 238 2824 in
250 2804 342 2830 carne,
354 2806 407 2837 ego
419 2799 514 2835 magis.
528 2799 714 2827 Circumcisus
725 2803 821 2826 octavo
837 2799 892 2832 die,
908 2807 941 2827 ex
954 2807 1000 2835 ge-

246 2855 269 2892 f'f
281 2855 359 2892 Rom.
373 2864 392 2889 ι,
411 2857 455 2890 16,
477 2857 519 2884 17.
561 2856 582 2873 ⁸⁶
599 2856 680 2889 lbid.,
706 2856 737 2883 l7
769 2864 825 2892 seq.

210 2891 232 2906 '°
245 2890 339 2919 Matth.
350 2900 375 2924 ν,
387 2892 430 2920 20.

874 2858 895 2873 ⁸⁷
914 2857 996 2885 Hebr.
1022 2865 1048 2890 ν,
1073 2857 1098 2884 1.

1049 2292 1133 2320 κακὸν
1150 2293 1196 2319 καὶ
1218 2292 1291 2319 κάτω
1311 2301 1361 2318 που
1385 2292 1475 2327 μένειν
1489 2291 1604 2323 ἐῶντες,
1619 2291 1650 2317 τὸ
1663 2291 1692 2317 ὲν
1710 2291 1843 2326 ὑπολήψει

1049 2339 1215 2374 φαυλότητος
1228 2339 1274 2365 καὶ
1287 2338 1400 2374 βεϐήλου
1413 2337 1554 2373 βδελυρίας
1563 2337 1612 2363 οὐκ
1622 2336 1842 2372 ἀπηλλαγμένον,

1049 2387 1091 2412 ἐπ’
1113 2385 1184 2412 αὐτὰ
1203 2385 1252 2419 τῆς
1277 2385 1377 2420 ἀρετῆς
1401 2383 1613 2419 ἀναθρώσκομεν
1629 2383 1662 2410 τὰ
1683 2383 1842 2418 αὐχήματι.

1052 2432 1104 2460 Καὶ
1122 2430 1187 2466 γοῦν
1203 2432 1217 2458 ὁ
1232 2431 1334 2466 Κύριος
1349 2430 1423 2466 ἡμῶν
1445 2430 1548 2465 Ἰησοῦς
1562 2429 1690 2465 Χριστὸς,
1707 2439 1716 2455 ί
1746 2430 1842 2466 Ἀμὴν,

1051 2477 1124 2513 ἀμὴν
1131 2477 1203 2512 λέγω
1214 2477 1288 2512 ὑμῖν,
1302 2476 1349 2502 ἐὰν
1362 2476 1397 2511 μὴ
1411 2475 1594 2511 περισσεύει-ει,
1607 2475 1698 2510 φησὶν,
1713 2475 1729 2510 ἡ
1742 2475 1843 2501 δικαιο-

1053 2522 1221 2558 σύνηῠμῶν,
1242 2522 1322 2549 πλέον
1339 2521 1393 2548 τῶν
1407 2521 1597 2557 Γραμματέων
1617 2521 1663 2547 καὶ
1676 2521 1843 2556 Φαρισαίων,

1051 2571 1081 2596 οὐ
1104 2570 1141 2605 μὴ
1157 2568 1296 2604 εἰσέλθητε
1317 2569 1356 2600 εἰς
1372 2568 1421 2603 τὴν
1445 2567 1585 2602 βασιλείαν
1600 2567 1654 2593 τῶν
1673 2567 1807 2601 οὐρανῶν.
1831 2577 1841 2594 ι

1052 2614 1148 2649 Συνίης
1163 2611 1210 2640 οὖν
1225 2613 1265 2640 ὅτι
1282 2613 1332 2648 τὴν
1346 2612 1476 2639 ἐπέκεινα
1488 2612 1536 2647 τῆς
1554 2611 1624 2639 κατὰ
1641 2612 1724 2647 νόμον
1737 2612 1842 2639 ἑλέσθαι

1051 2660 1225 2695 δικαιοσύνην
1240 2660 1421 2695 προστέταχεν
1435 2659 1450 2685 ὁ
1464 2659 1571 2694 Σωτὴρ,
1584 2659 1631 2685 καὶ
1641 2658 1754 2694 ἄριστόν
1772 2667 1803 2693 γε
1815 2659 1842 2685 τὸ

1051 2708 1146 2743 χρῆμα
1160 2707 1238 2738 εἰδὼς
1256 2707 1270 2732 ὁ
1288 2706 1368 2740 σοφὸς
1382 2705 1484 2741 γράφει
1503 2705 1619 2736 [Ianitor
1639 2714 1647 2730 ι
1667 2704 1700 2731 Εἴ
1715 2714 1759 2736 τις
1772 2706 1843 2732 δοκεί

1052 2754 1131 2786 ἄλλος
1146 2753 1304 2780 πεποιθέναι
1328 2753 1356 2778 ὲν
1380 2752 1478 2787 σαρκὶ,
1496 2750 1551 2786 ἐγὼ
1572 2750 1682 2787 μᾶλλον.
1706 2751 1842 2787 Περιτομὴ

1053 2800 1234 2835 ὀκταήμερος,
1259 2798 1291 2824 ἐκ
1304 2798 1398 2831 γένους
1434 2796 1559 2832 Ἰσραὴλ,
1587 2796 1674 2830 φυλῆς
1702 2796 1842 2832 Βενιαμὶν,

1148 2856 1260 2884 “Rom.
1280 2862 1319 2887 ιιι,
1348 2853 1390 2886 l9,
1405 2853 1449 2880 20.
1490 2853 1511 2869 ’θ’
1529 2853 1614 2881 Exod
1631 2860 1676 2885 sx,
1707 2853 1742 2880 l5
1767 2861 1838 2889 seqq.
