1924 3043
80 178 135 206 Ἇτ

465 176 509 204 DE
529 173 752 204 ADORATIONE
772 173 807 202 IN
827 170 962 200 SPIRITU
983 169 1027 197 ET
1050 167 1234 198 VERI'I‘ATE.
1253 165 1317 194 LIB.
1339 164 1368 194 II.

1672 157 1725 185 Ωιι

86 237 213 272 Ἐϐραῖος
225 236 261 269 ἐξ
278 235 426 272 Ἑϐραίων,
449 235 520 263 κατὰ
537 235 620 271 νόμον
638 234 796 270 Φαρισαῖος,
812 232 883 260 κατὰ
897 254 901 265 Α

952 237 1000 257 ere
1018 229 1116 261 Israel,
1136 235 1171 255 ex
1191 226 1266 255 tribu
1286 223 1444 260 Beniamin,
1459 219 1595 250 Hebraeus.
1613 225 1648 245 ex
1671 217 1725 244 Ile—

83 283 165 320 ζῆλον
174 282 284 310 διώκων
301 283 354 319 τὴν
372 282 546 318 Ἐκκλησίαν,
561 281 632 308 κατὰ
643 279 819 315 δικαιοσύνην
833 279 883 314 τὴν

85 332 118 358 ιν
133 330 210 366 νόμῳ
222 329 373 365 γενόμενος
392 329 548 365 ἄμεμπτος.
565 327 664 354 ’Ἂτινα
677 324 713 362 ἦν
729 335 774 362 μοι
787 325 881 361 κέρδη,

84 377 174 405 ταῦτα
193 377 305 412 ἥγημαι
320 375 366 403 διὰ
383 375 429 402 τὸν
449 373 566 410 Χριστὸν
589 373 702 409 ζημίαν.
733 371 813 399 Ἀλλὰ
834 371 884 407 μὲν

84 421 132 451 οὖν
145 432 178 458 γε
190 422 313 459 ἠγοῦμαι
328 423 365 450 τὰ
380 422 469 449 πάντα
485 421 588 457 ζημίαν
605 418 684 451 εἶναι,
699 418 744 446 διὰ
758 418 788 445 τὸ
801 417 885 453 ὑπερ-

85 470 149 506 έχον
165 469 216 504 τῆς
228 468 360 503 γνώσεως
378 467 466 503 Ἰησοῦ
480 466 600 504 Χριστοῦ
613 465 661 493 τοῦ
676 464 781 501 Κυρίου
793 464 882 499 ήμιῖιν·

84 516 118 543 δι’
139 516 171 543 ὃν
194 515 229 542 τὰ
245 514 336 542 πάντα
356 513 528 549 ἐζημιώθην
550 513 598 540 καὶ
621 511 742 548 ἡγοῦμαι
764 510 886 538 σκύϐαλα

86 560 171 594 εἶναι,
189 561 233 588 ῐνα
249 560 367 597 Χριστὸν
380 559 514 596 κερδήσω,
530 558 578 585 καὶ
595 557 700 593 εὑρεθῶ
715 559 745 584 ὲν
759 556 834 592 αὑτῷ
848 557 885 592 μὴ

87 608 160 644 ἔχων
177 607 248 644 ἐμὴν
267 606 445 642 δικαιοσύνην
461 606 510 642 τὴν
525 606 558 633 ὲκ
574 605 670 641 νόμου,
693 604 761 632 ἀλλὰ
775 604 825 639 τὴν
842 603 888 631 διὰ

87 656 211 688 πίστεως
225 654 356 692 Χριστοῦ.
373 664 386 682 »-

129 785 237 812 ΠᾹΛΛ.
262 784 378 819 Συνίημι
405 784 464 820 μὲν,
486 784 574 820 σαφὴς
598 783 652 818 γὰρ
673 784 687 810 ὁ
705 783 794 817 λόγος·
819 782 889 818 πλὴν

91 833 182 859 ἐκεῖνο
197 832 312 868 φράσον.
325 832 358 858 Ti
369 831 406 867 μὴ
419 831 517 867 μᾶλλον
529 832 558 858 ἐν
570 831 668 866 ἀρχαῖς
683 831 699 865 ἠ
713 829 758 856 διὰ
772 829 890 861 πίστεως

91 878 159 913 ἡμῖν
173 877 346 913 δικαιοσύνη,
363 877 409 904 καὶ¹
428 878 443 903 ὁ
457 877 516 903 κατ’
530 876 613 912 αὐτὴν
628 875 765 911 ἁγιασμὸς
778 875 890 902 ἐθεσπί-

934 273 1026 305 bracis,
1038 271 1190 300 secundum
1202 271 1290 306 legem
1301 268 1466 299 Pbarisaeus,
1477 263 1629 293 secundum
1642 268 1727 290 aemu—

934 320 1066 348 lationem
1092 325 1260 354 persequens
1283 315 1445 347 Ecclesiam,
1469 310 1622 341 secundum
1643 307 1727 344 justi-

935 365 1003 393 tiam
1016 352 1145 400 53mm
1168 362 1198 389 in
1214 362 1273 396 lege
1292 364 1344 392 est,
1365 359 1426 386 sine
1442 356 1566 393 querela.
1591 352 1646 381 Sed
1666 359 1728 387 quae

934 411 1004 439 mihi
1026 410 1140 438 fuerunt
1163 409 1258 440 lucra,
1275 407 1333 434 haec
1355 405 1505 433 arbitratus
1531 408 1591 429 sum
1615 401 1728 434 propter

935 457 1075 487 Christum
1090 455 1269 483 detrimenta-
1279 453 1382 480 Verum
1393 451 1476 479 etiam
1486 448 1613 476 existimo
1635 444 1728 474 omnia

936 504 1134 532 detrimentum
1156 508 1233 533 esse,
1259 503 1370 534 propter
1393 497 1560 525 eminentem
1586 490 1729 520 scientiam

936 550 1001 580 Jesu
1013 547 1116 576 Christi
1134 545 1246 573 Domini.
1265 543 1369 576 nostri;
1384 546 1496 577 propter
1510 546 1593 574 quem
1606 536 1730 564 omnium

938 595 1137 624 detrimentum
1151 591 1215 624 feci,
1230 594 1262 618 et.
1275 589 1395 617 arbitror
1411 592 1442 614 ut
1456 590 1588 616 stercora,
1607 587 1636 609 ut
1649 581 1731 609 Chri-

938 646 1011 670 stum
1034 639 1214 670 lucril'aciam,
1237 641 1267 664 et
1289 634 1414 663 inveniar
1437 632 1465 659 in
1483 631 1530 658 illo
1548 638 1603 657 non
1627 628 1731 655 habens

939 694 1027 715 meam
1039 685 1184 721 justitiam,
1199 690 1260 718 quae
1276 689 1310 709 ex
1332 681 1391 715 lege
1405 681 1461 710 est,
1482 676 1530 704 sed
1550 682 1611 710 qua:
1628 678 1670 700 cst
1683 680 1732 708 per

940 733 1022 761 ﬁdem
1035 718 1137 760 Christi
1154 730 1190 757 Μ,
1207 739 1215 755 ι
1589 718 1591 721 ’

975 775 1073 804 PALL.
1093 774 1218 809 intelligo
1233 772 1314 808 plane
1328 781 1334 798 :
1349 774 1448 805 aperta
1460 767 1535 795 enim
1557 774 1586 793 es
1609 764 1732 792 oratione

941 830 1017 850 usus.
1040 821 1110 849 Illud
1132 824 1223 847 tamen
1237 818 1358 853 explices
1380 815 1461 843 velim
1478 823 1484 840 :
1500 813 1528 840 Si
1544 811 1578 839 ad
1594 809 1734 837 hominem

942 866 1140 905 perﬁciendum
1155 873 1211 892 non
1230 864 1297 892 satis
1311 867 1370 890 erat
1391 861 1503 895 antiqua
1520 858 1573 890 lex,
1586 864 1636 883 cur
1649 862 1703 882 non
1720 862 1736 880 a

92 924 167 957 ζετο,
181 925 261 960 ειπερ
276 906 448 959 οὑκ-απόχρη
460 923 500 955 εις
515 906 658 949 τελείίυσιν
666 923 680 948 ὁ
694 906 777 948 παλαι
791 921 889 956 νόμος;

951 913 1077 948 irincipio
1099 911 1192 947 potius
1206 909 1314 946 justitia
1338 916 1387 943 per
1413 906 1510 937 ﬁdem,
1537 908 1566 930 et
1584 909 1645 937 quze
1658 908 1691 927 ex
1703 907 1737 926 ea

128 1016 214 1045 ΚΥΡ.
235 1016 308 1047 Ὅτι.
332 1013 354 1042 ὦ
376 1016 484 1051 ἑταῖρε,
505 1014 588 1050 φαίην
601 1014 645 1047 ἂν,
666 1013 823 1045 ἀπονίζεται
841 1012 889 1047 μὲν

95 1063 209 1094 εἰκότως
228 1062 259 1089 τὸ
275 1062 388 1098 ρυποῦν,
409 1061 600 1096 ἁποσμήχεται
615 1060 643 1086 δὲ
661 1060 691 1086 τὺ
715 1058 890 1095 μεμολυσμέ-

95 1117 151 1141 νον,
174 1109 224 1135 καὶ⁹
247 1107 495 1144 καταφαιδρύνεται
516 1107 546 1133 τὸ
569 1105 771 1140 ὲσκοτισμένον·
792 1103 891 1140 πρέποι

95 1155 118 1182 δ’
133 1155 179 1187 ἂν,
191 1153 280 1190 οἶμαι,
292 1154 364 1181 κατὰ
378 1154 428 1190 τὴν
441 1154 487 1180 τοῦ
496 1153 621 1188 Σωτῆρος
635 1151 893 1188 φωνὴνγθεραπεύε-

97 1202 160 1229 σθαι
179 1201 232 1237 μὲν
255 1201 285 1228 τδ
300 1200 496 1236 ηῤῥωστηκὸς,
510 1199 651 1226 καλεῖσθαι
671 1199 700 1226 δὲ
720 1198 788 1234 πρδς
809 1197 893 1233 μετά-

97 1254 212 1281 γνωσιν,
225 1245 286 1281 οὐχὶ
300 1246 364 1277 τοὺς
374 1244 568 1280 ὴγιασμένους,
577 1244 646 1271 ἀλλὰ
657 1245 721 1275 τοὺς
732 1245 792 1275 ταῖς
805 1244 895 1279 ἁμαρ-

97 1290 401 1327 τίαιςὲπηχθισμένους.
411 1287 449 1317 Ἦ
457 1290 511 1325 γὰρ
518 1289 578 1324 οὐχὶ
588 1289 895 1325 προκαταγινώσκεσοαι

98 1338 152 1374 χρὴ
163 1338 229 1369 τοὺς
240 1337 425 1373 καλουμένους
438 1337 478 1368 είς
493 1336 600 1370 ἄφεσιν,
617 1336 664 1362 καὶ
679 1336 712 1362 ἐκ
723 1335 772 1370 τῆς
783 1335 896 1368 ἐνούσης

100 1385 194 1416 αὐτοῖς
206 1383 349 1414 ἀσθενείας
363 1382 604 1413 κεκινδυνευκότας
614 1401 622 1413 ,
635 1380 751 1416 ὁρᾶσθαι
765 1380 898 1415 λελυτρω-

103 1428 217 1464 μένους;
232 1428 306 1454 Ἔδει
318 1427 463 1463 τοιγαροῦν
475 1427 584 1462 ἔλεγχον
592 1426 686 1461 ὥσπερ
697 1425 760 1452 τινὰ
771 1426 818 1452 καὶ
831 1434 898 1452 κατ-

103 1476 202 1510 ήγορον
227 1474 330 1510 ἀκριϐῆ
358 1474 408 1509 τῆς
432 1473 561 1500 ἁπάντων
583 1472 743 1504 ἀσθενείας,
774 1472 820 1498 τὸν
849 1472 900 1506 τῆς

103 1521 244 1556 ἁμαρτίας
262 1521 396 1547 δεικτικὸν
411 1519 664 1556 προαναφαίνεσοαι
679 1519 772 1554 νόμον,
795 1519 838 1545 ἵνα
852 1518 900 1545 καὶ

104 1568 153 1603 τῆς
181 1566 259 1598 θείας
284 1567 350 1602 ἡμῖν
375 1566 544 1602 ἡμερότητος
569 1566 620 1600 τῆς
647 1565 690 1591 διὰ
712 1563 829 1600 Χριστοῦ
861 1563 898 1599 μὴ

104 1613 283 1648 ἀγνοῆτσιδτὸ
299 1613 424 1649 μέγεθος.
439 1612 495 1639 Ποῦ
509 1612 564 1648 γὰρ
578 1612 595 1648 ἢ
608 1612 666 1643 πῶς
683 1612 699 1646 ὴ
711 1612 760 1647 τῆς
775 1611 899 1645 ἀφέσεως

105 1661 197 1696 χάρις,
211 1661 236 1686 εί
253 1660 291 1695 μὴ
311 1659 454 1686 ὐποκέοιτο
477 1659 511 1686 τὰ
530 1659 710 1694 ἐγκλήματας
734 1658 788 1684 Καὶ
803 1659 827 1684 εἰ
848 1658 900 1693 χρὴ

107 1707 343 1743 βραχυλογοῦντας
359 1707 406 1734 καὶ
422 1705 469 1732 ἐπί
488 1714 570 1732 τινων
584 1705 706 1742 ἀρχαίων
722 1705 901 1740 διηγημάτων

108 1753 260 1788 ἁναπηδᾷν,
275 1751 329 1788 ὲρῶ
342 1752 432 1784 πάλιν,
453 1753 495 1779 ὅτι
512 1752 550 1787 τῷ
565 1752 613 1788 μὲν
640 1751 765 1787 Ἀϐραὰμ
784 1751 902 1786 ἐτιηγέλο

107 1800 169 1826 λετο
185 1799 200 1825 ὁ
217 1798 285 1830 Θεὸς
298 1799 348 1834 τὴν
364 1798 409 1825 διὰ
423 1798 540 1829 πίστεως
556 1798 647 1834 χάριν·
669 1797 716 1824 καὶ
732 1797 857 1832 καθάπερ
874 1797 902 1823 ἐν

108 1847 221 1881 ἀπαρχῇ
243 1845 299 1872 τῶν
334 1845 492 1881 ἠλεημένων
506 1865 514 1877 ,
547 1846 575 1872 ὲν
609 1844 683 1880 αὐτῷ
714 1844 904 1880 πρεσϐυτέραν

110 1893 229 1918 ἐποιεῖτο
256 1890 303 1918 τοῦ
318 1891 402 1926 νόμου
418 1890 468 1926 τὴν
489 1891 518 1924 ἐξ
537 1891 704 1927 ἡμερότητος
723 1890 830 1925 ἄφεσιν.
857 1890 904 1927 Γέτ

110 1946 233 1974 γραπται
247 1938 319 1973 γὰρ,
334 1923 375 1964 ὅτι
385 1959 393 1970 ,
408 1947 417 1963 ι
436 1923 609 1963 Ἐπίστευσεν
633 1923 757 1972 Ἀϐραὰμ
775 1936 815 1972 τῷ
828 1923 904 1971 Qui),

112 1984 159 2011 καὶ
173 1983 303 2019 ἐλογίσθη
314 1982 388 2018 αὐτῷ
403 1983 443 2014 είς
457 1983 640 2017 δικαιοσύνην.
659 1992 668 2009 ι
685 1982 906 2018 Προσόιαμαρτύ-

114 2039 190 2066 ρεται
213 2030 242 2057 δὲ
261 2030 347 2064 λέγων
370 2031 384 2056 ὁ
400 2029 520 2061 Παῦλος·
549 2038 558 2055 ι
577 2028 639 2060 Πῶς
653 2027 699 2055 οὖν
718 2029 861 2064 ὲλογίσοη;
877 2029 905 2056 ὲν

114 2078 249 2113 περιτομῇ
260 2076 317 2111 ἢηὲν
330 2075 498 2112 ἀκροϐυστία
509 2083 516 2108 ;
531 2075 588 2102 οὐκ
598 2075 626 2101 ὲν
641 2075 775 2110 περιτομῇ
786 2095 793 2107 ,
812 2075 904 2110 φησὶν,

114 2123 170 2151 ἀλλ’
188 2123 218 2150 ἐν
240 2121 424 2157 ἀκροϐυστίᾳ·
442 2121 489 2148 καὶ
511 2122 624 2156 σημεῖον
646 2120 725 2146 ἔλαϐε
744 2121 905 2156 περιτομὴν,

116 2169 251 2205 σφραγῖδα
263 2169 313 2203 τῆς
328 2167 501 2202 δικαιοσύνης
513 2167 562 2202 τῆς
578 2166 706 2198 πίστεως,
717 2166 765 2202 τῆς
781 2168 809 2193 ἐν
823 2167 906 2202 ἀκρο-

117 2216 224 2251 ῦυστίᾳ.
243 2224 253 2241 ι
277 2213 396 2241 Ἤκουσέ
414 2222 445 2240 τε
470 2212 537 2240 Θεοῦ
554 2212 677 2247 λέγοντος
694 2212 826 2249 ἐναργῶς,
848 2213 906 2245 ὅτι,

940 959 1056 991 exsistit,
1070 956 1249 985 sanctiﬁcatio
1264 954 1369 982 sancita
1381 953 1432 987 sit?

975 1006 1053 1033 ΟΥΕ.
1071 1004 1140 1038 Quia
1164 1007 1253 1034 certe,
1276 1000 1397 1030 Palladi,
1423 998 1450 1025 id
1475 992 1735 1024 convenientissima

941 1052 1063 1080 abluitur
1075 1037 1148 1086 quod
1170 1048 1340 1077 sordidatum
1354 1050 1414 1079 est;
1436 1044 1462 1071 id
1480 1040 1646 1076 abstergitur
1662 1037 1736 1073 quod

941 1103 984 1126 est
1000 1098 1190 1133 inquinatum;
1205 1095 1232 1122 id
1247 1094 1400 1121 illustratur
1424 1090 1468 1117 cui
1493 1088 1612 1116 tenebrm
1623 1087 1687 1112 sunt
1698 1083 1739 1110 of-

943 1144 1020 1172 fusze.
1042 1143 1161 1178 {Equum
1178 1145 1221 1168 est
1239 1144 1342 1171 autem,
1360 1137 1466 1172 opinor,
1486 1136 1564 1170 juxta
1588 1128 1739 1159 Salvatoris

944 1187 1030 1214 nostri
1042 1195 1137 1214 vocem
1151 1184 1241 1212 curari
1259 1183 1334 1218 quod
1355 1182 1494 1209 inﬁrmum
1505 1179 1556 1211 sit;
1568 1175 1661 1204 vocari
1673 1181 1739 1201 vero

945 1234 979 1262 ad
998 1233 1198 1270 penitentiam,
1219 1239 1274 1258 non
1289 1238 1336 1257 cos
1355 1228 1402 1263 qui
1423 1224 1583 1254 sanctiﬁcati
1601 1225 1674 1252 sunt,
1691 1220 1739 1247 sed

946 1282 993 1316 qui
1015 1284 1126 1316 propter
1147 1283 1258 1314 peccata
1275 1277 1331 1304 sint
1353 1273 1433 1302 invisi
1452 1273 1485 1298 “.
1506 1271 1546 1298 An
1567 1276 1631 1296 vero
1646 1265 1740 1301 negari

947 1332 1037 1363 potest
1060 1327 1127 1362 quin
1151 1325 1234 1353 fuerit
1251 1331 1331 1359 opus,
1357 1321 1404 1356 qui
1429 1319 1462 1346 ad
1486 1315 1657 1345 remissionis
1677 1321 1739 1348 gra-

949 1375 1014 1402 tiam
1022 1377 1197 1405 vocarentur,
1207 1380 1255 1399 eos
1270 1374 1333 1398 ante
1343 1365 1538 1397 condemnari,
1550 1367 1580 1390 ut
1590 1370 1652 1389 cum
1665 1360 1742 1395 prius

949 1425 1060 1456 propter
1074 1418 1261 1446 inﬁrmitatem
1274 1424 1334 1450 (iure
1346 1416 1373 1441 in
1386 1413 1440 1440 illis
1454 1414 1537 1442 esset,
1550 1409 1577 1436 in
1589 1406 1686 1435 salutis
1697 1413 1744 1440 pe-

951 1466 1068 1493 riculum
1082 1465 1232 1495 venissent,
1251 1466 1308 1489 tum
1324 1460 1443 1494 denique
1463 1454 1597 1490 redempti
1615 1452 1743 1480 videren-

952 1513 1014 1541 tur?
1047 1511 1182 1545 Quocirca
1207 1516 1320 1537 necesse
1354 1506 1406 1534 fuit
1430 1505 1505 1532 velut
1528 1499 1743 1535 redargutriceni

953 1558 1110 1594 quamdam,
1127 1560 1155 1584 et
1175 1554 1413 1590 diligentissimam
1436 1547 1603 1578 inﬁrmitatis
1622 1543 1745 1572 omnium

950 1604 1146 1632 accusatriccm
1162 1601 1329 1637 promulgari
1347 1599 1434 1634 legem
1449 1604 1509 1624 eam
1530 1593 1574 1622 cui
1595 1592 1637 1619 vis
1652 1594 1745 1618 osten-

951 1650 1035 1679 dendi
1055 1653 1198 1685 peccatum
1216 1647 1328 1677 inesset,
1347 1649 1378 1671 ut
1393 1651 1427 1671 ne
1442 1641 1543 1670 divina:
1558 1637 1746 1674 benignitatis,

952 1704 1013 1732 qua:
1023 1683 1072 1731 per
1082 1694 1223 1722 Christum
1238 1690 1361 1719 exhibita
1372 1692 1424 1720 cst,
1441 1684 1658 1723 magnitudinem
1672 1683 1748 1717 igno-

953 1750 1085 1771 raremus.
1098 1741 1150 1769 Ubi
1162 1739 1236 1767 enim
1251 1742 1298 1765 aut
1312 1735 1451 1772 quomodo
1467 1733 1550 1760 fuerit
1561 1732 1638 1758 locus
1651 1729 1746 1755 remit—

954 1789 1022 1818 tenti
1038 1787 1141 1824 gratim,
1163 1785 1216 1814 nisi
1228 1784 1307 1820 prius
1321 1781 1484 1810 criminibus
1496 1775 1693 1806 demonstratis
1707 1780 1749 1802 at-

954 1844 1007 1872 que
1022 1833 1194 1862 constitutis?
1205 1832 1304 1866 Atque,
1318 1833 1348 1857 ut
1359 1828 1435 1856 brevi
1448 1830 1508 1854 utar
1524 1824 1659 1854 oratione,
1675 1825 1703 1850 et
1713 1821 1748 1847 ad

954 1885 1078 1908 veterum
1093 1877 1217 1913 exempla
1231 1879 1381 1906 recurram,
1394 1872 1484 1900 dicam
1499 1870 1591 1898 denuo
1608 1876 1614 1894 :
1632 1865 1750 1894 Abrahae

955 1924 1102 1963 spopondit
1119 1912 1230 1959 quidem
1244 1922 1318 1949 Deus
1335 1919 1452 1955 gratiam
1474 1924 1522 1952 per
1539 1914 1631 1946 ﬁdem,
1653 1912 1681 1938 in
1701 1918 1750 1938 eo-

956 1983 1009 2011 que
1027 1972 1138 2000 homine
1154 1976 1283 2004 tanquam
1303 1968 1331 1994 in
1344 1964 1474 2002 primitiis
1489 1969 1585 1990 eorum
1605 1959 1652 1995 qui
1668 1957 1750 1984 inise-

956 2020 1102 2050 ricordiam
1115 2015 1255 2045 consecuti
1267 2018 1341 2046 sunt,
1355 2011 1557 2040 remissionem,
1570 2014 1631 2041 quae
1645 2004 1691 2032 Dei
1706 2003 1752 2029 be-

957 2068 1088 2104 nignitate
1099 2067 1256 2100 praestatur,
1271 2061 1328 2096 ipsa
1339 2060 1398 2094 lege
1411 2056 1575 2085 nobiliorem
1586 2052 1661 2080 fecit.
1675 2049 1751 2077 Seri-

957 2102 1035 2151 ptum
1046 2118 1089 2142 est
1100 2113 1175 2141 enim
1192 2120 1199 2138 :
1212 2123 1220 2136 ι
1234 2107 1358 2136 Credidit
1372 2104 1509 2133 Abraham
1522 2102 1588 2133 Deo,
1601 2103 1629 2126 et
1641 2102 1752 2133 reputa.

959 2149 1016 2189 tum
1041 2164 1083 2188 est
1110 2160 1136 2188 ei
1160 2158 1195 2186 ad
1215 2156 1352 2193 justitiam
1375 2152 1408 2178 ⁸³.
1435 2161 1443 2176 ι
1468 2150 1639 2177 Protestatur
1661 2149 1752 2171 autem

958 2207 1070 2240 Paulus,
1091 2209 1175 2241 atque
1193 2204 1232 2231 ait
1257 2211 1263 2229 :
1291 2211 1299 2227 ε
1324 2197 1467 2233 Quomodo
1488 2195 1572 2231 igitur
1596 2193 1753 2226 reputatqu

120 2273 129 2288 ι
152 2243 426 2296 Ἐνευλογηθήσονται
439 2260 468 2285 ὲν
481 2259 523 2286 σοὶ
546 2235 683 2285 missa};
779 2235 861 2285 T'yl‘bv

965 2253 1024 2281 est?
1037 2253 1067 2280 In
1080 2249 1289 2279 circumcisione
1304 2254 1339 2273 an
1360 2245 1388 2272 in
1410 2237 1560 2279 prmputio?
1579 2238 1638 2266 Non
1654 2236 1682 2263 in
1698 2235 1752 2262 cir-

121 2319 129 2332 ι
148 2308 177 2334 ὲν
194 2307 248 2339 σοὶ,
266 2316 275 2331 ι
299 2306 429 2342 σημαίνοι
438 2305 471 2333 ἂν
486 2305 526 2337 τὺ,
544 2304 606 2332 καθ’
618 2304 763 2340 ὁμοιότητα
775 2305 826 2340 τὴν
838 2305 905 2340 σὴν·

119 2353 188 2380 οὕτω
202 2361 233 2379 τε
250 2353 340 2383 συνεὶς
361 2352 376 2378 ὁ
398 2351 505 2383 Παῦλός
525 2359 592 2386 φησι
609 2359 616 2366 ”
639 2360 650 2377 ‹
673 2351 826 2386 Προῖδοῦσα
840 2351 869 2377 δὲ
891 2352 908 2386 ὴ

120 2400 215 2436 Γραφὴ
233 2400 275 2426 ὅτι
288 2399 320 2425 ὲκ
335 2398 454 2430 πίστεως
472 2398 571 2424 δικαιοῖ
583 2397 618 2424 τὰ
630 2396 693 2432 ἔθνη
717 2397 731 2422 ὁ
751 2397 826 2428 Θεὸς,
844 2405 910 2432 προ-

120 2445 318 2481 ευηγγελίσατο
332 2440 370 2480 τῷ
384 2444 520 2479 Ἀϐραὰμ,
533 2445 575 2471 ὅτι
595 2443 868 2478 Ἐνευλογηοήσονται
883 2444 911 2470 ἐν

122 2494 162 2520 σοὶ
177 2492 268 2519 πάντα
282 2491 317 2518 τὰ
330 2491 404 2526 ἕονη.
421 2491 503 2517 Ὥστε
520 2492 544 2518 οἱ
556 2491 589 2517 ὲκ
604 2490 720 2521 πίστεως
737 2489 911 2524 εὐλογοῦνται

123 2539 169 2565 σὺν
192 2537 232 2573 τῷ
254 2536 344 2571 πιστῷ
367 2536 500 2572 Ἀϐραάμ.
519 2545 529 2561 )
555 2535 672 2571 Σημείον
688 2532 734 2561 οὖν
749 2533 802 2569 ἄρα
818 2534 868 2569 τῆς
884 2535 913 2560 ὲν

123 2583 290 2620 ἀκροϐυστίᾳ
301 2584 418 2614 πίστεως
430 2602 437 2614 ,
453 2583 470 2616 ἡ
485 2581 630 2617 περιτομὴ,
644 2580 816 2608 δεδικαίωται
827 2580 856 2607 δὲ
864 2580 914 2606 οὐκ

124 2630 150 2663 ἐξ
162 2629 253 2665 ἔργων
268 2629 351 2664 νόμου
361 2648 369 2661 ,
388 2627 435 2654 καὶ
450 2627 500 2662 τῆς
522 2627 551 2653 ὲν
577 2627 659 2662 σαρκὶ
674 2625 826 2661 περιτομῆς
847 2634 914 2662 πρε-

125 2676 244 2712 σϐύτερα
258 2675 385 2710 φαίνεται
391 2674 425 2701 τὰ
441 2673 484 2701 διὰ
497 2673 588 2700 πίστιν
602 2673 757 2708 αὐχήματα.
768 2672 845 2704 Φίλος
860 2671 914 2709 γὰρ

124 2723 226 2758 ἐκλήθη
239 2721 319 2749 Θεοῦ.

961 2298 1153 2330 οιιιιιεὶεἰοιιο,ι
1166 2295 1264 2331 inquit,
1278 2303 1287 2319 ‹
1297 2291 1344 2320 sed
1356 2291 1383 2318 in
1393 2287 1535 2325 praeputio;
1549 2290 1577 2312 et
1587 2284 1693 2318 signum
1706 2288 1752 2307 ac—

962 2345 1037 2381 cepit
1064 2342 1317 2372 circumcisionem,
1343 2334 1513 2371 signaculum
1537 2328 1649 2366 justitim
1673 2325 1753 2357 ﬁdei,

1428 2380 1437 2381 κ
1659 2377 1664 2381 Δ
1718 2371 1753 2381 ,η

964 2371 1025 2427 quin
1046 2390 1099 2418 fuit
1122 2389 1150 2416 in
1179 2385 1312 2423 praeputio
1336 2383 1369 2409 δι.
1398 2391 1406 2406 ›
1426 2380 1568 2413 Deumque
1592 2377 1684 2410 aperte
1703 2371 1756 2399 sibi

965 2438 1103 2466 dicentem
1114 2433 1219 2462 audivit
1233 2442 1239 2458 :
1257 2441 1266 2457 ι
1282 2428 1482 2457 Benedicentur
1497 2424 1526 2450 in
1540 2427 1567 2450 te
1579 2427 1674 2449 omnes
1689 2426 1756 2454 gen—

966 2488 1006 2511 tes
1025 2482 1059 2508 ".
1087 2490 1096 2506 ›
1115 2479 1203 2514 Hujus
1224 2481 1316 2504 autem
1340 2472 1417 2501 verbi
1436 2481 1445 2498 (
1463 2472 1490 2498 in
1513 2473 1538 2496 te
1559 2478 1568 2494 ›
1586 2475 1618 2495 ea
1638 2465 1679 2492 vis
1699 2463 1756 2491 for-

964 2533 1036 2556 tasse
1053 2527 1099 2559 sit,
1121 2529 1152 2552 ut
1165 2524 1199 2551 ad
1215 2521 1423 2550 similitudinem
1443 2522 1516 2545 tuam
1532 2512 1668 2550 signiﬁcet
1685 2517 1756 2550 ξλεο-

965 2582 1019 2611 que
1033 2581 1115 2602 sensu
1130 2579 1192 2599 cum
1209 2569 1311 2597 Paulus
1327 2565 1517 2595 intellexisset,
1532 2559 1622 2595 inquit
1635 2567 1642 2585 ι
1663 2568 1671 2582 ε
1687 2557 1753 2584 ΡΠῐῖ-

968 2604 1067 2650 vidcns
1083 2625 1174 2647 autem
1190 2616 1330 2651 Scriptura
1355 2612 1409 2648 54.
1424 2611 1497 2647 quod
1511 2617 1545 2637 ex
1561 2607 1613 2634 ﬁde
1627 2604 1758 2642 justiﬁcat

967 2673 1064 2704 gentes
1075 2667 1159 2697 Deus,
1171 2660 1367 2699 praenuntiavit
1383 2658 1532 2688 Abraham,
1545 2653 1759 2682 Benedicentur,

967 2714 1113 2750 inquiens,
1130 2713 1158 2740 in
1180 2716 1207 2739 te
1221 2707 1328 2743 omnes:
1342 2709 1446 2742 gentes.
1474 2703 1559 2738 Igitur
1575 2699 1623 2736 qui
1646 2705 1679 2725 ex
1707 2695 1759 2724 ﬁde

126 2776 204 2805 sunt,
232 2770 436 2799 benedicuntur
464 2776 526 2796 cum
553 2768 626 2797 ﬁdeli
657 2767 795 2796 Abraham
827 2767 859 2793 '°.
889 2776 898 2792 ι
922 2748 1035 2800 Signum
1057 2767 1100 2791 est
1116 2761 1199 2796 igitur
1232 2754 1405 2785 circumcisio
1438 2751 1502 2780 ﬁdei
1526 2749 1600 2778 illius
1634 2753 1695 2782 qua:
1718 2748 1759 2771 est

171 2873 194 2889 "
225 2871 318 2907 Philip
342 2854 416 2902 λιιι,
441 2871 500 2898 4-9.

171 2931 173 2935 .
191 2909 218 2935 5.
272 2908 296 2923 ³⁸
319 2879 407 2935 Ealat.
427 2914 470 2935 ιιι,
488 2906 500 2933 ﬂ

191 2873 206 2916 ‘_
225 2871 503 2916 Phil-ipinut-l-Q‘.’
549 2872 570 2888 “
592 2870 686 2899 Matth.
700 2878 736 2904 rx,
753 2869 792 2897 l3.

130 2917 173 2943 tut,
191 2909 218 2936 3.
272 2908 296 2923 ³⁸
319 2906 407 2935 Galat.
427 2914 470 2940 ut,
488 2906 514 2933 8.

847 2868 869 2884 ⁸³
887 2867 985 2894 Cenes.
1001 2873 1045 2897 xv,
1060 2863 1093 2896 6;
1122 2862 1201 2890 Rom.
1215 2867 1250 2893 tv,
1265 2858 1291 2885 5.

1341 2852 1460 2886 “Ibid,
1488 2850 1528 2877 lO.
1554 2847 1596 2875 ll.
1650 2844 1672 2861 "
1689 2843 1758 2871 Gen.
