1924 3043
207 155 260 184 919

703 163 730 192 S.
752 164 889 194 CYRILLI
907 167 1144 200 ALEXANDRINI
1163 175 1325 204 ARCIIIEP.

1792 183 1845 210 9'20

207 215 236 243 in
249 219 396 254 praeputio;
409 220 628 257 justiﬁcatusque
640 227 684 251 est
697 223 743 251 ille
757 233 812 253 non
825 234 858 254 ex
868 228 998 262 operibus
1016 230 1101 266 legis;
1136 238 1165 260 et
1194 235 1308 270 gloriam
1326 235 1387 264 ﬁdei
1402 237 1564 266 nobiliorem
1580 246 1639 267 esse
1655 247 1739 274 quam
1757 239 1801 268 iila
1819 241 1845 268 in

206 269 290 292 Carne
307 266 491 303 circumcisio,
512 269 688 304 perspicuum
710 276 763 305 est,
780 274 887 302 amicus
898 276 998 312 quippe
1017 278 1066 306 Dei
1090 280 1251 315 appellatus.

242 300 340 338 PALL.
356 312 426 345 Quid
443 300 526 349 igitur
540 300 630 344 causae
647 317 698 345 fuit
720 300 771 347 cur
791 300 887 349 sua};
900 300 977 351 ἷιιέὲ

1034 300 1066 306 Ὢ
1265 327 1339 366 οὗνή
1357 330 1486 367 μέλλησις
1502 333 1550 359 τοῦ
1571 333 1642 360 κατὰ
1658 333 1752 360 πίστιν
1769 334 1849 367 ἁγια-

206 354 260 381 ﬁde
274 357 453 386 sanctificatio
467 366 631 396 moraretur,
646 372 701 392 non
717 366 835 397 absurde
851 371 996 401 addubita—

204 401 305 435 verim;
318 411 412 438 quaero
424 406 498 433 enim
514 415 567 443 qua
579 409 613 437 de
627 417 708 439 causa
722 412 829 448 signum
844 417 932 453 ipsum
948 416 996 448 an?

204 446 317 482 tiquiori
343 449 379 477 sit
400 451 497 480 ordine
520 454 694 491 collocatum,
719 446 864 494 posteriori
887 472 952 493 vero
967 466 995 494 id

203 493 276 526 quod
294 497 470 528 praestantius
485 500 546 527 est?
719 493 728 494 ί
901 528 909 535 κ

237 538 316 567 CYR.
333 540 404 574 Quid
428 544 513 579 enim,
528 554 622 576 nonne
643 549 763 580 diximus
778 554 860 582 modo
873 555 992 585 admira-

201 584 308 614 bilioris
331 589 475 624 cujusdam
497 596 579 628 atque
600 595 769 626 sublimioris
789 601 897 630 artiﬁcii
924 612 993 640 opus

930 630 954 640 τ
964 630 992 633 __

199 630 286 660 fuisse
302 637 333 660 ut
347 634 401 667 lex,
419 644 480 671 quae
500 639 706 676 condemnaret,
723 649 907 677 antevenere:
921 654 992 678 tem-

199 678 274 711 poris
289 679 386 709 ordine
398 681 479 710 ﬁdem
498 692 559 719 quae
570 686 753 721 justiﬁcaret?
765 699 856 721 nonne
867 703 933 723 vero
945 696 991 724 lux

198 723 226 751 in
243 727 363 756 tenebris
386 729 460 758 lucet
483 731 523 759 '7?
539 733 627 762 virtus
650 743 760 772 quoque
781 739 810 767 in
831 741 990 773 inﬁrmitate

197 771 349 806 perﬁcitur,
362 780 393 803 ut
405 777 536 812 scriptum
551 785 594 808 est
614 780 665 808 'V'?

232 816 331 846 PALL.
350 820 433 849 Recte
448 822 527 851 dicis.
540 853 545 857 _

231 861 309 917 CYf't.
326 865 412 900 Igitur
425 868 470 895 lex
484 870 651 901 subintravlt
671 879 701 903 ut
715 876 869 908 abundaret
888 889 989 917 pecca-

196 910 264 934 tum.
284 907 334 936 Ubi
354 911 429 939 enim
452 921 507 942 non
533 921 576 944 est
599 917 652 951 lex,
671 927 761 956 neque
775 907 962 958 prmvaribatio
979 939 986 957 :

194 954 428 986 prmvaricationis
437 964 529 988 autem
540 966 568 990 et
577 963 646 999 ejus,
656 954 761 1001 quae-ad
770 954 840 998 hanc
848 973 984 1008 perducit,

592 997 598 999 _
664 997 673 1001 -
831 997 836 998 ν
848 997 861 1007 r
869 997 892 999 ~~
900 997 984 1008 *κν-’ν

194 997 308 1033 ignaviae
321 1009 445 1037 qumnam
457 1007 545 1041 possit
558 1009 671 1047 intelligi
687 1014 861 1051 condonatio,
875 1019 928 1047 nisi
942 1021 985 1049 lex
1006 1015 1030 1045 Β

193 1050 273 1075 antea
297 1056 349 1077 nos
372 1051 600 1083 condemnasset?
619 1057 697 1091 Quod
721 1066 812 1090 autem
832 1073 928 1094 verum
952 1069 988 1096 sit

192 1092 265 1126 quod
286 1093 404 1123 dicimus
418 1105 508 1133 neque
524 1100 558 1128 de
575 1102 626 1130 hac
649 1113 678 1132 re
701 1114 770 1135 vana
787 1113 815 1136 et
835 1110 925 1146 inepta
951 1115 987 1142 sit

191 1138 289 1172 oratio,
302 1143 456 1175 patrocinio
469 1145 546 1174 Pauli
561 1150 739 1185 conﬁrmabo,
755 1154 872 1185 dicentis
887 1167 893 1184 :
912 1168 922 1184 ι
935 1159 986 1187 lla-

190 1191 244 1219 que
261 1185 305 1213 lex
328 1194 443 1224 propter
454 1195 696 1227 praevaricationes
705 1201 794 1234 posita
809 1206 862 1235 est,
879 1212 984 1239 quous-

189 1238 243 1265 que
257 1233 364 1261 veniret
379 1243 472 1265 semen
482 1259 490 1272 ,
515 1241 560 1268 cui
576 1245 773 1278 repromissum
791 1252 843 1281 est,
858 1250 984 1279 ordinata

188 1284 238 1312 per
267 1281 379 1316 angelos
407 1282 439 1311 ⁸⁸.
465 1295 474 1311 ι
502 1285 638 1317 Caeterum
673 1292 737 1327 quia
766 1295 984 1329 sapientissimus

187 1330 257 1358 erat,
268 1325 376 1356 futuras
391 1331 557 1368 quandoque
566 1338 748 1370 quorumdam
765 1340 908 1370 hominum
924 1352 984 1371 vcr-

187 1371 287 1400 borum
302 1377 424 1410 argutias
436 1382 518 1414 atque
534 1381 721 1414 dubitationes
737 1389 886 1422 praecidere
901 1393 982 1419 moli-

189 1422 252 1451 tur;
270 1420 386 1453 etenim,‘
401 1423 554 1454 verisimile
577 1433 636 1456 erat
656 1420 788 1465 quosdam
812 1434 845 1462 de
868 1436 982 1471 iustitiae

665 1461 674 1465 -
835 1461 842 1462 ί
868 1461 981 1471 Ι“““““¹““⁸

186 1461 252 1490 ﬁdei
267 1464 398 1494 dilatione
411 1476 443 1496 ac
456 1477 530 1498 mora
545 1476 686 1509 conqueri,
702 1485 734 1505 ac
747 1478 847 1514 dicere,
862 1482 924 1511 ideo
937 1484 981 1511 in-

187 1508 267 1536 terim
281 1511 450 1542 subintrasse
467 1515 565 1552 legem,
583 1508 613 1547 ut
633 1522 752 1558 antiqum
774 1508 847 1554 illius
862 1529 980 1562 promis-

185 1555 271 1584 sionis
283 1557 398 1587 ﬁrmitas
409 1561 561 1592 tolleretur.
577 1565 670 1602 Itaque
683 1555 773 1605 inquit
785 1580 794 1598 ι
809 1582 818 1598 ‹
829 1555 885 1601 Lex
897 1574 980 1611 igitur

186 1600 279 1611 κιὼν
410 1606 414 1611 -
474 1608 489 1611 —
515 1609 538 1611 μ
569 1610 573 1611 ν

185 1600 318 1630 adversus
328 1606 461 1639 promissa
474 1608 521 1636 Dei
530 1609 542 1636 ?
551 1610 637 1645 absit;
653 1612 676 1640 si
688 1614 763 1642 enim
775 1617 839 1645 data
853 1600 925 1648 esseut
937 1616 979 1649 le'x

184 1655 246 1682 qua:
267 1656 360 1684 posset
376 1653 524 1689 \‘iviﬁcarc,
550 1665 614 1686 vere
631 1667 665 1688 ex
690 1661 846 1698 legeesset
859 1666 975 1702 justitia.

185 1693 238 1721 Sed
255 1697 391 1726 conclusit
404 1698 544 1736 Scriptura
557 1705 648 1733 omnia
661 1693 900 1743 subvpeccato,'ut
912 1721 977 1748 pro-

184 1741 279 1769 missio
296 1751 330 1770 cx
352 1744 405 1772 ﬁde
427 1746 492 1775 Jesu
517 1748 620 1778 Christi
647 1741 760 1782 daretur
785 1741 976 1794 credentibus;

183 1788 260 1823 prius
273 1794 365 1818 autem
381 1799 461 1827 quam
477 1795 584 1824 veniret
600 1796 677 1831 ﬁdes,
694 1800 745 1827 sub
760 1801 818 1837 lege
841 1788 979 1833 custodio;

183 1833 282 1862 bamur
297 1837 421 1866 conclusi
444 1839 471 1867 in
487 1848 548 1869 cam
565 1842 646 1871 ﬁdem
670 1854 731 1881 quae
753 1849 898 1878 revelanda
918 1856 977 1879 erat

183 1877 211 1906 in
226 1887 292 1914 nos;
307 1882 398 1918 itaque
411 1884 454 1916 lex
466 1887 628 1924 paedagogus
643 1877 736 1920 noster
748 1893 800 1922 fuit
813 1895 841 1923 in
855 1896 975 1931 Christo,

182 1928 213 1950 ut
225 1932 259 1952 ex
273 1925 326 1954 ﬁde
338 1928 522 1970 justiﬁcemur
536 1941 542 1959 :
557 1937 584 1960 at
604 1934 650 1962 ubi
664 1937 837 1972 venit-ﬁdes,
850 1941 905 1976 jam
920 1925 976 1970 nou

182 1977 277 1999 sumus
299 1974 351 2001 sub
368 1967 525 2013 paedagogo,
544 1987 640 2008 omnes
662 1982 736 2010 enim
762 1984 811 2012 ﬁlii
831 1967 879 2014 Dei
897 1988 974 2022 estis,

181 2024 230 2052 per
250 2018 331 2046 ﬁdem
354 2029 414 2056 quae
437 2027 480 2050 est
504 2024 530 2052 in
554 2025 664 2055 Christo
687 2029 751 2057 Jesu
772 2031 826 2058 ⁸³.»
845 2018 974 2068 Ejusdem

180 2070 247 2091 vero
258 2064 438 2096 dubitationis
452 2069 650 2100 obscuritatem
661 2075 835 2110 perspicuam
849 2064 915 2108 facit
927 2080 976 2108 ad-

177 2108 313 2146 jungens:
333 2121 342 2138 ι
367 2112 424 2142 lloc
447 2120 540 2144 autem
564 2117 637 2152 dico,
661 2108 761 2157 inquit,
778 2127 973 2155 testamentum

179 2153 370 2184 conﬁrmhtum
386 2158 438 2195 55
458 2167 473 2187 a
487 2160 543 2189 Deo
558 2170 619 2198 qum
637 2153 974 2206 post-quadringentos;

179 2199 289 2236 triginta
300 2210 387 2231 annos
396 2204 465 2233 facta
479 2211 522 2235 est
534 2208 587 2241 lex,
599 2199 654 2238 non
666 2199 774 2241 irrit-um
785 2199 850 2243 facit
861 2217 894 2244 ad
907 2226 972 2246 eva-

177 2247 310 2276 cuandam
324 2252 534 2285 promissionem
551 2263 557 2282 :
572 2264 634 2285 nam
652 2255 675 2286 si
692 2267 726 2287 ex
740 2260 799 2297 lege
814 2262 970 2297 haereditas,

174 2295 229 2329 jam
245 2304 299 2324 non
314 2305 349 2326 ex
363 2299 561 2335 promissione;
579 2302 694 2333 Abrahae
707 2295 798 2335 autem
810 2316 860 2344 per
874 2318 970 2346 repro-

176 2341 333 2371 missionem
355 2344 466 2374 donavit
491 2347 565 2376 Deus

174 2393 316 2423 peccatum
332 2399 383 2419 nos
397 2394 585 2428 conclusisset,
607 2401 638 2424 ut
656 2398 819 2436 paedagogus
836 2401 868 2428 ad
885 2402 967 2430 Chri—

173 2439 246 2462 stum
267 2436 396 2472 adduxit;
422 2439 485 2468 ﬁnis
509 2441 582 2469 enim
605 2443 674 2479 legis
704 2453 736 2474 ac
770 2448 966 2483 prophetarum

173 2480 309 2509 Christus.
326 2482 421 2518 Itaque
441 2485 465 2512 is
479 2486 587 2516 dicebat
603 2489 759 2519 Judaaorum
770 2480 903 2529 populis,
919 2496 966 2530 qui

173 2527 226 2554 sibi
243 2536 298 2556 non
312 2526 504 2560 crediderant:
525 2543 534 2559 ι
552 2534 582 2562 Si
594 2537 744 2566 crederetis
763 2538 856 2575 Moysi,
869 2541 966 2570 crede-

173 2573 239 2600 retis
256 2574 350 2610 utique
368 2580 397 2604 et
414 2577 492 2606 mihi.
515 2580 553 2608 De
568 2589 611 2610 me
627 2583 700 2611 enim
716 2585 762 2612 ille
781 2573 890 2622 scripsit
904 2589 935 2616 ".
952 2599 960 2615 I

171 2619 359 2649 Justiﬁcamur
368 2623 441 2666 enim
452 2633 506 2653 non
514 2633 548 2654 ex
558 2629 774 2667 operibuslegis,
789 2619 843 2660 sed.
851 2633 903 2661 ﬁde
915 2643 964 2670 po-

172 2666 227 2694 tius
249 2667 276 2694 in
297 2663 437 2698 Christum
455 2680 461 2698 :
487 2681 497 2697 ‹
519 2672 681 2710 Quicunque
695 2677 768 2705 enim
783 2686 817 2706 ex
831 2681 962 2716 Operibus

171 2713 239 2749 legis
254 2720 328 2748 sunt,
344 2717 395 2745 sub
407 2719 553 2748 maledicto
566 2726 644 2755 sunt;
662 2724 794 2759 scriptum
809 2731 850 2754 est
864 2728 937 2756 enim
953 2737 960 2757 τ

170 2758 332 2789 Maledictus
348 2763 437 2791 omnis
450 2765 497 2800 qui
513 2773 568 2794 non
590 2771 771 2803 permanserit
793 2772 820 2799 in
833 2774 962 2803 omnibus

171 2812 233 2841 quae
246 2807 346 2843 scripta
360 2815 424 2838 sunt
438 2810 465 2838 in
483 2811 554 2840 libro
568 2813 645 2849 legis,
661 2820 691 2843 ut
708 2816 789 2844 faciat
803 2825 844 2845 ea.
863 2819 916 2847 Sed
928 2829 962 2848 ex

1051 372 1132 408 σμοῦ,
1146 375 1353 412 ἐπαπορήσαιμι
1361 377 1384 403 δ’
1393 377 1426 404 ἂν
1436 379 1558 412 εἰκότως,
1569 379 1630 406 ἀνθ’
1638 380 1700 406 ὅτου
1714 380 1746 416 δὴ
1757 380 1845 414 λέγων

1048 418 1086 450 ὡς
1099 420 1127 446 ἐν
1143 421 1316 459 πρεσϐυτέρᾳ
1330 422 1403 450 θέσει
1417 424 1446 451 τὸ
1461 427 1574 461 σημεῖον
1591 426 1638 453 καὶ
1652 426 1692 458 ὡς
1710 427 1741 452 ὲν
1754 427 1845 453 δευτέ-

1050 473 1108 500 ροις
1121 466 1153 493 τὸ
1167 467 1334 504 ὺπερτεροῦν
1346 478 1354 503 ;

1083 557 1163 585 ΚΥΡ.
1182 559 1221 586 Οὐ
1237 560 1291 595 γὰρ
1308 561 1414 598 ἔφαμεν
1428 563 1530 600 ἀρτίως
1552 564 1590 597 ὡς
1605 564 1775 600 ἀξωγάστου
1794 565 1843 592 καὶ

1046 601 1203 639 ἀπορρήτου
1217 605 1289 638 τινὸς
1308 607 1448 643 εὐτεχνίας
1464 609 1544 645 ἔργον
1559 608 1594 646 ἦν
1614 610 1644 637 τὸ
1660 610 1843 647 προαναθρὼ-

1047 655 1123 676 σκειν
1140 651 1169 676 ἐν
1183 650 1271 687 χρόνῳ
1286 652 1337 687 τῆς
1349 653 1507 691 δικαιούσης
1516 656 1635 689 πίστεως
1647 657 1694 684 τδν
1704 658 1841 692 κατακρὶ-

1045 703 1125 722 νοντα
1140 696 1238 732 νόμον;
1251 698 1267 734 ἢ
1282 699 1341 734 οὐχὶ
1352 700 1383 727 τὸ
1394 701 1451 736 φῶς
1465 703 1494 728 ἐν
1508 704 1540 739 τῇ
1558 704 1653 739 σκοτίᾳ.
1667 703 1778 738 φαίνει;
1795 705 1842 731 καὶ

1043 741 1060 777 ἡ
1077 741 1191 778 δύναμις
1202 745 1232 771 ὲν
1250 744 1376 782 ἀσθενείᾳ
1395 748 1555 782 τελειοῦται,
1573 750 1644 777 κατὰ
1665 750 1696 777 τὸ
1715 759 1844 786 γεγραμ-

1045 787 1125 822 μένον
1136 796 1144 821 ;

1078 833 1184 861 ΠΑΛΛ.
1201 833 1237 862 Εὖ
1252 835 1351 871 λέγεις.

1078 879 1161 908 ΚΥΡ.
1174 882 1280 910 οὐκοῦν
1295 884 1377 919 νόμος
1396 885 1589 922 παρεισῆλθεν,
1602 887 1645 913 ῑνα
1657 887 1797 924 πλεονάσῃ
1808 887 1841 914 τὸ

1041 927 1227 964 παράπτωμα.
1235 927 1273 956 Ob
1285 930 1339 966 γὰρ
1348 931 1398 958 οὐκ
1409 931 1483 959 ἐστιν
1493 933 1584 968 νόμος,
1596 933 1656 960 οὐδὲ
1665 934 1839 969 παράϐασις.

1041 973 1225 1009 Παρασάσεως
1235 976 1263 1003 δέ
1272 977 1318 1004 καὶ
1327 979 1376 1013 τῆς
1389 978 1520 1006 ἐπὶτοῦτο
1532 979 1672 1016 ῥᾳστώνης
1684 981 1745 1010 πῶ;
1756 981 1789 1006 ἄν
1797 990 1838 1012 τις

1046 1018 1094 1046 ἴδοι
1112 1020 1162 1056 τὴν
1177 1021 1285 1056 ἄφεσιν,
1309 1024 1339 1050 οὐ
1357 1025 1624 1061 προκατακρίναντος
1644 1027 1719 1062 ἡμᾶς
1732 1026 1781 1053 τοῦ
1795 1027 1840 1053 νό-

1040 1072 1103 1100 μου;
1117 1067 1214 1094 Ὀτιδὶ
1233 1067 1333 1104 ἀληθὲς
1354 1070 1368 1097 ὃ
1388 1079 1470 1106 φημι,
1487 1072 1534 1098 καὶ
1555 1073 1605 1099 οὒκ
1619 1072 1743 1107 ἐξίτηλος
1763 1073 1835 1107 τιςῆ

1037 1111 1157 1147 ἁκαλλὴς
1172 1114 1186 1139 ὁ
1199 1114 1244 1140 ἐπὶ
1260 1114 1327 1150 τῷδε
1344 1115 1433 1150 λόγος,
1448 1117 1612 1154 συλλήψεται
1627 1118 1712 1153 λέγων
1729 1120 1745 1146 ὀ
1759 1119 1836 1146 [lai-

1036 1156 1099 1188 λος*
1119 1168 1128 1184 ι
1149 1158 1230 1186 Ὥστε
1247 1161 1261 1187 ὁ
1275 1161 1357 1196 νόμος
1374 1162 1428 1189 τῶν
1449 1164 1633 1200 παραϐάσεων
1651 1166 1732 1202 χάριν
1748 1175 1836 1201 προσ-

1035 1202 1126 1240 ετέθη,
1137 1204 1217 1240 ἄχρις
1225 1201 1255 1232 οὗ
1266 1206 1330 1244 ἔλθῃ
1337 1207 1367 1234 τὸ
1379 1209 1490 1244 σπέρμα
1499 1209 1513 1236 ὂ
1523 1201 1701 1246 ἐπήγγελται,
1715 1211 1832 1248 διαταγῇ

1035 1249 1170 1283 ἀγγέλων.
1194 1260 1203 1276 ι
1222 1252 1308 1287 Σοφδς
1321 1253 1350 1280 δὲ
1364 1253 1433 1289 ἄγαν
1454 1254 1493 1282 ὢν
1505 1255 1555 1288 τὰς
1569 1257 1701 1292 ἐσομένας
1715 1258 1774 1285 ἔσθ’
1788 1258 1833 1285 ὅτε

1035 1296 1111 1331 παρά
1129 1305 1209 1324 τινων
1228 1298 1415 1334 εὑρεσιλογίας
1436 1302 1484 1328 καὶ
1505 1303 1693 1339 ἐπαπορήσεις
1710 1313 1833 1340 προαναο

1034 1341 1145 1368 κόπτειν
1157 1343 1299 1379 ἐπιχειρεῖ-
1313 1343 1347 1380 ἦν
1361 1346 1415 1380 γὰρ
1434 1347 1465 1384 δή
1486 1357 1562 1381 τινας
1574 1349 1648 1381 εἰκὸς
1666 1351 1716 1386 τῆς
1733 1351 1764 1378 ἐν
1784 1352 1833 1378 πί-

1035 1395 1092 1414 στει
1105 1387 1278 1425 δικαιοσύνης
1293 1392 1468 1420 ὲπαιτιᾶσθαι
1492 1395 1541 1431 τὴν
1557 1395 1686 1432 μέλλησιν
1712 1397 1760 1424 καὶ
1781 1398 1836 1433 τὴν

1035 1433 1136 1467 μεταξὺ
1162 1434 1207 1461 τοῦ
1231 1436 1314 1471 νόμου
1337 1439 1551 1476 παρεισδρομὴν,
1573 1441 1614 1474 είς
1629 1441 1759 1478 ἀθέτησιν
1780 1444 1830 1478 τῆς

1032 1480 1148 1516 ἀρχαίας
1159 1481 1266 1518 ἐκείνης
1276 1484 1442 1519 ἐπαγγελίας
1452 1487 1579 1520 γενέσθαι
1592 1487 1692 1522 λέγειν.
1705 1489 1831 1525 Τοιγάρ-

1031 1535 1072 1554 τοι
1088 1528 1181 1563 φησιν·
1198 1538 1208 1554 ι
1231 1529 1262 1556 '0
1277 1527 1323 1557 οὖν
1341 1531 1423 1566 νόμος
1435 1533 1507 1559 κατὰ
1519 1533 1574 1560 τῶν
1594 1535 1768 1570 ἐπαγγελιῶν
1781 1536 1833 1564 τοῦ.

1031 1572 1115 1606 Θεοῦ;
1139 1573 1176 1610 μὴ
1197 1575 1312 1609 γένοιτο.
1334 1577 1366 1603 El
1383 1577 1438 1614 γὰρ
1452 1578 1529 1615 ἐδόθη
1546 1579 1628 1615 νόμος
1650 1581 1664 1608 ὁ
1679 1580 1830 1617 δυνάμενος

1031 1617 1218 1654 ζωοποιῆσαι,
1240 1620 1325 1653 ὅντως
1349 1622 1379 1648 ἐν
1396 1623 1472 1658 νόμῳ
1494 1623 1527 1650 ἂν
1552 1621 1586 1660 ἦν
1617 1625 1633 1660 ὴ
1656 1625 1826 1663 δικαιοσύνη.

1037 1664 1117 1692 Ἀλλὰ
1132 1666 1332 1703 συνέκλεισενή
1348 1668 1444 1705 Γραφὴ
1459 1669 1494 1696 τὰ
1509 1670 1598 1698 πάντα
1614 1672 1826 1708 ὑπὸάμαρτίαν,

1031 1711 1074 1738 ῐνα
1089 1712 1106 1748 ή
1118 1712 1269 1748 ἐπαγγελία
1279 1715 1311 1741 ἐκ
1322 1715 1439 1748 πίστεως
1457 1717 1545 1752 Ἰησοῦ
1557 1718 1676 1753 Χριστοῦ
1687 1719 1752 1756 δοθῇ
1772 1722 1827 1753 τοῖς

1030 1759 1212 1786 πιστεύουσιν.
1225 1760 1281 1796 Πρὺ
1293 1761 1339 1788 τοῦ
1352 1761 1380 1788 δὲ
1398 1762 1484 1790 ἐλθεῖν
1499 1764 1549 1800 τὴν
1563 1765 1664 1798 πίστιν,
1678 1766 1732 1793 ὑπὸ
1743 1767 1827 1803 νόμου

1029 1803 1236 1842 ἐφρουρούμεθα
1247 1808 1451 1844 συγκλειόμενοι
1463 1811 1502 1842 είς
1512 1810 1561 1846 τὴν
1573 1811 1724 1846 μέλλουσαν
1735 1813 1826 1840 πίστιν

1029 1850 1255 1888 ἀποκαλυφθῆναι
1269 1854 1310 1886 είς
1324 1855 1407 1890 ἡμᾶς.
1427 1856 1508 1883 Ὥστε
1524 1857 1538 1883 ὁ
1555 1857 1636 1893 νόμος
1649 1859 1826 1894 παιδαγωγὸς

1028 1896 1107 1931 ἡμῶν
1120 1898 1231 1932 γέγονεν
1243 1899 1284 1930 είς
1295 1900 1421 1935 Χριστὸν,
1435 1901 1478 1928 ἵνα
1489 1902 1521 1929 ἐκ
1535 1903 1652 1936 πίστεως
1671 1905 1826 1933 δικαιωθῶ-

1029 1951 1089 1977 μεν.
1111 1944 1257 1981 Ἐλθούσης
1275 1945 1304 1972 δέ
1317 1946 1367 1982 τῆς
1381 1947 1498 1980 πίστεως
1511 1949 1601 1976 οὐκέτι
1616 1950 1668 1977 ὑπὸ
1683 1952 1823 1986 παιδαγωρ

1027 1989 1074 2023 γόν
1086 1990 1178 2025 ἐσμεν,
1194 1991 1294 2024 πάντες
1306 1992 1360 2029 γὰρ
1373 1993 1426 2020 υἱοὶ
1437 1994 1503 2021 Θεοῦ
1516 1995 1578 2022 ἐστε
1590 1997 1633 2024 διὰ
1643 1997 1692 2032 τῆς
1703 1998 1824 2031 πίστεως

1026 2035 1056 2061 ἐν
1077 2036 1188 2072 Χριστῷ
1208 2037 1306 2073 Ἰησοῦ.
1333 2048 1342 2064 ι
1371 2039 1589 2069 Καταλευκαῖνει
1606 2043 1634 2070 δὲ
1657 2043 1753 2080 ὥσπερ
1774 2046 1823 2081 τὴν

1025 2080 1200 2117 ἐπαπόρησιν
1208 2081 1236 2110 εὖ
1251 2084 1324 2119 μάλα
1336 2085 1502 2120 προστιθεὶς,
1518 2096 1527 2113 ι
1542 2088 1627 2115 Τοῦτο
1635 2089 1662 2115 δέ
1673 2090 1754 2124 λέγω,
1765 2080 1823 2118 δια-

1024 2126 1112 2163 θήκην
1127 2130 1377 2167 προκεκυρωμένην
1403 2131 1456 2159 ὑπὸ
1477 2132 1524 2160 τοῦ
1538 2133 1618 2169 Θεοῦ,
1637 2136 1651 2162 ὁ
1677 2137 1748 2171 μετὰ
1773 2138 1821 2174 ἐτη

1024 2175 1187 2210 τετρακόσια
1201 2175 1248 2202 καὶ
1265 2178 1412 2212 τριάκοντα
1423 2179 1542 2213 γεγονὼς
1557 2181 1637 2217 νόμος
1648 2183 1698 2209 οὐκ
1711 2184 1821 2220 ἀκυροῖ,

1023 2221 1064 2251 εἰς
1077 2221 1108 2247 τὸ
1121 2223 1293 2258 καταργῆσαι
1308 2224 1357 2259 τὴν
1370 2226 1546 2259 ἐπαγγελίαν
1557 2228 1582 2254 εί
1597 2228 1651 2264 γὰρ
1665 2231 1696 2257 ἐκ
1707 2231 1818 2268 νόμουή

1023 2265 1207 2302 κληρονομία,
1230 2268 1321 2296 οὐκέτι
1335 2270 1364 2303 ἐξ
1384 2272 1560 2306 ἐπαγγελίας.
1584 2274 1629 2310 Τῷ
1646 2276 1674 2302 δὲ
1694 2265 1821 2314 Ἀϐραὰᾴ

1022 2311 1055 2338 δι’
1078 2312 1244 2348 ἐπαγγελίας
1267 2316 1430 2352 κεχάρισται
1450 2319 1464 2344 ὁ
1488 2319 1562 2351 Θεός.
1591 2330 1601 2347 ι
1630 2311 1820 2356 Κατακλείσας

589 2350 621 2377 ⁸ο.
652 2360 661 2376 ι
683 2351 752 2381 Cum
774 2353 858 2390 igitur
876 2356 920 2384 lex
942 2357 970 2385 in

1034 2355 1068 2384 6v
1094 2359 1168 2394 ἡμᾶς
1187 2361 1228 2392 είς
1252 2350 1389 2398 ἁμαρτίαν
1412 2365 1426 2391 ό
1446 2350 1550 2400 νόμος,
1570 2350 1820 2405 πεπαιδαγώγηκεν

1020 2405 1061 2437 είς
1077 2404 1204 2442 Χριστὸν,
1217 2407 1294 2440 τέλος
1309 2410 1363 2446 γὰρ
1380 2410 1462 2446 νόμου
1478 2412 1526 2439 καὶ
1547 2415 1694 2450 προφητῶν
1715 2417 1730 2443 ὸ
1751 2417 1819 2454 Χρι-

1021 2451 1093 2484 στός.
1115 2453 1258 2490 Τοιγάρτοι
1280 2455 1327 2482 καὶ
1347 2456 1466 2492 ἔφασκεν
1478 2459 1656 2496 ὴπειθηκόσιν
1670 2462 1746 2498 αὐτῷ
1762 2451 1819 2496 τοῖς

1027 2497 1163 2527 Ἰουδαίων
1179 2501 1262 2534 λαοῖς·
1280 2511 1289 2528 ι
1308 2503 1340 2530 Ei
1355 2504 1515 2534 ἐπιστεύετε
1532 2508 1642 2541 Μωσεί,
1658 2509 1817 2539 ἐπιστεύετε

1020 2543 1053 2571 ἂν
1072 2545 1143 2581 ἐμοί.
1166 2547 1234 2583 Περὶ
1253 2548 1307 2585 γὰρ
1322 2549 1390 2585 ἐμοῦ
1410 2551 1513 2584 ἐκεῖνος
1529 2552 1643 2589 ἔγραψεν
1663 2564 1672 2581 ι
1691 2556 1817 2583 Δικαιού-

1021 2590 1091 2625 μεθα
1106 2591 1137 2628 δὴ
1156 2591 1203 2620 οῦν
1217 2594 1266 2622 οὐκ
1283 2595 1313 2628 ἐξ
1332 2595 1420 2632 ἔργων
1434 2598 1531 2635 νόμου,
1553 2600 1642 2627 πίστει
1664 2600 1694 2627 δέ
1715 2602 1817 2637 μᾶλλον

1018 2638 1050 2673 τῇ
1072 2639 1112 2670 εἰς
1129 2639 1245 2675 Χριστόν
1257 2649 1264 2657 ·
1291 2651 1300 2668 ι
1314 2642 1393 2670 Ὅσοι
1411 2644 1465 2681 γὰρ
1479 2645 1509 2678 ἐξ
1528 2645 1616 2682 ἔργων
1630 2647 1713 2683 νόμου
1733 2649 1814 2682 είσὶν,

1016 2682 1068 2710 ὑπὸ
1077 2685 1198 2721 κατάραν
1210 2687 1271 2714 εἰσί.
1282 2688 1438 2726 Γέγραπται
1449 2692 1512 2727 γάρ·
1531 2682 1746 2729 Ἐπικατάρατος
1760 2696 1814 2728 πᾶς

1015 2729 1045 2762 ὃς
1054 2731 1105 2758 οὐκ
1117 2732 1229 2768 ἐμμένει
1245 2735 1312 2762 πᾶσι
1327 2737 1384 2768 τοῖς
1400 2738 1604 2773 γεγραμμένοις
1619 2739 1649 2765 ἐν
1663 2740 1701 2775 τῷ
1717 2740 1812 2776 βιϐλίῳ

1015 2775 1063 2802 τοῦ
1078 2777 1171 2812 νόμου,
1188 2778 1235 2806 τοῦ
1251 2781 1364 2817 ποιῆσαι
1378 2783 1458 2810 αὑτά.
1480 2783 1549 2810 Ἀλλ’
1562 2784 1594 2811 ἐκ
1607 2784 1657 2819 τῆς
1666 2786 1713 2820 τοῦ
1727 2787 1811 2822 νόμου

1016 2822 1138 2859 κατάρας
1155 2824 1299 2861 ἐξεπρίατο
1321 2828 1425 2861 πάντας
1442 2830 1457 2856 ὸ
1480 2830 1606 2865 Χριστὸς,
1625 2833 1811 2868 γεγενημένος

207 2893 229 2910 ¹⁷
241 2893 318 2923 Joan.
336 2904 354 2930 ι,
435 2899 466 2916 ⁵⁷’
484 2900 507 2928 ll
526 2900 588 2928 Cor.
611 2910 656 2936 xu,
673 2903 698 2930 9.
740 2904 761 2921 "
775 2905 862 2935 Galat.
881 2916 919 2941 ιιι,
937 2908 978 2937 19.

1034 2910 1136 2944 'lbid.,
1155 2912 1248 2941 2l—26.
1291 2915 1311 2931 °°
1326 2915 1407 2949 Ibid,
1426 2916 1467 2951 ΓΙ,
1488 2918 1528 2945 18.
1569 2920 1589 2935 ε’
1611 2919 1688 2948 Joan.
1713 2929 1740 2954 ι’,
1759 2921 1808 2952 56,
