1924 3043
68 181 128 210 ει

457 173 748 212 lDE;ADOl'tA'l‘ION[:1
762 173 795 202 IN
814 170 949 200 SPlRlTU
968 170 1013 198 ET
1031 166 1216 198 VERITATE.
1236 165 1302 193 LIB.
1323 164 1354 192 ll.

1662 160 1717 188 2‘32

73 240 149 276 ὑπὲρ
162 238 243 274 ἡμῶν
260 236 383 272 κατάρα.
397 234 555 270 Γέγραπται
570 234 635 269 γὰρ,
647 233 689 260 ὅτι
703 232 873 267 ἑπικατάρα-
888 244 894 261 Α

947 228 1072 255 ialedicto
1081 226 1150 262 legis
1166 224 1293 252 Christus
1311 221 1429 250 redemit
1444 228 1551 252 omnes,
1565 219 1654 246 factus
1668 226 1716 252 pro

71 295 126 318 τος
141 286 194 318 πᾶς
206 285 221 312 ὸ
233 284 412 320 κρεμάμενος
426 281 472 308 ὲπὶ
493 279 584 314 ξύλου,
602 280 646 307 ἵνα
668 279 708 310 εἰς
728 278 763 306 τὰ
777 277 842 311 ἔθνη
856 277 874 312 ἡ

73 332 189 367 εὐλογία
200 331 249 359 τοῦ
271 330 402 366 Ἀϐραὰμ
413 327 519 363 γένοιτο
535 327 565 354 ἐν
580 326 695 363 Χριστῷ
713 325 811 362 Ἰησοῦ,
832 325 876 351 ἵνα

74 380 129 415 τὴν
146 377 321 413 ἐπαγγελίαν
343 375 393 403 τοῦ
422 372 578 408 πνεύματος
600 371 727 407 λάὸωμεν
750 370 796 398 διὰ
826 370 877 405 τῆς

75 426 213 456 πίστεως.
233 433 245 450 ι
295 418 302 423 ’

249 468 336 502 Ἀλλ’,
349 465 372 496 ὦ
384 467 491 502 γενναῖε
500 487 508 499 ,
526 464 616 501 βούλει
625 484 633 498 ,
647 464 672 491 εί
688 463 778 495 δοκεῖ,
793 446 898 496 ἴωμενῆ

77 519 113 555 δὴ
129 517 233 554 μᾶλλον
250 516 293 551 ἐφ’
305 515 400 550 ἔτερόν
410 523 438 541 τι
453 511 636 550 χριστομαθές
651 509 706 545 (1)·
723 509 807 544 νόμου
823 507 878 543 γὰρ

80 565 131 593 καὶ.
142 565 195 600 τῆς
212 563 274 590 κατ’
290 561 373 589 αὐτὸν
386 559 545 596 οἰκονομίας
559 557 669 592 ἀπόχρη
683 555 774 583 ταυτί.

119 654 204 682 ΚΥῬ.
218 652 308 688 dlsz
323 651 357 688 δὴ
366 650 412 679 οὖν
426 651 440 678 ’ὁ
453 659 480 678 τι
490 649 538 677 καὶ
552 647 625 684 αὐτῷ
640 656 681 675 σοι
691 647 778 683 φίλον,
796 645 880 681 κάμοὶ

83 701 112 728 δὲ
126 700 219 727 εἰπεῖν
230 699 262 726 οὺ
275 698 330 725 τῶν
345 697 498 732 ἁνεφίκτων
517 695 597 729 ἄγαν.

121 796 229 823 [ΙᾹΛΛ.
241 794 298 821 Καὶ
317 793 371 829 μὴν
388 792 439 819 οὐκ
451 790 568 826 ἀνάντης
581 790 653 822 λίαν,
672 789 757 825 ἤγουν
766 786 882 822 ἀστιϐὴς

86 845 103 878 ἡ
120 842 310 877 ὲπαπόρησις.
331 838 423 874 ’Δλοίη
430 838 452 865 δ’
465 837 509 869 ἂν,
524 835 612 873 οἶμαι,
625 836 673 864 καὶ
685 835 746 862 λίαν
761 833 883 870 ἀμογητὶ

85 890 117 917 τὸ
127 887 310 924 ζητούμενον,
329 884 448 920 Χριστοῦ
462 884 492 910 τδ
505 883 576 910 Θεῖον
597 883 663 918 ἡμῖν
680 880 797 912 ἐνιέντας
812 879 881 914 φῶς.

86 934 151 971 ’ἀρ’
166 927 220 962 ὀὖν
244 932 306 969 οὐχὶ
329 932 390 963 ταῖς
413 930 595 966 ἀναιμάκτοις
616 927 796 964 δωροφορίαις
816 925 883 953 Θεὸν

87 983 261 1018 τιμήσομεν,
277 979 303 1006 el
327 978 377 1013 τὴν
400 978 430 1004 ἐν
453 976 544 1003 πίστει
568 974 710 1002 δικαίωσιν
732 972 884 1008 παραδεδε-

87 1029 198 1064 γμένοι,
215 1027 264 1054 καὶ
282 1026 333 1062 τὴν
347 1025 378 1051 ὲν
401 1023 490 1054 σκιαῖς
510 1022 559 1049 καὶ
576 1020 673 1052 τύποις
695 1018 823 1054 λατρείαν
839 1017 885 1051 ὲξ-

87 1075 160 1103 "eos
165 1083 243 1111 μενοι
252 1082 260 1107 ;

124 1169 212 1197 ΚΥΡ.
226 1164 265 1195 E5
279 1166 382 1201 λέγεις.
402 1164 560 1200 Γέγραπται
574 1161 629 1197 γὰρ
651 1161 703 1194 ὅτι,
720 1168 730 1186 ι
748 1159 822 1196 Τίμα
840 1158 889 1186 τὸν

89 1215 196 1252 Κύριον
205 1214 262 1241 ἀπὸ
273 1212 330 1240 σῶν
349 1211 460 1239 δικαίων
482 1209 587 1240 πόνων,
600 1208 648 1235 καὶ
666 1206 793 1242 ἀπάρχου
813 1205 887 1241 αὐτῷ

90 1262 147 1289 ἀπὸ
169 1261 226 1288 σῶν
248 1258 364 1296 καρπῶν
387 1255 572 1291 δικαιοσύνης·
591 1264 601 1280 ›
630 1263 640 1280 ι
665 1253 806 1284 τοιαύταις
829 1251 885 1286 γὰρ

91 1307 201 1338 θυσίαις
217 1304 408 1341 εὐαρεστεῦται
424 1303 438 1329 ὁ
453 1301 538 1333 Θεδς,
555 1309 571 1326 »γ
584 1298 657 1326 κατὰ
666 1298 715 1330 τὰς
729 1297 783 1324 τῶν
804 1295 888 1331 ἁγίων

90 1353 198 1389 φωνάς.

126 1399 237 1427 ΠΑΛΛ.
249 1398 361 1425 Είκαῖον
382 1392 429 1423 οὖν
450 1393 504 1430 ἆρα
519 1393 550 1419 τὸ
570 1391 733 1426 ἐπείγεσθαι
749 1389 889 1425 βουθυτεῖν

92 1446 140 1474 καὶ
155 1445 192 1473 τὰ
205 1445 252 1472 διὰ
261 1445 311 1479 τῆς
326 1442 443 1478 ἀρχαίας
454 1441 521 1476 ἡμῖν
531 1439 643 1474 ἐντολῆς
659 1435 891 1472 είσκεκομισμένα

94 1492 230 1528 πληροῦν.
249 1489 443 1526 Μηλοσφαγίαι
463 1495 493 1514 τε
514 1486 569 1522 γὰρ
591 1485 638 1512 καὶ
662 1483 824 1516 λιδανωτοὶ,
840 1483 890 1510 λά-

92 1539 167 1573 γανά
185 1546 218 1565 τε
242 1537 311 1573 πρὸς
333 1533 520 1567 τούτοις,καὶ
543 1531 683 1567 σεμίδαλις
707 1529 890 1561 ὲλαιόδευτος,

927 274 1009 303 nobis
1026 256 1220 304 maledictum;
1238 270 1303 306 quia
1319 269 1452 304 scriptum
1471 271 1515 295 est
1532 275 1540 293 :
1557 265 1717 293 Malcdietus
1740 256 1755 289 ί

926 321 1017 349 omnis
1036 318 1084 354 qui
1097 317 1200 354 pendet
1221 317 1249 344 in
1264 316 1349 351 ligno,
1364 319 1394 342 ut
1412 315 1439 342 in
1461 313 1589 349 gentibus
1603 310 1717 339 benedi-

927 366 983 395 etio
994 365 1112 393 Abrahae
1122 364 1200 391 ﬁeret
1207 363 1236 390 in
1245 361 1355 390 Christo
1365 361 1440 393 Jesu;
1451 364 1483 387 ut
1492 358 1717 394 pollicitationem

927 412 1042 448 spiritus
1054 410 1222 446 accipiamus
1240 415 1289 443 per
1305 408 1386 435 lldem
1402 407 1435 433 “.
1449 415 1459 431 ι

964 457 1064 486 PALL.
1090 456 1143 484 Sed
1168 455 1202 483 de
1229 455 1273 482 his
1298 453 1409 488 quidem
1429 453 1572 484 hactenus,
1595 449 1718 485 Cyrille:

929 508 1101 533 transeamus
1126 503 1196 538 jam,
1220 501 1244 528 si
1263 500 1363 536 placet,
1379 499 1413 526 ad
1437 498 1555 533 aliquam
1578 496 1671 532 potius
1686 494 1721 522 de

929 551 1041 580 Christo
1055 549 1271 585 disputationem
1288 555 1295 574 :
1311 546 1345 574 de
1365 545 1424 580 lege
1442 545 1516 572 enim
1530 544 1643 580 ejusque
1663 541 1721 569 dis-

929 597 1091 633 pensatione
1105 595 1181 623 satis.

967 654 1047 683 CYR.
1070 653 1206 688 Eloquere
1231 651 1315 687 igitur
1338 647 1473 686 quidquid
1497 647 1548 674 tibi
1571 646 1723 674 collibitum

931 700 1029 732 fuerit,
1045 699 1109 726 dum
1134 703 1224 726 tamen
1247 697 1314 726 illud
1337 702 1392 724 non
1411 693 1528 722 nimium
1548 692 1650 728 ingenii
1670 691 1723 720 mei

932 751 1042 782 captum
1058 746 1181 774 excedat.

969 791 1068 819 PALL.
1084 790 1167 826 Atqui
1184 797 1239 817 non
1255 787 1402 816 admodum
1421 786 1506 814 ardua
1523 784 1659 812 dubitatio
1673 787 1725 815 est,

934 843 982 867 aut
992 836 1127 874 ejusmodi
1143 840 1174 864 ut
1184 836 1218 864 ad
1230 843 1291 863 eam
1306 833 1465 863 solvendam
1479 831 1549 859 adiri
1560 830 1636 857 nullo
1646 829 1728 856 modo

933 884 1038 920 possit;
1055 887 1138 918 atque
1158 882 1227 909 adeo
1246 880 1390 912 facillime,
1408 877 1481 914 quod
1503 883 1612 912 quaero,
1628 874 1728 909 depre-

935 929 1017 957 hendi
1029 931 1129 963 potest,
1141 927 1252 955 Christo
1264 926 1385 953 divinam
1401 924 1474 951 illam
1484 922 1564 950 nobis
1577 922 1667 948 lucem
1676 920 1729 947 im-

934 974 1071 1002 mittente.
1093 972 1225 1007 Nunquid
1247 971 1340 1007 igitur,
1364 969 1411 1004 qui
1432 968 1485 996 ﬁde
1504 966 1729 1003 iustiﬁcationem

935 1019 1102 1055 accepimus,
1114 1023 1142 1045 et
1156 1018 1233 1045 illum
1248 1017 1297 1044 Dei
1312 1016 1341 1043 in
1353 1015 1459 1043 umbris
1473 1022 1505 1042 ac
1517 1012 1611 1049 ﬁguris
1625 1011 1731 1039 cultum

935 1065 1098 1101 abiecimus,
1111 1071 1167 1091 non
1179 1063 1333 1091 incruentis
1345 1059 1531 1090 oblationibus
1539 1059 1626 1087 Deum
1639 1057 1731 1085 colere

936 1112 1087 1140 debemus?

971 1169 1050 1197 ΟΥΕ.
1067 1169 1151 1197 Recte
1171 1169 1250 1196 dicis.
1269 1167 1407 1203 Scriptum
1422 1170 1464 1194 est
1480 1164 1553 1193 enim
1567 1173 1573 1191 :
1592 1173 1601 1190 ‹
1621 1163 1731 1190 Honora

937 1215 1023 1244 Deum
1037 1215 1071 1243 de
1085 1215 1139 1242 tuis
1150 1214 1232 1251 justis
1247 1213 1403 1246 laboribus;
1415 1216 1443 1239 et
1457 1210 1595 1247 primitias
1612 1207 1732 1251 illi_all'er

938 1262 972 1290 de
988 1262 1042 1290 tuis
1063 1248 1331 1296 fructibus'justitiae
1345 1260 1382 1292 ⁶³;
1411 1269 1420 1285 ι
1444 1268 1453 1284 ‹
1472 1257 1574 1285 talibus
1587 1248 1664 1282 enim
1679 1254 1731 1281 ho-

939 1308 999 1335 stiis
1021 1311 1196 1342 promeretur
1217 1307 1291 1333 Deus
1314 1305 1354 1340 “,ﬁ
1371 1315 1381 1330 ›
1402 1305 1479 1341 juxta
1503 1307 1660 1331 sanctorum
1681 1299 1733 1326 bo-

939 1362 1045 1381 mmum
1062 1361 1154 1381 VOCCS.

974 1398 1073 1427 PALL.
1089 1398 1160 1433 Ergo
1178 1397 1291 1424 stultum
1309 1399 1351 1422 est
1370 1401 1467 1422 vacare
1484 1393 1574 1421 bobus
1588 1391 1735 1419 immolan-

941 1444 998 1477 dls,
1016 1448 1044 1472 et
1073 1451 1134 1479 quae
1154 1443 1242 1470 veteri
1262 1441 1392 1469 mandato
1414 1443 1479 1467 sunt
1497 1438 1579 1466 nobis
1597 1437 1735 1472 injuneta,

942 1490 1089 1526 complere.
1108 1489 1206 1517 Ovium
1226 1495 1344 1523 namque
1361 1486 1480 1514 victima:
1494 1489 1523 1512 et
1534 1484 1625 1516 thura,
1641 1482 1738 1517 lagana

943 1544 1062 1573 quoque,
1073 1543 1105 1563 ac
1115 1535 1203 1562 simila
1215 1534 1276 1562 oleo
1287 1532 1408 1569 perfusa,
1422 1535 1544 1559 turtures
1559 1530 1640 1557 etiam
1656 1532 1738 1563 atque

93 1587 227 1623 τρυγόνες
237 1594 267 1612 τε
282 1585 330 1612 καὶ
344 1584 518 1619 περιστεραὶ,
534 1580 569 1608 τὰ
589 1581 650 1607 κατ’
664 1580 752 1606 ἐκεῖνο
765 1578 813 1605 τοῦ
830 1586 890 1604 και-

947 1583 1085 1614 eolumbw,
1099 1589 1150 1617 pro
1170 1580 1301 1616 temporis
1315 1579 1388 1606 illius
1404 1577 1571 1608 conditione,
1585 1576 1671 1603 Deum
1691 1573 1745 1601 τλά--

97 1632 157 1668 ροῦ,
167 1631 225 1658 τῶν
242 1627 467 1665 προσκυνούντων
475 1626 651 1661 ἀναθήματα.
666 1623 748 1651 Ἀλλά
765 1632 810 1659 μοι
824 1623 894 1659 φρά-

97 1686 144 1705 σον
162 1677 224 1704 ἀνθ’
240 1677 301 1703 δτου
319 1674 356 1711 μὴ
371 1675 401 1701 ὲν
415 1674 512 1709 ἀρχαῖς
529 1671 698 1706 ἀπύπεμπτα
716 1669 764 1705 μὲν
774 1669 894 1711 ιὲποιεῐτο

95 1724 187 1755 ταυτὶ,
199 1723 236 1750 τὰ
253 1722 282 1749 δὲ
301 1707 493 1756 οίξὲφήδεται
513 1718 573 1746 νυνὶ
597 1708 779 1752 θεσμοθετῶν
796 1707 895 1751 ὁρᾶται

96 1772 177 1804 Θεὸς,
195 1770 245 1797 καὶ
260 1769 324 1800 τοὺς
344 1767 442 1798 θυσίας
456 1766 523 1801 ἡμῖν
541 1765 592 1800 τῆς
607 1761 796 1798 πνευματικῆς
812 1762 895 1787 ἐκκα-

97 1818 198 1846 λύπτει
210 1816 342 1851 τρόπους.

136 1863 220 1891 ΚΥΡ.
236 1859 300 1897 Ἀρ*
316 1857 362 1887 οὖν
379 1859 440 1892 οίει,
457 1858 505 1885 καὶ
526 1856 613 1892 φάναι
623 1854 741 1890 τολμᾷς,
755 1851 898 1888 βεϐουλεῦ-

102 1913 163 1938 σθαι
178 1910 230 1946 μὲν
242 1909 292 1935 οὐκ
306 1906 394 1943 ὀρθῶς
409 1907 441 1933 ἐν
451 1905 547 1940 ἀρχαῖς
562 1903 592 1930 τὺ
604 1902 684 1935 θεῖον,
697 1899 898 1936 ἀφημαρτηκδς

101 1959 130 1986 δὲ
143 1957 240 1993 ὥσπερ
251 1955 299 1983 τοῦ
315 1953 425 1984 τελείως
443 1949 597 1986 ἀγαθοῦ,τδ
613 1948 704 1985 μεῖζον
716 1948 807 1983 εὑρεῖν
823 1946 899 1972 δεδυ-

103 2004 201 2039 νῆσθαι
229 2003 323 2038 Mm;
350 1999 449 2036 ἢγοῦν
470 1997 578 2025 ἑλέσθαι
602 1996 651 2031 μὲν
674 1995 734 2021 τότε
749 1994 783 2020 τὰ
805 1993 843 2025 ὡς
869 1993 898 2018 ὲν

105 2052 208 2082 σκιαῖς,
224 2050 262 2080 ὡς
276 2046 396 2083 διαρκῶς
409 2045 506 2080 ἔχοντα
519 2043 549 2070 τὸ
564 2041 659 2069 δοκοῦν
673 2040 758 2075 αὐτῷ,
776 2039 900 2074 φιλόκαι-

104 2105 149 2123 νον
170 2095 200 2123 δὲ
220 2103 247 2121 τι
264 2093 325 2121 καθ’
347 2092 424 2128 ἡμᾶς
438 2090 584 2125 ὑπομεῖναι
606 2087 709 2119 πάθος,
732 2086 836 2121 ἑτέροις
856 2084 901 2110 νέ-

108 2151 192 2178 μοντα
205 2141 258 2176 τὴν
278 2138 379 2176 ῥοπὴν,
396 2137 442 2164 καὶ
461 2134 589 2172 λατρείαν
608 2134 676 2170 ἡμῖν
696 2132 747 2168 τὴν
762 2132 794 2158 ού
814 2130 901 2157 πάλαι

105 2186 311 2223 διεγνωσμὲνην
325 2180 595 2218 κεκαινουργηκότας

945 1629 1081 1657 orantium
1093 1627 1245 1655 oblationes
1259 1626 1347 1654 fuere.
1364 1624 1417 1652 Sed
1431 1623 1499 1651 mihi
1514 1630 1634 1658 exponas
1657 1621 1738 1648 velim

944 1683 998 1710 qua
1015 1675 1048 1702 de
1062 1681 1143 1702 causa
1159 1680 1213 1700 non
1227 1672 1286 1699 haec
1299 1679 1314 1698 a
1326 1669 1463 1706 principio
1476 1669 1550 1696 Deus
1565 1666 1749 1706 improbave:

945 1720 994 1753 rit;
1011 1727 1057 1747 eas
1076 1726 1151 1750 vero,
1176 1717 1277 1753 quibus
1292 1716 1402 1752 gaudet,
1422 1714 1585 1744 oblationes,
1601 1719 1675 1738 nunc
1691 1710 1740 1737 de-

945 1773 1021 1793 mum
1034 1762 1198 1793 sanciendas
1209 1763 1329 1794 duxerit,
1343 1762 1499 1797 quibusque
1511 1758 1599 1786 modis
1612 1757 1742 1792 spiritua-

945 1812 985 1839 les
999 1810 1096 1838 hostiae
1111 1809 1257 1837 oﬂ'erenda‘.
1275 1808 1340 1840 sint,
1359 1807 1508 1842 aperuerit.

979 1857 1058 1886 CYR.
1071 1855 1142 1889 Quid
1156 1859 1184 1882 tu
1198 1855 1281 1890 igitur
1296 1861 1403 1885 censes,
1421 1852 1475 1887 56
1486 1858 1518 1878 ac
1533 1850 1625 1877 dicere
1644 1847 1740 1879 audes.
1781 1879 1788 1888 θ

947 1904 1033 1932 Deum
1047 1902 1159 1938 quidem
1175 1901 1264 1936 ipsum
1280 1909 1295 1927 a
1312 1899 1449 1935 principio
1465 1905 1520 1924 non
1540 1901 1615 1924 recte
1630 1893 1741 1922 consul-

949 1955 1030 1982 tasse,
1044 1949 1092 1977 sed
1109 1951 1214 1984 postea,
1230 1954 1291 1974 eum
1307 1954 1336 1973 se
1354 1945 1388 1972 ab
1403 1952 1436 1972 eo
1450 1943 1523 1979 quod
1547 1942 1681 1977 optimum
1697 1947 1741 1966 es-

949 2001 991 2024 set
1015 1995 1156 2023 aberrasse
1182 1994 1314 2025 sentiret,
1335 1992 1445 2020 tandem
1467 1990 1541 2026 quod
1563 1988 1662 2016 melius
1684 1990 1746 2014 erat

949 2042 1074 2070 invenire
1091 2040 1230 2076 potuisse?
1243 2039 1285 2066 An
1300 2043 1358 2066 tum
1379 2038 1490 2074 quidem
1507 2040 1581 2064 certe
1596 2035 1671 2063 cultu
1695 2033 1744 2069 qui

950 2087 978 2114 in
992 2086 1098 2114 umbris
1114 2090 1183 2118 erat,
1195 2093 1259 2113 eum
1272 2088 1432 2112 contentum
1444 2083 1528 2110 fuisse
1541 2086 1630 2118 pulas,
1645 2079 1745 2108 deinde

950 2133 1071 2160 humano
1081 2140 1156 2160 more
1169 2140 1239 2160 vana
1251 2131 1369 2167 quadam
1383 2129 1533 2165 cupiditate
1547 2132 1667 2163 captum,
1677 2125 1744 2153 illud

951 2179 1066 2206 alterum
1084 2177 1216 2206 olTerendi
1229 2185 1315 2214 genus
1333 2176 1474 2212 probasse,
1491 2175 1649 2209 cultumque
1665 2171 1746 2199 nobis

951 2233 1053 2253 novum
1071 2229 1152 2259 atque
1167 2224 1284 2251 antehae
1299 2223 1467 2258 incognitum
1487 2219 1657 2248 instituisse?

146 2274 256 2302 IlAAA.
282 2272 320 2300 Οὐ
337 2271 388 2307 μὲν
406 2267 463 2298 οὖν.
490 2269 581 2305 Δῆρος
604 2267 675 2303 γὰρ,
700 2263 792 2302 οἶμαι,
810 2266 894 2294 ταυτίι

988 2270 1086 2299 PALL.
1098 2270 1208 2298 Minime
1219 2278 1302 2297 vero:
1317 2277 1380 2296 nam
1392 2268 1418 2295 id
1426 2267 1537 2303 quidem
1546 2265 1699 2292 fabulosum
1714 2271 1746 2290 ac

108 2319 169 2347 οὐδ’
183 2319 218 2346 ἂν
229 2317 378 2353 οἱησαίμην
390 2317 431 2343 ὅτι
444 2315 475 2342 τὸ
488 2313 661 2350 ἀφαμαρτεῖν
678 2311 807 2338 δύνασθαι
828 2311 900 2338 κατά

108 2373 135 2391 τι
150 2363 218 2398 γοῦν
236 2363 305 2394 ὅλως
320 2362 415 2389 ἕποιτο
430 2360 514 2396 αὐτῷ.
531 2358 654 2394 Μάθοιμι
669 2357 692 2384 δ’
705 2357 738 2384 ἂν
750 2357 788 2389 ὡς
803 2357 901 2392 ἥδιστά

109 2419 141 2444 γε
154 2410 184 2437 τί
204 2410 235 2436 τὸ
253 2408 401 2437 ἀναπεῖοον
425 2406 613 2442 (lacuatis-criti,
631 2405 688 2436 τοῖς
704 2403 751 2430 ἐπὶ
767 2403 817 2439 τῆς
830 2403 900 2439 γῆς,

111 2458 205 2485 ἐκεῖνα
221 2456 273 2493 μὲν
287 2455 359 2494 τότε,
374 2454 433 2482 νυνὶ
444 2454 473 2481 δὲ
484 2453 574 2480 ταυτί.

147 2546 232 2574 ΚΥῬ.
249 2545 357 2573 ’Δνόπιν
367 2545 461 2580 ὥσπερ
476 2543 543 2571 ἰέναι
557 2542 639 2570 πάλιν
648 2541 662 2568 ὁ
676 2540 721 2573 σὸς
731 2540 804 2576 ἡμᾶς
820 2540 906 2574 ἀναγ.

113 2595 192 2627 auita;
211 2593 303 2628 λόγος.
320 2592 357 2619 Ἦ
376 2592 427 2618 οὐκ
446 2590 515 2626 ἔφην
535 2591 576 2617 ὅτι
590 2588 765 2623 παιδαγωγὸς
784 2585 818 2623 ἦν
833 2588 848 2613 ὁ
862 2586 906 2613 νό-

115 2649 176 2677 μος,
193 2640 268 2667 τοῦτ’
291 2639 364 2672 ἐστι,
386 2639 441 2665 τῶν
457 2637 497 2664 ἔτι
516 2636 621 2672 νηπίων
640 2636 654 2662 ὁ
676 2634 838 2670 παιδευτήςῖ
861 2633 908 2660 καὶ

114 2689 170 2719 τοῖς
181 2686 259 2713 οὔπω
274 2685 396 2712 συνιέναι
409 2683 569 2719 δυναμένοις
583 2683 609 2709 τί
623 2682 654 2709 τὸ
667 2681 775 2717 ἀληθῶς
790 2681 906 2716 ἀγαθόν;

953 2317 1100 2344 ridiculum
1109 2320 1284 2351 puto,neque
1294 2322 1414 2349 unquam
1425 2311 1637 2340 existimaverim
1648 2309 1746 2337 cadere

953 2363 1008 2390 hoc
1024 2363 1051 2390 in
1068 2362 1165 2394 Deum,
1183 2365 1213 2389 ut
1224 2361 1267 2389 vel
1279 2361 1392 2388 minima
1408 2358 1518 2394 quidem
1534 2358 1562 2385 in
1575 2365 1604 2385 re
1618 2357 1747 2385 aberrare

955 2409 1050 2446 possit.
1065 2409 1140 2437 Aveo
1153 2413 1244 2436 tamen
1262 2407 1358 2435 audire
1377 2414 1431 2442 qua
1452 2413 1482 2433 re
1502 2406 1653 2440 permotus,
1667 2402 1748 2430 nobis

956 2455 1003 2490 qui
1019 2454 1047 2482 in
1060 2453 1143 2482 terris
1156 2460 1308 2484 versamur,
1326 2455 1383 2478 tum
1398 2450 1510 2486 quidem
1524 2449 1579 2482 illa,
1593 2455 1668 2476 nunc
1682 2455 1747 2475 vero

957 2500 1015 2528 haec
1032 2499 1085 2527 alia
1102 2498 1233 2526 sanxerit.

991 2545 1070 2574 CYR.
1088 2546 1195 2573 Rursus
1209 2552 1242 2572 ea
1262 2551 1323 2579 quze
1343 2542 1471 2578 superius
1489 2540 1562 2568 dicta
1585 2543 1650 2567 sunt
1668 2545 1748 2574 repe-

956 2596 1014 2620 tere
1032 2596 1078 2619 tua
1092 2592 1164 2627 cogit
1175 2591 1273 2618 oratio.
1289 2590 1384 2618 Nonne
1397 2589 1453 2616 dixi
1467 2587 1642 2623 pmdagogum
1654 2593 1750 2621 quem-

958 2638 1020 2665 dam
1035 2637 1119 2666 fuisse
1135 2638 1234 2673 legem,
1247 2636 1275 2664 id
1297 2639 1349 2668 est,
1364 2634 1524 2671 magistrum
1536 2640 1632 2660 eorum
1646 2631 1692 2667 qui
1708 2630 1754 2658 ins

954 2683 1043 2712 fantes
1058 2684 1150 2712 adhuc
1164 2687 1267 2715 essent,
1282 2686 1310 2710 et
1322 2682 1369 2717 qui
1382 2681 1505 2709 nondum
1520 2679 1672 2714 intelligere
1688 2685 1748 2713 pes.

116 2732 163 2761 καὶ
179 2733 256 2758 ποῖον
271 2731 305 2758 ἂν
323 2730 367 2766 εἴη
382 2729 413 2757 τὸ
427 2729 533 2765 θέλημα
547 2727 593 2755 τοῦ
608 2727 688 2759 Θεοῦ,
701 2727 732 2754 τὸ
746 2726 848 2754 τέλειον
861 2735 894 2754 κα

956 2733 1027 2762 sent,
1048 2730 1081 2757 iis
1100 2730 1166 2765 quid
1180 2737 1244 2757 vere
1264 2728 1368 2756 bonum
1384 2727 1430 2760 sit,
1449 2733 1510 2762 qua:
1525 2725 1607 2753 etiam
1624 2723 1757 2752 voluntas.

116 2779 284 2815 εὐάρεστον,
309 2777 343 2804 δι’
368 2772 530 2812 αἰνίγματος
557 2774 716 2811 ὑποδηλιῐως
742 2774 789 2801 καὶ
814 2773 852 2805 ὡς
880 2774 893 2800 ὲ

957 2775 1006 2803 Dei
1026 2775 1147 2812 perfecta
1159 2779 1187 2803 et
1201 2774 1384 2810 beneplacens
1405 2781 1454 2809 per
1473 2771 1588 2807 aenigma
1603 2769 1759 2799 subosten~

151 2848 174 2865 ⁶¹
186 2847 278 2876 Galat.
292 2855 331 2880 Ill,
347 2847 440 2874 lO-M.
478 2846 501 2862 "
512 2846 592 2873 Prov.
609 2853 649 2878 ιιι,
662 2844 688 2872 9.
727 2844 750 2861 ⁸⁸
762 2843 846 2872 Hebr.
861 2851 917 2871 χιιι.
932 2843 975 2872 16.

155 2908 194 2945 (1)
208 2908 274 2946 Leg.
295 2898 495 2948 χρήστομαῦἑς.
514 2906 589 2935 Enn".
