1924 3043
175 140 230 169 £23

677 136 704 166 S.
729 136 867 165 CYRlLLl
887 138 1124 167 ALEXANDRI‘NI
1145 137 1306 167 ARCHIEP.

1768 140 1830 168 ⁵326

175 198 261 230 disse,
271 204 303 225 ac
312 195 397 224 veluti
407 193 568 222 rudioribus
576 192 668 221 adhuc
679 193 776 230 ﬁguris
784 194 968 230 signiﬁcasse?

1024 195 1136 230 παχέσιν
1155 195 1195 222 ἔτι
1210 196 1424 230 κατασημαίνων
1442 195 1555 228 τύποις
1573 196 1633 231 εΓσῃ
1648 195 1714 231 γὰρ,
1738 197 1808 232 εἴσῃ
1821 217 1828 229 ,

177 244 331 278 Intelligere
343 242 428 273 enim,
438 248 528 275 neque
540 239 567 267 id
581 247 680 276 magno
692 241 803 276 negotio
812 245 900 276 potes,
911 240 967 276 spi-

176 289 285 317 ritualis
296 288 386 316 cultus
397 286 532 314 rationem
546 285 630 313 fuisse
641 286 756 321 quidem
763 294 873 322 semper
885 287 967 314 etiam

175 335 241 363 inde
261 334 296 362 ab
320 333 399 360 initio
421 333 478 360 Deo
503 332 703 367 gratissimam;
732 332 855 359 nondum
877 337 968 359 tamen

167 379 309 416 ejusmodi
331 383 361 407 ut
373 378 407 406 ad
421 386 482 406 eam
497 382 643 414 penetrare
656 382 737 413 atque
750 379 906 414 pertingere
919 379 968 407 Ju—

174 426 294 453 daaorum
308 424 393 452 animi
406 428 527 459 possent.
545 424 638 460 itaque
655 424 750 452 verbis
769 424 804 452 ad
825 424 968 452 infantiam

174 471 254 506 aptis,
274 471 448 506 simplicique
460 471 606 506 disciplina
628 475 710 506 atque
723 470 889 498 educatione
907 479 967 498 mo-

173 518 267 546 derata
285 525 354 552 opus
370 517 431 550 fuit,
446 525 508 552 quae
527 517 595 544 nihil
613 516 740 548 arduum,
756 516 826 544 nihil
840 525 968 552 asperum

174 564 298 592 haberet.
325 564 394 592 Nam
415 567 443 591 et
459 568 539 591 antea
562 563 683 591 instituit
706 563 818 598 quidem
843 564 916 591 Deus
935 572 967 592 ea

173 619 235 647 quae
261 611 290 638 in
313 611 408 647 ﬁguris
427 610 608 646 gerebantur;
630 609 849 644 praemonstravit
877 614 966 638 tamen

173 665 206 684 ea
231 657 342 684 tandem
373 660 489 684 ventura
510 660 592 690 atque
619 655 746 682 adfutura
768 663 819 682 suo
845 660 967 690 tempore

173 712 234 739 qua:
244 703 278 730 ad
290 711 387 731 verum
397 702 445 729 Dei
459 702 563 729 cultum
575 701 754 736 pertinerent.
767 701 862 737 Itaque
874 709 966 729 acces—

173 757 234 776 sum
249 749 336 781 illum,
351 755 406 784 quo
419 755 467 783 per
479 747 630 774 hostiarum
644 755 770 774 cruorem
785 748 819 775 ad
831 756 895 775 eum
911 749 968 776 adi-

175 794 264 825 batur,
280 793 381 829 ahjecit
403 801 435 820 ac
456 793 567 828 repulit,
581 799 630 827 per
645 792 727 819 Amos
746 793 906 828 prophetam
924 793 967 821 di-

174 848 240 868 cens
257 849 262 867 :
280 850 288 866 ‹
307 839 368 872 Odi,
388 839 475 874 repuli
490 839 653 866 festivitates
670 842 784 871 vestras,
801 847 852 866 nec
867 839 966 867 odora-

174 888 225 915 bor
238 887 266 914 in
283 885 465 914 conventibus
477 886 597 912 vestris:
613 893 676 912 nam
693 886 715 912 si
731 885 887 913 obtuleritis
900 886 967 913 mihi
985 884 1004 912 Β

174 932 334 960 holocausta
352 935 381 958 et
395 931 499 958 hostias
514 935 637 963 vestras,
654 939 708 958 non
725 931 865 966 aspiciam.
886 932 969 959 Aufer

174 987 189 1006 a
203 986 246 1006 me
263 985 362 1006 sonum
373 977 526 1004 carminum
539 982 660 1009 tuorum,
687 981 715 1005 οι
728 985 893 1013 organorum
907 982 968 1006 tuo-

176 1032 237 1052 rum
258 1024 393 1059 psalmum
416 1031 471 1050 non
492 1023 638 1050 exaudiam
664 1024 697 1051 ⁵⁸.
724 1033 734 1049 ›
755 1024 866 1051 lnduxit
886 1026 969 1052 etiam

174 1080 223 1106 per
236 1071 377 1099 Michaeam
401 1077 547 1106 personam
570 1069 632 1102 viri,
657 1078 774 1105 quanam
793 1071 899 1098 ratione
919 1071 968 1098 ho-

175 1125 239 1144 num
256 1117 365 1144 ellieere
389 1116 485 1151 possit,
506 1116 583 1151 quod
600 1124 798 1152 usquequaque
824 1117 905 1152 culpa
920 1125 969 1145 va-

173 1169 226 1196 cet,
248 1163 404 1198 perdiscere
426 1163 562 1198 cupientis
583 1172 589 1189 :
609 1173 617 1188 ι
641 1163 672 1190 In
691 1171 746 1198 quo
766 1163 969 1201 apprehendam

176 1209 331 1240 Dominum,
355 1209 503 1244 suscipiam
520 1209 607 1236 Deum
623 1217 715 1236 meum
736 1209 920 1237 altissimum?
941 1210 969 1237 Si

175 1255 379 1291 npprehendam
391 1263 454 1282 eum
469 1256 497 1282 in
509 1255 691 1287 holocaustis,
707 1255 735 1282 in
749 1255 842 1282 vitulis
856 1256 970 1283 annicu-

173 1301 224 1329 lis?
239 1301 267 1330 Si
280 1301 434 1337 plaeabitur
449 1301 582 1329 Dominus
596 1301 624 1328 in
640 1301 762 1328 millibus
777 1301 906 1333 arietum,
923 1306 971 1329 aut

173 1348 202 1376 in
224 1348 321 1376 decem
339 1348 463 1376 millibus
476 1347 618 1375 hircorum
639 1347 800 1382 pinguium?
816 1347 845 1374 Si
867 1347 970 1375 dedero

172 1394 355 1431 primogenita
375 1403 447 1426 mea,
464 1394 583 1422 fructum
597 1394 701 1421 ventris
715 1393 780 1426 mei,
795 1402 845 1429 pro
858 1398 970 1429 peccato

173 1441 270 1468 animae
283 1448 351 1469 mea!
365 1441 405 1468 “‘1
417 1451 425 1466 ι
435 1441 540 1468 Deinde
549 1440 601 1475 57
611 1440 742 1467 continuo
757 1440 928 1476 subjungitzr
941 1441 969 1468 Si

172 1487 365 1514 annuntiatum
377 1492 418 1514 est
433 1486 493 1519 tibi,
505 1486 605 1521 inquit,
618 1486 710 1518 homo,
725 1487 791 1522 quid
805 1487 841 1514 sit
854 1487 967 1520 bonum,

173 1534 215 1561 vel
226 1534 292 1569 quid
307 1533 599 1568 Dominuseanirata
614 1537 649 1564 te,
664 1532 716 1560 nisi
731 1533 822 1560 facere
832 1533 968 1568 judicium

172 1585 201 1607 rt
216 1567 331 1615 diligere
352 1579 581 1611 misericordiam,
597 1583 625 1606 et
642 1583 767 1614 paratum
790 1586 850 1606 esse
870 1580 968 1607 anibu-
982 1567 1005 1598 α

173 1627 231 1653 lare
252 1633 316 1653 cum
339 1625 455 1652 Domino
470 1625 525 1652 Deo
539 1629 586 1652 tuo
602 1624 642 1651 ‘7?
661 1634 669 1650 ι
687 1625 784 1652 Nonne
806 1625 890 1661 igitur
909 1634 970 1660 per—

173 1671 332 1706 spicuehoc
345 1670 413 1698 illud
424 1675 466 1698 est
477 1670 551 1706 quod
569 1671 659 1706 inquit
672 1670 799 1699 Christus
814 1680 820 1698 :
838 1682 846 1698 ‹
863 1672 892 1699 Si
908 1673 970 1707 quis

174 1717 234 1744 vult
245 1717 341 1744 venire
362 1721 423 1752 post
438 1725 492 1750 me,
513 1717 629 1753 abneget
645 1718 834 1753 semetipsum,
849 1723 877 1745 et
895 1719 971 1746 tollat

175 1770 285 1789 crucem
306 1769 398 1794 suam,
420 1766 448 1789 et
465 1766 597 1797 sequatur
618 1770 662 1790 me
679 1762 756 1789 '7'?)
781 1762 815 1790 Et
839 1763 939 1790 iterum
962 1773 968 1790 :

180 1818 189 1833 ι
202 1807 254 1841 Qui
267 1815 311 1835 me
324 1807 421 1844 diligit.
436 1816 479 1836 me
494 1812 635 1843 sequatur,
653 1813 681 1836 et
698 1809 745 1836 ubi
760 1816 810 1844 ego
830 1817 902 1841 sum,
915 1809 971 1837 illic

175 1858 203 1881 et
227 1853 352 1881 minister
382 1861 459 1881 meus
485 1854 521 1881 sit
544 1854 577 1881 θδ.
604 1864 612 1880 ι
637 1855 695 1882 Non
723 1854 752 1881 in
784 1855 864 1890 legali
894 1855 970 1882 cultu

173 1900 331 1928 Christiana
344 1900 451 1940 religio,
464 1900 511 1928 sed
525 1900 553 1928 in
566 1905 660 1929 sancto
671 1905 753 1936 atque
766 1901 904 1936 spirituali
919 1902 972 1929 sita

176 1950 229 1973 est.

211 1991 310 2019 PALL.
327 1991 489 2020 Rectissime
504 1991 608 2019 dixisti.

209 2037 287 2065 ΟΥΕ.
304 2037 470 2071 Quinetiam
486 2045 535 2072 per
556 2037 653 2065 Isaiam
674 2038 865 2067 vehementius
875 2039 969 2075 objur-

175 2092 243 2119 gnns
255 2083 408 2116 lsraelitas,
427 2093 436 2109 ι
451 2083 563 2116 Audite,
584 2093 593 2109 ι
608 2083 708 2118 inquit,
724 2094 733 2110 ι
748 2084 833 2112 verba
844 2085 969 2118 Domini,

176 2129 314 2164 principes
329 2128 528 2161 Sodomorum;
545 2128 678 2156 attendite
701 2128 788 2165 legem
803 2130 862 2162 Dei,
881 2138 966 2166 popu-

176 2175 219 2203 lus
242 2175 413 2203 Gomorrhze.
438 2174 498 2208 Quo
531 2174 598 2202 mihi
625 2175 773 2202 multitudo
798 2176 971 2204 victimarum

175 2225 339 2254 vestrarum,
362 2220 430 2248 dicit
453 2220 604 2251 Dominus?
627 2221 728 2249 Plenus
752 2230 813 2249 sum
838 2223 970 2251 holocau-

174 2267 225 2294 stis
249 2267 382 2300 arietum;
403 2270 431 2294 et
447 2265 556 2302 adipe_m
582 2274 730 2302 agnorum,
755 2272 783 2295 et
807 2269 970 2304 sanguinein
987 2255 1009 2285 ί)

175 2317 315 2340 taurorum
331 2315 360 2340 et
374 2311 514 2339 hircorum
536 2313 600 2340 nolo
614 2321 620 2339 :
634 2321 723 2348 neque
743 2315 875 2342 veneritis
889 2323 972 2350 appa-

174 2367 235 2387 rere
260 2359 346 2393 mihi;
372 2359 435 2394 quis
457 2359 532 2386 enim
557 2359 684 2394 quaesivit
707 2360 766 2388 haec
789 2360 823 2388 de
844 2361 972 2389 manibus

174 2405 292 2433 vestris?
308 2405 414 2433 calcare
430 2405 458 2432 in
474 2405 575 2433 atrium
590 2413 680 2433 meum
701 2414 755 2434 non
773 2407 925 2442 apponetis.
943 2407 972 2435 Si

174 2451 332 2480 obtuleritis
346 2451 494 2487 siliginem,
509 2460 628 2486 vanum;
641 2452 785 2480 incensum
801 2453 972 2482 abominatio

173 2502 216 2526 est
235 2498 322 2531 mihi;
341 2499 500 2526 neomenias
517 2502 632 2531 vestras,
652 2502 680 2526 et
700 2499 830 2532 Sabbata,
847 2503 876 2527 et
896 2499 969 2527 diem

175 2552 304 2580 magnum
319 2552 375 2572 non
390 2544 485 2572 feram.
501 2545 639 2580 Jejunium
654 2549 682 2572 et
696 2546 794 2577 otium,
816 2549 844 2573 et
862 2545 969 2574 festivi-

175 2594 245 2617 tates
263 2595 369 2617 vestras
390 2590 448 2618 odit
469 2591 559 2618 anima
583 2599 661 2623 mea;
679 2591 742 2618 facti
761 2592 827 2618 estis
851 2591 919 2618 mihi
941 2592 970 2618 in

174 2635 329 2664 satielatem
342 2636 376 2665 θ’.
395 2645 404 2662 ι
421 2637 473 2664 Per
488 2637 648 2664 Malachiam
666 2643 795 2672 praeterea
808 2638 969 2673 prophetam

173 2681 357 2709 odiosissimis
382 2682 541 2710 hominibus
561 2682 658 2710 eadem
684 2682 766 2716 dicit,
784 2689 866 2719 atque
886 2685 969 2712 etiam

175 2730 331 2762 temporum
345 2728 481 2761 meminit,
501 2728 604 2763 quibus
623 2736 672 2764 per
694 2737 790 2758 omnes
812 2735 900 2759 terras
916 2732 969 2759 sibi

174 2771 324 2801 incruentas
337 2781 370 2802 ac
392 2774 544 2810 spiritualis
558 2774 655 2802 hostire
669 2775 781 2804 odorem
794 2777 968 2813 incompara-

1023 241 1070 268 καὶ
1085 241 1115 268 οὗ
1129 241 1178 268 σὺν
1192 241 1284 276 ἱδρῶτι
1306 241 1404 277 μακρῴ
1419 241 1469 276 τῆς
1487 242 1676 277 πνευματικῆς
1687 242 1830 277 λατρείας

1021 287 1036 314 ὁ
1052 287 1162 323 τρόπος,
1173 287 1211 319 ὡς
1225 285 1261 323 ἦν
1273 287 1333 322 μὲν,
1352 288 1396 314 ἀεί
1409 296 1440 314 τε
1454 288 1502 315 καὶ
1516 289 1546 314 ἐν
1566 288 1666 323 ἀρχαῖς
1679 288 1830 324 τριπόθη-

1021 342 1067 366 τος
1079 333 1157 369 Θεῷ,
1176 333 1346 369 δυσέμὸατος
1370 334 1400 361 δὲ
1418 335 1466 361 καὶ
1485 334 1592 369 ἀναφὴς
1613 334 1654 361 ἔτι
1677 335 1740 366 ταῖς
1766 334 1832 361 τῶν

1028 379 1164 407 Ἰουδαίων
1180 380 1291 416 ψυχαῖς.
1314 380 1365 407 Διά
1381 389 1423 408 τοι
1449 380 1529 407 τοῦτο
1548 370 1652 408 δεῖσθαι
1667 381 1754 415 λόγου
1772 390 1830 417 νη-

1022 425 1211 460 πιοπρεποῦς,
1233 427 1281 453 καὶ
1297 426 1467 462 μαθημάτων
1484 426 1596 460 ἁπλῶν,
1613 427 1660 454 καὶ
1685 426 1830 453 παιδοκο-

1023 471 1088 506 μίας
1099 472 1275 507 οἰκονομικῆς
1289 472 1366 499 οὐδὲν
1378 471 1495 508 ἐχούσης
1509 473 1539 499 τὸ
1553 473 1667 504 ἀναντες
1679 473 1697 507 ἢ
1716 474 1829 508 τραχὺ,

1022 517 1177 553 ἐνομοθέτει
1193 517 1242 553 μὲν
1265 517 1322 554 γὰρ
1333 517 1382 545 καὶ
1400 518 1486 546 πάλαι
1509 519 1544 545 τὰ
1572 519 1601 546 ἐν
1623 519 1723 551 τύποις
1738 518 1827 551 Θεός.

1023 563 1226 599 Προῦπεδείκνυ
1241 564 1270 591 δέ
1291 564 1383 598 πάλιν,
1397 565 1436 597 ώς
1455 564 1557 600 ἥξοντα
1574 573 1604 591 τε
1628 565 1676 592 καὶ
1696 565 1830 600 παρεσὸ-

1024 618 1093 645 μενα
1117 609 1189 637 κατά
1212 610 1326 646 καιροὺς
1348 610 1382 637 τὰ
1407 611 1439 638 ἐκ
1462 611 1514 646 τῆς
1534 610 1650 646 ἀληθοῦς
1674 610 1827 646 λατρείας·

1022 656 1069 682 καὶ
1082 655 1233 690 ἀπόϐλητον
1256 655 1306 690 μὲν
1321 657 1408 683 ἐποίει
1424 657 1454 683 τὸ
1469 656 1517 692 τὴν
1532 656 1565 684 δι’
1581 657 1708 692 αἱμάτων
1728 657 1826 693 πρὸς·

1021 701 1090 734 οδον,
1108 702 1156 728 καὶ
1170 702 1219 737 τὴν
1239 702 1340 730 σκιάν·
1359 703 1504 729 ἀπεσείετο
1521 703 1550 729 δέ
1570 703 1614 730 διὰ
1636 703 1683 730 τοῦ
1704 704 1826 739 προφή-

1021 755 1068 773 του
1084 747 1171 781 λὲγων
1190 748 1290 783 Ἀμώ;’
1307 757 1316 773 ‹
1332 749 1493 784 Μεμίσηκα,
1509 749 1641 784 ἀπῶσμαι
1654 750 1704 781 τὰς
1720 750 1827 785 ἑορτὰς

1022 793 1110 828 ὑμῶν,
1135 793 1182 820 καὶ
1200 794 1230 820 οὺ
1258 794 1296 829 μὴ
1319 794 1465 830 ὁσῳρανθῶ
1491 795 1521 822 ἐν
1545 796 1607 827 ταῖς
1628 795 1826 831 πανηγύρεσιν

1022 837 1109 873 ὑμῶν’
1134 838 1202 865 διότι
1230 838 1278 865 ἐὰν
1304 839 1435 874 ἐνέγκητέ
1462 848 1508 875 μοι
1533 839 1750 875 ὁλοκαυτώματα
1773 841 1825 867 καὶ

1020 885 1115 917 θυσίας
1137 885 1230 920 ὑμῶν,
1253 885 1303 912 οὐκ
1336 885 1530 921 ἐπιϐλέψομαι.
1554 886 1736 921 Μετάοτησον
1771 887 1824 913 ἀπ’

1020 931 1087 966 ἐμοῦ
1101 929 1168 966 ἦχον
1190 931 1266 966 ᾠδῶν
1282 939 1340 963 σου,
1358 932 1405 958 καὶ
1426 931 1533 967 ψαλμὸν
1549 932 1676 967 ὀργάνων
1697 941 1746 959 σου
1768 933 1824 959 οὐκ

1020 977 1182 1013 ἀκούσομαι.
1202 987 1210 1003 ι
1237 977 1420 1013 Είσκεκόμικε
1454 978 1483 1004 δὲ
1505 978 1550 1004 διά
1580 978 1698 1014 Μιχαίου
1733 979 1824 1013 πρόσει

1021 1031 1095 1049 ωπον
1109 1023 1216 1058 ἀνδρὸς,
1236 1023 1297 1050 τίνα
1312 1023 1343 1058 δὴ
1365 1024 1466 1059 τρόπον
1477 1023 1677 1060 κατορθώσειεν
1693 1024 1727 1051 ἂν
1738 1025 1822 1059 ἀμω-

1023 1070 1116 1105 μήτως
1131 1069 1160 1096 τὸ
1176 1069 1288 1104 ἀγαθὸν,
1309 1070 1488 1105 ὀρεκτιῶντος
1508 1071 1741 1107 ἀναμαθεῐνσσῈν
1765 1073 1822 1099 τίνι

1021 1114 1075 1151 γὰρ
1089 1115 1237 1143 καταλάϐω
1256 1116 1302 1143 τὸν
1322 1115 1443 1152 Κύριον,
1465 1117 1650 1153 ἀντιλήψομαι
1671 1117 1741 1145 Θεοῦ
1761 1119 1822 1153 ὑψί-

1022 1169 1102 1194 στου;
1122 1161 1154 1187 Et
1177 1161 1371 1197 καταλήψομαι
1387 1162 1468 1190 αὐτὸν
1487 1163 1516 1190 ἐν
1533 1163 1771 1199 ὁλοκαυτώμασιν,
1791 1166 1821 1191 ἐν

1024 1207 1134 1242 μόσχοις
1146 1206 1310 1239 ἐνιαυσίοις
1320 1206 1351 1232 El
1364 1207 1541 1243 προσδέξεται
1553 1208 1656 1243 Κύριος
1669 1210 1699 1235 ἐν
1714 1209 1820 1244 χιλιάσι

1023 1251 1119 1287 κριῶν,
1132 1251 1148 1286 ἦ
1163 1252 1192 1278 ἐν
1208 1252 1322 1288 μυριάσι
1338 1253 1465 1288 χιμάρων
1478 1253 1599 1287 movum;
1616 1254 1646 1281 Et
1660 1254 1698 1281 δῶ
1709 1255 1819 1289 πρωτό-

1021 1297 1089 1324 τοκά
1104 1306 1166 1333 μου,
1181 1298 1306 1330 ἀσεϐείας
1319 1299 1426 1335 καρπὸν
1441 1299 1545 1331 κοιλίας
1559 1309 1622 1335 μου,
1637 1300 1707 1335 ὑπὲρ
1725 1301 1819 1336 ἀμαρ-

1021 1343 1081 1376 τίας
1097 1344 1186 1380 ψυχῆς
1207 1353 1278 1379 μου;
1300 1354 1310 1371 ι
1338 1342 1409 1372 Εἶτα
1428 1346 1609 1382 συνημμένως
1628 1346 1676 1373 xui.
1701 1346 1814 1381 ἐφεξῆς·

1025 1400 1033 1415 ι
1055 1390 1085 1416 Et
1099 1390 1237 1426 ἀνηγγέλη
1255 1399 1314 1423 σοι,
1328 1391 1411 1426 φησιν
1422 1411 1430 1424 ,
1446 1391 1573 1426 ἄνθρωπε
1583 1411 1590 1424 ,
1610 1391 1636 1418 τί
1646 1391 1677 1418 τὸ
1688 1391 1783 1418 καλόν*
1799 1391 1815 1426 ἢ

1020 1435 1047 1461 τί
1060 1435 1160 1471 Κύριος
1177 1435 1289 1472 ἐκζητετ
1301 1436 1377 1471 παρά
1390 1437 1447 1470 σοῦ,
1461 1437 1518 1464 ἀλλ’
1532 1438 1548 1472 ἢ
1565 1437 1612 1464 τοῦ
1625 1438 1713 1464 ποιεῖν
1729 1438 1817 1473 κρίμα

1022 1481 1068 1508 καὶ
1084 1482 1192 1517 ἀγαπᾷν
1207 1481 1292 1514 ἔλεος-
1308 1483 1355 1509 καὶ
1372 1482 1480 1517 ἕτοιμον
1500 1481 1570 1510 εἶναι
1587 1483 1635 1510 τοῦ
1649 1483 1816 1520 πορεύεσθαι

1023 1527 1093 1562 μετά
1115 1527 1219 1563 Κυρίου
1235 1527 1283 1555 τοῦ
1302 1527 1370 1554 Θεοῦ
1388 1537 1453 1561 σου;
1482 1538 1491 1555 ι
1515 1527 1578 1564 *Δρ*
1599 1528 1646 1557 οὖν
1661 1530 1721 1565 οὐχὶ
1738 1530 1817 1557 τοῦτό

1022 1574 1096 1600 ἐστιν
1112 1573 1253 1609 ἐναργῶς,
1271 1574 1340 1609 ὅπερ
1363 1573 1416 1609 ἔφη
1439 1575 1567 1610 Χριστός·
1588 1585 1597 1602 ι
1623 1575 1656 1602 Εἴ
1679 1585 1722 1608 τις
1746 1576 1816 1603 θέλει

1023 1619 1110 1646 ὀπίσω
1126 1628 1176 1655 μου
1194 1619 1292 1652 ἐλθεῖν,
1309 1620 1514 1657 ἀπαρνησάσθω
1531 1621 1644 1653 ἐαυτὸν,
1658 1623 1706 1649 καὶ
1722 1622 1816 1658 ἀράτω

1022 1665 1067 1693 τὸν
1081 1666 1198 1701 σταυρὸν
1211 1666 1305 1699 αὑτοῦ,
1320 1667 1368 1694 καὶ
1377 1667 1560 1694 ἀκολουθείτω
1581 1677 1625 1703 μοι
1640 1677 1647 1701 ;
1667 1678 1676 1694 ι
1696 1669 1752 1695 Καὶ
1767 1669 1816 1695 πά-

1023 1712 1073 1739 λιν·
1092 1721 1101 1738 ι
1131 1713 1160 1739 ’0
1177 1713 1227 1748 ἐμὲ
1243 1713 1368 1748 ἀγαπῶν,
1385 1713 1448 1749 ἐμοὶ
1471 1714 1670 1748 ἀκολουθείτω,
1687 1715 1735 1742 καὶ
1749 1715 1814 1741 ὅπου

1022 1759 1080 1794 εἰμὶ
1097 1758 1169 1794 ἐγὼ,
1186 1760 1246 1786 ἐκεῖ
1265 1759 1312 1786 καὶ
1333 1760 1348 1786 ὁ
1369 1759 1493 1792 διάκονος
1508 1761 1523 1787 ό
1542 1760 1609 1796 ἐμὸς
1629 1760 1710 1787 ἔστω.
1731 1770 1741 1786 ι
1759 1761 1814 1787 Οὐκ

1023 1804 1050 1830 ἐν
1062 1806 1161 1841 νομικῇ
1180 1805 1230 1840 μὲν
1244 1804 1358 1841 λατρεία
1373 1805 1406 1840 τῇ
1428 1805 1499 1836 κατά
1512 1805 1646 1841 Χριστὸν,
1663 1806 1731 1833 ἀλλά
1752 1806 1814 1842 ἁγίᾳ

1023 1858 1052 1876 τε
1067 1851 1115 1878 καὶ
1130 1853 1317 1887 πνευματικῇ.

1058 1995 1162 2022 ΠΑΛΔ.
1181 1995 1330 2030 ὀρθότατα
1346 1995 1427 2032 ἔφης.

1058 2041 1140 2069 ΚΥΡ.
1156 2042 1211 2069 Καὶ
1225 2042 1269 2069 διά
1291 2043 1341 2078 μὲν
1355 2044 1404 2078 τῆς
1424 2044 1538 2070 Ἡσαΐου
1558 2043 1651 2078 φωνῆς
1662 2063 1669 2076 ,
1685 2043 1812 2078 θερμότε-

1025 2095 1070 2122 ρον
1084 2087 1245 2123 ἐπιπλήττει
1267 2090 1324 2121 τοῖς
1343 2089 1374 2122 ἐξ
1393 2090 1501 2126 Ἰσραὴλ
1524 2089 1621 2125 λέγων·
1635 2099 1644 2116 ι
1669 2089 1812 2116 Ἀκούσατε

1023 2132 1109 2167 λόγων
1126 2133 1228 2168 Κυρίου
1239 2154 1247 2167 ,
1265 2134 1394 2170 ἄρχοντες
1409 2135 1550 2171 Σοδόμων,
1569 2135 1719 2171 προσέχετε
1733 2135 1811 2170 νόμον

1023 2178 1101 2212 Θεοῦ,
1116 2179 1180 2212 λαὸς
1202 2180 1359 2217 Γομόρρων.
1385 2181 1418 2208 Τί
1445 2191 1490 2217 μοι
1512 2182 1616 2218 πλῆθος
1634 2182 1688 2209 τῶν
1714 2181 1810 2208 θυσιῶν

1024 2224 1118 2259 ὑμῶν,
1136 2225 1211 2260 λέγει
1231 2225 1352 2261 Κύριος;
1376 2227 1487 2264 Πλήρης
1505 2228 1564 2263 είμὶ
1581 2228 1811 2263 ὁλοκαυτωμάτων

1024 2271 1126 2305 κριῶν,
1147 2272 1195 2298 καὶ
1217 2273 1301 2309 στέαρ
1321 2273 1410 2309 ἀρνῶν
1426 2274 1473 2301 καὶ
1496 2274 1605 2310 τράγων
1628 2275 1659 2301 οὺ
1674 2273 1809 2309 βούλομαι’

1023 2316 1076 2342 οὐδ’
1101 2316 1134 2344 ἂν
1159 2317 1276 2353 ἐρχησθε
1300 2318 1416 2354 ὀφθῆναί
1442 2328 1501 2355 μοι,
1523 2319 1565 2351 τίς
1588 2319 1644 2354 γὰρ
1666 2319 1810 2355 ἐξεζήτησε

1022 2362 1107 2390 ταῦτα
1122 2364 1155 2390 ἐκ
1171 2364 1225 2390 τῶν
1239 2365 1339 2400 χειρῶν
1362 2364 1458 2401 ὑμῶν;
1474 2366 1574 2392 Πατεῖν
1587 2366 1638 2401 τὴν
1656 2366 1743 2401 αὐλήν
1763 2374 1810 2401 μου

1024 2409 1054 2436 οὐ
1070 2410 1270 2446 προσθήσεσθε.
1300 2412 1362 2439 Ἐὰν
1384 2411 1488 2448 φέρητε
1511 2411 1669 2448 σεμίδαλιν,
1688 2411 1807 2447 μάταιον.

1024 2455 1156 2491 Θυμίαμα
1179 2456 1315 2493 βδέλυγμα
1330 2459 1375 2493 μοί
1395 2459 1470 2491 ἐστι,
1485 2458 1535 2490 τὰς
1550 2458 1699 2494 νουμηνίας
1720 2458 1808 2494 ὑμῶν,

1025 2502 1071 2528 καὶ
1088 2501 1124 2529 τὰ
1138 2502 1276 2537 Σάῦϐατα,
1288 2504 1335 2531 καὶ
1347 2505 1454 2540 ἡμέραν
1468 2504 1590 2540 μεγάλην
1605 2504 1655 2532 οὐκ
1670 2503 1807 2540 ἀνέχομαι.

1025 2546 1162 2582 Νηστείαν
1179 2548 1226 2575 καὶ
1246 2549 1364 2584 ἀργίαν,
1377 2548 1487 2581 καὶτὰς
1506 2549 1603 2585 ἑορτὰς
1619 2548 1694 2584 ὑμῶν
1718 2549 1808 2585 ἐμίση-

1026 2601 1071 2620 σεν
1092 2595 1108 2628 ἡ
1130 2594 1202 2629 ψυχή
1219 2603 1280 2629 μου’
1299 2595 1448 2631 ἐγενήθητέ
1472 2604 1516 2630 μοι
1540 2595 1580 2626 εἰς
1605 2595 1775 2630 πλησμονήν.
1797 2604 1806 2621 ι

1025 2640 1075 2667 Διά
1096 2648 1125 2666 τε
1148 2640 1195 2667 τοῦ
1217 2642 1358 2677 προφήτου
1384 2641 1546 2676 Μαλαχίου,
1568 2641 1652 2668 ταυτὺ
1678 2641 1752 2675 λέγει
1773 2641 1807 2668 ἔτι

1024 2686 1092 2721 πρὸς
1112 2686 1171 2713 λίαν
1195 2687 1416 2723 ἀπηχθημένους·
1441 2688 1627 2723 διαμέμνηται
1650 2687 1679 2714 δὲ
1701 2687 1806 2723 καιρῶν,

1024 2730 1083 2757 καθ’
1108 2731 1154 2764 οὓς
1177 2732 1210 2759 ἂν
1239 2733 1315 2768 αὐτῷ
1335 2733 1511 2768 προσοίσειαν
1537 2734 1561 2760 οι
1584 2734 1637 2761 ἀνά
1660 2735 1749 2761 πᾶσαν
1765 2734 1807 2770 τὴν

1021 2777 1073 2813 γῆν
1094 2779 1148 2814 τῆςΔ
1161 2779 1329 2815 ἀναιμάκτου
1342 2780 1388 2806 καὶ
1402 2781 1501 2816 νοητῆς
1515 2780 1610 2812 θυσίας
1625 2780 1673 2816 τὴν
1686 2780 1806 2816 ἀσύγκριη

209 2864 232 2882 ⁵⁸
247 2864 341 2900 Amos,
359 2875 385 2900 ν,
397 2867 441 2900 2|,
455 2866 498 2895 2‘2.
537 2868 559 2884 Μ
571 2867 652 2896 Mich.
669 2857 704 2901 vi,
717 2870 742 2903 6,
754 2870 780 2898 7,
813 2871 833 2887 ⁵⁷
851 2871 932 2903 lbid.,
949 2872 965 2898 8

1026 2873 1045 2887 ⁷⁸
1061 2871 1156 2900 Matth.
1168 2881 1220 2905 xw,
1234 2873 1278 2900 “24.
1313 2875 1334 2890 ⁶⁸
1347 2874 1424 2902 Joan.
1443 2883 1489 2908 χιι,
1504 2874 1546 2903 26.
1577 2874 1598 2892 ⁸³
1611 2874 1661 2902 lsa.
1673 2881 1693 2908 ι,
1711 2873 1751 2907 l0,
1767 2873 1803 2901 li.
