1924 3043
73 162 117 188 35
438 165 486 192 DE
503 165 722 194 ADURATIONE
742 165 925 194 lN‘SPlIIIT‘iJ
946 167 991 194 ET
1012 161 1194 195 VERITATE.
1218 168 1281 195 LIB.
1304 168 1334 195 II.

1655 169 1707 196 9.26

74 231 249 260 τωιεῦωδῖαν.
269 233 344 269 Ἔφη
367 234 421 269 γὰρ
441 230 492 261 ὦδε
509 222 606 262 πάλίν·
628 245 638 261 1
657 236 714 263 Οὐκ
732 236 790 264 ἔστι
807 246 857 273 μου

918 236 994 264 1110111
1004 240 1096 264 essent
1108 236 1235 264 oblaturi.
1247 237 1292 264 Sic
1303 237 1376 264 enim
1388 237 1488 264 iterum
1504 235 1593 271 inquit
1606 245 1612 262 :
1626 246 1635 261 1
1648 237 1708 263 Non

75 278 178 313 θέλημα
201 280 230 306 ὲν
242 279 327 315 ὑμῖν,
353 281 427 315 λέγει
452 281 553 317 Κύριος
577 282 792 318 παντοκράτωρ,
817 285 863 310 καὶ

73 325 165 352 ουσίαν
179 325 211 352 οὐ
231 327 414 362 προσδέξομαι
436 328 468 354 ἐκ
488 327 542 354 τῶν
556 328 655 364 χειρῶν
677 329 772 364 ὑμῶν,
796 327 863 356 διότι

71 370 124 396 ἀπὸ
137 370 277 397 ἀνατολῶν
299 371 376 407 ἡλίου
395 372 442 399 καὶ
456 371 509 404 ἕως
531 373 641 408 δυσμῶν
659 373 689 399 τὸ
710 373 795 408 ὄνομά
811 383 862 409 μου

70 416 227 448 δεδόξασται
258 417 286 443 ὲν
306 419 363 449 τοῖς
387 417 492 450 ἔθνεσι,
511 418 559 445 καὶ
579 420 608 445 ὲν
623 419 704 445 παντὶ
723 419 798 454 τόπῳ
814 419 862 446 θυ-

71 463 160 498 μίαμα
195 463 381 499 προσφέρεται
416 463 456 499 τῷ
484 463 597 499 ὀνόματί
625 474 674 501 μου
710 466 757 492 καὶ
783 465 863 493 Θυσία

68 508 196 543 καθαρὰ,
221 508 289 535 διότι
315 508 386 544 μέγα
405 508 435 535 τὸ
456 509 542 544 δνομά
565 519 615 545 μου
635 511 663 536 ὲν
685 512 740 543 τοῖς
763 511 861 543 ἔθνεσι,

68 554 142 587 λέγει
163 553 269 588 Κύριος
293 555 504 590 παντοκράτωρ.
525 564 534 582 1
554 556 651 592 Συνίης
675 557 715 583 ὅτι
738 557 863 592 θυμίαμά

67 608 96 626 τε
123 599 174 626 καὶ
201 600 298 626 Θυσίαν
324 600 398 636 αὐτῷ
422 601 623 637 καθαρὰν.ὰπὺ
647 603 746 635 παντὸς
770 603 863 635 ἔθνους

69 646 302 681 ἀνενεχθήσεσϐαί
324 656 416 683 φησιν.
429 648 535 684 Ὥσπερ
550 648 577 674 δὲ
593 649 641 685 τὴν
657 649 719 676 νέαν
733 651 798 685 ἡμῖν
816 650 862 677 καὶ

67 693 97 719 ὲν
112 693 226 728 Χριστῷ
242 693 375 729 διαθήκην
385 714 392 725 ,
410 692 507 729 καινὴν
519 694 665 730 ὀνομάσας,
685 696 862 723 πεπαλαίωκε

67 739 116 774 τὴν
134 739 259 774 πρώτην.
278 740 381 775 Γράφει
402 740 455 776 γὰρ
473 741 538 776 ἡμῖν
555 740 641 773 οὕτως
668 745 715 768 καὶ
730 743 743 768 ὁ
764 742 862 768 θεσπέ-

71 793 128 816 σιος
140 784 258 816 Παῦλος.
282 784 326 816 Ὠς
349 785 464 812 κάνθάδε
475 805 483 817 ,
500 785 622 820 καθαρὰν
638 785 721 812 εεπὼν
741 786 791 822 τὴν
809 787 863 813 ἀπὸ

68 831 171 862 παντὸς
185 830 278 862 ἕΟνους
307 831 401 858 ουσίαν
418 831 550 866 ἐσομένην
575 832 645 858 κατὰ
664 832 794 867 καιροὺς,
819 831 859 868 τῷ

71 877 108 912 μὴ
133 876 223 908 οὓτως
245 878 318 912 ἔχειν
339 877 388 912 τῆς
417 878 532 913 ἀρχαίας
557 879 783 914 καταψηφίζεται.
804 880 862 906 Κα-

912 286 955 309 est
968 282 1095 309 voluntas
1114 290 1174 309 mea
1192 283 1218 309 in
1236 283 1324 315 vobis,
1346 283 1415 310 dicit
1434 282 1566 309 Dominus
1581 281 1708 317 omnipo-

910 332 988 368 Itens;
1017 332 1045 355 ct
1069 327 1234 356 sacriﬁcium
1266 336 1321 355 non
1349 329 1496 364 suscipiam
1520 328 1554 355 de
1581 329 1709 356 manibus

912 373 1026 407 vestris;
1043 374 1108 408 quia
1130 373 1164 401 ab
1187 378 1248 400 ortu
1266 373 1332 400 solis
1348 381 1434 408 usque
1455 373 1488 400 ad
1506 381 1633 400 occasum
1655 381 1707 400 no-

913 426 976 446 men
991 427 1082 446 meum
1103 418 1285 455 gloriﬁcatum
1299 424 1340 446 est
1354 419 1381 446 in
1395 419 1537 455 gentibus;
1552 423 1579 447 et
1592 419 1620 446 in
1632 419 1708 447 omni

913 465 974 492 loco
990 465 1134 493 incensum
1149 466 1265 494 oﬁ'ertur
1279 466 1384 493 nomini
1407 457 1478 499 meo,
1501 471 1528 494 01
1545 466 1709 494 sacriﬁcium

912 511 1046 538 mundum
1072 512 1159 547 :quia
1182 520 1311 548 magnum
1332 520 1433 539 nomen
1451 520 1543 539 meum
1568 512 1596 539 in
1618 513 1708 547 genti-

913 558 975 591 bus,
988 558 1056 586 dicit
1072 559 1206 586 Dominus
1221 558 1396 593 omnipotens
1403 558 1437 584 7°.
1453 567 1462 583 1
1480 558 1612 593 Intelligis
1625 558 1709 593 igitur

913 604 986 638 quod
1013 605 1155 632 incensum
1179 611 1210 631 ac
1241 603 1408 631 sacriﬁcium
1437 602 1488 630 sibi
1515 603 1648 630 mundum
1673 603 1708 630 ab

913 649 988 675 omni
1006 653 1086 684 gente
1103 657 1164 677 esse
1191 649 1361 676 offerendum
1379 649 1426 676 ait.
1451 648 1486 676 Ut
1510 653 1601 675 autem
1623 649 1651 675 in
1676 656 1709 676 eo

914 696 986 730 quod
1005 703 1103 722 reeens
1118 695 1184 722 illud
1203 695 1232 722 111
1252 694 1362 722 Christo
1380 698 1584 727 testamentum,
1607 702 1716 731 novum

914 742 1076 777 appellavit,
1101 742 1169 768 illud
1203 741 1280 776 prius
1312 748 1344 768 ac
1370 743 1449 767 vetus
1475 740 1637 775 antiquavit.
1665 740 1710 769 Sic

913 788 987 815 enim
1006 788 1105 814 beatus
1125 788 1226 815 Paulus
1241 787 1338 814 scribit
1354 787 1387 814 ⁷¹.
1403 786 1470 813 Item
1486 786 1514 813 in
1534 786 1586 814 hoc
1606 787 1666 814 loco
1682 787 1710 814 in

914 841 947 861 eo
963 834 1036 868 quod
1053 833 1132 865 dixit,
1148 834 1281 860 mundum
1302 833 1336 860 ab
1352 833 1427 860 0111111
1444 837 1524 868 gente
1546 832 1710 860 sacriﬁcium

915 878 972 906 suis
988 878 1159 913 temporibus
1175 878 1308 910 futurum,
1331 878 1364 904 de
1385 878 1433 905 illo
1450 878 1546 910 veteri,
1567 878 1639 913 quod
1655 886 1709 905 11011

70 922 142 958 ῦαρὰ
154 922 212 957 γάρ
223 930 286 949 τινα
298 922 409 958 τρόπον,
423 923 439 958 ἡ
452 923 520 958 μήτε
535 923 716 959 καθαίρουσα,
730 924 797 959 μήτε
812 923 863 959 μὴν

918 924 1048 960 ejusmodi
1063 924 1108 956 sit,
1125 924 1289 952 sententiam
1303 924 1375 950 tulit.
1395 923 1536 956 Quomodo
1554 924 1628 951 enim
1642 924 1709 951 illud

71 967 170 1000 ἔχουσα
192 966 223 992 τὸ
247 965 368 992 τελειοῦν
388 966 516 993 δύνασθαι
542 967 610 1003 πρὸς
631 969 749 1003 aps-cfp;
771 968 862 1004 Ταύτῃ

70 1013 110 1038 τοί
129 1021 212 1047 φησιν
227 1013 242 1038 6
259 1012 393 1048 μακάριος
409 1012 524 1044 Παῦλος,
536 1013 574 1045 ὼς
589 1011 623 1049 ἦν
642 1014 690 1049 μὲν
704 1014 754 1041 οὐκ
769 1015 861 1050 ἄμεμ-

70 1067 148 1090 πτος,
167 1058 377 1093 εἰσκεκομισθαι
396 1059 423 1084 δὲ
444 1059 600 1093 ἀναγκαίως
619 1060 654 1087 τὰ
667 1060 712 1087 διὰ
726 1060 862 1095 Χριστοῦ,

69 1106 117 1131 καὶ
129 1105 175 1131 τὸν
189 1105 240 1140 τῆς
251 1104 381 1140 δευτέρας
395 1105 568 1140 ὲγζητεῐσθαι
579 1106 669 1133 τόπον.

106 1246 212 1273 ΠΛΛΛ.
245 1245 410 1282 Ἀϐούλητος
436 1246 490 1282 ἄρα
515 1246 655 1278 παντελῶς
674 1247 691 1282 ἡ
718 1247 746 1273 ἐν
775 1249 866 1278 σκιαῖς

69 1293 183 1328 λατρεία
201 1293 329 1327 παναγίῳ
345 1292 404 1327 Θεῷ
414 1301 421 1325 ;

104 1338 190 1364 ΚΥΡ.
215 1337 380 1364 Παντάπασι
403 1337 452 1372 μὲν
479 1335 535 1364 οὖν.
561 1337 640 1372 Πάρα
667 1337 694 1363 δέ
714 1346 746 1371 γε
774 1337 865 1371 σαφῶς

69 1385 176 1410 ἐπαΐειν
189 1383 317 1417 λέγοντος
335 1385 392 1415 τοῖς
414 1383 443 1415 ἐξ
463 1383 587 1419 Ἰσραὴλ,
605 1383 648 1419 διὰ
663 1384 712 1418 τῆς
733 1383 865 1418 Ἰερεμίου

68 1431 172 1465 φωνῆς·
190 1440 199 1456 1
215 1430 286 1456 Τάδε
298 1430 373 1464 λέγει
386 1430 497 1464 Κύριος⁵
512 1430 552 1456 Τὰ
562 1429 775 1464 ὁλοκαυτώματα
789 1429 865 1464 ὑμῶν

69 1475 242 1510 συναγάγετε
271 1475 340 1510 μετὰ
364 1473 418 1501 τῶν
444 1474 544 1500 θυσιῶν
572 1474 668 1509 ὑμῶν,
691 1474 739 1500 καὶ
763 1474 864 1508 φάγετε

68 1521 149 1557 κρέα.
164 1522 228 1547 Ὀτι
250 1521 301 1546 οὐκ
318 1520 437 1556 ἐλάλησα
456 1520 523 1555 πρὸς
546 1520 609 1551 τοὺς
633 1520 753 1555 πατέρας
777 1519 864 1554 ὑμῶν,

70 1568 118 1593 καὶ
132 1567 186 1593 οὐκ
202 1566 383 1601 ἐνετειλάμην
405 1566 497 1597 αὐτοῖς
518 1566 546 1591 ὲν
569 1563 705 1602 ἡμέρᾳ,ᾔ
728 1566 864 1601 ἀνήγαγον

916 970 971 1006 58
992 971 1125 998 mundum
1143 971 1189 1003 sit,
1209 970 1281 1006 quod
1306 978 1395 1005 neque
1419 970 1544 1003 mundat,
1566 978 1656 1005 neque
1675 970 1709 997 ad

915 1017 1064 1052 perfectam
1087 1018 1218 1045 virtutem
1242 1025 1294 1044 nos
1319 1017 1420 1044 dueere
1447 1018 1554 1052 potest?
1577 1017 1710 1050 Quocirca

915 1062 1013 1090 beatus
1023 1063 1124 1090 Paulus
1137 1063 1236 1098 inquit,
1248 1068 1327 1091 vetus
1341 1064 1408 1091 illud
1421 1072 1476 1091 non
1489 1072 1599 1091 vacasse
1613 1064 1708 1100 culpa;

914 1109 1007 1144 itaque
1029 1110 1185 1136 necessario
1205 1109 1273 1136 illud
1295 1110 1460 1137 successisse
1475 1110 1548 1145 quod
1564 1118 1613 1145 per
1629 1110 1709 1138 Chri-

914 1161 989 1182 stum
1013 1156 1147 1183 sancitum
1169 1160 1227 1189 est,
1243 1161 1270 1183 et
1294 1156 1408 1183 secundi
1430 1156 1520 1183 locum
1547 1156 1709 1191 inquisitum

915 1202 1009 1229 fuisse.
1371 1228 1374 1229 ,

952 1248 1050 1275 PALL.
1066 1249 1175 1285 Ergone
1190 1257 1303 1285 prorsus
1326 1253 1427 1285 praeter
1449 1249 1647 1285 omnipotentis
1660 1246 1709 1277 Dei

916 1295 1085 1322 voluntatem
1101 1296 1192 1323 cultus
1212 1296 1256 1323 ille
1272 1295 1428 1323 umbratilis
1443 1295 1513 1322 fuit?

952 1340 1030 1368 CYII.
1048 1341 1176 1368 Omnino.
1192 1342 1240 1368 Est
1253 1346 1344 1369 autem
1360 1342 1387 1368 in
1402 1345 1542 1376 promptu,
1558 1342 1643 1369 Deum
1660 1350 1709 1370 au-

915 1385 975 1412 dire
997 1386 1168 1421 apertissime
1180 1387 1316 1414 dicentem
1338 1387 1402 1414 ﬁliis
1418 1387 1510 1420 Israel,
1525 1395 1574 1423 per
1586 1388 1711 1415 Ieremia:

917 1439 1012 1458 vocem
1034 1440 1040 1458 ι
1061 1441 1070 1457 1
1090 1431 1154 1458 11100
1174 1431 1242 1459 dicit
1263 1432 1396 1459 Dominus
1412 1441 1418 1459 :
1433 1433 1598 1461 IIolocausta
1621 1439 1711 1461 vestra

915 1482 1078 1512 congregate
1093 1485 1154 1504 eum
1168 1477 1311 1506 sacriﬁciis
1329 1479 1438 1510 vestris,
1453 1483 1481 1506 et
1497 1479 1632 1507 eomeditc
1649 1488 1711 1508 car-

915 1531 974 1550 nes.
988 1523 1057 1556 Quia
1068 1531 1124 1550 non
1137 1531 1198 1551 sum
1214 1525 1323 1552 locutus
1338 1525 1371 1552 ad
1389 1529 1482 1560 patres
1493 1531 1607 1558 vestros,
1622 1535 1711 1562 neque

916 1569 1043 1595 mandavi
1056 1569 1096 1596 eis
1115 1569 1143 1596 in
1160 1570 1204 1597 die
1228 1578 1282 1606 qua
1295 1571 1444 1598 ascendere
1461 1579 1509 1599 eos
1524 1571 1577 1599 feci
1592 1572 1625 1599 de
1641 1576 1711 1600 terra

70 1614 172 1644 αὐτοὺς
190 1613 223 1639 ὲκ
241 1613 294 1647 γῆς
321 1612 460 1646 Αἰγύπτου
485 1612 548 1647 περὶ
564 1611 798 1646 ὁλοκαυτωμάτων
819 1611 865 1638 καὶ

918 1613 1035 1649 Egypti,
1055 1614 1089 1641 de
1106 1615 1284 1648 holocaustis,
1302 1621 1330 1643 et
1350 1616 1501 1644 sacriliciis.
1527 1616 1580 1644 Sed
1597 1618 1711 1645 verbum

66 1659 185 1686 θυσιῶν.
209 1658 281 1685 Ἀλλ’
302 1659 318 1693 ἢ
341 1658 371 1684 τὺ
387 1658 461 1694 ῥῆμα
477 1657 557 1684 τοῦτο
580 1657 756 1693 ἐνετειλάμην
776 1657 867 1689 αὐτοῖς

69 1705 157 1739 λέγων
169 1724 177 1735 ,
193 1704 344 1731 Ἀκούσατε
359 1704 410 1738 τῆς
429 1703 520 1739 φωνῆς
536 1712 596 1738 μου.
617 1713 626 1729 1
644 1704 726 1730 Ὅσον
751 1703 800 1738 μὲν
814 1703 868 1738 γὰρ

69 1749 138 1786 ἧκεν
159 1751 200 1783 εἷς
218 1759 251 1785 γε
265 1751 297 1777 τὸ
319 1750 432 1786 ἀκριϐὲς
445 1749 484 1785 τῷ
498 1750 630 1785 νομοθέτῃ
645 1749 750 1781 δοκοῦν,
768 1749 821 1775 οὔδ’
835 1749 868 1775 ἂν

71 1798 138 1829 ὅλως
151 1798 180 1823 ὲν
193 1798 294 1832 ἀρχαῖς
315 1797 328 1823 6
342 1797 370 1822 ὲν
386 1797 474 1827 σκιαῖς
494 1795 534 1822 ἔτι
553 1794 807 1830 κατεχρησμωδήθη
824 1793 867 1820 νό-

74 1852 134 1878 μος,
145 1842 196 1878 τῆς
210 1843 239 1869 ὲν
254 1841 391 1877 πνεύματι
404 1841 531 1877 λατρείας
545 1840 738 1875 σεσιγημένης.
759 1839 867 1874 Ἐπειδὴ

73 1889 102 1916 δὲ
114 1887 149 1924 ἦν
163 1889 196 1915 τὸ
216 1888 313 1924 χρῆμα
335 1888 479 1924 φορτικὸν,
496 1887 543 1914 καὶ
558 1887 586 1913 τὸ
600 1885 730 1912 δύνασθαι
747 1884 869 1920 πληροῦν

74 1937 105 1962 τὸ
124 1935 238 1966 τελείως
260 1935 379 1968 ἀγαθὸν,
406 1936 463 1965 τοῖς
478 1933 507 1960 τὸ
530 1933 657 1969 τηνικάδε
683 1933 797 1968 βάσιμον
819 1931 869 1967 μὲν

74 1982 144 2016 οὐχὶ,
162 1981 247 2016 φαίην
267 1981 289 2007 δ’
305 1980 337 2007 ἂν
353 1981 393 2006 ὅτι
414 1980 530 2015 σκληρὸν
545 1980 591 2006 καὶ
610 1979 660 2005 οὐκ
677 1978 798 2014 ᾶτραχν,
821 1986 868 2013 νη-

76 2028 233 2064 πιοττρεπὴς
260 2025 304 2054 οἷά
327 2036 370 2060 τις
403 2028 563 2063 μελέτησις,
585 2026 634 2062 τὴν
659 2026 710 2061 τῆς
742 2025 870 2061 ἀληθείας

75 2077 174 2109 ἐχουσα
193 2074 344 2109 μόρφωσιν,
358 2073 372 2099 6
385 2074 413 2099 ἐν
429 2073 573 2108 γράμμασι
587 2072 679 2107 νόμος,
691 2070 870 2106 οἰκονομικῶς

74 2120 248 2152 ἑθεσπίζετο.
274 2120 347 2155 Πλὴν
366 2120 460 2154 ἐδήλου
483 2119 577 2153 σαφῶς
593 2119 607 2145 6
620 2118 673 2144 τῶν
695 2118 785 2152 νόμων
805 2118 870 2152 ἡμῖν

75 2166 186 2201 ὁριστὴς
198 2186 205 2197 ,
226 2166 268 2192 ὅτι
292 2165 329 2200 μὴ
350 2165 441 2192 ἐκεῖνα
459 2165 557 2200 μᾶλλον
575 2163 647 2199 αὐτῷ
665 2163 869 2199 θυμηρέστατα,

75 2212 230 2248 τριπόθητα
245 2211 273 2237 δὲ
290 2211 324 2238 τὰ
340 2211 384 2238 διὰ
403 2210 532 2247 Χριστοῦ.
547 2211 602 2237 Καὶ
626 2209 691 2244 γοῦν
707 2209 760 2245 ἔφη
778 2209 869 2237 πάλιν·

79 2268 88 2284 1
109 2259 160 2285 Διὰ
182 2259 263 2285 τοῦτο
283 2258 434 2293 ἀπεθέρισα
455 2259 518 2289 τοὺς
538 2257 680 2292 προφήτας
697 2256 789 2292 ὑμῶν,
817 2257 871 2283 ὰπ-

77 2306 186 2331 έκτεινα
197 2305 297 2336 αὐτοὺς
310 2305 337 2330 ὲν
350 2305 452 2340 ῥήμασι
467 2304 599 2338 στόματός
610 2312 671 2338 μου,
686 2303 773 2330 καὶτὸ
784 2303 870 2338 κρίμα

78 2361 127 2387 μου
147 2351 186 2382 ὡς
210 2350 269 2385 φῶς
287 2350 470 2383 ἐξελεύσεται·
494 2350 561 2376 διότι
578 2349 651 2381 ἕλεος
674 2348 758 2380 θέλω,
776 2349 823 2375 καὶ
839 2348 869 2374 οὺ

77 2397 189 2429 θυσίαν,
205 2396 253 2422 κα1Ι
280 2395 427 2429 ἐπίγνωσιν
450 2394 535 2426 Θεοῦ,
560 2394 577 2429 ἦ
603 2393 826 2429 ὁλοκαυτώματα.
857 2402 866 2420 1

77 2442 147 2469 Πολὺ
165 2441 221 2477 γὰρ
235 2441 346 2476 ἄμεινον
362 2441 437 2477 παρὰ
451 2440 510 2477 Θεῷ
526 2441 574 2467 καὶ
594 2441 695 2476 μόσχου
713 2440 868 2472 πίπτοντος,

78 2489 124 2514 καὶ
138 2488 278 2523 προϐάτου
293 2488 411 2522 σφαγῆς,
427 2488 443 2522 ἡ
463 2488 503 2519 εἰς
520 2487 650 2520 ἀδελφοὺς
665 2486 769 2521 ἀγάπη,
786 2487 825 2518 εἰς
839 2487 869 2514 τὸ

77 2534 122 2560 τοῦ
140 2535 225 2569 νόμου
246 2534 393 2569 πλήρωμα,
410 2534 458 2560 καὶ
477 2533 507 2560 τδ
530 2533 662 2568 ὑπερέχον
676 2532 726 2568 τῆς
742 2531 869 2566 γνώσεως

77 2578 196 2614 Χριστοῦ
208 2599 216 2610 ,
235 2578 268 2605 δι’
282 2576 367 2613 οὗπερ
387 2578 420 2604 ἂν
435 2577 539 2612 γένοιτο
554 2578 600 2604 καὶ
616 2577 697 2609 αὐτὸς
712 2579 780 2614 ἡμῖν
800 2586 870 2612 γνω-

78 2625 139 2657 στὸς
154 2625 168 2651 6
184 2625 290 2660 Πατήρ.
310 2623 443 2659 Πρόξενον
458 2624 485 2650 δὲ
499 2623 540 2650 ὃτι
556 2625 606 2659 τῆς
630 2624 740 2650 αἰωνίου
754 2623 826 2659 ζωῆς
839 2623 870 2650 τὸ

78 2670 172 2706 χρῆμὰ
186 2671 271 2702 ἐστιν,
285 2669 336 2696 οὐκ
351 2669 480 2706 ὲνδοιάσῃ
498 2679 541 2701 τις
555 2669 598 2702 ἂν,
615 2668 734 2704 Χριστοῦ
746 2668 871 2703 λέγοντος

78 2716 145 2752 πρὸς
157 2716 203 2744 τὸν
221 2717 249 2743 ἐν
265 2717 322 2748 τοῖς
336 2716 460 2752 οὐρανοῖς
480 2716 600 2751 Πατέρα·
613 2714 702 2752 ιΑὖτη
712 2715 741 2742 δέ
762 2716 836 2743 ἐστιν
853 2716 869 2752 ὴ

78 2762 185 2795 αἰώνιος
201 2762 258 2800 ζωὴ
269 2783 277 2795 ,
296 2762 342 2789 ἵνα
358 2761 514 2797 γινώσκωσί
529 2770 559 2788 σε
579 2762 624 2789 τὸν
642 2762 721 2797 μόνον
742 2762 869 2798 ἀληθινὸν

78 2809 151 2843 Θεὸν,
165 2811 214 2837 καὶ
229 2810 260 2837 ὃν
278 2808 446 2840 ἀπέστειλας
462 2808 565 2844 Ἰησοῦν
586 2808 714 2843 Χριστόν.
733 2817 743 2835 1
769 2808 866 2844 ’Δψευ-

116 2899 138 2916 ⁷⁸
147 2899 263 2927 Malach.
283 2907 303 2931 ι,
326 2899 367 2930 10,
398 2898 437 2925 11.
475 2898 496 2914 ⁷¹
510 2898 592 2926 Hebr.
609 2907 665 2931 vm,
680 2898 721 2925 I5.

919 1659 972 1697 hoc
989 1660 1115 1687 mandavi
1133 1661 1173 1688 eis
1190 1661 1285 1689 dicens
1297 1671 1303 1688 :
1314 1662 1413 1689 Audite
1430 1670 1524 1690 vocem
1542 1671 1631 1690 meam
1645 1665 1678 1691 ".
1698 1674 1708 1690 1

918 1704 996 1738 Quod
1015 1705 1088 1732 enim
1112 1705 1145 1732 ad
1166 1707 1330 1741 praecipuam
1357 1707 1521 1735 institutoris
1542 1709 1711 1736 voluntatem

919 1751 1049 1786 pertinet,
1066 1759 1100 1778 nc
1124 1759 1140 1778 a
1163 1753 1298 1787 principio
1312 1753 1424 1787 quidem
1441 1754 1497 1781 ullo
1513 1755 1595 1782 modo
1611 1755 1712 1783 divinis

919 1797 1038 1824 oraculis
1055 1797 1153 1824 tradita
1172 1798 1268 1825 fuisset
1284 1798 1330 1826 illa
1347 1799 1438 1826 adhuc
1460 1799 1487 1826 111
1502 1800 1607 1828 umbris
1624 1802 1711 1836 posita

920 1843 974 1875 lex,
991 1843 1013 1870 si
1029 1843 1062 1870 de
1076 1843 1150 1870 cultu
1162 1843 1296 1878 spirituali
1309 1845 1444 1872 silendum
1462 1846 1570 1873 fuisset.
1584 1847 1637 1874 Sed
1647 1848 1713 1882 quia

920 1890 1009 1926 gravis
1023 1894 1082 1917 erat
1105 1898 1137 1917 ea
1155 1898 1208 1923 res,
1226 1894 1254 1918 et
1271 1891 1304 1918 ad
1328 1892 1455 1927 perfectae
1470 1893 1580 1921 virtutis
1601 1894 1712 1922 absolu-

920 1936 1022 1963 tionem
1037 1936 1112 1963 illius
1127 1937 1257 1971 temporis
1275 1938 1433 1966 hominibus
1447 1939 1519 1966 haud
1534 1939 1622 1968 facilis
1634 1945 1712 1976 pate—

920 1981 966 2008 bat
981 1989 1122 2014 accessus;
1136 1982 1191 2009 imo
1204 1991 1279 2015 vero,
1296 1991 1356 2010 mea
1369 1984 1480 2018 quidem
1495 1986 1641 2019 sententia,
1659 1986 1712 2015 du-

921 2035 981 2054 rum
995 2028 1023 2054 id
1045 2032 1105 2055 erat
1118 2032 1145 2055 et
1158 2036 1301 2063 asperum;
1322 2029 1366 2056 lex
1387 2026 1487 2065 scripta
1502 2031 1578 2059 velut
1599 2032 1713 2066 puerilis

921 2074 1045 2108 quaedam
1060 2074 1231 2105 exercitatio,
1247 2082 1308 2109 qua-
1322 2074 1436 2102 fnrmam
1451 2076 1575 2104 veritatis
1586 2077 1711 2109 haberet.

921 2121 1037 2155 sapienti
1050 2121 1237 2148 moderatione
1257 2121 1406 2148 constituta
1421 2125 1472 2148 est.
1487 2121 1622 2150 Caeterum
1639 2123 1713 2152 haud

921 2167 1037 2194 obscure
1061 2166 1225 2201 signiﬁcavit
1251 2167 1330 2194 nobis
1351 2167 1397 2194 ille
1420 2167 1561 2203 legislator
1582 2177 1636 2195 non
1653 2177 1714 2198 esse

921 2213 968 2240 illa
991 2213 1043 2240 sibi
1062 2213 1232 2248 gratissima,
1252 2213 1319 2247 quin
1342 2213 1435 2248 potius
1456 2214 1659 2249 exoptatissima
1685 2223 1714 2243 se

922 2260 1034 2290 habere.
1057 2267 1118 2294 qua:
1139 2263 1233 2294 postea
1249 2267 1298 2294 per
1317 2259 1455 2287 Christum
1471 2260 1654 2295 pr:eeipienda
1669 2269 1713 2288 es—

924 2309 995 2332 sent.
1016 2305 1110 2339 Itaque
1123 2305 1192 2332 dixit
1208 2305 1308 2332 iterum
1324 2314 1330 2331 :
1351 2315 1360 2330 1
1379 2306 1493 2341 Propter
1507 2306 1560 2333 hoc
1576 2306 1713 2335 demessui

923 2350 1072 2386 prophetas
1083 2356 1199 2383 vestros,
1215 2351 1303 2378 occidi
1322 2358 1370 2378 eos
1390 2351 1417 2378 in
1433 2351 1525 2379 verbis
1539 2352 1595 2379 oris
1608 2353 1671 2385 mei,
1686 2358 1714 2380 ct

920 2396 1056 2431 judicium
1074 2403 1166 2423 meum
1180 2396 1259 2430 quasi
1274 2397 1320 2423 lux
1337 2396 1508 2432 egredietur;
1524 2397 1587 2432 quia
1603 2397 1713 2424 miseri-

923 2442 1045 2469 cordiam
1059 2443 1130 2475 volo,
1145 2446 1173 2469 et
1187 2450 1242 2470 non
1257 2443 1433 2475 sacriﬁcium,
1454 2447 1482 2470 et
1502 2443 1643 2471 scientiam
1665 2445 1713 2472 Dei

920 2489 1007 2523 magis
1021 2496 1104 2523 quam
1128 2489 1320 2517 holocaustum
1335 2491 1368 2517 ’³,
1389 2500 1397 2516 1
1415 2491 1470 2518 Deo
1493 2491 1593 2526 quippe
1616 2495 1645 2518 ct
1666 2499 1713 2518 ca-

920 2534 1002 2561 dente
1035 2534 1137 2567 vitulo,
1161 2540 1189 2563 et
1207 2543 1258 2563 ove
1289 2544 1358 2563 uesa
1387 2537 1491 2571 gratior
1527 2542 1569 2564 est
1603 2537 1648 2564 illa
1685 2538 1713 2565 in

919 2579 1019 2607 fratres
1039 2580 1160 2614 dilectio,
1184 2590 1237 2616 qua
1250 2582 1294 2609 lex
1317 2583 1456 2617 impletur,
1476 2587 1504 2610 et
1525 2583 1570 2610 illa
1588 2584 1713 2611 eminens

920 2627 1035 2654 scientia
1044 2627 1157 2660 Christi,
1169 2636 1219 2663 per
1230 2636 1311 2663 quam
1324 2628 1382 2663 ipse
1393 2636 1502 2664 quoque
1516 2629 1596 2657 Pater
1606 2637 1621 2657 a
1632 2630 1712 2657 nobis

919 2673 1104 2708 cognoscitur.
1130 2673 1277 2702 Conciliari
1307 2682 1373 2702 vero
1396 2675 1475 2702 nobis
1500 2675 1551 2704 hac
1573 2684 1603 2704 re
1627 2677 1711 2704 vitam

918 2722 1058 2751 αξιοι-1111111,
1072 2726 1153 2746 1101110
1168 2718 1345 2752 dubitaverit,
1361 2719 1469 2747 Christo
1482 2720 1515 2747 ad
1530 2721 1649 2754 Patrem,
1663 2721 1711 2756 qui

919 2764 947 2791 in
961 2765 1037 2792 caelis
1049 2769 1102 2798 est,
1125 2765 1235 2793 dicente
1249 2766 1273 2782 "
1295 2775 1301 2792 :
1321 2776 1330 2792 1
1347 2766 1409 2793 11100
1423 2771 1464 2794 cst
1485 2767 1540 2795 vita
1551 2772 1663 2800 acterna,
1680 2772 1711 2795 ut

917 2816 1083 2846 cognoscant
1096 2815 1121 2839 te
1136 2811 1224 2839 solum
1245 2820 1341 2840 verum
1357 2813 1453 2846 Deum,
1468 2817 1496 2841 et
1507 2821 1589 2848 quem
1600 2813 1710 2848 misisti,

760 2899 782 2915 ‘”
796 2899 896 2927 Jcrem.
915 2907 962 2932 vn,
977 2899 1071 2928 21-25.
1109 2901 1133 2917 ⁷³
1145 2901 1226 2935 Osee,
1240 2910 1276 2935 vi,
1296 2903 1322 2936 5,
1337 2903 1362 2930 6.
1397 2903 1504 2932 "Joan.
1517 2911 1583 2936 xm,
1594 2903 1622 2932 δ.
