1924 3043
222 164 277 192 ΞΞἹ

733 160 762 188 S.
783 159 922 188 CYﬂll.Ll
942 156 1175 185 ΑΗίΧΑΝΒΙῖΙΝΙ
1195 154 1353 183 ΑῐὶΟΙΙΙΕΡ.

1804 144 1858 172 29.8

224 215 319 242 Jesum
326 212 491 241 Christum.»
502 210 562 238 Non
573 209 682 237 mentiri
692 213 784 236 autem
795 216 910 243 usquam
923 207 1016 243 aliquo

1079 206 1143 240 ηὴσει
1157 204 1185 231 δὲ
1201 204 1241 231 ὅτι
1263 203 1351 239 πάντη
1374 210 1403 228 τε
1421 200 1470 228 καὶ
1489 200 1597 233 πάντως
1615 200 1632 236 ἡ
1652 197 1786 234 ἀλήθεια,
1799 195 1859 227 πῶς

227 264 307 295 pacto
326 259 484 289 Veritatem,
503 256 644 292 quomodo
659 255 761 291 ambigi
784 255 893 290 potest?

261 305 358 333 PALL.
373 304 484 332 Minime
499 311 575 330 vero.

243 351 285 379 (ΣΥ
291 351 321 378 Β.
331 349 383 378 Sed
392 353 569 384 pesteaquam
579 347 660 376 Israel
668 348 702 376 ab
709 348 769 383 ejus
776 352 818 376 est
826 345 1018 382 conjunctione

226 397 363 431 dilapsus;
381 395 483 430 quippe
498 394 580 422 ﬁdem
597 401 745 429 respuens,
759 401 815 421 non
830 393 884 429 59
891 392 1019 427 cognovit

225 442 328 473 Deum,
345 440 518 476 apertissime
536 443 654 467 testatur
678 446 735 467 non
764 438 817 466 alia
838 437 943 466 ratione
960 436 1019 464 fore

224 493 257 516 ut
270 487 309 515 ad
327 487 470 523 antiquam
492 487 567 514 illam
583 486 744 522 dignitatem
767 485 871 517 redeat,
894 483 947 511 nisi
970 490 1019 518 per

222 535 368 563 Christum
382 533 471 561 solum
484 553 491 566 ,
507 533 624 568 ahjectis
643 532 698 560 illis
717 531 854 567 legalibus
874 529 1017 558 institutis.

226 579 321 614 Itaque
336 578 470 614 scriptum
483 582 542 606 est:
562 587 570 603 ι
589 577 658 610 Quia
667 577 767 604 diebus
778 575 874 604 multis
883 575 1020 603 sedebunt

227 624 277 651 ﬁlii
295 623 377 651 Israel
393 623 453 651 sine
464 631 537 659 rege,
556 623 616 650 sine
633 622 768 658 principe,
788 621 849 649 sine
871 620 1018 653 sacriﬁcio,

227 670 287 698 sine
300 670 390 702 altari,
401 670 461 697 sine
477 669 640 701 sacerdotio,
657 668 717 696 sine
729 666 998 695 manifestationibus
1011 675 1017 692 :

227 721 256 744 ct
271 719 333 751 post
345 716 404 743 hac
416 719 591 743 revertentur
601 714 650 741 ﬁlii
665 713 759 745 Israel,
773 717 801 740 et
817 716 941 748 quaerent
967 713 1020 740 Do-

228 762 336 789 minum
348 762 435 789 Deum
449 768 541 793 suum,
558 764 586 788 et
594 760 681 788 David
695 767 788 795 regem
803 767 897 791 suum,
916 763 944 786 et
963 763 1020 786 stu-

229 808 334 844 pebunt
347 808 374 835 in
390 807 505 834 Domino
521 811 549 834 et
577 806 605 834 in
622 806 703 833 bonis
716 806 787 841 ejus,
816 805 844 832 in
867 804 1020 832 novissimo

229 854 275 881 die
292 854 325 880 ".
352 863 361 878 ι
382 853 450 880 Cum
463 853 536 880 enim
556 852 701 888 plenitudo
716 852 839 887 gentium
860 851 1017 884 intraverit,

1069 251 1142 277 ἐστιν
1157 249 1340 286 ἀμφιῦαλεῖν;

1103 296 1210 323 ΠΑΛΛ.
1224 295 1344 323 "limati
1360 303 1403 329 γε.
1593 329 1605 333 λ

1103 343 1186 371 ΚΥΡ.
1208 342 1440 378 Ἀπολισθήσαντα
1452 341 1479 368 δὲ
1493 341 1542 376 τῆς
1555 339 1623 376 πρὸς
1637 339 1718 366 αὑτὸν
1730 339 1861 375 οἰκειότη-

1069 398 1115 422 τος
1137 389 1183 416 τὸν
1213 388 1331 424 Ἰσραὴλ,
1357 387 1417 414 ἐπεί
1432 396 1472 414 τοι
1489 386 1538 422 τὴν
1554 386 1645 413 πίστιν
1664 386 1695 412 οὐ
1717 387 1860 421 προσηκά-

1070 444 1160 471 μενος,
1176 435 1226 462 οὐκ
1237 435 1307 470 ἔγνω
1322 434 1388 462 Θεὸν
1399 454 1407 467 ,
1422 434 1471 469 οὐχ
1493 433 1593 468 ἑτέρως
1609 431 1758 467 ἐπανήξειν
1773 432 1812 464 είς
1831 431 1861 458 τὸ

1068 480 1197 517 ἀπαρχῆς
1211 477 1242 507 εὖ
1256 479 1329 515 μάλα
1341 479 1433 514 φησιν,
1446 478 1514 514 πλὴν
1527 478 1568 504 ὅτι
1579 477 1622 504 διὰ
1634 477 1717 513 μόνου
1730 476 1862 512 Χριστοῦ,

1066 526 1260 562 -καταλήεαντα
1275 524 1330 552 τῶν
1346 524 1415 552 ὲοῶν
1428 523 1481 552 τῶν
1494 523 1564 550 κατὰ
1579 523 1672 558 νόμον,
1690 522 1861 557 Γέγραπται,

1068 572 1096 600 δὲ
1111 570 1157 600 αὖ·
1175 581 1184 598 ‹
1201 572 1274 598 Διότι
1288 571 1395 609 ἡμέρας
1411 569 1510 601 πολλὰς
1526 569 1682 597 καθίσονται
1695 569 1720 595 οί
1736 569 1790 595 etot
1811 569 1862 595 Ἰσ-

1071 618 1150 656 ραὴλ,
1165 619 1215 645 οὐκ
1231 619 1306 650 ὕντος
1328 617 1521 653 θυσιαστηρίου
1532 636 1539 648 ,
1557 616 1617 643 οὐδὲ
1641 615 1790 652 ἱερατείας,
1804 616 1862 642 οὐδὲ

1068 666 1169 701 δήλωψ
1182 666 1230 693 καὶ
1243 665 1313 701 μετὰ
1327 664 1414 691 ταῦτα
1427 663 1636 700 ἐπιστρέφουσιν
1647 663 1672 689 ci
1684 663 1740 689 υἱοὶ
1756 662 1862 698 Ἰσραὴλ

1070 711 1117 739 καὶ
1128 711 1324 747 ὲπιζητήσουσι
1338 709 1440 746 Κύριον
1453 710 1498 736 τὸν
1513 709 1579 736 Θεὸν
1597 708 1698 741 αὐτῶν,
1715 707 1764 734 καὶ
1782 707 1863 734 Δαϐὶδ

1069 758 1115 784 τὸν
1133 757 1245 793 βασιλέα
1261 756 1363 790 αὐτῶν,
1384 756 1431 784 καὶ
1445 756 1624 792 ἐκστήσονται
1638 755 1684 781 ὲδιτὶ
1701 754 1741 790 τῷ
1756 753 1862 788 Κυρίῳ,

1070 803 1118 830 καὶ
1131 802 1177 829 ἐπὶ
1194 803 1251 834 τοῖς
1270 801 1383 836 ἀγαθοῖς
1398 800 1481 828 αὑτοῦ
1497 800 1539 828 ἐπ’
1556 800 1679 836 ἐσχάτων
1692 797 1798 827 τούτων
1810 799 1863 825 τῶν

1070 848 1192 885 ἡμερῶν.
1209 858 1218 874 ι
1236 848 1321 875 Ὅταν
1339 848 1392 884 γὰρ
1414 848 1444 874 τὸ
1465 848 1601 883 πλήρωμα
1625 847 1679 874 τῶν
1697 846 1784 874 ὲονῶν
1806 847 1864 873 εἰσ-

228 903 296 926 tuuc
307 898 398 926 omnis
413 897 495 926 Israel
510 897 679 931 salvabitur;
693 897 742 925 sed
759 897 787 924 in
795 897 906 924 Christo
917 901 1018 929 tamen,

1079 895 1155 931 ἔλθῃ,
1181 895 1242 922 τότε
1264 895 1318 927 πᾶς
1348 893 1457 930 Ἰσραὴλ
1481 893 1644 930 σωθήσεταν
1661 893 1733 929 πλὴν
1757 894 1785 919 ἐν
1800 892 1867 928 Χρι-

226 944 277 980 qui
299 944 450 979 appellatus
467 948 509 972 est
528 944 625 977 David,
653 944 727 980 quod
747 952 781 972 ex
807 944 911 971 semine
933 944 970 972 sit
993 948 1022 972 et

228 990 303 1018 tribu
319 990 415 1017 David.
431 989 498 1018 Esse
524 990 591 1018 item
615 990 674 1026 ipsa
686 997 796 1026 quoque
812 998 846 1017 ex
860 990 919 1025 lege
935 989 1022 1018 sacri-

229 1037 290 1065 ﬁcia
304 1036 433 1069 tollenda,
451 1037 594 1064 conﬁrmat
614 1044 664 1072 per
677 1037 780 1065 Joelem
805 1037 918 1065 dicens:
943 1046 952 1062 ι
967 1037 1021 1064 Δρ·

230 1083 371 1119 cingimini
387 1087 415 1110 et
432 1082 562 1118 plangite,
583 1083 758 1116 sacerdotes;
769 1082 958 1110 lamentamini
975 1082 1022 1117 qui

229 1128 397 1156 ministratio
406 1128 485 1155 altari
505 1127 631 1161 Domini;
650 1127 838 1163 ingredimini,
863 1127 981 1155 dormite
996 1127 1023 1154 in

231 1173 328 1206 saccis,
341 1173 530 1202 ministrantes
543 1174 616 1206 Deo;
635 1174 700 1209 quia
717 1173 819 1201 defecit
835 1173 870 1201 de
883 1173 966 1201 domo
974 1172 1023 1200 Dei

230 1219 314 1247 vestri
338 1219 503 1247 sacriﬁcium
533 1223 561 1247 et
582 1218 679 1247 libatio
703 1219 736 1246 ".
759 1228 770 1245 ι
791 1219 826 1246 Et
852 1219 952 1247 iterum
975 1227 1025 1254 per

230 1264 358 1292 eumdem
370 1265 548 1300 prophetam:
566 1274 575 1290 ι
589 1264 735 1292 Sublatum
753 1268 796 1293 est
814 1265 979 1293 sacriﬁcium
997 1269 1026 1293 ct

230 1311 327 1338 libatio
352 1311 386 1338 de
411 1311 493 1338 domo
520 1310 646 1343 Domini;
670 1310 773 1346 lugete,
792 1310 958 1343 sacerdotes,
974 1310 1025 1338 mi-

231 1357 311 1385 nistri
327 1357 437 1384 Domini
452 1357 484 1383 ⁷⁷.
506 1366 514 1382 ι
531 1356 573 1384 Ad
590 1356 650 1384 haec
663 1356 754 1392 ipsum
769 1364 880 1392 quoque
895 1356 1024 1384 taberna-

233 1403 326 1430 culum
341 1402 399 1430 fore
409 1406 440 1430 ut
453 1410 468 1430 e
483 1401 575 1430 medio
588 1402 744 1435 tolleretur,
767 1402 907 1438 pollicitus
925 1406 968 1430 est
982 1402 1025 1429 his

233 1448 343 1477 verbis:
359 1459 367 1474 ι
382 1448 487 1481 Eterit,
500 1448 523 1476 si
537 1448 713 1484 multiplicati
725 1448 843 1481 fueritis,
859 1453 887 1476 et
902 1448 1023 1476 creveri-

235 1494 270 1523 tis
285 1502 368 1530 super
397 1499 509 1527 terram,
534 1493 602 1521 dicit
623 1494 766 1528 Dominus,
791 1494 819 1522 in
847 1493 946 1522 diebus
959 1494 1024 1526 illis,

234 1548 290 1570 non
299 1541 392 1568 dicent
402 1540 490 1568 ultra:
505 1540 577 1568 Arca
589 1541 746 1569 testamenti
760 1540 848 1568 sancti
872 1540 954 1568 Israel
970 1548 1025 1567 non

235 1587 368 1616 ascendet
380 1587 408 1614 in
421 1594 478 1619 cor,
496 1594 586 1622 neque
602 1587 802 1620 nominabitur,
820 1595 910 1622 neque
929 1587 1025 1614 visita—
1040 1574 1061 1604 θ

236 1633 322 1666 bitur,
341 1641 432 1668 neque
445 1633 492 1661 ﬁet
509 1634 578 1661 ultra
592 1633 625 1661 ".
645 1643 654 1660 ι
673 1634 788 1662 Sublato
809 1641 928 1669 namque
945 1633 1026 1668 peni-

237 1684 280 1706 tus
288 1679 378 1715 typico
393 1683 562 1714 cruentoque
575 1679 720 1712 sacriﬁcio,
730 1679 930 1712 necessarium,
941 1687 1027 1714 prope

237 1724 364 1757 dixerim,
378 1724 440 1757 fuit,
456 1725 540 1753 etiam
556 1725 647 1760 ipsum
664 1726 723 1753 tolli
737 1725 772 1753 de
791 1725 885 1753 medio
898 1725 1028 1753 taberna-

236 1770 348 1803 culum;
364 1771 465 1806 quippe
474 1778 537 1798 cum
553 1772 646 1798 verius
666 1771 734 1799 illud
748 1779 782 1799 ex
791 1771 909 1799 adverso
923 1771 1028 1800 excita-

238 1821 297 1844 tum
326 1821 410 1849 esset,
439 1817 467 1844 id
493 1821 546 1850 est,
575 1817 709 1851 Ecclesia,
727 1817 762 1846 de
796 1826 851 1853 qua
880 1818 937 1853 ipse
955 1817 1029 1846 idem

237 1861 364 1890 Christus
372 1863 420 1895 ait,
433 1873 442 1888 ι
454 1863 504 1891 llic
519 1863 659 1896 habitabo,
671 1864 803 1899 quoniam
814 1864 884 1900 elegi
893 1872 954 1892 eam
964 1864 986 1880 "
996 1885 1003 1890 .
1016 1873 1025 1889 ι

237 1907 297 1935 1am
317 1915 382 1949 vero
397 1908 501 1936 cultum
518 1909 595 1936 illum
619 1910 821 1937 immutandum
840 1910 936 1942 fuisse,
948 1913 976 1938 et
1001 1909 1030 1937 in

239 1954 381 1983 meliorem
395 1955 510 1982 formam
534 1955 764 1987 transferendum,
774 1955 801 1983 in
817 1963 892 1988 eum,
906 1955 1029 1990 inquam,

239 2000 354 2032 cultum,
381 2000 429 2035 qui
455 2000 483 2028 in
512 2000 622 2028 Christo
636 2000 792 2033 exhibetur,
817 2008 849 2028 ac
867 2009 954 2029 novus
977 2004 1029 2034 est,

241 2046 417 2082 perspicuum
442 2046 489 2074 ﬁet
504 2046 538 2074 iis
552 2046 646 2074 verbis
658 2053 719 2082 qua:
733 2046 769 2074 de
780 2047 836 2074 Deo
851 2047 960 2083 scripsit
973 2047 1030 2074 Ma-

241 2093 355 2127 lachias,
386 2102 395 2119 ι
424 2093 459 2121 Et
480 2092 609 2129 purgabit
629 2092 700 2120 ﬁlios
725 2092 802 2125 Levi,
820 2097 848 2120 et
869 2093 966 2121 {undet
984 2100 1032 2121 eos

241 2139 316 2167 velut
336 2147 434 2166 aurum
454 2143 483 2166 et
502 2139 578 2166 velut
596 2142 739 2174 argentum
760 2143 809 2166 :et
818 2143 898 2167 erunt
915 2140 1032 2168 Domino

239 2184 390 2212 offerentes
410 2183 576 2211 sacriﬁcium
598 2183 627 2211 in
650 2183 775 2219 justitia,
791 2188 819 2212 et
840 2184 958 2220 placebit
976 2185 1032 2213 Deo

1074 942 1139 978 στῷο
1161 941 1370 977 κατωνόμασται
1393 941 1421 967 δὲ
1437 940 1521 968 Δαίὶδ
1537 940 1582 967 διὰ
1603 940 1634 966 τὸ
1655 941 1687 966 ἐκ
1707 940 1866 975 σπέρματος

1071 987 1143 1015 εἶναι
1159 989 1205 1015 καὶ
1227 989 1258 1014 ὲκ
1275 987 1361 1023 φυλῆς
1383 987 1430 1014 τοῦ
1450 987 1541 1014 Δαϐίδ.
1569 986 1814 1022 ’Λναιρεθήσεσθαι
1839 985 1867 1012 δὲ

1075 1036 1122 1063 καὶ
1133 1035 1218 1067 αὑτὰς
1227 1034 1277 1067 τὰς
1287 1033 1359 1061 κατὰ
1373 1033 1455 1070 νόμον
1469 1033 1564 1065 θυσίας
1576 1032 1761 1059 διεϐεϐαιοῦτο
1774 1032 1866 1066 σασῶς

1073 1081 1118 1107 διὰ
1137 1079 1213 1116 Ἰωήλ
1227 1079 1315 1114 λέγων
1331 1088 1337 1094 ·
1364 1088 1373 1106 ι
1394 1078 1587 1115 Περιζώσασθε
1615 1079 1662 1106 καὶ
1687 1077 1822 1104 κόπτεσθε
1843 1078 1867 1103 οἰ

1075 1127 1176 1162 lapsis,
1213 1126 1377 1162 θρηνεῖτεοί
1410 1125 1632 1161 λειτουργοῦντες
1661 1125 1867 1160 θυσιαστηρίῳ,

1075 1172 1228 1205 εἰσέλθετε,
1258 1172 1402 1198 ὺιτνώσατε
1432 1172 1462 1199 ὲν
1497 1172 1610 1203 σάκκοις
1643 1170 1868 1207 λειτουργοῦντες

1075 1219 1145 1254 Θεῷ·
1166 1219 1208 1246 ὃτι
1223 1219 1374 1254 ἀπέσχικεν
1392 1217 1422 1252 ὲξ
1446 1217 1520 1245 οῐκου
1535 1217 1603 1244 ἑ)εοῦ
1622 1218 1700 1253 ὑμῶν
1725 1217 1808 1245 θυσία
1822 1217 1869 1244 καὶ

1077 1265 1189 1301 σπονδή.
1201 1275 1210 1291 ι
1222 1265 1278 1292 Καὶ
1289 1265 1369 1292 πάλιν
1380 1265 1416 1292 δι’
1429 1264 1512 1291 αὑτοῦ
1522 1264 1569 1291 τοῦ
1583 1265 1737 1300 προφήτου·
1753 1274 1762 1290 ι
1774 1264 1870 1300 Ἐξῆρ-

1076 1321 1121 1340 ται
1141 1311 1221 1340 θυσία
1243 1312 1290 1339 καὶ
1310 1311 1411 1348 σπονδὴ
1429 1311 1459 1344 ἐξ
1474 1310 1548 1338 δίκον
1567 1311 1682 1348 Κυρίου’
1704 1311 1829 1338 πενθείτε
1845 1312 1870 1338 et

1077 1360 1159 1394 ἱερεῖς
1175 1358 1396 1394 λειτουργοῦντες
1419 1357 1458 1394 τῷ
1479 1357 1676 1394 θυσιαστηρίῳ.
1702 1367 1711 1385 ι
1731 1359 1870 1395 Kal-1:96.;

1077 1414 1109 1440 γε
1131 1405 1164 1441 δὴ
1179 1404 1299 1437 τούτοις,
1313 1404 1361 1431 καὶ
1375 1403 1460 1440 αὐτὴν
1481 1404 1513 1430 ὲκ
1533 1403 1616 1439 μέσου
1635 1404 1801 1440 γενήσεσθαι
1822 1404 1871 1440 τὴν

1079 1452 1183 1488 σκηνὴν
1197 1451 1364 1486 ὑπισχνεῖτο,
1376 1449 1473 1484 λέγων·
1489 1459 1497 1476 ι
1514 1449 1570 1477 Καὶ
1584 1449 1672 1483 ἔσται,
1688 1450 1737 1477 ἐὰν
1753 1450 1871 1485 πληθυν-

1079 1499 1144 1534 θῆτε
1156 1518 1163 1530 ,
1185 1497 1233 1525 καὶ
1252 1496 1388 1532 αὐξηθῆτε
1403 1497 1450 1523 ἐπὶ
1466 1496 1515 1532 τῆς
1537 1496 1599 1532 γῆς,
1614 1496 1688 1531 λέγει
1706 1496 1824 1532 Κύριος,
1843 1498 1871 1524 ὲν

1077 1546 1137 1576 ταῖς
1155 1543 1275 1580 ἡμέραις
1290 1542 1409 1580 ἐκείναις
1425 1541 1474 1568 οὐκ
1485 1541 1594 1577 ἐροῦσιν
1608 1541 1660 1574 ἔτι,
1678 1542 1803 1574 Κιὸωτδς
1816 1543 1872 1570 δια-

1078 1578 1296 1626 θήκηςηιζυρίου
1321 1578 1401 1622 ἁγίου
1429 1586 1538 1623 Ἰσραὴλ
1559 1587 1608 1614 οὐκ
1634 1587 1805 1623 ἁναὸήσεται
1826 1588 1876 1615 ἐπὶ

1078 1637 1203 1673 καρδίαν,
1217 1635 1280 1663 οὐδὲ
1301 1634 1530 1670 ὸνομασθήσεται,
1546 1634 1607 1660 οὐδὲ
1629 1633 1873 1670 ὲπισκεφθήσεται,

1079 1683 1126 1711 καὶ
1141 1683 1172 1710 οὐ
1184 1682 1365 1717 ποιηθήσεται
1379 1680 1430 1707 ἐτι.
1454 1690 1463 1707 ι
1490 1680 1750 1717 ’Δνατετραμμένης
1765 1681 1820 1716 γὰρ
1832 1681 1872 1713 είς

1078 1730 1109 1756 τὸ
1124 1728 1254 1760 παντελὲς
1272 1727 1322 1763 τῆς
1339 1727 1369 1754 ὲν
1389 1726 1485 1758 τύποις
1501 1725 1542 1753 ἐτι
1561 1727 1609 1753 καὶ
1625 1726 1659 1753 δι’
1674 1726 1801 1762 αἱμάτων
1823 1726 1872 1752 θυ-

1080 1774 1151 1806 σίας,
1168 1773 1276 1808 ἀνάγκη
1292 1781 1350 1804 πως
1364 1770 1408 1808 ἦν,
1424 1771 1472 1798 καὶ
1486 1770 1572 1806 αὐτὴν
1589 1772 1621 1798 ὲκ
1638 1772 1723 1807 μέσου
1737 1772 1873 1798 ποιεῖσθαι

1079 1821 1129 1856 τὴν
1145 1818 1258 1854 σκηνὴν,
1275 1817 1323 1845 ἅτε
1342 1817 1374 1854 δὴ
1392 1817 1441 1852 τῆς
1465 1816 1650 1853 ἀληθεστέρας
1666 1817 1874 1854 ἁντεγηγερμέ-

1080 1875 1146 1901 νης,
1157 1865 1230 1892 τοῦτ’
1247 1864 1320 1897 ἔστι,
1335 1863 1384 1898 τῆς
1406 1863 1580 1898 Ἐκκλησίας,
1597 1863 1667 1899 ὑπὲρ
1681 1862 1716 1900 ἧς
1730 1865 1778 1891 καὶ
1792 1864 1875 1896 αὐτὸς

1081 1913 1134 1948 ῐφη
1146 1911 1273 1948 Χριστός
1293 1919 1302 1936 ι
1318 1907 1382 1936 Ὧδε
1397 1910 1562 1945 κατοικήσει),
1580 1909 1622 1936 ὅτι
1638 1909 1811 1946 ᾑρετισάμην
1825 1910 1875 1936 αὑ-

1080 1957 1142 1993 τήν.
1162 1966 1171 1982 ι
1185 1955 1241 1983 Καὶ
1259 1956 1300 1982 ὅτι
1314 1955 1508 1991 μεταχωρήσει
1525 1954 1570 1981 καὶ
1591 1955 1792 1991 μεταστήσεται
1806 1955 1875 1991 πρὸς

1081 2002 1112 2029 τὸ
1127 2002 1238 2037 ἄμεινον
1252 2001 1302 2037 τῆς
1319 2000 1446 2036 λατρείας
1461 2001 1476 2027 ὁ
1494 2000 1593 2036 τρόπος
1612 2000 1681 2036 πρὸς
1693 2000 1744 2036 τὴν
1759 2002 1788 2027 ὲν
1805 2001 1875 2037 Χρι-

1083 2047 1138 2084 στῷ
1151 2048 1197 2074 καὶ
1210 2047 1284 2080 νέαν,
1298 2047 1382 2082 σαφὲς
1394 2046 1427 2073 ἂν
1440 2046 1556 2081 γένοιτο,
1566 2045 1718 2082 γράφοντος
1730 2047 1797 2082 ἡμῖν
1810 2048 1876 2084 περὶ

1083 2093 1152 2121 Θεοῦ
1165 2093 1211 2121 τοῦ
1222 2093 1375 2128 Μαλαχίουθ
1391 2101 1400 2119 ι
1420 2093 1476 2120 Καὶ
1487 2092 1615 2128 καθαριεῖ
1628 2093 1692 2124 τοὺς
1709 2094 1783 2125 υἱοὺς
1796 2093 1876 2128 Acut,

1083 2141 1132 2168 καὶ
1145 2141 1204 2176 χεεῖ
1216 2140 1260 2166 ἐπ’
1276 2139 1374 2171 αὐτοὺς
1388 2138 1484 2174 ὥσπερ
1497 2139 1528 2166 τὸ
1539 2139 1661 2174 χρυσίον,
1676 2139 1724 2166 καὶ
1737 2139 1776 2171 ὡς
1789 2139 1876 2174 ἀργύ-

1084 2195 1151 2224 ριον*
1163 2187 1211 2214 καὶ
1228 2186 1336 2214 ἔσονται
1359 2185 1398 2221 τῷ
1416 2184 1511 2222 Κυρίῳ
1529 2186 1715 2221 προσάγοντες
1732 2185 1828 2213 θυσίαν
1846 2187 1877 2213 ὲν

239 2230 407 2258 sacrificium
417 2230 498 2262 Juda,
513 2234 541 2258 et
555 2230 718 2263 Jerusalem,
730 2230 803 2258 sicut
816 2231 874 2258 dies
885 2231 987 2264 saaculi,
1003 2237 1025 2259 el

1083 2232 1251 2268 δικαιοσύνῃ,
1268 2232 1315 2259 καὶ
1337 2231 1431 2268 ἀρέσει
1453 2231 1492 2267 τῷ
1506 2231 1565 2266 Θεῷ
1580 2232 1597 2267 ἡ
1614 2231 1695 2258 θυσία
1715 2231 1812 2265 Ἰούδα,
1828 2233 1876 2259 καὶ

242 2277 314 2303 sicut
326 2276 390 2303 anni
409 2275 516 2311 priores
528 2276 561 2303 ⁸⁰.
582 2286 592 2302 ι
608 2275 740 2313 lntelligis
757 2276 842 2313 igitur
854 2277 1032 2312 quemadmo-

242 2322 308 2349 dum
336 2321 421 2350 veluti
447 2329 546 2349 novam
570 2323 769 2358 propemodum
801 2323 973 2351 recusionem
999 2331 1032 2351 ac

244 2367 465 2396 reformationem
477 2369 624 2397 sacerdotii
638 2369 719 2398 simul
733 2374 816 2406 atque
832 2369 1031 2398 sacriﬁciorum

211 2425 219 2433 ι
243 2413 363 2442 futuram
378 2413 464 2442 dicit?

282 2459 381 2488 PALL.
400 2460 538 2496 intelligo.

278 2505 356 2534 CYR.
374 2507 429 2543 60
440 2506 496 2544 Hoc
509 2507 582 2534 enim
595 2507 720 2539 verbum.
734 2507 834 2542 fundet,
850 2511 887 2539 et,
901 2507 1033 2542 purgabit,

244 2553 322 2588 quasi
339 2553 372 2581 de
383 2561 450 2581 auro
463 2557 544 2589 atque
557 2553 670 2581 auriﬁce
686 2553 801 2586 dictum,
816 2560 907 2581 nonne
918 2553 952 2580 ad
965 2553 1036 2581 hanc

245 2607 295 2627 nos
314 2600 524 2636 intelligentiam
547 2601 647 2628 ducit?

280 2646 377 2674 PALL.
389 2647 504 2675 Maxime
517 2655 592 2675 vero.

279 2693 356 2721 CYR.
377 2693 459 2729 Atqui
476 2690 646 2722 ihearnatum
666 2693 786 2720 Verbum
801 2691 936 2728 ejusmodi
951 2691 1033 2727 quid-

246 2739 318 2774 piam
335 2739 497 2767 eﬁ‘eeturum
509 2747 569 2767 esse
577 2738 753 2767 conﬁrmavit
770 2738 843 2766 Deus
855 2738 944 2769 Pater,
969 2745 1032 2764 cum

246 2786 331 2812 dixit:
352 2795 361 2811 ι
381 2787 414 2814 Ει
425 2786 517 2813 statim
533 2786 627 2813 veniet
640 2784 674 2812 ad
690 2784 821 2820 templum
831 2791 912 2812 suum
938 2783 1032 2811 Domi-

1090 2279 1278 2315 Ἰερουσαλὴμ,
1291 2277 1383 2310 καθὼς
1396 2279 1412 2314 ἡ
1427 2277 1519 2314 ἡμέρα
1531 2276 1579 2304 τοῦ
1595 2277 1703 2311 αἰῶνος,
1721 2278 1769 2305 καί
1784 2278 1877 2310 καθὼς

1083 2326 1118 2352 τὰ
1131 2325 1180 2360 ἐτη
1194 2324 1229 2351 τὰ
1241 2323 1406 2360 ἔμπροσθεν.
1426 2333 1436 2350 ι
1453 2322 1552 2359 Συνίης
1563 2322 1596 2358 δὴ
1606 2321 1664 2356 οὖν,
1677 2323 1718 2350 ὅτι
1734 2325 1877 2359 μονονουχὶ

1086 2370 1301 2407 μεταχάλκευσίν
1316 2378 1377 2398 τινα
1397 2370 1445 2397 καὶ
1469 2369 1650 2406 ἀναπλασμὸν
1676 2370 1830 2406 ἱερωσύνης
1846 2379 1875 2397 τε

1085 2416 1143 2451 ἅμα
1157 2416 1204 2442 καὶ
1214 2415 1314 2442 θυσιῶν
1330 2414 1440 2441 ἔσεσθαί
1454 2422 1537 2450 (mat;

1120 2462 1224 2489 ΠΑΛΛ.
1237 2461 1365 2499 Συνίημι..

1119 2508 1202 2535 ΚΥΡ.
1221 2508 1257 2534 τὸ
1279 2508 1334 2544 γάρ
1352 2516 1403 2540 τοι,
1422 2507 1488 2542 χεεῖ
1506 2508 1552 2534 καὶ
1567 2507 1733 2543 καθαρίσδι,
1751 2510 1875 2547 καθάπερ

1083 2553 1130 2580 ἐπὶ
1149 2552 1250 2589 χρυσοῦ
1265 2562 1295 2579 τε
1308 2553 1356 2579 καὶ
1371 2552 1543 2588 χρυσουργοῦ
1566 2553 1740 2589 λελεγμένον,
1754 2553 1800 2592 ἆρ’
1817 2557 1876 2592 οὐχὶ

1086 2601 1153 2636 πρὸς
1167 2599 1247 2626 τοῦτο
1261 2599 1371 2626 ἐννοιῶν
1385 2599 1459 2634 ἡμᾶς
1475 2599 1544 2626 ἰέναι
1561 2599 1686 2635 βούλεται
1699 2609 1707 2633 ;

1123 2647 1227 2674 ΠΛΛΔ.
1247 2647 1322 2673 Πάνυ
1339 2645 1388 2681 μὲν
1400 2643 1457 2672 οὖν.

1123 2689 1207 2717 ΚΥΡ.
1219 2690 1280 2717 Ὅτι
1295 2690 1349 2726 γὰρ
1372 2690 1469 2727 ἔμελλε
1483 2691 1587 2727 νοητῶς
1602 2690 1723 2718 τοιοῦτόν
1735 2701 1764 2719 τι
1778 2701 1876 2729 κατορ-

1087 2735 1161 2768 Οοῦν,
1173 2736 1386 2772 ἰνανθρωπήσας
1394 2739 1409 2765 ό
1423 2738 1518 2772 Λόγος,
1533 2738 1783 2774 πεπληροφόρηκεν
1795 2739 1877 2766 εἰπὼν

1086 2784 1101 2809 ὁ
1112 2783 1178 2815 Θεὸς
1190 2784 1236 2811 καὶ
1247 2784 1353 2819 Πατὴρ,
1366 2784 1407 2811 ὅτι
1424 2793 1433 2810 ι
1455 2785 1601 2820 Ἐξαίφνης
1613 2786 1674 2822 ἥξει
1691 2786 1731 2817 είς
1749 2786 1797 2813 τὸν
1816 2787 1875 2814 ναξ-ι)

278 2875 298 2890 ⁷³
312 2875 393 2914 Osee,
410 2884 448 2907 ιιι,
460 2875 476 2902 4
490 2882 550 2910 seq.
583 2875 606 2892 "
618 2875 688 2904 Joel.
699 2883 717 2907 ι,
733 2874 774 2902 15.
812 2875 834 2890 ⁷⁷
851 2872 932 2905 lbid.,
947 2872 972 2900 9.
1013 2872 1022 2887 ⁷

1083 2879 1105 2898 r.
1123 2879 1162 2904 Ill,
1179 2871 1220 2898 16.
1259 2872 1281 2887 ”
1296 2871 1368 2900 Psal.
1384 2880 1473 2907 cxxxt,
1493 2875 1536 2902 Μ.
1559 2876 1581 2892 ¹⁰
1602 2876 1706 2905 Malach
1739 2885 1780 2907 In.
1795 2877 1823 2905 3.
