1924 3043
65 159 113 189 229

442 158 486 186 DE
501 155 725 185 ADORATIONE
742 155 776 184 IN
798 154 932 184 Sl‘llllTU
950 155 995 184 ET
1012 156 1197 184 VERITATE.
1218 157 1282 185 LIB.
1307 157 1337 185 ll.

1659 160 1709 188 230

68 219 145 248 αὑτοῦ
158 218 274 254 Κύριος,
293 218 324 245 ὃν
341 218 420 254 ὑμεῖς
437 218 556 253 ζητεῖτε,
574 217 621 244 καὶ
643 218 657 243 ὁ
677 217 792 251 ἄγγελος
813 217 862 251 τῆς

921 221 1004 259 tatur,
1027 225 1110 252 quem
1126 226 1175 245 vos
1195 219 1327 253 quaeritis,
1351 222 1379 246 et
1396 218 1517 254 Angelus
1539 221 1709 253 testamenti,

67 266 207 301 διαθήκης,
222 265 253 292 ὃν
276 264 360 300 ὑμεῖς
375 264 476 290 θέλετε.
503 263 568 289 Ἰδοὺ
583 261 705 298 ἔρχεται,
718 261 792 296 λέγει
807 262 864 288 Κύ-

71 321 125 348 ριος
140 310 354 346 παντοκράτωρ·
368 310 416 336 καὶ
431 310 472 341 τίς
488 309 620 344 ὑπομενεῖ
635 308 741 343 ἡμέραν
759 308 862 334 εἰσόδου

70 357 169 389 αὐτοῦς
192 356 210 392 ἢ
231 356 274 388 τίς
296 356 479 390 ὑποστήσεται
507 356 535 381 ἐν
555 356 588 390 τῇ
616 354 735 389 ὀπτασίᾳ
760 353 863 386 auro-3;

69 403 135 430 διότι
152 403 232 434 αὐτὸς
255 401 448 437 εἰσπορεύεται
462 401 499 433 ὡς
532 400 588 436 πῦρ
607 400 802 436 χωνευτηρίου,
818 400 865 425 καὶ

68 450 106 481 ὡς
132 449 187 475 πόα
217 449 385 475 πλυνόντων.
412 448 468 475 Καὶ
500 447 636 474 καθιεῖται
662 446 788 481 χωνεὺων
818 445 865 472 καὶ

69 497 225 532 καθαρίζων
243 492 290 528 ὡς’
306 495 338 523 τὸ
360 497 493 532 ἀργύριον
509 518 517 529 ,
543 497 590 522 καὶ
613 495 651 526 ὡς
673 495 704 521 τδ
728 494 866 530 χρυσίονη

69 543 255 578 Καινσνλργίαν
271 540 318 569 οὖν
335 542 390 578 ἄρα
400 542 446 568 καὶ
463 541 643 576 άναπλασμὸν
650 541 699 576 τῆς
713 540 863 576 ίερωσύνης

69 590 180 617 ἔσεσθαι
196 597 279 624 φησιν
290 597 296 603 ·
315 590 363 615 καὶ
377 588 422 615 τόν
442 597 474 623 γε
490 589 540 623 τῆς
557 587 728 623 λειτουργίας
751 587 862 621 τρόπον,

67 637 117 670 οὐχ
133 635 229 671 ἕτερον
242 644 268 661 τι
290 635 483 670 παραδεικνὺς,
506 633 575 669 πλὴν
588 634 640 666 ὅτι,
655 634 731 660 τουτὶ
746 633 864 665 Χριστοῦ

69 681 232 716 μυστήριον.
253 681 326 715 Ἔφη
355 680 437 706 πάλιν
460 679 504 705 διὰ
523 678 615 713 φωνῆς
647 677 779 713 ’ίεζεκιὴλ
801 677 864 713 περὶ

67 727 120 753 τῶν
138 726 271 762 ἱερῶσοαι
296 725 524 761 κεκληρωμένων·
553 733 563 750 ‹
589 721 668 751 Οὗτοι
695 723 865 760 προσάξουσι

67 774 135 809 πρὸς
147 773 180 808 μὲ
191 773 239 800 τοῦ
251 773 417 808 λειτουργεῖν
431 781 485 807 μοι,
502 771 549 798 καὶ
562 772 704 807 στήσονται
716 771 768 806 πρὸ
781 779 865 806 προσ-

67 819 141 845 ώπου
167 827 219 853 μου
235 818 283 845 τοῦ
309 818 476 853 προσφέρειν
500 825 545 852 μοι
575 816 687 848 θυσίαν,
713 816 796 852 στέαρ
817 816 865 843 καὶ

68 862 148 899 αἷμα,
171 864 250 898 λέγει
268 863 369 899 Κύριος
383 865 397 890 ό
413 863 489 894 Θεὸς.
515 860 595 889 Οὗτοι
615 862 814 889 εἰσελεύσονται
825 863 865 893 εἰς

68 911 102 938 τὰ
116 911 184 945 ἅγιά
201 919 263 946 μου,
279 911 326 937 καὶ
338 907 412 937 οὗτοι
425 908 651 945 προσελεύσονταί
665 917 710 943 μοι
731 909 800 944 πρὸς
816 908 864 944 τὴν

69 956 208 991 τράπεζάν
225 964 288 991 μου,
299 955 346 981 τοῦ
358 955 525 991 λειτουργεῖν
542 963 597 989 μοι.
619 964 628 980 ι
648 954 703 981 Καὶ
718 955 800 989 στέαρ
817 954 865 981 καὶ

67 1002 138 1036 αἷμα
152 1004 202 1030 καὶ
219 1002 268 1034 τὰς
285 1002 332 1028 ἐπὶ
346 1002 380 1037 τῇ
397 1001 522 1037 τραπέζῃ
538 1001 710 1035 λειτουργίας
721 1020 728 1033 ,
744 999 788 1036 ἆρ’
803 1001 865 1037 οὐχὶ

70 1051 146 1084 φαῖεν
159 1049 194 1076 ἂν
209 1049 335 1081 εἰκότως,
347 1048 378 1075 τὸ
391 1047 511 1084 Χριστοῦ
536 1047 685 1083 μυστήριον
697 1055 705 1080 ;

104 1096 147 1122 ΠΛ
153 1096 210 1122 ΛΔ.
230 1093 267 1122 Εὖ
282 1095 383 1128 λέγεις.
550 1115 556 1117 .

104 1142 187 1168 ΚΥΡ.
212 1140 421 1176 Ἀριδηλότατον
439 1140 468 1166 δὲ
486 1140 532 1166 καὶ
554 1139 635 1166 αὐτὸν
655 1140 720 1175 ἡμῖν
739 1139 785 1167 τδν
801 1148 864 1167 και-

66 1188 125 1222 ρὸν,
134 1186 198 1213 καθ’
209 1186 240 1213 ὃν
253 1187 271 1217 ἡ
283 1187 392 1213 πάντων
401 1186 447 1212 ἐπὶ
457 1186 487 1212 τὸ
498 1185 609 1222 ἄμεινον
621 1185 696 1212 ἔσται
710 1186 865 1222 μεταδρομὴ

69 1234 117 1268 τῆς
143 1233 327 1268 καινουργίας
347 1234 362 1259 ό
383 1232 501 1268 τρόπος,
523 1233 610 1259 ἐποίει
639 1232 725 1266 λέγων
752 1234 765 1260 ό
787 1233 864 1265 Θεός·

68 1286 81 1303 η
97 1277 152 1304 Καὶ
164 1277 244 1303 ἔσται
256 1277 310 1303 ἀπὸ
324 1278 373 1312 τῆς
385 1276 490 1312 ἡμέρας
504 1277 553 1312 τῆς
566 1277 661 1312 ὀγδόης
673 1278 721 1304 καὶ
735 1278 866 1304 ἐπέκεινα

71 1325 231 1358 ποιήσουσιν
248 1324 273 1349 οἱ
294 1323 377 1358 ἱερεῖς
396 1322 442 1348 ἐπὶ
457 1322 488 1348 τὺ
500 1322 693 1359 θυσιαστήριον
707 1323 740 1350 τὰ
754 1323 866 1350 ὁλοκαυ-

70 1366 184 1401 τώματα
211 1366 305 1401 ὑμῶν,
327 1367 429 1393 καὶτὰ
463 1366 510 1393 τοῦ
538 1367 673 1403 σωτηρίου
700 1368 794 1403 ὑμῶν,
819 1368 866 1394 καὶ

70 1412 255 1448 προσδέξομαι
274 1414 362 1449 ὑμᾶς,
377 1413 450 1448 λέγει
470 1413 582 1449 Κύριος.
602 1424 612 1440 ι
638 1415 760 1451 Ἦμέραν
777 1415 867 1450 δὲτὴν

66 1459 163 1495 ὀγδόην
184 1460 233 1487 τὸν
248 1459 299 1495 τῆς
314 1459 362 1486 τοῦ
378 1460 504 1495 Σωτῆρος
521 1461 600 1496 ήμῶν
619 1460 794 1492 ἀναστάσεως
809 1462 867 1488 ὀνο-

65 1505 149 1541 μάζει
167 1505 278 1541 καιρόν·
291 1505 353 1532 καθ’
368 1505 397 1532 ὃν
410 1505 443 1532 τὰ
458 1505 687 1541 ὁλοκαυτώματα,
697 1506 769 1533 τοῦτ’
783 1506 866 1540 ἔστιν,

68 1553 84 1587 ή
106 1551 202 1578 τελεία
229 1551 278 1578 καὶ
303 1551 452 1587 ὁλοσχερὴς
482 1552 522 1583 είς
545 1551 611 1578 Θεὸν
640 1552 789 1588 ἀφιέρωσις
813 1551 867 1579 τῶν

67 1598 308 1629 πεπιστευκότων,
320 1597 404 1631 δεκτὴ
417 1597 456 1632 τῷ
471 1597 542 1632 Θεῷ,
558 1598 605 1624 καὶ
619 1597 773 1634 δωροφορία
787 1606 868 1624 πνευ-

69 1644 186 1679 ματική.
211 1643 269 1670 Καὶ
294 1642 373 1670 τοῦτο
398 1643 519 1670 διδάσκει
545 1643 659 1678 γράφων
684 1644 697 1670 ό
724 1643 867 1676 θεσπέσιος

67 1690 189 1722 Παῦλοςο
208 1699 217 1715 ι
235 1691 273 1716 Δι’
287 1689 369 1716 αὐτοῦ
381 1688 427 1716 οὖν
443 1690 616 1726 ἀναφέρομεν
627 1689 722 1717 θυσίαν
737 1690 868 1723 αίνέσιως

68 1737 219 1769 διαπαντὸς
235 1737 275 1772 τῷ
291 1736 361 1772 Θεῷ·
377 1735 450 1763 τοῦτ’
465 1735 524 1763 ἔστι
534 1758 541 1770 ,
556 1737 664 1773 καρπὸν
676 1737 788 1772 χειλέων
803 1738 868 1773 ὁμο-

67 1774 225 1818 λογούντων
238 1783 277 1819 τῷ
288 1783 402 1819 ὀνόματι
417 1783 511 1811 αὑτοῦ.
533 1793 542 1809 ι
561 1784 616 1811 Καὶ
631 1784 720 1811 πάλιν·
741 1793 750 1810 ι
770 1785 825 1820 Τῆς
839 1785 868 1811 δὲ

70 1829 198 1860 εὐποιίας
214 1829 262 1856 καὶ
273 1828 415 1860 κοινωνίας
434 1828 471 1864 μὴ
482 1828 708 1864 ὲπιλανθάνησθε.
723 1829 869 1861 Τοιαύταις

71 1876 126 1912 γὰρ
146 1875 256 1906 Θυσίαις
278 1875 466 1910 εὐαρεστεῖται
486 1876 500 1901 ό
515 1874 592 1906 Θεός.
617 1883 626 1900 ι
645 1875 755 1910 Καρποὶ
773 1875 827 1910 γὰρ
843 1875 868 1900 οἰ

72 1921 140 1958 πρὸς
159 1920 242 1957 ἡμῶν
256 1920 295 1956 τῷ
317 1920 378 1956 Θεῷ
403 1920 457 1947 τῶν
477 1922 506 1947 ὲν
522 1920 611 1947 πίστει
636 1920 867 1955 δεδικαιωμένων,

72 1968 145 2000 τίνες
162 1967 196 1994 ἂν
209 1964 264 1994 εἷεν
279 1967 387 2002 ἕτεροι,
404 1966 473 2001 πλὴν
490 1966 532 1992 ὅτι
546 1965 685 2000 δοξολογία
709 1965 803 2001 μακρὰ
822 1965 869 1992 καὶ

69 2015 202 2050 διηνεκής
213 2022 221 2047 ;
237 2014 294 2040 Καὶ
306 2013 381 2049 θῦμα
393 2014 425 2040 τὸ
436 2012 632 2049 καθαρώτατον
651 2013 701 2048 τῆς
717 2013 869 2048 ἀμωμήτου

69 2061 158 2096 ζωῆς,
176 2062 193 2097 ἡ
210 2060 407 2096 ἀπαράὸλητος
423 2059 531 2086 εὐωδία.

107 2108 217 2135 ΠΔΔΛ.
238 2106 391 2141 Παγκάλως
405 2107 471 2142 ήμῖν
486 2107 500 2132 ό
512 2105 590 2140 λόγος
606 2105 672 2142 ἔχει,
689 2106 737 2133 καὶ
754 2106 868 2142 ἀληθὲς,

70 2155 115 2182 ὅτι
128 2153 285 2182 δικαιοῦται
300 2162 343 2185 τις
364 2153 464 2188 ἥκιστα
481 2153 529 2189 μὲν
546 2154 574 2180 ὲν
591 2153 675 2188 νόμῳ,
697 2153 741 2180 διὰ
754 2148 871 2185 πίστεως

71 2200 102 2227 δὲ
119 2201 222 2236 μᾶλλον
243 2201 295 2236 τῆς
309 2201 338 2227 ὲν
351 2199 472 2235 Χριστῷ,
488 2200 535 2226 καὶ
551 2200 743 2235 μυσταγωγίας
755 2200 870 2235 εὐαγγε-

916 271 998 298 quem
1013 271 1062 291 vos
1074 264 1169 291 vultis.
1184 264 1255 292 Ecce
1267 264 1354 297 venit,
1371 264 1439 291 dicit
1458 264 1592 291 Dominus
1617 265 1709 291 omni-

914 315 1023 346 potens,
1039 315 1068 338 et
1080 311 1144 345 quis
1158 311 1309 339 sustinebit
1323 312 1397 339 diem
1419 311 1560 347 ingressus
1570 311 1650 345 ejus?
1661 317 1710 340 aut

914 356 979 391 quis
994 356 1131 384 subsistet
1146 356 1175 383 in
1188 356 1296 384 visione
1304 357 1382 393 ejus?
1396 358 1461 392 quia
1483 359 1543 392 ipse
1556 357 1712 392 ingreditur

916 402 995 436 quasi
1007 402 1079 438 ignis
1094 402 1260 435 conﬂatorii,
1283 407 1312 430 et
1337 404 1414 438 quasi
1430 404 1517 431 herba
1545 404 1710 436 lavantium,

913 452 942 474 et
961 448 1071 476 sedebit
1088 448 1214 476 conﬂans
1228 453 1257 476 et
1270 449 1423 477 emundans
1435 450 1507 477 sicut
1521 455 1666 485 argentum
1680 455 1707 478 et

914 502 1013 521 aurum
1034 495 1068 522 “.
1087 504 1096 520 ι
1115 494 1322 523 lunovationem
1341 503 1407 531 ergo
1432 496 1710 532 reformationemque

914 540 1062 568 sacerdotii
1079 540 1199 568 futuram
1216 541 1294 573 dicit,
1309 546 1392 576 atque
1410 541 1497 576 ipsam
1512 547 1586 570 certe
1599 543 1708 570 colendi

914 586 1041 618 formam,
1065 595 1121 613 non
1143 587 1218 614 aliud
1250 586 1393 622 quidpiam
1419 587 1478 615 fore
1498 587 1602 615 indicat
1626 597 1709 623 quam

915 639 1034 667 praesens
1048 632 1151 660 Christi
1166 633 1338 669 mysterium.
1355 633 1462 661 Rursus
1473 641 1522 669 per
1533 634 1708 662 Ezechielem

914 678 1030 707 dixitde
1049 679 1084 706 iis
1113 679 1161 714 qui
1182 679 1263 706 electi
1281 681 1418 712 erant,‘ut
1438 680 1594 708 sacerdotio
1612 681 1709 717 funge-

914 729 1011 752 rentur
1026 733 1032 752 :
1049 735 1058 750 ι
1070 725 1117 753 [sti
1128 725 1261 753 accedent
1275 726 1309 753 ad
1323 733 1377 759 me,
1395 730 1426 753 ut
1447 727 1606 755 ministrent
1621 728 1708 762 mihi;

913 773 943 797 et
959 770 1073 798 stabunt
1087 774 1151 798 ante
1165 771 1266 799 laciem
1275 779 1375 805 meam,
1389 777 1419 799 ut
1433 772 1552 800 oll‘erant
1572 773 1639 800 mihi
1659 773 1710 800 lio-

915 815 1005 848 stiam,
1031 816 1141 851 adipem
1169 820 1197 843 et
1216 816 1387 852 sanguinem,
1404 816 1471 844 dicit
1485 817 1618 845 Dominus
1628 818 1710 845 Deus.

915 861 962 888 lsti
979 862 1169 897 ingredientur
1186 863 1213 890 in
1229 867 1322 890 sancta
1339 871 1410 896 mea,
1424 867 1453 891 et
1469 863 1514 891 isti
1529 864 1661 891 accedent
1675 864 1710 891 ad

916 915 1039 935 mensam
1050 916 1149 941 meam,
1167 913 1198 936 ut
1212 909 1370 937 ministrent
1382 909 1416 936 ⁸⁸.
1432 919 1441 935 ι
1460 909 1576 945 Adipem
1592 918 1674 945 porro
1683 915 1712 938 et

915 955 1087 989 sanguinem,
1103 959 1131 982 et
1146 955 1193 982 illa
1213 963 1316 983 mensa:
1329 956 1483 983 ministeria
1498 963 1554 983 non
1567 957 1629 992 jure
1640 956 1712 992 opti-

914 1009 961 1029 mo
976 1001 1101 1029 dicemus
1114 1009 1176 1030 esse
1191 1001 1260 1029 illud
1271 1001 1374 1030 Christi
1387 1001 1567 1038 mysterium?

952 1089 1051 1116 PALL.
1067 1089 1152 1117 Recte
1167 1089 1247 1117 dicis.
1695 1124 1701 1129 ἡ

951 1134 1030 1162 CYR.
1051 1135 1124 1169 Quin
1150 1136 1242 1171 ipsum
1274 1143 1386 1171 quoque
1412 1140 1521 1172 tempus
1544 1145 1600 1172 quo
1620 1145 1711 1165 rerum

916 1182 1039 1208 omnium
1052 1181 1079 1208 in
1093 1181 1237 1209 meliorem
1247 1185 1350 1209 statum
1368 1190 1506 1215 recursus,
1521 1186 1549 1210 et
1567 1183 1612 1210 ille
1630 1183 1712 1210 inno-

915 1227 1035 1255 vationis
1045 1227 1143 1255 modus
1153 1232 1227 1255 esset
1239 1227 1361 1260 futurus,
1379 1228 1555 1263 perspicuum
1571 1229 1651 1256 nobis
1661 1229 1711 1256 ad—

917 1274 1030 1301 modum
1065 1274 1141 1306 fecit,
1165 1281 1229 1301 cum
1254 1273 1325 1302 dixit
1339 1274 1413 1301 Deus
1436 1283 1442 1301 :
1467 1284 1476 1300 ι
1499 1275 1532 1302 Et
1559 1275 1612 1302 erit
1631 1283 1646 1303 a
1667 1275 1712 1303 die

917 1324 1023 1352 octava,
1038 1324 1066 1347 et
1082 1321 1153 1347 ultra
1171 1320 1272 1348 facient
1287 1320 1448 1348 sacerdotes
1464 1328 1548 1356 super
1561 1321 1647 1349 altare
1658 1321 1711 1349 lio—

917 1367 1043 1394 locausta’
1059 1370 1160 1398 vestra,
1179 1370 1208 1393 et
1228 1373 1289 1401 qua:
1306 1366 1403 1394 salutis
1421 1370 1520 1394 vestrae
1538 1374 1622 1394 causa
1643 1367 1713 1395 otl'e-

918 1415 1018 1439 runtur
1036 1420 1042 1438 :
1058 1415 1086 1438 et
1096 1411 1246 1446 suscipiam
1258 1419 1317 1444 vos,
1335 1411 1403 1439 dicit
1415 1411 1548 1439 Dominus
1562 1412 1594 1438 5".
1613 1422 1622 1438 ι
1634 1413 1713 1440 Diem

917 1462 1058 1490 octavum,
1078 1457 1229 1485 Salvatoris
1250 1458 1337 1485 nostri
1363 1459 1577 1486 resurrectionis
1604 1463 1714 1494 tempus

917 1504 1047 1538 appellat,
1068 1512 1123 1539 quo
1133 1503 1304 1536 holocausta,
1325 1504 1352 1531 id
1363 1509 1406 1532 est
1420 1505 1541 1539 perfecta
1551 1505 1714 1542 integraque

919 1550 1091 1578 credentium
1111 1550 1295 1583 consecratio,
1321 1551 1379 1578 Deo
1398 1551 1553 1586 gratissima
1570 1559 1602 1579 ac
1629 1552 1713 1587 spiri-

919 1596 1005 1624 tualia
1018 1604 1133 1624 munera
1145 1596 1320 1629 otl‘eruntur;
1338 1595 1421 1631 idque
1439 1596 1521 1624 docet
1537 1596 1714 1624 beatusPau-

918 1642 972 1675 lus,
991 1650 1054 1669 cum
1081 1641 1178 1669 scribit
1202 1650 1208 1668 :
1237 1650 1246 1667 ‹
1267 1641 1320 1669 Per
1345 1641 1434 1676 ipsum
1458 1642 1542 1677 igitur
1571 1642 1714 1670 oﬂ'erimus

918 1689 1037 1716 hostiam
1052 1688 1143 1716 laudis
1155 1695 1263 1723 semper
1287 1688 1354 1720 Deo,
1370 1687 1398 1715 id
1413 1691 1455 1715 est
1467 1708 1474 1720 ,
1490 1687 1611 1714 fructum
1624 1687 1713 1715 labio-

918 1743 981 1762 rum
996 1734 1187 1762 conﬁtentium
1196 1733 1302 1761 nomini
1311 1733 1372 1768 ejus
1394 1733 1432 1769 (1)
1450 1733 1483 1760 ⁸⁵.
1502 1742 1511 1759 ι
1538 1732 1684 1760 Etiterum
1704 1740 1712 1759 :

923 1790 932 1807 ι
951 1780 1142 1808 Beneﬁcentiae
1158 1784 1250 1806 autem
1263 1782 1292 1806 et
1308 1778 1513 1805 communionis
1536 1777 1623 1805 nolite
1641 1777 1713 1805 ohli-

918 1827 1004 1860 visci;
1021 1827 1123 1854 talibus
1143 1826 1217 1853 enim
1237 1825 1336 1852 hostiis
1360 1828 1535 1860 promeretur
1557 1825 1631 1851 Deus
1647 1823 1680 1851 3".
1700 1834 1709 1850 ι

919 1873 1036 1900 Fructus
1048 1872 1121 1900 enim
1136 1880 1151 1899 ιι
1166 1871 1257 1904 nobis,
1275 1872 1360 1907 quiin
1378 1871 1432 1898 ﬁde
1447 1870 1589 1906 justiﬁcati
1606 1877 1713 1904 sumus,

919 1919 1030 1954 quinam
1038 1918 1095 1946 Deo
1103 1918 1195 1946 oﬂ‘erri
1213 1922 1329 1953 possunt
1344 1919 1390 1945 alii
1405 1926 1486 1953 quam
1495 1918 1548 1953 61
1559 1918 1618 1953 ejus
1629 1917 1714 1954 glori-

920 1965 1011 1992 ﬁcatio
1024 1965 1098 2001 jugis
1110 1969 1193 2000 atque
1207 1965 1466 2000 pcrpetua?Hostia
1482 1965 1548 1993 item
1566 1965 1715 2001 purissima

920 2014 972 2042 est,
992 2009 1139 2037 laudabilis
1154 2010 1217 2037 vitae
1228 2010 1297 2038 odor
1311 2010 1438 2038 eximius.

956 2106 1054 2135 PALL.
1070 2107 1203 2135 Praeclare
1221 2114 1250 2134 se
1266 2106 1352 2135 habet
1365 2107 1464 2140 oratio,
1484 2107 1715 2142 verissimumque

921 2157 963 2181 est
981 2153 1095 2181 minime
1118 2160 1170 2188 per
1194 2153 1282 2188 legem
1299 2153 1446 2188 just-ilicari
1469 2153 1644 2187 quempiam,
1667 2152 1715 2180 sed

921 2200 1014 2235 potius
1029 2207 1079 2235 per
1087 2199 1170 2227 ﬁdem
1185 2199 1221 2235 in;
1234 2199 1376 2227 Christum
1393 2204 1421 2227 et
1434 2199 1619 2235 evangelicum
1633 2198 1718 2226 disci-

73 2247 166 2282 λικῆς.
188 2245 326 2281 Ἐθέλοιμι
347 2245 368 2271 δ’
388 2244 421 2271 ἂν
447 2245 494 2271 καὶ
515 2244 549 2271 δι’
567 2245 691 2280 ἐναργῶν
715 2245 781 2280 ἡμῖν
805 2245 867 2271 ἰέναι

924 2247 1038 2281 plinam.
1064 2246 1200 2274 Caeterum
1222 2246 1307 2274 velim
1327 2246 1529 2281 expositionem
1550 2245 1622 2272 hanc
1641 2249 1716 2272 tuam

74 2292 308 2329 παραδειγμάτων
323 2291 373 2327 τὴν
388 2291 536 2326 ἀφήγησιν,
551 2291 599 2318 καὶ
614 2290 645 2324 ἐξ
654 2291 744 2318 αὐτῶν
766 2291 870 2318 τούτων

76 2339 176 2375 μαθεῖν
188 2338 245 2365 τῶν
258 2337 339 2374 ἱερῶν
355 2337 544 2373 Γραμμάτων.

110 2386 195 2413 ΚΥΡ.
218 2385 332 2417 οὐκοῦν,
356 2381 379 2411 ὦ
408 2383 530 2419 φιλότης,
561 2381 619 2419 εϊμι
646 2383 695 2419 μὲν
718 2383 774 2418 ἐγὼ
803 2384 871 2420 πρὸς

73 2433 155 2460 τοῦτο
176 2432 305 2467 ἑτοίμως,
327 2430 388 2457 ὲπεί
408 2439 447 2457 σοι
470 2429 553 2457 δοκεῖ.
571 2430 608 2457 Σὺ
624 2430 653 2456 δὲ
675 2430 706 2466 δή
727 2439 771 2465 μοι
789 2430 871 2457 πάλιν

76 2479 120 2505 τὸν
144 2477 248 2513 ἀκριϐῆ
272 2485 303 2504 τε
328 2477 376 2503 καὶ¹
400 2476 587 2511 ἀπεξεσμένον
611 2477 653 2510 ἐφ’
681 2476 789 2512 ἑκάστῳ
817 2476 872 2502 τῶν

77 2524 267 2560 θεωρημάτων
284 2521 395 2555 ἐξέταζε
409 2522 483 2549 νοῦν.
500 2522 556 2549 Καὶ
576 2522 603 2549 εἴ
616 2522 657 2549 σοί
670 2531 696 2549 τι
710 2522 817 2558 δόξαιμι
835 2521 872 2558 μὴ

76 2571 134 2598 λίαν
148 2569 239 2605 ὀρθῶς
249 2570 331 2601 νοεῖν,
348 2569 365 2604 ἢ
384 2568 488 2602 λέγειν,
505 2568 643 2602 νηφαλίως
659 2568 810 2604 ὲπανόρθθυ
825 2568 872 2594 καὶ

78 2614 229 2652 μεθόρμιζε
242 2613 349 2650 σαφῶς,
368 2614 432 2645 τοὺς
445 2613 500 2640 τῶν
511 2613 645 2640 τεκτόνων
661 2613 789 2649 ἀρίστους
805 2614 873 2640 ἀπο-

79 2662 258 2698 μιμούμενος,
271 2661 296 2688 οἳ
315 2659 425 2687 ἐπειδὰν
441 2659 532 2695 ἐξήκοι
549 2658 596 2686 τοῦ
613 2659 779 2695 καθήκοντος
791 2659 871 2695 λόγου

922 2292 1055 2327 exemplis
1063 2292 1130 2320 item
1143 2292 1298 2328 perspicuis
1307 2291 1476 2325 conﬁrmari,
1493 2296 1575 2326 atque
1583 2299 1618 2318 ex
1629 2290 1717 2318 sacris

923 2338 1034 2367 Litteris
1048 2338 1116 2366 mihi
1131 2339 1202 2366 idem
1217 2339 1328 2374 planum
1343 2338 1412 2366 ﬁeri.

959 2384 1037 2412 CYR.
1050 2385 1137 2412 Venio
1155 2384 1240 2421 igitur
1257 2384 1315 2419 ipse
1331 2384 1365 2411 ad
1381 2384 1452 2411 hanc
1465 2386 1582 2418 partem,
1600 2382 1715 2415 Palladi,

924 2430 1053 2463 libenter,
1070 2430 1135 2465 quia
1143 2430 1183 2458 sic
1196 2430 1245 2457 tibi
1261 2430 1379 2457 videtur.
1390 2429 1430 2456 Tu
1438 2437 1503 2457 vero
1518 2429 1585 2456 mihi
1594 2428 1715 2456 vicissim

925 2477 1055 2505 subtilem
1071 2482 1099 2504 et
1113 2477 1262 2512 expolitum
1278 2477 1305 2504 in
1315 2483 1478 2511 unaquaque
1486 2475 1716 2510 contemplatione

925 2531 1036 2551 sensum
1052 2523 1183 2558 exquiras
1198 2522 1281 2550 velim
1299 2531 1306 2549 τ
1319 2530 1361 2555 ac,
1371 2522 1394 2550 si
1412 2522 1462 2549 tibi
1477 2522 1569 2549 minus
1583 2525 1657 2548 recte
1667 2525 1716 2548 aut

925 2570 1027 2598 sentire
1037 2570 1163 2603 videbor,
1185 2574 1232 2597 aut
1248 2570 1351 2605 eloqui,
1372 2569 1523 2605 prudenter
1540 2569 1661 2604 corrigas
1687 2572 1716 2596 et

925 2616 1055 2644 emendes
1064 2621 1169 2652 aperte,
1179 2617 1318 2644 fabrorum
1327 2615 1617 2652 praestantissimorum
1625 2621 1717 2642 exem-

925 2662 988 2698 plo,
1007 2663 1075 2698 qui,
1093 2663 1181 2690 sicubi
1198 2671 1267 2699 opus
1285 2663 1360 2698 quod
1379 2663 1408 2690 in
1429 2661 1557 2689 manibus
1575 2661 1678 2688 habent
1699 2668 1715 2688 a

109 2763 131 2780 ⁸¹
148 2763 265 2792 Malach.
286 2771 328 2796 ιιι,
347 2761 414 2795 2,5.
453 2761 476 2778 "
497 2762 599 2790 Ezech.
620 2768 692 2795 xuv,
710 2761 754 2793 ‘15,
773 2760 816 2788 16.
856 2760 866 2776 ⁸

921 2760 989 2788 Lech.
1003 2769 1076 2794 xu",
1092 2761 1136 2788 27.
1176 2761 1200 2778 "
1213 2761 1297 2790 Hebr.
1318 2769 1363 2794 xv,
1375 2761 1418 2789 15.
1459 2760 1483 2776 ¹¹
1496 2759 1579 2788 Hebr.
1596 2767 1656 2788 xui.
1671 2758 1714 2786 16.

112 2836 148 2872 (t)
165 2832 597 2872 Fructumdabiorumperinde
614 2832 743 2872 intelligit
759 2831 872 2872 hic_Pa-

79 2867 122 2898 ler‘
132 2867 164 2899 ac
186 2871 210 2898 si
225 2869 398 2898 oblationem
418 2867 554 2896 labiorum
571 2867 688 2896 dixisset
703 2867 852 2902 Apostolus
863 2887 871 2898 ,

79 2915 129 2942 quo
141 2905 277 2942 loquendi
291 2911 369 2933 more
383 2912 454 2941 saepe
474 2903 546 2932 LXX
560 2908 625 2932 sunt
639 2904 682 2932 usi
701 2910 764 2931 cum
776 2902 871 2931 dicunt

925 2830 1116 2893 Zapngqaopiav
1127 2835 1155 2859 et
1170 2831 1355 2867 καρποφορεῖν
1374 2837 1425 2866 pro
1436 2835 1469 2858 eo
1482 2828 1556 2865 quod
1568 2831 1610 2856 est
1620 2826 1716 2854 θυσίαν

945 2874 998 2893 ww
1015 2874 1083 2893 οειν.

945 2874 1083 2901 ναφερειν.
