1924 3043
221 159 271 187 Si

738 156 765 183 S.
786 155 924 184 CYllllLl
943 152 1178 182 ALEXANDRIM
1198 149 1354 178 ARCHIEP.

1807 147 1862 175 25?.

222 216 338 245 rationis
354 216 474 249 artisque
489 213 648 248 praescripto
656 213 810 245 deﬂexerit,
826 212 853 239 id
864 211 1012 240 artiﬁciose

1071 209 1094 236 εδ
1118 210 1146 235 ὲν
1169 209 1256 244 χερσὶ,
1280 206 1528 243 μεταρυθμίζουσιν
1551 205 1685 241 εὐτέχνως
1707 204 1755 232 ἐπὶ
1776 204 1808 231 τὸ
1822 205 1861 237 ὡς

223 261 430 292 reconcinnant,
450 265 533 294 atque
550 259 584 286 ad
599 259 714 286 ferulam
732 263 863 286 revocant
884 257 1013 293 quasillis

223 308 326 342 optima
339 307 473 334 videatur.
496 305 607 332 Initium
618 313 684 333 vero
703 305 731 332 in
757 305 809 332 hac
826 304 1013 340 disputatione

223 360 363 380 sumemus
377 359 392 378 a
402 360 543 379 sacrorum
560 351 711 387 interprete
724 351 914 387 Moyse,cujus
924 350 1013 376 histo-

222 399 290 426 riam
299 398 345 426 ul)i
357 398 460 425 cursim
475 398 602 433 attigero,
616 403 675 425 tum
684 405 750 425 sane
768 397 930 424 conﬁrmare
942 395 1015 422 nitar

221 449 303 478 atque
317 444 462 471 ostendere
486 443 640 479 perspicue,
654 443 722 470 nihil
740 443 773 470 ad
793 442 945 478 perfectum
963 441 1014 468 ad-

222 489 333 517 duxisse
355 494 444 525 tegem
456 510 463 523 ,
475 498 592 524 eamque
606 498 661 516 non
676 497 737 517 esse
755 489 789 516 ad
804 489 921 516 salutem
937 488 1013 520 satis,

222 537 401 572 omniumque
414 537 557 564 hominum
580 541 637 564 tum
652 535 865 570 redemptorem,
881 538 938 561 tum
960 534 1015 561 sal—

222 587 344 610 vatorem
358 591 419 611 esse
433 583 585 611 Christum.

257 629 354 657 PALL.
371 631 453 665 Atqui
474 630 514 657 sic
529 629 640 661 habeto,
652 636 708 656 non
718 628 886 656 mediocrem
903 631 931 654 te
958 626 1015 654 uti-

221 675 326 702 litatem
353 676 510 707 allaturum,
530 676 553 702 si
569 675 597 702 in
615 675 666 702 hac
686 682 797 710 quoque
814 677 889 708 parte
902 677 1016 700 cuncta-

223 722 325 748 tionem
361 721 479 753 viceris;
508 721 637 756 quamvis
668 721 743 747 enim
772 718 932 746 dillicillima
961 718 1017 744 sint

222 777 255 795 ea
285 776 347 803 qua:
366 768 542 803 aggrederis,
569 766 785 800 diﬂieillimeque
811 764 928 800 spectari
952 771 1016 798 pos-

222 815 258 841 sit
284 822 378 842 earum
410 821 501 841 rerum
524 821 592 848 quas
619 812 784 847 inquirimus
806 811 924 843 veritas,
940 810 1017 838 dives

223 865 312 888 tamen
325 865 377 892 est,
391 860 437 895 qui
450 859 551 887 revelat
569 860 651 886 Deus.
907 857 913 862 “

256 907 334 934 CYR.
346 907 429 934 Recte
450 906 520 933 dicis
530 915 537 939 ;
547 910 575 933 et
586 913 630 934 me
638 906 693 941 jam
706 912 784 940 aeque
797 912 829 932 ac
845 903 1013 940 sagacissimi

222 962 305 980 canes
325 953 456 984 assolent,
470 953 656 988 pervestigare
674 952 783 979 abditos
812 951 841 978 in
865 949 1012 986 profundo,

221 999 450 1033 obscurioresque
465 1005 572 1030 sensus,
591 1002 637 1025 tua
652 997 748 1025 suadet
765 997 864 1024 oratio.
882 996 968 1032 Igitur
985 995 1015 1023 in

221 1045 332 1072 deserto
353 1044 535 1072 Madianiticm
560 1044 708 1079 provinciae
725 1043 805 1070 beato
813 1043 896 1079 Moysi
918 1050 1015 1078 greges

221 1090 313 1117 ovium
330 1090 464 1125 pascenti,
474 1098 536 1117 cum
549 1091 601 1118 sub
617 1090 682 1126 ipsis
694 1090 834 1117 radicibus
850 1094 923 1117 esset
934 1097 1014 1116 mon-

220 1137 257 1164 tis
285 1136 387 1168 llorcb,
413 1144 483 1163 nova
507 1136 632 1171 quaedam
652 1143 706 1167 res,
729 1140 758 1163 et
777 1134 901 1162 miraculi
921 1135 1012 1170 plena,

221 1183 278 1210 Deo
290 1182 418 1215 faciente,
435 1186 586 1209 monstrata
603 1185 645 1208 est
658 1190 664 1208 τ
681 1191 690 1207 ι
702 1181 835 1216 Apparuit
849 1181 922 1208 enim
937 1180 988 1212 illi,
1002 1190 1010 1206 ι

221 1229 321 1264 inquit,
343 1239 352 1254 ‹
366 1229 482 1264 angelus
497 1228 524 1255 in
538 1228 649 1255 ﬂamma
663 1228 734 1263 ignis
752 1227 787 1255 dc
802 1227 882 1259 rubo,
899 1232 928 1255 et
946 1227 1015 1254 vidit

221 1275 294 1310 quod
303 1275 388 1302 rubus
396 1275 506 1302 arderet
521 1274 588 1309 igni,
603 1278 696 1302 etnon
708 1274 926 1301 combureretur.
942 1273 1015 1300 Dixit

221 1327 313 1348 autem
336 1321 441 1356 Moyses
463 1329 469 1346 :
487 1320 590 1347 Vadam
614 1327 646 1346 ac
663 1319 764 1346 videbo
787 1319 922 1346 visionem
944 1319 1015 1346 hanc

222 1375 418 1403 magnam,cur
428 1375 482 1394 non
491 1366 671 1394 comburatur
686 1366 773 1393 rubus
787 1367 820 1392 ⁸ο.
836 1376 845 1391 ι
859 1366 906 1393 Est
921 1370 1014 1393 autem

222 1415 309 1441 rubus
327 1421 383 1440 non
400 1412 510 1440 exculta
533 1411 626 1444 arbor,
653 1411 701 1438 sed
717 1411 851 1438 silvestris
877 1411 962 1446 spinae
983 1419 1014 1439 ac

222 1461 317 1496 stirpis
334 1465 470 1487 montana:
479 1466 576 1494 genus,
590 1458 617 1485 in
629 1466 682 1493 qua
695 1458 856 1485 miraculum
869 1458 937 1485 illud
949 1458 1013 1485 horu

222 1505 294 1532 roris
307 1505 418 1540 plenum
434 1504 579 1535 edebatur,
595 1503 669 1538 quod
684 1503 807 1539 mystcrii
826 1503 939 1538 ﬁguram
965 1511 1014 1539 ap-

225 1552 328 1579 tissime
344 1551 467 1586 gerebat.
486 1550 608 1585 Angelus
627 1549 728 1584 quippe
747 1549 771 1576 is
791 1553 851 1576 erat
872 1549 920 1584 qui
943 1549 1014 1584 ignis

223 1598 314 1634 specie
330 1602 416 1624 totum
434 1596 555 1630 undique
564 1595 774 1630 depasccbatur,
789 1595 843 1630 62
852 1596 975 1630 nequein
982 1603 1015 1623 ea

225 1648 317 1670 tamen
333 1642 418 1677 stirpe
430 1641 574 1676 vestigium
598 1640 668 1676 ignis
679 1641 766 1668 ullum
785 1641 1018 1676 imprimcbatzac

225 1695 280 1714 non
295 1694 374 1714 secus
387 1695 468 1721 quam
484 1686 506 1713 si
519 1686 632 1713 minime
644 1686 668 1712 is
684 1685 804 1717 adesset,
824 1694 859 1714 ne
875 1686 1018 1714 minimam

224 1732 334 1767 quidem
344 1731 442 1758 caloris
450 1736 554 1766 partem
566 1731 601 1758 ab
612 1731 673 1766 igne
681 1731 764 1758 arbor
773 1730 820 1758 illa
840 1731 1016 1766 suscipiebat.

260 1777 360 1805 PALL.
376 1777 448 1810 Quid
464 1777 549 1812 igitur
560 1777 627 1803 illud
641 1776 720 1803 erat?

260 1824 339 1851 ΟΥΕ.
368 1823 461 1851 lsraeli
488 1823 625 1855 nimirum,
645 1828 773 1857 tanquam
788 1822 907 1850 silvestri
926 1823 1018 1850 arbori

225 1878 257 1898 ac
270 1871 359 1898 dulcis
381 1871 492 1906 iustitia:
513 1870 618 1897 fructus
638 1871 729 1897 nullos
751 1870 874 1902 habenti,
894 1869 968 1904 quod
988 1869 1016 1896 in

223 1917 412 1954 Aﬁgyptiorum
437 1917 544 1952 legibus
566 1918 698 1948 aleretur,
717 1917 877 1952 angelorum
899 1916 1017 1943 admini-

225 1965 357 1992 stratione
373 1964 461 1991 danda
476 1965 519 1991 lex
533 1968 602 1995 erat,
621 1971 681 1998 quae
697 1963 870 1990 illuminandi
883 1962 939 1990 vim
954 1962 1018 1997 qui-

226 2011 288 2038 den:
303 2010 424 2043 haberet,
438 2011 460 2037 si
477 2010 659 2044 spiritualitcr
674 2009 881 2043 intelligeretur,
898 2013 925 2035 et
940 2016 1018 2035 ineu—

229 2058 263 2084 tis
290 2057 419 2084 tenebras
444 2056 578 2091 repellere
600 2059 693 2090 posset
719 2055 814 2089 (habet
844 2054 918 2081 enim
948 2054 1018 2088 ignis

227 2110 335 2136 natura,
355 2109 386 2132 ut
400 2103 500 2131 efﬁciat
519 2102 546 2129 id
558 2101 680 2137 quoque)
692 2121 699 2133 ,
712 2101 760 2128 sed
776 2109 809 2129 ea
830 2105 921 2128 tamen
944 2101 1018 2128 acci-

229 2151 371 2186 pientibus
391 2149 498 2176 inutilis
512 2148 574 2180 fuit,
601 2147 676 2174 nulla
694 2147 780 2182 ipsius
795 2147 892 2182 culpa;
910 2155 1017 2179 verum,

228 2197 301 2232 quod
319 2197 349 2228 ii,
367 2196 532 2231 quibuscum
551 2193 692 2228 agebatur,
711 2193 823 2220 minimc
839 2193 931 2220 lumen
950 2193 1017 2220 illud

1063 255 1164 290 ἄριστα
1175 254 1246 289 ἔχειν
1258 253 1363 280 δοκοῦν.
1373 253 1513 288 ’Λπαρχὴν
1523 252 1552 278 δὲ
1565 252 1661 287 ὥσπερ
1674 251 1737 278 τινὰ
1748 251 1804 278 τῶν
1821 251 1862 283 εἵς

1064 309 1096 334 γε
1111 300 1190 327 ταυτὶ
1205 299 1376 335 ποιησόμεθα
1398 299 1486 333 λόγων
1501 299 1546 325 τὸν
1565 299 1729 334 ἱεροφάντην
1744 298 1860 330 Μωσέα,

1064 346 1112 372 καὶ
1128 346 1176 382 τῆς
1191 347 1251 372 κατ’
1265 345 1348 372 αὐτὸν
1365 345 1485 380 ἱστορίας
1501 344 1686 380 ἐπιδρομάδην
1705 344 1860 379 ἁψάμενος,

1065 392 1248 428 πληροφορείν
1273 390 1304 418 εὖ
1327 391 1401 428 μάλα
1428 391 1612 426 πειράσομαι,
1630 392 1677 418 καὶ
1701 391 1862 423 καταδεῖξαι

1067 439 1160 473 σαφῶς
1170 459 1179 471 ,
1199 439 1394 466 τετελειωκότα
1407 439 1456 474 μὲν
1469 439 1513 465 τὸν
1527 438 1608 474 νόμον
1624 438 1713 471 οὐδὲν,
1729 438 1794 465 οὔτε
1808 438 1862 473 μὴν

1065 485 1229 521 ἀποχρῶντα
1247 485 1316 522 πρὸς
1337 485 1474 521 σωτηρίαν
1485 493 1491 500 ·
1517 480 1656 521 λυτριντὴν
1674 485 1705 514 δὲ
1722 484 1778 511 τῶν
1793 484 1862 511 Bks"

1066 531 1114 558 καὶ
1132 532 1242 567 σωτῆρα
1259 532 1386 567 Χριστόν.

1103 620 1208 648 ΠΑΛΛ.
1229 620 1268 647 Οὐ
1287 619 1403 656 μετρίαν
1424 619 1478 646 ἴσθι
1503 628 1544 646 τοι
1565 619 1654 651 διδοὺς
1678 619 1728 654 τὴν
1755 617 1860 654 ιζνησιν,

1065 666 1145 694 ὀκνου
1169 666 1312 702 κρείττονα
1337 666 1435 693 σαυτὸν
1461 666 1511 693 κᾶν
1535 666 1621 701 τούτῳ
1647 665 1775 697 δεικνύςσ
1801 665 1863 692 δυσ-

1067 712 1166 746 έφικτα
1181 711 1231 747 μὲν
1255 711 1310 748 γὰρ
1331 711 1367 738 τὰ
1386 712 1414 738 ἐν
1434 711 1513 747 χερσὶ
1529 711 1598 743 λίαν,
1614 712 1660 738 καὶ
1673 711 1862 743 δυσκάτοτιτος

1068 757 1166 792 κομιδῇ
1182 757 1235 783 τῶν
1254 756 1428 792 ζητουμένων
1452 758 1468 792 ἡ
1484 757 1594 791 γνῶσις,
1615 756 1744 788 πλούσιός
1760 765 1792 792 γε
1806 757 1862 792 μὴν

1067 804 1082 830 ὁ
1099 803 1276 830 ὲκκαλύπτων
1287 803 1363 835 Θεός.

1104 851 1186 878 ΚΥΡ.
1209 848 1245 877 Εὖ
1259 850 1359 884 λέγεις,
1372 850 1420 877 καὶ
1429 850 1461 885 δή
1476 859 1509 885 με
1521 851 1584 877 κυσὶ
1595 851 1654 882 ταῖς
1665 851 1862 887 εὺρινωτάταις

1034 888 1055 915 Β
1069 898 1098 924 ἐν
1117 897 1178 932 ἴσῳ,
1192 897 1252 924 κατ’
1275 896 1347 932 ἴχνος
1364 897 1433 924 ἱέναι
1448 897 1540 925 λοιπὸν
1558 897 1611 924 τῶν
1626 899 1654 925 ὲν
1671 898 1749 933 βάθει
1768 907 1799 924 τε
1816 899 1863 925 κιὶ

1064 944 1258 979 ἀφανεστέρων
1274 944 1394 975 ἐννοιῶν,
1418 945 1432 970 ὁ
1449 944 1495 975 σὸς
1510 944 1664 980 παραθήγει
1680 944 1772 979 λόγος.
1790 945 1862 971 Οὐκ-

1064 990 1113 1017 οῦν
1134 992 1163 1017 ἐν
1188 991 1284 1026 ἐρήμῳ
1302 990 1366 1017 ποτὲ
1392 991 1425 1026 τῇ
1453 990 1525 1017 κατὰ
1549 990 1598 1026 τὴν
1615 990 1788 1026 καλουμένην
1803 991 1863 1018 Μα-

1065 1038 1141 1074 διᾶιμ,
1156 1038 1219 1064 ὀΐων
1234 1037 1334 1072 ἀγέλας
1348 1037 1566 1073 διαποιμαίνοντι
1580 1037 1618 1072 τῷ
1631 1037 1762 1072 μακαρίῳ
1774 1037 1861 1072 Μωσῇ

1066 1086 1134 1121 πρὸς
1146 1085 1240 1116 αὑταῖς
1250 1093 1279 1110 τε
1293 1085 1353 1116 ταῖς
1365 1084 1513 1119 ὑπωρείαις
1525 1083 1581 1110 ὄντι
1595 1082 1641 1109 τοῦ
1654 1083 1734 1119 ὅρους
1747 1082 1861 1118 Χωρὴὸ,

1065 1131 1161 1166 χρῆμά
1170 1139 1196 1157 τι
1209 1130 1283 1164 ξένον
1295 1131 1342 1157 καὶ
1356 1131 1407 1156 οὐκ
1422 1129 1596 1165 ἀθαύμαστον
1609 1129 1676 1156 Θεοῦ
1693 1129 1862 1165 πληροῦντας

1066 1177 1212 1204 ἐδείκνυτο.
1235 1187 1242 1203 ι
1263 1177 1351 1212 "om
1362 1176 1417 1212 γὰρ
1430 1176 1514 1211 αὐτῷ,
1535 1186 1544 1202 ί
1561 1175 1653 1211 φησὶν,
1668 1186 1677 1201 ι
1696 1175 1815 1210 ἄγγελος
1828 1177 1858 1202 ὲν

1066 1223 1152 1258 πυρὸς
1168 1223 1248 1258 φλογὶ
1259 1223 1292 1249 ὲκ
1310 1222 1408 1257 βάτων
1427 1223 1474 1249 καὶ
1488 1221 1560 1257 ἐώρα
1576 1222 1616 1248 ὅτι
1629 1223 1643 1249 ὁ
1657 1221 1737 1256 βάτος
1754 1222 1862 1248 ἑκαίεῦο

1066 1271 1144 1306 πυρὶ,
1172 1271 1187 1296 ὁ
1213 1269 1241 1296 δὲ
1265 1268 1398 1304 βάτοςρῦ
1414 1268 1584 1295 κατεκαίετο.
1605 1265 1672 1295 Εἷπε
1695 1268 1725 1295 δὲ
1747 1268 1859 1303 Μωσῆς·

1066 1315 1214 1351 Παρελθὼν
1238 1315 1339 1350 ὂψομαι
1361 1315 1393 1341 το
1414 1315 1506 1350 ὅραμα
1530 1315 1561 1341 τὸ
1576 1315 1646 1350 μέγα
1659 1315 1752 1346 τοῦτο,
1772 1316 1814 1342 ὅτι
1830 1316 1860 1342 οὐ

1064 1362 1246 1389 κατακαίεται
1259 1363 1273 1388 ὁ
1289 1361 1380 1396 βάτος.
1399 1370 1408 1386 ι
1428 1361 1511 1387 Edim
1530 1361 1558 1387 δὲ
1575 1361 1636 1396 οὐχὶ
1648 1361 1703 1388 τῶν
1717 1361 1831 1397 ἡμέρων
1846 1362 1860 1388 ό

1066 1409 1157 1444 βάτος,
1177 1408 1277 1444 ἀγρίας
1295 1408 1324 1435 δὲ
1339 1407 1439 1444 μᾶλλον
1465 1407 1586 1443 ἀκάνθης
1602 1406 1681 1440 εἶδος,
1699 1409 1747 1435 καὶ
1770 1409 1861 1444 ὀρεσι-

1064 1458 1166 1492 τρόιρου
1192 1456 1281 1492 ῥίζης,
1306 1457 1348 1490 ἐφ’
1371 1453 1388 1492 ᾖ
1405 1455 1435 1482 τὸ
1454 1455 1568 1491 φρικτὸν
1586 1455 1738 1491 ἐπράττετο
1756 1455 1859 1491 θαῦμα,

1065 1503 1220 1540 μυστηρίου
1244 1502 1330 1528 τύπον
1346 1499 1376 1529 εὖ
1395 1501 1467 1537 μάλα
1493 1501 1623 1537 πληροῦν.
1645 1502 1780 1536 Ἀγγελος
1808 1503 1861 1536 γὰρ

1066 1547 1100 1585 ἦν
1113 1550 1151 1579 ὡς
1172 1551 1200 1576 ὲν
1222 1548 1286 1575 εἴδει
1305 1548 1392 1584 πυρὸς
1416 1548 1477 1575 ὅλον
1497 1547 1584 1574 διόλου
1611 1547 1859 1582 καταϐοσκόμενος,

1069 1596 1195 1631 αἴσθησιν
1220 1595 1249 1622 δὲ
1277 1594 1316 1630 τῷ
1342 1593 1413 1630 ξύλῳ
1437 1593 1572 1629 μηδεμίαν
1597 1593 1712 1625 ἐντιθεὶς
1738 1594 1789 1629 τῆς
1814 1594 1860 1620 τοῦ

1069 1642 1155 1678 πυρὸς
1169 1643 1210 1668 ὲνε
1217 1641 1319 1676 ργείας,
1336 1642 1365 1668 ἐν
1382 1641 1433 1676 τεῳ
1447 1641 1475 1666 δὲ
1492 1640 1587 1676 ὥσπερ
1602 1641 1626 1666 εἰ
1640 1641 1686 1666 καὶ
1705 1640 1743 1676 μὴ
1759 1641 1860 1676 παρῆν,

1070 1687 1132 1723 μηδ’
1155 1687 1218 1714 ὅσον
1239 1687 1328 1713 είπεῖν
1351 1686 1502 1722 θερμασίας
1520 1694 1572 1712 που
1595 1685 1665 1721 τάχα
1689 1685 1742 1721 τῆς
1768 1686 1807 1719 ὡς
1827 1687 1859 1712 ὲκ

1069 1734 1155 1769 πυρὺς
1169 1733 1215 1760 τοῦ
1231 1733 1310 1766 ξύλου
1323 1732 1533 1768 μετεσχηκότας.

1106 1781 1210 1808 ΙΙᾹΛΛ.
1232 1780 1265 1806 Τί
1279 1778 1326 1807 οὖν
1339 1780 1419 1807 τοῦτό
1434 1788 1483 1815 γε;

1105 1825 1187 1852 ΚΥΡ.
1202 1825 1279 1861 Ξύλῳ
1290 1825 1344 1861 γὰρ
1354 1825 1448 1860 ὥσπερ
1459 1825 1548 1861 ἀγρίῳ
1558 1825 1680 1860 γεγονότι
1688 1825 1728 1861 τῷ
1744 1826 1861 1861 Ἰσραὴλ.

1070 1872 1116 1898 καὶ
1131 1871 1255 1907 καρποὺς
1276 1870 1398 1907 ἡμέρους
1417 1871 1590 1906 δικαιοσύνης
1607 1871 1656 1898 οὐκ
1674 1871 1782 1906 ἔχοντι·
1807 1874 1862 1904 τοῖς

1069 1916 1124 1952 γὰρ
1149 1916 1305 1950 Δίγυπτίων
1330 1916 1476 1951 ἐτρέφοντο
1507 1916 1615 1951 νόμοις*
1641 1916 1656 1942 ό
1678 1916 1712 1942 δι’
1738 1917 1863 1951 ἀγγέλων

1070 1962 1167 1998 ἔμελλε
1187 1961 1348 1997 δοθήσεσθαι
1371 1961 1464 1997 νόμος,
1491 1961 1618 1996 φωτίζειν
1640 1962 1688 1997 μὲν
1711 1962 1815 1994 ἱκανὸς,
1839 1963 1863 1988 εί

1070 2008 1136 2043 γοῦν
1147 2009 1234 2036 νοοῖτο
1246 2008 1448 2043 πνευματικῶς,
1460 2007 1506 2034 καὶ
1518 2007 1564 2034 τὸν
1577 2009 1617 2039 εἰς
1627 2007 1689 2034 νοῦν
1701 2008 1863 2044 ἀποπέμψαι

1071 2055 1177 2087 σκότον,
1192 2054 1317 2093 ἐνέργεια
1331 2054 1384 2090 γὰρ
1409 2054 1454 2080 καὶ
1468 2053 1515 2088 ἧδε
1541 2054 1635 2086 πυρὸς,
1653 2054 1722 2090 πλὴν
1735 2056 1794 2086 τοῖς
1815 2055 1862 2081 λα-

1071 2101 1164 2128 ϐοῦσιν
1186 2101 1325 2137 ἀνόνητος,
1348 2102 1394 2128 καὶ
1421 2100 1479 2127 οὔτι
1504 2109 1556 2127 που
1570 2101 1680 2133 πάντως
1695 2101 1728 2127 δι’
1755 2102 1862 2134 ἑαυτὸν,

1070 2148 1128 2174 ἀλλ’
1145 2147 1207 2174 ἐπεί
1223 2156 1264 2174 τοι
1289 2148 1319 2174 τὸ
1331 2148 1389 2182 φῶς
1407 2148 1444 2183 μὴ
1462 2148 1503 2180 εἰς
1519 2147 1580 2175 νοῦν
1597 2148 1719 2183 ἐδέχοντο
1733 2149 1782 2176 καὶ
1796 2157 1862 2184 καρ-

1069 2194 1140 2226 δίαν,
1153 2195 1177 2220 οἱ
1193 2194 1262 2229 ερδς
1273 2193 1319 2226 οὓς
1331 2195 1345 2220 ὸ
1358 2194 1561 2229 λόγοςγέξωθεν
1571 2194 1599 2221 δὲ
1610 2193 1705 2230 ὥσπερ
1719 2195 1863 2230 φωτισμοῦ

229 2244 256 2270 in
272 2243 393 2270 animum
405 2246 487 2276 atque
506 2240 533 2266 in
559 2248 606 2267 cor
621 2239 798 2266 admitterent
813 2248 819 2266 ε
836 2247 899 2266 nam
911 2239 1016 2266 extrin-

1071 2240 1182 2276 δόκησιν
1197 2241 1228 2267 τὸ
1245 2240 1361 2276 γράμμα
1376 2241 1589 2276 πλουτήσαντες,
1602 2241 1671 2276 ὅπερ
1686 2241 1758 2276 ἔχειν
1774 2241 1865 2276 ὲνόμι-

229 2298 309 2317 sccus
329 2296 391 2316 cum
417 2287 516 2314 litterae
544 2285 643 2320 opibus
671 2285 755 2312 veluti
781 2285 872 2320 specie
898 2285 1018 2320 quadam

230 2335 342 2364 luminis
350 2333 532 2364 abundarent,
541 2331 614 2366 quod
626 2331 726 2359 habere
734 2339 763 2358 se
770 2331 913 2366 putabant,
923 2339 1018 2359 revera

229 2382 343 2409 minime
359 2379 506 2407 habebant.
524 2377 601 2411 Quod
624 2377 707 2413 igitur
722 2378 794 2405 circa
822 2377 921 2404 rubum
949 2377 1019 2412 ignis

230 2428 375 2455 videbatur
389 2425 511 2460 quidem,
526 2432 617 2458 neque
637 2428 727 2451 tamen
747 2423 838 2451 arbori
856 2423 895 2451 illi
907 2432 1018 2452 sensum

230 2474 329 2502 caloris
358 2472 505 2503 inferebat,
535 2470 670 2506 ejusmodi
695 2470 838 2506 quidpiam
863 2470 1019 2506 signiﬁcare

230 2519 348 2547 videtur.
363 2518 458 2546 Fuisse
479 2521 571 2544 autem
587 2517 685 2546 inutile
699 2516 802 2544 Judzeis
829 2516 895 2544 illud
908 2525 943 2544 ex
960 2517 1019 2552 lege

230 2566 335 2596 lumen,
350 2563 472 2591 declarat
496 2563 539 2590 bis
553 2563 648 2590 verbis
660 2563 719 2597 ipse
741 2562 866 2590 Salvator
883 2572 890 2589 :
908 2573 917 2589 ι
935 2563 1020 2591 Scru-

229 2610 326 2638 tamini
343 2609 506 2644 Scripturas,
525 2609 590 2644 quia
607 2617 656 2636 vos
669 2608 771 2644 putatis
803 2609 830 2636 in
851 2609 917 2644 ipsis
935 2609 1020 2637 vitam

229 2662 363 2684 mternam
392 2656 513 2688 habere;
529 2659 556 2682 et
584 2655 638 2682 illa:
655 2659 719 2692 sunt
747 2663 807 2690 quae
830 2655 1020 2684 testimonium

232 2702 379 2738 perhibent
397 2702 431 2730 de
455 2710 499 2729 me
517 2711 522 2728 :
539 2706 632 2729 etnon
645 2700 728 2728 vultis
750 2701 844 2728 venire
867 2701 901 2729 ad
919 2710 973 2735 me,
991 2707 1021 2730 ut

232 2750 315 2776 vitam
325 2753 456 2776 aeternam
474 2747 597 2775 habeatis
611 2747 644 2773 ⁸⁷.
657 2757 665 2772 ι
682 2746 716 2774 Et
734 2751 796 2781 post
816 2755 914 2782 pauca,
926 2757 1021 2776 rursus
1038 2757 1043 2760 ’

231 2794 387 2824 Judaaorum
412 2793 558 2829 magistros
589 2791 786 2837 perstringens,
827 2801 859 2821 ac
886 2794 1019 2830 populum

270 2884 294 2901 "
307 2884 392 2913 Exod.
414 2892 454 2917 ιιι,
474 2883 501 2917 2,
521 2884 546 2911 5.
585 2884 607 2899 ’⁸⁷
625 2885 703 2913 Juan.
725 2895 750 2918 v,
767 2887 811 2914 39.

1073 2287 1192 2320 ζον,οὺκ
1220 2285 1293 2322 εἶχον
1315 2287 1434 2323 ἀληθῶς.
1453 2287 1598 2322 Τοιγάρτοι
1620 2287 1684 2322 περὶ
1711 2288 1758 2314 τον
1785 2287 1864 2322 βάτον

1077 2334 1126 2369 μὲν
1140 2333 1256 2369 ὁρᾶσθαι
1270 2333 1300 2360 τὸ
1314 2333 1379 2369 πῦρ.
1397 2334 1436 2369 μὴ
1452 2333 1505 2369 μὴν
1517 2333 1557 2360 ἔτι
1575 2334 1622 2360 κα)⁵
1645 2333 1799 2368 θερμασίας
1823 2334 1864 2360 αἵ-

1073 2379 1169 2414 σθησιν
1184 2379 1284 2405 ἐνιέναι
1301 2378 1340 2413 τῷ
1359 2378 1440 2414 ξύλῳ,
1457 2378 1609 2414 παραδηλοῖ
1632 2387 1658 2405 τι
1683 2379 1807 2406 τοιοῦτον
1827 2379 1865 2411 ὡς

1073 2425 1105 2459 γέ
1119 2434 1164 2460 μοι
1174 2425 1322 2452 δοκεῖ.¹⁷οτι
1335 2424 1363 2451 δὲ
1375 2425 1502 2460 ἀνόνητον
1528 2425 1663 2457 Ἰουδαίοις
1679 2424 1712 2452 τὸ
1724 2426 1756 2452 ὲκ
1767 2425 1814 2452 τοῦ
1824 2426 1865 2452 νό-

1075 2481 1126 2509 μου
1149 2472 1244 2506 γέγονε
1270 2471 1337 2506 φῶς,
1359 2473 1486 2507 σαφηνιεῖ
1508 2471 1594 2506 λέγων
1610 2471 1692 2504 αὐτὸς
1716 2473 1731 2498 ὁ
1753 2473 1863 2508 Σωτήρ·

1071 2528 1081 2544 ι
1107 2518 1249 2553 Ἐρευνᾱτε.
1266 2517 1314 2548 τὰς
1327 2516 1438 2552 Γραφὰς
1450 2517 1492 2543 ὅτι
1511 2517 1590 2551 ὑμεῖς
1604 2517 1706 2544 δοκεῖτε
1728 2518 1757 2544 ὲν
1771 2518 1864 2550 αὑταῖς

1070 2565 1143 2600 ζωὴν
1165 2564 1272 2591 αἰώνιον
1290 2564 1376 2600 ἔχειν·
1392 2564 1438 2591 καὶ
1459 2565 1562 2591 ἐκεῖναί
1578 2565 1647 2591 εἰσιν
1664 2565 1693 2592 αί
1710 2565 1864 2601 μαρτυροῦ-

1071 2618 1116 2637 σαι
1137 2611 1203 2646 περὶ
1227 2610 1306 2646 ἐμοῦ.
1327 2611 1382 2637 Καὶ
1397 2611 1430 2638 οὐ
1447 2610 1538 2638 θέλετε
1561 2611 1649 2638 ἐλθεῖν
1673 2611 1742 2648 πρὸς
1761 2613 1806 2648 μὲ,
1824 2613 1865 2639 ινα

1070 2656 1144 2692 ζωὴν
1168 2656 1276 2683 αἰώνιον
1290 2656 1381 2693 ἔχητε.
1407 2667 1416 2683 ι
1435 2658 1490 2685 Καὶ
1511 2657 1571 2693 μεθ’
1586 2658 1669 2694 ἕτερα
1688 2658 1782 2689 πάλιν,
1799 2659 1864 2694 πρδς

1075 2702 1138 2734 τοὺς
1153 2702 1207 2728 τῶν
1226 2702 1360 2730 Ἰουδαίων
1383 2703 1553 2739 καθηγητὰς,
1575 2704 1622 2730 κα)⁵
1646 2703 1716 2740 πρὸς
1734 2705 1823 2732 πάντα
1836 2705 1865 2732 δὲ

1074 2747 1120 2774 τὸν
1144 2747 1222 2774 λαόν
1247 2758 1256 2774 ι
1272 2749 1318 2784 Μὴ
1334 2749 1438 2777 δοκεῖτε
1452 2751 1494 2777 ὅτι
1517 2750 1573 2784 ἐγὼ
1592 2751 1778 2787 κατηγορήσω
1790 2751 1864 2786 ὑμῶν

1075 2794 1143 2830 πρὶς
1167 2794 1212 2822 τὸν
1236 2795 1361 2831 Πατέρα·
1378 2795 1452 2824 ἔστιν
1475 2798 1489 2825 ὁ
1516 2797 1678 2833 κατηγορῶν
1698 2793 1777 2834 ὑμῶν
1802 2798 1864 2826 Mt»-
