1924 3043
278 67 288 86 I

210 159 264 187 255

722 155 749 183 S.
771 153 908 184 CYRII.”
927 153 1164 183 ALEXANDRINI
1184 154 1344 184 ARCHIEP.

1790 151 1840 180 256

213 224 307 245 rerum
321 221 349 245 et
368 216 507 244 hircorum
520 214 623 242 aulerri
643 218 755 249 peccata
766 214 805 241 ηπ
820 225 828 240 ι
841 215 904 242 ideo
921 214 998 242 cohi-

1052 215 1173 250 είργεται
1188 215 1291 250 Μωσῆς
1305 213 1465 249 πλησιάζειν
1482 213 1542 250 Θεῷ
1551 221 1558 230 ν
1575 222 1585 239 ι
1595 211 1647 248 ’Μὴ
1660 211 1776 246 ὲγγίσῃς
1788 210 1842 246 γὰρ

212 262 294 290 betur
309 261 413 297 Meyses
427 268 461 287 ne
475 258 586 287 accedat
604 258 637 285 ad
650 258 753 286 Deum:
766 268 775 285 ι
786 259 826 286 Ne
841 259 996 294 appropies,

213 309 312 344 inquit,
329 308 382 335 huc
398 307 431 333 ".
448 316 456 331 ι
480 305 558 341 Legis
572 305 645 332 enim
668 305 774 332 viribus
790 305 897 341 egregia
910 305 998 332 virtus

213 354 282 382 adiri
294 360 347 380 non
361 355 451 388 potest
466 359 472 378 :
485 358 574 386 neque
593 351 637 378 illa
649 358 683 379 ex
701 350 786 387 Moysi
806 351 864 386 lege
886 349 998 378 vivendi

213 399 281 427 ratio
295 405 355 426 eam
377 397 535 424 facultatem
550 396 669 423 habebat
683 398 749 431 'quae
770 396 837 424 satis
851 395 998 423 admodum

212 445 294 474 esset,
305 446 335 469 ut
349 441 475 468 homines
488 441 522 468 ad
533 441 619 469 Deum
632 441 784 477 perducere
797 445 901 476 posset.
919 432 1000 469 Chri:

213 491 272 515 stus
289 486 364 514 enim
387 494 437 514 nos
457 486 496 513 illi
514 486 628 514 exhibet
652 494 702 521 per
723 486 966 514 sanetiﬂcationem
989 495 997 513 :

212 537 321 561 sanctos
336 533 438 568 quippe
448 539 509 560 esse
532 532 612 560 decet
626 540 683 563 eos,
695 532 742 567 qui
755 532 812 560 Deo
827 536 922 559 sancto
933 532 999 567 jun-

212 578 293 615 gendi
306 583 388 612 sunt;
406 588 415 604 ι
434 578 527 606 Sancti
547 578 620 606 enim
639 579 733 611 eritis,
753 579 851 613 inquit,
869 578 998 613 quoniam

212 633 263 662 ego
280 629 391 653 sanctus
410 633 470 653 sum
490 625 522 652 ".
543 625 762 659 i-Quodautem
785 625 831 653 illa
841 625 999 653 secundum

213 671 300 707 legem
319 671 428 699 vivendi
442 670 541 705 forma,
569 679 623 699 non
647 671 760 699 omnino
780 671 869 699 aliena
889 675 961 699 esset
977 679 1000 698 ι

213 717 304 752 culpa,
327 721 390 745 mox
407 717 527 750 edocuit,
548 724 611 744 cum
641 716 726 744 dixit:
755 726 765 742 ι
789 716 870 744 Solve
891 716 999 744 calcea-

213 768 336 792 mentum
344 763 377 791 de
385 763 502 798 pedibus
511 763 566 790 tuis
580 762 652 799 τοι
667 762 744 790 locus
763 763 848 799 enim,
857 763 886 790 in
899 770 955 798 quo
969 766 999 790 tu

213 812 279 841 stas,
297 813 370 836 terra
378 808 471 836 sancta
490 812 533 836 est
542 809 575 836 ".
591 818 600 834 ι
623 808 735 836 Solvere
757 816 876 844 namque
893 808 1000 836 calcea-

213 859 336 883 mentum
348 855 382 897 de
392 855 461 891 pede
479 855 559 891 iussit
577 855 688 891 Moysen
704 856 781 883 illum
797 863 941 883 sacrorum
955 856 999 883 in-

1047 258 1110 295 ὦδε,
1132 271 1141 287 1
1160 261 1252 298 φησίν,
1274 261 1433 296 Ἀπρόσιτον
1450 260 1504 296 γὰρ
1519 259 1563 287 διὰ
1575 259 1658 294 νόμον
1672 258 1702 285 τὸ
1718 256 1821 291 ἀγαθόν
1833 263 1843 272 ο

1050 308 1097 334 καὶ
1113 308 1161 343 τῆς
1174 308 1244 334 κατὰ
1262 307 1364 334 Μωσέα
1380 307 1518 338 πολιτείας
1534 306 1550 341 ἠ
1566 305 1681 339 δύναμις
1695 304 1745 338 οὐχ
1762 302 1842 337 ἱκανὴ

1048 353 1109 381 λίαν
1125 354 1164 386 είς
1183 362 1214 388 γε
1230 353 1260 380 τδ
1278 353 1455 388 ἀποκομίζειν
1469 352 1598 379 δύνασθαι
1618 350 1657 386 τῷ
1676 350 1747 385 Θεῷ.
1767 350 1842 384 Παρ-

1051 400 1141 436 ίστησι
1158 399 1187 426 δὲ
1206 398 1280 434 αὐτῷ
1300 399 1332 425 δι’
1352 398 1486 434 ἁγιασμοῦ
1504 396 1632 433 Χριστός.
1661 396 1769 430 ’Δγίους
1786 394 1842 430 γὰρ

1049 444 1120 473 εἶναι
1135 446 1235 482 πρέπει
1253 445 1317 477 τοὺς
1329 445 1375 480 τῷ
1393 444 1464 479 ἁγίῳ
1481 443 1541 479 Θεῷ
1555 443 1702 475 κολλᾶσθαι
1721 441 1842 468 σπονδά-

1051 491 1145 524 ζοντας
1158 499 1165 506 ·
1185 501 1195 517 ‹
1219 491 1311 526 Ἅγιοι
1328 490 1384 527 γὰρ
1399 489 1504 521 ἔσεσθε,
1525 488 1617 525 φησὶν.
1633 488 1674 515 δτι
1691 486 1748 521 ἐγὼ
1764 485 1843 520 ἅγιός

1051 538 1118 572 ειμι.
1132 546 1141 562 ι
1154 537 1215 563 ὀτι
1228 536 1255 563 δὲ
1271 536 1321 572 τῆς
1331 535 1492 569 κατὰνόμον
1504 533 1641 564 πολιτείας
1655 533 1672 559 ό
1683 532 1782 568 τρόπος
1793 531 1844 557 οὐκ

1050 581 1200 618 ἀμώμητος
1213 581 1352 613 παντελῶς
1363 601 1370 612 ,
1391 580 1472 611 εὐθὺς
1489 579 1617 612 ἐδίδαξεν,
1635 577 1736 605 εἰπών·
1757 587 1767 602 ι
1788 576 1844 603 Λύ-

1051 637 1096 655 σαι
1108 628 1138 654 τὺ
1153 628 1279 663 ὑπόδημα
1289 628 1322 654 ὲκ
1335 626 1390 653 τῶν
1403 626 1491 653 ποδῶν
1505 634 1552 652 σου
1564 633 1570 639 ·
1582 626 1597 651 ὀ
1609 624 1664 660 γὰρ
1674 624 1767 655 τόπος,
1779 624 1808 649 ὲν
1821 619 1844 656 ᾧ

1050 675 1085 701 σὺ
1099 674 1229 709 ἕστηκας,
1241 673 1276 708 γῆ
1296 673 1362 707 ἀγία
1378 672 1463 698 ἐστίν.
1481 681 1490 697 ν
1513 670 1653 698 ’Δπολύειν
1663 669 1718 704 γὰρ
1733 669 1763 695 τὸ
1777 668 1845 694 ὑπό-

1051 720 1125 756 δημα
1143 720 1310 755 προστέταχε
1330 718 1378 745 τοῦ
1392 718 1471 750 ποδὸς
1486 718 1530 745 τὸν
1548 717 1709 753 ἱεροφάντην
1728 715 1842 748 Μωσέα,

1051 766 1128 793 οὔπω
1147 766 1279 800 καθαρὰν,
1296 765 1356 792 οὐδὲ
1368 765 1422 792 τῶν
1433 765 1488 792 ἀπὸ
1504 764 1606 800 φθορᾶς
1621 764 1668 790 καὶ
1680 762 1844 798 νεκρότητος

1052 811 1140 848 ἔργων
1153 812 1268 839 είσάπαν
1281 811 1504 846 ἀπηλλαγμένην,
1520 811 1570 846 τῆς
1585 809 1655 837 κατά
1669 809 1752 843 νόμον
1768 807 1845 841 ζωῆς

1051 859 1102 895 τὴν
1121 858 1234 895 πορείαν
1252 858 1429 890 ἀποδεικνὺς,
1454 857 1508 884 ἀπὸ
1524 857 1552 884 δὲ
1573 856 1624 891 τῆς
1643 855 1709 891 παρ’
1727 853 1844 888 Ἕλλησι

213 901 372 929 stitutorum
381 901 568 937 interpretem,
589 901 737 929 ostendens
757 901 879 929 nondum
900 909 999 937 purum

1054 905 1197 941 συνηθείας
1218 906 1232 932 ὁ
1252 905 1322 936 θεῖος
1342 905 1409 940 ἡμῖν
1429 903 1586 930 ἐπαιδεύετο
1607 901 1727 937 Μωσῆς,
1743 901 1786 928 ὃτι
1805 900 1843 934 μὴ

212 955 282 980 esse,
295 955 385 983 neque
401 947 514 984 omnino
530 955 546 974 a
567 947 742 982 corruptione
752 967 759 979 ,
778 955 810 974 ac
826 952 999 975 mortuorum

212 1002 326 1030 operum
340 994 471 1030 qualitate
482 994 610 1027 liberum,
624 994 792 1026 vitat-illius,
807 1002 869 1029 qua:
891 1002 924 1022 ex
941 994 1000 1030 lege

213 1040 374 1073 ducebatur,
394 1040 529 1068 incessum
547 1049 553 1066 :
575 1039 602 1068 in
622 1047 678 1075 quo
688 1043 779 1068 autem
797 1040 921 1076 reliquiae
937 1048 1001 1068 cor-

212 1088 349 1124 ruptionis
360 1095 392 1115 ac
409 1087 585 1114 mortalitatis
601 1086 696 1120 insint,
718 1094 781 1114 eum
796 1087 873 1114 nefas
888 1094 949 1115 esse
964 1087 1000 1114 ad

213 1135 298 1162 Deum
313 1134 454 1167 accedere,
472 1134 499 1161 id
515 1142 531 1161 ιι
541 1135 683 1169 gentilium
713 1134 914 1162 consuetudine
929 1134 1000 1162 divi-

213 1189 265 1208 nus
289 1181 335 1209 ille
350 1180 455 1216 Moyses
473 1180 616 1208 didicerat.
638 1178 733 1216 Neque
756 1181 830 1208 enim
855 1181 873 1207 ii
897 1180 1000 1216 templa

213 1226 335 1259 adibant,
348 1226 432 1261 pedes
442 1226 530 1253 induti
542 1226 642 1254 ealceis
649 1227 866 1254 exanimatorum
874 1226 1000 1254 animan-

213 1272 283 1299 tium
304 1271 375 1307 pelle
393 1270 542 1304 conl'ectis;
559 1270 587 1297 id
608 1270 682 1298 enim
702 1278 798 1298 eorum
814 1271 1001 1306 legibusinter

213 1316 394 1344 immunditize
413 1323 514 1351 genera
528 1315 731 1343 recensebatur.
751 1316 833 1351 Atqui
845 1324 895 1344 nos
905 1324 1002 1344 amor-

213 1363 327 1395 talitate,
338 1362 634 1397 atque-corruptione,
652 1365 680 1389 et
691 1362 798 1389 caeteris
809 1370 870 1397 quae
884 1362 917 1390 ad
932 1363 1002 1390 hanc

1028 983 1038 988 κ
1050 951 1129 987 θέμις
1146 950 1265 985 ἐγγίζειν
1276 950 1346 985 Θεῷ,
1356 951 1402 977 τὸν
1413 950 1442 977 ἐν
1453 949 1588 984 λειψάνοις
1602 948 1666 976 bna
1679 946 1846 982 νεκρότητος

1050 997 1097 1024 καὶ
1113 996 1225 1032 φθορᾶς.
1245 997 1283 1023 οὐ
1298 996 1352 1032 γὰρ
1367 996 1481 1031 ἐφοίτων
1495 997 1523 1022 ἐν
1539 996 1620 1031 ίεροῖς
1633 994 1668 1020 τὰ
1681 994 1713 1020 ἐκ
1727 990 1846 1019 τεθνεὼ-
1862 1012 1864 1017 .

1049 1052 1103 1070 των
1122 1042 1200 1075 ζώων
1216 1043 1378 1078 ὑποδήματα
1395 1043 1452 1074 τοῖς
1473 1042 1551 1068 ποσὶν
1569 1040 1734 1076 ἐνδυόμενοι.
1753 1037 1846 1065 Μολυ-

1051 1088 1120 1124 σμοῦ
1137 1089 1166 1116 δὲ
1185 1088 1285 1124 τρόπος
1301 1089 1357 1120 τοῖς
1373 1088 1485 1115 ἐκείνων
1498 1087 1590 1123 νόμοις
1602 1087 1633 1113 τὸ
1644 1086 1740 1122 χρῆμα
1759 1084 1846 1119 ἐγρά-

1051 1143 1125 1168 φετο.
1145 1135 1317 1170 Νεκρότητος
1335 1134 1364 1161 δὲ
1381 1135 1428 1160 καὶ
1443 1133 1545 1170 φθορᾶς
1559 1133 1607 1160 καὶ
1627 1132 1680 1159 τῶν
1701 1132 1742 1163 είς
1763 1130 1847 1157 τοῦτο

1052 1180 1173 1215 ἡκόντων
1188 1180 1357 1217 ἀκαθαρσίας
1373 1179 1507 1207 ἀπέλυσεν
1523 1179 1596 1214 ἡμᾶς
1609 1178 1658 1213 οὐχ
1675 1179 1690 1204 ὁ
1705 1177 1789 1212 νόμος
1799 1195 1807 1208 ,
1821 1172 1846 1202 ὦ

1052 1227 1119 1259 τᾶν,
1133 1226 1192 1253 οὐδὲ
1206 1225 1302 1261 πορεία
1318 1226 1391 1262 ζωῆς
1411 1226 1461 1261 τῆς
1476 1225 1546 1252 κιτά
1558 1225 1589 1251 τὸ
1602 1224 1718 1261 γράμμα
1733 1222 1765 1249 τὸ
1777 1221 1846 1249 Μω-

1054 1273 1158 1305 σαῖκὺν,
1171 1273 1263 1305 πίστις
1273 1273 1301 1299 δὲ
1316 1273 1415 1308 μᾶλλον
1428 1273 1445 1307 ἡ
1458 1272 1487 1298 ὲν
1500 1271 1621 1307 Χριστῷ,
1636 1270 1684 1297 καὶ
1702 1269 1754 1304 τῆς
1765 1268 1847 1300 εὐαγ-

1053 1318 1165 1354 γελικῆς
1187 1319 1324 1350 πολιτείας
1348 1319 1365 1354 ὴ
1389 1317 1544 1353 τελειοτάτη
1567 1316 1712 1352 κάθαρσις.
1737 1314 1774 1341 Ἣ
1794 1312 1847 1339 οὐκ

1054 1364 1153 1401 ἀληθὲς
1170 1365 1184 1392 ὃ
1200 1374 1285 1401 φημις

214 1410 400 1445 impuritatem
432 1409 582 1445 pertinent,
604 1416 660 1436 non
687 1409 741 1441 lex,
763 1409 876 1442 Palladi,
898 1418 953 1438 non
972 1411 1035 1440 vitae
1053 1421 1116 1440 eum
1144 1413 1212 1449 legis
1240 1413 1364 1440 Mosaicae
1395 1412 1485 1439 littera
1519 1409 1696 1446 congruentis
1727 1407 1847 1442 vestigia

214 1456 416 1489 liberaverunt;
436 1455 484 1483 sed
503 1454 570 1488 ﬁdes
596 1454 763 1488 in-Christo,
781 1460 810 1502 et
837 1457 1000 1493 evangelicae
1018 1458 1080 1486 vitae
1089 1459 1288 1494 perfectissima
1297 1458 1433 1494 purgatio.
1453 1458 1531 1485 Anne
1540 1463 1636 1484 censes
1658 1461 1756 1482 verum
1783 1460 1846 1481 esse

215 1503 288 1539 quod
303 1502 364 1531 dico
375 1503 386 1529 τ

251 1551 350 1579 PALL.
368 1549 488 1584 Quidni?

249 1597 327 1626 ΟΥΕ.
341 1596 426 1632 igitur
443 1597 543 1625 calceis
559 1597 664 1632 positis,
680 1604 877 1627 'accurrentem
890 1600 957 1635 jam,
970 1607 1003 1629 ac

214 1643 328 1680 prepius
341 1642 517 1671 accedentem
531 1642 666 1670 allocutus
679 1643 808 1680 estDeus
822 1652 828 1670 :
847 1654 855 1669 ι
875 1644 931 1680 Ego
941 1653 1002 1673 sum

214 1690 287 1717 Deus
302 1689 388 1725 patris
409 1689 460 1722 tui,
475 1689 547 1716 Deus
566 1688 720 1722 Abraham,
737 1694 766 1717 et
782 1690 855 1718 Deus
872 1691 956 1724 lsaac,
974 1696 1002 1720 et

214 1735 287 1763 Deus
299 1734 393 1763 Jacob.
405 1734 517 1762 ~Avertit
536 1737 628 1762 autem
640 1734 745 1771 Moyses
761 1736 877 1768 vultum,
895 1737 1000 1772 inquit;

214 1781 362 1809 verebatur
376 1779 450 1808 enim
463 1784 559 1808 contra
570 1780 647 1808 illum
662 1781 785 1816 aspicere
800 1782 833 1809 ".
849 1792 857 1808 ι
876 1782 1002 1811 Exanimi

214 1834 332 1862 namque
351 1833 432 1853 sensu
448 1825 582 1861 deposito,
599 1834 630 1853 ac
642 1827 726 1854 veluti
743 1827 845 1854 mundo
860 1827 1002 1864 liberoque

214 1872 282 1908 pede
292 1880 340 1908 per
353 1872 745 1901 Christiana!.conversationis
766 1873 837 1900 viam
857 1874 1002 1902 ambulan-

214 1923 255 1945 tes
279 1917 559 1954 appropinquabimus
577 1917 649 1951 Deo,
670 1926 726 1945 non
752 1918 875 1947 locorum
903 1921 1000 1955 spatio,

213 1965 261 1993 sed
278 1964 421 1992 affectione
445 1964 598 2000 spirituali;
626 1965 730 1992 etenim
757 1973 800 1992 res
817 1965 900 2001 Moysi
919 1971 1001 2002 gestae

214 2011 306 2046 ﬁgura:
324 2014 402 2038 erant
419 2015 447 2038 et
466 2011 579 2038 umbrae.
601 2010 640 2038 ita
662 2010 772 2038 demum
794 2019 907 2040 summa:
929 2011 1002 2040 illius

214 2057 449 2089 doctrinzeverba
465 2057 647 2090 lucrabimur,
672 2063 700 2085 et
726 2057 773 2085 Dei
801 2058 944 2086 scientiam
971 2059 1000 2086 in

215 2104 293 2131 nobis
306 2103 373 2139 ipsis
386 2103 557 2139 colligemus,
578 2102 659 2130 Patre
679 2102 810 2131 nimirum
838 2103 1001 2132 ostendente

213 2156 242 2178 se
266 2149 347 2178 nobis
365 2149 396 2177 in
415 2149 484 2177 Filio
510 2158 521 2175 ι
537 2147 694 2176 videbimus
714 2149 788 2176 enim
814 2149 902 2183 illum,
921 2150 1000 2186 longe

215 2187 390 2229 pneslantius
402 2201 484 2229 quam
499 2193 629 2229 antiquus
640 2194 688 2225 ille.
696 2194 823 2230 populus,
833 2199 864 2222 ut
879 2195 906 2222 in
915 2195 999 2232 Moysi

214 2228 329 2276 persona
349 2228 418 2267 vidit
434 2239 477 2267 :is
495 2239 569 2267 enim
577 2239 682 2267 vultum
695 2228 794 2268 avertit
807 2245 903 2275 suam;
922 2228 1000 2270 vere-
1018 2228 1039 2256 θ

215 2288 295 2315 batur
313 2287 385 2314 enim
403 2287 524 2322 aspicere
547 2290 642 2314 contra
664 2287 819 2315 Dominum.
843 2287 903 2321 Quo
929 2288 1002 2316 facto

214 2332 382 2368 signiﬁcatur
398 2332 499 2361 mentis
513 2340 610 2360 eorum
629 2332 783 2366 inﬁrmitas,
793 2334 840 2369 qui
854 2334 906 2362 sub
919 2334 1002 2362 disci-

215 2379 289 2414 plina
304 2377 371 2414 legis
381 2378 607 2411 instituebantur,
618 2385 678 2414 qua:
692 2379 893 2414 quodammodo
912 2380 1000 2415 respi—

215 2432 277 2452 cere
286 2424 373 2452 Deum
389 2431 444 2452 non
454 2429 557 2460 posset,
568 2433 656 2460 neque
672 2425 746 2453 illius
761 2426 862 2453 intueri
870 2426 995 2461 gloriam,

213 2471 298 2506 juxta
307 2469 384 2502 illud,
397 2470 471 2505 quod
483 2470 511 2498 in
520 2470 634 2499 Psalmis
642 2472 767 2499 canitur:
786 2482 794 2497 ι
806 2471 995 2500 Obscurentur

214 2516 288 2544 oculi
310 2523 417 2548 eorum,
440 2524 474 2544 ne
495 2516 606 2544 videant
625 2519 647 2534 "
670 2527 676 2544 :
698 2527 707 2544 ›
727 2523 754 2558 et
769 2518 846 2550 illud,
868 2518 941 2552 quod
955 2523 998 2546 est

215 2562 287 2597 apud
304 2562 467 2599 prophetam
480 2571 486 2589 :
501 2571 510 2588 ι
521 2563 591 2591 Ecce
603 2563 720 2598 populus
735 2563 835 2591 stultus
844 2567 871 2590 et
883 2571 996 2591 excors:

214 2608 287 2636 oculi
302 2613 365 2637 sunt
384 2609 434 2640 eis,
453 2613 481 2636 et
493 2615 548 2637 non
566 2609 660 2637 vident
672 2611 691 2637 '.
709 2619 719 2635 ι
734 2610 789 2637 Nos
808 2617 885 2639 vero,
902 2609 948 2644 qui
964 2609 998 2636 ad

216 2653 361 2682 ineﬂ‘abilis
382 2654 455 2682 illius
482 2660 588 2684 naturae
611 2655 730 2683 rationes
747 2662 833 2690 puros
859 2654 998 2681 illumina-

215 2704 310 2735 tosque
326 2700 427 2728 mentis
443 2700 537 2729 oculos
552 2701 694 2736 adjicimus
704 2720 712 2733 ,
734 2701 907 2736 conspicuam
925 2700 998 2728 illam

214 2744 243 2772 in
258 2744 337 2779 Filio,
357 2746 406 2774 Dei
423 2750 451 2773 et
468 2746 557 2774 Patris
577 2746 691 2773 ferulam
715 2747 939 2782 contemplemur.
960 2747 998 2774 Ac

215 2789 315 2819 ludmis
326 2791 438 2826 quidem
450 2791 497 2828 qui
512 2791 619 2819 Patrem
632 2799 660 2818 se
681 2792 781 2820 vidisse
796 2792 996 2824 existimarent,

1014 1558 1036 1588 α
1088 1553 1265 1586 ΠΑΛΛ.Πῶς
1280 1553 1333 1590 γὰρ
1349 1553 1396 1586 οὖς

1079 1601 1171 1629 ‘KTP.
1186 1599 1403 1627 Ἀπολύσαντιιδὲ
1414 1599 1445 1626 τὸ
1456 1597 1580 1634 ὑπόδημα
1589 1596 1637 1624 τοῦ
1649 1595 1740 1629 ποδδς,
1753 1604 1845 1632 προσ-

1053 1647 1140 1675 θέοντι
1159 1647 1190 1682 γέ
1202 1655 1232 1674 τε
1242 1646 1346 1679 λοιπὸν,
1369 1645 1416 1672 καὶ
1429 1644 1515 1680 ἀγχοῦ
1529 1643 1660 1678 γεγονότι,
1671 1641 1846 1678 προσεφώνει

1052 1694 1134 1726 Θεός·
1161 1703 1170 1720 ι
1191 1693 1262 1727 Ἐγώ
1292 1694 1349 1728 είμι
1371 1692 1386 1718 ὸ
1412 1691 1476 1721 Θεὸς
1500 1690 1548 1718 τοῦ
1572 1689 1674 1725 πατρός
1697 1697 1754 1721 σου,
1776 1687 1847 1719 Θεὸς

1059 1739 1202 1774 Ἀϐραὰμ,
1226 1739 1273 1765 καὶ
1288 1737 1354 1769 Θεὸς
1376 1737 1478 1768 Ἰσαὰκ,
1495 1736 1542 1763 καὶ
1559 1735 1625 1767 Θεὸς
1647 1734 1757 1762 Ἰακώϐ.
1782 1734 1847 1760 Ἀπ-

1054 1785 1168 1820 ἐστρεψε
1180 1785 1208 1811 δὲ
1221 1784 1322 1819 Μωσῆς
1333 1783 1363 1810 τδ
1377 1783 1523 1818 πρόσωπον
1535 1781 1630 1813 αὑτοῦ,
1643 1781 1723 1816 φησίν
1734 1789 1740 1795 ·
1755 1780 1845 1815 173).:-

1053 1831 1125 1858 ϐεττυ
1143 1831 1197 1867 γὰρ
1211 1829 1396 1865 κατεμὸλέψαι
1411 1827 1524 1856 ἐνώπιον
1540 1827 1587 1854 τοῦ
1599 1827 1676 1854 Θεοῦ.
1696 1836 1705 1852 ι
1727 1826 1844 1853 Ἀποθὲ-

1052 1886 1128 1913 pavet
1141 1877 1195 1913 γὰρ
1212 1876 1337 1912 φρόνημα
1351 1874 1382 1901 τὸ
1400 1874 1505 1909 νεκρὸν,
1521 1874 1567 1900 καὶ
1585 1873 1666 1900 οίονεὶ
1681 1872 1798 1907 καθαρῷ,
1812 1880 1843 1898 τι

1052 1924 1098 1950 καὶ
1116 1922 1249 1957 ἐλευθέρῳ
1263 1921 1321 1948 ποδὶ
1334 1921 1383 1956 τῆς
1396 1921 1424 1947 ὲν
1439 1919 1550 1955 Χριστῷ
1569 1918 1705 1950 πολιτείας
1719 1918 1843 1944 διαστεί-

1051 1977 1143 2004 χοντες
1156 1969 1205 2004 τὴν
1220 1968 1278 1994 ὁδὸν
1291 1987 1298 2000 ,
1314 1966 1430 2001 ἐσόμεθα
1449 1965 1498 2001 μὲν
1517 1965 1601 2000 ἀγχοῦ
1618 1963 1657 2000 τῷ
1678 1963 1749 1999 Θεῷ,
1769 1964 1843 1990 κατὰ

1052 2015 1145 2050 σχέσιν
1163 2014 1192 2041 δὲ
1208 2013 1326 2049 δηλονότι
1340 2012 1389 2048 τὴν
1409 2011 1595 2046 πνευματικὴν
1607 2031 1613 2043 ,
1630 2010 1676 2037 καὶ
1691 2010 1751 2045 οὐχὶ
1769 2011 1843 2036 κατὰ

1070 2070 1081 2088 ε
1097 2062 1146 2098 τὴν
1158 2061 1186 2087 ὲν
1199 2061 1274 2095 τόπῳ
1286 2059 1436 2086 διάστασιν.
1447 2058 1533 2084 Τύποι
1545 2057 1599 2091 γὰρ
1611 2058 1701 2083 ἐκεῖνα
1712 2057 1760 2082 καὶ
1775 2056 1842 2082 σκιὰ

1051 2102 1084 2134 ’ἑὰ
1099 2107 1231 2138 Μωσέως,
1248 2105 1319 2132 οὓτω
1333 2113 1362 2131 τε
1380 2104 1472 2131 λοιπὸν
1489 2104 1552 2134 τοὺς
1567 2102 1631 2138 περὶ
1644 2102 1694 2137 τῆς
1710 2102 1766 2129 ἄνω
1788 2110 1842 2137 μυ-

1052 2154 1204 2188 σταγωγίας
1231 2151 1488 2186 καταπλουτήσομεν
1511 2150 1620 2184 λόγους,
1649 2148 1695 2175 καὶ
1719 2148 1768 2183 τὴν
1794 2148 1841 2175 τοῦ

1051 2199 1119 2227 Θεοῦ
1134 2199 1233 2233 γνῶσιν
1249 2199 1277 2224 ἑν
1290 2198 1395 2229 ἑαυτοῖς
1411 2195 1582 2231 συλλέξομεν,
1600 2194 1695 2222 ἑαυτὸν
1707 2195 1774 2229 ἡμῖν
1791 2193 1842 2229 ἒμ-

1053 2244 1209 2280 φανίζοντος
1219 2245 1246 2270 ὲν
1262 2243 1319 2278 Υίῷ
1333 2242 1381 2269 τοῦ
1398 2241 1513 2277 Πατρός.
1534 2240 1668 2276 Ὀψόμεθα
1679 2240 1733 2275 γάρ
1746 2239 1849 2272 αὐτὸν,’

1052 2291 1100 2318 καὶ
1111 2290 1282 2326 ἀσυγκρίτως
1293 2290 1413 2324 ἄμεινον,
1426 2288 1443 2323 ἢ
1458 2289 1472 2314 ὁ
1482 2287 1566 2315 πάλαι
1577 2287 1650 2319 λαὸς,
1658 2287 1695 2318 ὡς
1710 2287 1738 2313 ὲν
1753 2294 1841 2320 προσε

1052 2336 1119 2371 ὡπῳ
1138 2335 1269 2366 Μωσέως.
1290 2335 1320 2361 '0
1334 2334 1385 2370 μὲν
1410 2333 1464 2368 γὰρ
1479 2332 1632 2368 ἀπέστρεψε
1649 2331 1679 2358 τδ
1693 2331 1842 2367 πρόσωπον

1051 2381 1144 2409 αὑτοῦ·
1156 2380 1301 2416 ηὒλαΰεῖτο
1311 2380 1366 2416 γὰρ
1379 2378 1564 2414 κατεμσλέψαι
1572 2377 1686 2404 ἐνώπιον
1699 2377 1748 2404 τοῦ
1759 2377 1840 2404 Θεοῦ-

1051 2429 1089 2455 Δι’
1099 2425 1130 2454 οὗ
1145 2426 1306 2462 σημαίνεται
1320 2425 1375 2452 τῶν
1389 2427 1418 2452 ὲν
1430 2425 1505 2461 νόμῳ
1521 2422 1799 2459 παιδαγωγουμένων,
1811 2422 1842 2457 sb

1050 2475 1101 2509 τῆς
1118 2474 1238 2505 διανοίας
1253 2472 1374 2504 ἀσθενὲς,
1392 2472 1443 2498 οὐκ
1460 2470 1646 2507 ἀναμενούσης
1662 2469 1763 2506 τρόπον
1779 2468 1841 2496 τινὰ

1052 2519 1120 2554 πρὸς
1136 2518 1202 2545 Θεὸν
1212 2537 1219 2548 ,
1238 2516 1299 2543 οὔτε
1315 2516 1369 2552 μὴν
1388 2516 1447 2548 οἶας
1462 2524 1491 2542 τε
1507 2516 1570 2542 ίδεῖν
1582 2515 1632 2550 τὴν
1651 2513 1731 2546 δόξαν
1744 2513 1839 2548 αὑτοῦ,

1053 2565 1125 2593 κατά
1139 2573 1171 2598 γε
1182 2563 1212 2590 τὸ
1225 2564 1253 2590 ἐν
1264 2562 1388 2598 Ψαλμοῖς
1402 2562 1580 2597 ὑμνούμενον·
1593 2570 1603 2586 ι
1614 2559 1841 2595 Σκοτισθήτωσαν

1051 2611 1075 2638 οξ
1088 2610 1221 2644 όιςθαλμοὶ
1232 2608 1321 2636 αὐτῶν
1331 2608 1378 2634 τοῦ
1393 2608 1430 2643 μὴ
1439 2603 1560 2645 βλέπειν,
1578 2617 1587 2632 ι
1602 2607 1684 2642 ἤγουν
1698 2607 1797 2638 ἐκεῖνο,
1813 2606 1843 2633 τὸ

1056 2665 1064 2682 ι
1082 2655 1145 2682 Ἰδοὺ
1155 2654 1223 2686 λαὸς
1231 2653 1321 2689 μωρὸς
1332 2653 1378 2680 καὶ
1391 2652 1528 2688 ἀκάρδιος·
1538 2651 1672 2688 ὀφθαλμοὶ
1681 2651 1784 2685 αὐτοῖς,
1796 2651 1842 2678 καὶ

1024 2716 1029 2721 -
1051 2701 1081 2728 οὐ
1094 2700 1245 2736 βλέπουσιν.
1265 2709 1273 2724 ι
1297 2699 1392 2734 Ἡμεῖς
1404 2698 1432 2725 δὲ
1448 2700 1504 2730 τοῖς
1519 2698 1582 2733 περὶ
1595 2698 1644 2734 τῆς
1657 2698 1778 2733 ἀρρήτου
1792 2696 1841 2732 φύ-

1052 2755 1120 2778 σεως
1133 2745 1290 2782 προσιέντες
1303 2744 1402 2779 λόγοις,
1416 2743 1545 2779 καθαροῖς
1562 2743 1610 2769 καὶ
1624 2742 1840 2778 πεφωτισμένοις

1051 2792 1182 2827 ὄμμασιν,
1199 2791 1229 2818 ἐν
1243 2790 1301 2826 Υίῷ
1315 2789 1464 2825 διαπρέπον
1478 2789 1508 2816 to
1522 2789 1569 2816 τοῦ
1589 2787 1656 2815 Θεοῦ
1673 2788 1720 2814 καὶ
1733 2788 1840 2823 Πατρὶς

248 2847 272 2861 “
287 2846 368 2872 Hebr.
385 2853 412 2876 ιι,
428 2845 468 2880 4.,
494 2846 517 2861 ’⁵
535 2846 619 2872 Exod.
638 2854 675 2877 lli,
694 2847 718 2873 5.
758 2848 780 2864 "
795 2847 881 2876 Levii.
903 2855 932 2880 ιι,
952 2848 977 2871 £-

1065 2846 1150 2873 Exod.
1170 2855 1207 2878 ιιι,
1223 2847 1247 2873 5.
1288 2845 1311 2861 ’³
1336 2845 1392 2871 bid.
1424 2852 1464 2876 ιιι,
1495 2845 1521 2872 6.
1559 2843 1761 2872 "Psal.uvm
1792 2842 1835 2872 94.

251 2881 259 2896 ¹
277 2881 376 2908 Jerem.
392 2888 418 2913 v,
439 2878 484 2906 2|.
