1924 3043
84 192 134 220 237

462 195 504 222 DE
522 194 745 224 ADORATIONE
766 196 800 224 ΙΝ
819 196 956 225 SPIRITU
977 197 1020 225 ΕΤ
1040 198 1224 228 VERITATE.
1246 201 1310 228 LIB.
1336 201 1368 228 11.

1665 203 1719 232 258

83 249 280 285 καταθεώμεθα
299 251 409 284 κάλλος.
436 253 489 279 Καὶ
512 254 645 289 οίομένοις
667 254 715 290 μὲν
738 250 872 287 Ἰουδαίοις

927 256 1063 291 sapienter
1071 258 1251 286 estaChristo
1260 259 1362 286 dictum
1375 269 1382 286 :
1397 258 1450 295 65
1468 269 1477 286 ι
1496 259 1589 295 Neque
1599 260 1718 295 speciem

82 297 118 323 ὅτι
134 295 279 323 τεθέανται
292 297 340 324 τὸν
357 298 476 334 Πατέρα,
495 299 585 334 σοφῶς
597 300 705 335 ἐλέγετο
719 301 794 337 παρὰ
808 302 874 337 Χρι-

81 342 126 369 τοῦ
135 351 141 356 ·
156 351 165 368 ι
180 341 252 368 οὔτε
270 341 342 375 εἶδος
354 344 436 371 αὑτοῦ
450 345 600 380 ἑωράκατε,
614 346 674 373 οὔτε
687 346 777 382 φωνὴν
792 347 873 374 αὑτοῦ

81 385 226 420 ἀκηκόατε.
243 396 253 412 ι
271 387 498 416 Φιλοπευστοῦντι
512 389 539 416 δὲ
554 389 592 425 τῷ
607 390 732 426 Φιλίππῳ
746 391 816 424 λίαν,
829 392 875 418 καὶ

82 432 235 468 παχύτερον
252 433 303 468 μὲν
321 433 337 469 ἢ
356 434 448 469 ἐχρῆν,
463 435 495 461 ὲκ
511 436 687 471 φιλομαθείας
704 436 725 463 δ’
740 435 786 464 οὖν
801 437 874 472 ὅμως

80 479 204 514 ἐρομένῳ
224 479 274 505 καὶ
295 479 417 514 λέγοντι’
434 490 442 506 ι
461 480 564 516 Κύριε,
582 482 667 514 δεῖξον
678 484 742 519 ἡμῖν
755 484 802 510 τὸν
819 483 875 510 Πα-

79 523 158 558 τέρα,
174 524 222 551 καὶ
237 524 321 560 ἀρκεῖ
338 526 412 561 ἡμῖν,
431 535 440 551 ι
457 526 623 563 ἀπεκρίνατο
638 529 764 564 Χριστός*
780 539 789 555 ι
806 530 875 556 Τοσ-

79 569 157 596 οὖτον
179 570 276 605 χρόνον
303 571 362 606 μεθ’
380 571 454 611 ὑμῶν
469 573 536 608 εἰμι,
556 574 603 600 καὶ
623 574 672 601 οὐκ
687 574 810 609 ἔγνωκάς
828 584 874 611 με,

80 614 198 642 Φίλιππε
211 625 218 648 ς
241 616 270 643 ’0
289 610 419 652 ἑωρακὼς
438 619 498 654 ἐμὲ,
516 619 621 655 ἑώρακε
636 620 681 647 τὸν
697 621 817 656 Πατέρα.
832 610 875 648 7οὑ

82 660 223 693 πιστεύεις
237 661 278 688 ὃτι
292 661 348 696 ἐγὼ
361 663 390 689 ὲν
406 663 445 699 τῷ
459 664 555 701 lla-cpt,
572 666 618 692 καὶ
634 667 648 692 ὁ
662 666 755 702 Πατὴρ
770 667 798 693 ἐν
814 666 875 702 ἐμοί

81 706 173 738 lmv;
184 716 195 732 ν
213 706 275 733 '01:
291 707 320 734 δέ
336 709 409 735 ἐστιν
424 709 473 736 οὐκ
487 710 616 746 εὐσθενὴς
630 712 715 746 ἄγαν,
735 712 796 739 οὔτε
824 716 876 748 μὴν

81 751 162 787 ἱκανὴ
179 752 249 787 πρὸς
270 752 338 779 Θεοῦ
364 754 517 787 κατάδειξιν
531 755 632 793 ἀκριῦῆ
648 758 695 784 καὶ
716 757 876 794 ἀμώμητον,

80 797 98 832 ἡ
111 797 157 824 διὰ
173 798 224 833 τῆς
239 798 311 825 κατὰ
323 799 405 834 νόμον
417 800 527 836 ιντολῆς
544 801 644 837 Θεωρία
663 811 694 829 τε
708 804 755 830 καὶ
768 804 878 832 παίδευ-

81 850 135 874 σις,
158 843 198 874 ὡς
211 844 240 870 ὲν
254 845 319 880 σκιᾷ
331 845 380 872 καὶ
395 846 536 881 αίνίγματι
554 848 599 874 καὶ
609 848 653 875 διὰ
667 850 726 876 ταῖν
744 849 815 878 δυοῖν
830 850 876 877 τοῦ

81 888 175 915 Λάόαν
190 888 314 925 ὀψόμεθα
337 890 506 927 θυγατέροιν.
527 892 682 929 Γέγραπται
696 894 760 931 γὰρ,
775 895 815 922 ὅτι
832 895 878 931 Τῷ

81 935 109 962 δὲ
129 935 227 963 Λάὸαν
258 934 329 972 ἦσαν
353 937 402 964 δύο
423 937 589 975 θυγατέρες,
612 940 697 976 ὄνομα
717 942 751 977 τῇ
776 942 876 976 μείζονι

82 981 168 1014 Λεία,
184 983 232 1009 καὶ
246 982 331 1019 ὄνομα
344 984 377 1019 τῇ
399 984 481 1020 ἑτέρᾳ
507 984 619 1020 Ῥαχήλ.
643 987 674 1012 0i
694 985 877 1024 δὲ’ὀφθαλμοὶ

82 1027 164 1060 Λείας
174 1028 311 1062 ἀσθενεῖς,
329 1029 428 1065 Ῥαχὴλ
438 1030 466 1056 δὲ
476 1027 510 1066 ἦν
520 1030 590 1066 καλὴ
603 1031 641 1066 τῷ
652 1031 716 1058 εῖδει
730 1033 776 1060 καὶ
789 1032 877 1069 ὡραία

81 1075 114 1110 τῇ
136 1075 199 1109 ὄψει
223 1075 345 1111 σφόδρα*
363 1076 409 1103 καὶ
433 1077 595 1112 προσέκειτο
616 1078 665 1113 μὲν
690 1080 723 1115 τῇ
745 1079 845 1116 Ῥαχὴλ
863 1081 877 1107 ό

82 1120 258 1156 πατριάρχης
275 1121 384 1154 Ἰακὼϐ,
396 1123 515 1158 ἠγάγετο
524 1123 553 1150 δὲ
563 1124 616 1160 πρὸ
627 1124 712 1160 αὐτῆς
722 1127 771 1162 τὴν
784 1126 875 1154 Λείαν.

82 1166 284 1202 Μετοιχομένου
300 1168 333 1203 δὴ
349 1165 396 1196 οὖν
418 1170 458 1201 είς
473 1170 504 1196 τὸ
528 1170 628 1206 ἀληθὲς
652 1170 698 1197 τοῦ
720 1171 822 1206 τύπου,
848 1172 877 1199 τὸ

82 1213 203 1248 Χριστοῦ
221 1214 335 1249 κατόψει
356 1216 515 1251 μυστήριον.
532 1216 584 1244 Δύο
606 1217 660 1253 γάρ
675 1218 744 1245 εἰσιν
759 1219 786 1244 αί
810 1219 877 1254 πρὸς

83 1259 238 1295 οἰκειότητα
253 1260 418 1296 κεκλημέναι
441 1261 490 1297 τὴν
504 1263 689 1299 πνευματικὴν
707 1264 877 1299 ἡρμοσμέναι

83 1312 112 1330 τε
129 1304 206 1339 αὐτῷ
221 1307 366 1338 γυναῖκες·
385 1307 558 1343 πρεσϐυτέρα
582 1307 642 1343 μὲν,
658 1309 676 1345 ἠ
702 1309 812 1344 πρώτη,
831 1310 877 1337 καὶ

83 1349 126 1376 διὰ
142 1349 267 1382 Μωσέως
286 1351 322 1382 ὡς
338 1351 367 1377 ὲν
383 1351 519 1387 προσώπῳ
536 1352 584 1388 τῆς
605 1353 736 1380 Ἰουδαίων
755 1363 878 1390 συναγωο

83 1397 142 1430 γῆς,
168 1396 239 1431 πρὸς
252 1397 285 1432 ἢν
302 1397 410 1433 εἴρηται
427 1398 502 1432 παρὰ
521 1397 587 1424 Θεοῦ
605 1398 647 1425 διὰ
661 1399 751 1434 φωνῆς
768 1408 876 1437 προφη-

82 1440 146 1467 τῶν·
165 1450 176 1467 ι
200 1441 267 1468 Ἰδοὺ
279 1442 329 1469 οὐκ
338 1443 408 1469 εἰσὶν
420 1443 444 1469 οἱ
456 1443 588 1479 ὀφθαλμοί
604 1453 661 1478 σου,
677 1445 735 1473 οὐδὲ
748 1447 763 1482 ἡ
779 1447 877 1482 καρδία

84 1484 229 1523 σου”καλὴ.
247 1487 306 1514 ἀλλ’
322 1487 339 1524 ἢ
355 1489 395 1520 εἰς
413 1489 460 1525 τὴν
479 1489 634 1522 πλεονεξῖαν
654 1499 701 1518 σου
721 1493 768 1519 καὶ
788 1493 828 1524 εἰς
842 1493 878 1520 τὰ

83 1533 243 1568 ἀδικήματα
257 1542 304 1560 σου
315 1556 321 1568 ,
339 1535 386 1562 καὶ
400 1536 440 1568 εἰς
458 1536 537 1571 φόνον
551 1536 598 1563 τοῦ
614 1538 710 1564 ποιεῖν.
730 1547 739 1564 ι
757 1539 877 1575 Δευτέρα

82 1579 110 1606 δὲ
122 1577 157 1614 ἦν
172 1580 190 1615 ἡ
214 1581 306 1613 νεᾶνις
321 1581 368 1608 καὶ
387 1582 602 1618 ἑκπρεπεστέρα,
626 1583 697 1610 τοῦτ¹
711 1584 794 1616 ἐστιν,
815 1586 832 1621 ἠ
848 1585 877 1618 ἐξ

82 1625 168 1652 ὲθνῶν
185 1626 343 1662 Ἐκκλησία,
355 1627 467 1663 πρὸςῆν
477 1629 491 1655 ὁ
502 1628 573 1661 θεῖος
585 1628 635 1665 ἔφή
647 1630 737 1656 Δαϐίδ”
754 1640 763 1655 ‹
780 1631 876 1657 ’Λκου-

83 1678 138 1703 σον,
154 1671 288 1708 θύγατερ,
300 1673 347 1699 καὶ
359 1671 407 1706 ῐδε,
419 1673 465 1700 καὶ
479 1674 566 1701 κλῖνον
578 1675 609 1701 τδ
623 1673 669 1707 οὖς
680 1684 737 1707 σου,
753 1676 800 1703 καὶ
814 1677 874 1703 ἐπι-

83 1717 164 1744 λάθου
179 1717 229 1744 τοῦ
249 1718 313 1745 λαοῦ
331 1727 389 1752 σου,
405 1720 451 1746 καὶ
466 1720 514 1746 τοῦ
535 1720 610 1748 οἴκου
624 1721 671 1748 τοῦ
693 1722 795 1758 πατρὸς
809 1729 854 1750 σου
868 1731 874 1738 ·

82 1764 122 1790 ὅτι
136 1764 314 1799 ἐπεθύμησεν
328 1764 342 1790 ὸ
362 1765 494 1798 Βασιλεὺς
503 1766 551 1793 τοῦ
565 1766 680 1799 κάλλους
696 1776 753 1796 σου.
771 1778 781 1795 ›
797 1769 876 1806 Εἴρη-

82 1817 126 1836 ται
146 1810 176 1836 δέ
194 1818 247 1837 που
278 1811 346 1847 πρὸς
365 1811 449 1848 αὐτὴν
469 1813 517 1839 καὶ
535 1813 575 1846 τὺ,
597 1823 606 1839 ι
627 1814 658 1842 οξ
677 1814 809 1850 ὀφθαλμοί
829 1814 875 1843 σου

83 1857 260 1892 περιστερᾶς.
287 1866 297 1883 ›
321 1857 423 1894 Νοητὸν
447 1857 476 1885 δὲ
497 1859 532 1895 δή
542 1868 599 1887 που
619 1861 666 1888 καὶ
689 1860 875 1897 ὑπερκὸσμιον

84 1901 193 1936 ἀληθῶς
210 1903 261 1937 τῆς
282 1902 443 1938 Ἐκκλησίας
460 1903 491 1931 τὸ
509 1904 615 1938 κάλλος.
636 1906 791 1942 Γέγραπται
808 1907 872 1942 γὰρ,

84 1947 123 1973 ὃτι
140 1956 149 1972 ι
165 1947 245 1974 Πᾶσα
256 1948 272 1983 ἡ
283 1947 346 1981 δόξα
357 1949 406 1984 τῆς
424 1949 560 1987 θυγατρὸς
573 1950 620 1978 τοῦ
638 1952 779 1987 βασιλέως,
800 1953 876 1980 Ἐσεο

83 1993 148 2019 σῶν.
165 2003 174 2019 ι
187 1993 226 2020 Τὸ
234 1993 273 2027 δὲ,
292 1994 419 2027 Ἐσεόὼν,
435 1995 535 2024 ἔσωθέν
553 1998 627 2024 ἔστιν
644 1998 778 2034 Ἐὁραίων
788 2001 872 2035 φωνῇ·

85 2038 212 2074 σώματος
229 2040 277 2075 μὲν
289 2040 343 2075 γὰρ
359 2041 508 2077 ὀφθαλμοῖς
526 2042 575 2078 οὐχ
590 2043 738 2079 ἁλώσιμον,
753 2044 874 2081 καθαροῦ

84 2084 112 2110 δὲ
127 2084 174 2111 νοῦ
192 2086 357 2120 προσϐολαῖς
371 2087 546 2116 εὐκάτοπτον.
560 2089 595 2116 Ἦ
608 2089 657 2125 οὗχ
671 2087 723 2117 ὧδε
743 2090 816 2126 ἔχεις

90 2157 92 2159 _
119 2130 224 2157 ΠΛΛΛ.
239 2131 313 2158 Πάνυ
332 2132 382 2168 μὲν
395 2130 452 2160 οὖν.
500 2134 503 2135 ⁷

84 2191 89 2198 ι
119 2176 200 2203 ΚΥΡ.
220 2177 325 2204 Οὐκοῦν
338 2178 368 2205 οὺ
384 2179 429 2206 διὰ
442 2179 493 2215 τῆς
509 2179 580 2208 κατὰ
591 2180 672 2216 νόμον
686 2181 874 2217 παιδαγωγίας

84 2221 188 2248 κατίδοι
207 2230 247 2253 τις
270 2222 302 2249 ἂν
323 2223 354 2250 τὸ
368 2223 438 2250 θεῖόν
454 2233 484 2251 τε
504 2225 552 2251 καλ⁸
570 2225 708 2262 ἀκήρατον
723 2227 829 2260 κάλλος,
844 2228 873 2254 ἐν

83 2267 193 2302 Χριστῷ
209 2267 237 2294 δὲ
256 2268 355 2302 μᾶλλον
369 2271 415 2296 καὶ
428 2271 484 2302 τοῖς
497 2270 530 2297 δι’
543 2271 626 2298 αὑτοῦ
642 2272 833 2308 παιδεύμασιν.

118 2355 232 2382 ΠΔΛΛ..
244 2355 366 2391 ’Λληθέᾳ

117 2401 202 2431 ΚΥΡ.
226 2401 329 2434 Ἱκανὸς
341 2402 369 2429 δὲ
382 2403 450 2438 πρὸς
464 2403 612 2440 λύτρωσιν,
629 2401 651 2431 ὧ
669 2405 810 2436 Παλλάδιε,
826 2406 873 2433 καὶ

83 2445 152 2480 πρός
172 2454 206 2480 γε
226 2447 257 2473 τὸ
280 2447 410 2475 δύνασθαι
430 2449 520 2485 χειρός
538 2458 569 2476 τε
589 2450 636 2477 καὶ
657 2451 811 2486 τυραννίδος
829 2451 869 2484 ἐξ·

82 2491 192 2519 ελέσθαι
203 2492 368 2529 διαὸολικῆς,
381 2495 440 2529 οὐχὶ.
454 2495 566 2531 Μωσῆς,
581 2495 597 2531 ἢ
610 2495 702 2531 νόμος,
714 2496 770 2522 ἀλλ’
783 2498 797 2523 6
808 2497 873 2524 Μω-

83 2538 151 2570 σέως
170 2538 325 2573 Δεσπότης,
341 2539 411 2567 τοῦτ’
424 2540 481 2567 ἔστι
499 2541 614 2576 Χριστὸς
626 2562 632 2573 ,
653 2541 699 2567 καὶ
722 2542 870 2578 μυστηρίου

83 2583 129 2610 τοῦ
147 2585 210 2610 κατ’
227 2585 307 2612 αὑτὸν
321 2586 339 2620 ἡ
352 2585 478 2621 δύναμις.
495 2587 550 2613 Καὶ
567 2586 632 2621 γοῦν
646 2587 714 2613 Θεοῦ
736 2587 870 2621 λέγοντοςν

85 2638 94 2654 ε
115 2628 191 2656 Ἰδὼν
204 2628 274 2657 εἶδον
284 2630 334 2666 τὴν
345 2631 467 2658 κάκωσιν
479 2632 526 2658 τοῦ
541 2631 606 2658 λαοῦ
625 2641 675 2668 μου
689 2634 718 2659 ὲν
731 2633 872 2668 Αἰγύπτῳ,

83 2674 130 2701 καὶ
147 2676 198 2710 τῆς
217 2676 343 2711 κραυγῆς
365 2676 455 2703 αὐτῶν
477 2677 584 2712 ἀκήκοα
605 2677 658 2705 ἀπὸ
673 2679 728 2704 τῶν
747 2678 875 2714 ἑργοδιω-

83 2719 156 2746 κτῶν
166 2728 172 2734 ·
185 2717 244 2747 οἶδα
256 2720 311 2756 γὰρ
323 2720 420 2757 ὀδύνην
430 2722 529 2755 αὐτῶν,
541 2724 585 2750 καὶ
600 2724 719 2759 κατέῦην
734 2723 874 2756 ἐξελέσθαι

84 2765 181 2797 αὐτοὺς
196 2767 230 2793 ὲκ
247 2766 338 2802 χειρὸς
351 2767 406 2794 τῶν
425 2768 597 2802 Αἰγυπτίων,
612 2769 757 2804 ἐξαγαγεῖν
776 2770 874 2801 αὐτοὺς

69 2811 114 2853 ιὲκ
127 2811 176 2846 τῆς
193 2812 245 2846 γῆς
262 2812 372 2848 ἐκείνης
388 2813 428 2844 εἰς
445 2815 496 2849 γῆν
511 2814 616 2850 ἀγαθὴν
629 2815 676 2841 καὶ
694 2814 811 2850 πολλὴν,
835 2816 874 2845 είς

119 2869 217 2897 'Joan.
232 2879 259 2902 v,
276 2871 320 2898 57.
359 2870 369 2886 ³
383 2871 460 2898 Joan.
481 2879 535 2903 XIV,
556 2872 581 2899 8.

86 2904 96 2920 '
109 2904 187 2932 Cant.
204 2914 229 2938 v,
250 2906 290 2932 19.
330 2907 340 2921 ’
357 2906 427 2933 Psal.
448 2913 518 2937 κων,
533 2907 577 2934 14.

927 302 1014 336 ipsius
1029 303 1147 336 vidistis,
1167 312 1256 339 neque
1271 313 1366 332 vocem
1387 306 1447 341 ejus
1464 306 1581 334 audistis
1597 307 1617 334 ’.
1635 317 1644 332 ι
1663 306 1717 335 Sed

926 348 1076 376 sciscitanti
1095 349 1221 385 Philippo
1233 370 1240 382 ,
1256 358 1288 378 ac
1308 351 1403 379 rudius
1420 352 1542 387 quidem,
1565 360 1646 388 quam
1669 361 1718 388 par

926 399 995 428 erat,
1012 395 1059 422 sed
1076 399 1167 422 tamen
1178 395 1301 423 discendi
1313 397 1404 424 studio
1418 398 1527 433 roganti
1539 406 1571 425 ac
1582 390 1687 426 dicenti
1709 407 1715 426 ς

930 451 938 466 ι
950 440 1074 473 Domine,
1086 441 1199 468 ostende
1217 441 1297 469 nobis
1305 442 1424 476 Patrem,
1440 448 1467 470 et
1475 443 1661 471 suﬁicitnoois
1671 442 1692 476 ",
1706 453 1715 468 ι

926 486 1070 521 respondit
1099 486 1226 514 Christus
1246 495 1252 513 :
1275 497 1284 513 ι
1307 487 1394 515 Tanto
1426 494 1548 524 tempore
1573 490 1718 518 vobiscum

926 540 997 565 sum,
1012 536 1040 559 et
1053 540 1107 559 non
1121 533 1270 567 cognovisti
1289 541 1343 565 me,
1358 533 1490 569 Philippe.
1508 534 1559 567 Qui
1574 535 1642 563 vidit
1661 543 1717 565 me.

925 577 995 604 vidit
1009 582 1036 605 et
1050 577 1168 605 Patrem.
1185 578 1246 606 Non
1256 578 1356 611 credis,
1371 579 1434 614 quia
1445 587 1494 615 ego
1509 580 1536 607 in
1562 580 1653 613 Patre,
1685 587 1714 609 et

926 623 1006 650 Pater
1022 623 1049 650 in
1066 631 1109 651 me
1125 627 1167 651 est
1180 623 1210 650 “.7
1224 634 1233 650 ι
1252 624 1310 651 Non
1323 632 1383 652 esse
1401 629 1491 652 autem
1505 625 1650 654 admodum
1669 626 1716 655 ﬁr-

926 677 1008 701 mam,
1032 678 1066 697 ne
1087 674 1176 705 aptam
1197 669 1308 705 quidem
1330 670 1397 698 satis
1420 670 1453 698 ad
1479 671 1564 698 Deum
1590 677 1718 700 accurate

927 715 1159 751 perspiciendum,
1177 716 1251 744 illam
1262 715 1386 755 mandati
1394 717 1489 752 legalis
1502 718 1710 752 contemplatio-

928 769 990 789 nem
1022 767 1103 797 atque
1124 761 1305 797 disciplinam,
1332 767 1362 790 ut
1384 771 1443 797 qua:
1463 762 1491 790 in
1505 763 1616 790 ‘umbra
1635 763 1671 790 sit
1688 769 1717 792 et

927 804 1080 840 aenigmate,
1105 805 1133 832 in
1147 805 1202 833 illis
1228 813 1338 841 quoque
1370 806 1478 834 duabus
1496 806 1589 834 Laban
1610 807 1717 835 ﬁliabus

928 850 1021 878 videre
1040 850 1115 878 licet.
1139 850 1278 887 Scriptum
1298 856 1340 880 est
1359 852 1443 884 enim,
1460 852 1525 880 huic
1542 852 1635 881 Laban
1647 853 1716 882 duas

929 895 1012 923 fuisse
1026 895 1112 929 ﬁlias;
1127 901 1193 924 natu
1207 897 1302 932 majori
1310 897 1376 930 Lize,
1394 897 1492 925 minori
1506 898 1618 925 Racheli
1629 898 1715 927 fuisse

893 937 913 964 Β
928 949 1038 969 nomen.
1052 941 1105 969 Sed
1124 942 1202 970 Liam
1212 943 1307 970 oculos
1316 943 1480 971 inﬁrmiores
1492 943 1633 975 habuisse.
1659 945 1716 972 Ra-

928 986 1033 1014 chelem
1056 986 1196 1022 praestanti
1222 987 1320 1020 forma,
1340 995 1372 1015 ac
1393 988 1484 1023 specie
1510 996 1575 1016 sane
1601 993 1716 1017 venusta

927 1029 1011 1058 fuisse
1024 1039 1031 1057 ι
1047 1030 1138 1066 itaque
1148 1031 1231 1059 Iacob
1240 1032 1448 1067 :‘patriarcham,
1458 1033 1582 1068 quamvis
1593 1033 1715 1062 deditum

928 1077 1013 1104 amori
1034 1076 1172 1109 Rachciis,
1198 1077 1308 1105 duxisse
1336 1082 1428 1105 tamen
1459 1078 1553 1110 Liam,
1569 1083 1716 1114 antequam

928 1122 1244 1159 vcnustiorijungeretur
1254 1124 1275 1150 ⁸.
1290 1123 1384 1159 Igitur,
1395 1124 1416 1151 si
1429 1124 1513 1160 ﬁgura
1528 1124 1563 1151 ad
1573 1124 1716 1152 veritatem

928 1168 1115 1201 transferatur,
1126 1169 1226 1197 Christi
1240 1169 1396 1205 mysterium
1407 1169 1564 1205 perspicies.
1577 1170 1642 1197 Duae
1652 1174 1717 1198 sunt

928 1213 1001 1240 enim
1014 1217 1117 1241 vocata:
1129 1213 1162 1241 ad
1179 1214 1335 1249 conjugium
1348 1214 1500 1249 spirituale,
1512 1215 1716 1251 illiquejuncta:

927 1259 1074 1292 mulieres;
1094 1268 1126 1287 ac
1139 1260 1215 1295 prior
1229 1260 1274 1287 illa
1288 1264 1354 1287 natu
1368 1261 1454 1296 major
1463 1268 1512 1296 per
1523 1260 1642 1297 Moysen,
1654 1269 1716 1297 qua

927 1312 1073 1340 personam
1090 1305 1238 1342 Synagogac
1255 1306 1410 1334 Iudaeorum
1427 1307 1542 1340 ferebat,
1552 1308 1596 1334 cui
1610 1307 1715 1335 dictum

927 1356 969 1380 est
986 1360 1001 1379 a
1011 1352 1066 1380 Deo
1080 1360 1128 1387 per
1139 1360 1221 1380 voces
1236 1352 1432 1388 prophetarum
1449 1361 1454 1379 :
1476 1362 1484 1377 ι
1501 1352 1571 1380 Ecce
1586 1361 1640 1380 non
1651 1357 1716 1381 sunt

928 1398 1000 1426 oculi
1023 1398 1072 1431 tui,
1085 1405 1175 1433 neque
1189 1406 1236 1426 cor
1251 1402 1328 1425 tuum
1350 1398 1505 1434 pulchrum,
1523 1398 1577 1425 nisi
1597 1398 1630 1425 ad
1650 1406 1714 1426 ava-

927 1444 1030 1477 ritiam,
1050 1445 1125 1480 etlad
1140 1443 1300 1480 iniquitates
1313 1447 1383 1476 tuas,
1405 1447 1433 1470 et
1444 1442 1477 1471 ad
1491 1443 1592 1471 caedem
1612 1443 1714 1471 facien-

928 1488 990 1517 dam
1011 1476 1030 1516 ’ξ
1058 1499 1066 1515 ι
1081 1476 1217 1518 [Secundo
1239 1489 1301 1517 loco
1325 1489 1407 1516 ducta
1425 1493 1467 1516 est
1487 1489 1656 1521 adolescens,
1683 1496 1716 1516 ac

928 1535 1070 1573 venustior
1093 1535 1139 1562 illa
1156 1542 1188 1562 ex
1206 1535 1334 1570 gentibus
1352 1534 1485 1566 Ecclesia,
1502 1534 1553 1562 'cui
1574 1534 1659 1562 David
1671 1535 1714 1562 di-

929 1580 1020 1608 cebat:
1040 1590 1048 1606 ι
1065 1580 1146 1614 Audi,
1157 1579 1221 1612 ﬁlia,
1234 1585 1261 1608 et
1277 1580 1350 1613 vide,
1367 1584 1395 1608 et
1410 1580 1510 1607 inclina
1524 1587 1617 1607 aurem
1629 1584 1714 1613 tuam,

931 1631 959 1654 et
973 1627 1136 1654 obliviscere
1156 1627 1287 1662 populum
1303 1630 1379 1654 tuum
1398 1631 1426 1654 et
1441 1626 1552 1654 domum
1565 1625 1650 1661 patris
1662 1626 1712 1658 tui,

927 1672 990 1708 quia
999 1672 1155 1708 concupivit
1176 1671 1234 1699 Rex
1253 1671 1372 1707 speciem
1389 1675 1463 1698 tuam
1477 1671 1497 1696 ⁷.
1514 1680 1523 1695 ι
1549 1670 1658 1697 Dictum
1672 1674 1715 1697 est

926 1719 951 1745 ci
967 1718 1084 1753 quodam
1094 1718 1165 1750 loco,
1183 1717 1266 1745 etiam
1282 1717 1359 1749 illud,
1379 1727 1388 1742 ‹
1409 1716 1487 1745 Oculi
1511 1715 1549 1743 tui
1572 1715 1643 1743 sicut
1665 1723 1714 1743 co-

927 1765 1025 1791 lumbae
1043 1764 1063 1791 ⁸.
1093 1774 1101 1789 ι
1126 1764 1174 1791 Est
1201 1767 1293 1791 autem
1320 1762 1469 1798 spiritualis
1490 1761 1586 1797 procul
1611 1761 1712 1794 dubio,

926 1815 1007 1846 atque
1042 1809 1163 1838 caelestis
1180 1816 1276 1837 revera
1303 1809 1350 1836 illa
1376 1807 1505 1835 Ecclesia:
1525 1807 1711 1842 pulchritudo.

927 1856 1063 1892 Scriptum
1073 1860 1116 1883 est
1125 1855 1198 1883 enim
1220 1863 1227 1881 :
1253 1854 1362 1882 «Omnis
1381 1853 1468 1889 gloria
1482 1852 1544 1880 ﬁlias
1557 1852 1628 1887 regis
1644 1852 1710 1879 Ese-

926 1902 1014 1929 bon“.
1032 1910 1040 1927 ι
1059 1900 1116 1928 Hoc
1135 1905 1228 1928 autem
1242 1900 1368 1932 verbum,
1392 1898 1512 1930 Esebon,
1532 1898 1711 1925 Hebraeorum

925 1947 1028 1983 lin‘gua,
1058 1947 1214 1974 intrinsecus
1228 1945 1362 1982 signiﬁcat
1374 1954 1381 1979 ;
1395 1952 1484 1980 neque
1498 1944 1571 1972 enim
1590 1944 1634 1971 illa
1647 1951 1710 1979 spe-

925 1994 981 2022 cies
996 1993 1120 2029 corporis
1149 1992 1236 2020 oculis
1252 1991 1412 2027 percipitur,
1433 1990 1481 2018 sed
1505 1997 1581 2026 purae
1607 1988 1710 2017 mentis

925 2039 984 2067 acie
998 2038 1177 2074 conspicitur.
1193 2037 1290 2065 Annon
1305 2037 1342 2064 ita
1358 2037 1419 2064 est?

959 2126 1058 2154 PALL.
1076 2125 1191 2153 Maxime
1206 2133 1281 2153 vero.

958 2170 1107 2198 CYRuNon
1118 2178 1183 2205 ergo
1195 2170 1340 2205 quisquam
1357 2178 1404 2205 per
1417 2171 1483 2206 legis
1499 2171 1711 2206 institutionem,

924 2217 1043 2244 divinam
1055 2216 1127 2243 illam
1136 2216 1377 2256 incorruptamquc
1396 2217 1629 2251 pulchritudinem
1650 2226 1714 2253 per-

923 2263 1013 2298 spicit,
1036 2262 1082 2290 sed
1107 2270 1155 2298 per
1175 2261 1314 2289 Christum
1342 2263 1442 2297 potius,
1470 2267 1497 2290 et
1518 2264 1578 2299 ejus
1588 2263 1713 2299 discipli-

925 2317 999 2337 nam.
1328 2307 1334 2316 '

961 2354 1058 2382 PALL.
1072 2354 1128 2391 οε
1140 2355 1239 2383 Verum
1256 2359 1306 2382 cst.

960 2401 1038 2429 ΟΥΕ.
1057 2401 1158 2429 Potens
1173 2405 1262 2429 autem
1279 2401 1312 2428 ad
1326 2408 1377 2428 nos
1392 2399 1567 2428 redimendos
1586 2401 1710 2429 eximen-

926 2448 1029 2483 dosque
1056 2447 1089 2474 de
1118 2455 1200 2475 manu
1223 2446 1419 2482 dominatuque
1440 2446 1542 2474 diaboli
1565 2446 1625 2480 fuit,
1655 2455 1709 2475 non

926 2494 1041 2530 Moyses.
1063 2497 1110 2520 aut
1138 2493 1192 2525 lex,
1224 2493 1272 2521 sed
1291 2492 1425 2525 Dominus
1448 2491 1550 2527 Moysi,
1574 2491 1708 2524 Christus,

927 2539 1049 2575 inquam,
1068 2539 1181 2573 ejusque
1195 2538 1237 2565 vis
1259 2537 1434 2566 sacramenti.
1453 2536 1534 2565 Certe
1556 2545 1618 2565 cum
1637 2537 1709 2565 Deus

926 2585 1030 2613 diceret
1047 2594 1052 2611 :
1068 2593 1076 2610 ε
1091 2584 1193 2612 Videns
1205 2584 1261 2611 vidi
1281 2583 1452 2611 aﬁlictionem
1470 2582 1563 2619 populi
1585 2583 1649 2614 mei,
1662 2583 1708 2618 qui

924 2635 967 2659 est
983 2630 1151 2666 inEgypto,
1167 2634 1195 2656 et
1208 2624 1357 2657 clamorem
1372 2636 1469 2657 eorum
1484 2628 1576 2656 audivi
1597 2633 1709 2664 propter

923 2679 1064 2704 exactores
1085 2683 1220 2711 operum:
1247 2675 1304 2702 scio
1325 2674 1399 2702 enim
1413 2674 1536 2702 dolorem
1555 2681 1662 2706 eorum,
1680 2679 1708 2701 et

924 2721 1053 2750 descendi
1068 2725 1099 2749 ut
1111 2721 1225 2749 liberem
1241 2728 1288 2748 eos
1300 2727 1335 2748 ex
1354 2727 1436 2747 manu
1455 2719 1656 2756 Egyptiorum,
1678 2727 1708 2747 et

923 2767 1037 2794 educam
1048 2774 1096 2795 eos
1110 2775 1144 2794 ex
1158 2771 1230 2795 terra
1245 2766 1299 2797 illa.
1311 2769 1340 2793 et
1349 2764 1478 2793 inducam
1491 2766 1553 2793 illos
1564 2765 1591 2792 in
1607 2769 1706 2793 terram

924 2813 1023 2841 bonam
1047 2819 1075 2840 et
1097 2801 1221 2847 multam,
1243 2814 1277 2841 in
1291 2817 1390 2840 terram
1415 2816 1569 2840 manantem
1597 2812 1650 2840 mel
1678 2815 1708 2839 et

620 2873 630 2888 δ
647 2873 726 2905 lbid.,
738 2874 764 2901 9.
804 2874 813 2889 ⁵
824 2873 872 2899 Ger

927 2880 978 2903 χιχ,
998 2872 1032 2898 16
1048 2879 1123 2905 seqq.
1163 2873 1172 2886 ‘
1185 2872 1284 2899 Iri-um.
1300 2879 1365 2901 xw,
1381 2869 1423 2895 l7.
1462 2869 1472 2884 "
1488 2868 1558 2908 Psal.
1575 2876 1645 2899 xm,
1661 2867 1706 2895 ιι.
