  <div class='ocr_page' id='page_1' title='image "/cluster/home/n/w/nwhite01/storage/ocr_20150623/68/njp.32101077772711/135.png"; bbox 0 0 1924 3043; ppageno 0'>
   <div class='ocr_carea' id='block_1_1' title="bbox 203 155 255 183">
    <p class='ocr_par' dir='ltr' id='par_1_1' title="bbox 203 155 255 183">
     <span class='ocr_line' id='line_1_1' title="bbox 203 155 255 183; baseline 0.019 -1"><span class='ocrx_word' id='word_1_1' title='bbox 203 155 255 183; x_wconf 67' lang='lat'><strong>259</strong></span> 
     </span>
    </p>
   </div>
   <div class='ocr_carea' id='block_1_2' title="bbox 707 126 1323 177">
    <p class='ocr_par' dir='ltr' id='par_1_2' title="bbox 707 126 1323 177">
     <span class='ocr_line' id='line_1_2' title="bbox 707 126 1323 177; baseline -0.003 0"><span class='ocrx_word' id='word_1_2' title='bbox 707 149 737 177; x_wconf 84' lang='lat' dir='ltr'><strong>s.</strong></span> <span class='ocrx_word' id='word_1_3' title='bbox 758 149 896 177; x_wconf 71' lang='lat' dir='ltr'><strong>CYRILLI</strong></span> <span class='ocrx_word' id='word_1_4' title='bbox 912 126 1146 176; x_wconf 55' lang='lat' dir='ltr'><strong>Atmvonml</strong></span> <span class='ocrx_word' id='word_1_5' title='bbox 1165 149 1323 177; x_wconf 67' lang='lat' dir='ltr'><strong>meum.</strong></span> 
     </span>
    </p>
   </div>
   <div class='ocr_carea' id='block_1_3' title="bbox 1775 148 1830 176">
    <p class='ocr_par' dir='ltr' id='par_1_3' title="bbox 1775 148 1830 176">
     <span class='ocr_line' id='line_1_3' title="bbox 1775 148 1830 176; baseline 0 0"><span class='ocrx_word' id='word_1_6' title='bbox 1775 148 1830 176; x_wconf 64' lang='lat'><strong>250</strong></span> 
     </span>
    </p>
   </div>
   <div class='ocr_carea' id='block_1_4' title="bbox 204 204 996 245">
    <p class='ocr_par' dir='ltr' id='par_1_4' title="bbox 204 205 988 245">
     <span class='ocr_line' id='line_1_4' title="bbox 204 205 988 245; baseline -0.01 -5"><span class='ocrx_word' id='word_1_7' title='bbox 204 212 245 240; x_wconf 88' lang='lat' dir='ltr'><strong>lae</strong></span> <span class='ocrx_word' id='word_1_8' title='bbox 262 212 293 245; x_wconf 81' lang='grc'><strong>¹⁰;</strong></span> <span class='ocrx_word' id='word_1_9' title='bbox 311 221 319 237; x_wconf 80' lang='grc' dir='ltr'><strong>ι</strong></span> <span class='ocrx_word' id='word_1_10' title='bbox 332 216 448 244; x_wconf 88' lang='lat' dir='ltr'><strong>cumque</strong></span> <span class='ocrx_word' id='word_1_11' title='bbox 458 208 492 236; x_wconf 85' lang='lat' dir='ltr'><strong>iis</strong></span> <span class='ocrx_word' id='word_1_12' title='bbox 503 206 595 235; x_wconf 83' lang='lat' dir='ltr'><strong>verbis</strong></span> <span class='ocrx_word' id='word_1_13' title='bbox 607 205 737 234; x_wconf 78' lang='lat' dir='ltr'><strong>continuo</strong></span> <span class='ocrx_word' id='word_1_14' title='bbox 746 206 912 236; x_wconf 87' lang='lat' dir='ltr'><strong>addidisset:</strong></span> <span class='ocrx_word' id='word_1_15' title='bbox 937 206 988 233; x_wconf 67' lang='lat' dir='ltr'><strong>«Et</strong></span> 
     </span>
    </p>
   </div>
   <div class='ocr_carea' id='block_1_5' title="bbox 1051 204 1831 245">
    <p class='ocr_par' dir='ltr' id='par_1_5' title="bbox 1051 204 1831 241">
     <span class='ocr_line' id='line_1_5' title="bbox 1051 204 1831 241; baseline 0.003 -9"><span class='ocrx_word' id='word_1_16' title='bbox 1051 206 1089 241; x_wconf 67' lang='grc' dir='ltr'><strong>’ἦν</strong></span> <span class='ocrx_word' id='word_1_17' title='bbox 1104 206 1217 241; x_wconf 80' lang='grc' dir='ltr'><strong>ῥέουσαν</strong></span> <span class='ocrx_word' id='word_1_18' title='bbox 1236 204 1306 240; x_wconf 87' lang='grc' dir='ltr'><strong>γάλα</strong></span> <span class='ocrx_word' id='word_1_19' title='bbox 1319 206 1367 233; x_wconf 77' lang='grc' dir='ltr'><strong>καὶ</strong></span> <span class='ocrx_word' id='word_1_20' title='bbox 1381 206 1452 241; x_wconf 79' lang='grc' dir='ltr'><strong>μέλι.</strong></span> <span class='ocrx_word' id='word_1_21' title='bbox 1473 215 1483 231; x_wconf 79' lang='grc' dir='ltr'><strong>ι</strong></span> <span class='ocrx_word' id='word_1_22' title='bbox 1505 206 1559 232; x_wconf 81' lang='grc' dir='ltr'><strong>Καὶ</strong></span> <span class='ocrx_word' id='word_1_23' title='bbox 1573 205 1768 241; x_wconf 69' lang='grc' dir='ltr'><strong>προστιθέντος</strong></span> <span class='ocrx_word' id='word_1_24' title='bbox 1782 207 1831 234; x_wconf 74' lang='grc' dir='ltr'><strong>εὖ-</strong></span> 
     </span>
    </p>
   </div>
   <div class='ocr_carea' id='block_1_6' title="bbox 203 252 989 288">
    <p class='ocr_par' dir='ltr' id='par_1_6' title="bbox 203 252 989 288">
     <span class='ocr_line' id='line_1_6' title="bbox 203 252 989 288; baseline -0.01 0"><span class='ocrx_word' id='word_1_25' title='bbox 203 267 278 288; x_wconf 89' lang='lat' dir='ltr'><strong>nunc</strong></span> <span class='ocrx_word' id='word_1_26' title='bbox 295 265 358 286; x_wconf 90' lang='lat' dir='ltr'><strong>ecce</strong></span> <span class='ocrx_word' id='word_1_27' title='bbox 375 258 477 285; x_wconf 88' lang='lat' dir='ltr'><strong>clamor</strong></span> <span class='ocrx_word' id='word_1_28' title='bbox 491 255 608 282; x_wconf 85' lang='lat' dir='ltr'><strong>filiorum</strong></span> <span class='ocrx_word' id='word_1_29' title='bbox 628 253 713 281; x_wconf 87' lang='lat' dir='ltr'><strong>Israel</strong></span> <span class='ocrx_word' id='word_1_30' title='bbox 736 252 812 281; x_wconf 80' lang='lat' dir='ltr'><strong>venit</strong></span> <span class='ocrx_word' id='word_1_31' title='bbox 833 253 867 280; x_wconf 87' lang='lat' dir='ltr'><strong>ad</strong></span> <span class='ocrx_word' id='word_1_32' title='bbox 882 261 941 286; x_wconf 88' lang='lat' dir='ltr'><strong>me;</strong></span> <span class='ocrx_word' id='word_1_33' title='bbox 960 257 989 281; x_wconf 88' lang='lat' dir='ltr'><strong>et</strong></span> 
     </span>
    </p>
   </div>
   <div class='ocr_carea' id='block_1_7' title="bbox 204 299 986 341">
    <p class='ocr_par' dir='ltr' id='par_1_7' title="bbox 204 299 986 341">
     <span class='ocr_line' id='line_1_7' title="bbox 204 299 986 341; baseline -0.01 -8"><span class='ocrx_word' id='word_1_34' title='bbox 204 305 260 341; x_wconf 81' lang='lat' dir='ltr'><strong>ego&#39;</strong></span> <span class='ocrx_word' id='word_1_35' title='bbox 270 304 326 332; x_wconf 92' lang='lat' dir='ltr'><strong>vidi</strong></span> <span class='ocrx_word' id='word_1_36' title='bbox 347 301 519 330; x_wconf 86' lang='lat' dir='ltr'><strong>alllictionem</strong></span> <span class='ocrx_word' id='word_1_37' title='bbox 540 308 593 336; x_wconf 89' lang='lat' dir='ltr'><strong>qua</strong></span> <span class='ocrx_word' id='word_1_38' title='bbox 611 299 730 336; x_wconf 69' lang='lat' dir='ltr'><strong>Egyptii</strong></span> <span class='ocrx_word' id='word_1_39' title='bbox 745 299 903 334; x_wconf 92' lang='lat' dir='ltr'><strong>opprimunt</strong></span> <span class='ocrx_word' id='word_1_40' title='bbox 913 307 960 326; x_wconf 87' lang='lat' dir='ltr'><strong>eos</strong></span> <span class='ocrx_word' id='word_1_41' title='bbox 979 307 986 325; x_wconf 73' lang='grc' dir='ltr'><strong>ε</strong></span> 
     </span>
    </p>
   </div>
   <div class='ocr_carea' id='block_1_8' title="bbox 203 343 988 380">
    <p class='ocr_par' dir='ltr' id='par_1_8' title="bbox 203 343 988 380">
     <span class='ocr_line' id='line_1_8' title="bbox 203 343 988 380; baseline -0.01 -2"><span class='ocrx_word' id='word_1_42' title='bbox 203 355 231 379; x_wconf 90' lang='lat' dir='ltr'><strong>et</strong></span> <span class='ocrx_word' id='word_1_43' title='bbox 240 357 314 377; x_wconf 87' lang='lat' dir='ltr'><strong>nunc</strong></span> <span class='ocrx_word' id='word_1_44' title='bbox 320 347 392 380; x_wconf 88' lang='lat' dir='ltr'><strong>veni,</strong></span> <span class='ocrx_word' id='word_1_45' title='bbox 399 347 504 375; x_wconf 82' lang='lat' dir='ltr'><strong>mittam</strong></span> <span class='ocrx_word' id='word_1_46' title='bbox 515 350 542 374; x_wconf 91' lang='lat' dir='ltr'><strong>te</strong></span> <span class='ocrx_word' id='word_1_47' title='bbox 551 345 584 373; x_wconf 92' lang='lat' dir='ltr'><strong>ad</strong></span> <span class='ocrx_word' id='word_1_48' title='bbox 595 345 763 373; x_wconf 82' lang='lat' dir='ltr'><strong>Pharaonem</strong></span> <span class='ocrx_word' id='word_1_49' title='bbox 772 352 862 380; x_wconf 75' lang='lat' dir='ltr'><strong>regem</strong></span> <span class='ocrx_word' id='word_1_50' title='bbox 871 343 988 380; x_wconf 62' lang='lat' dir='ltr'><strong>Egypti,</strong></span> 
     </span>
    </p>
   </div>
   <div class='ocr_carea' id='block_1_9' title="bbox 203 390 989 429">
    <p class='ocr_par' dir='ltr' id='par_1_9' title="bbox 203 390 989 429">
     <span class='ocr_line' id='line_1_9' title="bbox 203 390 989 429; baseline -0.009 -6"><span class='ocrx_word' id='word_1_51' title='bbox 203 400 230 424; x_wconf 86' lang='lat' dir='ltr'><strong>et</strong></span> <span class='ocrx_word' id='word_1_52' title='bbox 256 395 357 422; x_wconf 91' lang='lat' dir='ltr'><strong>educes</strong></span> <span class='ocrx_word' id='word_1_53' title='bbox 382 393 514 429; x_wconf 78' lang='lat' dir='ltr'><strong>populum</strong></span> <span class='ocrx_word' id='word_1_54' title='bbox 539 400 641 424; x_wconf 87' lang='lat' dir='ltr'><strong>meum,</strong></span> <span class='ocrx_word' id='word_1_55' title='bbox 669 391 738 418; x_wconf 82' lang='lat' dir='ltr'><strong>filios</strong></span> <span class='ocrx_word' id='word_1_56' title='bbox 758 390 842 418; x_wconf 90' lang='lat' dir='ltr'><strong>Israel</strong></span> <span class='ocrx_word' id='word_1_57' title='bbox 862 398 896 417; x_wconf 88' lang='lat' dir='ltr'><strong>ex</strong></span> <span class='ocrx_word' id='word_1_58' title='bbox 918 393 989 418; x_wconf 86' lang='lat' dir='ltr'><strong>terra</strong></span> 
     </span>
    </p>
   </div>
   <div class='ocr_carea' id='block_1_10' title="bbox 202 435 987 477">
    <p class='ocr_par' dir='ltr' id='par_1_10' title="bbox 202 435 987 477">
     <span class='ocr_line' id='line_1_10' title="bbox 202 435 987 477; baseline -0.008 -9"><span class='ocrx_word' id='word_1_59' title='bbox 202 441 311 477; x_wconf 52' lang='lat' dir='ltr'><strong>[Egypti</strong></span> <span class='ocrx_word' id='word_1_60' title='bbox 328 440 366 466; x_wconf 85' lang='lat'><strong>&quot;:</strong></span> <span class='ocrx_word' id='word_1_61' title='bbox 385 450 393 465; x_wconf 76' lang='grc' dir='ltr'><strong>ι</strong></span> <span class='ocrx_word' id='word_1_62' title='bbox 414 442 507 474; x_wconf 86' lang='lat' dir='ltr'><strong>aperte</strong></span> <span class='ocrx_word' id='word_1_63' title='bbox 526 446 558 465; x_wconf 87' lang='lat' dir='ltr'><strong>ac</strong></span> <span class='ocrx_word' id='word_1_64' title='bbox 576 437 665 473; x_wconf 80' lang='lat' dir='ltr'><strong>palam</strong></span> <span class='ocrx_word' id='word_1_65' title='bbox 690 435 850 464; x_wconf 84' lang='lat' dir='ltr'><strong>reclamavit</strong></span> <span class='ocrx_word' id='word_1_66' title='bbox 862 435 966 471; x_wconf 77' lang='lat' dir='ltr'><strong>Moyses</strong></span> <span class='ocrx_word' id='word_1_67' title='bbox 981 444 987 461; x_wconf 90' lang='lat'><strong>:</strong></span> 
     </span>
    </p>
   </div>
   <div class='ocr_carea' id='block_1_11' title="bbox 206 481 989 520">
    <p class='ocr_par' dir='ltr' id='par_1_11' title="bbox 206 481 989 520">
     <span class='ocr_line' id='line_1_11' title="bbox 206 481 989 520; baseline -0.005 -9"><span class='ocrx_word' id='word_1_68' title='bbox 206 495 214 511; x_wconf 84' lang='grc'><strong>‹</strong></span> <span class='ocrx_word' id='word_1_69' title='bbox 237 486 304 519; x_wconf 83' lang='lat' dir='ltr'><strong>Quis</strong></span> <span class='ocrx_word' id='word_1_70' title='bbox 325 493 385 512; x_wconf 88' lang='lat' dir='ltr'><strong>sum</strong></span> <span class='ocrx_word' id='word_1_71' title='bbox 405 491 466 520; x_wconf 76' lang='lat' dir='ltr'><strong>ego,</strong></span> <span class='ocrx_word' id='word_1_72' title='bbox 485 487 514 510; x_wconf 94' lang='lat' dir='ltr'><strong>ut</strong></span> <span class='ocrx_word' id='word_1_73' title='bbox 531 483 629 510; x_wconf 85' lang='lat' dir='ltr'><strong>vadam</strong></span> <span class='ocrx_word' id='word_1_74' title='bbox 660 481 693 509; x_wconf 89' lang='lat' dir='ltr'><strong>ad</strong></span> <span class='ocrx_word' id='word_1_75' title='bbox 718 481 887 509; x_wconf 76' lang='lat' dir='ltr'><strong>Pharaonem</strong></span> <span class='ocrx_word' id='word_1_76' title='bbox 899 482 989 516; x_wconf 79' lang='lat' dir='ltr'><strong>regem</strong></span> 
     </span>
    </p>
   </div>
   <div class='ocr_carea' id='block_1_12' title="bbox 201 527 990 568">
    <p class='ocr_par' dir='ltr' id='par_1_12' title="bbox 201 527 990 568">
     <span class='ocr_line' id='line_1_12' title="bbox 201 527 990 568; baseline -0.008 -8"><span class='ocrx_word' id='word_1_77' title='bbox 201 532 320 568; x_wconf 63' lang='lat' dir='ltr'><strong>Egypti,</strong></span> <span class='ocrx_word' id='word_1_78' title='bbox 337 536 364 559; x_wconf 90' lang='lat' dir='ltr'><strong>et</strong></span> <span class='ocrx_word' id='word_1_79' title='bbox 384 535 415 559; x_wconf 88' lang='lat' dir='ltr'><strong>ut</strong></span> <span class='ocrx_word' id='word_1_80' title='bbox 431 530 544 558; x_wconf 82' lang='lat' dir='ltr'><strong>educam</strong></span> <span class='ocrx_word' id='word_1_81' title='bbox 567 529 639 556; x_wconf 86' lang='lat' dir='ltr'><strong>tllios</strong></span> <span class='ocrx_word' id='word_1_82' title='bbox 655 528 737 556; x_wconf 86' lang='lat' dir='ltr'><strong>Israel</strong></span> <span class='ocrx_word' id='word_1_83' title='bbox 758 536 791 556; x_wconf 78' lang='lat' dir='ltr'><strong>ex</strong></span> <span class='ocrx_word' id='word_1_84' title='bbox 811 533 883 556; x_wconf 83' lang='lat' dir='ltr'><strong>terra</strong></span> <span class='ocrx_word' id='word_1_85' title='bbox 906 527 990 563; x_wconf 69' lang='lat' dir='ltr'><strong>[Egy-</strong></span> 
     </span>
    </p>
   </div>
   <div class='ocr_carea' id='block_1_13' title="bbox 203 572 992 613">
    <p class='ocr_par' dir='ltr' id='par_1_13' title="bbox 203 572 992 613">
     <span class='ocr_line' id='line_1_13' title="bbox 203 572 992 613; baseline -0.006 -9"><span class='ocrx_word' id='word_1_86' title='bbox 203 578 240 613; x_wconf 92' lang='lat' dir='ltr'><strong>pti</strong></span> <span class='ocrx_word' id='word_1_87' title='bbox 255 579 276 594; x_wconf 82' lang='lat'>&quot;</span> <span class='ocrx_word' id='word_1_88' title='bbox 291 577 323 604; x_wconf 70' lang='lat' dir='ltr'>‘h</span> <span class='ocrx_word' id='word_1_89' title='bbox 337 576 408 605; x_wconf 87' lang='lat' dir='ltr'><strong>Num</strong></span> <span class='ocrx_word' id='word_1_90' title='bbox 420 575 502 612; x_wconf 77' lang='lat' dir='ltr'><strong>igitur</strong></span> <span class='ocrx_word' id='word_1_91' title='bbox 513 582 608 610; x_wconf 91' lang='lat' dir='ltr'><strong>parum</strong></span> <span class='ocrx_word' id='word_1_92' title='bbox 624 578 666 602; x_wconf 87' lang='lat' dir='ltr'><strong>est</strong></span> <span class='ocrx_word' id='word_1_93' title='bbox 684 573 797 601; x_wconf 79' lang='lat' dir='ltr'><strong>evidens</strong></span> <span class='ocrx_word' id='word_1_94' title='bbox 812 572 992 611; x_wconf 68' lang='lat' dir='ltr'><strong>lucetigura?</strong></span> 
     </span>
    </p>
   </div>
   <div class='ocr_carea' id='block_1_14' title="bbox 203 619 990 651">
    <p class='ocr_par' dir='ltr' id='par_1_14' title="bbox 203 619 990 651">
     <span class='ocr_line' id='line_1_14' title="bbox 203 619 990 651; baseline -0.006 -1"><span class='ocrx_word' id='word_1_95' title='bbox 203 628 230 650; x_wconf 82' lang='lat' dir='ltr'><strong>et</strong></span> <span class='ocrx_word' id='word_1_96' title='bbox 253 623 298 650; x_wconf 90' lang='lat' dir='ltr'><strong>hic</strong></span> <span class='ocrx_word' id='word_1_97' title='bbox 323 621 468 650; x_wconf 87' lang='lat' dir='ltr'><strong>recusandi</strong></span> <span class='ocrx_word' id='word_1_98' title='bbox 493 621 591 649; x_wconf 90' lang='lat' dir='ltr'><strong>modus</strong></span> <span class='ocrx_word' id='word_1_99' title='bbox 613 628 704 647; x_wconf 90' lang='lat' dir='ltr'><strong>nonne</strong></span> <span class='ocrx_word' id='word_1_100' title='bbox 725 619 760 647; x_wconf 85' lang='lat' dir='ltr'><strong>ad</strong></span> <span class='ocrx_word' id='word_1_101' title='bbox 781 627 844 646; x_wconf 93' lang='lat' dir='ltr'><strong>eum</strong></span> <span class='ocrx_word' id='word_1_102' title='bbox 860 619 990 651; x_wconf 78' lang='lat' dir='ltr'><strong>refertur,</strong></span> 
     </span>
    </p>
   </div>
   <div class='ocr_carea' id='block_1_15' title="bbox 203 663 990 704">
    <p class='ocr_par' dir='ltr' id='par_1_15' title="bbox 203 663 990 704">
     <span class='ocr_line' id='line_1_15' title="bbox 203 663 990 704; baseline -0.008 -7"><span class='ocrx_word' id='word_1_103' title='bbox 203 669 250 704; x_wconf 85' lang='lat' dir='ltr'><strong>qui</strong></span> <span class='ocrx_word' id='word_1_104' title='bbox 265 668 378 696; x_wconf 82' lang='lat' dir='ltr'><strong>inﬁnitis</strong></span> <span class='ocrx_word' id='word_1_105' title='bbox 386 667 510 703; x_wconf 81' lang='lat' dir='ltr'><strong>partibus</strong></span> <span class='ocrx_word' id='word_1_106' title='bbox 525 665 649 701; x_wconf 86' lang='lat' dir='ltr'><strong>superior</strong></span> <span class='ocrx_word' id='word_1_107' title='bbox 659 669 702 693; x_wconf 90' lang='lat' dir='ltr'><strong>est</strong></span> <span class='ocrx_word' id='word_1_108' title='bbox 714 669 796 700; x_wconf 86' lang='lat' dir='ltr'><strong>atque</strong></span> <span class='ocrx_word' id='word_1_109' title='bbox 808 663 990 700; x_wconf 69' lang='lat' dir='ltr'><strong>prtestantior,</strong></span> 
     </span>
    </p>
   </div>
   <div class='ocr_carea' id='block_1_16' title="bbox 205 710 990 748">
    <p class='ocr_par' dir='ltr' id='par_1_16' title="bbox 205 710 990 748">
     <span class='ocr_line' id='line_1_16' title="bbox 205 710 990 748; baseline -0.008 -5"><span class='ocrx_word' id='word_1_110' title='bbox 205 715 232 743; x_wconf 89' lang='lat' dir='ltr'><strong>id</strong></span> <span class='ocrx_word' id='word_1_111' title='bbox 245 719 296 747; x_wconf 87' lang='lat' dir='ltr'><strong>est,</strong></span> <span class='ocrx_word' id='word_1_112' title='bbox 317 714 350 742; x_wconf 88' lang='lat' dir='ltr'><strong>ad</strong></span> <span class='ocrx_word' id='word_1_113' title='bbox 370 712 530 742; x_wconf 82' lang='lat' dir='ltr'><strong>Christum?</strong></span> <span class='ocrx_word' id='word_1_114' title='bbox 547 711 656 747; x_wconf 87' lang='lat' dir='ltr'><strong>Alioqui</strong></span> <span class='ocrx_word' id='word_1_115' title='bbox 682 711 735 739; x_wconf 90' lang='lat' dir='ltr'><strong>hoc</strong></span> <span class='ocrx_word' id='word_1_116' title='bbox 759 711 848 748; x_wconf 87' lang='lat' dir='ltr'><strong>ipsum</strong></span> <span class='ocrx_word' id='word_1_117' title='bbox 878 710 990 739; x_wconf 87' lang='lat' dir='ltr'><strong>dicere:</strong></span> 
     </span>
    </p>
   </div>
   <div class='ocr_carea' id='block_1_17' title="bbox 204 756 992 796">
    <p class='ocr_par' dir='ltr' id='par_1_17' title="bbox 204 756 992 796">
     <span class='ocr_line' id='line_1_17' title="bbox 204 756 992 796; baseline -0.009 -6"><span class='ocrx_word' id='word_1_118' title='bbox 204 762 271 796; x_wconf 84' lang='lat' dir='ltr'><strong>Quis</strong></span> <span class='ocrx_word' id='word_1_119' title='bbox 281 761 358 789; x_wconf 86' lang='lat' dir='ltr'><strong>sum?</strong></span> <span class='ocrx_word' id='word_1_120' title='bbox 367 761 489 795; x_wconf 87' lang='lat' dir='ltr'><strong>ineptum</strong></span> <span class='ocrx_word' id='word_1_121' title='bbox 500 766 565 786; x_wconf 84' lang='lat' dir='ltr'><strong>sane</strong></span> <span class='ocrx_word' id='word_1_122' title='bbox 573 762 655 785; x_wconf 82' lang='lat' dir='ltr'><strong>esset.</strong></span> <span class='ocrx_word' id='word_1_123' title='bbox 664 757 746 793; x_wconf 75' lang='lat' dir='ltr'><strong>Atqui</strong></span> <span class='ocrx_word' id='word_1_124' title='bbox 756 757 835 785; x_wconf 89' lang='lat' dir='ltr'><strong>facile</strong></span> <span class='ocrx_word' id='word_1_125' title='bbox 847 756 992 785; x_wconf 88' lang='lat' dir='ltr'><strong>admodum</strong></span> 
     </span>
    </p>
   </div>
   <div class='ocr_carea' id='block_1_18' title="bbox 205 803 1000 843">
    <p class='ocr_par' dir='ltr' id='par_1_18' title="bbox 205 803 1000 843">
     <span class='ocr_line' id='line_1_18' title="bbox 205 803 1000 843; baseline -0.005 -8"><span class='ocrx_word' id='word_1_126' title='bbox 205 808 311 840; x_wconf 80' lang='lat' dir='ltr'><strong>fuisset,</strong></span> <span class='ocrx_word' id='word_1_127' title='bbox 333 806 449 843; x_wconf 88' lang='lat' dir='ltr'><strong>populos</strong></span> <span class='ocrx_word' id='word_1_128' title='bbox 470 805 588 840; x_wconf 87' lang='lat' dir='ltr'><strong>eripere,</strong></span> <span class='ocrx_word' id='word_1_129' title='bbox 607 811 639 831; x_wconf 88' lang='lat' dir='ltr'><strong>ac</strong></span> <span class='ocrx_word' id='word_1_130' title='bbox 656 804 771 831; x_wconf 87' lang='lat' dir='ltr'><strong>salutem</strong></span> <span class='ocrx_word' id='word_1_131' title='bbox 793 803 921 839; x_wconf 80' lang='lat' dir='ltr'><strong>gentibus</strong></span> <span class='ocrx_word' id='word_1_132' title='bbox 943 804 1000 839; x_wconf 49' lang='lat' dir='ltr'><strong>pa?</strong></span> 
     </span>
    </p>
   </div>
   <div class='ocr_carea' id='block_1_19' title="bbox 206 849 992 886">
    <p class='ocr_par' dir='ltr' id='par_1_19' title="bbox 206 849 992 886">
     <span class='ocr_line' id='line_1_19' title="bbox 206 849 992 886; baseline -0.006 -5"><span class='ocrx_word' id='word_1_133' title='bbox 206 861 276 886; x_wconf 83' lang='lat' dir='ltr'><strong>rere,</strong></span> <span class='ocrx_word' id='word_1_134' title='bbox 289 852 323 880; x_wconf 87' lang='lat' dir='ltr'><strong>ad</strong></span> <span class='ocrx_word' id='word_1_135' title='bbox 339 851 547 886; x_wconf 79' lang='lat' dir='ltr'><strong>libertatemque</strong></span> <span class='ocrx_word' id='word_1_136' title='bbox 560 857 699 882; x_wconf 85' lang='lat' dir='ltr'><strong>revocare,</strong></span> <span class='ocrx_word' id='word_1_137' title='bbox 721 849 744 877; x_wconf 89' lang='lat' dir='ltr'><strong>si</strong></span> <span class='ocrx_word' id='word_1_138' title='bbox 761 850 822 886; x_wconf 78' lang='lat' dir='ltr'><strong>ejus</strong></span> <span class='ocrx_word' id='word_1_139' title='bbox 845 849 926 882; x_wconf 78' lang='lat' dir='ltr'><strong>vires,</strong></span> <span class='ocrx_word' id='word_1_140' title='bbox 944 849 992 886; x_wconf 86' lang='lat' dir='ltr'><strong>qui</strong></span> 
     </span>
    </p>
   </div>
   <div class='ocr_carea' id='block_1_20' title="bbox 207 895 988 928">
    <p class='ocr_par' dir='ltr' id='par_1_20' title="bbox 207 895 988 928">
     <span class='ocr_line' id='line_1_20' title="bbox 207 895 988 928; baseline -0.006 -2"><span class='ocrx_word' id='word_1_141' title='bbox 207 899 267 926; x_wconf 81' lang='lat' dir='ltr'><strong>illos</strong></span> <span class='ocrx_word' id='word_1_142' title='bbox 285 898 312 925; x_wconf 94' lang='lat' dir='ltr'><strong>in</strong></span> <span class='ocrx_word' id='word_1_143' title='bbox 326 898 459 925; x_wconf 75' lang='lat' dir='ltr'><strong>servitute</strong></span> <span class='ocrx_word' id='word_1_144' title='bbox 483 895 648 923; x_wconf 85' lang='lat' dir='ltr'><strong>constrictos</strong></span> <span class='ocrx_word' id='word_1_145' title='bbox 666 895 787 928; x_wconf 81' lang='lat' dir='ltr'><strong>tenebat.</strong></span> <span class='ocrx_word' id='word_1_146' title='bbox 808 895 926 927; x_wconf 65' lang='lat' dir='ltr'><strong>Satanas,</strong></span> <span class='ocrx_word' id='word_1_147' title='bbox 947 895 988 922; x_wconf 95' lang='lat' dir='ltr'><strong>in-</strong></span> 
     </span>
    </p>
   </div>
   <div class='ocr_carea' id='block_1_21' title="bbox 206 940 800 980">
    <p class='ocr_par' dir='ltr' id='par_1_21' title="bbox 206 940 800 980">
     <span class='ocr_line' id='line_1_21' title="bbox 206 940 800 980; baseline -0.007 -9"><span class='ocrx_word' id='word_1_148' title='bbox 206 948 297 980; x_wconf 80' lang='lat' dir='ltr'><strong>quam,</strong></span> <span class='ocrx_word' id='word_1_149' title='bbox 314 943 412 970; x_wconf 64' lang='lat' dir='ltr'><strong>attritze</strong></span> <span class='ocrx_word' id='word_1_150' title='bbox 431 946 512 977; x_wconf 87' lang='lat' dir='ltr'><strong>atque</strong></span> <span class='ocrx_word' id='word_1_151' title='bbox 525 946 662 969; x_wconf 69' lang='lat' dir='ltr'><strong>enervatae</strong></span> <span class='ocrx_word' id='word_1_152' title='bbox 674 940 800 968; x_wconf 81' lang='lat' dir='ltr'><strong>fuissent.</strong></span> 
     </span>
    </p>
   </div>
   <div class='ocr_carea' id='block_1_22' title="bbox 240 986 992 1017">
    <p class='ocr_par' dir='ltr' id='par_1_22' title="bbox 240 986 992 1017">
     <span class='ocr_line' id='line_1_22' title="bbox 240 986 992 1017; baseline -0.005 0"><span class='ocrx_word' id='word_1_153' title='bbox 240 989 336 1017; x_wconf 78' lang='lat' dir='ltr'><strong>PALL.</strong></span> <span class='ocrx_word' id='word_1_154' title='bbox 366 988 491 1016; x_wconf 79' lang='lat' dir='ltr'><strong>Profecto</strong></span> <span class='ocrx_word' id='word_1_155' title='bbox 519 987 680 1016; x_wconf 82' lang='lat' dir='ltr'><strong>facillimum</strong></span> <span class='ocrx_word' id='word_1_156' title='bbox 708 997 713 1014; x_wconf 94' lang='lat'><strong>:</strong></span> <span class='ocrx_word' id='word_1_157' title='bbox 742 991 816 1015; x_wconf 89' lang='lat' dir='ltr'><strong>recte</strong></span> <span class='ocrx_word' id='word_1_158' title='bbox 845 987 918 1014; x_wconf 89' lang='lat' dir='ltr'><strong>enim</strong></span> <span class='ocrx_word' id='word_1_159' title='bbox 949 986 992 1014; x_wconf 90' lang='lat' dir='ltr'><strong>di-</strong></span> 
     </span>
    </p>
   </div>
   <div class='ocr_carea' id='block_1_23' title="bbox 197 1037 254 1065">
    <p class='ocr_par' dir='ltr' id='par_1_23' title="bbox 197 1037 254 1065">
     <span class='ocr_line' id='line_1_23' title="bbox 197 1037 254 1065; baseline -0.035 0"><span class='ocrx_word' id='word_1_160' title='bbox 197 1037 254 1065; x_wconf 35' lang='lat' dir='ltr'><strong>‘cis.</strong></span> 
     </span>
    </p>
   </div>
   <div class='ocr_carea' id='block_1_24' title="bbox 239 1078 993 1115">
    <p class='ocr_par' dir='ltr' id='par_1_24' title="bbox 239 1078 993 1115">
     <span class='ocr_line' id='line_1_24' title="bbox 239 1078 993 1115; baseline -0.004 -6"><span class='ocrx_word' id='word_1_161' title='bbox 239 1082 318 1110; x_wconf 76' lang='lat' dir='ltr'><strong>CYR.</strong></span> <span class='ocrx_word' id='word_1_162' title='bbox 340 1080 430 1115; x_wconf 83' lang='lat' dir='ltr'><strong>Quid?</strong></span> <span class='ocrx_word' id='word_1_163' title='bbox 450 1088 541 1108; x_wconf 89' lang='lat' dir='ltr'><strong>nonne</strong></span> <span class='ocrx_word' id='word_1_164' title='bbox 567 1080 632 1107; x_wconf 85' lang='lat' dir='ltr'><strong>hinc</strong></span> <span class='ocrx_word' id='word_1_165' title='bbox 654 1087 764 1115; x_wconf 86' lang='lat' dir='ltr'><strong>quoque</strong></span> <span class='ocrx_word' id='word_1_166' title='bbox 782 1086 895 1115; x_wconf 89' lang='lat' dir='ltr'><strong>prorsus</strong></span> <span class='ocrx_word' id='word_1_167' title='bbox 915 1078 993 1106; x_wconf 82' lang='lat' dir='ltr'><strong>facile</strong></span> 
     </span>
    </p>
   </div>
   <div class='ocr_carea' id='block_1_25' title="bbox 206 1124 993 1160">
    <p class='ocr_par' dir='ltr' id='par_1_25' title="bbox 206 1124 993 1160">
     <span class='ocr_line' id='line_1_25' title="bbox 206 1124 993 1160; baseline -0.005 -5"><span class='ocrx_word' id='word_1_168' title='bbox 206 1132 248 1155; x_wconf 88' lang='lat' dir='ltr'><strong>est</strong></span> <span class='ocrx_word' id='word_1_169' title='bbox 275 1127 387 1160; x_wconf 87' lang='lat' dir='ltr'><strong>videre,</strong></span> <span class='ocrx_word' id='word_1_170' title='bbox 415 1126 538 1154; x_wconf 89' lang='lat' dir='ltr'><strong>omnium</strong></span> <span class='ocrx_word' id='word_1_171' title='bbox 564 1124 707 1152; x_wconf 84' lang='lat' dir='ltr'><strong>hominum</strong></span> <span class='ocrx_word' id='word_1_172' title='bbox 734 1124 831 1152; x_wconf 90' lang='lat' dir='ltr'><strong>salutis</strong></span> <span class='ocrx_word' id='word_1_173' title='bbox 855 1129 993 1152; x_wconf 88' lang='lat' dir='ltr'><strong>auctorem</strong></span> 
     </span>
    </p>
   </div>
   <div class='ocr_carea' id='block_1_26' title="bbox 206 1170 995 1208">
    <p class='ocr_par' dir='ltr' id='par_1_26' title="bbox 206 1170 995 1208">
     <span class='ocr_line' id='line_1_26' title="bbox 206 1170 995 1208; baseline -0.005 -7"><span class='ocrx_word' id='word_1_174' title='bbox 206 1173 290 1201; x_wconf 85' lang='lat' dir='ltr'><strong>fuisse</strong></span> <span class='ocrx_word' id='word_1_175' title='bbox 303 1172 473 1208; x_wconf 78' lang='lat' dir='ltr'><strong>unigenitum</strong></span> <span class='ocrx_word' id='word_1_176' title='bbox 484 1171 532 1198; x_wconf 90' lang='lat' dir='ltr'><strong>Dei</strong></span> <span class='ocrx_word' id='word_1_177' title='bbox 546 1170 664 1199; x_wconf 76' lang='lat' dir='ltr'><strong>Filium?</strong></span> <span class='ocrx_word' id='word_1_178' title='bbox 684 1171 770 1206; x_wconf 86' lang='lat' dir='ltr'><strong>ipsius</strong></span> <span class='ocrx_word' id='word_1_179' title='bbox 787 1170 860 1198; x_wconf 90' lang='lat' dir='ltr'><strong>enim</strong></span> <span class='ocrx_word' id='word_1_180' title='bbox 880 1178 930 1205; x_wconf 91' lang='lat' dir='ltr'><strong>ope</strong></span> <span class='ocrx_word' id='word_1_181' title='bbox 950 1178 995 1197; x_wconf 89' lang='lat' dir='ltr'><strong>re-</strong></span> 
     </span>
    </p>
   </div>
   <div class='ocr_carea' id='block_1_27' title="bbox 207 1217 996 1255">
    <p class='ocr_par' dir='ltr' id='par_1_27' title="bbox 207 1217 996 1255">
     <span class='ocr_line' id='line_1_27' title="bbox 207 1217 996 1255; baseline -0.005 -7"><span class='ocrx_word' id='word_1_182' title='bbox 207 1220 309 1255; x_wconf 85' lang='lat' dir='ltr'><strong>dempti</strong></span> <span class='ocrx_word' id='word_1_183' title='bbox 325 1227 430 1250; x_wconf 86' lang='lat' dir='ltr'><strong>sumus,</strong></span> <span class='ocrx_word' id='word_1_184' title='bbox 444 1222 537 1253; x_wconf 81' lang='lat' dir='ltr'><strong>atque,</strong></span> <span class='ocrx_word' id='word_1_185' title='bbox 553 1222 584 1245; x_wconf 90' lang='lat' dir='ltr'><strong>ut</strong></span> <span class='ocrx_word' id='word_1_186' title='bbox 598 1217 638 1245; x_wconf 87' lang='lat' dir='ltr'><strong>ait</strong></span> <span class='ocrx_word' id='word_1_187' title='bbox 651 1217 785 1253; x_wconf 82' lang='lat' dir='ltr'><strong>propheta</strong></span> <span class='ocrx_word' id='word_1_188' title='bbox 800 1226 806 1244; x_wconf 89' lang='lat'><strong>:</strong></span> <span class='ocrx_word' id='word_1_189' title='bbox 823 1226 832 1242; x_wconf 75' lang='grc' dir='ltr'><strong>ι</strong></span> <span class='ocrx_word' id='word_1_190' title='bbox 845 1217 906 1244; x_wconf 89' lang='lat' dir='ltr'><strong>Non</strong></span> <span class='ocrx_word' id='word_1_191' title='bbox 923 1217 996 1252; x_wconf 73' lang='lat' dir='ltr'><strong>lega—</strong></span> 
     </span>
    </p>
   </div>
   <div class='ocr_carea' id='block_1_28' title="bbox 208 1261 996 1300">
    <p class='ocr_par' dir='ltr' id='par_1_28' title="bbox 208 1261 996 1300">
     <span class='ocr_line' id='line_1_28' title="bbox 208 1261 996 1300; baseline -0.005 -8"><span class='ocrx_word' id='word_1_192' title='bbox 208 1270 260 1298; x_wconf 81' lang='lat' dir='ltr'><strong>tus,</strong></span> <span class='ocrx_word' id='word_1_193' title='bbox 298 1272 353 1293; x_wconf 91' lang='lat' dir='ltr'><strong>non</strong></span> <span class='ocrx_word' id='word_1_194' title='bbox 381 1264 518 1300; x_wconf 75' lang='lat' dir='ltr'><strong>angelus,</strong></span> <span class='ocrx_word' id='word_1_195' title='bbox 547 1262 594 1291; x_wconf 81' lang='lat' dir='ltr'><strong>sed</strong></span> <span class='ocrx_word' id='word_1_196' title='bbox 632 1263 690 1298; x_wconf 89' lang='lat' dir='ltr'><strong>ipse</strong></span> <span class='ocrx_word' id='word_1_197' title='bbox 719 1262 850 1289; x_wconf 85' lang='lat' dir='ltr'><strong>Dominus</strong></span> <span class='ocrx_word' id='word_1_198' title='bbox 882 1261 996 1289; x_wconf 82' lang='lat' dir='ltr'><strong>salvavit</strong></span> 
     </span>
    </p>
   </div>
   <div class='ocr_carea' id='block_1_29' title="bbox 209 1309 320 1337">
    <p class='ocr_par' dir='ltr' id='par_1_29' title="bbox 209 1309 320 1337">
     <span class='ocr_line' id='line_1_29' title="bbox 209 1309 320 1337; baseline -0.009 -1"><span class='ocrx_word' id='word_1_199' title='bbox 209 1318 258 1337; x_wconf 90' lang='lat' dir='ltr'><strong>nos</strong></span> <span class='ocrx_word' id='word_1_200' title='bbox 267 1309 320 1336; x_wconf 82' lang='grc'><strong>“³.¹›</strong></span> 
     </span>
    </p>
   </div>
   <div class='ocr_carea' id='block_1_30' title="bbox 243 1353 626 1388">
    <p class='ocr_par' dir='ltr' id='par_1_30' title="bbox 243 1353 626 1388">
     <span class='ocr_line' id='line_1_30' title="bbox 243 1353 626 1388; baseline -0.01 -5"><span class='ocrx_word' id='word_1_201' title='bbox 243 1354 340 1383; x_wconf 68' lang='lat' dir='ltr'><strong>PALL.</strong></span> <span class='ocrx_word' id='word_1_202' title='bbox 350 1353 510 1382; x_wconf 84' lang='lat' dir='ltr'><strong>Undenam?</strong></span> <span class='ocrx_word' id='word_1_203' title='bbox 523 1360 626 1388; x_wconf 72' lang='lat' dir='ltr'><strong>qumso.</strong></span> 
     </span>
    </p>
   </div>
   <div class='ocr_carea' id='block_1_31' title="bbox 243 1396 996 1432">
    <p class='ocr_par' dir='ltr' id='par_1_31' title="bbox 243 1396 996 1432">
     <span class='ocr_line' id='line_1_31' title="bbox 243 1396 996 1432; baseline -0.007 -4"><span class='ocrx_word' id='word_1_204' title='bbox 243 1400 321 1428; x_wconf 80' lang='lat' dir='ltr'><strong>CYR.</strong></span> <span class='ocrx_word' id='word_1_205' title='bbox 345 1400 418 1427; x_wconf 89' lang='lat' dir='ltr'><strong>Deus</strong></span> <span class='ocrx_word' id='word_1_206' title='bbox 445 1400 519 1426; x_wconf 87' lang='lat' dir='ltr'><strong>enim</strong></span> <span class='ocrx_word' id='word_1_207' title='bbox 545 1398 734 1425; x_wconf 85' lang='lat' dir='ltr'><strong>universorum</strong></span> <span class='ocrx_word' id='word_1_208' title='bbox 755 1397 886 1432; x_wconf 60' lang='lat' dir='ltr'><strong>praecepit</strong></span> <span class='ocrx_word' id='word_1_209' title='bbox 913 1396 996 1432; x_wconf 81' lang='lat' dir='ltr'><strong>Moysi</strong></span> 
     </span>
    </p>
   </div>
   <div class='ocr_carea' id='block_1_32' title="bbox 209 1441 998 1478">
    <p class='ocr_par' dir='ltr' id='par_1_32' title="bbox 209 1441 998 1478">
     <span class='ocr_line' id='line_1_32' title="bbox 209 1441 998 1478; baseline -0.005 -5"><span class='ocrx_word' id='word_1_210' title='bbox 209 1446 319 1474; x_wconf 81' lang='lat' dir='ltr'><strong>disertis</strong></span> <span class='ocrx_word' id='word_1_211' title='bbox 328 1445 429 1477; x_wconf 84' lang='lat' dir='ltr'><strong>verbis,</strong></span> <span class='ocrx_word' id='word_1_212' title='bbox 445 1447 476 1471; x_wconf 91' lang='lat' dir='ltr'><strong>ut</strong></span> <span class='ocrx_word' id='word_1_213' title='bbox 488 1444 547 1471; x_wconf 81' lang='lat' dir='ltr'><strong>sine</strong></span> <span class='ocrx_word' id='word_1_214' title='bbox 556 1442 729 1470; x_wconf 83' lang='lat' dir='ltr'><strong>cunctatione</strong></span> <span class='ocrx_word' id='word_1_215' title='bbox 742 1446 869 1478; x_wconf 74' lang='lat' dir='ltr'><strong>pergeret</strong></span> <span class='ocrx_word' id='word_1_216' title='bbox 884 1441 917 1469; x_wconf 89' lang='lat' dir='ltr'><strong>ad</strong></span> <span class='ocrx_word' id='word_1_217' title='bbox 927 1441 998 1469; x_wconf 85' lang='lat' dir='ltr'><strong>ﬁlios</strong></span> 
     </span>
    </p>
   </div>
   <div class='ocr_carea' id='block_1_33' title="bbox 210 1482 998 1525">
    <p class='ocr_par' dir='ltr' id='par_1_33' title="bbox 210 1482 998 1525">
     <span class='ocr_line' id='line_1_33' title="bbox 210 1482 998 1525; baseline -0.006 -6"><span class='ocrx_word' id='word_1_218' title='bbox 210 1491 303 1524; x_wconf 85' lang='lat' dir='ltr'><strong>Israel,</strong></span> <span class='ocrx_word' id='word_1_219' title='bbox 319 1491 407 1525; x_wconf 85' lang='lat' dir='ltr'><strong>iisque</strong></span> <span class='ocrx_word' id='word_1_220' title='bbox 416 1482 504 1525; x_wconf 84' lang='lat' dir='ltr'><strong>palam</strong></span> <span class='ocrx_word' id='word_1_221' title='bbox 521 1489 635 1521; x_wconf 87' lang='lat' dir='ltr'><strong>diceret,</strong></span> <span class='ocrx_word' id='word_1_222' title='bbox 654 1487 727 1524; x_wconf 88' lang='lat' dir='ltr'><strong>quod</strong></span> <span class='ocrx_word' id='word_1_223' title='bbox 746 1487 899 1523; x_wconf 71' lang='lat' dir='ltr'><strong>adiutorem</strong></span> <span class='ocrx_word' id='word_1_224' title='bbox 915 1492 998 1522; x_wconf 83' lang='lat' dir='ltr'><strong>atque</strong></span> 
     </span>
    </p>
   </div>
   <div class='ocr_carea' id='block_1_34' title="bbox 1040 251 1830 289">
    <p class='ocr_par' dir='ltr' id='par_1_34' title="bbox 1040 251 1830 289">
     <span class='ocr_line' id='line_1_34' title="bbox 1040 251 1830 289; baseline 0.003 -11"><span class='ocrx_word' id='word_1_225' title='bbox 1040 251 1101 284; x_wconf 88' lang='grc' dir='ltr'><strong>θύς·</strong></span> <span class='ocrx_word' id='word_1_226' title='bbox 1124 261 1133 278; x_wconf 77' lang='grc' dir='ltr'><strong>ι</strong></span> <span class='ocrx_word' id='word_1_227' title='bbox 1161 252 1215 279; x_wconf 84' lang='grc' dir='ltr'><strong>Καὶ</strong></span> <span class='ocrx_word' id='word_1_228' title='bbox 1231 252 1278 280; x_wconf 84' lang='grc' dir='ltr'><strong>νῦν</strong></span> <span class='ocrx_word' id='word_1_229' title='bbox 1295 252 1349 279; x_wconf 75' lang='grc' dir='ltr'><strong>ἰδοὺ</strong></span> <span class='ocrx_word' id='word_1_230' title='bbox 1372 253 1389 288; x_wconf 78' lang='grc' dir='ltr'>ἡ</span> <span class='ocrx_word' id='word_1_231' title='bbox 1408 252 1516 287; x_wconf 83' lang='grc' dir='ltr'><strong>κραυγὴ</strong></span> <span class='ocrx_word' id='word_1_232' title='bbox 1532 252 1587 279; x_wconf 78' lang='grc' dir='ltr'><strong>τῶν</strong></span> <span class='ocrx_word' id='word_1_233' title='bbox 1613 252 1680 279; x_wconf 77' lang='grc' dir='ltr'><strong>υἱῶν</strong></span> <span class='ocrx_word' id='word_1_234' title='bbox 1708 253 1830 289; x_wconf 75' lang='grc' dir='ltr'><strong>Ἰσραὴλ,</strong></span> 
     </span>
    </p>
   </div>
   <div class='ocr_carea' id='block_1_35' title="bbox 1039 297 1832 334">
    <p class='ocr_par' dir='ltr' id='par_1_35' title="bbox 1039 297 1832 334">
     <span class='ocr_line' id='line_1_35' title="bbox 1039 297 1832 334; baseline 0.003 -10"><span class='ocrx_word' id='word_1_235' title='bbox 1039 299 1100 334; x_wconf 75' lang='grc' dir='ltr'><strong>ἥκει</strong></span> <span class='ocrx_word' id='word_1_236' title='bbox 1115 298 1182 334; x_wconf 81' lang='grc' dir='ltr'><strong>πρός</strong></span> <span class='ocrx_word' id='word_1_237' title='bbox 1199 306 1248 333; x_wconf 87' lang='grc' dir='ltr'><strong>με·</strong></span> <span class='ocrx_word' id='word_1_238' title='bbox 1269 297 1346 333; x_wconf 80' lang='grc' dir='ltr'><strong>κάγὼ</strong></span> <span class='ocrx_word' id='word_1_239' title='bbox 1361 298 1470 333; x_wconf 77' lang='grc' dir='ltr'><strong>ἑώρακα</strong></span> <span class='ocrx_word' id='word_1_240' title='bbox 1486 298 1530 325; x_wconf 74' lang='grc' dir='ltr'><strong>τὸν</strong></span> <span class='ocrx_word' id='word_1_241' title='bbox 1546 297 1681 333; x_wconf 83' lang='grc' dir='ltr'><strong>θλιμμὸν,</strong></span> <span class='ocrx_word' id='word_1_242' title='bbox 1696 299 1727 326; x_wconf 80' lang='grc' dir='ltr'><strong>ὃν</strong></span> <span class='ocrx_word' id='word_1_243' title='bbox 1742 300 1768 326; x_wconf 82' lang='grc' dir='ltr'><strong>οἰ</strong></span> <span class='ocrx_word' id='word_1_244' title='bbox 1781 300 1832 327; x_wconf 81' lang='grc' dir='ltr'><strong>Δί-</strong></span> 
     </span>
    </p>
   </div>
   <div class='ocr_carea' id='block_1_36' title="bbox 1039 344 1832 381">
    <p class='ocr_par' dir='ltr' id='par_1_36' title="bbox 1039 344 1832 381">
     <span class='ocr_line' id='line_1_36' title="bbox 1039 344 1832 381; baseline 0.001 -9"><span class='ocrx_word' id='word_1_245' title='bbox 1039 344 1147 380; x_wconf 83' lang='grc' dir='ltr'><strong>γύπτιοι</strong></span> <span class='ocrx_word' id='word_1_246' title='bbox 1162 344 1296 372; x_wconf 77' lang='grc' dir='ltr'><strong>θλίϐουσιν</strong></span> <span class='ocrx_word' id='word_1_247' title='bbox 1314 344 1426 377; x_wconf 79' lang='grc' dir='ltr'><strong>αὐτούς’</strong></span> <span class='ocrx_word' id='word_1_248' title='bbox 1446 344 1492 372; x_wconf 78' lang='grc' dir='ltr'><strong>καὶ</strong></span> <span class='ocrx_word' id='word_1_249' title='bbox 1512 344 1559 372; x_wconf 79' lang='grc' dir='ltr'><strong>νῦν</strong></span> <span class='ocrx_word' id='word_1_250' title='bbox 1578 344 1669 381; x_wconf 77' lang='grc' dir='ltr'><strong>δεῦρο,</strong></span> <span class='ocrx_word' id='word_1_251' title='bbox 1687 346 1832 373; x_wconf 79' lang='grc' dir='ltr'><strong>ἀποστελῶ</strong></span> 
     </span>
    </p>
   </div>
   <div class='ocr_carea' id='block_1_37' title="bbox 1041 390 1832 427">
    <p class='ocr_par' dir='ltr' id='par_1_37' title="bbox 1041 390 1832 427">
     <span class='ocr_line' id='line_1_37' title="bbox 1041 390 1832 427; baseline 0.001 -9"><span class='ocrx_word' id='word_1_252' title='bbox 1041 400 1070 418; x_wconf 76' lang='grc' dir='ltr'><strong>σε</strong></span> <span class='ocrx_word' id='word_1_253' title='bbox 1092 391 1161 427; x_wconf 77' lang='grc' dir='ltr'><strong>πρὸς</strong></span> <span class='ocrx_word' id='word_1_254' title='bbox 1177 390 1274 427; x_wconf 78' lang='grc' dir='ltr'><strong>Φαραὼ</strong></span> <span class='ocrx_word' id='word_1_255' title='bbox 1293 391 1404 426; x_wconf 83' lang='grc' dir='ltr'><strong>βασιλέα</strong></span> <span class='ocrx_word' id='word_1_256' title='bbox 1422 390 1561 425; x_wconf 69' lang='grc' dir='ltr'><strong>Αἰγύπτου</strong></span> <span class='ocrx_word' id='word_1_257' title='bbox 1572 411 1580 424; x_wconf 92' lang='grc'>,</span> <span class='ocrx_word' id='word_1_258' title='bbox 1600 392 1646 418; x_wconf 70' lang='grc' dir='ltr'><strong>καὶ</strong></span> <span class='ocrx_word' id='word_1_259' title='bbox 1663 391 1770 424; x_wconf 66' lang='grc' dir='ltr'><strong>ἐξάξεις</strong></span> <span class='ocrx_word' id='word_1_260' title='bbox 1783 393 1832 419; x_wconf 80' lang='grc' dir='ltr'><strong>τὸν</strong></span> 
     </span>
    </p>
   </div>
   <div class='ocr_carea' id='block_1_38' title="bbox 1043 437 1832 472">
    <p class='ocr_par' dir='ltr' id='par_1_38' title="bbox 1043 437 1832 472">
     <span class='ocr_line' id='line_1_38' title="bbox 1043 437 1832 472; baseline 0.001 -9"><span class='ocrx_word' id='word_1_261' title='bbox 1043 437 1107 464; x_wconf 87' lang='grc' dir='ltr'><strong>λαόν</strong></span> <span class='ocrx_word' id='word_1_262' title='bbox 1122 446 1184 472; x_wconf 85' lang='grc' dir='ltr'><strong>μου,</strong></span> <span class='ocrx_word' id='word_1_263' title='bbox 1196 438 1257 469; x_wconf 79' lang='grc' dir='ltr'><strong>τοὺς</strong></span> <span class='ocrx_word' id='word_1_264' title='bbox 1266 438 1339 468; x_wconf 79' lang='grc' dir='ltr'><strong>υίοὶις</strong></span> <span class='ocrx_word' id='word_1_265' title='bbox 1354 437 1472 472; x_wconf 80' lang='grc' dir='ltr'><strong>Ἰσραὴλ.</strong></span> <span class='ocrx_word' id='word_1_266' title='bbox 1487 438 1520 464; x_wconf 78' lang='grc' dir='ltr'><strong>ἐκ</strong></span> <span class='ocrx_word' id='word_1_267' title='bbox 1530 437 1582 472; x_wconf 84' lang='grc' dir='ltr'><strong>γῆς</strong></span> <span class='ocrx_word' id='word_1_268' title='bbox 1595 437 1767 471; x_wconf 72' lang='grc' dir='ltr'><strong>Αἰγύπτουοι</strong></span> <span class='ocrx_word' id='word_1_269' title='bbox 1782 446 1832 464; x_wconf 81' lang='grc' dir='ltr'><strong>σα·-</strong></span> 
     </span>
    </p>
   </div>
   <div class='ocr_carea' id='block_1_39' title="bbox 1042 482 1833 518">
    <p class='ocr_par' dir='ltr' id='par_1_39' title="bbox 1042 482 1833 518">
     <span class='ocr_line' id='line_1_39' title="bbox 1042 482 1833 518; baseline 0 -10"><span class='ocrx_word' id='word_1_270' title='bbox 1042 482 1098 517; x_wconf 75' lang='grc' dir='ltr'><strong>φῶς</strong></span> <span class='ocrx_word' id='word_1_271' title='bbox 1124 482 1152 509; x_wconf 82' lang='grc' dir='ltr'><strong>δὲ</strong></span> <span class='ocrx_word' id='word_1_272' title='bbox 1172 483 1219 509; x_wconf 75' lang='grc' dir='ltr'><strong>καὶ</strong></span> <span class='ocrx_word' id='word_1_273' title='bbox 1242 482 1389 517; x_wconf 79' lang='grc' dir='ltr'><strong>διαρρήδην</strong></span> <span class='ocrx_word' id='word_1_274' title='bbox 1411 483 1591 518; x_wconf 80' lang='grc' dir='ltr'><strong>ἁνεκεκράγει</strong></span> <span class='ocrx_word' id='word_1_275' title='bbox 1606 482 1728 518; x_wconf 76' lang='grc' dir='ltr'><strong>Μωσῆς’</strong></span> <span class='ocrx_word' id='word_1_276' title='bbox 1748 493 1758 508; x_wconf 79' lang='grc' dir='ltr'><strong>ε</strong></span> <span class='ocrx_word' id='word_1_277' title='bbox 1782 482 1833 515; x_wconf 79' lang='grc' dir='ltr'><strong>Τίς</strong></span> 
     </span>
    </p>
   </div>
   <div class='ocr_carea' id='block_1_40' title="bbox 1041 528 1834 565">
    <p class='ocr_par' dir='ltr' id='par_1_40' title="bbox 1041 528 1834 565">
     <span class='ocr_line' id='line_1_40' title="bbox 1041 528 1834 565; baseline 0.001 -9"><span class='ocrx_word' id='word_1_278' title='bbox 1041 530 1098 564; x_wconf 82' lang='grc' dir='ltr'><strong>εἰμι</strong></span> <span class='ocrx_word' id='word_1_279' title='bbox 1116 528 1185 564; x_wconf 75' lang='grc' dir='ltr'><strong>ἐγὼ,</strong></span> <span class='ocrx_word' id='word_1_280' title='bbox 1203 529 1244 556; x_wconf 83' lang='grc' dir='ltr'><strong>ὃτι</strong></span> <span class='ocrx_word' id='word_1_281' title='bbox 1260 528 1428 564; x_wconf 76' lang='grc' dir='ltr'><strong>πορεύσομαι</strong></span> <span class='ocrx_word' id='word_1_282' title='bbox 1444 529 1511 565; x_wconf 77' lang='grc' dir='ltr'><strong>πρὸς</strong></span> <span class='ocrx_word' id='word_1_283' title='bbox 1531 529 1630 564; x_wconf 76' lang='grc' dir='ltr'><strong>Φαραὼ</strong></span> <span class='ocrx_word' id='word_1_284' title='bbox 1653 529 1765 565; x_wconf 77' lang='grc' dir='ltr'><strong>βασιλέα</strong></span> <span class='ocrx_word' id='word_1_285' title='bbox 1784 530 1834 557; x_wconf 79' lang='grc' dir='ltr'><strong>Αι-</strong></span> 
     </span>
    </p>
   </div>
   <div class='ocr_carea' id='block_1_41' title="bbox 1042 573 1833 611">
    <p class='ocr_par' dir='ltr' id='par_1_41' title="bbox 1042 573 1833 611">
     <span class='ocr_line' id='line_1_41' title="bbox 1042 573 1833 611; baseline -0.001 -9"><span class='ocrx_word' id='word_1_286' title='bbox 1042 574 1155 609; x_wconf 82' lang='grc' dir='ltr'><strong>γύπτου,</strong></span> <span class='ocrx_word' id='word_1_287' title='bbox 1178 575 1225 602; x_wconf 73' lang='grc' dir='ltr'><strong>καὶ</strong></span> <span class='ocrx_word' id='word_1_288' title='bbox 1247 575 1290 601; x_wconf 85' lang='grc' dir='ltr'><strong>ὃτι</strong></span> <span class='ocrx_word' id='word_1_289' title='bbox 1309 573 1396 606; x_wconf 69' lang='grc' dir='ltr'><strong>ἐξάξω</strong></span> <span class='ocrx_word' id='word_1_290' title='bbox 1418 575 1480 606; x_wconf 82' lang='grc' dir='ltr'><strong>τοὺς</strong></span> <span class='ocrx_word' id='word_1_291' title='bbox 1501 574 1575 606; x_wconf 74' lang='grc' dir='ltr'><strong>υἱοὺς</strong></span> <span class='ocrx_word' id='word_1_292' title='bbox 1600 575 1710 611; x_wconf 81' lang='grc' dir='ltr'><strong>Ἰσραὴλ</strong></span> <span class='ocrx_word' id='word_1_293' title='bbox 1730 575 1763 601; x_wconf 77' lang='grc' dir='ltr'><strong>ὲκ</strong></span> <span class='ocrx_word' id='word_1_294' title='bbox 1780 576 1833 610; x_wconf 74' lang='grc' dir='ltr'><strong>γῆς</strong></span> 
     </span>
    </p>
   </div>
   <div class='ocr_carea' id='block_1_42' title="bbox 1042 617 1834 657">
    <p class='ocr_par' dir='ltr' id='par_1_42' title="bbox 1042 617 1834 657">
     <span class='ocr_line' id='line_1_42' title="bbox 1042 617 1834 657; baseline 0.001 -10"><span class='ocrx_word' id='word_1_295' title='bbox 1042 621 1198 655; x_wconf 82' lang='grc' dir='ltr'><strong>Δίγύπτου;</strong></span> <span class='ocrx_word' id='word_1_296' title='bbox 1218 630 1228 647; x_wconf 70' lang='grc' dir='ltr'><strong>ι</strong></span> <span class='ocrx_word' id='word_1_297' title='bbox 1241 618 1304 656; x_wconf 79' lang='grc' dir='ltr'><strong>⁷Αρ¹</strong></span> <span class='ocrx_word' id='word_1_298' title='bbox 1317 617 1363 647; x_wconf 85' lang='grc' dir='ltr'><strong>οὖν</strong></span> <span class='ocrx_word' id='word_1_299' title='bbox 1375 620 1426 647; x_wconf 81' lang='grc' dir='ltr'><strong>οὐκ</strong></span> <span class='ocrx_word' id='word_1_300' title='bbox 1436 621 1554 655; x_wconf 65' lang='grc' dir='ltr'><strong>ἐναργὴς</strong></span> <span class='ocrx_word' id='word_1_301' title='bbox 1567 621 1581 647; x_wconf 88' lang='grc' dir='ltr'><strong>ό</strong></span> <span class='ocrx_word' id='word_1_302' title='bbox 1593 620 1688 652; x_wconf 86' lang='grc' dir='ltr'><strong>τύπος,</strong></span> <span class='ocrx_word' id='word_1_303' title='bbox 1701 621 1748 648; x_wconf 76' lang='grc' dir='ltr'><strong>καὶ</strong></span> <span class='ocrx_word' id='word_1_304' title='bbox 1759 621 1773 647; x_wconf 79' lang='grc' dir='ltr'><strong>ὁ</strong></span> <span class='ocrx_word' id='word_1_305' title='bbox 1783 622 1834 657; x_wconf 79' lang='grc' dir='ltr'><strong>τῆς</strong></span> 
     </span>
    </p>
   </div>
   <div class='ocr_carea' id='block_1_43' title="bbox 1043 666 1835 703">
    <p class='ocr_par' dir='ltr' id='par_1_43' title="bbox 1043 666 1835 703">
     <span class='ocr_line' id='line_1_43' title="bbox 1043 666 1835 703; baseline 0 -10"><span class='ocrx_word' id='word_1_306' title='bbox 1043 668 1233 702; x_wconf 78' lang='grc' dir='ltr'><strong>παραιτήσεως</strong></span> <span class='ocrx_word' id='word_1_307' title='bbox 1247 666 1346 702; x_wconf 82' lang='grc' dir='ltr'>τρόπος</span> <span class='ocrx_word' id='word_1_308' title='bbox 1359 666 1419 702; x_wconf 80' lang='grc' dir='ltr'><strong>οὐχὶ</strong></span> <span class='ocrx_word' id='word_1_309' title='bbox 1433 666 1481 702; x_wconf 81' lang='grc' dir='ltr'><strong>τὴν</strong></span> <span class='ocrx_word' id='word_1_310' title='bbox 1495 666 1632 703; x_wconf 76' lang='grc' dir='ltr'><strong>ἀναφορὰν</strong></span> <span class='ocrx_word' id='word_1_311' title='bbox 1647 667 1695 693; x_wconf 75' lang='grc' dir='ltr'><strong>ἐπὶ</strong></span> <span class='ocrx_word' id='word_1_312' title='bbox 1705 667 1739 693; x_wconf 81' lang='grc' dir='ltr'><strong>τδ</strong></span> <span class='ocrx_word' id='word_1_313' title='bbox 1749 667 1835 702; x_wconf 79' lang='grc' dir='ltr'><strong>ἀσυγ-</strong></span> 
     </span>
    </p>
   </div>
   <div class='ocr_carea' id='block_1_44' title="bbox 1043 706 1834 750">
    <p class='ocr_par' dir='ltr' id='par_1_44' title="bbox 1043 706 1834 750">
     <span class='ocr_line' id='line_1_44' title="bbox 1043 706 1834 750; baseline -0.001 -10"><span class='ocrx_word' id='word_1_314' title='bbox 1043 713 1143 748; x_wconf 83' lang='grc' dir='ltr'><strong>κρίτως</strong></span> <span class='ocrx_word' id='word_1_315' title='bbox 1156 713 1322 750; x_wconf 79' lang='grc' dir='ltr'><strong>ὑπερτεροῦν</strong></span> <span class='ocrx_word' id='word_1_316' title='bbox 1335 713 1382 740; x_wconf 75' lang='grc' dir='ltr'><strong>καὶ</strong></span> <span class='ocrx_word' id='word_1_317' title='bbox 1391 706 1588 748; x_wconf 65' lang='grc' dir='ltr'><strong>ὑπερκείμενον</strong></span> <span class='ocrx_word' id='word_1_318' title='bbox 1600 713 1667 748; x_wconf 71' lang='grc' dir='ltr'><strong>ἔχει,</strong></span> <span class='ocrx_word' id='word_1_319' title='bbox 1678 712 1752 740; x_wconf 79' lang='grc' dir='ltr'><strong>τοῦτ’</strong></span> <span class='ocrx_word' id='word_1_320' title='bbox 1763 713 1834 746; x_wconf 72' lang='grc' dir='ltr'><strong>εστι,</strong></span> 
     </span>
    </p>
   </div>
   <div class='ocr_carea' id='block_1_45' title="bbox 1044 758 1833 795">
    <p class='ocr_par' dir='ltr' id='par_1_45' title="bbox 1044 758 1833 795">
     <span class='ocr_line' id='line_1_45' title="bbox 1044 758 1833 795; baseline 0 -9"><span class='ocrx_word' id='word_1_321' title='bbox 1044 760 1176 795; x_wconf 81' lang='grc' dir='ltr'><strong>Χριστόν;</strong></span> <span class='ocrx_word' id='word_1_322' title='bbox 1193 760 1236 791; x_wconf 83' lang='grc' dir='ltr'><strong>Ὠς</strong></span> <span class='ocrx_word' id='word_1_323' title='bbox 1246 759 1285 792; x_wconf 81' lang='grc' dir='ltr'><strong>τὺ,</strong></span> <span class='ocrx_word' id='word_1_324' title='bbox 1297 769 1306 785; x_wconf 79' lang='grc' dir='ltr'><strong>ι</strong></span> <span class='ocrx_word' id='word_1_325' title='bbox 1318 759 1366 791; x_wconf 85' lang='grc' dir='ltr'><strong>Τίς</strong></span> <span class='ocrx_word' id='word_1_326' title='bbox 1375 758 1509 795; x_wconf 46' lang='lat' dir='ltr'><strong>stativi);</strong></span> <span class='ocrx_word' id='word_1_327' title='bbox 1520 768 1530 784; x_wconf 80' lang='grc' dir='ltr'><strong>ι</strong></span> <span class='ocrx_word' id='word_1_328' title='bbox 1542 759 1630 793; x_wconf 80' lang='grc' dir='ltr'><strong>λέγειν</strong></span> <span class='ocrx_word' id='word_1_329' title='bbox 1644 759 1816 795; x_wconf 76' lang='grc' dir='ltr'><strong>ἀνάρμοστον</strong></span> <span class='ocrx_word' id='word_1_330' title='bbox 1825 767 1833 774; x_wconf 93' lang='grc'><strong>·</strong></span> 
     </span>
    </p>
   </div>
   <div class='ocr_carea' id='block_1_46' title="bbox 1044 801 1834 840">
    <p class='ocr_par' dir='ltr' id='par_1_46' title="bbox 1044 801 1834 840">
     <span class='ocr_line' id='line_1_46' title="bbox 1044 801 1834 840; baseline 0 -8"><span class='ocrx_word' id='word_1_331' title='bbox 1044 805 1155 838; x_wconf 81' lang='grc' dir='ltr'><strong>εὐπετὲς</strong></span> <span class='ocrx_word' id='word_1_332' title='bbox 1166 805 1194 832; x_wconf 82' lang='grc' dir='ltr'><strong>δὲ</strong></span> <span class='ocrx_word' id='word_1_333' title='bbox 1206 805 1264 832; x_wconf 83' lang='grc' dir='ltr'><strong>λίαν</strong></span> <span class='ocrx_word' id='word_1_334' title='bbox 1278 806 1307 832; x_wconf 85' lang='grc' dir='ltr'>τὸ</span> <span class='ocrx_word' id='word_1_335' title='bbox 1325 801 1462 838; x_wconf 65' lang='grc' dir='ltr'><strong>ἐξελέσθαι</strong></span> <span class='ocrx_word' id='word_1_336' title='bbox 1475 805 1568 836; x_wconf 81' lang='grc' dir='ltr'><strong>λαοὺς,</strong></span> <span class='ocrx_word' id='word_1_337' title='bbox 1581 804 1629 831; x_wconf 78' lang='grc' dir='ltr'><strong>καὶ</strong></span> <span class='ocrx_word' id='word_1_338' title='bbox 1642 804 1742 836; x_wconf 59' lang='grc' dir='ltr'><strong>σώζειν</strong></span> <span class='ocrx_word' id='word_1_339' title='bbox 1756 804 1834 840; x_wconf 79' lang='grc' dir='ltr'><strong>ἔθνη,</strong></span> 
     </span>
    </p>
   </div>
   <div class='ocr_carea' id='block_1_47' title="bbox 1045 850 1837 887">
    <p class='ocr_par' dir='ltr' id='par_1_47' title="bbox 1045 850 1837 887">
     <span class='ocr_line' id='line_1_47' title="bbox 1045 850 1837 887; baseline -0.003 -8"><span class='ocrx_word' id='word_1_340' title='bbox 1045 852 1091 879; x_wconf 66' lang='grc' dir='ltr'><strong>καὶ</strong></span> <span class='ocrx_word' id='word_1_341' title='bbox 1103 851 1280 886; x_wconf 68' lang='grc' dir='ltr'><strong>ἀποκομίζειν</strong></span> <span class='ocrx_word' id='word_1_342' title='bbox 1298 852 1337 883; x_wconf 83' lang='grc' dir='ltr'><strong>εἰς</strong></span> <span class='ocrx_word' id='word_1_343' title='bbox 1351 850 1508 885; x_wconf 74' lang='grc' dir='ltr'><strong>ἐλευθερίαν</strong></span> <span class='ocrx_word' id='word_1_344' title='bbox 1518 871 1525 881; x_wconf 85' lang='grc'><em>,</em></span> <span class='ocrx_word' id='word_1_345' title='bbox 1540 850 1772 887; x_wconf 74' lang='grc' dir='ltr'><strong>συντετριμμένον</strong></span> <span class='ocrx_word' id='word_1_346' title='bbox 1787 851 1837 877; x_wconf 78' lang='grc' dir='ltr'><strong>καὶ</strong></span> 
     </span>
    </p>
   </div>
   <div class='ocr_carea' id='block_1_48' title="bbox 1043 895 1835 933">
    <p class='ocr_par' dir='ltr' id='par_1_48' title="bbox 1043 895 1835 933">
     <span class='ocr_line' id='line_1_48' title="bbox 1043 895 1835 933; baseline -0.003 -9"><span class='ocrx_word' id='word_1_347' title='bbox 1043 895 1285 933; x_wconf 70' lang='grc' dir='ltr'><strong>ἀτονήσαντος,τοῦ</strong></span> <span class='ocrx_word' id='word_1_348' title='bbox 1297 896 1363 933; x_wconf 71' lang='grc' dir='ltr'><strong>πρὸς</strong></span> <span class='ocrx_word' id='word_1_349' title='bbox 1374 895 1495 924; x_wconf 73' lang='grc' dir='ltr'><strong>δουλείαν</strong></span> <span class='ocrx_word' id='word_1_350' title='bbox 1506 896 1662 932; x_wconf 79' lang='grc' dir='ltr'><strong>συνέχοντος</strong></span> <span class='ocrx_word' id='word_1_351' title='bbox 1681 897 1754 924; x_wconf 74' lang='grc' dir='ltr'><strong>τοῦτ’</strong></span> <span class='ocrx_word' id='word_1_352' title='bbox 1764 897 1835 929; x_wconf 69' lang='grc' dir='ltr'><strong>ἔστι,</strong></span> 
     </span>
    </p>
   </div>
   <div class='ocr_carea' id='block_1_49' title="bbox 1044 942 1223 970">
    <p class='ocr_par' dir='ltr' id='par_1_49' title="bbox 1044 942 1223 970">
     <span class='ocr_line' id='line_1_49' title="bbox 1044 942 1223 970; baseline 0.006 -1"><span class='ocrx_word' id='word_1_353' title='bbox 1044 942 1089 969; x_wconf 74' lang='grc' dir='ltr'><strong>τοῦ</strong></span> <span class='ocrx_word' id='word_1_354' title='bbox 1106 943 1223 970; x_wconf 78' lang='grc' dir='ltr'><strong>Σατανᾶ.</strong></span> 
     </span>
    </p>
   </div>
   <div class='ocr_carea' id='block_1_50' title="bbox 1079 989 1681 1026">
    <p class='ocr_par' dir='ltr' id='par_1_50' title="bbox 1079 989 1681 1026">
     <span class='ocr_line' id='line_1_50' title="bbox 1079 989 1681 1026; baseline 0 -10"><span class='ocrx_word' id='word_1_355' title='bbox 1079 989 1182 1016; x_wconf 80' lang='grc' dir='ltr'><strong>ΠΔΛΛ.</strong></span> <span class='ocrx_word' id='word_1_356' title='bbox 1200 989 1418 1017; x_wconf 73' lang='grc' dir='ltr'><strong>Εὑπετέστατον·</strong></span> <span class='ocrx_word' id='word_1_357' title='bbox 1435 989 1506 1026; x_wconf 78' lang='grc' dir='ltr'><strong>ἔφης</strong></span> <span class='ocrx_word' id='word_1_358' title='bbox 1519 989 1574 1026; x_wconf 82' lang='grc' dir='ltr'><strong>γὰρ</strong></span> <span class='ocrx_word' id='word_1_359' title='bbox 1592 989 1681 1025; x_wconf 78' lang='grc' dir='ltr'><strong>ὀρθῶς</strong></span> 
     </span>
    </p>
   </div>
   <div class='ocr_carea' id='block_1_51' title="bbox 1079 1077 1838 1115">
    <p class='ocr_par' dir='ltr' id='par_1_51' title="bbox 1079 1077 1838 1115">
     <span class='ocr_line' id='line_1_51' title="bbox 1079 1077 1838 1115; baseline -0.003 -8"><span class='ocrx_word' id='word_1_360' title='bbox 1079 1079 1162 1107; x_wconf 80' lang='grc' dir='ltr'>ΚΥΡ.</span> <span class='ocrx_word' id='word_1_361' title='bbox 1185 1080 1218 1106; x_wconf 81' lang='lat' dir='ltr'><strong>Ti</strong></span> <span class='ocrx_word' id='word_1_362' title='bbox 1241 1079 1286 1111; x_wconf 66' lang='lat'><strong>85&#39;;</strong></span> <span class='ocrx_word' id='word_1_363' title='bbox 1303 1079 1363 1114; x_wconf 79' lang='grc' dir='ltr'><strong>οὐχὶ</strong></span> <span class='ocrx_word' id='word_1_364' title='bbox 1386 1077 1533 1106; x_wconf 76' lang='grc' dir='ltr'><strong>κόνντεῦθεν</strong></span> <span class='ocrx_word' id='word_1_365' title='bbox 1557 1078 1620 1106; x_wconf 73' lang='grc' dir='ltr'><strong>ιδείν</strong></span> <span class='ocrx_word' id='word_1_366' title='bbox 1643 1078 1838 1115; x_wconf 80' lang='grc' dir='ltr'><strong>ἀταλαίπωρον</strong></span> 
     </span>
    </p>
   </div>
   <div class='ocr_carea' id='block_1_52' title="bbox 1044 1117 1839 1161">
    <p class='ocr_par' dir='ltr' id='par_1_52' title="bbox 1044 1117 1839 1161">
     <span class='ocr_line' id='line_1_52' title="bbox 1044 1117 1839 1161; baseline -0.004 -7"><span class='ocrx_word' id='word_1_367' title='bbox 1044 1125 1198 1158; x_wconf 79' lang='grc' dir='ltr'><strong>παντελῶς,</strong></span> <span class='ocrx_word' id='word_1_368' title='bbox 1213 1126 1254 1152; x_wconf 84' lang='grc' dir='ltr'><strong>ὅτι</strong></span> <span class='ocrx_word' id='word_1_369' title='bbox 1268 1126 1317 1161; x_wconf 84' lang='grc' dir='ltr'><strong>τῆς</strong></span> <span class='ocrx_word' id='word_1_370' title='bbox 1336 1125 1463 1153; x_wconf 74' lang='grc' dir='ltr'><strong>ἁπάντων</strong></span> <span class='ocrx_word' id='word_1_371' title='bbox 1480 1125 1617 1160; x_wconf 72' lang='grc' dir='ltr'><strong>σωτηρίας</strong></span> <span class='ocrx_word' id='word_1_372' title='bbox 1640 1117 1777 1160; x_wconf 68' lang='grc' dir='ltr'><strong>πρξίσανις</strong></span> <span class='ocrx_word' id='word_1_373' title='bbox 1793 1125 1839 1158; x_wconf 72' lang='grc' dir='ltr'><strong>γί-</strong></span> 
     </span>
    </p>
   </div>
   <div class='ocr_carea' id='block_1_53' title="bbox 1044 1170 1837 1207">
    <p class='ocr_par' dir='ltr' id='par_1_53' title="bbox 1044 1170 1837 1207">
     <span class='ocr_line' id='line_1_53' title="bbox 1044 1170 1837 1207; baseline -0.003 -8"><span class='ocrx_word' id='word_1_374' title='bbox 1044 1181 1121 1207; x_wconf 82' lang='grc' dir='ltr'><strong>γονεν</strong></span> <span class='ocrx_word' id='word_1_375' title='bbox 1138 1174 1152 1199; x_wconf 88' lang='grc' dir='ltr'>ὁ</span> <span class='ocrx_word' id='word_1_376' title='bbox 1174 1172 1347 1207; x_wconf 75' lang='grc' dir='ltr'><strong>Μονογενήςς</strong></span> <span class='ocrx_word' id='word_1_377' title='bbox 1367 1172 1401 1199; x_wconf 81' lang='grc' dir='ltr'><strong>δι’</strong></span> <span class='ocrx_word' id='word_1_378' title='bbox 1418 1171 1501 1199; x_wconf 78' lang='grc' dir='ltr'><strong>αὐτοῦ</strong></span> <span class='ocrx_word' id='word_1_379' title='bbox 1522 1171 1577 1206; x_wconf 84' lang='grc' dir='ltr'><strong>γὰρ</strong></span> <span class='ocrx_word' id='word_1_380' title='bbox 1598 1170 1837 1206; x_wconf 75' lang='grc' dir='ltr'><strong>ἑκλελυτρώμεθα,</strong></span> 
     </span>
    </p>
   </div>
   <div class='ocr_carea' id='block_1_54' title="bbox 1044 1215 1838 1252">
    <p class='ocr_par' dir='ltr' id='par_1_54' title="bbox 1044 1215 1838 1252">
     <span class='ocr_line' id='line_1_54' title="bbox 1044 1215 1838 1252; baseline -0.001 -9"><span class='ocrx_word' id='word_1_381' title='bbox 1044 1217 1091 1244; x_wconf 90' lang='grc' dir='ltr'><strong>καί</strong></span> <span class='ocrx_word' id='word_1_382' title='bbox 1106 1225 1188 1251; x_wconf 85' lang='grc' dir='ltr'><strong>φησιν</strong></span> <span class='ocrx_word' id='word_1_383' title='bbox 1202 1217 1216 1243; x_wconf 83' lang='grc' dir='ltr'>ὁ</span> <span class='ocrx_word' id='word_1_384' title='bbox 1236 1216 1378 1252; x_wconf 82' lang='grc' dir='ltr'><strong>προφήτης</strong></span> <span class='ocrx_word' id='word_1_385' title='bbox 1388 1224 1394 1231; x_wconf 91' lang='grc'><strong>·</strong></span> <span class='ocrx_word' id='word_1_386' title='bbox 1415 1225 1424 1241; x_wconf 75' lang='grc' dir='ltr'><strong>ι</strong></span> <span class='ocrx_word' id='word_1_387' title='bbox 1444 1215 1481 1243; x_wconf 79' lang='grc' dir='ltr'><strong>Οὐ</strong></span> <span class='ocrx_word' id='word_1_388' title='bbox 1496 1215 1627 1251; x_wconf 75' lang='grc' dir='ltr'><strong>πρέσῦυς,</strong></span> <span class='ocrx_word' id='word_1_389' title='bbox 1645 1216 1696 1242; x_wconf 82' lang='grc' dir='ltr'><strong>οὐκ</strong></span> <span class='ocrx_word' id='word_1_390' title='bbox 1710 1215 1838 1250; x_wconf 77' lang='grc' dir='ltr'><strong>ἄγγελος,</strong></span> 
     </span>
    </p>
   </div>
   <div class='ocr_carea' id='block_1_55' title="bbox 1045 1261 1603 1298">
    <p class='ocr_par' dir='ltr' id='par_1_55' title="bbox 1045 1261 1603 1298">
     <span class='ocr_line' id='line_1_55' title="bbox 1045 1261 1603 1298; baseline -0.002 -9"><span class='ocrx_word' id='word_1_391' title='bbox 1045 1262 1102 1289; x_wconf 84' lang='grc' dir='ltr'><strong>ἀλλ’</strong></span> <span class='ocrx_word' id='word_1_392' title='bbox 1120 1262 1200 1294; x_wconf 73' lang='grc' dir='ltr'><strong>αὐτὸς</strong></span> <span class='ocrx_word' id='word_1_393' title='bbox 1219 1263 1234 1289; x_wconf 79' lang='grc' dir='ltr'>ὁ</span> <span class='ocrx_word' id='word_1_394' title='bbox 1253 1262 1355 1297; x_wconf 71' lang='grc' dir='ltr'><strong>Κύριος</strong></span> <span class='ocrx_word' id='word_1_395' title='bbox 1369 1261 1471 1289; x_wconf 69' lang='grc' dir='ltr'><strong>ἔσωσεν</strong></span> <span class='ocrx_word' id='word_1_396' title='bbox 1487 1262 1570 1298; x_wconf 82' lang='grc' dir='ltr'><strong>ἡμᾶς.</strong></span> <span class='ocrx_word' id='word_1_397' title='bbox 1594 1271 1603 1287; x_wconf 75' lang='grc' dir='ltr'><strong>ι</strong></span> 
     </span>
    </p>
   </div>
   <div class='ocr_carea' id='block_1_56' title="bbox 1081 1350 1387 1386">
    <p class='ocr_par' dir='ltr' id='par_1_56' title="bbox 1081 1350 1387 1386">
     <span class='ocr_line' id='line_1_56' title="bbox 1081 1350 1387 1386; baseline -0.003 -8"><span class='ocrx_word' id='word_1_398' title='bbox 1081 1351 1185 1378; x_wconf 82' lang='grc' dir='ltr'><strong>ΠΛΛΛ.</strong></span> <span class='ocrx_word' id='word_1_399' title='bbox 1203 1351 1287 1377; x_wconf 83' lang='grc' dir='ltr'><strong>Πόθεν</strong></span> <span class='ocrx_word' id='word_1_400' title='bbox 1303 1350 1387 1386; x_wconf 56' lang='grc' dir='ltr'><strong>ἔφης</strong></span> 
     </span>
    </p>
   </div>
   <div class='ocr_carea' id='block_1_57' title="bbox 1082 1397 1840 1434">
    <p class='ocr_par' dir='ltr' id='par_1_57' title="bbox 1082 1397 1840 1434">
     <span class='ocr_line' id='line_1_57' title="bbox 1082 1397 1840 1434; baseline 0.003 -10"><span class='ocrx_word' id='word_1_401' title='bbox 1082 1398 1164 1425; x_wconf 82' lang='grc' dir='ltr'><strong>ΚΥΡ.</strong></span> <span class='ocrx_word' id='word_1_402' title='bbox 1190 1398 1219 1423; x_wconf 94' lang='lat'><strong>&#39;0</strong></span> <span class='ocrx_word' id='word_1_403' title='bbox 1236 1397 1285 1432; x_wconf 88' lang='grc' dir='ltr'><strong>μὲν</strong></span> <span class='ocrx_word' id='word_1_404' title='bbox 1303 1397 1357 1432; x_wconf 82' lang='grc' dir='ltr'><strong>γὰρ</strong></span> <span class='ocrx_word' id='word_1_405' title='bbox 1375 1397 1429 1423; x_wconf 84' lang='grc' dir='ltr'><strong>τῶν</strong></span> <span class='ocrx_word' id='word_1_406' title='bbox 1442 1397 1510 1424; x_wconf 85' lang='grc' dir='ltr'><strong>ὅλων</strong></span> <span class='ocrx_word' id='word_1_407' title='bbox 1523 1397 1588 1429; x_wconf 70' lang='grc' dir='ltr'><strong>Θεὸς</strong></span> <span class='ocrx_word' id='word_1_408' title='bbox 1603 1398 1695 1434; x_wconf 51' lang='grc' dir='ltr'><strong>Μωσῇκ</strong></span> <span class='ocrx_word' id='word_1_409' title='bbox 1711 1398 1840 1426; x_wconf 79' lang='grc' dir='ltr'><strong>κεκέλευ-</strong></span> 
     </span>
    </p>
   </div>
   <div class='ocr_carea' id='block_1_58' title="bbox 1049 1443 1841 1480">
    <p class='ocr_par' dir='ltr' id='par_1_58' title="bbox 1049 1443 1841 1480">
     <span class='ocr_line' id='line_1_58' title="bbox 1049 1443 1841 1480; baseline 0 -8"><span class='ocrx_word' id='word_1_410' title='bbox 1049 1453 1096 1472; x_wconf 81' lang='grc' dir='ltr'><strong>κεν</strong></span> <span class='ocrx_word' id='word_1_411' title='bbox 1114 1444 1255 1480; x_wconf 71' lang='grc' dir='ltr'><strong>ἐναργῶς,</strong></span> <span class='ocrx_word' id='word_1_412' title='bbox 1271 1444 1422 1471; x_wconf 80' lang='grc' dir='ltr'><strong>ἀοκνότατα</strong></span> <span class='ocrx_word' id='word_1_413' title='bbox 1442 1443 1490 1478; x_wconf 75' lang='grc' dir='ltr'><strong>μὲν</strong></span> <span class='ocrx_word' id='word_1_414' title='bbox 1518 1444 1584 1470; x_wconf 83' lang='grc' dir='ltr'><strong>ἱέναι</strong></span> <span class='ocrx_word' id='word_1_415' title='bbox 1604 1445 1671 1480; x_wconf 79' lang='grc' dir='ltr'><strong>πρὸς</strong></span> <span class='ocrx_word' id='word_1_416' title='bbox 1684 1446 1750 1477; x_wconf 81' lang='grc' dir='ltr'><strong>τοὺς</strong></span> <span class='ocrx_word' id='word_1_417' title='bbox 1767 1446 1841 1478; x_wconf 70' lang='grc' dir='ltr'><strong>υἱοὺς</strong></span> 
     </span>
    </p>
   </div>
   <div class='ocr_carea' id='block_1_59' title="bbox 1055 1489 1842 1527">
    <p class='ocr_par' dir='ltr' id='par_1_59' title="bbox 1055 1489 1842 1527">
     <span class='ocr_line' id='line_1_59' title="bbox 1055 1489 1842 1527; baseline 0.003 -11"><span class='ocrx_word' id='word_1_418' title='bbox 1055 1490 1172 1526; x_wconf 78' lang='grc' dir='ltr'><strong>Ἰσραὴλ,</strong></span> <span class='ocrx_word' id='word_1_419' title='bbox 1189 1491 1276 1516; x_wconf 79' lang='grc' dir='ltr'><strong>εἰπεῖν</strong></span> <span class='ocrx_word' id='word_1_420' title='bbox 1290 1490 1318 1516; x_wconf 75' lang='grc' dir='ltr'><strong>δὲ</strong></span> <span class='ocrx_word' id='word_1_421' title='bbox 1333 1489 1484 1524; x_wconf 77' lang='grc' dir='ltr'><strong>ἀναφανδὸν</strong></span> <span class='ocrx_word' id='word_1_422' title='bbox 1501 1489 1540 1521; x_wconf 85' lang='grc' dir='ltr'><strong>ὡς</strong></span> <span class='ocrx_word' id='word_1_423' title='bbox 1556 1489 1664 1525; x_wconf 81' lang='grc' dir='ltr'><strong>ἀρωγὸν</strong></span> <span class='ocrx_word' id='word_1_424' title='bbox 1679 1491 1731 1518; x_wconf 69' lang='grc' dir='ltr'><strong>καὶ</strong></span> <span class='ocrx_word' id='word_1_425' title='bbox 1743 1492 1842 1527; x_wconf 83' lang='grc' dir='ltr'><strong>συλλή-</strong></span> 
     </span>
    </p>
   </div>
   <div class='ocr_carea' id='block_1_60' title="bbox 210 1532 996 1580">
    <p class='ocr_par' dir='ltr' id='par_1_60' title="bbox 210 1532 996 1573">
     <span class='ocr_line' id='line_1_60' title="bbox 210 1532 996 1573; baseline -0.004 -9"><span class='ocrx_word' id='word_1_426' title='bbox 210 1542 354 1573; x_wconf 86' lang='lat' dir='ltr'><strong>patronum</strong></span> <span class='ocrx_word' id='word_1_427' title='bbox 371 1532 507 1563; x_wconf 84' lang='lat' dir='ltr'><strong>haberent</strong></span> <span class='ocrx_word' id='word_1_428' title='bbox 524 1535 621 1566; x_wconf 87' lang='lat' dir='ltr'><strong>Deum,</strong></span> <span class='ocrx_word' id='word_1_429' title='bbox 643 1534 690 1569; x_wconf 89' lang='lat' dir='ltr'><strong>qui</strong></span> <span class='ocrx_word' id='word_1_430' title='bbox 704 1534 796 1561; x_wconf 81' lang='lat' dir='ltr'><strong>omnia</strong></span> <span class='ocrx_word' id='word_1_431' title='bbox 817 1538 916 1569; x_wconf 87' lang='lat' dir='ltr'><strong>potest,</strong></span> <span class='ocrx_word' id='word_1_432' title='bbox 933 1541 996 1561; x_wconf 88' lang='lat' dir='ltr'><strong>eum</strong></span> 
     </span>
    </p>
   </div>
   <div class='ocr_carea' id='block_1_61' title="bbox 1051 1532 1840 1580">
    <p class='ocr_par' dir='ltr' id='par_1_61' title="bbox 1051 1535 1840 1573">
     <span class='ocr_line' id='line_1_61' title="bbox 1051 1535 1840 1573; baseline 0.003 -10"><span class='ocrx_word' id='word_1_433' title='bbox 1051 1545 1135 1572; x_wconf 81' lang='grc' dir='ltr'><strong>πτορα</strong></span> <span class='ocrx_word' id='word_1_434' title='bbox 1149 1536 1194 1563; x_wconf 87' lang='grc' dir='ltr'><strong>τδν</strong></span> <span class='ocrx_word' id='word_1_435' title='bbox 1218 1537 1305 1564; x_wconf 76' lang='grc' dir='ltr'><strong>πάντα</strong></span> <span class='ocrx_word' id='word_1_436' title='bbox 1325 1535 1455 1572; x_wconf 71' lang='grc' dir='ltr'><strong>ἰσχύοντα</strong></span> <span class='ocrx_word' id='word_1_437' title='bbox 1474 1536 1601 1568; x_wconf 80' lang='grc' dir='ltr'><strong>λαϐόντες</strong></span> <span class='ocrx_word' id='word_1_438' title='bbox 1617 1537 1696 1569; x_wconf 80' lang='grc' dir='ltr'><strong>Θεὸν,</strong></span> <span class='ocrx_word' id='word_1_439' title='bbox 1713 1539 1840 1573; x_wconf 76' lang='grc' dir='ltr'><strong>ἀποφορο</strong></span> 
     </span>
    </p>
   </div>
   <div class='ocr_carea' id='block_1_62' title="bbox 211 1580 996 1617">
    <p class='ocr_par' dir='ltr' id='par_1_62' title="bbox 211 1580 996 1617">
     <span class='ocr_line' id='line_1_62' title="bbox 211 1580 996 1617; baseline -0.004 -7"><span class='ocrx_word' id='word_1_440' title='bbox 211 1583 338 1611; x_wconf 82' lang='lat' dir='ltr'><strong>facillime</strong></span> <span class='ocrx_word' id='word_1_441' title='bbox 353 1581 494 1610; x_wconf 84' lang='lat' dir='ltr'><strong>servitutis</strong></span> <span class='ocrx_word' id='word_1_442' title='bbox 507 1580 639 1617; x_wconf 57' lang='lat' dir='ltr'><strong>[Egyptiae</strong></span> <span class='ocrx_word' id='word_1_443' title='bbox 656 1580 810 1608; x_wconf 89' lang='lat' dir='ltr'><strong>molesliam</strong></span> <span class='ocrx_word' id='word_1_444' title='bbox 825 1580 996 1613; x_wconf 82' lang='lat' dir='ltr'><strong>levaturum;</strong></span> 
     </span>
    </p>
   </div>
   <div class='ocr_carea' id='block_1_63' title="bbox 212 1626 998 1661">
    <p class='ocr_par' dir='ltr' id='par_1_63' title="bbox 212 1626 998 1661">
     <span class='ocr_line' id='line_1_63' title="bbox 212 1626 998 1661; baseline -0.004 -5"><span class='ocrx_word' id='word_1_445' title='bbox 212 1629 274 1656; x_wconf 91' lang='lat' dir='ltr'><strong>illos</strong></span> <span class='ocrx_word' id='word_1_446' title='bbox 293 1629 358 1655; x_wconf 90' lang='lat' dir='ltr'><strong>item</strong></span> <span class='ocrx_word' id='word_1_447' title='bbox 374 1627 486 1655; x_wconf 91' lang='lat' dir='ltr'><strong>domum</strong></span> <span class='ocrx_word' id='word_1_448' title='bbox 504 1627 595 1654; x_wconf 83' lang='lat' dir='ltr'><strong>denuo</strong></span> <span class='ocrx_word' id='word_1_449' title='bbox 611 1626 764 1660; x_wconf 80' lang='lat' dir='ltr'><strong>redituros;</strong></span> <span class='ocrx_word' id='word_1_450' title='bbox 782 1631 810 1654; x_wconf 88' lang='lat' dir='ltr'><strong>et</strong></span> <span class='ocrx_word' id='word_1_451' title='bbox 834 1626 880 1654; x_wconf 91' lang='lat' dir='ltr'><strong>ubi</strong></span> <span class='ocrx_word' id='word_1_452' title='bbox 899 1626 933 1654; x_wconf 88' lang='lat' dir='ltr'><strong>ad</strong></span> <span class='ocrx_word' id='word_1_453' title='bbox 949 1634 998 1661; x_wconf 85' lang='lat' dir='ltr'><strong>pa-</strong></span> 
     </span>
    </p>
   </div>
   <div class='ocr_carea' id='block_1_64' title="bbox 213 1672 998 1704">
    <p class='ocr_par' dir='ltr' id='par_1_64' title="bbox 213 1672 998 1704">
     <span class='ocr_line' id='line_1_64' title="bbox 213 1672 998 1704; baseline -0.004 -2"><span class='ocrx_word' id='word_1_454' title='bbox 213 1680 285 1702; x_wconf 83' lang='lat' dir='ltr'><strong>trum</strong></span> <span class='ocrx_word' id='word_1_455' title='bbox 297 1682 410 1702; x_wconf 87' lang='lat' dir='ltr'><strong>suorum</strong></span> <span class='ocrx_word' id='word_1_456' title='bbox 430 1674 584 1701; x_wconf 80' lang='lat' dir='ltr'><strong>libertatem</strong></span> <span class='ocrx_word' id='word_1_457' title='bbox 604 1673 748 1704; x_wconf 85' lang='lat' dir='ltr'><strong>redierint,</strong></span> <span class='ocrx_word' id='word_1_458' title='bbox 768 1672 826 1699; x_wconf 86' lang='lat' dir='ltr'><strong>fore</strong></span> <span class='ocrx_word' id='word_1_459' title='bbox 854 1675 884 1699; x_wconf 92' lang='lat' dir='ltr'><strong>ut</strong></span> <span class='ocrx_word' id='word_1_460' title='bbox 897 1675 998 1699; x_wconf 84' lang='lat' dir='ltr'><strong>terram</strong></span> 
     </span>
    </p>
   </div>
   <div class='ocr_carea' id='block_1_65' title="bbox 213 1715 999 1752">
    <p class='ocr_par' dir='ltr' id='par_1_65' title="bbox 213 1715 999 1752">
     <span class='ocr_line' id='line_1_65' title="bbox 213 1715 999 1752; baseline -0.006 -5"><span class='ocrx_word' id='word_1_461' title='bbox 213 1723 333 1747; x_wconf 79' lang='lat' dir='ltr'><strong>sanetam</strong></span> <span class='ocrx_word' id='word_1_462' title='bbox 354 1719 522 1751; x_wconf 83' lang='lat' dir='ltr'><strong>incolerent;</strong></span> <span class='ocrx_word' id='word_1_463' title='bbox 547 1717 639 1752; x_wconf 88' lang='lat' dir='ltr'><strong>ibique</strong></span> <span class='ocrx_word' id='word_1_464' title='bbox 663 1716 750 1752; x_wconf 89' lang='lat' dir='ltr'><strong>copiis</strong></span> <span class='ocrx_word' id='word_1_465' title='bbox 777 1723 809 1743; x_wconf 88' lang='lat' dir='ltr'><strong>ac</strong></span> <span class='ocrx_word' id='word_1_466' title='bbox 828 1715 918 1748; x_wconf 87' lang='lat' dir='ltr'><strong>bouis,</strong></span> <span class='ocrx_word' id='word_1_467' title='bbox 938 1723 999 1750; x_wconf 75' lang='lat' dir='ltr'><strong>quze</strong></span> 
     </span>
    </p>
   </div>
   <div class='ocr_carea' id='block_1_66' title="bbox 214 1764 997 1804">
    <p class='ocr_par' dir='ltr' id='par_1_66' title="bbox 214 1764 997 1804">
     <span class='ocr_line' id='line_1_66' title="bbox 214 1764 997 1804; baseline -0.006 -8"><span class='ocrx_word' id='word_1_468' title='bbox 214 1768 271 1804; x_wconf 88' lang='lat' dir='ltr'><strong>ipse</strong></span> <span class='ocrx_word' id='word_1_469' title='bbox 295 1767 520 1803; x_wconf 87' lang='lat' dir='ltr'><strong>suppeditaturus</strong></span> <span class='ocrx_word' id='word_1_470' title='bbox 543 1769 633 1799; x_wconf 83' lang='lat' dir='ltr'><strong>esset,</strong></span> <span class='ocrx_word' id='word_1_471' title='bbox 657 1765 810 1801; x_wconf 71' lang='lat' dir='ltr'><strong>largissime</strong></span> <span class='ocrx_word' id='word_1_472' title='bbox 830 1764 997 1792; x_wconf 86' lang='lat' dir='ltr'><strong>fruerentur.</strong></span> 
     </span>
    </p>
   </div>
   <div class='ocr_carea' id='block_1_67' title="bbox 214 1810 999 1850">
    <p class='ocr_par' dir='ltr' id='par_1_67' title="bbox 214 1810 999 1850">
     <span class='ocr_line' id='line_1_67' title="bbox 214 1810 999 1850; baseline -0.005 -8"><span class='ocrx_word' id='word_1_473' title='bbox 214 1814 362 1850; x_wconf 74' lang='lat' dir='ltr'><strong>Respondit</strong></span> <span class='ocrx_word' id='word_1_474' title='bbox 372 1818 474 1846; x_wconf 84' lang='lat' dir='ltr'><strong>autem,</strong></span> <span class='ocrx_word' id='word_1_475' title='bbox 484 1812 583 1848; x_wconf 86' lang='lat' dir='ltr'><strong>inquit,</strong></span> <span class='ocrx_word' id='word_1_476' title='bbox 598 1811 712 1848; x_wconf 83' lang='lat' dir='ltr'><strong>Moyses,</strong></span> <span class='ocrx_word' id='word_1_477' title='bbox 725 1819 758 1839; x_wconf 88' lang='lat' dir='ltr'><strong>ac</strong></span> <span class='ocrx_word' id='word_1_478' title='bbox 772 1811 840 1838; x_wconf 77' lang='lat' dir='ltr'><strong>dixit</strong></span> <span class='ocrx_word' id='word_1_479' title='bbox 854 1819 860 1837; x_wconf 91' lang='lat'><strong>:</strong></span> <span class='ocrx_word' id='word_1_480' title='bbox 876 1820 885 1836; x_wconf 79' lang='grc' dir='ltr'><strong>ι</strong></span> <span class='ocrx_word' id='word_1_481' title='bbox 905 1810 932 1838; x_wconf 90' lang='lat' dir='ltr'><strong>Si</strong></span> <span class='ocrx_word' id='word_1_482' title='bbox 944 1818 999 1838; x_wconf 90' lang='lat' dir='ltr'><strong>non</strong></span> 
     </span>
    </p>
   </div>
   <div class='ocr_carea' id='block_1_68' title="bbox 214 1857 997 1893">
    <p class='ocr_par' dir='ltr' id='par_1_68' title="bbox 214 1857 997 1893">
     <span class='ocr_line' id='line_1_68' title="bbox 214 1857 997 1893; baseline -0.006 -5"><span class='ocrx_word' id='word_1_483' title='bbox 214 1859 382 1888; x_wconf 88' lang='lat' dir='ltr'><strong>crediderint</strong></span> <span class='ocrx_word' id='word_1_484' title='bbox 401 1859 486 1892; x_wconf 87' lang='lat' dir='ltr'><strong>mihi,</strong></span> <span class='ocrx_word' id='word_1_485' title='bbox 506 1866 595 1893; x_wconf 87' lang='lat' dir='ltr'><strong>neque</strong></span> <span class='ocrx_word' id='word_1_486' title='bbox 616 1857 754 1885; x_wconf 88' lang='lat' dir='ltr'><strong>audierint</strong></span> <span class='ocrx_word' id='word_1_487' title='bbox 775 1864 870 1885; x_wconf 83' lang='lat' dir='ltr'><strong>vocem</strong></span> <span class='ocrx_word' id='word_1_488' title='bbox 892 1864 997 1888; x_wconf 87' lang='lat' dir='ltr'><strong>meam;</strong></span> 
     </span>
    </p>
   </div>
   <div class='ocr_carea' id='block_1_69' title="bbox 214 1903 999 1943">
    <p class='ocr_par' dir='ltr' id='par_1_69' title="bbox 214 1903 999 1943">
     <span class='ocr_line' id='line_1_69' title="bbox 214 1903 999 1943; baseline -0.004 -10"><span class='ocrx_word' id='word_1_489' title='bbox 214 1906 305 1934; x_wconf 86' lang='lat' dir='ltr'><strong>dicent</strong></span> <span class='ocrx_word' id='word_1_490' title='bbox 333 1906 418 1943; x_wconf 79' lang='lat' dir='ltr'><strong>enim,</strong></span> <span class='ocrx_word' id='word_1_491' title='bbox 441 1904 514 1940; x_wconf 88' lang='lat' dir='ltr'><strong>quod</strong></span> <span class='ocrx_word' id='word_1_492' title='bbox 526 1904 587 1931; x_wconf 84' lang='lat' dir='ltr'><strong>Non</strong></span> <span class='ocrx_word' id='word_1_493' title='bbox 605 1904 729 1939; x_wconf 83' lang='lat' dir='ltr'><strong>apparuit</strong></span> <span class='ocrx_word' id='word_1_494' title='bbox 757 1903 806 1931; x_wconf 88' lang='lat' dir='ltr'><strong>tibi</strong></span> <span class='ocrx_word' id='word_1_495' title='bbox 828 1903 999 1938; x_wconf 82' lang='lat' dir='ltr'><strong>Deus;quid</strong></span> 
     </span>
    </p>
   </div>
   <div class='ocr_carea' id='block_1_70' title="bbox 214 1949 1000 1983">
    <p class='ocr_par' dir='ltr' id='par_1_70' title="bbox 214 1949 1000 1983">
     <span class='ocr_line' id='line_1_70' title="bbox 214 1949 1000 1983; baseline -0.003 -3"><span class='ocrx_word' id='word_1_496' title='bbox 214 1953 301 1980; x_wconf 87' lang='lat' dir='ltr'><strong>dicam</strong></span> <span class='ocrx_word' id='word_1_497' title='bbox 316 1952 350 1979; x_wconf 82' lang='lat' dir='ltr'><strong>ad</strong></span> <span class='ocrx_word' id='word_1_498' title='bbox 363 1951 429 1979; x_wconf 81' lang='lat' dir='ltr'><strong>eos?</strong></span> <span class='ocrx_word' id='word_1_499' title='bbox 440 1951 514 1979; x_wconf 80' lang='lat' dir='ltr'><strong>Dixit</strong></span> <span class='ocrx_word' id='word_1_500' title='bbox 531 1955 621 1979; x_wconf 77' lang='lat' dir='ltr'><strong>autem</strong></span> <span class='ocrx_word' id='word_1_501' title='bbox 635 1950 660 1977; x_wconf 90' lang='lat' dir='ltr'><strong>ei</strong></span> <span class='ocrx_word' id='word_1_502' title='bbox 681 1950 813 1978; x_wconf 88' lang='lat' dir='ltr'><strong>Dominus</strong></span> <span class='ocrx_word' id='word_1_503' title='bbox 826 1959 832 1977; x_wconf 89' lang='lat'><strong>:</strong></span> <span class='ocrx_word' id='word_1_504' title='bbox 848 1949 919 1983; x_wconf 88' lang='lat' dir='ltr'><strong>Quid</strong></span> <span class='ocrx_word' id='word_1_505' title='bbox 930 1950 1000 1978; x_wconf 86' lang='lat' dir='ltr'><strong>illud</strong></span> 
     </span>
    </p>
   </div>
   <div class='ocr_carea' id='block_1_71' title="bbox 214 1993 999 2031">
    <p class='ocr_par' dir='ltr' id='par_1_71' title="bbox 214 1993 999 2031">
     <span class='ocr_line' id='line_1_71' title="bbox 214 1993 999 2031; baseline -0.004 -7"><span class='ocrx_word' id='word_1_506' title='bbox 214 2001 255 2024; x_wconf 87' lang='lat' dir='ltr'><strong>est</strong></span> <span class='ocrx_word' id='word_1_507' title='bbox 262 1996 334 2031; x_wconf 86' lang='lat' dir='ltr'><strong>quod</strong></span> <span class='ocrx_word' id='word_1_508' title='bbox 343 1996 427 2023; x_wconf 85' lang='lat' dir='ltr'><strong>habes</strong></span> <span class='ocrx_word' id='word_1_509' title='bbox 438 1996 465 2022; x_wconf 90' lang='lat' dir='ltr'><strong>in</strong></span> <span class='ocrx_word' id='word_1_510' title='bbox 474 2003 556 2022; x_wconf 82' lang='lat' dir='ltr'><strong>manu</strong></span> <span class='ocrx_word' id='word_1_511' title='bbox 563 1995 574 2022; x_wconf 88' lang='lat'><strong>?</strong></span> <span class='ocrx_word' id='word_1_512' title='bbox 582 1994 630 2023; x_wconf 87' lang='lat' dir='ltr'><strong>Ille</strong></span> <span class='ocrx_word' id='word_1_513' title='bbox 643 1998 733 2022; x_wconf 88' lang='lat' dir='ltr'><strong>autem</strong></span> <span class='ocrx_word' id='word_1_514' title='bbox 743 1994 820 2026; x_wconf 77' lang='lat' dir='ltr'><strong>dixit,</strong></span> <span class='ocrx_word' id='word_1_515' title='bbox 832 1993 885 2030; x_wconf 76' lang='lat'><strong>67</strong></span> <span class='ocrx_word' id='word_1_516' title='bbox 900 1994 999 2030; x_wconf 74' lang='lat' dir='ltr'><strong>Virga:</strong></span> 
     </span>
    </p>
   </div>
   <div class='ocr_carea' id='block_1_72' title="bbox 214 2040 1000 2075">
    <p class='ocr_par' dir='ltr' id='par_1_72' title="bbox 214 2040 1000 2075">
     <span class='ocr_line' id='line_1_72' title="bbox 214 2040 1000 2075; baseline 0 -7"><span class='ocrx_word' id='word_1_517' title='bbox 214 2045 242 2068; x_wconf 88' lang='lat' dir='ltr'><strong>et</strong></span> <span class='ocrx_word' id='word_1_518' title='bbox 259 2041 327 2068; x_wconf 82' lang='lat' dir='ltr'><strong>dixit</strong></span> <span class='ocrx_word' id='word_1_519' title='bbox 345 2041 469 2075; x_wconf 84' lang='lat' dir='ltr'><strong>:Projiee</strong></span> <span class='ocrx_word' id='word_1_520' title='bbox 482 2048 541 2067; x_wconf 91' lang='lat' dir='ltr'><strong>eam</strong></span> <span class='ocrx_word' id='word_1_521' title='bbox 553 2040 581 2067; x_wconf 91' lang='lat' dir='ltr'><strong>in</strong></span> <span class='ocrx_word' id='word_1_522' title='bbox 612 2045 722 2067; x_wconf 87' lang='lat' dir='ltr'><strong>terram.</strong></span> <span class='ocrx_word' id='word_1_523' title='bbox 750 2040 785 2067; x_wconf 87' lang='lat' dir='ltr'><strong>Et</strong></span> <span class='ocrx_word' id='word_1_524' title='bbox 814 2040 929 2075; x_wconf 88' lang='lat' dir='ltr'><strong>projecit</strong></span> <span class='ocrx_word' id='word_1_525' title='bbox 940 2048 1000 2068; x_wconf 89' lang='lat' dir='ltr'><strong>eam</strong></span> 
     </span>
    </p>
   </div>
   <div class='ocr_carea' id='block_1_73' title="bbox 215 2086 998 2122">
    <p class='ocr_par' dir='ltr' id='par_1_73' title="bbox 215 2086 998 2122">
     <span class='ocr_line' id='line_1_73' title="bbox 215 2086 998 2122; baseline 0 -8"><span class='ocrx_word' id='word_1_526' title='bbox 215 2088 243 2114; x_wconf 92' lang='lat' dir='ltr'><strong>in</strong></span> <span class='ocrx_word' id='word_1_527' title='bbox 252 2092 361 2119; x_wconf 82' lang='lat' dir='ltr'><strong>terram,</strong></span> <span class='ocrx_word' id='word_1_528' title='bbox 373 2091 400 2114; x_wconf 87' lang='lat' dir='ltr'><strong>et</strong></span> <span class='ocrx_word' id='word_1_529' title='bbox 410 2087 481 2114; x_wconf 87' lang='lat' dir='ltr'><strong>facta</strong></span> <span class='ocrx_word' id='word_1_530' title='bbox 489 2090 532 2113; x_wconf 84' lang='lat' dir='ltr'><strong>est</strong></span> <span class='ocrx_word' id='word_1_531' title='bbox 543 2086 654 2114; x_wconf 88' lang='lat' dir='ltr'><strong>coluber</strong></span> <span class='ocrx_word' id='word_1_532' title='bbox 663 2090 707 2119; x_wconf 78' lang='lat' dir='ltr'><strong>:et</strong></span> <span class='ocrx_word' id='word_1_533' title='bbox 717 2086 786 2122; x_wconf 78' lang='lat' dir='ltr'><strong>fugit</strong></span> <span class='ocrx_word' id='word_1_534' title='bbox 797 2086 902 2122; x_wconf 77' lang='lat' dir='ltr'><strong>Moyses</strong></span> <span class='ocrx_word' id='word_1_535' title='bbox 913 2086 949 2114; x_wconf 70' lang='lat' dir='ltr'><strong>ab</strong></span> <span class='ocrx_word' id='word_1_536' title='bbox 955 2094 998 2115; x_wconf 78' lang='lat' dir='ltr'><strong>eo.</strong></span> 
     </span>
    </p>
   </div>
   <div class='ocr_carea' id='block_1_74' title="bbox 215 2130 998 2166">
    <p class='ocr_par' dir='ltr' id='par_1_74' title="bbox 215 2130 998 2166">
     <span class='ocr_line' id='line_1_74' title="bbox 215 2130 998 2166; baseline 0 -6"><span class='ocrx_word' id='word_1_537' title='bbox 215 2133 248 2160; x_wconf 86' lang='lat' dir='ltr'><strong>Et</strong></span> <span class='ocrx_word' id='word_1_538' title='bbox 261 2131 330 2159; x_wconf 80' lang='lat' dir='ltr'><strong>dixit</strong></span> <span class='ocrx_word' id='word_1_539' title='bbox 342 2132 472 2159; x_wconf 82' lang='lat' dir='ltr'><strong>Dominus</strong></span> <span class='ocrx_word' id='word_1_540' title='bbox 485 2130 519 2157; x_wconf 89' lang='lat' dir='ltr'><strong>ad</strong></span> <span class='ocrx_word' id='word_1_541' title='bbox 531 2131 640 2166; x_wconf 82' lang='lat' dir='ltr'><strong>Moysen</strong></span> <span class='ocrx_word' id='word_1_542' title='bbox 649 2140 655 2157; x_wconf 88' lang='lat'><strong>:</strong></span> <span class='ocrx_word' id='word_1_543' title='bbox 664 2131 785 2159; x_wconf 78' lang='lat' dir='ltr'><strong>Extende</strong></span> <span class='ocrx_word' id='word_1_544' title='bbox 793 2139 905 2159; x_wconf 84' lang='lat' dir='ltr'><strong>manum</strong></span> <span class='ocrx_word' id='word_1_545' title='bbox 915 2136 998 2165; x_wconf 82' lang='lat' dir='ltr'><strong>tuam,</strong></span> 
     </span>
    </p>
   </div>
   <div class='ocr_carea' id='block_1_75' title="bbox 214 2176 1001 2212">
    <p class='ocr_par' dir='ltr' id='par_1_75' title="bbox 214 2176 1001 2212">
     <span class='ocr_line' id='line_1_75' title="bbox 214 2176 1001 2212; baseline 0 -7"><span class='ocrx_word' id='word_1_546' title='bbox 214 2183 242 2205; x_wconf 89' lang='lat' dir='ltr'><strong>et</strong></span> <span class='ocrx_word' id='word_1_547' title='bbox 257 2177 432 2212; x_wconf 86' lang='lat' dir='ltr'><strong>apprehende</strong></span> <span class='ocrx_word' id='word_1_548' title='bbox 455 2176 580 2205; x_wconf 82' lang='lat' dir='ltr'><strong>caudam.</strong></span> <span class='ocrx_word' id='word_1_549' title='bbox 605 2177 761 2204; x_wconf 80' lang='lat' dir='ltr'><strong>Extendens</strong></span> <span class='ocrx_word' id='word_1_550' title='bbox 779 2177 865 2212; x_wconf 74' lang='lat' dir='ltr'><strong>igitur</strong></span> <span class='ocrx_word' id='word_1_551' title='bbox 888 2184 1001 2205; x_wconf 77' lang='lat' dir='ltr'><strong>manum</strong></span> 
     </span>
    </p>
   </div>
   <div class='ocr_carea' id='block_1_76' title="bbox 1051 1582 1840 1619">
    <p class='ocr_par' dir='ltr' id='par_1_76' title="bbox 1051 1582 1840 1619">
     <span class='ocr_line' id='line_1_76' title="bbox 1051 1582 1840 1619; baseline 0.001 -9"><span class='ocrx_word' id='word_1_552' title='bbox 1051 1583 1171 1610; x_wconf 80' lang='grc' dir='ltr'><strong>τιοῦνται</strong></span> <span class='ocrx_word' id='word_1_553' title='bbox 1193 1582 1242 1618; x_wconf 80' lang='grc' dir='ltr'><strong>μὲν</strong></span> <span class='ocrx_word' id='word_1_554' title='bbox 1265 1582 1383 1614; x_wconf 82' lang='grc' dir='ltr'><strong>εὐκόλως</strong></span> <span class='ocrx_word' id='word_1_555' title='bbox 1403 1582 1453 1617; x_wconf 76' lang='grc' dir='ltr'><strong>τῆς</strong></span> <span class='ocrx_word' id='word_1_556' title='bbox 1476 1583 1505 1608; x_wconf 75' lang='grc' dir='ltr'><strong>ἑν</strong></span> <span class='ocrx_word' id='word_1_557' title='bbox 1521 1583 1651 1619; x_wconf 60' lang='grc' dir='ltr'><strong>Αίγύπῳ</strong></span> <span class='ocrx_word' id='word_1_558' title='bbox 1670 1583 1795 1616; x_wconf 81' lang='grc' dir='ltr'><strong>δουλείας</strong></span> <span class='ocrx_word' id='word_1_559' title='bbox 1810 1584 1840 1611; x_wconf 77' lang='grc' dir='ltr'><strong>τὺ</strong></span> 
     </span>
    </p>
   </div>
   <div class='ocr_carea' id='block_1_77' title="bbox 1052 1627 1841 1663">
    <p class='ocr_par' dir='ltr' id='par_1_77' title="bbox 1052 1627 1841 1663">
     <span class='ocr_line' id='line_1_77' title="bbox 1052 1627 1841 1663; baseline 0.004 -10"><span class='ocrx_word' id='word_1_560' title='bbox 1052 1627 1197 1663; x_wconf 78' lang='grc' dir='ltr'><strong>δυσαχθὲς.</strong></span> <span class='ocrx_word' id='word_1_561' title='bbox 1212 1627 1302 1654; x_wconf 79' lang='grc' dir='ltr'><strong>οἴκαδέ</strong></span> <span class='ocrx_word' id='word_1_562' title='bbox 1325 1636 1356 1662; x_wconf 81' lang='grc' dir='ltr'><strong>γε</strong></span> <span class='ocrx_word' id='word_1_563' title='bbox 1383 1627 1436 1662; x_wconf 86' lang='grc' dir='ltr'><strong>μὴν</strong></span> <span class='ocrx_word' id='word_1_564' title='bbox 1452 1627 1600 1663; x_wconf 82' lang='grc' dir='ltr'><strong>ἀπαίρουσι</strong></span> <span class='ocrx_word' id='word_1_565' title='bbox 1619 1628 1714 1661; x_wconf 81' lang='grc' dir='ltr'><strong>πάλιν,</strong></span> <span class='ocrx_word' id='word_1_566' title='bbox 1732 1629 1781 1656; x_wconf 80' lang='grc' dir='ltr'><strong>καὶ</strong></span> <span class='ocrx_word' id='word_1_567' title='bbox 1802 1630 1841 1662; x_wconf 78' lang='grc' dir='ltr'><strong>εις</strong></span> 
     </span>
    </p>
   </div>
   <div class='ocr_carea' id='block_1_78' title="bbox 1051 1673 1840 1711">
    <p class='ocr_par' dir='ltr' id='par_1_78' title="bbox 1051 1673 1840 1711">
     <span class='ocr_line' id='line_1_78' title="bbox 1051 1673 1840 1711; baseline 0.003 -11"><span class='ocrx_word' id='word_1_568' title='bbox 1051 1674 1099 1709; x_wconf 81' lang='grc' dir='ltr'><strong>τὴν</strong></span> <span class='ocrx_word' id='word_1_569' title='bbox 1121 1673 1174 1700; x_wconf 83' lang='grc' dir='ltr'><strong>τῶν</strong></span> <span class='ocrx_word' id='word_1_570' title='bbox 1193 1674 1318 1709; x_wconf 77' lang='grc' dir='ltr'><strong>πατέρων</strong></span> <span class='ocrx_word' id='word_1_571' title='bbox 1337 1673 1495 1710; x_wconf 77' lang='grc' dir='ltr'><strong>ἐλευθερίαν</strong></span> <span class='ocrx_word' id='word_1_572' title='bbox 1521 1674 1751 1710; x_wconf 77' lang='grc' dir='ltr'><strong>ὰναφοιτήσαντες</strong></span> <span class='ocrx_word' id='word_1_573' title='bbox 1763 1695 1771 1707; x_wconf 84' lang='grc'><em>,</em></span> <span class='ocrx_word' id='word_1_574' title='bbox 1791 1676 1840 1711; x_wconf 75' lang='grc' dir='ltr'><strong>τὴν</strong></span> 
     </span>
    </p>
   </div>
   <div class='ocr_carea' id='block_1_79' title="bbox 1053 1720 1841 1757">
    <p class='ocr_par' dir='ltr' id='par_1_79' title="bbox 1053 1720 1841 1757">
     <span class='ocr_line' id='line_1_79' title="bbox 1053 1720 1841 1757; baseline 0.001 -10"><span class='ocrx_word' id='word_1_575' title='bbox 1053 1721 1133 1754; x_wconf 80' lang='grc' dir='ltr'><strong>ἁγίαν</strong></span> <span class='ocrx_word' id='word_1_576' title='bbox 1147 1720 1287 1756; x_wconf 74' lang='grc' dir='ltr'><strong>οἰκήσουσι</strong></span> <span class='ocrx_word' id='word_1_577' title='bbox 1299 1720 1351 1756; x_wconf 84' lang='grc' dir='ltr'><strong>γῆν</strong></span> <span class='ocrx_word' id='word_1_578' title='bbox 1361 1729 1367 1735; x_wconf 89' lang='grc'><strong>·</strong></span> <span class='ocrx_word' id='word_1_579' title='bbox 1383 1721 1441 1746; x_wconf 75' lang='grc' dir='ltr'><strong>ἐκεῖ</strong></span> <span class='ocrx_word' id='word_1_580' title='bbox 1453 1728 1482 1746; x_wconf 84' lang='grc' dir='ltr'><strong>τε</strong></span> <span class='ocrx_word' id='word_1_581' title='bbox 1496 1720 1630 1752; x_wconf 75' lang='grc' dir='ltr'><strong>πλουσίως</strong></span> <span class='ocrx_word' id='word_1_582' title='bbox 1643 1722 1700 1753; x_wconf 78' lang='grc' dir='ltr'><strong>τοῖς</strong></span> <span class='ocrx_word' id='word_1_583' title='bbox 1712 1723 1780 1757; x_wconf 83' lang='grc' dir='ltr'><strong>παρ’</strong></span> <span class='ocrx_word' id='word_1_584' title='bbox 1793 1722 1841 1748; x_wconf 77' lang='grc' dir='ltr'><strong>αὑ-</strong></span> 
     </span>
    </p>
   </div>
   <div class='ocr_carea' id='block_1_80' title="bbox 1052 1765 1841 1802">
    <p class='ocr_par' dir='ltr' id='par_1_80' title="bbox 1052 1765 1841 1802">
     <span class='ocr_line' id='line_1_80' title="bbox 1052 1765 1841 1802; baseline 0.003 -9"><span class='ocrx_word' id='word_1_585' title='bbox 1052 1765 1099 1793; x_wconf 79' lang='grc' dir='ltr'><strong>τοῦ</strong></span> <span class='ocrx_word' id='word_1_586' title='bbox 1127 1765 1316 1801; x_wconf 70' lang='grc' dir='ltr'><strong>δοθησομένας</strong></span> <span class='ocrx_word' id='word_1_587' title='bbox 1346 1766 1588 1802; x_wconf 81' lang='grc' dir='ltr'><strong>ὲνσπαταλήσωσιν</strong></span> <span class='ocrx_word' id='word_1_588' title='bbox 1619 1767 1740 1801; x_wconf 77' lang='grc' dir='ltr'><strong>ἀγαθοῖς.</strong></span> <span class='ocrx_word' id='word_1_589' title='bbox 1778 1768 1841 1795; x_wconf 76' lang='grc' dir='ltr'><strong>Ἀπ-</strong></span> 
     </span>
    </p>
   </div>
   <div class='ocr_carea' id='block_1_81' title="bbox 1053 1810 1841 1848">
    <p class='ocr_par' dir='ltr' id='par_1_81' title="bbox 1053 1810 1841 1848">
     <span class='ocr_line' id='line_1_81' title="bbox 1053 1810 1841 1848; baseline 0.001 -9"><span class='ocrx_word' id='word_1_590' title='bbox 1053 1811 1159 1847; x_wconf 77' lang='grc' dir='ltr'><strong>εκρίθη,</strong></span> <span class='ocrx_word' id='word_1_591' title='bbox 1176 1812 1267 1847; x_wconf 74' lang='grc' dir='ltr'><strong>φησὶν,</strong></span> <span class='ocrx_word' id='word_1_592' title='bbox 1282 1811 1414 1847; x_wconf 84' lang='grc' dir='ltr'><strong>ὀ“Μωσῆς</strong></span> <span class='ocrx_word' id='word_1_593' title='bbox 1432 1811 1479 1839; x_wconf 78' lang='grc' dir='ltr'><strong>καὶ</strong></span> <span class='ocrx_word' id='word_1_594' title='bbox 1499 1810 1575 1839; x_wconf 79' lang='grc' dir='ltr'><strong>εἶπεν</strong></span> <span class='ocrx_word' id='word_1_595' title='bbox 1587 1821 1593 1828; x_wconf 92' lang='grc'><strong>·</strong></span> <span class='ocrx_word' id='word_1_596' title='bbox 1616 1821 1626 1838; x_wconf 76' lang='grc' dir='ltr'><strong>ι</strong></span> <span class='ocrx_word' id='word_1_597' title='bbox 1653 1813 1716 1840; x_wconf 80' lang='grc' dir='ltr'><strong>Ἐὰν</strong></span> <span class='ocrx_word' id='word_1_598' title='bbox 1735 1813 1774 1848; x_wconf 86' lang='grc' dir='ltr'><strong>μὴ</strong></span> <span class='ocrx_word' id='word_1_599' title='bbox 1795 1822 1841 1840; x_wconf 77' lang='grc' dir='ltr'><strong>πι-</strong></span> 
     </span>
    </p>
   </div>
   <div class='ocr_carea' id='block_1_82' title="bbox 1054 1857 1841 1894">
    <p class='ocr_par' dir='ltr' id='par_1_82' title="bbox 1054 1857 1841 1894">
     <span class='ocr_line' id='line_1_82' title="bbox 1054 1857 1841 1894; baseline 0.003 -10"><span class='ocrx_word' id='word_1_600' title='bbox 1054 1857 1186 1885; x_wconf 81' lang='grc' dir='ltr'><strong>στεύσωσί</strong></span> <span class='ocrx_word' id='word_1_601' title='bbox 1202 1865 1258 1893; x_wconf 82' lang='grc' dir='ltr'><strong>μοι,</strong></span> <span class='ocrx_word' id='word_1_602' title='bbox 1275 1857 1341 1892; x_wconf 74' lang='grc' dir='ltr'><strong>μηδὲ</strong></span> <span class='ocrx_word' id='word_1_603' title='bbox 1355 1857 1491 1884; x_wconf 76' lang='grc' dir='ltr'><strong>ἀκούσωσι</strong></span> <span class='ocrx_word' id='word_1_604' title='bbox 1507 1866 1558 1893; x_wconf 80' lang='grc' dir='ltr'><strong>μου</strong></span> <span class='ocrx_word' id='word_1_605' title='bbox 1571 1859 1620 1893; x_wconf 79' lang='grc' dir='ltr'><strong>τῆς</strong></span> <span class='ocrx_word' id='word_1_606' title='bbox 1631 1859 1723 1894; x_wconf 83' lang='grc' dir='ltr'><strong>φωνῆς</strong></span> <span class='ocrx_word' id='word_1_607' title='bbox 1737 1859 1841 1894; x_wconf 74' lang='grc' dir='ltr'><strong>(ἐροῦσι</strong></span> 
     </span>
    </p>
   </div>
   <div class='ocr_carea' id='block_1_83' title="bbox 1053 1901 1838 1940">
    <p class='ocr_par' dir='ltr' id='par_1_83' title="bbox 1053 1901 1838 1940">
     <span class='ocr_line' id='line_1_83' title="bbox 1053 1901 1838 1940; baseline 0 -8"><span class='ocrx_word' id='word_1_608' title='bbox 1053 1905 1117 1940; x_wconf 83' lang='grc' dir='ltr'><strong>γὰρ,</strong></span> <span class='ocrx_word' id='word_1_609' title='bbox 1133 1904 1175 1931; x_wconf 81' lang='grc' dir='ltr'><strong>ὅτι</strong></span> <span class='ocrx_word' id='word_1_610' title='bbox 1187 1904 1243 1931; x_wconf 85' lang='grc' dir='ltr'><strong>Οὐκ</strong></span> <span class='ocrx_word' id='word_1_611' title='bbox 1260 1901 1350 1930; x_wconf 77' lang='grc' dir='ltr'><strong>ὦπταί</strong></span> <span class='ocrx_word' id='word_1_612' title='bbox 1362 1912 1403 1930; x_wconf 82' lang='grc' dir='ltr'><strong>σοι</strong></span> <span class='ocrx_word' id='word_1_613' title='bbox 1413 1905 1426 1930; x_wconf 81' lang='grc' dir='ltr'><strong>ὁ</strong></span> <span class='ocrx_word' id='word_1_614' title='bbox 1438 1903 1526 1937; x_wconf 79' lang='grc' dir='ltr'><strong>Θεὸς),</strong></span> <span class='ocrx_word' id='word_1_615' title='bbox 1538 1904 1564 1931; x_wconf 78' lang='grc' dir='ltr'><strong>τί</strong></span> <span class='ocrx_word' id='word_1_616' title='bbox 1577 1904 1632 1940; x_wconf 77' lang='grc' dir='ltr'><strong>ὲρῶ</strong></span> <span class='ocrx_word' id='word_1_617' title='bbox 1644 1905 1712 1940; x_wconf 76' lang='grc' dir='ltr'><strong>πρὸς</strong></span> <span class='ocrx_word' id='word_1_618' title='bbox 1724 1906 1838 1938; x_wconf 57' lang='grc' dir='ltr'><strong>αὐτούς</strong></span> 
     </span>
    </p>
   </div>
   <div class='ocr_carea' id='block_1_84' title="bbox 1053 1949 1841 1987">
    <p class='ocr_par' dir='ltr' id='par_1_84' title="bbox 1053 1949 1841 1987">
     <span class='ocr_line' id='line_1_84' title="bbox 1053 1949 1841 1987; baseline 0.001 -11"><span class='ocrx_word' id='word_1_619' title='bbox 1053 1949 1120 1977; x_wconf 65' lang='lat' dir='ltr'><strong>Elite</strong></span> <span class='ocrx_word' id='word_1_620' title='bbox 1130 1949 1158 1977; x_wconf 78' lang='grc' dir='ltr'><strong>δὲ</strong></span> <span class='ocrx_word' id='word_1_621' title='bbox 1171 1950 1245 1986; x_wconf 84' lang='grc' dir='ltr'><strong>αὐτῷ</strong></span> <span class='ocrx_word' id='word_1_622' title='bbox 1258 1951 1273 1977; x_wconf 81' lang='grc' dir='ltr'><strong>ό</strong></span> <span class='ocrx_word' id='word_1_623' title='bbox 1288 1950 1399 1985; x_wconf 65' lang='grc' dir='ltr'><strong>Κύριος</strong></span> <span class='ocrx_word' id='word_1_624' title='bbox 1420 1949 1452 1976; x_wconf 90' lang='grc' dir='ltr'><strong>Τί</strong></span> <span class='ocrx_word' id='word_1_625' title='bbox 1465 1949 1544 1977; x_wconf 78' lang='grc' dir='ltr'><strong>τοῦτό</strong></span> <span class='ocrx_word' id='word_1_626' title='bbox 1562 1950 1621 1977; x_wconf 63' lang='grc' dir='ltr'><strong>ἑστι</strong></span> <span class='ocrx_word' id='word_1_627' title='bbox 1639 1950 1669 1978; x_wconf 71' lang='grc' dir='ltr'><strong>τὸ</strong></span> <span class='ocrx_word' id='word_1_628' title='bbox 1680 1951 1710 1977; x_wconf 74' lang='grc' dir='ltr'><strong>ὲν</strong></span> <span class='ocrx_word' id='word_1_629' title='bbox 1723 1953 1756 1986; x_wconf 81' lang='grc' dir='ltr'><strong>τῇ</strong></span> <span class='ocrx_word' id='word_1_630' title='bbox 1771 1952 1841 1987; x_wconf 81' lang='grc' dir='ltr'><strong>χειρί</strong></span> 
     </span>
    </p>
   </div>
   <div class='ocr_carea' id='block_1_85' title="bbox 1055 1993 1840 2033">
    <p class='ocr_par' dir='ltr' id='par_1_85' title="bbox 1055 1993 1840 2033">
     <span class='ocr_line' id='line_1_85' title="bbox 1055 1993 1840 2033; baseline 0.003 -11"><span class='ocrx_word' id='word_1_631' title='bbox 1055 2004 1118 2030; x_wconf 72' lang='lat' dir='ltr'><strong>eoo;</strong></span> <span class='ocrx_word' id='word_1_632' title='bbox 1135 1996 1163 2022; x_wconf 93' lang='lat'><strong>&#39;0</strong></span> <span class='ocrx_word' id='word_1_633' title='bbox 1178 1996 1206 2023; x_wconf 80' lang='grc' dir='ltr'>δὲ</span> <span class='ocrx_word' id='word_1_634' title='bbox 1221 1993 1291 2027; x_wconf 79' lang='grc' dir='ltr'><strong>εἷπε,</strong></span> <span class='ocrx_word' id='word_1_635' title='bbox 1306 1995 1427 2025; x_wconf 74' lang='grc' dir='ltr'><strong>Ῥάὸδος·</strong></span> <span class='ocrx_word' id='word_1_636' title='bbox 1441 1996 1489 2023; x_wconf 80' lang='grc' dir='ltr'><strong>καὶ</strong></span> <span class='ocrx_word' id='word_1_637' title='bbox 1501 1993 1574 2023; x_wconf 75' lang='grc' dir='ltr'><strong>εἷπε·</strong></span> <span class='ocrx_word' id='word_1_638' title='bbox 1591 1996 1683 2031; x_wconf 77' lang='grc' dir='ltr'><strong>Ῥίψον</strong></span> <span class='ocrx_word' id='word_1_639' title='bbox 1695 1997 1782 2033; x_wconf 73' lang='grc' dir='ltr'><strong>αὐτὴν</strong></span> <span class='ocrx_word' id='word_1_640' title='bbox 1795 1998 1840 2024; x_wconf 75' lang='grc' dir='ltr'><strong>ἐπὶ</strong></span> 
     </span>
    </p>
   </div>
   <div class='ocr_carea' id='block_1_86' title="bbox 1053 2041 1840 2078">
    <p class='ocr_par' dir='ltr' id='par_1_86' title="bbox 1053 2041 1840 2078">
     <span class='ocr_line' id='line_1_86' title="bbox 1053 2041 1840 2078; baseline 0.003 -10"><span class='ocrx_word' id='word_1_641' title='bbox 1053 2041 1101 2077; x_wconf 84' lang='grc' dir='ltr'><strong>τὴν</strong></span> <span class='ocrx_word' id='word_1_642' title='bbox 1112 2042 1173 2077; x_wconf 79' lang='grc' dir='ltr'><strong>γῆν.</strong></span> <span class='ocrx_word' id='word_1_643' title='bbox 1186 2041 1240 2069; x_wconf 68' lang='grc' dir='ltr'><strong>Καὶ</strong></span> <span class='ocrx_word' id='word_1_644' title='bbox 1256 2041 1365 2077; x_wconf 69' lang='grc' dir='ltr'><strong>ἔρριψεν</strong></span> <span class='ocrx_word' id='word_1_645' title='bbox 1380 2041 1463 2077; x_wconf 78' lang='grc' dir='ltr'><strong>αὐτὴν</strong></span> <span class='ocrx_word' id='word_1_646' title='bbox 1477 2043 1525 2069; x_wconf 69' lang='grc' dir='ltr'>ἐπὶ</span> <span class='ocrx_word' id='word_1_647' title='bbox 1537 2042 1587 2077; x_wconf 73' lang='grc' dir='ltr'><strong>τὴν</strong></span> <span class='ocrx_word' id='word_1_648' title='bbox 1599 2043 1661 2077; x_wconf 78' lang='grc' dir='ltr'><strong>γῆν,</strong></span> <span class='ocrx_word' id='word_1_649' title='bbox 1675 2043 1723 2070; x_wconf 66' lang='grc' dir='ltr'><strong>καὶ</strong></span> <span class='ocrx_word' id='word_1_650' title='bbox 1732 2043 1840 2078; x_wconf 73' lang='grc' dir='ltr'><strong>ἐγένετο</strong></span> 
     </span>
    </p>
   </div>
   <div class='ocr_carea' id='block_1_87' title="bbox 1053 2086 1840 2125">
    <p class='ocr_par' dir='ltr' id='par_1_87' title="bbox 1053 2086 1840 2125">
     <span class='ocr_line' id='line_1_87' title="bbox 1053 2086 1840 2125; baseline 0.003 -11"><span class='ocrx_word' id='word_1_651' title='bbox 1053 2087 1114 2122; x_wconf 76' lang='grc' dir='ltr'><strong>ὄφις</strong></span> <span class='ocrx_word' id='word_1_652' title='bbox 1126 2096 1133 2103; x_wconf 88' lang='grc'><strong>·</strong></span> <span class='ocrx_word' id='word_1_653' title='bbox 1143 2087 1191 2114; x_wconf 83' lang='grc' dir='ltr'><strong>καὶ</strong></span> <span class='ocrx_word' id='word_1_654' title='bbox 1207 2087 1290 2122; x_wconf 74' lang='grc' dir='ltr'><strong>ἔφυγε</strong></span> <span class='ocrx_word' id='word_1_655' title='bbox 1304 2088 1405 2122; x_wconf 82' lang='grc' dir='ltr'><strong>Μωσῆς</strong></span> <span class='ocrx_word' id='word_1_656' title='bbox 1421 2087 1468 2125; x_wconf 69' lang='grc' dir='ltr'><strong>ἀπῖ</strong></span> <span class='ocrx_word' id='word_1_657' title='bbox 1481 2088 1573 2115; x_wconf 80' lang='grc' dir='ltr'><strong>αὐτοῦ.</strong></span> <span class='ocrx_word' id='word_1_658' title='bbox 1595 2089 1651 2116; x_wconf 71' lang='grc' dir='ltr'><strong>Καὶ</strong></span> <span class='ocrx_word' id='word_1_659' title='bbox 1666 2086 1727 2115; x_wconf 71' lang='grc' dir='ltr'><strong>εἷπε</strong></span> <span class='ocrx_word' id='word_1_660' title='bbox 1739 2088 1840 2125; x_wconf 75' lang='grc' dir='ltr'><strong>Κύριος</strong></span> 
     </span>
    </p>
   </div>
   <div class='ocr_carea' id='block_1_88' title="bbox 1053 2123 1840 2169">
    <p class='ocr_par' dir='ltr' id='par_1_88' title="bbox 1053 2123 1840 2169">
     <span class='ocr_line' id='line_1_88' title="bbox 1053 2123 1840 2169; baseline 0.001 -9"><span class='ocrx_word' id='word_1_661' title='bbox 1053 2133 1122 2169; x_wconf 72' lang='grc' dir='ltr'><strong>πρὸς</strong></span> <span class='ocrx_word' id='word_1_662' title='bbox 1140 2133 1253 2169; x_wconf 80' lang='grc' dir='ltr'><strong>Μωσῆν·</strong></span> <span class='ocrx_word' id='word_1_663' title='bbox 1270 2133 1395 2160; x_wconf 78' lang='grc' dir='ltr'><strong>Ἐκτεινε</strong></span> <span class='ocrx_word' id='word_1_664' title='bbox 1416 2123 1469 2169; x_wconf 57' lang='grc' dir='ltr'><strong>τὴν</strong></span> <span class='ocrx_word' id='word_1_665' title='bbox 1480 2134 1559 2168; x_wconf 78' lang='grc' dir='ltr'><strong>χεῖρά</strong></span> <span class='ocrx_word' id='word_1_666' title='bbox 1581 2142 1638 2167; x_wconf 82' lang='grc' dir='ltr'><strong>σου,</strong></span> <span class='ocrx_word' id='word_1_667' title='bbox 1652 2123 1840 2161; x_wconf 61' lang='grc' dir='ltr'><strong>καὶ-ἐπιλαϐοῦ</strong></span> 
     </span>
    </p>
   </div>
   <div class='ocr_carea' id='block_1_89' title="bbox 1053 2179 1841 2216">
    <p class='ocr_par' dir='ltr' id='par_1_89' title="bbox 1053 2179 1841 2216">
     <span class='ocr_line' id='line_1_89' title="bbox 1053 2179 1841 2216; baseline 0.001 -10"><span class='ocrx_word' id='word_1_668' title='bbox 1053 2179 1103 2214; x_wconf 75' lang='grc' dir='ltr'><strong>τῆς</strong></span> <span class='ocrx_word' id='word_1_669' title='bbox 1119 2179 1229 2216; x_wconf 76' lang='grc' dir='ltr'><strong>κέρκου.</strong></span> <span class='ocrx_word' id='word_1_670' title='bbox 1248 2179 1303 2206; x_wconf 73' lang='lat' dir='ltr'><strong>Kal</strong></span> <span class='ocrx_word' id='word_1_671' title='bbox 1321 2179 1445 2211; x_wconf 72' lang='grc' dir='ltr'><strong>ἐκτείνας</strong></span> <span class='ocrx_word' id='word_1_672' title='bbox 1462 2179 1510 2215; x_wconf 69' lang='grc' dir='ltr'><strong>τὴν</strong></span> <span class='ocrx_word' id='word_1_673' title='bbox 1527 2181 1615 2215; x_wconf 67' lang='grc' dir='ltr'><strong>κάρα,</strong></span> <span class='ocrx_word' id='word_1_674' title='bbox 1632 2179 1781 2207; x_wconf 70' lang='grc' dir='ltr'><strong>ἐπελάϐετο</strong></span> <span class='ocrx_word' id='word_1_675' title='bbox 1793 2182 1841 2216; x_wconf 76' lang='grc' dir='ltr'><strong>τῆς</strong></span> 
     </span>
    </p>
   </div>
   <div class='ocr_carea' id='block_1_90' title="bbox 214 2222 996 2264">
    <p class='ocr_par' dir='ltr' id='par_1_90' title="bbox 214 2222 996 2259">
     <span class='ocr_line' id='line_1_90' title="bbox 214 2222 996 2259; baseline 0 -8"><span class='ocrx_word' id='word_1_676' title='bbox 214 2223 395 2259; x_wconf 82' lang='lat' dir='ltr'><strong>apprehendit</strong></span> <span class='ocrx_word' id='word_1_677' title='bbox 417 2223 543 2255; x_wconf 86' lang='lat' dir='ltr'><strong>caudam,</strong></span> <span class='ocrx_word' id='word_1_678' title='bbox 570 2226 599 2250; x_wconf 90' lang='lat' dir='ltr'><strong>et</strong></span> <span class='ocrx_word' id='word_1_679' title='bbox 619 2222 689 2250; x_wconf 85' lang='lat' dir='ltr'><strong>faeta</strong></span> <span class='ocrx_word' id='word_1_680' title='bbox 709 2226 751 2249; x_wconf 76' lang='lat' dir='ltr'><strong>est</strong></span> <span class='ocrx_word' id='word_1_681' title='bbox 768 2223 844 2258; x_wconf 77' lang='lat' dir='ltr'><strong>virga</strong></span> <span class='ocrx_word' id='word_1_682' title='bbox 865 2222 895 2250; x_wconf 85' lang='lat' dir='ltr'><strong>in</strong></span> <span class='ocrx_word' id='word_1_683' title='bbox 917 2230 996 2251; x_wconf 83' lang='lat' dir='ltr'><strong>manu</strong></span> 
     </span>
    </p>
   </div>
   <div class='ocr_carea' id='block_1_91' title="bbox 1051 2222 1769 2264">
    <p class='ocr_par' dir='ltr' id='par_1_91' title="bbox 1053 2227 1769 2264">
     <span class='ocr_line' id='line_1_91' title="bbox 1053 2227 1769 2264; baseline 0.003 -10"><span class='ocrx_word' id='word_1_684' title='bbox 1053 2227 1164 2263; x_wconf 79' lang='grc' dir='ltr'><strong>κέρκου,</strong></span> <span class='ocrx_word' id='word_1_685' title='bbox 1178 2227 1226 2254; x_wconf 77' lang='grc' dir='ltr'><strong>καὶ</strong></span> <span class='ocrx_word' id='word_1_686' title='bbox 1237 2227 1345 2262; x_wconf 74' lang='grc' dir='ltr'><strong>ἐγένετο</strong></span> <span class='ocrx_word' id='word_1_687' title='bbox 1355 2227 1452 2262; x_wconf 75' lang='grc' dir='ltr'><strong>ῥάϐδος</strong></span> <span class='ocrx_word' id='word_1_688' title='bbox 1464 2228 1493 2254; x_wconf 73' lang='grc' dir='ltr'><strong>ιν</strong></span> <span class='ocrx_word' id='word_1_689' title='bbox 1510 2229 1543 2264; x_wconf 78' lang='grc' dir='ltr'><strong>τῇ</strong></span> <span class='ocrx_word' id='word_1_690' title='bbox 1557 2229 1629 2264; x_wconf 78' lang='grc' dir='ltr'><strong>χειρὶ</strong></span> <span class='ocrx_word' id='word_1_691' title='bbox 1643 2228 1736 2256; x_wconf 73' lang='grc' dir='ltr'><strong>αὐτοῦ.</strong></span> <span class='ocrx_word' id='word_1_692' title='bbox 1759 2239 1769 2255; x_wconf 74' lang='grc' dir='ltr'><strong>ι</strong></span> 
     </span>
    </p>
   </div>
   <div class='ocr_carea' id='block_1_92' title="bbox 214 2269 709 2305">
    <p class='ocr_par' dir='ltr' id='par_1_92' title="bbox 214 2269 709 2305">
     <span class='ocr_line' id='line_1_92' title="bbox 214 2269 709 2305; baseline 0.004 -8"><span class='ocrx_word' id='word_1_693' title='bbox 214 2271 273 2305; x_wconf 83' lang='lat' dir='ltr'><strong>ejus</strong></span> <span class='ocrx_word' id='word_1_694' title='bbox 295 2269 326 2296; x_wconf 84' lang='lat'><strong>“.</strong></span> <span class='ocrx_word' id='word_1_695' title='bbox 340 2279 349 2294; x_wconf 78' lang='grc' dir='ltr'><strong>ι</strong></span> <span class='ocrx_word' id='word_1_696' title='bbox 706 2296 709 2299; x_wconf 77' lang='grc'>.</span> 
     </span>
    </p>
   </div>
   <div class='ocr_carea' id='block_1_93' title="bbox 248 2314 1006 2353">
    <p class='ocr_par' dir='ltr' id='par_1_93' title="bbox 248 2314 1006 2353">
     <span class='ocr_line' id='line_1_93' title="bbox 248 2314 1006 2353; baseline 0 -11"><span class='ocrx_word' id='word_1_697' title='bbox 248 2315 346 2342; x_wconf 81' lang='lat' dir='ltr'><strong>PALL.</strong></span> <span class='ocrx_word' id='word_1_698' title='bbox 357 2315 497 2342; x_wconf 86' lang='lat' dir='ltr'><strong>lnsuetum</strong></span> <span class='ocrx_word' id='word_1_699' title='bbox 508 2323 584 2347; x_wconf 86' lang='lat' dir='ltr'><strong>sane,</strong></span> <span class='ocrx_word' id='word_1_700' title='bbox 605 2322 761 2350; x_wconf 84' lang='lat' dir='ltr'><strong>novumque</strong></span> <span class='ocrx_word' id='word_1_701' title='bbox 771 2315 943 2348; x_wconf 83' lang='lat' dir='ltr'><strong>miraculum.</strong></span> <span class='ocrx_word' id='word_1_702' title='bbox 953 2314 1006 2353; x_wconf 60' lang='lat' dir='ltr'><strong>Cy-</strong></span> 
     </span>
    </p>
   </div>
   <div class='ocr_carea' id='block_1_94' title="bbox 216 2361 1004 2397">
    <p class='ocr_par' dir='ltr' id='par_1_94' title="bbox 216 2361 1004 2397">
     <span class='ocr_line' id='line_1_94' title="bbox 216 2361 1004 2397; baseline 0.001 -9"><span class='ocrx_word' id='word_1_703' title='bbox 216 2362 276 2389; x_wconf 86' lang='lat' dir='ltr'><strong>rille</strong></span> <span class='ocrx_word' id='word_1_704' title='bbox 294 2370 300 2388; x_wconf 89' lang='lat'><strong>:</strong></span> <span class='ocrx_word' id='word_1_705' title='bbox 318 2361 384 2397; x_wconf 85' lang='lat' dir='ltr'><strong>quid</strong></span> <span class='ocrx_word' id='word_1_706' title='bbox 400 2367 491 2389; x_wconf 85' lang='lat' dir='ltr'><strong>autem</strong></span> <span class='ocrx_word' id='word_1_707' title='bbox 511 2361 665 2396; x_wconf 74' lang='lat' dir='ltr'><strong>signiﬁcare</strong></span> <span class='ocrx_word' id='word_1_708' title='bbox 682 2361 760 2394; x_wconf 82' lang='lat' dir='ltr'><strong>velit,</strong></span> <span class='ocrx_word' id='word_1_709' title='bbox 773 2361 888 2394; x_wconf 82' lang='lat' dir='ltr'><strong>dissere,</strong></span> <span class='ocrx_word' id='word_1_710' title='bbox 905 2362 929 2389; x_wconf 79' lang='lat' dir='ltr'><strong>si</strong></span> <span class='ocrx_word' id='word_1_711' title='bbox 942 2362 1004 2397; x_wconf 87' lang='lat' dir='ltr'><strong>pla-</strong></span> 
     </span>
    </p>
   </div>
   <div class='ocr_carea' id='block_1_95' title="bbox 216 2406 412 2444">
    <p class='ocr_par' dir='ltr' id='par_1_95' title="bbox 216 2406 412 2444">
     <span class='ocr_line' id='line_1_95' title="bbox 216 2406 412 2444; baseline 0.005 -11"><span class='ocrx_word' id='word_1_712' title='bbox 216 2411 269 2439; x_wconf 81' lang='lat' dir='ltr'><strong>cet,</strong></span> <span class='ocrx_word' id='word_1_713' title='bbox 287 2406 412 2444; x_wconf 85' lang='lat' dir='ltr'><strong>aeapite.</strong></span> 
     </span>
    </p>
   </div>
   <div class='ocr_carea' id='block_1_96' title="bbox 249 2450 1002 2488">
    <p class='ocr_par' dir='ltr' id='par_1_96' title="bbox 249 2450 1002 2488">
     <span class='ocr_line' id='line_1_96' title="bbox 249 2450 1002 2488; baseline 0 -9"><span class='ocrx_word' id='word_1_714' title='bbox 249 2450 327 2480; x_wconf 86' lang='lat' dir='ltr'><strong>CYR.</strong></span> <span class='ocrx_word' id='word_1_715' title='bbox 354 2452 488 2486; x_wconf 83' lang='lat' dir='ltr'><strong>Equidem</strong></span> <span class='ocrx_word' id='word_1_716' title='bbox 508 2452 650 2479; x_wconf 85' lang='lat' dir='ltr'><strong>disseram.</strong></span> <span class='ocrx_word' id='word_1_717' title='bbox 674 2451 742 2480; x_wconf 90' lang='lat' dir='ltr'><strong>Cum</strong></span> <span class='ocrx_word' id='word_1_718' title='bbox 757 2460 806 2488; x_wconf 86' lang='lat' dir='ltr'><strong>per</strong></span> <span class='ocrx_word' id='word_1_719' title='bbox 824 2452 909 2479; x_wconf 84' lang='lat' dir='ltr'><strong>multa</strong></span> <span class='ocrx_word' id='word_1_720' title='bbox 931 2455 1002 2479; x_wconf 85' lang='lat' dir='ltr'><strong>tem-</strong></span> 
     </span>
    </p>
   </div>
   <div class='ocr_carea' id='block_1_97' title="bbox 215 2497 1003 2533">
    <p class='ocr_par' dir='ltr' id='par_1_97' title="bbox 215 2497 1003 2533">
     <span class='ocr_line' id='line_1_97' title="bbox 215 2497 1003 2533; baseline 0 -9"><span class='ocrx_word' id='word_1_721' title='bbox 215 2506 280 2533; x_wconf 88' lang='lat' dir='ltr'><strong>pora</strong></span> <span class='ocrx_word' id='word_1_722' title='bbox 292 2498 365 2524; x_wconf 85' lang='lat' dir='ltr'><strong>inter</strong></span> <span class='ocrx_word' id='word_1_723' title='bbox 389 2497 532 2533; x_wconf 60' lang='lat' dir='ltr'><strong>Egyptios</strong></span> <span class='ocrx_word' id='word_1_724' title='bbox 549 2497 660 2530; x_wconf 44' lang='lat' dir='ltr'><strong>,versati</strong></span> <span class='ocrx_word' id='word_1_725' title='bbox 685 2501 778 2525; x_wconf 86' lang='lat' dir='ltr'><strong>essent</strong></span> <span class='ocrx_word' id='word_1_726' title='bbox 801 2497 949 2530; x_wconf 62' lang='lat' dir='ltr'><strong>Israelita,</strong></span> <span class='ocrx_word' id='word_1_727' title='bbox 974 2501 1003 2525; x_wconf 86' lang='lat' dir='ltr'><strong>et</strong></span> 
     </span>
    </p>
   </div>
   <div class='ocr_carea' id='block_1_98' title="bbox 158 2542 1002 2579">
    <p class='ocr_par' dir='ltr' id='par_1_98' title="bbox 158 2542 1002 2579">
     <span class='ocr_line' id='line_1_98' title="bbox 158 2542 1002 2579; baseline -0.002 -7"><span class='ocrx_word' id='word_1_728' title='bbox 158 2567 164 2573; x_wconf 92' lang='lat'><strong>.</strong></span> <span class='ocrx_word' id='word_1_729' title='bbox 216 2543 320 2571; x_wconf 90' lang='lat' dir='ltr'><strong>nullum</strong></span> <span class='ocrx_word' id='word_1_730' title='bbox 340 2548 413 2570; x_wconf 88' lang='lat' dir='ltr'><strong>esset</strong></span> <span class='ocrx_word' id='word_1_731' title='bbox 429 2543 535 2578; x_wconf 88' lang='lat' dir='ltr'><strong>peccati</strong></span> <span class='ocrx_word' id='word_1_732' title='bbox 558 2550 645 2579; x_wconf 65' lang='lat' dir='ltr'><strong>genus</strong></span> <span class='ocrx_word' id='word_1_733' title='bbox 664 2542 691 2570; x_wconf 92' lang='lat' dir='ltr'><strong>in</strong></span> <span class='ocrx_word' id='word_1_734' title='bbox 707 2543 781 2578; x_wconf 87' lang='lat' dir='ltr'><strong>quod</strong></span> <span class='ocrx_word' id='word_1_735' title='bbox 797 2542 867 2578; x_wconf 80' lang='lat' dir='ltr'><strong>lapsi</strong></span> <span class='ocrx_word' id='word_1_736' title='bbox 887 2550 942 2570; x_wconf 88' lang='lat' dir='ltr'><strong>non</strong></span> <span class='ocrx_word' id='word_1_737' title='bbox 956 2549 1002 2570; x_wconf 82' lang='lat' dir='ltr'><strong>es-</strong></span> 
     </span>
    </p>
   </div>
   <div class='ocr_carea' id='block_1_99' title="bbox 215 2588 1002 2624">
    <p class='ocr_par' dir='ltr' id='par_1_99' title="bbox 215 2588 1002 2624">
     <span class='ocr_line' id='line_1_99' title="bbox 215 2588 1002 2624; baseline 0.001 -8"><span class='ocrx_word' id='word_1_738' title='bbox 215 2593 411 2624; x_wconf 88' lang='lat' dir='ltr'><strong>sent,eumque</strong></span> <span class='ocrx_word' id='word_1_739' title='bbox 421 2588 608 2623; x_wconf 85' lang='lat' dir='ltr'><strong>voluptatibus</strong></span> <span class='ocrx_word' id='word_1_740' title='bbox 619 2588 659 2615; x_wconf 91' lang='lat' dir='ltr'><strong>illi</strong></span> <span class='ocrx_word' id='word_1_741' title='bbox 672 2588 776 2624; x_wconf 72' lang='lat' dir='ltr'><strong>regioni</strong></span> <span class='ocrx_word' id='word_1_742' title='bbox 790 2588 908 2624; x_wconf 82' lang='lat' dir='ltr'><strong>propriis</strong></span> <span class='ocrx_word' id='word_1_743' title='bbox 925 2588 1002 2617; x_wconf 89' lang='lat' dir='ltr'><strong>oble-</strong></span> 
     </span>
    </p>
   </div>
   <div class='ocr_carea' id='block_1_100' title="bbox 215 2633 1004 2670">
    <p class='ocr_par' dir='ltr' id='par_1_100' title="bbox 215 2633 1004 2670">
     <span class='ocr_line' id='line_1_100' title="bbox 215 2633 1004 2670; baseline -0.001 -8"><span class='ocrx_word' id='word_1_744' title='bbox 215 2639 365 2667; x_wconf 86' lang='lat' dir='ltr'><strong>ctarentur,</strong></span> <span class='ocrx_word' id='word_1_745' title='bbox 385 2643 439 2662; x_wconf 91' lang='lat' dir='ltr'><strong>non</strong></span> <span class='ocrx_word' id='word_1_746' title='bbox 453 2634 595 2670; x_wconf 77' lang='lat' dir='ltr'><strong>ignorabat</strong></span> <span class='ocrx_word' id='word_1_747' title='bbox 618 2633 734 2669; x_wconf 77' lang='lat' dir='ltr'><strong>Moyses.</strong></span> <span class='ocrx_word' id='word_1_748' title='bbox 761 2633 902 2668; x_wconf 74' lang='lat' dir='ltr'><strong>segniOres</strong></span> <span class='ocrx_word' id='word_1_749' title='bbox 917 2642 950 2662; x_wconf 78' lang='lat' dir='ltr'><strong>ea</strong></span> <span class='ocrx_word' id='word_1_750' title='bbox 969 2634 1004 2661; x_wconf 80' lang='lat' dir='ltr'><strong>de</strong></span> 
     </span>
    </p>
   </div>
   <div class='ocr_carea' id='block_1_101' title="bbox 215 2677 1005 2714">
    <p class='ocr_par' dir='ltr' id='par_1_101' title="bbox 215 2677 1005 2714">
     <span class='ocr_line' id='line_1_101' title="bbox 215 2677 1005 2714; baseline -0.004 -7"><span class='ocrx_word' id='word_1_751' title='bbox 215 2687 297 2707; x_wconf 86' lang='lat' dir='ltr'><strong>causa</strong></span> <span class='ocrx_word' id='word_1_752' title='bbox 307 2678 393 2706; x_wconf 84' lang='lat' dir='ltr'><strong>factos</strong></span> <span class='ocrx_word' id='word_1_753' title='bbox 407 2687 478 2712; x_wconf 75' lang='lat' dir='ltr'><strong>esse,</strong></span> <span class='ocrx_word' id='word_1_754' title='bbox 491 2683 573 2713; x_wconf 84' lang='lat' dir='ltr'><strong>atque</strong></span> <span class='ocrx_word' id='word_1_755' title='bbox 590 2677 735 2714; x_wconf 78' lang='lat' dir='ltr'><strong>ejusmodi,</strong></span> <span class='ocrx_word' id='word_1_756' title='bbox 751 2681 865 2712; x_wconf 57' lang='lat' dir='ltr'><strong>uta-grta</strong></span> <span class='ocrx_word' id='word_1_757' title='bbox 880 2677 914 2704; x_wconf 85' lang='lat' dir='ltr'><strong>ad</strong></span> <span class='ocrx_word' id='word_1_758' title='bbox 929 2685 1005 2705; x_wconf 88' lang='lat' dir='ltr'><strong>com-</strong></span> 
     </span>
    </p>
   </div>
   <div class='ocr_carea' id='block_1_102' title="bbox 209 2720 1005 2761">
    <p class='ocr_par' dir='ltr' id='par_1_102' title="bbox 209 2720 1005 2761">
     <span class='ocr_line' id='line_1_102' title="bbox 209 2720 1005 2761; baseline -0.003 -8"><span class='ocrx_word' id='word_1_759' title='bbox 209 2724 357 2761; x_wconf 79' lang='lat' dir='ltr'><strong>ponendos</strong></span> <span class='ocrx_word' id='word_1_760' title='bbox 375 2732 465 2752; x_wconf 79' lang='lat' dir='ltr'><strong>mores</strong></span> <span class='ocrx_word' id='word_1_761' title='bbox 490 2724 594 2753; x_wconf 84' lang='lat' dir='ltr'><strong>traduci</strong></span> <span class='ocrx_word' id='word_1_762' title='bbox 610 2727 723 2759; x_wconf 87' lang='lat' dir='ltr'><strong>possent</strong></span> <span class='ocrx_word' id='word_1_763' title='bbox 741 2720 826 2750; x_wconf 40' lang='lat' dir='ltr'><strong>:fore&#39;</strong></span> <span class='ocrx_word' id='word_1_764' title='bbox 844 2727 935 2750; x_wconf 81' lang='lat' dir='ltr'><strong>autem</strong></span> <span class='ocrx_word' id='word_1_765' title='bbox 960 2730 1005 2751; x_wconf 83' lang='lat' dir='ltr'><strong>sa-</strong></span> 
     </span>
    </p>
   </div>
   <div class='ocr_carea' id='block_1_103' title="bbox 208 2768 1005 2808">
    <p class='ocr_par' dir='ltr' id='par_1_103' title="bbox 208 2768 1005 2808">
     <span class='ocr_line' id='line_1_103' title="bbox 208 2768 1005 2808; baseline -0.003 -10"><span class='ocrx_word' id='word_1_766' title='bbox 208 2771 322 2806; x_wconf 78' lang='lat' dir='ltr'><strong>pienter</strong></span> <span class='ocrx_word' id='word_1_767' title='bbox 337 2771 459 2807; x_wconf 88' lang='lat' dir='ltr'><strong>putabat,</strong></span> <span class='ocrx_word' id='word_1_768' title='bbox 483 2775 511 2808; x_wconf 70' lang='lat' dir='ltr'><strong>ut</strong></span> <span class='ocrx_word' id='word_1_769' title='bbox 533 2778 646 2805; x_wconf 87' lang='lat' dir='ltr'><strong>operum</strong></span> <span class='ocrx_word' id='word_1_770' title='bbox 657 2769 741 2804; x_wconf 80' lang='lat' dir='ltr'><strong>_labor</strong></span> <span class='ocrx_word' id='word_1_771' title='bbox 771 2768 946 2804; x_wconf 85' lang='lat' dir='ltr'><strong>compelleret</strong></span> <span class='ocrx_word' id='word_1_772' title='bbox 970 2769 1005 2796; x_wconf 85' lang='lat' dir='ltr'><strong>ad</strong></span> 
     </span>
    </p>
   </div>
   <div class='ocr_carea' id='block_1_104' title="bbox 606 2861 1002 2895">
    <p class='ocr_par' dir='ltr' id='par_1_104' title="bbox 606 2861 1002 2895">
     <span class='ocr_line' id='line_1_104' title="bbox 606 2861 1002 2895; baseline -0.008 -5"><span class='ocrx_word' id='word_1_773' title='bbox 606 2864 624 2879; x_wconf 90' lang='grc'><strong>¹¹</strong></span> <span class='ocrx_word' id='word_1_774' title='bbox 641 2863 721 2895; x_wconf 73' lang='grc' dir='ltr'><strong>11ιὶιῗ.,</strong></span> <span class='ocrx_word' id='word_1_775' title='bbox 744 2863 770 2889; x_wconf 82' lang='lat'><strong>9.</strong></span> <span class='ocrx_word' id='word_1_776' title='bbox 825 2863 844 2878; x_wconf 84' lang='lat'>&quot;</span> <span class='ocrx_word' id='word_1_777' title='bbox 863 2862 943 2892; x_wconf 64' lang='grc' dir='ltr'><strong>ΠΜ..</strong></span> <span class='ocrx_word' id='word_1_778' title='bbox 961 2861 1002 2887; x_wconf 80' lang='lat' dir='ltr'><strong>‘II.</strong></span> 
     </span>
    </p>
   </div>
   <div class='ocr_carea' id='block_1_105' title="bbox 253 2865 552 2898">
    <p class='ocr_par' dir='ltr' id='par_1_105' title="bbox 253 2865 552 2898">
     <span class='ocr_line' id='line_1_105' title="bbox 253 2865 552 2898; baseline -0.01 -5"><span class='ocrx_word' id='word_1_779' title='bbox 253 2866 273 2880; x_wconf 84' lang='lat'><strong>“‘</strong></span> <span class='ocrx_word' id='word_1_780' title='bbox 293 2865 378 2893; x_wconf 65' lang='lat' dir='ltr'><strong>Exod.</strong></span> <span class='ocrx_word' id='word_1_781' title='bbox 395 2873 422 2892; x_wconf 87' lang='lat' dir='ltr'><strong>ltt</strong></span> <span class='ocrx_word' id='word_1_782' title='bbox 449 2865 464 2891; x_wconf 76' lang='grc' dir='ltr'><strong>τ</strong></span> <span class='ocrx_word' id='word_1_783' title='bbox 477 2872 552 2898; x_wconf 63' lang='lat' dir='ltr'><strong>seqq.</strong></span> 
     </span>
    </p>
   </div>
   <div class='ocr_carea' id='block_1_106' title="bbox 1088 2294 1840 2352">
    <p class='ocr_par' dir='ltr' id='par_1_106' title="bbox 1088 2294 1840 2352">
     <span class='ocr_line' id='line_1_106' title="bbox 1088 2294 1840 2352; baseline 0.004 -12"><span class='ocrx_word' id='word_1_784' title='bbox 1088 2314 1191 2341; x_wconf 80' lang='lat' dir='ltr'><strong>IIAAA.</strong></span> <span class='ocrx_word' id='word_1_785' title='bbox 1220 2314 1263 2346; x_wconf 83' lang='grc' dir='ltr'><strong>Ὠς</strong></span> <span class='ocrx_word' id='word_1_786' title='bbox 1277 2314 1395 2351; x_wconf 74' lang='grc' dir='ltr'><strong>ἐξαίσιον</strong></span> <span class='ocrx_word' id='word_1_787' title='bbox 1420 2315 1468 2350; x_wconf 86' lang='grc' dir='ltr'><strong>μὲν</strong></span> <span class='ocrx_word' id='word_1_788' title='bbox 1481 2315 1511 2342; x_wconf 83' lang='grc' dir='ltr'><strong>τδ</strong></span> <span class='ocrx_word' id='word_1_789' title='bbox 1527 2315 1632 2352; x_wconf 77' lang='grc' dir='ltr'><strong>θαῦμα,</strong></span> <span class='ocrx_word' id='word_1_790' title='bbox 1649 2313 1672 2343; x_wconf 87' lang='grc' dir='ltr'>ὢ</span> <span class='ocrx_word' id='word_1_791' title='bbox 1686 2294 1745 2343; x_wconf 53' lang='grc' dir='ltr'><strong>ξεν.</strong></span> <span class='ocrx_word' id='word_1_792' title='bbox 1765 2316 1801 2343; x_wconf 79' lang='grc' dir='ltr'><strong>τδ</strong></span> <span class='ocrx_word' id='word_1_793' title='bbox 1813 2316 1840 2344; x_wconf 74' lang='grc' dir='ltr'><strong>δὲ</strong></span> 
     </span>
    </p>
   </div>
   <div class='ocr_carea' id='block_1_107' title="bbox 1052 2356 1818 2398">
    <p class='ocr_par' dir='ltr' id='par_1_107' title="bbox 1052 2356 1818 2398">
     <span class='ocr_line' id='line_1_107' title="bbox 1052 2356 1818 2398; baseline 0.005 -12"><span class='ocrx_word' id='word_1_794' title='bbox 1052 2359 1078 2387; x_wconf 79' lang='grc' dir='ltr'><strong>τι</strong></span> <span class='ocrx_word' id='word_1_795' title='bbox 1097 2360 1130 2387; x_wconf 78' lang='grc' dir='ltr'><strong>ἂν</strong></span> <span class='ocrx_word' id='word_1_796' title='bbox 1148 2356 1270 2395; x_wconf 78' lang='grc' dir='ltr'><strong>βούλοιτὸ</strong></span> <span class='ocrx_word' id='word_1_797' title='bbox 1284 2360 1460 2396; x_wconf 78' lang='grc' dir='ltr'><strong>καταδηλοῡν,</strong></span> <span class='ocrx_word' id='word_1_798' title='bbox 1477 2362 1564 2398; x_wconf 80' lang='grc' dir='ltr'><strong>φράζε</strong></span> <span class='ocrx_word' id='word_1_799' title='bbox 1578 2362 1613 2398; x_wconf 83' lang='grc' dir='ltr'><strong>δὴ</strong></span> <span class='ocrx_word' id='word_1_800' title='bbox 1629 2362 1710 2390; x_wconf 70' lang='grc' dir='ltr'><strong>πάλιν</strong></span> <span class='ocrx_word' id='word_1_801' title='bbox 1727 2363 1818 2395; x_wconf 82' lang='grc' dir='ltr'><strong>αὑτός.</strong></span> 
     </span>
    </p>
   </div>
   <div class='ocr_carea' id='block_1_108' title="bbox 1083 2448 1841 2487">
    <p class='ocr_par' dir='ltr' id='par_1_108' title="bbox 1083 2448 1841 2487">
     <span class='ocr_line' id='line_1_108' title="bbox 1083 2448 1841 2487; baseline 0.007 -12"><span class='ocrx_word' id='word_1_802' title='bbox 1083 2448 1165 2475; x_wconf 83' lang='grc' dir='ltr'><strong>ΚΥΡ.</strong></span> <span class='ocrx_word' id='word_1_803' title='bbox 1189 2448 1260 2483; x_wconf 84' lang='grc' dir='ltr'><strong>Ἐγὼ</strong></span> <span class='ocrx_word' id='word_1_804' title='bbox 1281 2450 1392 2485; x_wconf 77' lang='grc' dir='ltr'><strong>φράσω·</strong></span> <span class='ocrx_word' id='word_1_805' title='bbox 1405 2452 1537 2487; x_wconf 77' lang='grc' dir='ltr'><strong>Μαιροὺς</strong></span> <span class='ocrx_word' id='word_1_806' title='bbox 1551 2452 1710 2487; x_wconf 79' lang='grc' dir='ltr'><strong>Αἰγυπτίοις</strong></span> <span class='ocrx_word' id='word_1_807' title='bbox 1724 2452 1841 2480; x_wconf 77' lang='grc' dir='ltr'><strong>συνδιαι-</strong></span> 
     </span>
    </p>
   </div>
   <div class='ocr_carea' id='block_1_109' title="bbox 1055 2492 1840 2532">
    <p class='ocr_par' dir='ltr' id='par_1_109' title="bbox 1055 2492 1840 2532">
     <span class='ocr_line' id='line_1_109' title="bbox 1055 2492 1840 2532; baseline 0.006 -12"><span class='ocrx_word' id='word_1_808' title='bbox 1055 2492 1170 2529; x_wconf 86' lang='grc' dir='ltr'><strong>τώμενοι</strong></span> <span class='ocrx_word' id='word_1_809' title='bbox 1194 2494 1306 2530; x_wconf 84' lang='grc' dir='ltr'><strong>χρόνους</strong></span> <span class='ocrx_word' id='word_1_810' title='bbox 1326 2495 1350 2522; x_wconf 76' lang='grc' dir='ltr'><strong>οι</strong></span> <span class='ocrx_word' id='word_1_811' title='bbox 1373 2495 1403 2529; x_wconf 76' lang='grc' dir='ltr'><strong>ἐξ</strong></span> <span class='ocrx_word' id='word_1_812' title='bbox 1431 2496 1557 2532; x_wconf 78' lang='grc' dir='ltr'><strong>Ἰσραὴλ,</strong></span> <span class='ocrx_word' id='word_1_813' title='bbox 1571 2497 1619 2524; x_wconf 81' lang='grc' dir='ltr'><strong>καὶ</strong></span> <span class='ocrx_word' id='word_1_814' title='bbox 1637 2498 1679 2530; x_wconf 77' lang='grc' dir='ltr'><strong>είς</strong></span> <span class='ocrx_word' id='word_1_815' title='bbox 1698 2499 1754 2525; x_wconf 78' lang='grc' dir='ltr'><strong>πᾶν</strong></span> <span class='ocrx_word' id='word_1_816' title='bbox 1775 2496 1840 2530; x_wconf 71' lang='grc' dir='ltr'><strong>εἶδος</strong></span> 
     </span>
    </p>
   </div>
   <div class='ocr_carea' id='block_1_110' title="bbox 1055 2540 1840 2578">
    <p class='ocr_par' dir='ltr' id='par_1_110' title="bbox 1055 2540 1840 2578">
     <span class='ocr_line' id='line_1_110' title="bbox 1055 2540 1840 2578; baseline 0.006 -12"><span class='ocrx_word' id='word_1_817' title='bbox 1055 2540 1192 2575; x_wconf 81' lang='grc' dir='ltr'><strong>ἁμαρτίας</strong></span> <span class='ocrx_word' id='word_1_818' title='bbox 1215 2540 1416 2575; x_wconf 71' lang='grc' dir='ltr'><strong>ὠλισθηκότες,</strong></span> <span class='ocrx_word' id='word_1_819' title='bbox 1443 2542 1491 2568; x_wconf 80' lang='grc' dir='ltr'><strong>καὶ</strong></span> <span class='ocrx_word' id='word_1_820' title='bbox 1505 2545 1621 2577; x_wconf 72' lang='grc' dir='ltr'><strong>τρυφαῖς</strong></span> <span class='ocrx_word' id='word_1_821' title='bbox 1638 2543 1764 2578; x_wconf 72' lang='grc' dir='ltr'><strong>ἡδόμενοι</strong></span> <span class='ocrx_word' id='word_1_822' title='bbox 1783 2545 1840 2576; x_wconf 79' lang='grc' dir='ltr'><strong>ταῖς</strong></span> 
     </span>
    </p>
   </div>
   <div class='ocr_carea' id='block_1_111' title="bbox 1053 2585 1838 2623">
    <p class='ocr_par' dir='ltr' id='par_1_111' title="bbox 1053 2585 1838 2623">
     <span class='ocr_line' id='line_1_111' title="bbox 1053 2585 1838 2623; baseline 0.004 -11"><span class='ocrx_word' id='word_1_823' title='bbox 1053 2586 1218 2621; x_wconf 69' lang='grc' dir='ltr'><strong>ἐπιχωρίοις,</strong></span> <span class='ocrx_word' id='word_1_824' title='bbox 1230 2585 1337 2621; x_wconf 85' lang='grc' dir='ltr'><strong>βραδεῖς</strong></span> <span class='ocrx_word' id='word_1_825' title='bbox 1349 2586 1398 2621; x_wconf 78' lang='grc' dir='ltr'><strong>μὲν</strong></span> <span class='ocrx_word' id='word_1_826' title='bbox 1407 2587 1449 2614; x_wconf 82' lang='grc' dir='ltr'><strong>ὅτι</strong></span> <span class='ocrx_word' id='word_1_827' title='bbox 1461 2587 1508 2615; x_wconf 76' lang='grc' dir='ltr'><strong>καὶ</strong></span> <span class='ocrx_word' id='word_1_828' title='bbox 1519 2587 1768 2623; x_wconf 78' lang='grc' dir='ltr'><strong>δυσμετακόμιστθι</strong></span> <span class='ocrx_word' id='word_1_829' title='bbox 1781 2588 1838 2615; x_wconf 81' lang='grc' dir='ltr'><strong>λίαν</strong></span> 
     </span>
    </p>
   </div>
   <div class='ocr_carea' id='block_1_112' title="bbox 1032 2631 1835 2670">
    <p class='ocr_par' dir='ltr' id='par_1_112' title="bbox 1032 2631 1835 2670">
     <span class='ocr_line' id='line_1_112' title="bbox 1032 2631 1835 2670; baseline 0.004 -12"><span class='ocrx_word' id='word_1_830' title='bbox 1032 2667 1034 2670; x_wconf 83' lang='lat'><strong><em>_</em></strong></span> <span class='ocrx_word' id='word_1_831' title='bbox 1054 2631 1160 2667; x_wconf 68' lang='grc' dir='ltr'><strong>ἔσονται</strong></span> <span class='ocrx_word' id='word_1_832' title='bbox 1179 2631 1248 2666; x_wconf 81' lang='grc' dir='ltr'><strong>πρὸς</strong></span> <span class='ocrx_word' id='word_1_833' title='bbox 1270 2632 1437 2667; x_wconf 78' lang='grc' dir='ltr'><strong>εὐκοσμίαν,</strong></span> <span class='ocrx_word' id='word_1_834' title='bbox 1456 2634 1508 2660; x_wconf 76' lang='grc' dir='ltr'><strong>οὐκ</strong></span> <span class='ocrx_word' id='word_1_835' title='bbox 1530 2634 1664 2669; x_wconf 69' lang='grc' dir='ltr'><strong>ἠγνόησεν</strong></span> <span class='ocrx_word' id='word_1_836' title='bbox 1676 2634 1692 2660; x_wconf 72' lang='grc' dir='ltr'><strong>ὑ</strong></span> <span class='ocrx_word' id='word_1_837' title='bbox 1715 2635 1817 2669; x_wconf 82' lang='grc' dir='ltr'><strong>Μωσῆς</strong></span> <span class='ocrx_word' id='word_1_838' title='bbox 1829 2643 1835 2650; x_wconf 94' lang='grc'><strong>·</strong></span> 
     </span>
    </p>
   </div>
   <div class='ocr_carea' id='block_1_113' title="bbox 1055 2677 1838 2716">
    <p class='ocr_par' dir='ltr' id='par_1_113' title="bbox 1055 2677 1838 2716">
     <span class='ocr_line' id='line_1_113' title="bbox 1055 2677 1838 2716; baseline 0.003 -12"><span class='ocrx_word' id='word_1_839' title='bbox 1055 2677 1203 2713; x_wconf 79' lang='grc' dir='ltr'><strong>συνωθήσει</strong></span> <span class='ocrx_word' id='word_1_840' title='bbox 1223 2678 1250 2705; x_wconf 83' lang='grc' dir='ltr'><strong>δὲ</strong></span> <span class='ocrx_word' id='word_1_841' title='bbox 1269 2679 1310 2705; x_wconf 71' lang='grc' dir='ltr'><strong>ὃτι</strong></span> <span class='ocrx_word' id='word_1_842' title='bbox 1325 2679 1393 2714; x_wconf 76' lang='grc' dir='ltr'><strong>πρὸς</strong></span> <span class='ocrx_word' id='word_1_843' title='bbox 1409 2679 1565 2709; x_wconf 71' lang='grc' dir='ltr'><strong>εὐπείθειαν</strong></span> <span class='ocrx_word' id='word_1_844' title='bbox 1578 2679 1634 2706; x_wconf 71' lang='grc' dir='ltr'><strong>τῶν</strong></span> <span class='ocrx_word' id='word_1_845' title='bbox 1649 2679 1738 2716; x_wconf 75' lang='grc' dir='ltr'><strong>ἔργων</strong></span> <span class='ocrx_word' id='word_1_846' title='bbox 1759 2681 1774 2708; x_wconf 81' lang='grc' dir='ltr'><strong><em>ὸ</em></strong></span> <span class='ocrx_word' id='word_1_847' title='bbox 1793 2679 1838 2706; x_wconf 78' lang='grc' dir='ltr'><strong>πό-</strong></span> 
     </span>
    </p>
   </div>
   <div class='ocr_carea' id='block_1_114' title="bbox 1055 2723 1838 2761">
    <p class='ocr_par' dir='ltr' id='par_1_114' title="bbox 1055 2723 1838 2761">
     <span class='ocr_line' id='line_1_114' title="bbox 1055 2723 1838 2761; baseline 0.004 -11"><span class='ocrx_word' id='word_1_848' title='bbox 1055 2732 1099 2755; x_wconf 79' lang='grc' dir='ltr'><strong>νος</strong></span> <span class='ocrx_word' id='word_1_849' title='bbox 1125 2723 1174 2759; x_wconf 78' lang='grc' dir='ltr'><strong>οὺχ</strong></span> <span class='ocrx_word' id='word_1_850' title='bbox 1190 2724 1302 2756; x_wconf 79' lang='grc' dir='ltr'><strong>ἑκόντας</strong></span> <span class='ocrx_word' id='word_1_851' title='bbox 1317 2725 1428 2757; x_wconf 77' lang='grc' dir='ltr'><strong>αὐτοὺς,</strong></span> <span class='ocrx_word' id='word_1_852' title='bbox 1453 2726 1477 2751; x_wconf 79' lang='grc' dir='ltr'><strong>εί</strong></span> <span class='ocrx_word' id='word_1_853' title='bbox 1497 2725 1755 2761; x_wconf 62' lang='grc' dir='ltr'><strong>θαυμαωυργοῦντα</strong></span> <span class='ocrx_word' id='word_1_854' title='bbox 1780 2725 1838 2753; x_wconf 75' lang='grc' dir='ltr'><strong>θεό-</strong></span> 
     </span>
    </p>
   </div>
   <div class='ocr_carea' id='block_1_115' title="bbox 1057 2769 1837 2810">
    <p class='ocr_par' dir='ltr' id='par_1_115' title="bbox 1057 2769 1837 2810">
     <span class='ocr_line' id='line_1_115' title="bbox 1057 2769 1837 2810; baseline 0.006 -15"><span class='ocrx_word' id='word_1_855' title='bbox 1057 2777 1165 2800; x_wconf 81' lang='grc' dir='ltr'><strong>σαιντο,</strong></span> <span class='ocrx_word' id='word_1_856' title='bbox 1182 2769 1271 2803; x_wconf 82' lang='grc' dir='ltr'><strong>σοφῶς</strong></span> <span class='ocrx_word' id='word_1_857' title='bbox 1294 2769 1479 2805; x_wconf 74' lang='grc' dir='ltr'><strong>ὑπελάμϐανε.</strong></span> <span class='ocrx_word' id='word_1_858' title='bbox 1499 2771 1600 2807; x_wconf 83' lang='grc' dir='ltr'><strong>Χρῆμα</strong></span> <span class='ocrx_word' id='word_1_859' title='bbox 1615 2771 1664 2807; x_wconf 78' lang='grc' dir='ltr'><strong>μὲν</strong></span> <span class='ocrx_word' id='word_1_860' title='bbox 1692 2771 1747 2810; x_wconf 67' lang='grc' dir='ltr'><strong>γὰρ</strong></span> <span class='ocrx_word' id='word_1_861' title='bbox 1777 2771 1837 2807; x_wconf 79' lang='grc' dir='ltr'><strong>ἁλη-</strong></span> 
     </span>
    </p>
   </div>
   <div class='ocr_carea' id='block_1_116' title="bbox 1044 2861 1593 2898">
    <p class='ocr_par' dir='ltr' id='par_1_116' title="bbox 1044 2861 1593 2898">
     <span class='ocr_line' id='line_1_116' title="bbox 1044 2861 1593 2898; baseline 0.004 -10"><span class='ocrx_word' id='word_1_862' title='bbox 1044 2861 1064 2876; x_wconf 76' lang='grc'><strong>¹³</strong></span> <span class='ocrx_word' id='word_1_863' title='bbox 1081 2862 1130 2889; x_wconf 76' lang='lat' dir='ltr'><strong>Isa.</strong></span> <span class='ocrx_word' id='word_1_864' title='bbox 1146 2869 1220 2896; x_wconf 68' lang='lat' dir='ltr'><strong>nul,</strong></span> <span class='ocrx_word' id='word_1_865' title='bbox 1239 2862 1265 2894; x_wconf 85' lang='grc'><strong>9,</strong></span> <span class='ocrx_word' id='word_1_866' title='bbox 1300 2862 1418 2890; x_wconf 68' lang='lat' dir='ltr'><strong>&quot;Exod.</strong></span> <span class='ocrx_word' id='word_1_867' title='bbox 1436 2872 1470 2890; x_wconf 80' lang='lat' dir='ltr'><strong>tv.</strong></span> <span class='ocrx_word' id='word_1_868' title='bbox 1487 2864 1503 2890; x_wconf 84' lang='lat'><strong>9</strong></span> <span class='ocrx_word' id='word_1_869' title='bbox 1517 2871 1593 2898; x_wconf 81' lang='lat' dir='ltr'><strong>seqq.</strong></span> 
     </span>
    </p>
   </div>
  </div>
