1924 3043
103 129 167 160 Ξιιη

488 135 532 162 DE
551 135 774 166 ADORATIONE
792 138 826 166 IN
845 138 980 168 SPIRITU
1000 140 1044 167 ET
1065 131 1249 168 VERl’l‘ATE.
1271 139 1334 167 LIB.
1355 140 1386 167 II.

1690 140 1744 167 212
1767 147 1769 153 '

110 188 164 221 θῶς
187 188 370 226 δυσεξίτητον
393 192 492 228 ἡδονὴ,
521 193 568 220 καὶ
593 193 687 221 παθῶν
704 195 833 231 ἁγριότης
849 195 900 222 τῶι.

956 197 1164 232 obsequendum
1173 198 1215 224 vel
1229 198 1339 229 invitos,
1351 197 1372 224 si
1383 197 1472 232 ipsum
1486 195 1656 223 admirabilia
1667 204 1742 231 quau-

111 236 142 263 ιν
164 236 228 270 ἡμῖν
258 236 312 263 οὐκ
350 238 473 274 εὐχερῶς
496 238 696 267 τιθασσεύεται.
727 241 849 277 Ἰδρῶτος
875 241 904 268 δὲ

112 281 326 315 καταθλίϐοντος
353 285 402 311 καὶ
434 285 521 312 πόνων
547 286 763 322 ἐπηρτημένων,
791 288 905 315 ἀναπεί-

115 336 185 355 σειεν
214 328 248 356 ἂν
265 329 388 363 εὐκόλως
406 330 453 357 καὶ
474 331 527 358 τῶν
549 332 663 367 ἡδίστων
693 332 873 369 ὑπερφρονεῖν
890 335 905 361 6

113 373 295 401 ἀπαλλάττειν
309 375 533 411 ὑπισχνούμενος
550 374 628 411 οἶμαι
644 377 672 404 δὲ
690 377 731 404 ὅτι
748 379 795 405 καὶ
809 379 823 405 ὁ
840 386 904 405 παν-

113 419 158 451 τὸς
171 420 276 454 ἀγαθοῦ
296 421 347 456 τὴν
363 422 464 457 εἴδησιν
482 421 552 457 ἔχων
572 422 647 456 Θεὸς,
660 422 798 450 δύσοιστύν
812 432 841 450 τε
857 425 904 451 καὶ

111 465 234 501 δυσαλγῆ
259 466 320 492 τότε
344 466 377 502 δὴ
415 466 531 502 μάλιστα
565 468 620 499 τοῖς
656 467 689 501 ὲξ
723 468 831 504 Ἰσραὴλ
854 469 903 504 τὴν

111 511 167 537 τῶν
188 512 348 547 Αἰγυπτίων
367 513 478 549 ὲπηφίει
496 513 653 547 πλεονεξίαν
668 514 903 550 οίκονομικώτατά

112 566 141 584 τε
154 558 227 592 λίαν,
243 559 281 591 ὼς
296 559 329 586 ἂν
343 553 397 586 εἷεν
409 559 515 587 εῠκολοι
537 561 605 596 πρὸς
619 560 788 597 ἀποδρομὴν,
803 561 851 587 καὶ
865 562 903 597 μὴ

111 605 173 635 ταῖς
190 605 353 640 συντρόφοις
368 606 476 641 ἡδοναῖς
499 606 653 641 ἐνδούμενοι
664 625 670 637 ,
686 607 797 642 σκληροί
813 615 842 632 τε
859 607 905 640 γέ-

111 657 200 676 νοιντο
216 651 264 676 καὶ
274 650 426 684 δυσάγωγοι
442 651 552 687 κομιδῇ,
572 652 620 678 καὶ
636 652 685 687 τὴν
698 651 744 678 τοῦ
759 652 905 684 καλοῦντος

110 694 152 726 εἰς
164 694 323 731 ἐλευθερίαν
334 695 512 731 ἀτιμάζοντες
522 696 612 732 χάριν,
627 696 778 724 ἐθελούσιον
789 699 905 724 ποιοῖντο

110 741 163 775 τὴν
179 741 209 766 ὲν
220 741 350 776 Αἰγύπτῳ
366 742 485 776 θητείαν,
499 743 530 769 τὺ
543 743 699 778 παραυτίκα
709 743 834 779 τερπνὸν,
851 743 905 769 ὀλί-

110 793 169 819 γων
189 785 247 812 ἐσθ’
268 787 313 813 ὅτε
336 788 532 823 προ-τάττοντες
556 789 655 817 πόνων.
678 789 787 816 Μᾶλλον
805 789 834 815 δὲ
857 790 905 816 καὶ

109 830 205 857 αὐτῶν
221 832 250 857 ὲν
266 831 391 867 ἀμείνοσι
407 833 647 869 καταλογιζόμενοι
661 835 715 861 τῶν
730 834 805 870 παρὰ
822 834 901 865 Θεοῦ,

955 244 1019 271 dam
1034 251 1117 278 opera
1131 243 1236 271 efﬁcere
1252 243 1392 276 viderent;
1405 247 1448 270 est
1462 242 1536 270 enim
1554 242 1679 277 voluptas
1698 242 1745 269 in-

956 289 1040 316 ﬁxum
1051 289 1162 324 penitus
1180 289 1293 322 malum,
1307 293 1334 316 et
1351 289 1480 316 vitiorum
1500 292 1656 316 nostrorum
1674 286 1742 315 [οῆ-

957 338 998 361 tas
1009 333 1120 361 difficile
1141 334 1329 361 mansuescit:
1343 338 1380 366 at,
1403 334 1426 361 si
1441 333 1528 361 sudor
1549 333 1694 368 deprimat,
1711 340 1743 360 ac

955 380 1065 407 labores
1078 379 1199 415 impositi
1212 379 1276 411 sint,
1290 383 1347 406 tum
1360 387 1424 407 vero
1436 380 1469 412 is,
1490 380 1537 415 qui
1559 387 1588 407 se
1609 379 1741 406 liberatu-

956 434 1016 453 rum
1034 426 1069 453 ab
1084 426 1118 453 iis
1132 425 1312 467 incommodis
1333 426 1486 460 pollicetur,
1509 425 1588 452 facile
1599 431 1742 460 persuase—

955 472 1001 505 rit,
1017 471 1090 507 ipsas
1111 480 1221 507 quoque
1238 479 1359 499 summas
1381 471 1534 506 voluptates
1555 476 1739 498 contemnere.

955 517 1027 551 Quin
1036 517 1119 545 etiam
1132 522 1198 553 puto
1210 517 1307 549 Deum,
1318 517 1364 551 qui
1377 517 1509 544 bonorum
1519 516 1641 543 omnium
1651 516 1740 543 scien—

956 563 1021 591 tiam
1036 568 1121 596 tenet,
1137 563 1340 598 sapientissimo
1359 562 1474 589 consilio
1490 561 1621 588 lsraelitis
1643 569 1676 588 eo
1695 569 1743 596 po-

956 608 1092 635 tissimum
1124 612 1247 643 tempore
1269 607 1432 639 molestam,
1459 614 1491 633 ac
1514 613 1568 633 non
1602 606 1741 633 ferendam
1765 630 1767 634 .

955 653 1144 690 Egyptiorum
1163 654 1304 682 hominum
1318 653 1451 681 saevitiam
1469 652 1614 679 immisisse
1631 656 1661 678 ut
1675 652 1742 679 faci—
1764 669 1766 672 μ

955 700 996 727 les
1009 704 1101 727 essent
1114 700 1147 727 ad
1165 700 1272 735 fugam;
1295 706 1386 734 neque
1401 697 1601 726 consuetudine
1616 697 1741 732 volupta—
1763 713 1765 716 ι

955 750 1014 773 tum
1034 746 1129 778 illecti,
1157 747 1309 780 pertinaces
1331 752 1363 772 ac
1382 743 1506 771 difﬁciles
1528 743 1675 770 admodum
1693 743 1742 770 ﬁe-

955 796 1027 824 rent,
1054 796 1135 826 atque
1152 792 1234 824 illius,
1254 791 1300 825 qui
1317 790 1352 818 ad
1372 790 1526 817 libertatem
1544 793 1665 820 vocaret,
1681 795 1743 823 gra-

957 837 1023 864 tiam
1039 836 1279 872 parvipendentes,
1305 835 1413 870 Egypti
1425 834 1586 862 servitutem
1605 836 1702 866 sponte
1711 839 1744 858 ac

109 875 161 903 καὶ
177 876 245 910 γοῦν
259 877 445 912 ἀσμενέστατα
465 879 516 914 τῆς
527 879 580 906 τῶν
594 880 678 907 πάλαι
696 880 900 916 τετυραννευκό-

957 883 1076 910 libenter
1095 882 1325 916 amplexarentur,
1347 887 1409 907 eum
1431 879 1505 906 illam
1518 876 1661 914 praesentis
1677 879 1743 903 Lem-

111 930 167 948 των
182 922 341 956 πλεονεξίας
354 924 536 957 ἐκδεδυκάτες,
549 926 722 961 αὑλιζόμενοί
733 935 762 953 τε
776 927 845 954 κατὰ
856 926 904 963 τὴν

110 966 228 1002 ἔρημον,
241 969 288 995 »αἱ
299 969 332 996 τὰ
342 970 446 997 ἄνωθέν
458 980 487 997 τε
502 972 548 998 καὶ
564 971 593 1004 ἐξ
607 971 722 1007 οὐρανοῦ
739 972 908 1007 σιτούμενοι,

109 1013 162 1048 τὴν
172 1014 221 1040 τοῦ
235 1015 324 1049 μάννα
343 1017 473 1051 χορηγίαν
489 1017 571 1053 φημὶ,
588 1017 637 1053 τῆς
653 1019 682 1044 ὲν
695 1018 825 1054 Αἰγύπτῳ
839 1027 905 1054 τρυ-

109 1058 165 1092 φῆς
196 1059 248 1086 οὐκ
285 1060 418 1096 ἀδακρυτὶ
458 1062 685 1097 μνημονεύουσιν.
731 1063 906 1091 Ἐκτεθνὰναι

112 1104 226 1139 μᾶλλον,
246 1105 285 1138 ὡς
296 1104 332 1142 ἦν
353 1107 386 1142 δή
407 1117 458 1134 που
480 1109 555 1143 παρὰ
573 1109 641 1136 πολὺ
663 1110 787 1144 κρεῖττόν
808 1118 837 1136 τε
855 1111 902 1137 καὶ

110 1150 224 1185 ἄμεινον
237 1152 338 1185 αὐτοῖς,
350 1155 409 1185 ταῖς
421 1154 449 1180 ἑν
463 1155 592 1190 Αἰγύπτῳ
606 1155 755 1190 τραπέζαις
769 1156 903 1183 ὲνσπατα-

109 1195 228 1229 λῶν-τας,
244 1198 285 1225 ἔτι
305 1199 510 1235 διατεινόμενοι,
535 1201 581 1227 καὶ
597 1201 785 1237 μειρακιωδῶς
807 1203 904 1229 ἀνακε-

110 1242 247 1276 κραγότες
256 1251 263 1258 ’
282 1253 291 1269 ι
308 1244 422 1278 Ὄφελον
436 1245 608 1281 ἀπεθάνομεν
622 1247 771 1282 πληγέντες
784 1247 836 1273 ὑπὸ
848 1248 904 1274 Κυ-

112 1287 171 1322 ρίου
188 1288 217 1314 ὲν
233 1289 375 1325 Αἰγύπτῳ,
391 1290 457 1317 ὅταν
474 1291 641 1327 ὲκαθῖσαμεν
655 1292 765 1319 ἐπὶτῶν
779 1293 901 1327 λεϐήτων

109 1333 166 1360 τῶν
182 1335 272 1370 κρεῶν
289 1337 336 1363 καὶ
351 1337 479 1372 ὴσϐίομεν
492 1338 590 1374 ἄρτους
601 1339 641 1370 είς
652 1339 824 1374 πλησμονήνῐ
837 1349 846 1364 ι

954 928 1029 963 poris
1045 927 1259 955 oblectationem
1273 925 1386 961 exiguis
1391 930 1590 962 nonnunquam
1601 921 1743 949 laboribus

954 974 1142 1006 anteferrent,
1166 973 1221 1000 imo
1240 979 1305 999 vero
1325 971 1408 998 etiam
1428 970 1496 1005 ipsis
1517 968 1566 996 Dei
1588 967 1740 998 beneﬁciis,

955 1018 1155 1054 exoptatiorem
1176 1017 1374 1045 existimarent.
1390 1016 1483 1050 Itaque
1502 1014 1567 1042 licet
1581 1015 1636 1049 jam
1652 1013 1742 1040 liben—

953 1065 1059 1092 tissime
1071 1072 1105 1091 ex
1114 1063 1317 1098 illariniquitate
1328 1066 1453 1090 veterum
1464 1061 1639 1088 dominorum
1650 1066 1741 1086 emer-

956 1109 1067 1142 sissent,
1078 1113 1108 1136 et
1122 1109 1150 1136 in
1165 1116 1258 1136 eremo
1275 1107 1337 1135 ﬁxis
1355 1106 1482 1134 tentoriis
1506 1110 1692 1136 morarentur,
1714 1107 1743 1130 et

955 1162 1075 1190 superno
1087 1155 1249 1189 caelitusque
1261 1154 1324 1181 dato
1339 1153 1401 1180 cibo
1419 1155 1608 1183 vescerentur,
1631 1157 1741 1182 manna,

953 1201 1075 1234 inquam,
1100 1200 1157 1232 illo,
1175 1199 1249 1234 quod
1265 1199 1375 1234 copiose
1391 1198 1575 1233 praabebatur,
1603 1197 1677 1223 illaut
1700 1200 1741 1223 ta-

953 1254 1016 1274 men
1028 1246 1056 1274 in
1067 1246 1183 1282 Egypto
1193 1246 1361 1280 voluptatem
1375 1252 1431 1272 non
1447 1243 1505 1271 sine
1523 1243 1649 1279 lacrymis
1665 1249 1742 1269 com-

954 1286 1117 1324 memorant,
1144 1291 1250 1318 scilicet
1274 1294 1423 1326 querentes
1452 1288 1539 1317 multo
1565 1288 1617 1316 sibi
1643 1287 1751 1315 melius,

954 1339 1048 1371 fuisse,
1063 1338 1085 1366 si
1101 1342 1157 1365 tum
1169 1341 1261 1365 essent
1279 1336 1392 1368 mortui,
1410 1343 1473 1363 cum
1487 1335 1516 1363 in
1532 1335 1640 1371 [Egypti
1663 1342 1741 1361 men-

111 1380 150 1408 sis
181 1381 397 1410 luxuriarentur.
419 1384 512 1419 Itaque
534 1392 640 1412 summa
671 1386 844 1412 contentione
864 1392 940 1412 more
959 1392 1108 1420 puerorum
1127 1383 1366 1412 vociferabantur:
1382 1392 1392 1408 ι
1411 1383 1521 1411 Utinam
1544 1375 1645 1410 mortui
1666 1390 1742 1410 esse-
1758 1400 1766 1403 «η

110 1433 174 1453 mus
189 1428 316 1460 percussi
340 1436 355 1455 a
376 1429 492 1457 Domino
517 1429 545 1458 iu
564 1430 691 1466 Egypto,
706 1430 816 1466 quando
847 1430 1012 1458 sedebamus
1024 1438 1108 1465 super
1119 1430 1187 1457 ollas
1209 1429 1344 1460 carnium,
1362 1432 1391 1456 et
1421 1427 1634 1455 comedebamus
1644 1433 1761 1462 panem

111 1474 140 1501 in
153 1474 300 1504 saturitate
311 1476 348 1503 "l
365 1485 374 1501 ι

147 1533 255 1559 ΠΑΔΛ.
270 1531 307 1560 Εὖ
321 1533 422 1568 λέγεις.

147 1588 230 1614 ΚΥΡ.
241 1587 356 1635 ⁸Οὐκοῦν
368 1589 406 1621 ὡς
419 1590 554 1624 ἀναγκαία
566 1599 608 1623 τις
624 1589 712 1616 ἔσοιτο
727 1590 795 1635 πρὸς
810 1589 901 1616 εὐπεί-

112 1632 188 1659 θειαν
215 1633 314 1664 αὐτοῖς
336 1634 352 1669 ἡ
382 1633 602 1670 θαυματουργία,
629 1634 731 1670 Μωσῆς
752 1632 900 1669 ἧπίστατο.

111 1678 258 1714 Τοιγάρτοι
274 1680 371 1714 φησίν·
386 1690 394 1706 ι
416 1680 479 1707 Ὲὰιν
494 1681 530 1716 μὴ
543 1681 724 1707 εἰσακούσωσί
739 1689 788 1716 μου
801 1680 902 1716 (ἐροῦσι

111 1722 176 1757 γὰρ,
186 1724 229 1750 ὅτι
238 1724 296 1750 Οὐκ
310 1722 399 1750 ὦπταί
412 1726 474 1751 σοιὸ
487 1725 574 1761 Θεὸς),
586 1725 611 1752 τί
620 1725 674 1761 ὲρῶ
683 1725 749 1761 πρὸς
761 1724 875 1758 αὐτοὺς;
889 1735 898 1751 ι

117 1768 146 1795 ὀ
159 1769 187 1795 δέ
202 1778 235 1803 γε
248 1770 302 1796 τῶν
315 1770 382 1797 ὅλων
397 1771 462 1802 Θεὸς
480 1771 623 1807 μελέτησιν
637 1771 731 1807 ὥσπερ
741 1771 802 1798 τινὰ
815 1773 901 1798 ποιεῖ-

113 1813 174 1840 σθαι
191 1815 223 1840 τὸ
240 1814 332 1849 θαῦμα
347 1816 517 1851 παραχρῆμα
540 1816 721 1843 διεκελεύετο·
738 1817 902 1852 προαναπεί-

112 1858 175 1889 οων,
200 1857 288 1894 οἶμαι.
307 1863 345 1896 τῇ
360 1861 505 1897 πείρᾳττδν
528 1862 701 1898 λειτουργὸν,
718 1863 758 1889 ὃτι
775 1862 821 1889 καὶ
845 1863 901 1894 τοῖς

111 1904 200 1936 ἄλλοις
225 1906 312 1933 ἇπασι
335 1906 460 1942 καθάπερ
482 1907 556 1943 αὐτῷ
582 1908 649 1945 πρὸς
667 1908 778 1941 ἔνδειξιν
800 1909 900 1944 ἁκριὸἧ

110 1947 156 1974 τοῦ
174 1949 325 1984 κεκλῆσθαι
352 1951 427 1986 παρὰ
447 1951 525 1983 Θεοῦ,
540 1951 649 1987 διαρκὲς
663 1951 739 1978 ἔσται
751 1952 782 1979 τὸ
795 1952 899 1988 δρώμε-

111 2002 173 2021 νον”
199 1995 247 2021 καὶ
271 1996 390 2030 ἁρμόσαι
407 1996 462 2032 γὰρ
485 1998 518 2024 ἂν
542 1998 590 2033 οὺχ
613 1997 697 2033 ἑτέρῳ
712 1998 741 2024 τὸ
768 1998 898 2034 μεθιστᾷν

111 2040 243 2068 δύνασθαι
260 2041 314 2068 τῶν
328 2042 411 2069 ὅντων
424 2043 472 2075 τὰς
488 2043 585 2078 φύσεις
601 2044 668 2079 πρὸς
681 2045 750 2079 ὅπερ
763 2045 795 2071 ἂν
813 2034 901 2071 ἕλοιτο

110 2087 201 2121 τυχὸν,
221 2087 291 2122 πλὴν
310 2088 350 2114 ὅτι
373 2089 421 2115 καὶ
441 2089 513 2124 μόνῳ
531 2089 570 2125 τῷ
595 2090 702 2117 πάντων
724 2090 898 2126 Δημιουργῷ,

113 2133 228 2167 μήνυσιν
242 2134 272 2160 δὲ
291 2134 385 2170 ὥσπερ
399 2137 448 2171 τῆς
462 2136 506 2162 διὰ
524 2136 644 2172 Χριστοῦ
658 2137 795 2172 σωτηρίας
811 2137 900 2171 αἰνιγ-

112 2179 243 2212 ματωδῶς
257 2180 287 2206 τὸ
299 2181 445 2216 παράδοξον
462 2179 490 2208 εὖ
506 2180 685 2217 μάλα’τιθείς.
695 2182 830 2218 Ὀψὸμεθα
845 2183 899 2218 γὰρ

109 2224 157 2258 τῆς
176 2224 206 2250 ἐν
223 2226 300 2261 αὐτῷ
317 2227 488 2262 ἀνθρωπείας
506 2227 612 2261 φύσεως
625 2228 670 2255 τὸν
684 2229 723 2261 εἰς
740 2229 770 2255 τὸ
786 2229 900 2265 ἀρχαῖον

109 2270 299 2306 ἀναπλασμὸν,
317 2274 362 2298 καὶ
382 2273 433 2308 ’τὴν
449 2274 530 2300 οἱονεὶ
552 2275 774 2310 μεταμόρφωσιν,
796 2275 845 2310 τὴν
859 2275 898 2307 εἰς

109 2315 176 2353 ὅπερ
192 2315 265 2353 ἦμεν
285 2319 314 2345 ἐν
334 2319 429 2355 Ἀδὰμ,
448 2319 529 2352 εὐθὺς
544 2322 583 2352 είς
599 2321 628 2348 τὸ
644 2319 712 2348 εἶναι
728 2329 898 2357 παρενηνεγ-

111 2360 196 2396 μένοι,
211 2361 292 2398 δόξης
304 2372 334 2389 τε
352 2363 428 2391 οὔπω
447 2365 496 2400 τῆς
518 2365 620 2392 ἄνωθεν
635 2367 682 2393 καὶ
700 2366 837 2401 ἁγιασμοῦ
853 2375 898 2401 τη-

108 2406 238 2442 τώμενοι,

912 1535 935 1565 c
985 1531 1083 1560 PALL.
1099 1530 1155 1566 es
1166 1530 1248 1557 Recte
1265 1528 1344 1556 dicis.

987 1587 1135 1616 CYR.Non
1150 1590 1208 1614 erat
1225 1586 1309 1621 igitur
1321 1585 1426 1620 Moyses
1437 1584 1558 1620 ignarus,
1576 1583 1648 1609 illam
1661 1581 1743 1609 mira~
1765 1600 1768 1602 .

952 1634 1076 1662 culorum
1088 1631 1320 1668 perpetratiouem
1335 1629 1519 1658 necessariam
1544 1628 1613 1657 fore,
1634 1635 1686 1662 qua
1707 1626 1740 1653 il—

951 1681 1042 1707 lorum
1058 1678 1142 1707 animi
1164 1677 1197 1705 ad
1214 1677 1323 1704 facilius
1346 1674 1592 1710 obtemperaudum
1619 1673 1740 1700 adduce-

952 1733 1046 1753 rentur
1065 1734 1071 1751 :
1092 1725 1184 1759 itaque
1200 1723 1238 1750 ait
1253 1731 1259 1749 :
1280 1733 1289 1748 ‹
1310 1722 1338 1749 Si
1352 1729 1408 1749 non
1421 1721 1563 1748 audierint
1574 1727 1634 1751 me;
1648 1719 1741 1746 dicent

952 1771 1025 1798 enim
1044 1770 1123 1797 :Non
1153 1768 1279 1803 apparuit
1305 1767 1355 1794 tibi
1382 1767 1474 1798 Deus;
1495 1765 1561 1800 quid
1589 1764 1678 1791 dicant
1707 1763 1740 1790 ad

953 1826 1000 1845 eos
1011 1817 1053 1844 "‘2
1066 1827 1075 1842 ι
1091 1815 1144 1843 Sed
1157 1815 1347 1842 universorum
1362 1810 1602 1840 Deusmiraculum
1612 1809 1680 1836 illud
1694 1817 1742 1836 ve-

952 1864 994 1891 lut
1022 1860 1227 1890 exercitationis
1251 1859 1392 1895 cujusdam
1413 1858 1474 1885 loco
1494 1857 1584 1884 facere
1611 1855 1741 1883 continuo

949 1908 1040 1945 jussit,
1052 1916 1083 1936 ea
1099 1907 1133 1935 de
1151 1914 1242 1939 causa,
1253 1905 1306 1933 uisi
1316 1905 1404 1937 fallor,
1421 1907 1452 1931 ut
1466 1904 1543 1939 prius
1554 1902 1741 1937 experimento

951 1955 1011 1990 ipso
1028 1954 1158 1989 probaret
1170 1960 1220 1980 suo
1233 1950 1342 1983 cultori,
1356 1954 1386 1977 ut
1397 1949 1469 1985 apud
1483 1956 1522 1981 se,
1538 1948 1578 1976 sic
1592 1947 1664 1982 apud
1679 1954 1739 1974 om-

951 2008 1001 2029 nes
1017 2000 1094 2032 alios,
1106 2006 1165 2026 rem
1177 1998 1252 2025 illam
1263 2001 1366 2032 gestam
1381 1996 1448 2023 satis
1461 1993 1615 2030 argumenti
1628 1992 1741 2020 habitu-

952 2052 1085 2080 ram,quo
1099 2051 1158 2072 sea
1173 2044 1230 2071 Deo
1238 2046 1365 2070 vocatum
1377 2041 1460 2069 fuisse
1475 2039 1628 2068 certissime
1644 2042 1739 2065 osten—

951 2093 1082 2125 deretur;
1101 2098 1190 2125 neque
1205 2089 1280 2117 enim
1298 2088 1332 2116 ad
1351 2088 1468 2116 alterum
1485 2085 1652 2122 quempiam,
1669 2092 1738 2119 pra:-

951 2142 1076 2173 terquam
1084 2136 1117 2165 ad
1131 2143 1218 2164 unum
1228 2139 1389 2162 cunctarum
1410 2141 1507 2161 rerum
1523 2131 1662 2168 Opiﬁcem
1676 2137 1740 2165 per-

953 2184 1051 2216 tinere,
1068 2190 1148 2218 posse
1158 2189 1249 2210 rerum
1260 2185 1399 2213 naturam,
1421 2179 1449 2207 in
1463 2187 1545 2214 quam
1563 2177 1632 2205 velit
1644 2177 1736 2208 aliam,

951 2231 1106 2258 immutare.
1121 2228 1209 2257 Simul
1217 2229 1303 2256 etiam
1318 2227 1434 2262 ﬁgurare
1453 2233 1512 2253 rem
1528 2225 1602 2252 illam
1621 2222 1739 2250 admira‘

952 2274 1035 2302 bilem
1049 2282 1099 2310 pro
1110 2273 1212 2301 indicio
1228 2279 1287 2301 esse
1302 2271 1389 2299 voluit
1408 2270 1504 2298 salutis
1518 2269 1602 2300 illius,
1619 2275 1680 2303 quae
1691 2274 1739 2302 per

951 2321 1091 2349 Christum
1105 2318 1253 2347 tribuenda
1264 2318 1344 2346 nobis
1360 2319 1419 2345 erat
1431 2325 1438 2343 :
1453 2316 1481 2343 in
1493 2323 1526 2343 co
1538 2315 1613 2342 enim
1627 2312 1736 2348 perspi-

951 2366 1055 2393 ciemus
1082 2363 1315 2400 quemadmodum
1334 2361 1461 2389 humanae
1485 2362 1592 2386 natura:
1612 2355 1736 2392 quaedam

950 2412 986 2439 sit
998 2412 1024 2438 in
1037 2411 1181 2446 antiquum
1203 2414 1303 2437 statum
1321 2407 1391 2435 facta
1406 2404 1574 2436 reformatio,
1599 2411 1631 2430 ac
1651 2401 1735 2429 veluti
1774 2405 1779 2409 ‘

109 2453 313 2489 transfiguratio
337 2455 363 2482 in
376 2465 434 2484 eam
455 2457 655 2490 conditionem,
676 2466 729 2493 qua
752 2466 861 2486 eramus
878 2459 906 2486 in
926 2458 1023 2491 Adam,
1053 2465 1116 2485 eum
1140 2457 1257 2492 primum
1270 2463 1285 2482 a
1313 2455 1369 2483 Deo
1391 2452 1495 2481 conditi
1514 2451 1632 2482 fuimus,
1652 2449 1736 2484 gloria

107 2507 226 2536 superna
235 2505 264 2527 et
274 2502 418 2530 sanctitate
434 2504 556 2531 nondum
571 2504 681 2531 amissa.

142 2556 248 2583 [ΗΑΛ.
265 2556 328 2588 Πῶς
341 2557 423 2592 ἕφηςς
439 2559 602 2594 ἀσυμφανὴς
619 2558 672 2595 γὰρ
687 2560 700 2586 ὁ
715 2559 804 2594 λόγος.

140 2656 223 2683 ΚΥΡ.
250 2657 282 2683 ἸΙ
308 2657 404 2692 ῥάϐδος
438 2658 496 2692 ἦτοι
516 2659 547 2685 τὸ
569 2659 708 2694 σκῆπτρον
735 2659 811 2694 ἡμῖν,
835 2659 897 2695 οὐχὶ

108 2703 246 2738 βασιλείας
260 2703 395 2738 σύμϐολον
409 2704 450 2740 εἴη
465 2705 508 2739 ἂν,
526 2703 548 2732 ὦ
568 2705 717 2738 Παλλάδιες

141 2750 247 2777 ΠΑΛᾹ.
267 2750 342 2777 Πάνυ
362 2750 411 2785 μὲν
435 2748 490 2783 οὖν,
521 2752 623 2778 Emito:
649 2753 694 2779 καὶ
713 2752 804 2786 ὅρκιον
831 2752 897 2789 αὐτὸ

140 2843 160 2859 ’⁵
174 2842 252 2871 Exod
282 2851 336 2874 xw,
359 2843 386 2869 ὗ.
438 2842 457 2858 ⁸⁸
475 2843 563 2871 liwd.
579 2852 614 2873 ιγ,
638 2844 647 2870 l

987 2558 1085 2587 PALL.
1103 2557 1225 2592 Quonam
1238 2555 1339 2584 modo?
1357 2553 1510 2582 obscuriori
1530 2552 1602 2579 enim
1622 2559 1652 2578 es
1673 2558 1735 2577 ora-

953 2605 1025 2632 tione
1039 2612 1114 2631 usus.

986 2661 1065 2689 CYR.
1088 2661 1168 2696 Virga
1200 2648 1263 2691 illa,
1281 2658 1394 2689 Palladi,
1412 2665 1459 2685 seu
1475 2660 1625 2691 smptrum,
1644 2662 1734 2681 nonne

952 2707 1026 2742 regni
1042 2706 1146 2741 insigne
1162 2703 1264 2732 fuerit?

986 2752 1085 2779 PALL.
1101 2751 1231 2783 Maxime;
1242 2757 1303 2778 nam
1313 2757 1362 2784 per
1375 2748 1441 2776 illud
1460 2748 1552 2783 iurare
1566 2746 1661 2784 solitos
1675 2753 1734 2772 esse
