1924 3043
225 159 273 196 2'51

740 167 768 195 s.
789 166 927 195 cum.”
947 164 1182 194 ALEXANDRIN!
1202 163 1361 192 ARCHIEP.
1419 141 1422 143 λ

1806 156 1862 186 ΞΞὶ

226 226 348 253 Obsecro
363 246 370 258 ,
398 226 531 258 Domine,
557 226 629 260 elige
653 224 738 251 alium
770 228 910 259 potentem
932 231 1007 258 queri

1068 223 1241 258 προχείρισαι
1265 222 1344 249 ἄλλον
1360 207 1520 256 δυνάμενον,
1541 219 1570 246 ὃν
1595 216 1766 248 ἀποστελεῖς.
1781 226 1791 243 ι
1820 215 1859 243 οὖ

227 271 319 299 mittes
335 271 366 298 ".
380 280 389 296 ι
411 271 505 306 Neque
527 271 600 298 enim
621 271 664 297 lex
684 270 832 297 admodum
847 274 945 304 potens
960 274 1012 301 est,

226 323 315 351 neque
336 316 402 343 satis
426 316 500 344 valet
531 316 567 343 ad
591 316 751 343 universum
777 315 872 342 orbem
902 322 1013 342 conser-

227 363 355 394 vandum,
367 366 448 396 atque
461 362 601 389 hominem
612 370 647 389 ex
664 361 768 388 diaboli
780 361 926 388 dominatu
943 360 1013 388 libe-

227 409 352 436 randum.
366 409 422 436 Nec
447 417 513 436 vero
534 409 679 444 ignorabat
697 409 803 444 Moyses
815 428 822 440 ,
841 415 871 435 se
900 407 1013 434 tardilo—

225 448 354 489 quente'm
371 462 440 486 esse,
457 459 484 482 et
499 455 593 490 gracili
617 456 695 486 Voce,
709 462 744 482 ex
766 462 800 482 eo
809 454 927 481 maxime
944 457 1014 480 tem-

226 508 301 534 pore,
319 508 373 534 quo
384 508 447 528 cum
462 508 495 528 eo
513 501 589 536 loqui
608 500 737 535 coepisset
752 500 834 531 Deus,
848 500 930 534 eique
944 506 1013 533 prac-

225 547 327 581 cipere,
347 551 375 574 ut
389 547 422 574 de
437 555 466 575 se
478 555 635 575 sermonem
666 547 797 579 haberet;
816 547 855 574 ait
877 553 1012 580 namque:

229 602 237 617 ι
253 591 306 620 Sic-
325 593 401 621 diees
432 594 497 621 filiis
524 594 607 621 Israel
621 603 626 620 :
646 594 703 629 Ego
729 601 790 620 sum
806 593 853 627 qui
867 600 927 619 sum
941 601 947 618 :
962 592 1015 619 hoc

226 638 292 665 mihi
305 646 404 666 nomen
422 639 454 666 ³³.
465 649 474 664 ι
490 639 622 666 Tardiore
638 639 740 666 etenim
756 638 848 673 lingua
859 638 902 665 lex
923 638 1014 672 loqui-

225 688 281 716 tur,
309 692 392 719 quam
414 691 445 712 ut
461 686 529 713 satis
545 693 673 720 expresse
690 685 724 712 de
737 693 780 716 eo,
798 685 845 719 qui
860 688 913 715 est,
929 684 1014 711 verba

225 731 324 764 iaciat;
345 739 435 766 neque
467 735 510 758 est
537 730 684 766 ejusmodi,
707 734 739 757 ul.
758 729 921 757 veneranda:
940 729 1014 756 illius

226 776 428 811 ineﬂ'abilisque
459 781 566 804 natura:
608 776 753 812 mysteria,
785 783 846 811 quae
867 776 894 802 in
920 780 1015 803 sancta

226 822 361 850 Trinitate
385 822 516 849 adoratur
527 827 555 849 et
569 822 678 853 colitur,
701 816 839 856 explicare
854 825 883 848 et
904 821 1013 848 tradere

225 873 320 903 queat.
336 868 376 895 Ad
395 869 453 896 haec
468 868 562 903 gracili
573 872 616 895 est
641 868 804 903 inﬁrmaque
815 875 892 898 voce.
917 867 963 894 vix
984 870 1015 894 ut

225 921 287 941 cum
307 914 372 941 solis
384 914 514 941 lsraelitis
526 914 644 948 colloqui
655 914 753 948 possit,
766 922 796 940 ac
807 921 856 948 per
868 913 970 941 Judm
982 914 1013 940 ti-

225 967 274 986 nes
294 963 398 985 tantum
419 959 576 990 exauditur,
594 966 656 985 cum
676 959 737 987 alia:
754 963 851 993 gentes
867 967 967 986 omnes
977 966 1011 986 ne

224 1005 307 1032 fando
331 1005 442 1040 quidem
469 1013 568 1032 sonum
595 1007 656 1041 ejus
676 1005 884 1040 praedicationis
897 1005 1013 1032 auribus

223 1053 389 1088 acceperint.
413 1052 482 1079 Cum
495 1053 588 1087 itaque
604 1052 771 1087 praevideret
786 1051 885 1079 beatus
907 1051 1012 1088 Moyses

223 1104 297 1129 eum,
322 1098 369 1132 qui
390 1098 492 1132 optime
522 1102 614 1132 posset
642 1106 802 1133 expressum
827 1103 909 1133 atque
926 1106 1010 1133 expo—

222 1143 301 1170 litum
312 1140 346 1170 'de
355 1144 410 1171 Deo
425 1152 578 1172 sermonem
594 1144 751 1171 auditorum
764 1144 877 1171 auribus
885 1143 1009 1177 fundere,

221 1193 249 1216 et
267 1186 397 1216 univers’o
413 1189 474 1216 orbi
493 1189 572 1217 facile
579 1189 741 1224 prmdicare,
755 1189 782 1216 id
795 1195 846 1222 est,
856 1190 1008 1223 Christum,

225 1234 380 1267 «Obsecro,
415 1235 540 1268 Domine,
558 1245 567 1261 ι
597 1235 698 1270 inquit,
731 1245 740 1261 ι
761 1236 831 1271 elige
857 1240 1008 1271 potentem,

220 1288 300 1315 quem
317 1280 410 1308 mittes
427 1281 459 1307 ".
474 1291 482 1306 ι
501 1281 628 1309 Christus
646 1281 721 1308 enim
742 1285 785 1308 est
805 1281 852 1309 ille
873 1289 938 1309 vere
959 1289 1009 1317 po-

220 1332 292 1360 tens,
310 1335 391 1363 quem
410 1328 469 1355 suis
492 1328 664 1363 temporibus
684 1336 718 1355 ex
732 1329 906 1364 beneplacito
919 1329 967 1356 Dei
978 1337 1010 1357 ae

219 1373 309 1401 Patris
325 1373 353 1400 in
370 1381 430 1401 eam
445 1382 502 1401 rem
513 1374 671 1408 eligendum
685 1375 755 1407 fore,
769 1382 819 1409 per
838 1375 926 1410 legem
937 1382 1008 1410 quo-

219 1427 273 1454 que
289 1420 451 1455 przedictum
469 1420 530 1448 fuit.
547 1421 595 1448 Illa
609 1425 702 1448 autem
721 1427 784 1457 post
803 1422 851 1449 Dei
870 1423 1008 1457 pollicita—

219 1465 334 1498 tionem,
348 1467 554 1501 multorumque
569 1467 709 1502 signorum
723 1469 919 1501 ostensionem,
932 1469 1007 1505 Moy-

219 1510 242 1538 si
257 1511 403 1544 recusatio,
416 1520 471 1539 non
483 1512 602 1540 absurde
614 1513 699 1541 fuerit
715 1514 871 1542 cunctantis
886 1514 1006 1547 lsraelis,

219 1556 356 1592 simulque
392 1557 444 1585 sub
470 1557 572 1589 Christi
598 1558 714 1594 imperio
740 1559 844 1586 divinis
867 1560 1007 1595 evangeli-

218 1602 313 1637 cisque
338 1603 502 1631 ministeriis
523 1604 634 1639 defungi
654 1609 681 1631 et
712 1604 903 1639 obtemperare
925 1612 1006 1632 recu-

217 1649 314 1681 santis,
324 1649 371 1684 qui
391 1653 453 1684 post
473 1649 689 1678 innumerabiles
707 1650 817 1678 habitos
835 1651 869 1678 de
880 1651 934 1678 ﬁde
950 1659 1009 1678 ser-

217 1700 323 1727 mones,
338 1695 543 1731 tnultorumque
559 1696 699 1731 signorum
712 1696 909 1729 ostensionem,
925 1697 1006 1724 audi-

218 1745 276 1768 tum
302 1746 394 1768 tamen
419 1742 496 1769 illum
513 1750 623 1777 gravem
643 1745 725 1777 atque
748 1741 857 1769 tardum
883 1742 1007 1777 pertina-

217 1786 287 1814 citer
312 1790 479 1820 tenuerunt,
501 1792 584 1822 atque
615 1787 752 1815 increduli
781 1793 1005 1823 permanserunt.

216 1830 271 1867 74
288 1831 323 1858 Εῑ
337 1831 382 1859 his
404 1832 517 1867 quidem
541 1832 648 1868 Moyses
671 1833 828 1860 recusavit:
848 1832 904 1859 duo
932 1833 1007 1860 enim

216 1881 339 1913 tempora
354 1877 520 1911 inciderunt,
536 1878 565 1906 in
580 1878 682 1913 quibus
698 1878 848 1906 effrenatus
865 1882 893 1906 et
907 1883 1007 1906 contu-

215 1931 278 1951 max
290 1923 375 1952 fuerit
391 1924 485 1957 lsrael,
507 1924 560 1952 sub
579 1924 670 1960 Moyse
690 1928 719 1951 et
735 1925 829 1956 Josue,
850 1932 883 1952 ac
900 1925 1005 1952 Iudici:-

215 1969 278 2002 bus,
305 1975 333 1998 et
352 1975 541 2006 consequente
569 1971 701 2005 deinceps
720 1974 853 2005 tempore,
871 1979 926 2005 quo
941 1979 1006 2006 pro-

215 2016 305 2050 phet'e
322 2015 443 2048 fuerunt,
470 2024 502 2044 ac
517 2017 648 2048 Joannes,
674 2016 722 2051 qui
741 2015 795 2043 fuit
820 2017 898 2043 velut
916 2016 943 2044 in
962 2017 1005 2043 in—

215 2063 334 2090 terstitio
348 2062 454 2097 positus
464 2062 649 2097 apostolorum
662 2069 694 2088 ac
709 2061 907 2096 prophetarum
919 2070 926 2093 ;
943 2062 1006 2089 ﬁnis

213 2107 316 2142 quippe
330 2107 383 2134 fuit
399 2107 553 2142 prophetici
575 2106 708 2138 muneris,
736 2106 864 2141 idemque
891 2106 1004 2134 initium

213 2161 246 2181 ac
265 2153 351 2181 veluti
362 2153 492 2188 primitiae
502 2152 658 2187 splendoris
668 2151 822 2186 apostolici.
845 2151 900 2179 Sed
920 2152 1004 2188 Moysi

213 2199 352 2228 recusatio
363 2199 397 2226 ad
421 2199 498 2226 iram.
512 2198 672 2233 provocavit
697 2199 794 2230 Deum,
821 2198 941 2234 denique
960 2207 1005 2227 res

1065 268 1118 303 γὰρ
1131 268 1260 304 εὐσθενὴς
1272 268 1393 303 ἁνόμος,
1409 264 1667 301 οὺδὲὰποχρώντως
1682 263 1752 299 ἔχων
1767 263 1810 294 είς
1820 261 1860 292 ⁴τὸ

1065 317 1156 341 πᾶσαν
1175 315 1304 341 δύνασθαι
1320 313 1451 340 διασῶσαι
1471 312 1521 348 τὴν
1534 313 1597 347 γῆν,
1611 311 1660 338 καὶ
1673 311 1724 346 τῆς
1737 309 1787 337 τοῦ
1801 309 1861 336 δια-

1065 362 1143 389 δόλον
1149 370 1180 388 τυ
1185 361 1305 396 ραννίδος
1311 359 1451 392 ἐξελέσθαι
1456 359 1501 385 τὸν
1509 358 1558 385 ἄνθ
1563 366 1664 394 ρωπον.
1673 356 1860 392 Οὑκὴγνόηκε

1064 409 1092 435 Gs
1110 409 1125 434 ὁ
1141 407 1256 442 Μωσῆς,
1277 407 1314 438 ὠς
1332 405 1540 441 βραδύγλωσσός
1561 412 1592 430 τε
1613 404 1658 430 καὶ
1677 403 1859 438 ἰσχνόφωνος,

1065 454 1219 489 ἀρξαμένου
1235 453 1350 489 μάλιστα
1358 451 1531 486 διαλέγεσθαι
1544 450 1612 487 πρὸς
1624 450 1704 478 αὑτὸν
1714 450 1762 477 τοῦ
1777 449 1860 482 Θεοῦ,

1065 501 1112 527 καὶ
1137 500 1232 534 λόγους
1253 499 1390 526 ποιεῖσθαι
1420 499 1485 534 περὶ
1515 497 1597 525 αὐτοῦ
1624 497 1860 532 προστάττοντος·

1068 555 1076 571 ι
1087 544 1179 576 Οὕτως
1192 554 1200 569 ι
1221 544 1285 579 γὰρ,
1296 544 1388 579 φησιν,
1408 554 1416 568 ι
1429 543 1500 578 ἐρεῖς
1510 543 1566 574 τοῖς
1578 542 1644 573 υἱοῖς
1654 541 1776 577 Ἰσραήλ·
1787 539 1862 574 Ἐγώ

1065 591 1121 625 εἰμι
1134 591 1148 616 6
1159 588 1206 616 ὥν.
1224 589 1308 616 Τοῦτό
1325 598 1374 624 μου
1389 588 1447 615 ἐστὶ
1459 587 1489 614 τὸ
1502 588 1615 622 ὄνομα.»
1642 586 1862 622 Βραδύγλωσσος

1064 636 1118 672 γὰρ
1140 637 1156 663 6
1169 636 1259 671 νόμος,
1277 635 1344 671 προς
1365 635 1395 661 τὸ
1422 634 1568 670 διαρθροῦν
1589 632 1620 661 εὖ
1637 634 1710 669 μάλα
1727 633 1774 660 τὸν
1795 633 1862 664 περὶ

1064 683 1110 710 τοῦ
1128 683 1203 715 ὄντος
1237 683 1332 717 λόγον’
1351 681 1413 708 οὕτε
1440 681 1493 716 μὴν
1517 679 1572 712 οἷός
1607 689 1637 707 τε
1666 680 1862 715 μυσταγωγεῖν

1065 729 1134 764 πρὸς
1147 730 1196 765 τὴν
1210 730 1239 756 ὲν
1253 729 1320 765 ἁγίᾳ
1331 727 1426 764 Τριάδι
1440 726 1681 763 προσκυνουμένην
1694 726 1799 761 σεπτὴν
1814 727 1862 753 καὶ

1064 775 1183 811 ἄρρητον
1201 775 1291 810 φύσιν.
1320 774 1494 809 ’ἰσχνόφωνος
1515 773 1543 800 δὲ
1565 774 1633 810 πρὸς
1653 773 1743 804 τοῦτο,
1767 773 1862 808 μόνοις

1064 830 1093 848 τε
1112 822 1159 848 καὶ
1174 822 1250 856 μόλις
1269 822 1326 853 τοῖς
1343 820 1373 853 ἐξ
1392 820 1501 856 Ἰσραὴλ
1520 820 1682 856 προσλαλεῖν
1696 820 1860 855 δυνάμενος,

1064 868 1230 903 ὰκουόμενός
1245 877 1274 894 τε
1287 867 1358 895 κατὰ
1372 866 1455 902 μόνην
1470 866 1519 902 τὴν
1537 866 1679 898 Ἰουδαίαν,
1702 866 1793 892 καίτοι
1806 865 1861 892 τῶν

1032 900 1050 926 Β
1065 900 1157 941 ἄλλων.
1165 914 1292 940 ἁπάντων
1304 900 1389 939 ἐθνῶν
1403 900 1473 943 οὺῖὲ,
1488 900 1550 938 ξέσον
1563 913 1661 944 εἰπεῖν,
1673 912 1713 943 εις
1725 910 1774 943 οὖς
1785 911 1861 937 ἑλόν-

1065 968 1120 986 των
1137 959 1167 986 τὸ
1181 960 1321 996 κήρυγμα.
1346 959 1492 995 Τοιγάρτοι
1507 959 1704 995 προγινώσκων
1718 960 1732 985 6
1757 958 1858 986 θεσπέ-

1066 1014 1123 1037 σιος
1133 1006 1246 1040 Μωσῆς,
1264 1005 1309 1032 τὸν
1320 1005 1439 1041 διαρκῶς
1453 1005 1552 1041 ἔχοντα
1564 1005 1632 1041 πρὸς
1645 1006 1674 1032 τὸ
1687 1006 1804 1040 ἀκριὸὲς
1814 1006 1861 1032 καὶ

1059 1051 1250 1086 άπιξεσμέναν
1268 1053 1326 1084 τοῖς
1341 1052 1528 1088 ἀκροωμένοις
1542 1053 1691 1087 ἐμποιῆσαι
1707 1052 1788 1086 λόγον
1813 1051 1859 1078 τὸν

1065 1098 1130 1132 περὶ
1153 1096 1233 1128 Θεοῦ,
1256 1098 1303 1124 καὶ
1324 1099 1364 1130 εἰς
1379 1098 1409 1124 τὸ
1427 1098 1501 1133 πάσῃ
1517 1098 1617 1133 ῥᾳδίως
1640 1097 1808 1134 διακηρύξαι
1824 1100 1857 1134 τῇ

1063 1144 1110 1178 γῇ,
1132 1142 1204 1170 τοῦτ’
1219 1143 1276 1170 ἐστι
1304 1144 1440 1179 Χριστόν·
1465 1153 1474 1170 ι
1497 1145 1608 1180 Δέομαι,
1632 1145 1733 1180 Κύριε.
1747 1154 1756 1170 ι
1778 1146 1857 1180 φησὶ,

1067 1199 1076 1215 ‹
1092 1189 1265 1225 προχείρισαι
1277 1190 1356 1217 ἄλλον
1369 1190 1528 1226 δυνάμενον,
1538 1191 1568 1217 ὃν
1577 1190 1745 1222 ἀποστελεῖς.
1762 1201 1771 1217 ι
1789 1191 1857 1226 Χρι-

1063 1235 1125 1266 στὸς
1138 1236 1192 1270 γάρ
1204 1237 1276 1262 ὲστιν
1286 1237 1300 1263 6
1314 1236 1462 1271 δυνάμενος
1477 1236 1594 1272 ἀληθῶς·
1610 1237 1657 1264 καὶ
1665 1237 1706 1264 ὅτι
1715 1236 1789 1264 κατὰ
1801 1246 1858 1264 και-

1064 1282 1128 1316 ροὺς
1141 1283 1200 1308 κατ’
1214 1282 1340 1309 εὐδοκίαν
1350 1282 1417 1309 Θεοῦ
1430 1283 1478 1309 καὶ
1498 1283 1614 1318 Πατρδς,
1632 1284 1671 1315 είς
1689 1283 1770 1311 τοῦτο
1788 1292 1855 1320 προ-

1063 1327 1277 1362 χειρισθήσεται,
1294 1328 1342 1355 καὶ
1361 1327 1406 1354 διὰ
1422 1327 1505 1363 νόμου
1522 1328 1703 1364 προήγγελτο.
1723 1329 1756 1355 'H
1774 1329 1804 1355 δέ
1824 1337 1856 1362 γε

1063 1373 1185 1405 Μωσέως
1197 1374 1377 1409 παραίτησις,
1394 1375 1441 1401 καὶ.
1458 1374 1528 1409 μετὰ
1540 1374 1616 1402 θείαν
1628 1374 1788 1410 ὑπόσχεσιν,
1809 1376 1856 1402 καὶ

1064 1419 1133 1454 μετὰ
1147 1419 1253 1446 πολλῶν
1270 1421 1393 1456 σημείων
1409 1420 1648 1453 ὲπίδιιξιν,.τὺπος
1666 1421 1699 1448 ἂν
1714 1420 1769 1456 εῐη.
1792 1430 1856 1448 κατ-

1060 1465 1204 1497 οκνοῧντός
1221 1475 1250 1492 τε
1270 1466 1330 1501 ἅμα
1348 1467 1401 1493 καὶ
1420 1467 1643 1502 παραιτουμένου
1661 1468 1709 1494 τοῦ
1733 1467 1853 1503 Ἰσραὴλ,

1060 1512 1110 1548 τὴν
1121 1511 1173 1538 ὑπὸ
1179 1511 1382 1548 Χριστοῦοείαν
1389 1521 1418 1539 τε
1426 1513 1472 1540 καὶ
1481 1513 1663 1549 ιύαγγελικὴν
1672 1513 1853 1549 λειτουργίαν,

1061 1558 1108 1584 καὶ
1123 1558 1256 1594 ὑπακοὴν,
1273 1558 1298 1585 οἶ
1313 1559 1382 1594 μετὰ
1400 1559 1513 1595 μυρίους
1534 1559 1614 1592 ὅσους
1633 1560 1696 1592 τοὺς
1714 1561 1781 1595 περὶ
1809 1561 1853 1586 πί-

1059 1611 1143 1636 στεως
1158 1604 1252 1638 λόγους
1265 1605 1313 1631 καὶ
1326 1605 1524 1641 τερατουργίας
1534 1606 1672 1639 ἐπίδειξιν,
1683 1607 1854 1642 τετηρήκασι

1059 1649 1089 1675 τὸ
1100 1648 1244 1684 δυσήκοον,
1259 1650 1306 1677 καὶ
1319 1652 1508 1686 μεμενήκασιν
1519 1652 1653 1684 ἀπειθεῖς.
1664 1653 1721 1679 Καὶ
1731 1653 1810 1688 διττή
1821 1662 1852 1686 γε

1059 1696 1076 1731 ἡ
1095 1695 1218 1728 Μωσέως
1243 1697 1421 1732 παραίτησις.
1445 1698 1498 1724 Δύο
1522 1697 1576 1734 γὰρ
1600 1699 1691 1734 χρόνοι
1719 1699 1781 1726 καθ’
1807 1699 1853 1732 οὓς

1059 1740 1166 1777 ὲξήνιος
1181 1743 1228 1769 καὶ
1242 1742 1402 1777 δυσάγωγος
1413 1741 1446 1778 ἦν
1459 1744 1473 1770 ὁ
1494 1744 1603 1782 Ἰσραήλ
1614 1753 1619 1758 ·
1631 1745 1676 1772 διὰ
1687 1745 1812 1778 Μωσέως
1822 1754 1850 1772 τε

1059 1787 1106 1814 καὶ
1137 1787 1233 1823 Ἰησοῦ,
1259 1789 1307 1815 καὶ
1332 1789 1460 1824 Κριτῶν,
1482 1789 1530 1816 καὶ
1557 1791 1615 1823 μετ’
1632 1791 1736 1817 ἐκεῖνον
1759 1791 1850 1823 εὐθὺς.

1058 1833 1120 1860 καθ’
1130 1833 1159 1860 ὃν
1171 1834 1300 1868 γεγόνασι
1315 1836 1464 1870 προφῆται,
1480 1835 1528 1862 καὶ
1543 1835 1682 1872 Ἰωάννης.
1693 1837 1708 1863 ὸ
1724 1836 1852 1873 καθάπερ

1058 1878 1087 1905 ὲν
1102 1878 1255 1914 μεταιχμίῳ
1273 1879 1398 1914 κείμενος
1410 1879 1568 1907 ἀποστόλων
1579 1889 1610 1907 τι
1628 1882 1674 1908 καὶ
1690 1882 1849 1917 προφητῶν.

1059 1923 1150 1958 Πέρας
1170 1924 1220 1958 μὲν
1236 1924 1292 1960 γὰρ
1304 1922 1339 1960 ἦν
1353 1926 1526 1961 προφητικῆς
1539 1926 1722 1962 λειτουργίας,
1739 1928 1851 1964 ἀπαρχὴ

1058 1969 1084 1996 δὲ
1095 1969 1190 2006 ὥσπερ
1203 1970 1395 2007 λαμπρότητος
1402 1972 1597 2008 ἀποστολικῆς,
1615 1973 1685 2000 Ἀλλ’
1700 1975 1716 2008 ἡ
1731 1975 1852 2006 Μωσέως

1059 2015 1224 2050 παραίτησις
1237 2015 1306 2051 πρὸς
1319 2015 1405 2052 ὀργὰς
1419 2017 1510 2044 ἐκάλει
1526 2016 1603 2044 Θεόν.
1622 2017 1677 2045 Καὶ
1695 2018 1809 2054 μεθίστη
1823 2019 1851 2045 τὸ

1059 2061 1154 2096 χρῆμα
1173 2060 1266 2087 iter.an
1290 2062 1331 2093 είς
1352 2061 1450 2097 ἑτέραν
1473 2062 1568 2099 ὥσπερ
1585 2063 1753 2099 οἰκονομίαν,
1769 2065 1802 2091 δι’
1818 2063 1850 2101 ἧς

1057 2105 1244 2138 ἀνασώζεσθαι
1258 2107 1326 2142 χρῆν
1339 2108 1401 2140 τοὺς
1419 2110 1479 2140 ταῖς
1499 2110 1553 2136 τῶν
1566 2109 1724 2144 Αἰγυπτίων
1748 2111 1845 2138 πλεον-

1056 2151 1143 2184 εξίαις
1164 2153 1401 2189 κατηχθημένους.
1423 2164 1433 2181 ι
1457 2155 1513 2182 Καὶ
1527 2155 1663 2191 θυμωθεὶς
1682 2156 1787 2192 Κύριος
1803 2158 1849 2184 ὲπὶ

1056 2198 1171 2233 Μωαῆν,
1197 2197 1290 2226 εῐπιν-
1310 2201 1368 2227 Οὐκ
1389 2201 1442 2228 ἰδοὺ
1465 2201 1571 2237 Ἀαρὼν
1595 2202 1610 2228 6
1631 2203 1745 2238 ἀδελφός
1773 2212 1820 2230 σου
1834 2204 1847 2230 6

213 2244 248 2272 ad
263 2245 344 2272 aliam
357 2243 571 2280 dispensationis
586 2243 721 2272 rationem
736 2245 866 2272 translata
883 2249 934 2277 est,
949 2253 1004 2280 qua

1059 2244 1188 2280 Aeole-qq;
1215 2245 1380 2281 Ἐπίσταμαι
1399 2247 1441 2274 ὅτι
1462 2247 1682 2284 λαλῶνλλαλήσει
1697 2249 1780 2281 αὑτός
1796 2259 1844 2281 σοι,

213 2291 340 2319 servandi
353 2295 440 2323 erant,
457 2290 504 2325 qui
516 2290 706 2325 Egyptiorum
733 2291 879 2326 iniquitate
889 2298 1003 2326 preme~

213 2337 324 2365 bantur.
350 2347 359 2362 ί
375 2337 409 2364 Et
438 2336 526 2363 iratus
543 2336 676 2363 Dominus
706 2336 734 2363 in
760 2336 881 2372 Moysen,
911 2336 1001 2364 dixit:

211 2385 308 2412 Nonne
321 2391 385 2411 ecce
405 2382 490 2410 frater
504 2388 568 2410 tuus
592 2382 684 2410 Aaron
708 2382 826 2410 Levita?
846 2383 904 2410 seio
926 2383 1000 2418 quod

211 2431 327 2466 loquens
341 2430 470 2465 loquetur
485 2428 543 2465 ipse
562 2429 626 2458 tibi:
647 2433 675 2458 et
694 2437 757 2456 ecce
771 2429 830 2464 ipse
844 2430 1003 2465 egredietur

211 2475 239 2503 in
258 2483 403 2502 occursum
425 2475 485 2507 tibi,
496 2479 524 2502 et
537 2475 634 2502 videns
652 2478 688 2507 te,
701 2474 839 2502 laetabitur
851 2475 878 2502 in
889 2482 919 2502 se
930 2475 999 2510 ipso:

209 2525 238 2548 et
250 2520 327 2548 dices
341 2520 375 2548 ad
390 2529 463 2553 eum,
473 2526 502 2548 et
516 2521 595 2549 dabis
608 2521 691 2548 verba
707 2529 767 2548 mea
786 2521 815 2548 in
832 2528 863 2549 os
877 2522 954 2557 ejus;
973 2526 1002 2549 et

209 2575 260 2602 ego
275 2566 394 2601 aperiam
406 2574 438 2593 os
451 2571 540 2599 tuum,
556 2571 584 2594 et
599 2574 629 2594 os
644 2568 714 2602 ejus,
735 2570 763 2594 et
787 2567 922 2594 instruam
937 2574 997 2599 vos,

210 2619 272 2647 qua:
287 2612 393 2640 facietis
406 2621 413 2646 ;
431 2617 460 2640 et
475 2612 534 2648 ipse
552 2613 682 2647 loquetur
696 2613 730 2640 ad
743 2613 924 2648 populum,et
940 2613 999 2648 ipse

209 2658 263 2685 erit
272 2662 348 2685 tuum
359 2666 400 2691 os,
411 2662 438 2685 tu
451 2666 517 2686 vero
525 2659 564 2686 illi
573 2659 629 2686 eris
642 2659 670 2686 in
683 2659 718 2686 iis
731 2659 969 2694 quaeadDeum".
984 2669 992 2685 ι

208 2703 278 2731 Cum
308 2705 382 2732 enim
405 2705 447 2733 lex
472 2705 643 2737 offendisset,
666 2709 694 2732 ut
720 2705 838 2736 infirma,
865 2709 893 2732 et
913 2705 998 2732 Israe-

209 2748 265 2776 lita:
280 2757 377 2784 parere
392 2751 513 2784 nollent;
528 2750 652 2785 adjectus
663 2755 705 2778 est
717 2750 856 2782 Christus,
875 2750 921 2778 ille
933 2757 998 2777 vere

212 2794 316 2828 Levita,
332 2805 502 2833 magnusque
528 2797 701 2824 sacerdotum
731 2797 868 2832 princeps.
889 2797 934 2824 ille
950 2796 997 2831 qui

1053 2290 1101 2316 καὶ
1116 2290 1170 2318 ἰδοὺ
1186 2291 1266 2324 αὐτὸς
1283 2292 1454 2325 ἐξελεύσεται
1470 2294 1511 2325 είς
1528 2295 1691 2330 συνάντησιν
1716 2304 1758 2322 σοι
1769 2304 1775 2311 ·
1801 2296 1846 2323 καὶ

1055 2335 1116 2363 ίδών
1136 2345 1166 2363 σε
1182 2338 1331 2373 χαρήσεται
1350 2339 1378 2365 ὲν
1398 2339 1497 2375 ἑαυτῷ,
1511 2340 1558 2367 καὶ
1573 2341 1646 2375 ἐρεῖς
1658 2341 1728 2377 πρὸς
1744 2342 1825 2369 αὐτόν
1837 2351 1844 2358 ·

1054 2382 1208 2416 καὶνδώσεις
1220 2384 1255 2410 τὰ
1270 2384 1381 2420 ῥήματά
1398 2393 1448 2420 μου
1473 2386 1513 2417 εἰς
1527 2386 1558 2413 τδ
1573 2386 1662 2421 στόμα
1677 2387 1763 2414 αὑτοῦ
1776 2397 1783 2403 ·
1800 2389 1845 2415 καὶ

1053 2429 1110 2463 ἐγὼ
1126 2429 1226 2463 ἀνοίξω
1240 2430 1272 2457 τὸ
1291 2431 1379 2466 στόμα
1392 2440 1450 2464 σου,
1473 2432 1521 2458 καὶ
1537 2432 1568 2459 τὸ
1583 2432 1670 2467 στόμα
1686 2433 1782 2466 αὑτοῦ,
1800 2435 1844 2461 καὶ

1055 2475 1217 2511 συμὸιὸάσω
1238 2476 1310 2511 ὑμᾶς
1329 2476 1348 2504 ἃ
1363 2480 1500 2513 ποιήσετε,
1513 2478 1561 2505 καὶ
1574 2478 1655 2510 αὑτός
1671 2487 1712 2505 σοι
1728 2480 1843 2514 reponis

1054 2522 1132 2558 λήσει
1153 2522 1222 2557 πρὸς
1240 2522 1286 2550 τὸν
1302 2523 1366 2550 λαόν
1378 2532 1385 2540 ·
1402 2524 1449 2550 καὶ
1465 2524 1546 2556 αὐτὸς
1567 2524 1644 2552 ἔσται
1665 2533 1712 2552 σου
1737 2526 1825 2562 στόμα
1836 2534 1842 2541 ·

1055 2568 1086 2594 σὺ
1099 2567 1128 2594 δὲ
1142 2567 1216 2602 αὐτῷ
1229 2567 1278 2605 ἔσῃ
1287 2569 1321 2596 τὰ
1336 2569 1404 2603 πρὸς
1416 2569 1462 2596 τὸν
1473 2569 1550 2596 Θεόν.
1564 2579 1574 2596 ι
1585 2570 1842 2606 Προσκεκρουκὸτος

1051 2613 1107 2650 γὰρ
1120 2613 1214 2650 ὥσπερ
1238 2614 1371 2650 ἀδρανοῦς
1396 2615 1563 2651 τοῦνόμου,
1583 2616 1631 2643 καὶ
1653 2617 1842 2652 ὴπειθηκότων

1051 2660 1120 2694 ἄγαν
1144 2659 1199 2686 τῶν
1213 2660 1243 2692 ἐξ
1261 2661 1380 2697 Ἰσραὴλ,
1399 2662 1550 2697 προσετέθη
1566 2663 1693 2698 Χριστος,
1709 2663 1724 2689 ό
1740 2664 1848 2700 ἀληθὴς

1051 2705 1178 2740 Λευττης,
1193 2705 1208 2730 ὁ
1223 2706 1309 2740 μέγας
1323 2707 1479 2742 ἀρχιερεὺς,
1491 2709 1504 2734 6
1515 2709 1572 2739 τοῖς
1586 2708 1639 2735 ὑπὸ
1653 2709 1737 2744 νόμον
1750 2718 1840 2737 συντε-

1051 2751 1198 2786 ταγμένος,
1210 2752 1249 2783 ὠς
1263 2751 1378 2786 ἁδελφὸς
1405 2753 1450 2780 διὰ
1468 2753 1499 2780 τὸ
1521 2754 1702 2790 ἀνθρώπινον,
1717 2756 1732 2782 6
1755 2756 1839 2792 Μωσῃ

1054 2796 1103 2830 μὲν
1116 2796 1236 2830 λαλήσας
1256 2797 1294 2829 ὡς
1310 2797 1388 2832 Θεὸς,
1403 2799 1639 2836 συμσισαζόμενος
1653 2800 1683 2828 δι
1704 2801 1783 2838 παρὰ
1795 2801 1840 2830 τοῦ

248 2886 268 2902 "
281 2886 367 2921 Exod,
394 2896 429 2921 iv,
451 2886 540 2914 10-15.
579 2887 600 2903 ³³
627 2886 716 2914 Exod.
736 2887 832 2918 1",”.
873 2886 894 2903 ³³
924 2894 960 2919 ιν,
989 2886 1007 2913 lt

1070 2886 1092 2903 ³⁸
1107 2885 1188 2918 lbid.,
1214 2886 1274 2913 H.'
