1924 3043
82 163 130 191 253

453 165 498 193 ne
516 164 736 193 AnonATiONE
756 165 790 192 IN
810 159 946 193 SPIRITU
964 166 1008 193 ET
1027 158 1218 195 vannus.
1238 169 1301 196 LIB.
1319 169 1352 196 ιι.

1655 168 1708 196 256

83 201 185 256 Πατῖδς
200 220 275 248 κατὰ
300 229 334 255 γε
348 221 382 249 ἰδ
395 222 488 258 σκῆμα
509 222 540 248 τὸ
562 222 740 258 προφητικὸν,
767 223 792 249 ει
819 223 866 249 καὶ

922 225 963 257 iis,
979 226 1026 260 qui
1041 226 1093 253 sub
1110 226 1170 261 lege
1191 231 1280 259 erant,
1304 227 1456 255 associatus
1481 230 1525 254 est
1550 230 1582 254 nt
1611 227 1705 260 frater,

83 267 135 293 ἐστι
152 265 269 301 Κύριος·
291 275 301 292 ι
320 267 468 303 Προφήτην
483 267 538 302 γὰρ
555 267 700 302 ἀναστήσω
722 267 815 299 αὐτοῖς
837 268 869 294 ὲκ

83 312 133 340 τῶν
148 312 273 347 ἀδελφῶν
288 313 394 340 αὐτῶν·
408 313 456 340 καὶ
473 313 554 348 θήσων
562 313 625 345 τοὺς
644 313 739 346 λόγους
759 321 809 348 μου
828 313 868 345 είς

82 358 109 386 τὸ
123 358 210 393 στόμα
224 358 309 385 αὑτοῦ
321 366 328 373 ·
343 357 391 384 καὶ
402 358 512 393 λαλήσει
527 358 618 390 αὐτοῖς
630 357 701 384 κατὰ
718 357 806 384 πάντα
819 357 870 384 ὅσα

84 405 113 431 ἂν
135 403 299 439 ιντείλωμαι
323 404 425 435 αὐτοῖς.
453 412 462 429 ι
495 403 617 437 Ἔφασκε
639 402 668 429 δὲ
691 403 739 430 καὶ
761 403 868 435 αὐτὸςὸ

82 449 208 486 Χριστός·
229 459 238 475 ι
263 450 324 476 Ἀπ’
348 448 468 484 ἐμαυτοῦ
491 449 521 475 οὐ
540 448 628 474 MAG)“
651 448 709 479 ἀλλ’
731 448 868 484 ὀπέμψας

84 503 113 530 με
126 493 230 529 lla-irim,
245 493 328 526 αὐτάς
343 503 388 529 μοι
403 493 512 529 ἐντολὴν
523 493 635 525 δέδωκε,
646 494 672 520 τι
686 494 765 525 slum.
781 494 828 520 καὶ
841 494 867 520 τί

83 537 198 572 λαλήσω.
221 547 230 564 ι
252 538 371 574 Χριστὴ
386 538 440 573 ἄρα
461 537 657 572 προσεφώνησε
671 538 711 573 τῷ
733 538 799 573 λαῷ,
821 539 868 565 καὶ

83 584 164 618 Μωσῇ
185 583 235 618 μὲν
247 583 354 616 γίνεται
370 584 457 618 στόμα.
470 582 655 618 διερμηνεύων
668 584 733 618 ἡμῖν
748 591 868 618 πνευμα-

82 629 159 660 τικῶς
174 629 221 655 τὸν
234 629 329 665 νόμον.
342 629 444 663 Μωσῆς
453 629 481 655 δὲ
494 628 568 664 αὐτῷ
579 629 700 656 πάλιντὰ
711 629 778 664 πρὸς
790 629 865 656 Θεόν.

82 676 153 702 Δοκεῖ
176 675 231 710 γάρ
240 683 293 701 που
318 672 386 701 εἶναι
406 675 466 710 Θεῷ
487 675 700 710 προσεχέστερος
717 675 731 702 ὁ
752 675 865 709 Μωσῆς,

84 721 178 747 ὲπείτοι
194 721 309 755 γέγονεν
324 722 376 748 ὑπὸ
390 722 471 757 νόμον
487 723 501 748 ὁ
519 721 702 757 Ἐμμανουήλ,
717 721 764 747 καὶ
777 721 812 747 τὰ
823 722 868 748 διὰ

81 765 123 792 τοῦ
142 765 284 799 πειναόφου
301 767 423 799 Μωσέως
450 768 543 803 τηρεῖν
559 767 742 802 ἐπηγγέλλετο
758 766 845 800 λέγων
857 773 864 782 ·

85 822 93 838 ι
104 812 146 848 Μὴ
159 812 292 848 νομίσητε
302 813 343 840 ὅτι
353 811 434 848 ἦλθον
452 812 603 839 καταλῦσαι
615 812 660 839 τὸν
671 812 761 847 νόμον,
774 812 791 847 ἢ
803 812 865 844 τοὺς

83 858 228 893 προφήτας·
246 859 300 885 οὑκ
322 856 403 894 ἦλθον
417 857 577 890 καταλῦσαι,
595 857 664 885 ἀλλὰ
681 857 833 893 πληρῶσαι.
852 867 861 883 ι

921 275 1034 305 propter
1049 272 1264 305 humanitatem;
1281 273 1327 300 ille
1339 274 1386 307 qui
1400 280 1463 300 cum
1481 272 1572 309 Moyse
1595 273 1706 308 quidem

921 316 1087 351 loquebatur
1099 321 1130 344 ut
1144 317 1226 350 Deus,
1245 325 1259 345 a
1272 318 1351 346 Patre
1367 322 1459 346 autem
1478 318 1660 351 edocebatur,
1672 326 1707 346 ex

921 361 1082 396 prophetica
1094 369 1221 396 persona,
1240 370 1322 397 quam
1339 364 1460 396 tenebat,
1474 363 1539 391 licet
1557 364 1631 391 idem
1651 364 1705 391 Do-

921 406 1012 434 minus
1025 411 1116 435 esset:
1139 408 1319 443 «Prophetam
1335 409 1426 442 'enim,
1449 410 1551 445 inquit,
1578 409 1706 437 excitabo

921 452 977 480 illis
989 461 1024 480 ex
1038 453 1170 481 fratribus
1181 461 1288 486 eorum,
1305 458 1333 481 et
1350 462 1449 489 ponam
1463 456 1546 482 verba
1556 463 1617 483 mea
1631 455 1659 483 in
1675 463 1707 483 os

920 498 991 533 ejus,
1018 502 1047 525 et
1065 498 1193 533 loquetur
1219 498 1254 525 ad
1270 506 1318 526 eos
1331 499 1407 534 juxta
1432 500 1524 527 omnia
1549 507 1610 534 quae
1626 507 1705 526 man-

920 544 1022 572 davero
1037 544 1075 571 illi
1092 545 1123 571 “.
1136 554 1145 570 ›
1164 545 1224 580 Ipse
1237 552 1346 580 quoque
1363 545 1489 573 Christus
1505 546 1633 573 dicebat:
1650 555 1660 570 ι
1683 545 1706 572 Α

920 598 964 618 me
978 591 1037 625 ipso
1053 598 1107 618 non
1125 591 1233 625 loquor,
1249 591 1296 618 sed
1315 591 1363 625 qui
1381 591 1458 618 misit
1479 599 1533 623 me,
1549 591 1641 623 Pater,
1660 591 1706 618 ille

920 635 987 662 mihi
994 636 1151 663 mandatum
1162 636 1248 668 dedit,
1256 636 1323 671 quid
1331 636 1429 668 dicam,
1439 640 1468 663 et
1475 636 1541 671 quid
1548 637 1645 671 loquar
1654 636 1686 663 ³⁷.
1693 645 1702 661 ι

919 681 1044 709 Christus
1065 689 1130 717 ergo
1160 683 1291 717 populum
1311 687 1353 709 est
1378 682 1534 715 allocutus,
1566 690 1598 709 ac
1622 682 1706 717 Moysi

919 727 1031 761 quidem
1043 726 1073 754 fit
1083 735 1124 759 os,
1139 735 1201 754 cum
1222 727 1406 762 spiritualiter
1415 727 1497 754 nobis
1512 727 1600 762 legem
1618 726 1705 754 inter-

919 775 1057 806 pretatur:
1071 772 1176 808 Moyses
1199 773 1239 800 illi
1255 780 1354 800 rursus
1367 773 1395 799 in
1413 772 1458 804 iis,
1476 780 1538 807 quae
1551 772 1586 799 ad
1597 772 1703 799 Deum:

920 817 1030 844 videtur
1042 818 1115 844 enim
1130 817 1332 852 quodammodo
1348 818 1405 845 Deo
1420 818 1537 845 vicinior
1551 824 1612 844 esse
1630 817 1704 852 Moy-

919 870 973 896 ses,
985 863 1206 898 quandoquidem
1222 863 1294 890 idem
1307 863 1468 890 Emmanuel
1483 862 1535 890 sub
1548 862 1607 897 lege
1619 861 1706 889 factus

83 904 268 939 Μυσταγωγδς
284 903 330 931 οὖν
345 904 398 940 ἄρα
411 904 500 940 σαφὴς
512 906 526 931 ὁ
541 904 668 940 Χριστὸς,
684 904 718 930 τὰ
733 903 780 930 τοῦ
805 903 867 939 βρα-

922 911 962 935 est
977 908 1009 941 ³⁸,
1029 912 1057 936 et
1078 916 1139 943 quze
1160 915 1210 943 per
1233 908 1343 943 Moysen
1374 908 1576 942 sapientissime
1603 907 1705 934 sancita

83 950 233 986 δυγλώσσου
258 951 341 986 νόμον
364 951 437 986 πρδςν
456 951 610 986 τρανότητα
631 950 795 986 μετατιθεὶς,
822 949 867 976 καὶ

922 957 1006 985 erant,
1026 942 1137 980 servare
1154 942 1184 981 se
1203 942 1394 988 profitebatur,
1412 961 1474 980 cum
1492 953 1617 983 diceret:
1639 952 1706 980 1N0-

83 997 126 1032 τὴν
148 996 193 1025 τοῦ
219 997 387 1032 γράμματος
418 997 596 1032 ἰσχνοφωνίαν
619 997 659 1028 εἰς
684 996 867 1032 εὐηχεστάτην

922 998 965 1025 lite
981 1003 1078 1034 putare
1095 999 1169 1034 quod
1183 1000 1306 1026 venerim
1327 990 1433 1026 solvere
1451 999 1539 1034 legem
1566 1002 1614 1026 aut
1640 1005 1705 1033 pro-

83 1041 169 1078 ὤσπερ
194 1042 392 1077 μεταπλάττων
415 1042 554 1078 ἐξήγησιν.
575 1042 762 1077 Πνευματικὸς
786 1041 867 1077 γὰρύ

922 1043 1024 1078 phetas;
1044 1051 1099 1071 non
1116 1044 1178 1071 veni
1195 1044 1315 1076 solvere,
1335 1044 1383 1071 sed
1404 1044 1555 1079 adimplere
1573 1043 1605 1070 ".
1620 1053 1628 1069 ι
1657 1043 1706 1070 Est

84 1087 158 1123 νόμος
169 1089 198 1114 ὲν
211 1087 336 1123 Χριστῷ,
351 1088 397 1114 καὶ
406 1087 508 1122 ἀδελφὰ
519 1088 574 1120 τοῖς
588 1087 671 1116 πάλαι
685 1087 718 1114 τὰ
735 1088 773 1114 διν
784 1087 866 1114 αὑτοῦ

922 1088 1000 1123 igitur
1014 1088 1142 1116 Christus
1168 1089 1248 1124 plane
1267 1089 1462 1124 mysteriorum
1491 1089 1638 1123 interpres,
1657 1086 1704 1122 qui

84 1133 252 1168 κηρύγματα·
269 1134 392 1165 Μωσέως
406 1134 458 1169 γὰρ
473 1131 507 1169 ἧν
521 1133 634 1168 ἁδελφὸς
646 1134 660 1160 ὁ
680 1133 795 1168 Ἀαρών.

922 1135 1004 1168 legem
1024 1133 1138 1160 tardiori
1163 1134 1257 1168 lingua
1273 1133 1480 1169 loquentemﬂad
1495 1134 1640 1161 clariorem
1662 1140 1706 1160 so-

84 1187 142 1206 num
167 1179 328 1211 transferat,
344 1180 570 1215 gracilioremque
590 1179 692 1206 litteras
718 1186 813 1206 vocem
847 1178 881 1206 ad
902 1179 1155 1214 interpretationem
1168 1179 1247 1214 longe
1261 1180 1478 1207 resonantiorem
1495 1179 1581 1208 veluti
1615 1179 1702 1207 refor-

84 1225 176 1253 mando
192 1229 355 1253 commutet.
373 1226 424 1261 75
441 1225 600 1260 Spiritualis
612 1227 655 1252 cst
671 1224 746 1252 enim
770 1225 814 1252 lex
831 1224 859 1252 in
878 1223 1005 1258 Christo;
1038 1225 1098 1260 ejus
1117 1232 1227 1260 quoque
1243 1225 1402 1260 prmdicatio
1415 1225 1454 1253 illi
1467 1229 1510 1252 est
1528 1225 1615 1252 veteri
1643 1232 1706 1260 per-

84 1274 175 1302 similis
189 1274 225 1307 “;
239 1266 332 1310 Moysi
344 1282 462 1309 namque
471 1273 558 1301 frater
573 1277 616 1301 est
629 1273 731 1300 Aaron.

116 1320 216 1346 llAAA.
238 1320 370 1356 Ἀδρανὴς
385 1313 477 1347 οὖν’τό
491 1329 524 1354 γε
543 1321 583 1352 εἰς
602 1320 697 1347 ἑαυτὸν
712 1315 778 1354 ἧκον
791 1320 806 1346 ὁ
822 1319 865 1346 v6-

953 1318 1173 1346 PALLJniirma
1188 1318 1270 1353 igitur
1285 1322 1328 1345 est
1341 1317 1384 1344 lex
1402 1317 1460 1352 ipsa
1483 1323 1532 1351 per
1551 1322 1580 1342 se
1601 1324 1608 1341 :
1635 1314 1705 1342 nihil

86 1373 138 1401 ρος·
153 1366 313 1393 τετελείωκε
325 1367 379 1402 γὰρ
391 1366 477 1394 οὐδέν.

115 1412 189 1439 ΚΥΡ.
198 1411 305 1445 Οὕτως,
320 1412 400 1448 φημὶ,
416 1413 462 1439 καὶ
474 1412 505 1439 τό
519 1421 550 1446 γε
564 1413 602 1444 ὡς
617 1411 803 1448 μικροπρεπὲς
818 1410 867 1445 τῆς

86 1458 139 1484 κατ’
153 1457 233 1485 αὐτὸν
247 1458 385 1490 πολιτείας
406 1458 576 1494 καταθρήσαι
590 1467 631 1488 τις
647 1458 679 1485 ἂν
693 1457 740 1484 καὶ
755 1457 799 1484 διὰ
812 1455 867 1483 τῶν

86 1502 184 1538 ἑφεξῆς.
207 1503 367 1539 Γέγραπται
385 1504 450 1540 γὰρ,
471 1505 511 1530 ὅτι
529 1513 539 1529 ι
564 1502 714 1540 Ἐπορεύθη
743 1501 864 1537 Μωσῆς,

87 1548 127 1574 καὶ
140 1547 295 1584 ἀπέστρεψε
310 1549 378 1584 πρὸς
399 1549 482 1584 Ὶοθδρ
502 1549 548 1575 τὸν
562 1548 686 1584 γαμσρὺν
703 1546 783 1575 αὐτοῦ
794 1566 801 1579 ,
819 1546 866 1573 καὶ

86 1592 154 1621 εἶπεν
167 1594 258 1630 αὐτῷ·
279 1594 456 1630 Πορεύσομῠι·
473 1595 519 1620 καὶ
535 1593 700 1628 ἀποοτρέψω
718 1592 791 1633 πρὸς
802 1591 865 1622 τοὺς

918 1365 993 1392 enim
1013 1364 1048 1391 ad
1065 1364 1219 1398 perfectum
1238 1363 1362 1390 adduxit.

953 1409 1032 1437 CYR.
1046 1409 1172 1441 Maxime,
1191 1409 1317 1443 inquam;
1333 1407 1407 1442 quod
1422 1399 1513 1434 autem
1533 1405 1650 1433 obscura
1663 1408 1706 1431 at-

919 1463 973 1490 que
988 1454 1102 1482 humilis
1114 1454 1198 1482 fuerit
1216 1454 1262 1481 illa
1276 1461 1311 1480 ex
1330 1453 1390 1488 ejus
1408 1455 1568 1488 praescripto
1590 1457 1704 1477 conver-

919 1502 1000 1535 satio,
1029 1510 1063 1530 ex
1092 1501 1137 1534 iis,
1162 1508 1224 1536 quae
1248 1503 1412 1534 sequuntur,
1440 1498 1591 1534 intelligere
1614 1495 1704 1532 quivis

917 1547 1013 1582 possit.
1022 1547 1160 1582 Scriptum
1166 1549 1208 1573 est
1215 1546 1288 1573 enim
1299 1555 1305 1572 :
1317 1555 1325 1571 ι
1334 1545 1410 1572 Abiit
1421 1545 1535 1579 Moyses,
1544 1547 1572 1570 et
1579 1549 1704 1570 reversus

916 1595 960 1619 est
969 1591 1106 1619 adJelhro
1119 1598 1244 1618 socerum
1258 1594 1349 1622 suum,
1364 1593 1391 1616 et
1405 1588 1474 1615 dixit
1486 1588 1525 1614 illi
1535 1596 1542 1613 ι
1554 1587 1602 1614 Ibo
1614 1590 1642 1613 et
1657 1594 1704 1613 rc~

87 1640 207 1676 ἀδελφούς
230 1649 281 1676 μου
298 1640 361 1672 τοὺς
386 1641 414 1667 ὲν
438 1639 588 1675 Αἰγύπτῳι
601 1639 648 1666 καὶ
664 1638 765 1673 ὂψομαι
779 1632 804 1664 si
825 1636 865 1664 ἔτι

922 1640 1007 1663 vertar
1026 1636 1061 1663 ad
1080 1636 1178 1663 fratres
1208 1643 1293 1667 meos,
1324 1635 1371 1669 qui
1397 1637 1462 1661 sunt
1484 1633 1511 1659 in
1527 1632 1660 1667 Aigypto;
1677 1635 1706 1659 et

91 1685 161 1717 ζῶσι.
177 1686 231 1712 Καὶ
248 1684 327 1713 εἶπεν
346 1686 361 1712 ὸ
381 1685 466 1721 Ἰοθδρ
481 1685 520 1721 τῷ
544 1685 629 1720 Monii
640 1692 646 1698 '
666 1683 764 1716 Βάδιζε
779 1682 868 1717 ὑγιαί-

89 1741 144 1759 νων.
160 1732 237 1759 Μετὰ
257 1732 287 1759 δὲ
301 1731 350 1763 τὰς
368 1732 472 1768 ἡμέρας
491 1731 540 1763 τὰς
558 1731 657 1761 πολλὰς
672 1729 792 1761 ὲκείνας,
810 1730 868 1756 ἑτε-

89 1778 209 1814 λεύτησεν
221 1779 238 1804 ὁ
248 1777 376 1813 βασιλεὺς
388 1777 534 1812 Αἰγύπτου’
549 1777 608 1804 εἷπε
619 1777 647 1803 δὲ
659 1777 673 1802 ὁ
684 1775 786 1812 Κύριος
800 1774 868 1809 πρὸξ

90 1825 168 1860 Minoi]
192 1825 220 1850 ὲν
246 1824 369 1859 Μαδιάμ⁸
393 1824 506 1856 Βάδιζε,
531 1823 632 1851 ἄπελθε
656 1823 695 1854 εἰς
709 1822 843 1856 Αἴγυπτον
859 1829 866 1837 ’

91 1868 227 1903 τεθνήκασι
235 1869 292 1904 γὰρ
300 1870 326 1896 οἱ
337 1869 435 1901 πάντες
443 1870 467 1896 οι
477 1869 619 1904 ζητοῦντες
628 1868 676 1904 τὴν
688 1868 778 1904 ψυχήν
786 1877 843 1895 σου.
856 1877 865 1893 ι

96 1913 242 1941 ’Δναλαὸὼν
262 1912 291 1941 δὲ
315 1915 418 1950 Μωσῆς
432 1914 481 1950 τὴν
499 1915 614 1949 γυναῖκα
641 1914 688 1942 καὶ
706 1914 741 1941 τὰ
764 1914 867 1946 παιδία,

91 1958 243 1985 ὰνεῦὲὃασεν
260 1959 331 1987 αὒτὰ
350 1959 397 1986 ἐπὶ
421 1959 456 1986 τὰ
473 1959 616 1994 ὑποζύγια,
634 1959 681 1986 καὶ
700 1959 869 1995 ἀπέστρεψεν

91 2005 125 2036 sl;
139 2005 283 2039 Αἴγυπτον.

122 2051 220 2078 ΠΑΛΛ.
244 2051 301 2077 Καὶ
314 2051 339 2077 τί
356 2052 385 2077 ἐν
397 2050 516 2084 τούτοιςς
537 2051 567 2078 οὑ
587 2051 640 2087 γὰρ
655 2050 708 2086 ἔχω
726 2052 805 2083 νοεῖν,
823 2050 870 2077 καὶ

91 2096 193 2130 spent,
202 2094 291 2132 ὲφόἴς
304 2097 416 2128 εἰκότως
423 2097 471 2134 τὴν
482 2096 552 2123 κατὰ
563 2097 646 2132 νόμον
655 2095 726 2132 ζωὴν
737 2095 865 2131 ἐπαιτιῷ-

93 2141 120 2167 τό
130 2150 170 2174 τις
184 2144 225 2169 ἄν.

126 2188 203 2215 ΚΥΡ.
230 2189 326 2216 Καίτοι
357 2189 488 2224 πλείστης
514 2190 580 2225 ὅσης
602 2190 739 2226 ὡχρῆμα
761 2191 871 2225 μομφῆς

92 2233 326 2269 ἑκμεμεσπυμένον
349 2236 450 2262 κατίδοι
470 2244 512 2267 τις
535 2235 579 2268 ἂν,
603 2233 625 2263 ὦ
641 2237 787 2268 Παλλάδιε,
810 2237 871 2267 ταῖς

92 2279 139 2305 τῶν
159 2281 346 2316 προκειμένων
364 2281 478 2313 ἐννοίαις
496 2281 639 2316 προῦαλὼν
654 2282 866 2317 ὁξυωπέστερον·

918 1681 1017 1710 videbo
1031 1681 1054 1709 si
1068 1681 1160 1708 adhuc
1176 1681 1279 1708 vivant.
1289 1681 1323 1708 Et
1339 1679 1409 1707 dixit
1422 1679 1519 1706 Jethro
1531 1678 1616 1713 Moysi
1630 1686 1636 1703 :
1652 1677 1706 1712 Va;-

917 1727 952 1755 de
967 1735 1071 1762 sospes.
1089 1727 1154 1754 Post
1180 1726 1240 1754 dies
1257 1731 1350 1753 autem
1367 1725 1468 1752 multos
1490 1724 1553 1750 illos
1581 1726 1707 1750 mortuus

917 1777 960 1801 est
982 1780 1029 1800 rex
1050 1772 1159 1808 Egypti
1176 1781 1182 1798 :
1203 1772 1274 1799 dixit
1289 1775 1381 1798 autem
1398 1770 1532 1797 Dominus
1549 1769 1583 1796 ad
1597 1769 1706 1804 Moysen

918 1819 946 1846 in
957 1818 1084 1846 Madian:
1098 1817 1180 1849 Vade,
1198 1816 1372 1852 proﬁciscere
1388 1815 1415 1842 in
1427 1815 1572 1850 (Egyptum
1586 1823 1594 1847 ;
1607 1813 1706 1841 mortui

918 1868 982 1892 sunt
994 1864 1068 1892 enim
1081 1871 1178 1891 omnes
1191 1863 1238 1898 qui
1256 1862 1415 1898 quarebant
1425 1862 1549 1889 animam.
1563 1865 1636 1888 tuam
1650 1860 1681 1886 “.
1694 1869 1703 1884 ι

916 1909 985 1937 Cum
1013 1910 1098 1945 igitur
1126 1909 1278 1943 accepisset
1313 1908 1419 1944 Moyses
1454 1915 1575 1935 uxorem
1608 1914 1640 1933 ac
1667 1905 1704 1933 ll-

919 1955 1013 1988 beros,
1031 1955 1165 1990 imposuit
1174 1962 1223 1982 eos
1244 1961 1327 1989 super
1353 1953 1517 1989 subjugalia,
1530 1956 1562 1980 et
1577 1959 1707 1979 reversus

919 2004 962 2028 est
972 2001 1000 2027 in
1015 1999 1171 2035 Egyptum.

955 2045 1053 2073 PALL.
1065 2044 1268 2078 Quorsunrbmc
1283 2043 1440 2079 pertinent?
1454 2050 1508 2070 non
1528 2042 1602 2069 enim
1624 2041 1708 2069 intel-

919 2093 993 2128 ligo;
1010 2095 1058 2119 aut
1090 2090 1198 2126 explica
1224 2097 1279 2125 quo
1295 2090 1406 2117 nomine
1416 2089 1479 2124 jure
1502 2088 1607 2123 culpari
1621 2087 1709 2122 possit

921 2139 966 2166 illa
980 2137 1089 2165 vivendi
1106 2137 1186 2169 ratio,
1206 2144 1240 2164 ex
1256 2136 1316 2171 lege
1329 2135 1466 2163 instituta.

955 2183 1035 2210 CYR.
1049 2182 1143 2217 Atqui,
1157 2181 1273 2214 Palladi,
1298 2180 1426 2216 plurimis
1447 2178 1595 2207 accusandi
1617 2177 1709 2205 causis

921 2236 981 2256 eam
997 2235 1059 2256 esse
1073 2228 1212 2260 refertam,
1229 2227 1320 2263 quivis
1335 2227 1446 2258 viderit,
1463 2226 1484 2253 si
1503 2224 1707 2260 propositorum

921 2274 1068 2301 verborum
1086 2266 1250 2300 sententiam
1263 2272 1372 2299 acutius
1383 2270 1534 2306 inspexerit
1548 2278 1553 2295 :
1573 2276 1635 2296 nam
1649 2268 1705 2295 ele-

92 2325 125 2356 tb;
150 2314 405 2362 προκεχειρισμένος
434 2328 473 2358 εἰς
507 2314 658 2362 ἀποστολὴν
684 2327 698 2353 6
728 2314 867 2359 θεσπέσιος

922 2324 982 2347 ctus
1000 2319 1034 2346 ad
1046 2319 1116 2346 hanc
1128 2318 1292 2354 legationem
1303 2317 1418 2352 Moyses,
1439 2323 1494 2342 non
1509 2314 1544 2342 ad
1557 2321 1618 2341 eam
1632 2316 1708 2340 recto

93 2372 196 2407 Μωσῆς.
211 2373 262 2399 οὐκ
277 2373 438 2408 εὑϐυδρομεῖ
453 2372 520 2408 πρδς
531 2372 610 2399 τοῦτο
621 2372 656 2399 τὰ
671 2373 699 2398 ὲν
712 2372 806 2407 κόσμῳ
823 2380 869 2407 με·

93 2417 152 2450 Θεὶς,
168 2418 308 2454 μερίζεται
331 2419 359 2446 δὲ
378 2419 425 2446 καὶ
442 2420 481 2451 εἰς
506 2419 633 2454 φροντίδα
655 2419 799 2454 σαρκικὴν,
822 2418 869 2444 καὶ

92 2465 141 2495 τοῖς
170 2465 240 2491 κατὰ
260 2465 338 2499 γένος
361 2464 603 2500 προανακοινοῦται
625 2464 674 2500 τὴν
705 2464 868 2499 ἀποδημίαν.

93 2509 141 2535 Καὶ
155 2509 184 2536 οὐ
198 2510 329 2546 πρότερον
344 2511 431 2544 ὲξέθει
454 2512 504 2546 τῆς
519 2510 693 2546 Μαδιηναίων
704 2529 711 2542 ,
731 2510 757 2536 ei
772 2509 813 2544 μὴ
828 2517 871 2536 τε·

95 2554 186 2582 θνιῶεα
199 2556 291 2583 λοιπὸν
305 2557 351 2583 τὸν
369 2557 418 2591 τῆς
436 2557 591 2591 Αἰγυπτίων
618 2555 751 2591 ἐμάνθανε
772 2554 871 2587 τύραν-

95 2607 149 2625 νον*
171 2601 265 2628 ἐδεδίει
279 2602 334 2637 γὰρ
351 2602 476 2636 τεθνάναι.
491 2602 560 2629 λίαν.
584 2601 692 2637 Ἐπειδὴ
712 2601 740 2628 δὲ
755 2600 808 2627 τῶν
826 2600 871 2627 ἐπὶ

95 2644 189 2676 τούτοις
197 2645 330 2682 δειμάτων
341 2647 498 2682 ἀπήλλακτο
509 2647 725 2683 προηγγελκότος
737 2645 810 2681 αὐτῷ
824 2645 870 2672 τοῦ

95 2687 164 2722 ϐιοῦ,
178 2691 236 2718 ’τό-έε
254 2691 287 2727 δὴ
304 2693 380 2727 μόλις
397 2693 538 2720 ἀναλαϐὼν
558 2693 606 2728 τὴν
631 2694 749 2727 γυναῖκι
771 2692 817 2719 καὶ
837 2691 872 2718 τὰ

97 2736 190 2768 παιδία,
209 2738 331 2764 κάτεισιν
348 2739 386 2771 εἰς
398 2739 447 2774 τὴν
458 2739 623 2774 Αἰγυπτίων,
637 2739 826 2774 ἀποπεραινων
839 2738 872 2764 τὰ

99 2782 320 2817 προστεταγμένα.
333 2782 422 2815 Τόπος
432 2783 454 2809 δ’
467 2782 499 2809 ἂν
510 2783 552 2818 εἴη
563 2782 640 2809 ταυτὶ
650 2782 700 2817 τῆς
710 2781 780 2808 κατὰ
791 2780 872 2816 νόμον

922 2374 1010 2394 cursu
1021 2365 1119 2398 tendit,
1137 2365 1222 2393 rebus
1237 2363 1385 2392 mundanis
1405 2361 1534 2396 abjectis;
1547 2359 1709 2405 distrahitur

923 2417 1015 2439 autem
1032 2411 1116 2439 etiam
1131 2411 1158 2438 in
1173 2418 1255 2438 curas
1280 2408 1414 2439 carnales,
1431 2414 1463 2434 ac
1477 2406 1556 2441 prius
1582 2413 1645 2432 cum
1663 2412 1709 2431 co-

922 2449 1014 2494 gnatis
1027 2457 1061 2485 de
1077 2457 1246 2492 perfectione
1267 2463 1317 2482 sua
1334 2452 1518 2482 communicat
1530 2472 1537 2483 ,
1553 2459 1606 2478 nec
1631 2450 1709 2485 prius

922 2503 1041 2531 excessit
1067 2511 1082 2530 e
1104 2501 1313 2529 Madianitarum
1337 2498 1458 2534 regione,
1481 2503 1563 2531 quam
1587 2495 1708 2522 audisset

923 2553 1062 2578 mortuum
1077 2554 1137 2575 esse
1161 2546 1349 2581 Egyptiorum
1378 2537 1523 2580 tyrann’um
1540 2550 1547 2568 ι
1567 2540 1708 2568 metuebat

924 2595 998 2624 enim
1008 2593 1155 2622 admodum
1168 2601 1202 2620 ne
1214 2591 1339 2619 occidere
1346 2589 1497 2621 tur.At,ubi
1507 2588 1550 2615 his
1556 2586 1708 2615 terroribus

924 2646 977 2673 est,
993 2641 1050 2668 Deo
1066 2640 1221 2670 nuntiante,
1234 2637 1377 2668 liberatus,
1391 2640 1447 2663 tum
1459 2642 1524 2662 vero
1536 2634 1579 2660 vix
1587 2632 1705 2663 tandem,

924 2691 1037 2722 accepta
1053 2693 1138 2713 uxore
1153 2693 1184 2712 ac
1197 2683 1303 2715 liberis,
1319 2680 1460 2708 descendit
1476 2680 1503 2707 in
1516 2678 1706 2714 [Egyptiorum

925 2733 1003 2764 ﬁnes,
1017 2739 1049 2759 ac
1062 2731 1110 2758 Dei
1122 2731 1197 2766 jussa
1224 2727 1393 2762 exsequitur.
1410 2725 1473 2752 llzec
1484 2732 1548 2751 vero
1569 2723 1660 2751 omnia
1673 2722 1706 2748 li-

924 2785 998 2815 gurze
1014 2780 1078 2804 sunt
1094 2776 1167 2807 vitae,
1197 2773 1348 2802 secundum
1370 2772 1457 2806 legem
1481 2769 1622 2800 institutae,
1647 2773 1706 2802 qua

131 2835 152 2852 "
162 2837 239 2873 Deut.
261 2848 336 2873 xviu,
355 2840 394 2868 I8.
432 2841 453 2857 ³⁷
468 2841 546 2868 Joan.
563 2848 610 2871 ιιι,
623 2839 669 2867 49.
706 2838 728 2854 ³⁸
741 2839 821 2866 Rom.
837 2844 867 2864 vn

922 2837 934 2862 ‘.
971 2835 993 2850 "
1008 2833 1091 2860 Matth
1119 2841 1145 2865 v,
1162 2832 1204 2860 l7.
1240 2831 1262 2847 ‘°
1278 2829 1357 2858 Hebr.
1382 2835 1428 2860 vn,
1451 2827 1492 2854 ll.
1532 2825 1552 2842 "
1567 2824 1652 2853 Exod.
1668 2831 1706 2857 ιν,

102 2870 139 2903 l3.
159 2872 200 2900 i9.
