1924 3043
224 157 274 186 255

731 158 760 187 S.
780 159 919 189 CYRILL!
937 156 1173 187 ALEXANDRINI
1193 155 1352 184 ARCHIEP.

1647 79 1657 94 \

1803 152 1856 180 256

221 217 308 244 divisa
332 215 534 252 quodammodo
551 219 604 248 est,
631 219 659 243 et
677 216 704 244 in
734 221 880 252 utramque
903 221 1007 252 partem

1061 215 1143 250 ζωῆς,
1161 213 1365 250 μεμερισμένης
1378 213 1477 248 τρόπον
1489 213 1560 247 τινὰ,
1575 213 1620 241 καὶ
1638 213 1681 240 ἐπ’
1694 213 1781 248 ἄμφω
1794 211 1856 247 βλε-

221 266 338 298 spectat.
356 262 390 290 ad
406 262 523 294 divinas,
543 262 665 296 inquam,
682 270 728 290 res
744 267 773 290 et
791 263 941 296 humanas;
957 270 1008 290 ne-

220 315 275 343 que
284 312 328 335 est
341 308 414 335 enim
429 315 445 334 α
462 307 537 335 curis
564 308 682 336 terrenis
694 315 727 336 ac
741 308 889 336 mundanis
912 308 1007 339 libera,

222 361 310 388 neque
320 353 394 381 omni
411 361 444 380 ex
459 357 536 388 parte
548 360 635 380 sacra.
656 353 738 388 Atqui
760 354 918 389 evangelica
942 362 1008 381 con-

222 399 341 427 versatio
356 399 431 427 nullo
451 399 533 426 modo
550 407 663 434 prorsus
676 400 704 427 in
715 407 747 427 ea
761 408 822 434 quae
837 400 928 427 carnis
946 403 1010 426 sunt

221 444 374 476 dividitur,
402 448 449 471 aut
478 444 680 472 mundanorum
710 445 882 479 negotiorum
914 451 1009 477 curas;

220 491 287 525 quin
304 490 396 526 potius
408 498 465 522 eos,
477 490 526 525 qui
538 491 590 518 sub
601 490 705 518 Christi
721 490 829 518 ditione
847 494 921 522 sunt,
939 494 1010 518 totos

219 537 335 564 omnino
351 537 417 569 Deo,
436 536 521 564 veluti
532 541 679 564 consecrat
698 541 780 571 atque
793 537 921 571 dedicat:
940 535 1011 569 «Qui

223 582 296 610 cnim
313 587 377 610 sunt
394 582 458 610 Jesu
474 582 588 615 Christi,
610 582 711 617 inquit,
726 590 837 611 carnem
853 590 930 609 suam
950 590 1013 610 cru-

222 628 369 655 cifixerunt
387 636 450 656 cum
466 628 542 656 vitiis
554 632 583 656 et
599 628 833 663 concupiscentiis
852 628 885 655 ι’.
897 638 906 654 ι
918 628 1012 663 itaque

222 674 277 709 76
292 673 446 709 discipulus
459 674 581 709 quidam,
597 681 660 701 cum
672 674 1012 703 accedensdiceretChri-

223 724 266 747 sto
280 729 286 746 :
307 730 316 746 ‹
329 720 468 756 Magister,
479 721 610 756 permitte
632 721 701 748 mihi
718 721 796 756 prius
814 721 866 753 ire,
883 725 911 748 et
931 728 1012 756 sepe-

223 765 275 793 lire
289 769 394 800 patrem
420 774 512 794 meum
528 767 561 799 ⁸³,
576 776 585 792 ι
609 774 694 794 sacra
707 767 782 795 omni
806 775 840 795 ex
857 771 935 802 parte
950 767 1017 795 vitae:

223 809 357 838 rationem
371 810 478 842 didicit,
494 819 557 839 cum
571 811 646 839 illico
661 812 784 839 audivit:
800 821 809 837 ι
823 811 944 847 Sequere
957 820 1010 845 me;

223 859 252 882 et
275 854 386 882 dimitte
409 860 534 883 mortuos
562 857 681 892 sepelire
710 861 835 885 mortuos
865 865 929 885 suos
953 857 1008 884 “.t

1059 259 1176 293 πούσης,
1191 258 1258 294 πρός
1274 267 1303 285 τε
1316 258 1351 286 τὰ
1365 253 1424 285 θεῖά
1439 266 1510 294 φημι
1522 258 1570 285 καὶ
1585 258 1754 294 ἀνθρώπινα.
1776 257 1856 284 Ἔστι

1059 307 1113 341 γὰρ
1135 305 1167 340 δὴ
1191 304 1330 340 φροντίδος
1349 304 1399 331 οὐκ
1423 304 1551 339 ἐλευθέρα
1567 304 1683 338 γεώδους
1698 313 1729 331 τε
1749 304 1797 330 καὶ
1812 311 1859 330 κο-

1059 352 1172 386 σμικῆς,
1187 350 1248 377 οὔτε
1279 351 1333 385 μὴν
1347 350 1463 377 εἰσάπαν
1485 351 1554 384 ἱερὰ.
1572 350 1659 377 καίτοι
1678 350 1727 384 τῆς
1742 349 1860 383 εὐαγγε-

1058 398 1137 432 λικῆς
1151 397 1287 428 πολιτείας
1305 397 1355 423 οὐκ
1368 396 1483 432 ἐχούσης
1494 397 1561 428 ὅλως
1576 397 1605 423 τὺ
1617 396 1777 431 μερίζεσθαι
1789 395 1859 430 πὼς

1061 443 1095 470 τὰ
1110 443 1221 478 σαρκὸς,
1238 443 1322 478 ἧγουν
1334 442 1402 477 πρὸς
1419 442 1453 468 τὰ
1466 443 1495 468 ὲν
1511 442 1605 477 κόσμῳ
1623 443 1776 477 πράγματα
1799 441 1859 467 ὁλο-

1059 487 1168 523 τρόπως
1188 487 1231 517 δὲ,
1259 486 1355 521 ὥσπερ
1381 485 1548 521 ἀφιερούσης
1577 486 1614 521 τῷ
1638 487 1697 521 Θεῷ
1716 488 1779 517 τοὺς
1806 486 1859 512 ὑπὸ

1060 533 1170 568 Χριστῷ
1195 533 1351 567 γεγονότας,
1367 542 1377 558 ι
1396 533 1427 559 Οῑ
1448 532 1502 568 γὰρ
1515 531 1562 558 τοῦ
1584 532 1671 566 Ἰησοῦ
1694 531 1815 567 Χριστοῦ
1827 551 1833 562 ,
1847 541 1855 556 ι

1061 579 1138 614 φησὶ,
1151 588 1161 604 ι
1175 578 1224 614 τὴν
1238 578 1325 613 σάρκα
1336 577 1510 613 ἐσταύρωσαν
1524 579 1572 605 σὺν
1583 580 1639 609 τοῖς
1655 578 1800 612 παθήμασι
1811 577 1859 604 καὶ

1060 625 1121 655 ταῖς
1138 624 1306 658 ἐπιθυμίαις.
1320 633 1329 649 ι
1343 624 1396 650 Καὶ
1407 623 1472 657 γοῦν
1492 624 1584 660 ἐπειδή
1600 633 1641 655 τις
1657 623 1712 650 τῶν
1728 623 1872 658 μαθητῶν

1062 668 1219 705 προσελθὼν
1232 668 1336 704 ἔφασκε
1354 668 1393 704 τῷ
1407 669 1527 704 Χριστῴ-
1549 678 1557 694 ι
1571 669 1732 699 Διδάσκαλε.
1748 669 1860 703 ἐπίτρε-

1061 715 1111 749 ψόν
1125 722 1170 749 μοι
1180 714 1287 749 πρῶτον
1299 713 1425 741 ἀπελθεῖν
1437 714 1483 741 καὶ
1496 714 1579 749 Θάψαι
1593 714 1639 741 τὸν
1653 714 1761 750 πατέρα
1775 723 1856 748 μ.ουί

1062 760 1110 794 τὴν
1128 759 1202 795 ἱερὰν
1227 759 1380 795 ὁλοτρόπως
1406 759 1560 787 ὲδιδάσκετο
1576 759 1726 790 πολιτείαν,
1743 759 1855 786 ἀκούων

1063 805 1155 837 εὐθύςν
1169 814 1179 831 ι
1197 804 1350 832 Ἀκολούθει
1366 813 1422 840 μοι,
1433 804 1480 831 καὶ
1492 805 1560 839 ἄφες
1571 805 1634 835 τοὺς
1644 805 1761 840 νεκροὺς
1771 804 1856 838 θάψαι

1062 851 1125 882 τοὺς
1137 850 1242 878 ἑαυτῶν
1254 850 1377 886 νεκρούς.
1400 860 1409 877 )
1432 850 1535 886 Γράφει
1551 850 1580 876 δέ
1597 859 1652 877 τισι
1665 850 1712 877 καὶ
1728 851 1742 876 6
1755 849 1856 876 Θεσπέ-

223 900 295 934 Quin
318 901 401 928 etiam
430 902 527 929 scribit
547 902 581 929 ad
614 902 748 937 quosdam
773 902 944 930 admirabilis
968 903 1010 930 vir

1062 905 1117 928 σιος
1132 896 1250 927 Παῦλος·
1269 905 1279 922 ι
1292 896 1356 922 Ὅτε
1374 895 1531 930 ηὐδόκησεν
1545 896 1559 922 6
1580 895 1645 927 Θεὸς
1675 895 1858 929 ἀποκαλύψαι

223 945 343 973 Paulus:
364 955 373 971 ι
389 946 457 974 Cum
471 947 576 982 placuit
588 948 645 975 Deo
664 949 785 976 revelare
811 948 910 976 Filium
932 956 1012 976 suum

223 991 253 1018 in
268 999 324 1025 me,
338 996 369 1019 ut
386 994 602 1028 cvangelizarem
623 994 700 1021 illum
723 995 752 1021 in
766 995 904 1030 gentibus,
922 995 1011 1023 conti-

169 1067 171 1070 ,
222 1045 280 1065 nuo
296 1045 352 1065 non
366 1040 521 1066 consultavi
538 1048 602 1067 cum
621 1047 703 1068 carne
714 1041 885 1075 etsanguine
902 1041 935 1068 δ’.
947 1051 955 1066 ι
978 1041 1013 1069 At

223 1091 257 1111 ea
272 1083 378 1120 Moyses
395 1085 508 1113 adhibet
521 1085 549 1113 in
565 1086 730 1119 consilium;
751 1086 839 1114 divisa
858 1087 932 1114 enim
956 1091 1010 1125 est,

223 1135 256 1158 ιιι
268 1130 341 1163 dixi,
355 1131 403 1158 illa
428 1138 460 1158 ex
476 1131 534 1166 lege
561 1131 673 1159 vivendi
693 1131 773 1164 ratio,
792 1132 879 1158 metui
903 1139 1012 1167 quoque

223 1176 320 1204 mortis
333 1177 460 1204 obnoxia.
489 1177 615 1205 Timebat
637 1185 755 1212 namque
768 1178 872 1214 Moyses
896 1178 1011 1206 descen-

222 1221 289 1250 dere
306 1222 334 1249 in
353 1222 510 1258 Egyptum,
536 1223 634 1250 mortis
649 1223 803 1258 periculum
826 1224 975 1259 refugiens.
987 1224 1012 1251 is

221 1272 315 1295 autem
331 1272 421 1296 metus
438 1269 466 1295 in
480 1268 591 1296 Christo
608 1273 757 1296 evacuatus
779 1274 830 1296 est.
844 1269 929 1304 quue
943 1269 1014 1296 Pau-

223 1313 267 1341 lus
289 1314 362 1342 idem
382 1314 527 1342 conﬁrmat
542 1320 600 1342 tum
616 1315 650 1342 de
670 1315 789 1347 Christo,
805 1319 863 1342 tum
882 1316 965 1342 etiam
977 1315 1011 1343 de

223 1359 305 1386 nobis
319 1359 444 1394 loquens,
465 1369 474 1385 ‹
489 1359 558 1392 Quia
582 1360 655 1387 enim
683 1355 762 1395 pueri
788 1362 1014 1388 communicave-

223 1409 290 1431 runt
317 1405 393 1432 carni
416 1409 445 1432 et
458 1405 595 1440 sanguini,
617 1409 646 1432 et
670 1406 727 1440 ipse
750 1406 878 1433 similiter
895 1407 1011 1441 partici-

223 1450 299 1484 pavit
313 1450 428 1482 eisdem,
445 1456 477 1477 ut
495 1458 544 1485 per
560 1455 676 1478 mortem
691 1451 848 1478 destrueret
863 1460 937 1484 eum,
963 1453 1019 1487 qni‘

211 1495 343 1523 ‘habebat
357 1496 453 1523 mortis
471 1496 628 1531 imperium,
645 1496 672 1523 id
687 1500 740 1529 est,
765 1497 916 1530 diabolum,
933 1502 961 1525 et
975 1498 1010 1525 li-

223 1541 334 1568 beraret
342 1542 456 1577 eos,qui
472 1541 569 1570 timore
585 1543 683 1570 mortis
698 1551 747 1578 per
762 1547 846 1570 totam
856 1543 940 1571 vitam
960 1544 1011 1571 ob-

223 1587 299 1614 noxii
322 1591 401 1614 erant
419 1574 546 1615 servituti
572 1588 628 1615 ⁴⁶.»
649 1574 742 1623 itaque
772 1588 904 1616 adversus
924 1590 1010 1624 ipsam
1024 1574 1046 1603 ο

223 1640 334 1668 quoque
352 1638 468 1660 mortem
486 1637 643 1660 sanctorum
662 1634 784 1660 virorum
799 1634 907 1662 animus
925 1634 1011 1662 auda-

224 1683 283 1707 cter
302 1679 429 1715 insurgit.
444 1679 490 1706 Ait
500 1680 572 1706 enim
586 1680 689 1707 Paulus
698 1688 822 1707 rursum:
836 1681 915 1708 «Mihi
932 1689 1011 1709 nam-

223 1732 277 1759 que
300 1725 394 1752 vivere
417 1725 543 1752 Christus
560 1729 612 1757 est,
640 1730 669 1753 et
692 1726 760 1753 mori
778 1726 887 1753 lucrum
899 1726 932 1753 ‘7.
948 1736 957 1752 ι
977 1726 1011 1754 Ει

223 1771 339 1798 iterum:
356 1780 365 1796 ‹
377 1770 445 1804 Quis
457 1779 508 1798 nos
526 1772 666 1806 separabit
693 1779 709 1798 α
730 1772 863 1799 charitate
888 1771 1020 1799 Christi?‘

224 1815 389 1848 Tribulatio,
399 1823 433 1842 an
445 1815 579 1850 angustia,
594 1822 627 1842 an
638 1815 803 1850 persecutio,
819 1823 853 1842 an
867 1814 961 1847 fames,
975 1823 1009 1843 an

223 1863 343 1894 nuditas,
358 1871 392 1890 an
404 1863 568 1898 periculum,
585 1870 619 1890 an
639 1862 747 1898 gladius
763 1863 803 1889 δεῖ
817 1872 825 1888 ι
846 1861 947 1892 Teneri
958 1862 1010 1889 au-

224 1912 279 1935 tcm
305 1911 380 1935 metu
395 1909 493 1947 mortis
509 1909 604 1941 vitam,
622 1916 682 1944 quae
697 1917 732 1936 ex
752 1909 823 1944 legis
839 1908 935 1943 regula
957 1908 1009 1935 du-

224 1958 313 1987 catur;
338 1959 488 1989 contraque
512 1955 610 1982 mortis
632 1954 768 1981 devitasse
800 1953 923 1988 laqueos'
938 1953 1010 1980 hanc

223 1999 317 2034 gloria:
333 1999 441 2033 plenam
457 1999 485 2028 in
506 1999 618 2026 Christo
641 1998 889 2028 conversationem,
905 1997 931 2024 id
941 2004 1010 2031 quo-

224 2051 278 2078 que
289 2043 400 2078 planum
416 2043 446 2070 [it
470 2051 503 2070 ex
526 2050 570 2075 eo,
586 2042 661 2078 quod
680 2049 758 2069 sacra
781 2041 925 2076 Scriptura
949 2041 1008 2068 cla-

223 2094 290 2122 mat,
311 2097 438 2125 regnasse
452 2092 571 2117 mortem
583 2089 618 2116 ab
637 2087 724 2115 Adam
737 2094 825 2122 usque
837 2087 871 2115 ad
886 2087 1006 2122 Moysen.

223 2135 291 2169 Quis
312 2143 379 2163 vero
396 2136 468 2162 alius
476 2134 614 2162 destruxit
628 2137 755 2165 mortem,
765 2136 812 2160 aut
823 2132 1010 2167 corruptionis

223 2180 369 2215 imperium
385 2179 495 2215 dejecit,
511 2178 684 2213 servavitque
697 2185 753 2205 non
764 2177 908 2205 credentes
915 2177 1006 2209 modo,

223 2226 272 2253 sed
285 2234 333 2253 eos
353 2233 473 2261 quoque,
498 2225 545 2260 qui
562 2224 614 2251 sub
635 2224 706 2260 legis
725 2223 872 2258 disciplina
888 2223 1007 2252 instituti

222 2272 345 2304 fuerant,
376 2272 430 2299 nisi
456 2271 532 2298 solus
558 2270 692 2298 Dominis
708 2274 805 2298 noster
820 2270 901 2298 Iesus
927 2270 1008 2297 Chri—

222 2321 282 2344 stus
292 2316 338 2343 "1
356 2326 365 2341 ‹
377 2316 436 2344 Νοη
448 2316 522 2343 enim
541 2315 656 2351 legatus,
675 2323 730 2342 non
744 2316 866 2351 angelus,
882 2315 930 2343 sed
949 2315 1007 2351 ipse

222 2362 356 2390 Dominus
366 2362 481 2389 salvavit
492 2370 538 2389 eos
546 2362 580 2395 ‘°,
593 2371 601 2387 ι
617 2362 777 2397 prophetico
790 2370 921 2398 responso
936 2370 1008 2398 prae-

223 2409 327 2436 dictum
342 2412 393 2436 est.
406 2408 483 2436 Licet
497 2413 588 2436 autem
616 2408 666 2435 tibi
679 2409 848 2444 perspicere,
870 2416 960 2444 neque
980 2408 1007 2436 id

223 2454 352 2487 obscure,
373 2454 454 2489 hujus
467 2454 507 2482 rei
521 2454 682 2490 mysterium
695 2455 772 2482 velut
788 2454 816 2482 in
840 2454 924 2490 ﬁgura
939 2463 1009 2489 qua-

224 2500 287 2527 dam
304 2499 332 2526 in
361 2499 395 2527 iis
408 2499 501 2532 rebus,
527 2509 587 2536 quae
602 2501 683 2528 beato
699 2501 784 2536 Moysi
812 2501 1008 2535 contigerunt:

221 2545 278 2580 jam
291 2546 364 2572 enim
379 2546 561 2580 proﬁciscenti
576 2554 609 2573 ex
625 2546 834 2573 Madianitarum
854 2545 966 2579 finibus,
978 2554 1010 2574 ac

224 2593 382 2626 properanti
402 2592 430 2619 in
450 2591 606 2628 Egy-ptum,
637 2592 707 2619 dixit
735 2592 830 2619 Deus:
854 2601 864 2617 ι
881 2592 950 2619 Dum
965 2591 1009 2619 in-

224 2637 348 2673 grederis
370 2646 403 2666 ac
420 2639 567 2666 reverteris
585 2638 613 2665 in
628 2637 784 2673 Egyptum,
803 2637 867 2665 vide
883 2638 1007 2673 prodigia

224 2682 326 2711 omnia.
341 2691 402 2718 quae
415 2683 478 2710 dedi
492 2684 519 2710 in
539 2683 666 2710 manibus
681 2682 747 2716 tuis,
763 2682 849 2710 facies
868 2690 900 2710 ea
912 2690 1005 2710 coram

223 2727 363 2755 Pharaone
374 2727 406 2755 ".
419 2738 428 2753 ι
451 2728 503 2763 77
518 2729 552 2757 Et
563 2727 726 2762 quibusdam
744 2726 931 2761 interpositis:
947 2736 957 2752 ι
972 2726 1007 2753 Et

224 2773 334 2807 accidit,
358 2774 459 2809 inquit,
475 2774 503 2800 in
521 2773 630 2806 itinere,
657 2773 685 2800 in
707 2773 861 2800 diversorio
883 2772 1008 2800 occurrit

259 2831 281 2846 δ’
296 2830 383 2859 Galat.
403 2839 430 2862 v,
445 2831 489 2857 24.
526 2831 551 2846 ⁸³
566 2831 660 2858 Matth.
682 2839 739 2863 vul,
754 2830 798 2858 21.
840 2831 862 2847 ⁸⁵
883 2825 1006 2859 lbid.22.

1061 2831 1169 2858 'Galat.
1187 2839 1206 2861 ι,
1227 2831 1269 2857 16.

225 2865 270 2893 2i.
310 2865 332 2881 ⁸⁸
347 2866 425 2894 Rom.
443 2873 498 2899 vm,
520 2865 562 2893 33.
602 2866 623 2882 ι’
646 2865 702 2893 bid.
732 2866 816 2900 v,12.
856 2866 878 2883 ‘°
899 2867 949 2894 lsa.
971 2874 1044 2897 Lxm,
1059 2866 1085 2894 9.

1065 942 1110 969 τὸν
1121 942 1184 968 Υιὸν
1203 941 1284 969 αὑτοῦ
1302 942 1330 968 ὲν
1349 941 1420 976 ἐμοὶ,
1440 941 1484 968 ἵνα
1498 941 1717 976 εὐαγγελίζωμαι
1732 941 1817 967 αὑτὸν
1831 942 1860 968 ιν

1063 988 1120 1018 τοῖς
1133 986 1248 1018 ἔθνεσιν,
1265 985 1366 1017 εὐθέως
1381 986 1412 1012 οὐ
1433 985 1640 1021 προσανεθέμην
1653 986 1736 1020 σαρκὶ
1751 985 1801 1012 καὶ
1817 985 1859 1011 al-

1065 1041 1140 1068 ματι.
1159 1041 1168 1059 ι
1185 1031 1414 1067 Ῑῐροσανατίοεται
1428 1032 1457 1058 δὲ
1472 1031 1585 1066 Μωσῆς.
1603 1031 1776 1066 Μεμέρισται
1792 1031 1858 1066 γὰρ,

1062 1078 1100 1110 ὡς
1115 1077 1192 1113 ἔφην,
1211 1079 1227 1112 ἡ
1250 1077 1321 1105 κατὰ
1337 1078 1419 1112 νόμον
1436 1078 1510 1112 ζωὴ,
1527 1079 1613 1104 κεῖται
1631 1077 1658 1104 δὲ
1685 1077 1725 1104 ἔτι
1741 1077 1791 1103 καὶ
1808 1077 1859 1103 ὑπὸ

1062 1124 1108 1150 τὸν
1121 1123 1168 1150 τοῦ
1184 1123 1297 1150 θανάτου
1313 1123 1404 1158 φόϐον.
1431 1123 1541 1150 Ἐδεδίει
1558 1123 1613 1158 γὰρ
1625 1124 1639 1150 6
1652 1123 1754 1158 Μωσῆς
1773 1130 1856 1149 κατα-

1061 1169 1165 1196 ϐαίνειν
1187 1170 1227 1201 εἰς
1247 1169 1395 1203 Αιγυπτον,
1421 1168 1451 1196 τὸ
1475 1168 1600 1195 τεθνάναι
1627 1168 1859 1203 παραιτούμενος.

1062 1215 1241 1249 Κατήργηται
1257 1214 1285 1240 δὲ
1301 1214 1349 1241 καὶ
1365 1214 1443 1240 τοῦτο
1461 1215 1490 1240 ὲν
1514 1213 1635 1248 Χριστῷ.
1649 1213 1704 1240 Καὶ
1722 1213 1861 1240 πιστώσε-

1062 1269 1107 1287 ται
1120 1260 1207 1294 λέγων
1218 1261 1231 1286 6
1242 1260 1314 1296 ἱερὸς
1328 1259 1433 1291 Παῦλος
1450 1260 1514 1295 περί
1527 1268 1556 1286 τε
1569 1259 1688 1295 Χριστοῦ
1705 1260 1751 1285 καὶ
1766 1259 1857 1294 ἡμῶν·

1065 1314 1075 1331 r
1096 1305 1205 1341 Ἐπειδὴ
1227 1305 1281 1341 γὰρ
1303 1305 1338 1332 τὰ
1355 1304 1448 1332 παιδία
1472 1305 1654 1340 κεκοινώνηκε
1678 1304 1782 1340 σαρκὸς
1808 1306 1859 1331 καὶ

1062 1351 1186 1385 αἵματος,
1200 1351 1247 1377 καὶ
1259 1351 1339 1382 αὐτὸς
1349 1350 1546 1386 παραπλησίως
1558 1350 1673 1386 μετέσχε
1685 1351 1740 1377 τῶν
1751 1351 1856 1378 αὐτῶν·

1062 1400 1106 1426 ῐνα
1119 1399 1165 1427 διὰ
1175 1400 1223 1426 τοῦ
1236 1399 1351 1427 θανάτου
1365 1401 1529 1436 καταργήσῃ
1541 1399 1586 1425 τὸν
1602 1399 1632 1425 τὺ
1646 1391 1747 1434 κράτος
1762 1398 1858 1433 ἔχοντα

1061 1446 1108 1473 τοῦ
1126 1447 1252 1477 Θανάτου,
1265 1446 1337 1472 τοῦτ’
1351 1445 1419 1477 ἐστι,
1436 1445 1480 1472 τὸν
1501 1445 1633 1477 διάϐολον,
1653 1445 1699 1471 καὶ
1713 1445 1859 1481 ἀπαλλάξῃ

1061 1491 1187 1529 τούτουςχ
1198 1492 1254 1518 ὅσοι
1266 1491 1340 1526 φόϐῳ
1348 1491 1461 1518 θανάτου
1473 1491 1517 1518 διὰ
1532 1491 1631 1523 παντὸς
1642 1491 1687 1517 τοῦ
1698 1491 1749 1526 ζῇν
1766 1491 1856 1527 ἔνοχοι

1061 1535 1131 1573 ἦσαν
1147 1537 1277 1568 δουλείας.
1294 1547 1303 1563 ›
1325 1537 1470 1572 Τοιγάρτοι
1500 1538 1548 1564 καὶ
1567 1538 1649 1564 αὐτοῦ
1665 1537 1711 1564 τοῦ
1729 1538 1857 1565 τεθνάναι

1064 1583 1166 1617 λοιπὸν,
1182 1585 1196 1610 6
1209 1583 1262 1610 τῶν
1276 1584 1360 1618 ἁγίων
1372 1583 1605 1619 καταθρασύνεται
1618 1583 1691 1616 νοῦς.
1710 1585 1784 1620 Ἔφη
1803 1585 1857 1619 γὰρ

1064 1628 1146 1656 πάλιν
1157 1629 1171 1654 ὀ
1192 1628 1305 1660 Παῦλος·
1323 1638 1332 1654 ι
1357 1629 1434 1664 Ἐμοὶ
1449 1630 1502 1664 γὰρ
1515 1629 1545 1656 τὸ
1558 1629 1607 1663 ζῇν
1620 1630 1749 1666 Χριστὸς,
1767 1631 1816 1656 καὶ
1829 1631 1857 1656 τὸ

1063 1673 1209 1701 ἀποθανεῖν
1225 1674 1328 1709 κέρδος.
1346 1683 1357 1700 ι
1380 1675 1434 1701 Καὶ
1449 1674 1539 1702 πάλιν·
1563 1684 1574 1700 ι
1590 1675 1637 1707 Τίς
1652 1676 1726 1711 ἡμᾶς
1743 1677 1857 1712 χωρίσει

1063 1720 1117 1747 ἀπὸ
1136 1719 1186 1755 τῆς
1201 1720 1311 1755 ἀγάπης
1323 1720 1369 1747 τοῦ
1387 1721 1522 1756 Χριστοῦ;
1539 1720 1630 1755 θλίψις
1644 1722 1660 1757 ἢ
1677 1724 1854 1757 στενοχωρία,

1063 1766 1080 1801 ἣ
1101 1765 1267 1801 διωγμὸς,.ἦ
1284 1765 1376 1801 λιμὸς,
1392 1766 1409 1802 ἢ
1423 1767 1570 1802 γμμνὸτης,
1589 1767 1755 1802 ηκίνδιινος,
1769 1769 1786 1803 ἦ
1804 1769 1855 1802 μά-

1063 1820 1162 1848 χαιρα;
1179 1822 1188 1838 ι
1203 1812 1264 1839 ’Ότι
1280 1812 1307 1838 δὲ
1328 1813 1383 1844 τοῖς
1395 1813 1442 1839 τοῦ
1463 1813 1577 1840 θανάτου
1591 1813 1719 1849 δείμασιν
1732 1814 1855 1850 ἐνέχεται

1066 1858 1114 1892 μὲν
1126 1859 1142 1892 ἡ
1157 1857 1227 1885 κατὰ
1238 1858 1318 1893 νόμον
1332 1858 1398 1893 ζωὴ,
1414 1858 1506 1893 διέδρα
1516 1858 1544 1885 δὲ
1554 1858 1632 1885 τοῦτο
1643 1859 1693 1894 τῆς
1704 1860 1734 1885 ἐν
1744 1860 1856 1895 Χριστῷ

1065 1903 1247 1936 πολιτείαςμτδ
1261 1904 1407 1940 καύχημα,
1421 1905 1506 1938 σαφὲς
1519 1903 1552 1931 ἂν
1565 1904 1679 1938 γένοιτο,
1696 1905 1856 1940 βεϐασιλευ-

1065 1949 1141 1975 κέναι
1165 1949 1211 1976 τὸν
1226 1949 1340 1976 θάνατον
1359 1949 1414 1976 ἀπὸ
1435 1948 1520 1982 Ἀδὰμ
1543 1949 1590 1976 καὶ
1613 1950 1693 1985 μέχρι
1714 1950 1854 1983 Μωσέως,

1064 1995 1135 2030 ίεροῦ
1153 1995 1265 2030 βοῶντος
1282 1995 1457 2031 Γράμματος.
1482 1995 1550 2022 Ἀλλ’
1574 1996 1588 2022 6
1608 1997 1786 2032 καταργήσας
1810 1997 1855 2023 τὸν

1062 2040 1185 2073 θάνατον,
1212 2041 1259 2068 καὶ
1285 2042 1334 2077 τῆς
1358 2041 1461 2077 φθορᾶς
1487 2042 1652 2075 κατασείσας
1674 2044 1705 2070 τὸ
1733 2044 1854 2079 κράτος,

1061 2085 1205 2118 ἁνασὼσας
1214 2095 1243 2114 τε
1258 2087 1324 2123 ὁμοῦ
1339 2089 1394 2120 τοις
1407 2087 1566 2115 πιστεύουσι
1579 2088 1625 2115 καὶ
1640 2089 1702 2121 τοὺς
1714 2089 1768 2116 ὑπὸ
1779 2090 1854 2124 νόμῳ

1062 2132 1320 2168 παιδαγωγηθέντος
1337 2133 1418 2167 ποτὲ,
1437 2134 1478 2166 τίς
1498 2133 1531 2160 ἂν
1547 2134 1589 2169 εἴη
1606 2134 1709 2170 ἕτερος,
1728 2135 1799 2171 πλὴν
1814 2136 1854 2162 ὅτι

1061 2177 1108 2204 καὶ
1130 2177 1208 2212 μόνος
1228 2177 1242 2203 6
1261 2177 1363 2213 Κύριος
1384 2178 1463 2213 ἡμῶν
1487 2178 1590 2217 Ἰησοῦς
1605 2179 1620 2205 6
1634 2179 1767 2214 Χριστός;
1789 2189 1799 2206 ‹
1817 2181 1852 2207 Οὐ

1060 2222 1115 2257 γὰρ
1127 2222 1254 2257 πρέσϐυς,
1268 2223 1317 2249 οὒκ
1331 2222 1456 2257 ἄγγελος,
1470 2223 1526 2250 ἀλλ’
1544 2223 1625 2255 αὐτὸς
1639 2225 1653 2250 6
1668 2223 1770 2259 Κύριος
1787 2225 1853 2252 ἔσω-

1027 2255 1047 2281 D
1061 2255 1106 2296 σεν
1121 2255 1233 2301 αὖτοὺς,
1255 2278 1264 2294 ι
1283 2255 1453 2304 προφητικὸν
1474 2269 1526 2304 ἔφη
1546 2255 1748 2305 χρησμῴδημα.
1761 2255 1853 2302 γἸδοις

1059 2314 1082 2340 δ’
1097 2314 1130 2341 ἂν
1147 2315 1193 2341 καὶ
1211 2314 1284 2349 μάλα
1298 2314 1389 2349 σαφῶς
1403 2315 1433 2341 τὸ
1448 2315 1494 2341 ἐπὶ
1521 2314 1589 2350 τῷδε
1608 2317 1756 2350 μυστήριον
1772 2315 1812 2347 ὡς
1825 2317 1854 2342 ὲν

1060 2360 1137 2395 τύπῳ
1158 2359 1239 2387 πάλιν
1259 2361 1314 2391 τοῖς
1341 2360 1526 2396 συμϐεϐηκόσι
1548 2359 1587 2396 τῷ
1608 2361 1736 2396 μακαρίῳ
1752 2362 1852 2396 Μωοῇ.

1067 2406 1244 2441 Ἐεοιχομένῳ
1257 2405 1319 2441 γὰρι
1329 2406 1379 2441 ἤδη
1393 2406 1442 2441 τῆς
1457 2406 1642 2442 Μαδιηναίων,
1661 2406 1853 2434 διασπεύδοντί

1057 2458 1086 2478 τε
1103 2450 1195 2477 λοιπὸν
1209 2451 1247 2482 εἰς
1258 2450 1413 2485 Αἴγυπτον,
1426 2450 1478 2487 ἔφη
1490 2451 1566 2483 Θεός’
1585 2461 1595 2477 ι
1614 2451 1851 2487 Εἰσπορευομὲνου

1059 2505 1105 2524 σου
1119 2498 1166 2524 καὶ
1181 2497 1397 2532 ἀποστρέφοντος
1409 2498 1449 2529 εἰς
1465 2497 1613 2532 Αἴγυπτον,
1631 2498 1681 2533 ὅρα
1697 2498 1734 2524 τὰ
1748 2499 1851 2534 τέρατα

1058 2543 1157 2576 πάντα,
1181 2543 1199 2570 ἃ
1215 2543 1319 2570 δέδωκα
1336 2543 1365 2570 ὲν
1386 2545 1446 2575 ταῖς
1467 2544 1546 2579 χερσί
1563 2552 1622 2577 σου,
1639 2544 1764 2578 ποιήσεις
1782 2543 1852 2570 αὐτὰ

1058 2589 1178 2616 ἐναντίον
1192 2588 1301 2625 Φαραώ.
1321 2599 1330 2615 ι
1354 2590 1409 2617 Καὶ
1431 2590 1490 2625 μεθ’
1508 2591 1598 2625 ἕτερα·
1627 2599 1637 2615 ι
1654 2590 1708 2616 Καὶ
1721 2589 1849 2624 ἐγένετο,

1060 2635 1152 2670 φησιν,
1178 2635 1209 2662 ὲν
1226 2636 1259 2670 τῇ
1277 2634 1346 2670 ὁδῷ,
1370 2635 1400 2662 ὲν
1422 2635 1461 2670 τῷ
1482 2635 1653 2670 καταλύματι
1684 2635 1850 2671 συνήντησεν

1059 2681 1134 2716 αὺτῷ
1146 2681 1259 2715 ἅγγελος
1274 2681 1377 2717 Κυρίου
1387 2700 1394 2712 ,
1412 2682 1460 2708 καὶ
1475 2682 1566 2717 ἐζήτει
1580 2681 1661 2708 αὑτὸν
1676 2681 1848 2708 ἀποκτεῖναι·

1059 2727 1107 2753 καὶ
1120 2726 1238 2753 λαϐοῦσα
1253 2727 1390 2762 Σεπφώρα
1405 2727 1505 2762 ψῆφον,
1530 2727 1678 2762 περιέτεμεν
1698 2727 1748 2763 τὴν
1764 2728 1848 2763 ἀκρο-

1059 2772 1172 2799 ϐυστίαν
1187 2771 1234 2799 τοῦ
1257 2771 1314 2799 υἱοῦ
1327 2772 1437 2807 Αὐτῆς,
1453 2772 1501 2799 καὶ
1523 2772 1676 2808 προσέπεσε
1696 2773 1766 2808 πρένς
1787 2773 1848 2803 τοὺς

1309 2831 1423 2867 "Allobr.
1441 2831 1550 2863 vim”,
1573 2831 1614 2859 l5.
1655 2832 1677 2848 ‘7
1693 2831 1845 2867 Philipp-li

1124 2867 1145 2882 “
1170 2865 1255 2892 Etml.
1274 2873 1308 2895 Iv,
1324 2865 1368 2892 ει.
