1924 3043
76 163 124 194 ἳῦῚ

449 165 496 194 DE
513 166 737 200 A‘DORATIONE
754 167 789 195 1N
807 166 874 195 SPll

928 167 942 196 Li
963 168 1007 195 ET
1025 169 1208 197 VERITATE.
1229 170 1292 198 LIB.
1312 171 1345 198 ll.

1650 171 1702 200 258

77 221 156 253 πόδας
174 220 278 255 αὑτοῦ,
307 223 356 250 καὶ
375 220 464 252 εἷπεν·
492 225 577 261 Ἔστη
598 225 628 252 τὸ
651 222 721 261 αἷμα
746 225 797 260 τῆς
819 234 867 252 πι-

930 226 959 253 lli
974 227 1087 262 angelus
1113 228 1232 261 Domini,
1251 234 1280 256 et
1305 228 1444 264 quaerebat
1472 227 1599 256 occidero
1616 236 1701 262 eum;

79 267 190 303 ριτομῆς
213 267 262 294 τοῦ
285 269 393 296 παιδίου
415 278 479 305 μου.
499 279 509 296 ι
525 268 599 307 *Αρά
616 279 656 298 σοι
673 271 779 307 μακροῦ
799 271 867 307 πρὸς

78 316 224 350 σαφήνειαν
239 315 331 350 δεήσει
342 315 421 350 λόγου
431 324 439 349 ;
451 317 534 352 ἠγουν
549 318 662 354 ἐναργὲς
677 318 707 344 τὸ
720 318 866 354 dedimus;

920 280 983 300 cum
1000 277 1091 301 autem
1110 272 1261 309 accepisset
1268 275 1409 310 Seppbora
1425 275 1572 307 calculum,
1583 275 1702 302 circum-

921 318 988 345 cidit
1003 319 1167 354 praputium
1179 319 1230 347 ﬁlii
1246 321 1300 352 sui,
1315 325 1344 348 et
1354 320 1474 356 procidit
1487 320 1522 348 ad
1537 321 1621 355 pedes
1630 321 1703 356 ejus,

79 366 106 388 et
121 361 210 388 dixit:
225 360 309 389 Stetit
324 363 436 398 sanguis
445 363 669 395 ,circumcisionis
676 363 726 391 ﬁlii
735 364 789 392 mei
807 373 813 391 :
829 368 857 391 et
875 363 1044 392 diseessitab
1062 373 1106 397 eo,
1122 365 1186 400 quia
1198 366 1285 393 dixit:
1301 366 1381 394 Stetit
1390 367 1501 403 sanguis
1511 367 1702 395 circumcisio-

77 407 118 434 nis
140 406 190 433 lilii
202 407 257 435 mei
275 407 309 433 ⁸⁸.
324 417 334 433 ι
349 408 448 436 Utrum
469 409 554 444 igitur
580 409 630 437 tibi
649 410 766 446 longiori
791 417 863 445 opus
893 414 939 438 est
970 410 1094 438 oratione
1121 411 1156 438 ad
1175 411 1387 446 explicandum?
1409 419 1443 439 an
1470 413 1632 447 perspicuus
1659 416 1702 440 est

77 457 154 482 lorus
171 454 206 481 ad
224 455 464 490 contemplandum
479 457 660 492 propositus?

111 498 218 525 HAAA.
230 499 267 525 Οὐ
280 499 329 534 μὲν
340 497 386 527 οὖν
395 508 402 515 ”
416 499 527 536 συνίημι
539 501 594 536 γὰρ
606 500 752 536 οὐδαμᾶ»ςό
763 501 789 527 τί
803 500 868 527 nats

78 545 137 569 ἐπι
154 544 185 570 τὸ
207 543 245 575 ὡς
271 544 300 570 ὲν
319 545 383 579 σκιᾷ
404 544 443 580 τῷ
470 545 654 580 συμϐεϐηκότι
691 545 868 574 καταδεικνύ-

74 598 169 625 μενον.

111 636 196 663 ΚΥΡ.
211 635 249 663 Οὐ
263 635 316 671 γὰρ
327 657 335 670 ,
351 632 374 663 ὧ
397 635 522 672 φιλότης,
541 637 641 673 ἀληθὲς
654 635 724 664 εἶναι
741 638 793 673 φῂς
803 657 811 670 ,
827 637 867 664 ὅτι

76 682 194 708 θανάτου
215 681 330 717 κάτοχος
346 682 363 718 ἡ
377 682 522 718 ἀνθρώπου
537 682 618 718 φύσις
634 683 667 710 ὲκ
686 684 735 719 τῆς
751 683 868 719 ἀρχαίας

75 727 185 762 ἐκείνης
199 727 311 762 γέγονεν
327 727 414 762 ἀρᾶς;
440 726 546 763 εἴρηται
561 728 615 764 γὰρ
632 728 699 764 πρὸς
721 729 813 764 ἡμᾶς,
829 729 868 760 ὡς

77 773 105 799 ὲν
125 774 238 809 ὰπαρχῇ
267 772 314 799 τοῦ
337 772 432 807 γένους
461 774 509 801 καὶ
538 773 601 814 ῥίζῃ
620 776 653 810 τῇ
678 775 809 803 ἀνωτάτω
830 774 869 810 τῷ

82 818 180 854 ’Δδὰμ-
198 827 208 844 ι
227 818 265 854 Γῆ
278 815 315 852 εἴ,
331 818 377 846 καὶ
386 819 426 850 είς
440 819 491 855 γῆν
507 819 654 856 ἁπελεύσῃ.
677 830 687 847 ι

112 908 220 936 ΠΛΔΛ,
237 908 312 935 Πάνυ
329 907 377 943 μὲν
391 905 448 936 οὖν.

118 954 202 981 ΚΥΡ.
225 953 331 980 Οὐκοῦν
354 953 504 989 ἐπειδήπερ
518 954 567 990 τὴν
587 954 634 982 τοῦ
656 955 750 990 γένους
772 956 869 992 ἀρχὴν,

79 1000 123 1026 τδν
140 1000 173 1026 ὲκ
188 999 240 1034 τῆς
253 999 391 1035 ἁμαρτίας
406 1000 580 1036 συμϐέϐηκεν
591 1001 767 1037 ἀρῥωστῆσαι
788 1001 870 1029 Θάνα-

78 1053 134 1077 τον,
150 1045 311 1079 ἀναγκαίως
327 1045 374 1072 καὶ
383 1045 424 1077 είς
437 1046 510 1081 ἡμᾶς
528 1045 626 1078 αὐτοὺς
635 1046 667 1073 τὸ
678 1047 771 1084 χρῆμα
783 1047 869 1083 διέϐη,

81 1091 126 1117 καὶ
141 1089 213 1125 ὁμοῦ
230 1091 263 1126 τῇ
276 1090 340 1127 ῥίζῃ
356 1090 444 1117 καὶτὰ
462 1091 490 1124 ἐξ
500 1092 585 1127 αὐτῆς
596 1092 744 1120 ἁναθέοντα
758 1102 871 1120 κατενε-

53 1141 57 1148 ·
81 1136 152 1172 μήθῃ
163 1135 248 1171 φυτά.
263 1135 385 1172 Φοαρτοῢ
395 1136 448 1172 γὰρ
461 1136 586 1173 σώματος
598 1137 714 1173 φθαρτὸς
725 1139 740 1165 ὁ
752 1138 870 1173 καρπός.

80 1180 157 1208 οὕτω
176 1180 355 1216 βεϐασίλευκε
371 1181 441 1208 κατὰ
458 1182 565 1209 πάντων
580 1184 594 1209 ὁ
613 1182 727 1215 Θάνατος
737 1204 744 1216 ,
759 1183 808 1210 καὶ
823 1183 871 1219 μὲ-

79 1235 140 1263 χρις
153 1226 240 1254 αὐτοῦ
256 1226 388 1260 Μωσέως,
399 1227 471 1254 τοῦτ’
485 1227 554 1262 ἐστι,
567 1227 620 1255 τῶν
636 1228 707 1257 κατὰ
719 1229 800 1265 νόμον
813 1238 874 1257 και-

81 1271 144 1307 ρῶν.
159 1272 181 1298 Τ
184 1271 253 1304 ὑπος
265 1266 316 1300 οὖν
325 1273 379 1309 ἄρα
397 1273 487 1309 σαφής
500 1282 531 1300 τε
545 1274 591 1300 καί
603 1275 720 1310 ἐναργὴς
732 1275 778 1301 τοῦ
793 1275 873 1311 μέχρι

79 1317 204 1350 Μωσέως
219 1317 326 1353 ίσχύσαι
342 1318 388 1345 τὸν
407 1318 531 1353 θάνατον,
549 1319 595 1346 καὶ
613 1320 774 1348 ὑποκεῖσθαι
785 1320 874 1357 φθορᾷ.

80 1364 113 1390 τὰ
127 1363 288 1400 ἀνθρώπινα
301 1384 308 1396 ,
328 1364 359 1390 τὺ
379 1364 522 1399 ἀγγελικδν
542 1366 695 1402 ἐγχείρημα
716 1367 787 1394 κατὰ
809 1368 875 1394 Μω-

83 1411 150 1442 σέως
162 1410 234 1437 τότε.
249 1410 321 1446 Πλὴν
330 1410 512 1438 esseomth
521 1411 705 1448 όλοῡρεύοντα,
717 1413 764 1441 καὶ
774 1414 875 1448 ἁφίστα

81 1456 216 1488 Μωσέως,
233 1456 250 1491 ἡ
265 1455 386 1488 σύνοικός
400 1465 430 1483 τε
441 1457 488 1483 καὶ
504 1458 710 1494 συνηρμοσμένη
727 1459 874 1495 Σεπφώρα,

81 1504 165 1540 ψήφῳ
181 1504 214 1530 τὸ
229 1505 328 1531 οἰκεῖον
347 1502 530 1540 περιτεμοῖωσ.
549 1492 669 1536 παιδίον,
690 1492 875 1540 ὲλιλιπαροῦσά
888 1492 909 1520 c

82 1558 113 1576 τε
133 1550 183 1576 καὶ
199 1550 328 1584 λέγουσα·
347 1559 357 1575 ι
377 1550 460 1584 Ἐστη
476 1549 505 1576 τὸ
523 1548 592 1585 αἷμα
602 1550 652 1585 τῆς
665 1550 816 1586 περιτομῆς
829 1550 874 1577 τοῦ

83 1594 189 1621 παιδίου
213 1603 273 1630 μου.
293 1603 303 1620 ι
320 1594 406 1630 Ἔστη
422 1594 450 1620 δὲ
465 1594 496 1621 τὸ
510 1592 589 1630 αἷμα,
605 1595 698 1630 φησὶν,
716 1595 764 1630 οὑχ
774 1596 811 1627 ὡς
826 1597 876 1631 τῆς

83 1640 129 1667 τοῦ
141 1641 259 1675 αἵματος
269 1639 371 1676 ῥύσεως
383 1640 613 1676 ἀποπαυσαμένης
622 1649 628 1655 ·
641 1641 701 1667 οὐδὲ
712 1642 776 1677 γὰρ,
788 1640 874 1677 οἶμαι,

83 1685 164 1712 τοῦτο
180 1684 293 1720 μεθίστη
308 1684 372 1710 ποτὲ
400 1683 446 1711 τοῦ
467 1686 548 1720 φονᾷν
565 1685 666 1712 ἐθέλειν
684 1686 729 1713 τὸν
752 1687 876 1723 ὀλοθρευ-

85 1732 144 1768 τὴν,
161 1732 219 1759 ἀλλ’
232 1732 365 1758 οἱονείπου
383 1732 458 1767 ἔλεγε
471 1740 477 1748 ·
494 1727 652 1768 Πέπρακται
668 1733 714 1759 καὶ
731 1733 877 1768 πεπλήρω-

85 1786 130 1805 ται
147 1777 178 1804 ἰδ
193 1778 288 1805 δοκοῦν
301 1777 339 1813 τῷ
354 1777 423 1813 Θεῷ,
447 1778 519 1805 τοῦτ’
537 1779 621 1812 ἐστιν,
643 1780 659 1814 ή
678 1780 810 1814 περιτομὴ
829 1778 875 1805 τοῦ

86 1823 204 1850 παιδίου’
225 1823 319 1858 ὥσπερ
340 1824 372 1851 ἂν
391 1825 471 1855 εἴτις
495 1825 568 1860 λέγοι
595 1825 685 1861 τυχόν·
694 1825 725 1852 '0
739 1825 813 1852 τοῦδε
829 1824 876 1852 τοῦ

87 1869 250 1903 πράγματος
278 1868 342 1903 ἔστη
359 1867 452 1902 τύπος,
468 1869 562 1904 ἤγουν,
578 1870 661 1905 Ἔπη
678 1869 758 1905 τυχὸν
774 1871 789 1896 ὁ
809 1869 877 1905 πρὸς

87 1913 144 1940 τάδε
161 1913 250 1948 λόγος.
268 1914 341 1940 Ἀντὶ
365 1913 429 1947 τοῦ,
448 1914 521 1950 Πρὸς
540 1915 625 1950 πέρας
639 1915 701 1950 ἥκει
722 1915 770 1942 καὶ
794 1914 878 1942 δέδει“

88 1967 162 1986 κται.

124 2097 230 2124 ΠΑΛἈ.
248 2097 313 2123 Εἶτα
330 2096 371 2128 τίς
388 2097 455 2132 πρὸς
475 2097 552 2132 ἡμῶν
575 2098 592 2133 ἢ
614 2097 750 2133 Σεπφώρα
775 2100 876 2133 voci-ro;

956 499 1054 526 PALL.
1072 499 1180 527 Minime
1210 499 1339 535 quidem:
1360 508 1450 536 neque
1477 501 1552 528 enim
1568 501 1700 537 intelligo.

920 544 1053 579 quidnam
1078 545 1147 572 illud
1175 545 1222 578 sit,
1239 546 1312 580 quod
1339 547 1416 574 velut
1436 554 1490 582 .per
1504 546 1630 574 umbram
1648 548 1704 575 hoc

919 589 994 618 iacto
1007 590 1190 625 signiﬁcetur.

955 634 1033 662 CYB.
1052 635 1158 667 Nonne,
1174 636 1289 668 Palladi,
1301 643 1397 663 verum
1411 643 1472 664 esse
1491 637 1540 670 ais,
1556 638 1638 666 morti
1652 638 1703 666 ob—

915 676 1029 708 noxiam
1041 681 1141 708 factam
1167 689 1227 709 esse
1245 681 1386 708 hominum
1412 687 1538 712 naturam
1567 691 1601 711 ex
1618 685 1704 711 male-

920 725 994 753 dicto
1011 726 1170 755 illo.veteri?
1186 727 1291 754 dictum
1307 735 1425 762 namque
1442 727 1576 755 adversus
1589 736 1639 756 nos
1651 733 1704 762 est,

921 772 995 807 quod
1008 777 1050 800 est
1065 773 1116 807 ipsi
1133 773 1231 805 Adam,
1247 773 1333 800 veluti
1347 773 1479 808 primitiis
1489 774 1576 801 nostri
1587 775 1705 810 generis,

886 817 908 844 ll
922 821 951 844 et
966 824 1100 852 suprema:
1118 817 1206 844 radici
1223 817 1343 850 dictum;
1359 827 1373 843 ι(
1387 817 1472 845 Terra
1486 825 1527 851 es,
1544 823 1573 846 et
1603 818 1632 846 in
1647 823 1705 846 ter-

920 870 979 891 ram
993 862 1046 890 ibis
1060 862 1115 888 ".1

953 908 1054 936 PALL.
1070 908 1185 936 Maxime
1196 916 1273 936 vero.

955 954 1034 983 CYR.
1058 954 1126 982 Cum
1155 955 1239 990 igitur
1263 954 1411 988 evenisset,
1432 960 1462 982 ut
1486 955 1575 991 ipsum
1599 963 1707 991 genens

919 1001 1007 1028 nostri
1029 1000 1138 1028 initium
1154 1001 1247 1032 morti,
1271 1007 1382 1035 quae/ex
1407 1005 1519 1036 peccato
1544 1002 1706 1034 exstiterat,

919 1045 1075 1081 subjectum
1095 1050 1181 1078 esset,
1204 1044 1362 1073 necessario
1390 1045 1417 1073 in
1434 1054 1485 1073 nos
1506 1047 1580 1082 ipsos
1598 1054 1708 1082 quoque

918 1092 975 1118 hoc
999 1091 1100 1118 malum
1115 1091 1306 1126 opertnnsivit,
1329 1095 1357 1120 et
1372 1099 1428 1119 una
1454 1099 1517 1119 cum
1537 1092 1629 1119 radice
1644 1100 1708 1128 ger-

920 1139 997 1166 mina
1015 1147 1125 1174 quoque
1149 1147 1183 1166 ex
1206 1139 1253 1166 illa
1282 1139 1447 1174 prodeuntia
1472 1140 1617 1174 depastum
1643 1145 1705 1174 est;

920 1191 986 1211 nam
1001 1183 1189 1219 corruptibilis
1204 1185 1330 1219 corporis
1356 1184 1464 1211 fructus
1477 1185 1560 1212 etiam
1571 1186 1709 1220 corrupti-

923 1229 988 1257 bilis
1003 1230 1050 1262 sit,
1068 1237 1183 1257 necesse
1212 1234 1271 1263 est;
1295 1230 1333 1257 ita
1364 1239 1373 1255 ι
1386 1230 1512 1265 regnavit
1529 1238 1602 1258 mors
1626 1234 1709 1266 super

921 1283 1029 1308 omnes,
1052 1275 1086 1303 ad
1106 1276 1196 1311 ipsum
1219 1283 1308 1311 usque
1336 1276 1458 1311 Moysen,
1471 1286 1479 1302 I
1501 1277 1530 1304 id
1552 1281 1605 1309 est,
1620 1285 1709 1312 usque

923 1321 958 1349 ad
971 1322 1031 1356 ipsa
1045 1321 1113 1356 legis
1131 1325 1254 1356 tempora
1267 1321 1301 1348 ".
1326 1321 1440 1349 Mortem
1455 1322 1537 1357 igitur
1562 1329 1652 1357 usque
1674 1321 1709 1350 ad

924 1368 1036 1403 Moysen
1050 1368 1124 1395 vires
1138 1367 1279 1400 habuisse,
1299 1374 1334 1394 ac
1359 1375 1404 1394 res
1418 1367 1554 1404 humanas
1567 1367 1652 1394 fuisse
1664 1367 1708 1395 in-

926 1413 1020 1441 teritui
1035 1413 1182 1448 subjectus,
1199 1413 1245 1440 ille
1269 1412 1359 1448 angeli
1373 1417 1439 1439 tunc
1453 1413 1585 1440 adversus
1600 1413 1710 1448 Moysen

925 1463 1042 1486 conatus
1062 1459 1148 1494 ﬁgura
1170 1458 1284 1486 evidens
1313 1466 1345 1486 ac
1366 1459 1514 1494 perspicua
1534 1459 1597 1486 fuit.
1620 1459 1710 1487 Caete-

926 1512 987 1531 rum
999 1504 1167 1539 compescuit
1193 1504 1434 1531 exterminatorcm
1446 1524 1454 1536 ,
1471 1508 1499 1531 et
1523 1512 1538 1531 a
1553 1504 1644 1536 Moyse
1661 1503 1710 1531 de-

924 1551 996 1586 pulit
1019 1558 1089 1578 uxor
1107 1550 1257 1585 Sepphora,
1283 1557 1346 1577 cum
1362 1558 1442 1577 suum
1463 1550 1529 1585 ipsa.
1543 1550 1631 1577 ﬁlium
1654 1551 1711 1578 cal-

925 1596 988 1623 culo
1025 1595 1253 1627 circumcidisset,
1289 1600 1371 1629 atque
1397 1595 1555 1630 supplicans
1587 1595 1709 1623 diceret:

929 1650 938 1666 ι
956 1641 1038 1669 Stetit
1056 1641 1168 1676 sanguis
1196 1640 1415 1668 circumcisionis
1437 1640 1484 1667 [illi
1503 1641 1557 1667 mei
1575 1641 1609 1667 ".
1622 1649 1631 1666 ι
1648 1641 1710 1668 Ste-

927 1687 960 1714 tit
973 1691 1065 1714 autem
1076 1686 1198 1721 sanguis,
1211 1694 1265 1714 non
1281 1694 1316 1714 eo
1335 1694 1418 1714 sensu
1430 1685 1508 1719 dixit,
1526 1686 1603 1721 quasi
1626 1685 1712 1720 ﬂuere

926 1732 1036 1768 sanguis
1057 1732 1199 1765 desiisset;
1219 1740 1308 1766 neque
1324 1732 1399 1759 enim
1426 1732 1464 1764 id,
1485 1732 1593 1767 opinor,
1619 1736 1711 1759 exter-

926 1778 1089 1805 minatorem
1105 1785 1120 1804 a
1137 1778 1279 1805 voluntate
1294 1777 1377 1804 caedis
1391 1776 1524 1804 faciendae
1535 1777 1710 1804 retraxisset:

927 1821 976 1849 sed
990 1829 1060 1856 pene
1075 1822 1127 1849 hoc
1139 1821 1228 1848 dixit:
1246 1821 1402 1849 Perfectum
1421 1824 1464 1848 est
1483 1825 1565 1856 atque
1590 1822 1712 1857 complc-
1732 1817 1735 1819 “

929 1864 996 1900 tuin,
1009 1867 1083 1902 quod
1098 1867 1154 1895 Deo
1170 1867 1260 1894 visum
1275 1871 1333 1900 est;
1351 1867 1378 1894 id
1403 1871 1493 1894 autem
1514 1871 1573 1894 erat
1592 1866 1642 1894 ﬁlii
1657 1867 1712 1894 mei
1743 1861 1745 1863 ’

924 1913 1119 1953 circumcisio;
1133 1917 1165 1940 ut
1176 1913 1199 1940 si
1212 1913 1284 1948 quis,
1294 1913 1372 1940 verbi
1384 1913 1480 1948 gratia,
1493 1913 1597 1940 diceret
1610 1922 1616 1939 :
1627 1912 1714 1948 Hujus

928 1959 968 1987 rei
983 1958 1069 1994 ﬁgura
1083 1959 1176 1992 stetit;
1202 1963 1251 1986 aut
1266 1962 1340 1986 certe
1353 1967 1360 1985 ι
1374 1957 1460 1993 Hujus
1478 1957 1535 1990 rei,
1558 1958 1634 1985 verbi
1650 1965 1714 1993 gra-

929 2005 977 2038 tia,
992 2005 1062 2032 ratio
1074 2005 1170 2037 stetit;
1184 2005 1256 2039 quod
1271 2004 1343 2032 idem
1355 2005 1437 2037 valet,
1449 2012 1481 2032 ac
1503 2004 1526 2031 si
1544 2004 1683 2032 diceretur
1697 2013 1704 2031 :

928 2051 971 2078 Ad
986 2051 1068 2078 finem
1080 2051 1216 2085 pervenit,
1232 2058 1266 2077 ac
1279 2050 1469 2078 demonstrata
1484 2056 1529 2077 res
1545 2053 1597 2077 est.

961 2096 1062 2124 PALL.
1081 2096 1217 2124 (laterum
1245 2096 1311 2131 quid
1337 2095 1491 2131 intelligere
1508 2103 1657 2131 possumus
1676 2096 1715 2124 si-

91 2142 118 2168 fl
133 2142 191 2177 δὲή
207 2142 306 2177 ψῆφος,
323 2141 369 2168 καὶ
387 2142 404 2177 ή
424 2141 457 2167 δι’
472 2142 556 2177 αὐτῆς
577 2143 710 2178 γενομένη
723 2146 874 2181 περιτομή;

930 2142 1060 2177 gniﬁcare
1075 2142 1244 2177 Seppboram
1255 2142 1267 2168 ll
1277 2141 1345 2176 quid
1370 2141 1435 2169 item
1450 2141 1597 2174 calculum,
1607 2149 1639 2169 ac
1659 2141 1716 2169 cir—

88 2188 276 2225 deductbrmruv.
297 2188 325 2214 δὲ
344 2188 416 2219 ὅπως
439 2188 453 2214 ὁ
472 2187 542 2219 θεῖος
567 2188 699 2222 ἄγγελος,
721 2190 768 2216 καὶ
790 2191 874 2228 διέδρα

930 2188 1125 2215 cumcisionem
1149 2188 1256 2216 calculo
1270 2187 1389 2215 factum?
1402 2187 1632 2222 quemadmodum
1652 2195 1717 2223 por-

89 2235 193 2270 Μωσῆς
207 2234 252 2261 τὸν
270 2233 459 2270 ἐπηρτημένον
475 2233 547 2269 αὐτῷ
569 2234 616 2260 καὶ
639 2233 811 2271 ὀφειλόμενον
833 2238 881 2265 Θά-

89 2289 180 2314 νατον,
196 2274 304 2307 παιδίου
319 2279 555 2316 περιτετμημένοι)
573 2288 581 2313 ;

219 2319 245 2335 ἦ

124 2379 208 2406 ΚΥΡ.
233 2379 353 2414 ’Λσαφὴς
379 2379 393 2406 ὁ
419 2378 498 2413 λόγος
510 2399 517 2411 ,
535 2379 581 2405 καὶ
596 2379 755 2414 δυσέφικτος
771 2381 878 2416 ἀληθῶς

88 2425 143 2454 τῶν
157 2424 332 2460 ζητουμένων
346 2425 360 2451 ὁ
375 2423 446 2456 νοῦς
463 2423 523 2459 Θεῷ
537 2424 566 2451 δὲ
583 2424 694 2456 πίσυνος
703 2445 710 2456 ,
724 2426 761 2457 ὡς
779 2426 812 2453 ἂν
822 2417 880 2458 οἷός

88 2480 119 2498 τε
145 2468 180 2502 ὦ,
197 2470 278 2497 πάλιν
297 2468 360 2504 ἐρῶ.
381 2469 413 2496 Ἦ
437 2469 583 2504 Σεπφώρα,
602 2469 724 2505 θυγάτηρ
744 2469 810 2497 οὖσα
831 2471 878 2498 τοῦ

89 2517 185 2552 ἱερέως
205 2515 253 2543 τοῦ
281 2514 396 2550 Μαδιάμ
412 2514 491 2550 (ἀνὴρ
512 2514 541 2541 δὲ
559 2512 635 2546 οὗτος
651 2515 814 2550 ἀλλογενὴς⁹
831 2516 880 2543 καὶ

88 2564 139 2591 οὐκ
158 2563 188 2596 ἐξ
205 2563 320 2598 αἵματος
342 2561 469 2597 Ἰσραὴλ),
487 2563 571 2588 τύπον
586 2562 652 2597 ἡμῖν
675 2563 723 2589 καὶ
736 2562 880 2598 πρόσωπον

87 2610 138 2644 τῆς
164 2609 194 2642 ἐξ
217 2608 303 2636 ἐθνῶν
334 2607 496 2642 Ἐκκλησιας
517 2608 682 2644 ἀποπληροῖ,
709 2608 879 2644 πεπιλημένης

89 2651 156 2691 προς
177 2654 244 2681 Θεὸν
258 2654 298 2685 ὡς
319 2654 352 2679 ὲκ
370 2652 497 2688 λατρείας
515 2655 660 2689 κοσμικῆς.
686 2654 801 2689 Είρηται
824 2654 878 2690 γάρ

89 2711 140 2729 που
153 2701 223 2737 πρὸς
248 2700 336 2736 αὐτὴν
349 2699 394 2727 διὰ
409 2700 501 2735 φωνῆς
514 2700 560 2727 τοῦ
586 2700 681 2727 Δαϐίδ·
699 2709 709 2726 ι
735 2702 878 2733 Ἄκουσον.

89 2748 216 2784 θύγατερ,
231 2747 280 2774 καὶ
294 2746 333 2772 ἴδε
345 2765 354 2779 ,
372 2745 420 2773 καὶ
435 2745 524 2773 κλῖνον
539 2745 569 2773 τὸ
581 2744 628 2778 οὖς
645 2755 703 2778 σου,
721 2746 769 2773 καὶ
783 2746 878 2773 ἐπιλά-

90 2794 134 2821 οου
147 2793 194 2821 τοῦ
218 2791 287 2820 λαοῦ
303 2799 366 2824 σου,
388 2791 435 2818 καὶ
453 2791 500 2818 τοῦ
525 2792 600 2819 οἴκου
617 2791 665 2819 τοῦ
691 2792 794 2828 πατρός
815 2800 877 2824 σου,

125 2889 146 2904 ¹¹
159 2887 247 2915 Exod.
262 2894 300 2918 iv,
310 2884 345 2913 (ΞΑ
357 2893 434 2920 seqq.
474 2884 497 2901 ⁸³
508 2885 576 2912 Gen.
594 2892 632 2915 ιιι.
646 2883 688 2910 l9.

746 2882 769 2899 "
783 2883 862 2910 Rom.
887 2883 911 2914 ν,
934 2882 977 2908 14.

929 2242 961 2261 ro
972 2234 1111 2262 collisz
1133 2238 1176 2262 est
1204 2234 1316 2261 divinus
1342 2233 1466 2269 angelus,
1483 2238 1514 2260 ut
1526 2233 1642 2269 Moyses,
1658 2233 1715 2261 ﬁlio

927 2279 1102 2311 circumciso,
1129 2279 1319 2306 imminentem
1343 2278 1396 2305 sibi
1414 2281 1530 2305 mortem
1545 2285 1578 2305 ac
1594 2278 1716 2305 debitam

928 2325 1058 2352 evaderet
1065 2325 1080 2352 ’Υ

964 2381 1021 2416 78
1033 2381 1112 2409 CYR.
1129 2381 1270 2408 Obscurus
1285 2384 1327 2408 cst
1341 2387 1405 2407 sane
1419 2379 1508 2412 locus,
1520 2387 1572 2407 nec
1583 2379 1662 2408 facile
1680 2379 1716 2407 ad

930 2427 1131 2462 propositarum
1147 2426 1329 2461 quaestionum
1353 2424 1560 2461 intelligentiam
1577 2425 1716 2460 perveniri

931 2475 1036 2506 potest:
1051 2475 1154 2504 tamen,
1169 2472 1226 2498 Deo
1237 2471 1333 2503 fretus,
1350 2470 1438 2499 dicam
1455 2478 1552 2498 rursus
1561 2474 1592 2497 ut
1608 2474 1714 2506 potero.

931 2517 1081 2552 Sepphora,
1095 2517 1150 2544 ﬁlia
1160 2513 1310 2544 sacerdotis
1331 2516 1437 2543 Madian
1450 2516 1484 2552 (is
1504 2520 1595 2543 autem
1616 2516 1716 2547 alieni-

930 2571 999 2598 gena
1022 2566 1092 2595 erat,
1107 2571 1197 2598 neque
1225 2562 1258 2590 ad
1287 2561 1396 2590 lsraclis
1412 2561 1571 2597 sanguinem
1587 2561 1716 2595 pertine.

931 2606 1000 2642 bat),
1014 2606 1128 2642 ﬁguram
1144 2605 1176 2634 ac
1187 2614 1332 2642 personam
1347 2606 1476 2634 Ecclesia:
1485 2613 1517 2634 ex
1532 2605 1660 2641 gentibus
1674 2610 1716 2633 te.

930 2657 987 2685 net,
999 2660 1060 2688 quae
1073 2652 1106 2680 ad
1129 2653 1215 2680 Deum
1229 2660 1262 2680 ex
1284 2651 1380 2679 mundi
1410 2651 1491 2687 hujus
1519 2650 1596 2678 cultu
1620 2655 1716 2679 vocata

930 2703 990 2732 est;
1005 2699 1108 2726 dictum
1118 2698 1219 2734 quippe
1238 2701 1280 2726 est
1291 2697 1324 2725 ad
1341 2697 1414 2725 illam
1428 2705 1477 2732 per
1491 2704 1586 2723 vocem
1609 2695 1694 2723 David
1708 2705 1714 2724 :

935 2756 943 2770 ‹
958 2745 1038 2778 Audi,
1049 2745 1112 2778 ﬁlia,
1127 2750 1154 2773 et
1164 2746 1237 2778 vide,
1253 2749 1280 2772 et
1293 2743 1393 2772 inclina
1405 2750 1499 2771 aurem
1512 2746 1598 2774 tuam,
1607 2747 1634 2769 et
1645 2741 1716 2769 obli—

931 2791 1036 2818 viscere
1059 2792 1190 2827 populum
1213 2795 1291 2829 tuum
1303 2795 1330 2818 et
1352 2790 1462 2818 domum
1478 2788 1563 2825 patris
1578 2787 1617 2816 tui
1631 2796 1637 2815 :
1653 2786 1716 2823 quia

1017 2881 1042 2904 It
1054 2879 1138 2907 Exod.
1156 2887 1181 2906 Iv
1216 2879 1250 2906 26
