  <div class='ocr_page' id='page_1' title='image "/cluster/home/n/w/nwhite01/storage/ocr_20150623/68/njp.32101077772711/145.png"; bbox 0 0 1924 3043; ppageno 0'>
   <div class='ocr_carea' id='block_1_1' title="bbox 187 142 241 172">
    <p class='ocr_par' dir='ltr' id='par_1_1' title="bbox 187 142 241 172">
     <span class='ocr_line' id='line_1_1' title="bbox 187 142 241 172; baseline 0 0"><span class='ocrx_word' id='word_1_1' title='bbox 187 142 241 172; x_wconf 68' lang='lat' dir='ltr'><strong>S59</strong></span> 
     </span>
    </p>
   </div>
   <div class='ocr_carea' id='block_1_2' title="bbox 704 135 1321 166">
    <p class='ocr_par' dir='ltr' id='par_1_2' title="bbox 704 135 1321 166">
     <span class='ocr_line' id='line_1_2' title="bbox 704 135 1321 166; baseline -0.002 -2"><span class='ocrx_word' id='word_1_2' title='bbox 704 137 738 165; x_wconf 59' lang='grc' dir='ltr'><strong>ς.</strong></span> <span class='ocrx_word' id='word_1_3' title='bbox 753 137 894 166; x_wconf 64' lang='grc' dir='ltr'>εγιιιιλλ</span> <span class='ocrx_word' id='word_1_4' title='bbox 911 137 1147 165; x_wconf 68' lang='grc' dir='ltr'><strong>ΑιΕΧΛΝῐΠΠΝΙ</strong></span> <span class='ocrx_word' id='word_1_5' title='bbox 1164 135 1321 164; x_wconf 72' lang='lat' dir='ltr'><strong>ARClllEl‘.</strong></span> 
     </span>
    </p>
   </div>
   <div class='ocr_carea' id='block_1_3' title="bbox 1768 129 1824 157">
    <p class='ocr_par' dir='ltr' id='par_1_3' title="bbox 1768 129 1824 157">
     <span class='ocr_line' id='line_1_3' title="bbox 1768 129 1824 157; baseline 0 0"><span class='ocrx_word' id='word_1_6' title='bbox 1768 129 1824 157; x_wconf 72' lang='lat'><strong>260</strong></span> 
     </span>
    </p>
   </div>
   <div class='ocr_carea' id='block_1_4' title="bbox 188 178 984 240">
    <p class='ocr_par' dir='ltr' id='par_1_4' title="bbox 188 199 976 240">
     <span class='ocr_line' id='line_1_4' title="bbox 188 199 976 240; baseline -0.009 -7"><span class='ocrx_word' id='word_1_7' title='bbox 188 204 348 240; x_wconf 72' lang='lat' dir='ltr'><strong>concupivit</strong></span> <span class='ocrx_word' id='word_1_8' title='bbox 364 203 424 231; x_wconf 72' lang='lat' dir='ltr'><strong>Rex</strong></span> <span class='ocrx_word' id='word_1_9' title='bbox 438 201 573 230; x_wconf 73' lang='lat' dir='ltr'><strong>decorent</strong></span> <span class='ocrx_word' id='word_1_10' title='bbox 594 204 673 227; x_wconf 90' lang='lat' dir='ltr'><strong>tuum</strong></span> <span class='ocrx_word' id='word_1_11' title='bbox 690 209 696 226; x_wconf 90' lang='lat'><strong>:</strong></span> <span class='ocrx_word' id='word_1_12' title='bbox 714 200 844 235; x_wconf 82' lang='lat' dir='ltr'><strong>quoniam</strong></span> <span class='ocrx_word' id='word_1_13' title='bbox 863 199 920 235; x_wconf 87' lang='lat' dir='ltr'><strong>ipse</strong></span> <span class='ocrx_word' id='word_1_14' title='bbox 933 204 976 226; x_wconf 84' lang='lat' dir='ltr'><strong>est</strong></span> 
     </span>
    </p>
   </div>
   <div class='ocr_carea' id='block_1_5' title="bbox 1036 178 1825 240">
    <p class='ocr_par' dir='ltr' id='par_1_5' title="bbox 1036 178 1825 234">
     <span class='ocr_line' id='line_1_5' title="bbox 1036 178 1825 234; baseline -0.013 -8"><span class='ocrx_word' id='word_1_15' title='bbox 1036 201 1066 226; x_wconf 71' lang='grc' dir='ltr'>ἰτι</span> <span class='ocrx_word' id='word_1_16' title='bbox 1079 198 1250 234; x_wconf 73' lang='grc' dir='ltr'>ἐπεθύμησεν</span> <span class='ocrx_word' id='word_1_17' title='bbox 1260 199 1274 224; x_wconf 89' lang='grc' dir='ltr'>ὁ</span> <span class='ocrx_word' id='word_1_18' title='bbox 1285 178 1414 228; x_wconf 64' lang='grc' dir='ltr'>έασιλεῦς</span> <span class='ocrx_word' id='word_1_19' title='bbox 1426 193 1471 223; x_wconf 82' lang='grc' dir='ltr'><strong>τοῦ</strong></span> <span class='ocrx_word' id='word_1_20' title='bbox 1484 195 1597 227; x_wconf 78' lang='grc' dir='ltr'><strong>κάλλους</strong></span> <span class='ocrx_word' id='word_1_21' title='bbox 1610 201 1667 226; x_wconf 79' lang='grc' dir='ltr'>σου,</span> <span class='ocrx_word' id='word_1_22' title='bbox 1683 191 1725 219; x_wconf 86' lang='grc' dir='ltr'><strong>δτι</strong></span> <span class='ocrx_word' id='word_1_23' title='bbox 1739 191 1825 223; x_wconf 69' lang='grc' dir='ltr'>αὑτός</span> 
     </span>
    </p>
   </div>
   <div class='ocr_carea' id='block_1_6' title="bbox 189 246 978 282">
    <p class='ocr_par' dir='ltr' id='par_1_6' title="bbox 189 246 978 282">
     <span class='ocr_line' id='line_1_6' title="bbox 189 246 978 282; baseline -0.009 -3"><span class='ocrx_word' id='word_1_24' title='bbox 189 251 323 279; x_wconf 87' lang='lat' dir='ltr'><strong>Dominus</strong></span> <span class='ocrx_word' id='word_1_25' title='bbox 338 254 402 277; x_wconf 87' lang='lat' dir='ltr'><strong>tuus</strong></span> <span class='ocrx_word' id='word_1_26' title='bbox 422 248 475 274; x_wconf 78' lang='grc'><strong>⁵⁸.»</strong></span> <span class='ocrx_word' id='word_1_27' title='bbox 491 247 591 275; x_wconf 82' lang='lat' dir='ltr'><strong>Vocata</strong></span> <span class='ocrx_word' id='word_1_28' title='bbox 616 247 701 282; x_wconf 87' lang='lat' dir='ltr'><strong>igitur</strong></span> <span class='ocrx_word' id='word_1_29' title='bbox 716 254 748 274; x_wconf 88' lang='lat' dir='ltr'><strong>ea</strong></span> <span class='ocrx_word' id='word_1_30' title='bbox 766 250 819 279; x_wconf 83' lang='lat' dir='ltr'><strong>est,</strong></span> <span class='ocrx_word' id='word_1_31' title='bbox 853 246 918 273; x_wconf 86' lang='lat' dir='ltr'><strong>dum</strong></span> <span class='ocrx_word' id='word_1_32' title='bbox 930 253 978 272; x_wconf 83' lang='lat' dir='ltr'><strong>se-</strong></span> 
     </span>
    </p>
   </div>
   <div class='ocr_carea' id='block_1_7' title="bbox 189 291 980 330">
    <p class='ocr_par' dir='ltr' id='par_1_7' title="bbox 189 291 980 330">
     <span class='ocr_line' id='line_1_7' title="bbox 189 291 980 330; baseline -0.008 -7"><span class='ocrx_word' id='word_1_33' title='bbox 189 299 321 330; x_wconf 73' lang='lat' dir='ltr'><strong>queretur</strong></span> <span class='ocrx_word' id='word_1_34' title='bbox 334 294 433 328; x_wconf 85' lang='lat' dir='ltr'><strong>legcm,</strong></span> <span class='ocrx_word' id='word_1_35' title='bbox 451 300 483 320; x_wconf 89' lang='lat' dir='ltr'><strong>ac</strong></span> <span class='ocrx_word' id='word_1_36' title='bbox 497 296 627 327; x_wconf 80' lang='lat' dir='ltr'><strong>tanquam</strong></span> <span class='ocrx_word' id='word_1_37' title='bbox 646 299 709 319; x_wconf 92' lang='lat' dir='ltr'><strong>cum</strong></span> <span class='ocrx_word' id='word_1_38' title='bbox 729 291 820 327; x_wconf 82' lang='lat' dir='ltr'><strong>Moyse</strong></span> <span class='ocrx_word' id='word_1_39' title='bbox 834 291 980 326; x_wconf 65' lang='lat' dir='ltr'><strong>paedagogo</strong></span> 
     </span>
    </p>
   </div>
   <div class='ocr_carea' id='block_1_8' title="bbox 191 336 979 373">
    <p class='ocr_par' dir='ltr' id='par_1_8' title="bbox 191 336 979 373">
     <span class='ocr_line' id='line_1_8' title="bbox 191 336 979 373; baseline -0.004 -7"><span class='ocrx_word' id='word_1_40' title='bbox 191 338 365 367; x_wconf 88' lang='lat' dir='ltr'><strong>matrimonio</strong></span> <span class='ocrx_word' id='word_1_41' title='bbox 374 338 479 373; x_wconf 85' lang='lat' dir='ltr'><strong>juncta,</strong></span> <span class='ocrx_word' id='word_1_42' title='bbox 508 338 562 372; x_wconf 75' lang='lat' dir='ltr'><strong>qui</strong></span> <span class='ocrx_word' id='word_1_43' title='bbox 575 337 679 372; x_wconf 89' lang='lat' dir='ltr'><strong>optime</strong></span> <span class='ocrx_word' id='word_1_44' title='bbox 694 337 728 364; x_wconf 85' lang='lat' dir='ltr'><strong>ad</strong></span> <span class='ocrx_word' id='word_1_45' title='bbox 748 336 854 364; x_wconf 76' lang='lat' dir='ltr'><strong>Christi</strong></span> <span class='ocrx_word' id='word_1_46' title='bbox 877 340 979 371; x_wconf 89' lang='lat' dir='ltr'><strong>myste—</strong></span> 
     </span>
    </p>
   </div>
   <div class='ocr_carea' id='block_1_9' title="bbox 192 382 979 419">
    <p class='ocr_par' dir='ltr' id='par_1_9' title="bbox 192 382 979 419">
     <span class='ocr_line' id='line_1_9' title="bbox 192 382 979 419; baseline -0.003 -8"><span class='ocrx_word' id='word_1_47' title='bbox 192 383 409 419; x_wconf 84' lang='lat' dir='ltr'><strong>riumperducit</strong></span> <span class='ocrx_word' id='word_1_48' title='bbox 430 383 463 410; x_wconf 83' lang='grc'><strong>⁵⁷,</strong></span> <span class='ocrx_word' id='word_1_49' title='bbox 485 383 534 410; x_wconf 84' lang='lat' dir='ltr'><strong>Est</strong></span> <span class='ocrx_word' id='word_1_50' title='bbox 558 383 634 410; x_wconf 86' lang='lat' dir='ltr'><strong>enim</strong></span> <span class='ocrx_word' id='word_1_51' title='bbox 658 383 702 409; x_wconf 85' lang='lat' dir='ltr'><strong>lex</strong></span> <span class='ocrx_word' id='word_1_52' title='bbox 719 383 849 417; x_wconf 78' lang='lat' dir='ltr'><strong>magister</strong></span> <span class='ocrx_word' id='word_1_53' title='bbox 869 382 979 417; x_wconf 83' lang='lat' dir='ltr'><strong>quidam</strong></span> 
     </span>
    </p>
   </div>
   <div class='ocr_carea' id='block_1_10' title="bbox 190 426 979 462">
    <p class='ocr_par' dir='ltr' id='par_1_10' title="bbox 190 426 979 462">
     <span class='ocr_line' id='line_1_10' title="bbox 190 426 979 462; baseline -0.003 -7"><span class='ocrx_word' id='word_1_54' title='bbox 190 428 393 460; x_wconf 83' lang='lat' dir='ltr'><strong>elementarius,</strong></span> <span class='ocrx_word' id='word_1_55' title='bbox 411 428 458 462; x_wconf 88' lang='lat' dir='ltr'><strong>qui</strong></span> <span class='ocrx_word' id='word_1_56' title='bbox 472 427 599 462; x_wconf 90' lang='lat' dir='ltr'><strong>perducit</strong></span> <span class='ocrx_word' id='word_1_57' title='bbox 615 427 649 454; x_wconf 86' lang='lat' dir='ltr'><strong>ad</strong></span> <span class='ocrx_word' id='word_1_58' title='bbox 661 427 737 454; x_wconf 91' lang='lat' dir='ltr'><strong>initia</strong></span> <span class='ocrx_word' id='word_1_59' title='bbox 749 435 905 454; x_wconf 86' lang='lat' dir='ltr'><strong>sermonum</strong></span> <span class='ocrx_word' id='word_1_60' title='bbox 920 426 979 459; x_wconf 81' lang='lat' dir='ltr'><strong>Dei,</strong></span> 
     </span>
    </p>
   </div>
   <div class='ocr_carea' id='block_1_11' title="bbox 191 471 980 509">
    <p class='ocr_par' dir='ltr' id='par_1_11' title="bbox 191 471 980 509">
     <span class='ocr_line' id='line_1_11' title="bbox 191 471 980 509; baseline -0.003 -8"><span class='ocrx_word' id='word_1_61' title='bbox 191 482 222 500; x_wconf 86' lang='lat' dir='ltr'><strong>ac</strong></span> <span class='ocrx_word' id='word_1_62' title='bbox 232 481 283 508; x_wconf 80' lang='lat' dir='ltr'><strong>per</strong></span> <span class='ocrx_word' id='word_1_63' title='bbox 301 474 446 509; x_wconf 69' lang='lat' dir='ltr'><strong>aenigmata</strong></span> <span class='ocrx_word' id='word_1_64' title='bbox 470 478 498 501; x_wconf 81' lang='lat' dir='ltr'><strong>et</strong></span> <span class='ocrx_word' id='word_1_65' title='bbox 512 473 628 500; x_wconf 77' lang='lat' dir='ltr'><strong>umbras</strong></span> <span class='ocrx_word' id='word_1_66' title='bbox 642 473 813 508; x_wconf 67' lang='lat' dir='ltr'><strong>cognitionis</strong></span> <span class='ocrx_word' id='word_1_67' title='bbox 834 471 904 507; x_wconf 83' lang='lat' dir='ltr'><strong>ejus,</strong></span> <span class='ocrx_word' id='word_1_68' title='bbox 925 479 980 507; x_wconf 87' lang='lat' dir='ltr'><strong>qua</strong></span> 
     </span>
    </p>
   </div>
   <div class='ocr_carea' id='block_1_12' title="bbox 190 519 980 556">
    <p class='ocr_par' dir='ltr' id='par_1_12' title="bbox 190 519 980 556">
     <span class='ocr_line' id='line_1_12' title="bbox 190 519 980 556; baseline -0.003 -9"><span class='ocrx_word' id='word_1_69' title='bbox 190 520 295 547; x_wconf 86' lang='lat' dir='ltr'><strong>Christi</strong></span> <span class='ocrx_word' id='word_1_70' title='bbox 312 521 475 556; x_wconf 70' lang='lat' dir='ltr'><strong>mysterium</strong></span> <span class='ocrx_word' id='word_1_71' title='bbox 493 519 656 554; x_wconf 80' lang='lat' dir='ltr'><strong>percipitur,</strong></span> <span class='ocrx_word' id='word_1_72' title='bbox 670 519 755 546; x_wconf 86' lang='lat' dir='ltr'><strong>veluti</strong></span> <span class='ocrx_word' id='word_1_73' title='bbox 770 519 875 546; x_wconf 78' lang='lat' dir='ltr'><strong>semina</strong></span> <span class='ocrx_word' id='word_1_74' title='bbox 904 525 980 553; x_wconf 71' lang='lat' dir='ltr'><strong>qua:-</strong></span> 
     </span>
    </p>
   </div>
   <div class='ocr_carea' id='block_1_13' title="bbox 192 563 980 601">
    <p class='ocr_par' dir='ltr' id='par_1_13' title="bbox 192 563 980 601">
     <span class='ocr_line' id='line_1_13' title="bbox 192 563 980 601; baseline -0.004 -8"><span class='ocrx_word' id='word_1_75' title='bbox 192 567 255 594; x_wconf 90' lang='lat' dir='ltr'><strong>dam</strong></span> <span class='ocrx_word' id='word_1_76' title='bbox 284 566 313 592; x_wconf 94' lang='lat' dir='ltr'><strong>in</strong></span> <span class='ocrx_word' id='word_1_77' title='bbox 342 565 423 592; x_wconf 88' lang='lat' dir='ltr'><strong>nobis</strong></span> <span class='ocrx_word' id='word_1_78' title='bbox 451 565 558 592; x_wconf 85' lang='lat' dir='ltr'><strong>inserit.</strong></span> <span class='ocrx_word' id='word_1_79' title='bbox 577 565 671 599; x_wconf 78' lang='lat' dir='ltr'><strong>itaque</strong></span> <span class='ocrx_word' id='word_1_80' title='bbox 694 564 806 596; x_wconf 67' lang='lat' dir='ltr'><strong>Iudaeis,</strong></span> <span class='ocrx_word' id='word_1_81' title='bbox 824 564 872 601; x_wconf 86' lang='lat' dir='ltr'><strong>qui</strong></span> <span class='ocrx_word' id='word_1_82' title='bbox 891 563 980 598; x_wconf 89' lang='lat' dir='ltr'><strong>ipsum</strong></span> 
     </span>
    </p>
   </div>
   <div class='ocr_carea' id='block_1_14' title="bbox 192 609 982 648">
    <p class='ocr_par' dir='ltr' id='par_1_14' title="bbox 192 609 982 648">
     <span class='ocr_line' id='line_1_14' title="bbox 192 609 982 648; baseline -0.005 -8"><span class='ocrx_word' id='word_1_83' title='bbox 192 620 301 648; x_wconf 85' lang='lat' dir='ltr'><strong>quoque</strong></span> <span class='ocrx_word' id='word_1_84' title='bbox 314 612 424 648; x_wconf 77' lang='lat' dir='ltr'><strong>Moysen</strong></span> <span class='ocrx_word' id='word_1_85' title='bbox 441 611 656 638; x_wconf 81' lang='lat' dir='ltr'><strong>sacratissimum</strong></span> <span class='ocrx_word' id='word_1_86' title='bbox 683 610 852 646; x_wconf 85' lang='lat' dir='ltr'><strong>abjecerant,</strong></span> <span class='ocrx_word' id='word_1_87' title='bbox 873 609 982 637; x_wconf 87' lang='lat' dir='ltr'><strong>dicebat</strong></span> 
     </span>
    </p>
   </div>
   <div class='ocr_carea' id='block_1_15' title="bbox 192 656 981 692">
    <p class='ocr_par' dir='ltr' id='par_1_15' title="bbox 192 656 981 692">
     <span class='ocr_line' id='line_1_15' title="bbox 192 656 981 692; baseline -0.003 -7"><span class='ocrx_word' id='word_1_88' title='bbox 192 659 335 686; x_wconf 86' lang='lat' dir='ltr'><strong>Christus:</strong></span> <span class='ocrx_word' id='word_1_89' title='bbox 357 667 366 684; x_wconf 77' lang='grc' dir='ltr'><strong>ι</strong></span> <span class='ocrx_word' id='word_1_90' title='bbox 381 658 423 685; x_wconf 79' lang='lat' dir='ltr'><strong>An</strong></span> <span class='ocrx_word' id='word_1_91' title='bbox 451 657 563 692; x_wconf 83' lang='lat' dir='ltr'><strong>putatis,</strong></span> <span class='ocrx_word' id='word_1_92' title='bbox 580 656 652 692; x_wconf 89' lang='lat' dir='ltr'><strong>quod</strong></span> <span class='ocrx_word' id='word_1_93' title='bbox 670 664 720 691; x_wconf 83' lang='lat' dir='ltr'><strong>ego</strong></span> <span class='ocrx_word' id='word_1_94' title='bbox 737 660 918 684; x_wconf 82' lang='lat' dir='ltr'><strong>accusaturus</strong></span> <span class='ocrx_word' id='word_1_95' title='bbox 930 656 981 683; x_wconf 90' lang='lat' dir='ltr'><strong>sim</strong></span> 
     </span>
    </p>
   </div>
   <div class='ocr_carea' id='block_1_16' title="bbox 193 701 982 738">
    <p class='ocr_par' dir='ltr' id='par_1_16' title="bbox 193 701 982 738">
     <span class='ocr_line' id='line_1_16' title="bbox 193 701 982 738; baseline -0.004 -7"><span class='ocrx_word' id='word_1_96' title='bbox 193 712 243 731; x_wconf 90' lang='lat' dir='ltr'><strong>vos</strong></span> <span class='ocrx_word' id='word_1_97' title='bbox 261 703 335 738; x_wconf 87' lang='lat' dir='ltr'><strong>apud</strong></span> <span class='ocrx_word' id='word_1_98' title='bbox 344 702 481 731; x_wconf 82' lang='lat' dir='ltr'><strong>Patrem?</strong></span> <span class='ocrx_word' id='word_1_99' title='bbox 503 706 545 729; x_wconf 88' lang='lat' dir='ltr'><strong>est</strong></span> <span class='ocrx_word' id='word_1_100' title='bbox 561 701 609 736; x_wconf 91' lang='lat' dir='ltr'><strong>qui</strong></span> <span class='ocrx_word' id='word_1_101' title='bbox 623 705 735 728; x_wconf 82' lang='lat' dir='ltr'><strong>accuset</strong></span> <span class='ocrx_word' id='word_1_102' title='bbox 751 708 811 734; x_wconf 84' lang='lat' dir='ltr'><strong>vos,</strong></span> <span class='ocrx_word' id='word_1_103' title='bbox 825 701 940 736; x_wconf 82' lang='lat' dir='ltr'><strong>Moyses,</strong></span> <span class='ocrx_word' id='word_1_104' title='bbox 953 701 982 728; x_wconf 92' lang='lat' dir='ltr'><strong>in</strong></span> 
     </span>
    </p>
   </div>
   <div class='ocr_carea' id='block_1_17' title="bbox 194 746 981 785">
    <p class='ocr_par' dir='ltr' id='par_1_17' title="bbox 194 746 981 785">
     <span class='ocr_line' id='line_1_17' title="bbox 194 746 981 785; baseline -0.005 -8"><span class='ocrx_word' id='word_1_105' title='bbox 194 757 276 785; x_wconf 84' lang='lat' dir='ltr'><strong>quem</strong></span> <span class='ocrx_word' id='word_1_106' title='bbox 289 756 338 776; x_wconf 91' lang='lat' dir='ltr'><strong>vos</strong></span> <span class='ocrx_word' id='word_1_107' title='bbox 355 748 482 783; x_wconf 83' lang='lat' dir='ltr'><strong>speratis.</strong></span> <span class='ocrx_word' id='word_1_108' title='bbox 496 747 527 774; x_wconf 84' lang='lat' dir='ltr'><strong>Si</strong></span> <span class='ocrx_word' id='word_1_109' title='bbox 544 747 618 774; x_wconf 88' lang='lat' dir='ltr'><strong>enim</strong></span> <span class='ocrx_word' id='word_1_110' title='bbox 637 747 794 774; x_wconf 82' lang='lat' dir='ltr'><strong>crederetis</strong></span> <span class='ocrx_word' id='word_1_111' title='bbox 805 746 902 782; x_wconf 81' lang='lat' dir='ltr'><strong>Moysi,</strong></span> <span class='ocrx_word' id='word_1_112' title='bbox 917 753 981 774; x_wconf 90' lang='lat' dir='ltr'><strong>cre-</strong></span> 
     </span>
    </p>
   </div>
   <div class='ocr_carea' id='block_1_18' title="bbox 199 790 977 826">
    <p class='ocr_par' dir='ltr' id='par_1_18' title="bbox 199 790 977 826">
     <span class='ocr_line' id='line_1_18' title="bbox 199 790 977 826; baseline -0.001 -7"><span class='ocrx_word' id='word_1_113' title='bbox 199 792 303 820; x_wconf 87' lang='lat' dir='ltr'><strong>deretis</strong></span> <span class='ocrx_word' id='word_1_114' title='bbox 317 792 412 826; x_wconf 88' lang='lat' dir='ltr'><strong>utique</strong></span> <span class='ocrx_word' id='word_1_115' title='bbox 424 793 452 818; x_wconf 76' lang='lat' dir='ltr'><strong>et</strong></span> <span class='ocrx_word' id='word_1_116' title='bbox 464 790 543 822; x_wconf 86' lang='lat' dir='ltr'><strong>mihi,</strong></span> <span class='ocrx_word' id='word_1_117' title='bbox 556 791 646 818; x_wconf 83' lang='lat' dir='ltr'><strong>deme</strong></span> <span class='ocrx_word' id='word_1_118' title='bbox 657 791 731 818; x_wconf 91' lang='lat' dir='ltr'><strong>enim</strong></span> <span class='ocrx_word' id='word_1_119' title='bbox 743 791 788 818; x_wconf 89' lang='lat' dir='ltr'><strong>ille</strong></span> <span class='ocrx_word' id='word_1_120' title='bbox 802 791 913 826; x_wconf 88' lang='lat' dir='ltr'><strong>scripsit</strong></span> <span class='ocrx_word' id='word_1_121' title='bbox 921 791 955 818; x_wconf 80' lang='grc'><strong>³⁸.</strong></span> <span class='ocrx_word' id='word_1_122' title='bbox 968 801 977 816; x_wconf 81' lang='grc' dir='ltr'><strong>ι</strong></span> 
     </span>
    </p>
   </div>
   <div class='ocr_carea' id='block_1_19' title="bbox 195 836 1005 873">
    <p class='ocr_par' dir='ltr' id='par_1_19' title="bbox 195 836 1005 873">
     <span class='ocr_line' id='line_1_19' title="bbox 195 836 1005 873; baseline -0.005 -8"><span class='ocrx_word' id='word_1_123' title='bbox 195 839 266 873; x_wconf 88' lang='lat' dir='ltr'><strong>Ergo</strong></span> <span class='ocrx_word' id='word_1_124' title='bbox 279 845 341 865; x_wconf 90' lang='lat' dir='ltr'><strong>cum</strong></span> <span class='ocrx_word' id='word_1_125' title='bbox 355 837 496 872; x_wconf 88' lang='lat' dir='ltr'><strong>Sepphora</strong></span> <span class='ocrx_word' id='word_1_126' title='bbox 512 837 642 864; x_wconf 72' lang='lat' dir='ltr'><strong>Ecclesiae</strong></span> <span class='ocrx_word' id='word_1_127' title='bbox 651 836 713 864; x_wconf 90' lang='lat' dir='ltr'><strong>loco</strong></span> <span class='ocrx_word' id='word_1_128' title='bbox 732 844 766 863; x_wconf 85' lang='lat' dir='ltr'><strong>ex</strong></span> <span class='ocrx_word' id='word_1_129' title='bbox 780 836 909 872; x_wconf 76' lang='lat' dir='ltr'><strong>gentibus</strong></span> <span class='ocrx_word' id='word_1_130' title='bbox 918 836 980 864; x_wconf 78' lang='lat' dir='ltr'><strong>col-</strong></span> <span class='ocrx_word' id='word_1_131' title='bbox 999 855 1005 861; x_wconf 86' lang='lat'><strong>.</strong></span> 
     </span>
    </p>
   </div>
   <div class='ocr_carea' id='block_1_20' title="bbox 1030 237 1824 280">
    <p class='ocr_par' dir='ltr' id='par_1_20' title="bbox 1030 237 1824 280">
     <span class='ocr_line' id='line_1_20' title="bbox 1030 237 1824 280; baseline -0.011 -8"><span class='ocrx_word' id='word_1_132' title='bbox 1030 246 1104 272; x_wconf 82' lang='grc' dir='ltr'>ἐστιν</span> <span class='ocrx_word' id='word_1_133' title='bbox 1119 245 1133 272; x_wconf 84' lang='lat'><strong>6</strong></span> <span class='ocrx_word' id='word_1_134' title='bbox 1147 243 1248 280; x_wconf 81' lang='grc' dir='ltr'>Κύριός</span> <span class='ocrx_word' id='word_1_135' title='bbox 1270 251 1327 270; x_wconf 84' lang='grc' dir='ltr'>σου.</span> <span class='ocrx_word' id='word_1_136' title='bbox 1347 252 1356 268; x_wconf 77' lang='grc' dir='ltr'><strong>ι</strong></span> <span class='ocrx_word' id='word_1_137' title='bbox 1377 241 1516 277; x_wconf 84' lang='grc' dir='ltr'>Κέκληται</span> <span class='ocrx_word' id='word_1_138' title='bbox 1530 240 1618 268; x_wconf 74' lang='grc' dir='ltr'>τοίνυν</span> <span class='ocrx_word' id='word_1_139' title='bbox 1633 237 1824 267; x_wconf 74' lang='grc' dir='ltr'><strong>ἀκολουθοῦσα</strong></span> 
     </span>
    </p>
   </div>
   <div class='ocr_carea' id='block_1_21' title="bbox 1029 281 1824 326">
    <p class='ocr_par' dir='ltr' id='par_1_21' title="bbox 1029 281 1824 326">
     <span class='ocr_line' id='line_1_21' title="bbox 1029 281 1824 326; baseline -0.01 -9"><span class='ocrx_word' id='word_1_140' title='bbox 1029 291 1068 326; x_wconf 86' lang='grc' dir='ltr'>τῷ</span> <span class='ocrx_word' id='word_1_141' title='bbox 1093 291 1176 325; x_wconf 82' lang='grc' dir='ltr'>νόμῳ,</span> <span class='ocrx_word' id='word_1_142' title='bbox 1202 289 1248 316; x_wconf 69' lang='grc' dir='ltr'><strong>καὶ</strong></span> <span class='ocrx_word' id='word_1_143' title='bbox 1275 287 1416 323; x_wconf 74' lang='grc' dir='ltr'><strong>μονονουχὶ</strong></span> <span class='ocrx_word' id='word_1_144' title='bbox 1439 285 1649 322; x_wconf 78' lang='grc' dir='ltr'><strong>συνηρμοσμένη</strong></span> <span class='ocrx_word' id='word_1_145' title='bbox 1673 284 1764 319; x_wconf 79' lang='grc' dir='ltr'><strong>Μωσῇ</strong></span> <span class='ocrx_word' id='word_1_146' title='bbox 1783 281 1824 317; x_wconf 84' lang='grc' dir='ltr'>τῷ</span> 
     </span>
    </p>
   </div>
   <div class='ocr_carea' id='block_1_22' title="bbox 1030 329 1823 370">
    <p class='ocr_par' dir='ltr' id='par_1_22' title="bbox 1030 329 1823 370">
     <span class='ocr_line' id='line_1_22' title="bbox 1030 329 1823 370; baseline -0.01 -7"><span class='ocrx_word' id='word_1_147' title='bbox 1030 335 1197 370; x_wconf 70' lang='grc' dir='ltr'><strong>¹ιιιαιδαγωγῷ</strong></span> <span class='ocrx_word' id='word_1_148' title='bbox 1208 356 1215 367; x_wconf 90' lang='grc'>,</span> <span class='ocrx_word' id='word_1_149' title='bbox 1231 335 1278 361; x_wconf 75' lang='grc' dir='ltr'>καὶ</span> <span class='ocrx_word' id='word_1_150' title='bbox 1294 333 1457 369; x_wconf 77' lang='grc' dir='ltr'>ἁποφέροντι</span> <span class='ocrx_word' id='word_1_151' title='bbox 1470 332 1559 363; x_wconf 83' lang='grc' dir='ltr'>καλῶς</span> <span class='ocrx_word' id='word_1_152' title='bbox 1575 331 1641 367; x_wconf 79' lang='grc' dir='ltr'>πρὸς</span> <span class='ocrx_word' id='word_1_153' title='bbox 1657 331 1686 357; x_wconf 74' lang='grc' dir='ltr'><strong>τὸ</strong></span> <span class='ocrx_word' id='word_1_154' title='bbox 1699 329 1823 365; x_wconf 80' lang='grc' dir='ltr'>Χριστοῦ</span> 
     </span>
    </p>
   </div>
   <div class='ocr_carea' id='block_1_23' title="bbox 1032 375 1823 417">
    <p class='ocr_par' dir='ltr' id='par_1_23' title="bbox 1032 375 1823 417">
     <span class='ocr_line' id='line_1_23' title="bbox 1032 375 1823 417; baseline -0.009 -9"><span class='ocrx_word' id='word_1_155' title='bbox 1032 383 1189 417; x_wconf 76' lang='grc' dir='ltr'>μυστήριον.</span> <span class='ocrx_word' id='word_1_156' title='bbox 1210 379 1388 416; x_wconf 80' lang='grc' dir='ltr'>Στοιχειωτὴς</span> <span class='ocrx_word' id='word_1_157' title='bbox 1409 379 1462 415; x_wconf 80' lang='grc' dir='ltr'><strong>γὰρ</strong></span> <span class='ocrx_word' id='word_1_158' title='bbox 1484 380 1497 406; x_wconf 91' lang='lat'><strong>6</strong></span> <span class='ocrx_word' id='word_1_159' title='bbox 1512 379 1607 413; x_wconf 85' lang='grc' dir='ltr'>νόμος,</span> <span class='ocrx_word' id='word_1_160' title='bbox 1623 377 1670 404; x_wconf 74' lang='grc' dir='ltr'>καὶ</span> <span class='ocrx_word' id='word_1_161' title='bbox 1688 375 1823 410; x_wconf 79' lang='grc' dir='ltr'><strong>ἀναφέρει</strong></span> 
     </span>
    </p>
   </div>
   <div class='ocr_carea' id='block_1_24' title="bbox 1035 420 1823 464">
    <p class='ocr_par' dir='ltr' id='par_1_24' title="bbox 1035 420 1823 464">
     <span class='ocr_line' id='line_1_24' title="bbox 1035 420 1823 464; baseline -0.013 -8"><span class='ocrx_word' id='word_1_162' title='bbox 1035 429 1084 464; x_wconf 81' lang='grc' dir='ltr'>μὲν</span> <span class='ocrx_word' id='word_1_163' title='bbox 1101 430 1140 460; x_wconf 84' lang='grc' dir='ltr'><strong>είς</strong></span> <span class='ocrx_word' id='word_1_164' title='bbox 1154 427 1241 464; x_wconf 83' lang='grc' dir='ltr'>ἀρχὰς</span> <span class='ocrx_word' id='word_1_165' title='bbox 1255 428 1309 453; x_wconf 86' lang='grc' dir='ltr'><strong>τῶν</strong></span> <span class='ocrx_word' id='word_1_166' title='bbox 1323 426 1421 461; x_wconf 79' lang='grc' dir='ltr'>λογίων</span> <span class='ocrx_word' id='word_1_167' title='bbox 1437 425 1484 452; x_wconf 83' lang='grc' dir='ltr'><strong>τοῦ</strong></span> <span class='ocrx_word' id='word_1_168' title='bbox 1501 424 1579 456; x_wconf 81' lang='grc' dir='ltr'>Θεοῦ,</span> <span class='ocrx_word' id='word_1_169' title='bbox 1598 421 1782 458; x_wconf 77' lang='grc' dir='ltr'>σπερματίζει</span> <span class='ocrx_word' id='word_1_170' title='bbox 1795 420 1823 447; x_wconf 80' lang='grc' dir='ltr'>δὲ</span> 
     </span>
    </p>
   </div>
   <div class='ocr_carea' id='block_1_25' title="bbox 1032 467 1824 510">
    <p class='ocr_par' dir='ltr' id='par_1_25' title="bbox 1032 467 1824 510">
     <span class='ocr_line' id='line_1_25' title="bbox 1032 467 1824 510; baseline -0.011 -9"><span class='ocrx_word' id='word_1_171' title='bbox 1032 474 1126 510; x_wconf 83' lang='grc' dir='ltr'>ὥσπερ</span> <span class='ocrx_word' id='word_1_172' title='bbox 1141 475 1170 501; x_wconf 83' lang='grc' dir='ltr'>ὲν</span> <span class='ocrx_word' id='word_1_173' title='bbox 1197 475 1262 509; x_wconf 83' lang='grc' dir='ltr'>ἡμῖν</span> <span class='ocrx_word' id='word_1_174' title='bbox 1279 473 1313 499; x_wconf 77' lang='grc' dir='ltr'>δι’</span> <span class='ocrx_word' id='word_1_175' title='bbox 1337 472 1504 507; x_wconf 77' lang='grc' dir='ltr'><strong>αἰνιγμάτων</strong></span> <span class='ocrx_word' id='word_1_176' title='bbox 1522 471 1568 497; x_wconf 79' lang='grc' dir='ltr'>καὶ</span> <span class='ocrx_word' id='word_1_177' title='bbox 1585 471 1662 500; x_wconf 80' lang='grc' dir='ltr'>σκιᾶς</span> <span class='ocrx_word' id='word_1_178' title='bbox 1687 467 1735 494; x_wconf 83' lang='grc' dir='ltr'><strong>τοῦ</strong></span> <span class='ocrx_word' id='word_1_179' title='bbox 1752 467 1824 493; x_wconf 70' lang='grc' dir='ltr'>κατὰ</span> 
     </span>
    </p>
   </div>
   <div class='ocr_carea' id='block_1_26' title="bbox 1031 513 1823 556">
    <p class='ocr_par' dir='ltr' id='par_1_26' title="bbox 1031 513 1823 556">
     <span class='ocr_line' id='line_1_26' title="bbox 1031 513 1823 556; baseline -0.011 -9"><span class='ocrx_word' id='word_1_180' title='bbox 1031 520 1147 556; x_wconf 79' lang='grc' dir='ltr'>Χριστὸν</span> <span class='ocrx_word' id='word_1_181' title='bbox 1164 519 1312 554; x_wconf 81' lang='grc' dir='ltr'>μυστηρίου</span> <span class='ocrx_word' id='word_1_182' title='bbox 1329 518 1379 554; x_wconf 82' lang='grc' dir='ltr'>τὴν</span> <span class='ocrx_word' id='word_1_183' title='bbox 1392 517 1502 551; x_wconf 79' lang='grc' dir='ltr'>γνῶσιν.</span> <span class='ocrx_word' id='word_1_184' title='bbox 1526 516 1580 542; x_wconf 79' lang='grc' dir='ltr'><strong>Καὶ</strong></span> <span class='ocrx_word' id='word_1_185' title='bbox 1597 515 1662 549; x_wconf 86' lang='grc' dir='ltr'>γοῦν</span> <span class='ocrx_word' id='word_1_186' title='bbox 1681 513 1823 544; x_wconf 76' lang='grc' dir='ltr'>Ἰουδαίοις</span> 
     </span>
    </p>
   </div>
   <div class='ocr_carea' id='block_1_27' title="bbox 1031 559 1822 602">
    <p class='ocr_par' dir='ltr' id='par_1_27' title="bbox 1031 559 1822 602">
     <span class='ocr_line' id='line_1_27' title="bbox 1031 559 1822 602; baseline -0.011 -8"><span class='ocrx_word' id='word_1_187' title='bbox 1031 567 1149 602; x_wconf 70' lang='grc' dir='ltr'>ἔφασκεν</span> <span class='ocrx_word' id='word_1_188' title='bbox 1164 567 1177 593; x_wconf 84' lang='grc' dir='ltr'>ὁ</span> <span class='ocrx_word' id='word_1_189' title='bbox 1198 566 1324 602; x_wconf 84' lang='grc' dir='ltr'>Χριστὸς,</span> <span class='ocrx_word' id='word_1_190' title='bbox 1344 566 1390 592; x_wconf 77' lang='grc' dir='ltr'>καὶ</span> <span class='ocrx_word' id='word_1_191' title='bbox 1406 564 1487 591; x_wconf 77' lang='grc' dir='ltr'>αὑτὸν</span> <span class='ocrx_word' id='word_1_192' title='bbox 1504 563 1648 598; x_wconf 75' lang='grc' dir='ltr'>ὴθετηκόσι</span> <span class='ocrx_word' id='word_1_193' title='bbox 1659 561 1762 588; x_wconf 83' lang='grc' dir='ltr'>Μωσέα</span> <span class='ocrx_word' id='word_1_194' title='bbox 1777 559 1822 586; x_wconf 69' lang='grc' dir='ltr'>τὸν</span> 
     </span>
    </p>
   </div>
   <div class='ocr_carea' id='block_1_28' title="bbox 1033 605 1823 649">
    <p class='ocr_par' dir='ltr' id='par_1_28' title="bbox 1033 605 1823 649">
     <span class='ocr_line' id='line_1_28' title="bbox 1033 605 1823 649; baseline -0.013 -9"><span class='ocrx_word' id='word_1_195' title='bbox 1033 612 1188 649; x_wconf 77' lang='grc' dir='ltr'>ίερώτατοψ</span> <span class='ocrx_word' id='word_1_196' title='bbox 1194 622 1203 638; x_wconf 85' lang='grc'><strong>‹</strong></span> <span class='ocrx_word' id='word_1_197' title='bbox 1215 613 1250 639; x_wconf 83' lang='grc' dir='ltr'><strong>Ἤ</strong></span> <span class='ocrx_word' id='word_1_198' title='bbox 1259 612 1360 638; x_wconf 83' lang='grc' dir='ltr'>δοκεῖτε</span> <span class='ocrx_word' id='word_1_199' title='bbox 1369 611 1410 637; x_wconf 78' lang='grc' dir='ltr'>ὅτι</span> <span class='ocrx_word' id='word_1_200' title='bbox 1418 609 1472 644; x_wconf 77' lang='grc' dir='ltr'><strong>ἐγὼ</strong></span> <span class='ocrx_word' id='word_1_201' title='bbox 1480 608 1661 644; x_wconf 81' lang='grc' dir='ltr'><strong>κατηγορήσω</strong></span> <span class='ocrx_word' id='word_1_202' title='bbox 1667 605 1745 641; x_wconf 80' lang='grc' dir='ltr'>ὑμῶν</span> <span class='ocrx_word' id='word_1_203' title='bbox 1755 605 1823 640; x_wconf 74' lang='grc' dir='ltr'>πρὸς</span> 
     </span>
    </p>
   </div>
   <div class='ocr_carea' id='block_1_29' title="bbox 1032 652 1822 694">
    <p class='ocr_par' dir='ltr' id='par_1_29' title="bbox 1032 652 1822 694">
     <span class='ocr_line' id='line_1_29' title="bbox 1032 652 1822 694; baseline -0.011 -8"><span class='ocrx_word' id='word_1_204' title='bbox 1032 659 1076 686; x_wconf 76' lang='grc' dir='ltr'>τὸν</span> <span class='ocrx_word' id='word_1_205' title='bbox 1091 659 1221 694; x_wconf 81' lang='grc' dir='ltr'>Πατέρα;</span> <span class='ocrx_word' id='word_1_206' title='bbox 1242 658 1336 685; x_wconf 86' lang='grc' dir='ltr'>Ἔστιν</span> <span class='ocrx_word' id='word_1_207' title='bbox 1355 657 1370 683; x_wconf 97' lang='lat'><strong>6</strong></span> <span class='ocrx_word' id='word_1_208' title='bbox 1385 656 1545 692; x_wconf 83' lang='grc' dir='ltr'>κατηγορῶν</span> <span class='ocrx_word' id='word_1_209' title='bbox 1560 653 1636 689; x_wconf 81' lang='grc' dir='ltr'>ὑμῶν</span> <span class='ocrx_word' id='word_1_210' title='bbox 1650 653 1766 687; x_wconf 81' lang='grc' dir='ltr'>Μωσῆς,</span> <span class='ocrx_word' id='word_1_211' title='bbox 1783 652 1822 682; x_wconf 86' lang='grc' dir='ltr'><strong>είς</strong></span> 
     </span>
    </p>
   </div>
   <div class='ocr_carea' id='block_1_30' title="bbox 1030 697 1823 738">
    <p class='ocr_par' dir='ltr' id='par_1_30' title="bbox 1030 697 1823 738">
     <span class='ocr_line' id='line_1_30' title="bbox 1030 697 1823 738; baseline -0.011 -8"><span class='ocrx_word' id='word_1_212' title='bbox 1030 703 1060 730; x_wconf 77' lang='grc' dir='ltr'>ὃν</span> <span class='ocrx_word' id='word_1_213' title='bbox 1078 704 1157 738; x_wconf 83' lang='grc' dir='ltr'>ὑμεῖς</span> <span class='ocrx_word' id='word_1_214' title='bbox 1178 702 1322 737; x_wconf 76' lang='grc' dir='ltr'>ἠλπίκατε.</span> <span class='ocrx_word' id='word_1_215' title='bbox 1345 701 1377 728; x_wconf 78' lang='lat' dir='ltr'><strong>Et</strong></span> <span class='ocrx_word' id='word_1_216' title='bbox 1393 701 1448 736; x_wconf 78' lang='grc' dir='ltr'><strong>γὰρ</strong></span> <span class='ocrx_word' id='word_1_217' title='bbox 1462 699 1618 727; x_wconf 73' lang='grc' dir='ltr'><strong>ἐπιστεύετε</strong></span> <span class='ocrx_word' id='word_1_218' title='bbox 1635 698 1720 732; x_wconf 84' lang='grc' dir='ltr'><strong>Μωσῇ</strong></span> <span class='ocrx_word' id='word_1_219' title='bbox 1736 717 1743 727; x_wconf 87' lang='grc'>,</span> <span class='ocrx_word' id='word_1_220' title='bbox 1761 697 1823 722; x_wconf 82' lang='grc' dir='ltr'>ὲπι-</span> 
     </span>
    </p>
   </div>
   <div class='ocr_carea' id='block_1_31' title="bbox 1035 742 1823 783">
    <p class='ocr_par' dir='ltr' id='par_1_31' title="bbox 1035 742 1823 783">
     <span class='ocr_line' id='line_1_31' title="bbox 1035 742 1823 783; baseline -0.011 -7"><span class='ocrx_word' id='word_1_221' title='bbox 1035 748 1143 776; x_wconf 84' lang='grc' dir='ltr'>στεύετε</span> <span class='ocrx_word' id='word_1_222' title='bbox 1151 749 1184 776; x_wconf 80' lang='grc' dir='ltr'>ἃν</span> <span class='ocrx_word' id='word_1_223' title='bbox 1197 748 1257 783; x_wconf 85' lang='grc' dir='ltr'><strong>ὲμοὶ</strong></span> <span class='ocrx_word' id='word_1_224' title='bbox 1267 757 1273 763; x_wconf 91' lang='grc'>·</span> <span class='ocrx_word' id='word_1_225' title='bbox 1284 747 1411 783; x_wconf 72' lang='grc' dir='ltr'>περὶγὰρ</span> <span class='ocrx_word' id='word_1_226' title='bbox 1421 746 1487 782; x_wconf 76' lang='grc' dir='ltr'>ἐμοῦ</span> <span class='ocrx_word' id='word_1_227' title='bbox 1502 746 1604 776; x_wconf 75' lang='grc' dir='ltr'>ἐκεῖνος</span> <span class='ocrx_word' id='word_1_228' title='bbox 1616 742 1731 778; x_wconf 73' lang='grc' dir='ltr'>ἔγραψε.</span> <span class='ocrx_word' id='word_1_229' title='bbox 1745 751 1753 767; x_wconf 77' lang='lat' dir='ltr'><strong>i</strong></span> <span class='ocrx_word' id='word_1_230' title='bbox 1765 743 1823 768; x_wconf 82' lang='grc' dir='ltr'><strong>Πα-</strong></span> 
     </span>
    </p>
   </div>
   <div class='ocr_carea' id='block_1_32' title="bbox 1034 787 1824 830">
    <p class='ocr_par' dir='ltr' id='par_1_32' title="bbox 1034 787 1824 830">
     <span class='ocr_line' id='line_1_32' title="bbox 1034 787 1824 830; baseline -0.011 -9"><span class='ocrx_word' id='word_1_231' title='bbox 1034 794 1208 830; x_wconf 85' lang='grc' dir='ltr'>ραδεχθείοης</span> <span class='ocrx_word' id='word_1_232' title='bbox 1217 792 1361 828; x_wconf 78' lang='grc' dir='ltr'>τοιγαροῦν</span> <span class='ocrx_word' id='word_1_233' title='bbox 1375 792 1442 827; x_wconf 79' lang='grc' dir='ltr'>πρὸς</span> <span class='ocrx_word' id='word_1_234' title='bbox 1455 790 1534 827; x_wconf 85' lang='grc' dir='ltr'>ήμῶν</span> <span class='ocrx_word' id='word_1_235' title='bbox 1549 790 1598 824; x_wconf 82' lang='grc' dir='ltr'><strong>τῆς</strong></span> <span class='ocrx_word' id='word_1_236' title='bbox 1611 787 1763 823; x_wconf 77' lang='grc' dir='ltr'>Σεπφὼρας</span> <span class='ocrx_word' id='word_1_237' title='bbox 1784 787 1824 818; x_wconf 77' lang='grc' dir='ltr'><strong>είς</strong></span> 
     </span>
    </p>
   </div>
   <div class='ocr_carea' id='block_1_33' title="bbox 1034 833 1824 875">
    <p class='ocr_par' dir='ltr' id='par_1_33' title="bbox 1034 833 1824 875">
     <span class='ocr_line' id='line_1_33' title="bbox 1034 833 1824 875; baseline -0.01 -9"><span class='ocrx_word' id='word_1_238' title='bbox 1034 839 1179 875; x_wconf 80' lang='grc' dir='ltr'>πρόσωπον</span> <span class='ocrx_word' id='word_1_239' title='bbox 1191 839 1240 874; x_wconf 85' lang='grc' dir='ltr'><strong>τῆς</strong></span> <span class='ocrx_word' id='word_1_240' title='bbox 1255 838 1284 871; x_wconf 72' lang='grc' dir='ltr'><strong>ἐξ</strong></span> <span class='ocrx_word' id='word_1_241' title='bbox 1299 837 1384 864; x_wconf 74' lang='grc' dir='ltr'>ἐθνῶν</span> <span class='ocrx_word' id='word_1_242' title='bbox 1401 835 1576 871; x_wconf 83' lang='grc' dir='ltr'>Ἐκκλησίας,</span> <span class='ocrx_word' id='word_1_243' title='bbox 1593 835 1670 861; x_wconf 71' lang='grc' dir='ltr'>ἔσται</span> <span class='ocrx_word' id='word_1_244' title='bbox 1689 842 1741 860; x_wconf 87' lang='grc' dir='ltr'><strong>που</strong></span> <span class='ocrx_word' id='word_1_245' title='bbox 1756 833 1824 859; x_wconf 80' lang='grc' dir='ltr'>πάν-</span> 
     </span>
    </p>
   </div>
   <div class='ocr_carea' id='block_1_34' title="bbox 197 877 984 920">
    <p class='ocr_par' dir='ltr' id='par_1_34' title="bbox 197 881 981 917">
     <span class='ocr_line' id='line_1_34' title="bbox 197 881 981 917; baseline 0 -8"><span class='ocrx_word' id='word_1_246' title='bbox 197 882 274 911; x_wconf 74' lang='lat' dir='ltr'><strong>lecue</strong></span> <span class='ocrx_word' id='word_1_247' title='bbox 298 883 448 917; x_wconf 85' lang='lat' dir='ltr'><strong>accipiatur</strong></span> <span class='ocrx_word' id='word_1_248' title='bbox 465 891 480 910; x_wconf 88' lang='lat' dir='ltr'><strong>a</strong></span> <span class='ocrx_word' id='word_1_249' title='bbox 496 881 586 914; x_wconf 87' lang='lat' dir='ltr'><strong>nobis,</strong></span> <span class='ocrx_word' id='word_1_250' title='bbox 605 882 698 916; x_wconf 89' lang='lat' dir='ltr'><strong>procul</strong></span> <span class='ocrx_word' id='word_1_251' title='bbox 713 882 808 914; x_wconf 86' lang='lat' dir='ltr'><strong>dubio,</strong></span> <span class='ocrx_word' id='word_1_252' title='bbox 828 882 875 917; x_wconf 81' lang='lat' dir='ltr'><strong>qui</strong></span> <span class='ocrx_word' id='word_1_253' title='bbox 888 885 930 910; x_wconf 88' lang='lat' dir='ltr'><strong>est</strong></span> <span class='ocrx_word' id='word_1_254' title='bbox 947 889 981 909; x_wconf 82' lang='lat' dir='ltr'><strong>ex</strong></span> 
     </span>
    </p>
   </div>
   <div class='ocr_carea' id='block_1_35' title="bbox 1036 877 1824 920">
    <p class='ocr_par' dir='ltr' id='par_1_35' title="bbox 1036 877 1824 920">
     <span class='ocr_line' id='line_1_35' title="bbox 1036 877 1824 920; baseline -0.011 -7"><span class='ocrx_word' id='word_1_255' title='bbox 1036 894 1084 918; x_wconf 78' lang='grc' dir='ltr'><strong>τως</strong></span> <span class='ocrx_word' id='word_1_256' title='bbox 1100 885 1131 913; x_wconf 86' lang='grc' dir='ltr'><strong>τδ</strong></span> <span class='ocrx_word' id='word_1_257' title='bbox 1150 884 1180 918; x_wconf 77' lang='grc' dir='ltr'><strong>ἐξ</strong></span> <span class='ocrx_word' id='word_1_258' title='bbox 1208 885 1292 920; x_wconf 83' lang='grc' dir='ltr'>αὐτῆς</span> <span class='ocrx_word' id='word_1_259' title='bbox 1309 883 1413 910; x_wconf 80' lang='grc' dir='ltr'>παιδίον</span> <span class='ocrx_word' id='word_1_260' title='bbox 1430 883 1470 915; x_wconf 82' lang='grc' dir='ltr'><strong>είς</strong></span> <span class='ocrx_word' id='word_1_261' title='bbox 1491 881 1575 909; x_wconf 83' lang='grc' dir='ltr'>τύπον</span> <span class='ocrx_word' id='word_1_262' title='bbox 1590 879 1636 907; x_wconf 85' lang='grc' dir='ltr'><strong>τοῦ</strong></span> <span class='ocrx_word' id='word_1_263' title='bbox 1654 879 1715 907; x_wconf 82' lang='grc' dir='ltr'>νέου</span> <span class='ocrx_word' id='word_1_264' title='bbox 1744 877 1824 910; x_wconf 84' lang='grc' dir='ltr'>λαοῦ,</span> 
     </span>
    </p>
   </div>
   <div class='ocr_carea' id='block_1_36' title="bbox 194 927 967 963">
    <p class='ocr_par' dir='ltr' id='par_1_36' title="bbox 194 927 967 963">
     <span class='ocr_line' id='line_1_36' title="bbox 194 927 967 963; baseline -0.003 -7"><span class='ocrx_word' id='word_1_265' title='bbox 194 937 228 956; x_wconf 79' lang='lat' dir='ltr'><strong>ea</strong></span> <span class='ocrx_word' id='word_1_266' title='bbox 252 929 336 961; x_wconf 84' lang='lat' dir='ltr'><strong>ﬁlius,</strong></span> <span class='ocrx_word' id='word_1_267' title='bbox 361 928 523 956; x_wconf 79' lang='lat' dir='ltr'><strong>recentioris</strong></span> <span class='ocrx_word' id='word_1_268' title='bbox 536 927 629 963; x_wconf 82' lang='lat' dir='ltr'><strong>populi</strong></span> <span class='ocrx_word' id='word_1_269' title='bbox 653 927 767 962; x_wconf 81' lang='lat' dir='ltr'><strong>ﬁguram</strong></span> <span class='ocrx_word' id='word_1_270' title='bbox 788 927 910 960; x_wconf 86' lang='lat' dir='ltr'><strong>tenebit;</strong></span> <span class='ocrx_word' id='word_1_271' title='bbox 932 934 967 954; x_wconf 87' lang='lat' dir='ltr'><strong>eo</strong></span> 
     </span>
    </p>
   </div>
   <div class='ocr_carea' id='block_1_37' title="bbox 195 972 982 1009">
    <p class='ocr_par' dir='ltr' id='par_1_37' title="bbox 195 972 982 1009">
     <span class='ocr_line' id='line_1_37' title="bbox 195 972 982 1009; baseline -0.003 -8"><span class='ocrx_word' id='word_1_272' title='bbox 195 975 269 1009; x_wconf 85' lang='lat' dir='ltr'><strong>quod</strong></span> <span class='ocrx_word' id='word_1_273' title='bbox 282 975 366 1006; x_wconf 85' lang='lat' dir='ltr'><strong>illam,</strong></span> <span class='ocrx_word' id='word_1_274' title='bbox 393 982 474 1009; x_wconf 85' lang='lat' dir='ltr'><strong>quam</strong></span> <span class='ocrx_word' id='word_1_275' title='bbox 497 973 611 1008; x_wconf 87' lang='lat' dir='ltr'><strong>spiritus</strong></span> <span class='ocrx_word' id='word_1_276' title='bbox 623 972 705 1000; x_wconf 79' lang='lat' dir='ltr'><strong>eﬁicit</strong></span> <span class='ocrx_word' id='word_1_277' title='bbox 717 973 745 1000; x_wconf 90' lang='lat' dir='ltr'><strong>in</strong></span> <span class='ocrx_word' id='word_1_278' title='bbox 762 972 876 1000; x_wconf 85' lang='lat' dir='ltr'><strong>Christo</strong></span> <span class='ocrx_word' id='word_1_279' title='bbox 889 972 982 1007; x_wconf 87' lang='lat' dir='ltr'><strong>pueri-</strong></span> 
     </span>
    </p>
   </div>
   <div class='ocr_carea' id='block_1_38' title="bbox 160 1018 982 1054">
    <p class='ocr_par' dir='ltr' id='par_1_38' title="bbox 160 1018 982 1054">
     <span class='ocr_line' id='line_1_38' title="bbox 160 1018 982 1054; baseline -0.002 -7"><span class='ocrx_word' id='word_1_280' title='bbox 160 1028 161 1031; x_wconf 73' lang='lat'>‘</span> <span class='ocrx_word' id='word_1_281' title='bbox 197 1021 273 1052; x_wconf 82' lang='lat' dir='ltr'><strong>tiam,</strong></span> <span class='ocrx_word' id='word_1_282' title='bbox 288 1024 371 1054; x_wconf 87' lang='lat' dir='ltr'><strong>atque</strong></span> <span class='ocrx_word' id='word_1_283' title='bbox 385 1020 412 1047; x_wconf 92' lang='lat' dir='ltr'><strong>in</strong></span> <span class='ocrx_word' id='word_1_284' title='bbox 422 1020 511 1047; x_wconf 82' lang='lat' dir='ltr'><strong>Deum</strong></span> <span class='ocrx_word' id='word_1_285' title='bbox 528 1019 764 1054; x_wconf 74' lang='lat' dir='ltr'><strong>regenerationem</strong></span> <span class='ocrx_word' id='word_1_286' title='bbox 779 1018 924 1045; x_wconf 85' lang='lat' dir='ltr'><strong>credentes</strong></span> <span class='ocrx_word' id='word_1_287' title='bbox 935 1025 982 1045; x_wconf 90' lang='lat' dir='ltr'><strong>ac-</strong></span> 
     </span>
    </p>
   </div>
   <div class='ocr_carea' id='block_1_39' title="bbox 196 1063 982 1101">
    <p class='ocr_par' dir='ltr' id='par_1_39' title="bbox 196 1063 982 1101">
     <span class='ocr_line' id='line_1_39' title="bbox 196 1063 982 1101; baseline -0.006 -8"><span class='ocrx_word' id='word_1_288' title='bbox 196 1066 331 1101; x_wconf 82' lang='lat' dir='ltr'><strong>ceperint,</strong></span> <span class='ocrx_word' id='word_1_289' title='bbox 343 1073 412 1101; x_wconf 90' lang='lat' dir='ltr'><strong>quos</strong></span> <span class='ocrx_word' id='word_1_290' title='bbox 429 1065 513 1092; x_wconf 83' lang='lat' dir='ltr'><strong>etiam</strong></span> <span class='ocrx_word' id='word_1_291' title='bbox 524 1065 667 1100; x_wconf 85' lang='lat' dir='ltr'><strong>populum,</strong></span> <span class='ocrx_word' id='word_1_292' title='bbox 692 1064 739 1098; x_wconf 91' lang='lat' dir='ltr'><strong>qui</strong></span> <span class='ocrx_word' id='word_1_293' title='bbox 763 1063 911 1094; x_wconf 86' lang='lat' dir='ltr'><strong>creabitur,</strong></span> <span class='ocrx_word' id='word_1_294' title='bbox 933 1070 982 1097; x_wconf 87' lang='lat' dir='ltr'><strong>ap-</strong></span> 
     </span>
    </p>
   </div>
   <div class='ocr_carea' id='block_1_40' title="bbox 197 1104 983 1146">
    <p class='ocr_par' dir='ltr' id='par_1_40' title="bbox 197 1104 983 1146">
     <span class='ocr_line' id='line_1_40' title="bbox 197 1104 983 1146; baseline -0.006 -8"><span class='ocrx_word' id='word_1_295' title='bbox 197 1104 280 1146; x_wconf 56' lang='lat' dir='ltr'><strong>pell’at</strong></span> <span class='ocrx_word' id='word_1_296' title='bbox 301 1110 419 1145; x_wconf 87' lang='lat' dir='ltr'><strong>quodam</strong></span> <span class='ocrx_word' id='word_1_297' title='bbox 437 1109 498 1137; x_wconf 88' lang='lat' dir='ltr'><strong>loco</strong></span> <span class='ocrx_word' id='word_1_298' title='bbox 526 1109 612 1137; x_wconf 88' lang='lat' dir='ltr'><strong>David</strong></span> <span class='ocrx_word' id='word_1_299' title='bbox 634 1109 666 1136; x_wconf 84' lang='lat'><strong>&quot;.</strong></span> <span class='ocrx_word' id='word_1_300' title='bbox 688 1109 714 1136; x_wconf 87' lang='lat' dir='ltr'><strong>ls</strong></span> <span class='ocrx_word' id='word_1_301' title='bbox 737 1108 821 1143; x_wconf 82' lang='lat' dir='ltr'><strong>igitur</strong></span> <span class='ocrx_word' id='word_1_302' title='bbox 843 1115 931 1142; x_wconf 86' lang='lat' dir='ltr'><strong>nuper</strong></span> <span class='ocrx_word' id='word_1_303' title='bbox 955 1107 983 1134; x_wconf 89' lang='lat' dir='ltr'><strong>in</strong></span> 
     </span>
    </p>
   </div>
   <div class='ocr_carea' id='block_1_41' title="bbox 196 1153 984 1191">
    <p class='ocr_par' dir='ltr' id='par_1_41' title="bbox 196 1153 984 1191">
     <span class='ocr_line' id='line_1_41' title="bbox 196 1153 984 1191; baseline -0.005 -7"><span class='ocrx_word' id='word_1_304' title='bbox 196 1153 307 1186; x_wconf 75' lang='lat' dir='ltr'><strong>Christo</strong></span> <span class='ocrx_word' id='word_1_305' title='bbox 321 1156 430 1191; x_wconf 84' lang='lat' dir='ltr'><strong>genitus</strong></span> <span class='ocrx_word' id='word_1_306' title='bbox 447 1163 527 1190; x_wconf 84' lang='lat' dir='ltr'><strong>puer,</strong></span> <span class='ocrx_word' id='word_1_307' title='bbox 541 1155 690 1186; x_wconf 86' lang='lat' dir='ltr'><strong>recentior,</strong></span> <span class='ocrx_word' id='word_1_308' title='bbox 705 1155 827 1189; x_wconf 84' lang='lat' dir='ltr'><strong>inquam,</strong></span> <span class='ocrx_word' id='word_1_309' title='bbox 842 1161 892 1189; x_wconf 86' lang='lat' dir='ltr'><strong>per</strong></span> <span class='ocrx_word' id='word_1_310' title='bbox 903 1153 984 1180; x_wconf 90' lang='lat' dir='ltr'><strong>ﬁdem</strong></span> 
     </span>
    </p>
   </div>
   <div class='ocr_carea' id='block_1_42' title="bbox 196 1201 986 1238">
    <p class='ocr_par' dir='ltr' id='par_1_42' title="bbox 196 1201 986 1238">
     <span class='ocr_line' id='line_1_42' title="bbox 196 1201 986 1238; baseline -0.005 -8"><span class='ocrx_word' id='word_1_311' title='bbox 196 1203 325 1238; x_wconf 90' lang='lat' dir='ltr'><strong>populus,</strong></span> <span class='ocrx_word' id='word_1_312' title='bbox 338 1210 387 1237; x_wconf 86' lang='lat' dir='ltr'><strong>per</strong></span> <span class='ocrx_word' id='word_1_313' title='bbox 399 1201 639 1229; x_wconf 82' lang='lat' dir='ltr'><strong>circumcisionem</strong></span> <span class='ocrx_word' id='word_1_314' title='bbox 652 1201 680 1228; x_wconf 91' lang='lat' dir='ltr'><strong>in</strong></span> <span class='ocrx_word' id='word_1_315' title='bbox 693 1201 791 1235; x_wconf 88' lang='lat' dir='ltr'><strong>spiritu</strong></span> <span class='ocrx_word' id='word_1_316' title='bbox 805 1204 923 1227; x_wconf 88' lang='lat' dir='ltr'><strong>mortem</strong></span> <span class='ocrx_word' id='word_1_317' title='bbox 939 1206 986 1226; x_wconf 89' lang='lat' dir='ltr'><strong>co-</strong></span> 
     </span>
    </p>
   </div>
   <div class='ocr_carea' id='block_1_43' title="bbox 197 1245 985 1276">
    <p class='ocr_par' dir='ltr' id='par_1_43' title="bbox 197 1245 985 1276">
     <span class='ocr_line' id='line_1_43' title="bbox 197 1245 985 1276; baseline -0.006 0"><span class='ocrx_word' id='word_1_318' title='bbox 197 1249 274 1276; x_wconf 84' lang='lat' dir='ltr'><strong>hibet</strong></span> <span class='ocrx_word' id='word_1_319' title='bbox 291 1257 297 1275; x_wconf 93' lang='lat'>:</span> <span class='ocrx_word' id='word_1_320' title='bbox 322 1251 364 1275; x_wconf 88' lang='lat' dir='ltr'><strong>est</strong></span> <span class='ocrx_word' id='word_1_321' title='bbox 385 1247 459 1275; x_wconf 88' lang='lat' dir='ltr'><strong>cnim</strong></span> <span class='ocrx_word' id='word_1_322' title='bbox 478 1247 601 1274; x_wconf 84' lang='lat' dir='ltr'><strong>calculus</strong></span> <span class='ocrx_word' id='word_1_323' title='bbox 611 1250 718 1274; x_wconf 59' lang='lat' dir='ltr'><strong>natura</strong></span> <span class='ocrx_word' id='word_1_324' title='bbox 726 1246 801 1273; x_wconf 82' lang='lat' dir='ltr'><strong>illius</strong></span> <span class='ocrx_word' id='word_1_325' title='bbox 822 1245 985 1272; x_wconf 68' lang='lat' dir='ltr'><strong>ﬁrmissima</strong></span> 
     </span>
    </p>
   </div>
   <div class='ocr_carea' id='block_1_44' title="bbox 199 1290 983 1327">
    <p class='ocr_par' dir='ltr' id='par_1_44' title="bbox 199 1290 983 1327">
     <span class='ocr_line' id='line_1_44' title="bbox 199 1290 983 1327; baseline -0.004 -7"><span class='ocrx_word' id='word_1_326' title='bbox 199 1298 265 1321; x_wconf 82' lang='lat' dir='ltr'><strong>nota</strong></span> <span class='ocrx_word' id='word_1_327' title='bbox 278 1301 284 1326; x_wconf 90' lang='lat'>;</span> <span class='ocrx_word' id='word_1_328' title='bbox 299 1293 360 1327; x_wconf 84' lang='lat' dir='ltr'><strong>ejus</strong></span> <span class='ocrx_word' id='word_1_329' title='bbox 370 1292 444 1320; x_wconf 90' lang='lat' dir='ltr'><strong>enim</strong></span> <span class='ocrx_word' id='word_1_330' title='bbox 462 1292 548 1319; x_wconf 87' lang='lat' dir='ltr'><strong>robur</strong></span> <span class='ocrx_word' id='word_1_331' title='bbox 558 1296 643 1326; x_wconf 88' lang='lat' dir='ltr'><strong>atque</strong></span> <span class='ocrx_word' id='word_1_332' title='bbox 655 1291 778 1318; x_wconf 81' lang='lat' dir='ltr'><strong>soliditas</strong></span> <span class='ocrx_word' id='word_1_333' title='bbox 794 1299 843 1326; x_wconf 91' lang='lat' dir='ltr'><strong>per</strong></span> <span class='ocrx_word' id='word_1_334' title='bbox 855 1290 983 1325; x_wconf 84' lang='lat' dir='ltr'><strong>lapidem,</strong></span> 
     </span>
    </p>
   </div>
   <div class='ocr_carea' id='block_1_45' title="bbox 197 1337 985 1373">
    <p class='ocr_par' dir='ltr' id='par_1_45' title="bbox 197 1337 985 1373">
     <span class='ocr_line' id='line_1_45' title="bbox 197 1337 985 1373; baseline -0.003 -8"><span class='ocrx_word' id='word_1_335' title='bbox 197 1343 228 1366; x_wconf 92' lang='lat' dir='ltr'><strong>ut</strong></span> <span class='ocrx_word' id='word_1_336' title='bbox 236 1339 283 1373; x_wconf 86' lang='lat' dir='ltr'><strong>qui</strong></span> <span class='ocrx_word' id='word_1_337' title='bbox 294 1338 380 1365; x_wconf 86' lang='lat' dir='ltr'><strong>durus</strong></span> <span class='ocrx_word' id='word_1_338' title='bbox 391 1338 539 1365; x_wconf 83' lang='lat' dir='ltr'><strong>admodum</strong></span> <span class='ocrx_word' id='word_1_339' title='bbox 551 1337 597 1369; x_wconf 79' lang='lat' dir='ltr'><strong>s&#39;it,</strong></span> <span class='ocrx_word' id='word_1_340' title='bbox 609 1337 788 1372; x_wconf 82' lang='lat' dir='ltr'><strong>signiﬁcatur.</strong></span> <span class='ocrx_word' id='word_1_341' title='bbox 798 1337 891 1371; x_wconf 87' lang='lat' dir='ltr'><strong>itaque</strong></span> <span class='ocrx_word' id='word_1_342' title='bbox 903 1337 985 1364; x_wconf 89' lang='lat' dir='ltr'><strong>etiam</strong></span> 
     </span>
    </p>
   </div>
   <div class='ocr_carea' id='block_1_46' title="bbox 197 1382 980 1417">
    <p class='ocr_par' dir='ltr' id='par_1_46' title="bbox 197 1382 980 1417">
     <span class='ocr_line' id='line_1_46' title="bbox 197 1382 980 1417; baseline -0.003 -6"><span class='ocrx_word' id='word_1_343' title='bbox 197 1383 277 1411; x_wconf 82' lang='lat' dir='ltr'><strong>Jesus</strong></span> <span class='ocrx_word' id='word_1_344' title='bbox 289 1383 373 1416; x_wconf 83' lang='lat' dir='ltr'><strong>Nave,</strong></span> <span class='ocrx_word' id='word_1_345' title='bbox 397 1391 460 1410; x_wconf 88' lang='lat' dir='ltr'><strong>cum</strong></span> <span class='ocrx_word' id='word_1_346' title='bbox 472 1383 640 1410; x_wconf 86' lang='lat' dir='ltr'><strong>lsraeliticas</strong></span> <span class='ocrx_word' id='word_1_347' title='bbox 651 1383 746 1417; x_wconf 88' lang='lat' dir='ltr'><strong>copias</strong></span> <span class='ocrx_word' id='word_1_348' title='bbox 760 1390 809 1417; x_wconf 88' lang='lat' dir='ltr'><strong>per</strong></span> <span class='ocrx_word' id='word_1_349' title='bbox 832 1382 980 1409; x_wconf 87' lang='lat' dir='ltr'><strong>.lordanem</strong></span> 
     </span>
    </p>
   </div>
   <div class='ocr_carea' id='block_1_47' title="bbox 200 1428 986 1464">
    <p class='ocr_par' dir='ltr' id='par_1_47' title="bbox 200 1428 986 1464">
     <span class='ocr_line' id='line_1_47' title="bbox 200 1428 986 1464; baseline 0 -9"><span class='ocrx_word' id='word_1_350' title='bbox 200 1429 361 1464; x_wconf 84' lang='lat' dir='ltr'><strong>trajecisset,</strong></span> <span class='ocrx_word' id='word_1_351' title='bbox 375 1428 500 1463; x_wconf 81' lang='lat' dir='ltr'><strong>gladiolis</strong></span> <span class='ocrx_word' id='word_1_352' title='bbox 519 1435 568 1455; x_wconf 87' lang='lat' dir='ltr'><strong>eos</strong></span> <span class='ocrx_word' id='word_1_353' title='bbox 581 1428 698 1463; x_wconf 79' lang='lat' dir='ltr'><strong>lapideis</strong></span> <span class='ocrx_word' id='word_1_354' title='bbox 715 1428 899 1459; x_wconf 85' lang='lat' dir='ltr'><strong>circumcidit,</strong></span> <span class='ocrx_word' id='word_1_355' title='bbox 911 1428 986 1455; x_wconf 81' lang='lat' dir='ltr'><strong>vide-</strong></span> 
     </span>
    </p>
   </div>
   <div class='ocr_carea' id='block_1_48' title="bbox 199 1472 985 1508">
    <p class='ocr_par' dir='ltr' id='par_1_48' title="bbox 199 1472 985 1508">
     <span class='ocr_line' id='line_1_48' title="bbox 199 1472 985 1508; baseline -0.001 -8"><span class='ocrx_word' id='word_1_356' title='bbox 199 1472 264 1500; x_wconf 89' lang='lat' dir='ltr'><strong>licet</strong></span> <span class='ocrx_word' id='word_1_357' title='bbox 275 1472 349 1499; x_wconf 90' lang='lat' dir='ltr'><strong>illam</strong></span> <span class='ocrx_word' id='word_1_358' title='bbox 363 1472 390 1499; x_wconf 90' lang='lat' dir='ltr'><strong>in</strong></span> <span class='ocrx_word' id='word_1_359' title='bbox 403 1472 514 1500; x_wconf 87' lang='lat' dir='ltr'><strong>Christo</strong></span> <span class='ocrx_word' id='word_1_360' title='bbox 526 1480 576 1508; x_wconf 91' lang='lat' dir='ltr'><strong>per</strong></span> <span class='ocrx_word' id='word_1_361' title='bbox 603 1472 730 1507; x_wconf 89' lang='lat' dir='ltr'><strong>spiritum</strong></span> <span class='ocrx_word' id='word_1_362' title='bbox 749 1472 985 1500; x_wconf 87' lang='lat' dir='ltr'><strong>circumcisionem</strong></span> 
     </span>
    </p>
   </div>
   <div class='ocr_carea' id='block_1_49' title="bbox 1032 925 1825 968">
    <p class='ocr_par' dir='ltr' id='par_1_49' title="bbox 1032 925 1825 968">
     <span class='ocr_line' id='line_1_49' title="bbox 1032 925 1825 968; baseline -0.011 -9"><span class='ocrx_word' id='word_1_363' title='bbox 1032 932 1081 968; x_wconf 86' lang='grc' dir='ltr'><strong>τὴν</strong></span> <span class='ocrx_word' id='word_1_364' title='bbox 1104 933 1132 958; x_wconf 77' lang='grc' dir='ltr'>ὲν</span> <span class='ocrx_word' id='word_1_365' title='bbox 1157 931 1267 967; x_wconf 83' lang='grc' dir='ltr'>Χριστῷ</span> <span class='ocrx_word' id='word_1_366' title='bbox 1292 929 1336 957; x_wconf 79' lang='grc' dir='ltr'><strong>διὰ</strong></span> <span class='ocrx_word' id='word_1_367' title='bbox 1370 931 1523 964; x_wconf 81' lang='grc' dir='ltr'>πνεύματος</span> <span class='ocrx_word' id='word_1_368' title='bbox 1546 927 1694 963; x_wconf 78' lang='grc' dir='ltr'>νηπιότητα</span> <span class='ocrx_word' id='word_1_369' title='bbox 1713 925 1762 952; x_wconf 77' lang='grc' dir='ltr'>καὶ</span> <span class='ocrx_word' id='word_1_370' title='bbox 1785 925 1825 956; x_wconf 86' lang='grc' dir='ltr'>εἰς</span> 
     </span>
    </p>
   </div>
   <div class='ocr_carea' id='block_1_50' title="bbox 1032 969 1826 1012">
    <p class='ocr_par' dir='ltr' id='par_1_50' title="bbox 1032 969 1826 1012">
     <span class='ocr_line' id='line_1_50' title="bbox 1032 969 1826 1012; baseline -0.011 -7"><span class='ocrx_word' id='word_1_371' title='bbox 1032 977 1098 1004; x_wconf 80' lang='grc' dir='ltr'>Θεὸν</span> <span class='ocrx_word' id='word_1_372' title='bbox 1109 977 1286 1012; x_wconf 86' lang='grc' dir='ltr'>ἀναγέννησιν</span> <span class='ocrx_word' id='word_1_373' title='bbox 1300 976 1454 1011; x_wconf 79' lang='grc' dir='ltr'>δεξαμένων</span> <span class='ocrx_word' id='word_1_374' title='bbox 1464 975 1517 1001; x_wconf 82' lang='grc' dir='ltr'><strong>τῶν</strong></span> <span class='ocrx_word' id='word_1_375' title='bbox 1531 971 1763 1002; x_wconf 72' lang='grc' dir='ltr'>πεπιστευκότων,</span> <span class='ocrx_word' id='word_1_376' title='bbox 1778 969 1826 1001; x_wconf 83' lang='grc' dir='ltr'>οὓς</span> 
     </span>
    </p>
   </div>
   <div class='ocr_carea' id='block_1_51' title="bbox 1033 1017 1825 1057">
    <p class='ocr_par' dir='ltr' id='par_1_51' title="bbox 1033 1017 1825 1057">
     <span class='ocr_line' id='line_1_51' title="bbox 1033 1017 1825 1057; baseline -0.01 -7"><span class='ocrx_word' id='word_1_377' title='bbox 1033 1024 1080 1050; x_wconf 73' lang='grc' dir='ltr'>καὶ</span> <span class='ocrx_word' id='word_1_378' title='bbox 1089 1023 1153 1049; x_wconf 80' lang='grc' dir='ltr'>λαὸν</span> <span class='ocrx_word' id='word_1_379' title='bbox 1168 1022 1325 1057; x_wconf 80' lang='grc' dir='ltr'>κτιζόμενον</span> <span class='ocrx_word' id='word_1_380' title='bbox 1340 1021 1391 1056; x_wconf 76' lang='grc' dir='ltr'>ἔφη</span> <span class='ocrx_word' id='word_1_381' title='bbox 1408 1030 1458 1048; x_wconf 82' lang='grc' dir='ltr'><strong>που</strong></span> <span class='ocrx_word' id='word_1_382' title='bbox 1481 1020 1572 1048; x_wconf 82' lang='grc' dir='ltr'>Δασίδ.</span> <span class='ocrx_word' id='word_1_383' title='bbox 1589 1019 1624 1046; x_wconf 78' lang='lat' dir='ltr'><strong><em>T6</em></strong></span> <span class='ocrx_word' id='word_1_384' title='bbox 1639 1018 1728 1045; x_wconf 84' lang='grc' dir='ltr'>τοίνυν</span> <span class='ocrx_word' id='word_1_385' title='bbox 1746 1017 1825 1052; x_wconf 82' lang='grc' dir='ltr'>ἀρτι-</span> 
     </span>
    </p>
   </div>
   <div class='ocr_carea' id='block_1_52' title="bbox 1033 1061 1826 1105">
    <p class='ocr_par' dir='ltr' id='par_1_52' title="bbox 1033 1061 1826 1105">
     <span class='ocr_line' id='line_1_52' title="bbox 1033 1061 1826 1105; baseline -0.01 -9"><span class='ocrx_word' id='word_1_386' title='bbox 1033 1062 1110 1104; x_wconf 75' lang='grc' dir='ltr'>γενὲς</span> <span class='ocrx_word' id='word_1_387' title='bbox 1126 1070 1155 1095; x_wconf 87' lang='grc' dir='ltr'>ὲν</span> <span class='ocrx_word' id='word_1_388' title='bbox 1168 1068 1278 1105; x_wconf 83' lang='grc' dir='ltr'>Χριστῷ</span> <span class='ocrx_word' id='word_1_389' title='bbox 1294 1068 1408 1100; x_wconf 81' lang='grc' dir='ltr'>παιδίον,</span> <span class='ocrx_word' id='word_1_390' title='bbox 1424 1066 1495 1094; x_wconf 69' lang='grc' dir='ltr'>τοῦτ’</span> <span class='ocrx_word' id='word_1_391' title='bbox 1518 1066 1602 1097; x_wconf 76' lang='grc' dir='ltr'>ἐστιν,</span> <span class='ocrx_word' id='word_1_392' title='bbox 1619 1066 1633 1091; x_wconf 89' lang='lat'><strong>6</strong></span> <span class='ocrx_word' id='word_1_393' title='bbox 1647 1064 1706 1095; x_wconf 83' lang='grc' dir='ltr'>νέος</span> <span class='ocrx_word' id='word_1_394' title='bbox 1726 1071 1758 1089; x_wconf 92' lang='grc' dir='ltr'><strong>τε</strong></span> <span class='ocrx_word' id='word_1_395' title='bbox 1777 1061 1826 1089; x_wconf 75' lang='grc' dir='ltr'>καὶ</span> 
     </span>
    </p>
   </div>
   <div class='ocr_carea' id='block_1_53' title="bbox 1033 1107 1825 1149">
    <p class='ocr_par' dir='ltr' id='par_1_53' title="bbox 1033 1107 1825 1149">
     <span class='ocr_line' id='line_1_53' title="bbox 1033 1107 1825 1149; baseline -0.01 -8"><span class='ocrx_word' id='word_1_396' title='bbox 1033 1114 1077 1141; x_wconf 75' lang='grc' dir='ltr'><strong>διὰ</strong></span> <span class='ocrx_word' id='word_1_397' title='bbox 1097 1114 1215 1145; x_wconf 85' lang='grc' dir='ltr'>πίστεως</span> <span class='ocrx_word' id='word_1_398' title='bbox 1230 1113 1292 1145; x_wconf 69' lang='grc' dir='ltr'>λαὸς</span> <span class='ocrx_word' id='word_1_399' title='bbox 1310 1112 1459 1149; x_wconf 78' lang='grc' dir='ltr'>περιτομῆς</span> <span class='ocrx_word' id='word_1_400' title='bbox 1477 1110 1596 1138; x_wconf 80' lang='grc' dir='ltr'>δυσωπεῖ</span> <span class='ocrx_word' id='word_1_401' title='bbox 1610 1109 1732 1136; x_wconf 79' lang='grc' dir='ltr'>θάνατον.</span> <span class='ocrx_word' id='word_1_402' title='bbox 1750 1107 1825 1142; x_wconf 79' lang='grc' dir='ltr'>Σύμ-</span> 
     </span>
    </p>
   </div>
   <div class='ocr_carea' id='block_1_54' title="bbox 1034 1152 1826 1196">
    <p class='ocr_par' dir='ltr' id='par_1_54' title="bbox 1034 1152 1826 1196">
     <span class='ocr_line' id='line_1_54' title="bbox 1034 1152 1826 1196; baseline -0.01 -9"><span class='ocrx_word' id='word_1_403' title='bbox 1034 1160 1111 1187; x_wconf 77' lang='grc' dir='ltr'>ϐολον</span> <span class='ocrx_word' id='word_1_404' title='bbox 1126 1159 1180 1196; x_wconf 84' lang='grc' dir='ltr'><strong>γὰρ</strong></span> <span class='ocrx_word' id='word_1_405' title='bbox 1192 1160 1209 1195; x_wconf 80' lang='grc' dir='ltr'>ἡ</span> <span class='ocrx_word' id='word_1_406' title='bbox 1221 1159 1310 1195; x_wconf 81' lang='grc' dir='ltr'>ψῆφος</span> <span class='ocrx_word' id='word_1_407' title='bbox 1323 1160 1372 1194; x_wconf 82' lang='grc' dir='ltr'><strong>τῆς</strong></span> <span class='ocrx_word' id='word_1_408' title='bbox 1393 1158 1532 1194; x_wconf 72' lang='grc' dir='ltr'>ἀρῤἡκτου</span> <span class='ocrx_word' id='word_1_409' title='bbox 1547 1155 1664 1191; x_wconf 78' lang='grc' dir='ltr'>φύσεως,</span> <span class='ocrx_word' id='word_1_410' title='bbox 1682 1152 1717 1191; x_wconf 83' lang='grc' dir='ltr'>ἦς</span> <span class='ocrx_word' id='word_1_411' title='bbox 1728 1152 1760 1181; x_wconf 79' lang='grc' dir='ltr'><strong>τὸ</strong></span> <span class='ocrx_word' id='word_1_412' title='bbox 1779 1153 1826 1179; x_wconf 78' lang='grc' dir='ltr'><strong>εὑ-</strong></span> 
     </span>
    </p>
   </div>
   <div class='ocr_carea' id='block_1_55' title="bbox 1036 1199 1826 1240">
    <p class='ocr_par' dir='ltr' id='par_1_55' title="bbox 1036 1199 1826 1240">
     <span class='ocr_line' id='line_1_55' title="bbox 1036 1199 1826 1240; baseline -0.01 -7"><span class='ocrx_word' id='word_1_413' title='bbox 1036 1205 1128 1238; x_wconf 82' lang='grc' dir='ltr'>σοενές</span> <span class='ocrx_word' id='word_1_414' title='bbox 1149 1214 1179 1232; x_wconf 82' lang='grc' dir='ltr'><strong>τε</strong></span> <span class='ocrx_word' id='word_1_415' title='bbox 1203 1206 1250 1232; x_wconf 74' lang='grc' dir='ltr'>καὶ</span> <span class='ocrx_word' id='word_1_416' title='bbox 1276 1206 1426 1240; x_wconf 78' lang='grc' dir='ltr'>ἄθραυστον</span> <span class='ocrx_word' id='word_1_417' title='bbox 1449 1203 1487 1235; x_wconf 86' lang='grc' dir='ltr'>ὼς</span> <span class='ocrx_word' id='word_1_418' title='bbox 1511 1204 1539 1229; x_wconf 83' lang='grc' dir='ltr'>ὲν</span> <span class='ocrx_word' id='word_1_419' title='bbox 1562 1201 1668 1237; x_wconf 83' lang='grc' dir='ltr'>σκληρᾷ</span> <span class='ocrx_word' id='word_1_420' title='bbox 1696 1201 1730 1236; x_wconf 80' lang='grc' dir='ltr'>τῇ</span> <span class='ocrx_word' id='word_1_421' title='bbox 1758 1199 1826 1234; x_wconf 82' lang='grc' dir='ltr'>λίθῳ</span> 
     </span>
    </p>
   </div>
   <div class='ocr_carea' id='block_1_56' title="bbox 1036 1246 1824 1288">
    <p class='ocr_par' dir='ltr' id='par_1_56' title="bbox 1036 1246 1824 1288">
     <span class='ocr_line' id='line_1_56' title="bbox 1036 1246 1824 1288; baseline -0.01 -8"><span class='ocrx_word' id='word_1_422' title='bbox 1036 1253 1207 1288; x_wconf 86' lang='grc' dir='ltr'>σημαίνεται.</span> <span class='ocrx_word' id='word_1_423' title='bbox 1226 1251 1281 1278; x_wconf 73' lang='grc' dir='ltr'><strong>Καὶ</strong></span> <span class='ocrx_word' id='word_1_424' title='bbox 1300 1250 1365 1286; x_wconf 90' lang='grc' dir='ltr'>γοῦν</span> <span class='ocrx_word' id='word_1_425' title='bbox 1388 1249 1489 1286; x_wconf 87' lang='grc' dir='ltr'>Ἰησοῦς</span> <span class='ocrx_word' id='word_1_426' title='bbox 1508 1250 1521 1276; x_wconf 85' lang='lat'><strong>6</strong></span> <span class='ocrx_word' id='word_1_427' title='bbox 1539 1247 1586 1276; x_wconf 85' lang='grc' dir='ltr'><strong>τοῦ</strong></span> <span class='ocrx_word' id='word_1_428' title='bbox 1603 1248 1681 1284; x_wconf 80' lang='grc' dir='ltr'>Ναυῆ</span> <span class='ocrx_word' id='word_1_429' title='bbox 1698 1246 1824 1274; x_wconf 76' lang='grc' dir='ltr'>διαϐιϐά-</span> 
     </span>
    </p>
   </div>
   <div class='ocr_carea' id='block_1_57' title="bbox 1036 1293 1826 1335">
    <p class='ocr_par' dir='ltr' id='par_1_57' title="bbox 1036 1293 1826 1335">
     <span class='ocr_line' id='line_1_57' title="bbox 1036 1293 1826 1335; baseline -0.008 -9"><span class='ocrx_word' id='word_1_430' title='bbox 1036 1308 1085 1330; x_wconf 85' lang='grc' dir='ltr'><strong>σας</strong></span> <span class='ocrx_word' id='word_1_431' title='bbox 1099 1300 1143 1326; x_wconf 86' lang='grc' dir='ltr'><strong>τὺν</strong></span> <span class='ocrx_word' id='word_1_432' title='bbox 1156 1298 1291 1335; x_wconf 72' lang='grc' dir='ltr'>Ἰορδάνην</span> <span class='ocrx_word' id='word_1_433' title='bbox 1308 1298 1370 1329; x_wconf 76' lang='grc' dir='ltr'>τοὺς</span> <span class='ocrx_word' id='word_1_434' title='bbox 1383 1297 1412 1330; x_wconf 78' lang='grc' dir='ltr'><strong>ὲξ</strong></span> <span class='ocrx_word' id='word_1_435' title='bbox 1430 1295 1548 1331; x_wconf 84' lang='grc' dir='ltr'>Ἰσραὴλ,</span> <span class='ocrx_word' id='word_1_436' title='bbox 1563 1294 1711 1330; x_wconf 82' lang='grc' dir='ltr'>μαχαίραις</span> <span class='ocrx_word' id='word_1_437' title='bbox 1725 1293 1826 1325; x_wconf 81' lang='grc' dir='ltr'>αὐτοὺς</span> 
     </span>
    </p>
   </div>
   <div class='ocr_carea' id='block_1_58' title="bbox 1036 1339 1827 1380">
    <p class='ocr_par' dir='ltr' id='par_1_58' title="bbox 1036 1339 1827 1380">
     <span class='ocr_line' id='line_1_58' title="bbox 1036 1339 1827 1380; baseline -0.009 -9"><span class='ocrx_word' id='word_1_438' title='bbox 1036 1345 1182 1380; x_wconf 85' lang='grc' dir='ltr'>περιέτεμε</span> <span class='ocrx_word' id='word_1_439' title='bbox 1204 1343 1353 1380; x_wconf 82' lang='grc' dir='ltr'>πετρίναις,</span> <span class='ocrx_word' id='word_1_440' title='bbox 1372 1342 1421 1378; x_wconf 83' lang='grc' dir='ltr'>τὴν</span> <span class='ocrx_word' id='word_1_441' title='bbox 1443 1342 1472 1368; x_wconf 70' lang='grc' dir='ltr'>ἐν</span> <span class='ocrx_word' id='word_1_442' title='bbox 1487 1341 1596 1377; x_wconf 82' lang='grc' dir='ltr'>Χριστῷ</span> <span class='ocrx_word' id='word_1_443' title='bbox 1610 1340 1653 1367; x_wconf 79' lang='grc' dir='ltr'><strong>διὰ</strong></span> <span class='ocrx_word' id='word_1_444' title='bbox 1670 1339 1827 1374; x_wconf 83' lang='grc' dir='ltr'>πνεύματος</span> 
     </span>
    </p>
   </div>
   <div class='ocr_carea' id='block_1_59' title="bbox 1037 1377 1824 1425">
    <p class='ocr_par' dir='ltr' id='par_1_59' title="bbox 1037 1377 1824 1425">
     <span class='ocr_line' id='line_1_59' title="bbox 1037 1377 1824 1425; baseline -0.008 -8"><span class='ocrx_word' id='word_1_445' title='bbox 1037 1377 1187 1425; x_wconf 79' lang='grc' dir='ltr'>περιτομὴν</span> <span class='ocrx_word' id='word_1_446' title='bbox 1205 1377 1415 1424; x_wconf 57' lang='grc' dir='ltr'>προδίνατυπῶν.</span> <span class='ocrx_word' id='word_1_447' title='bbox 1432 1387 1523 1422; x_wconf 84' lang='grc' dir='ltr'>Πέτρα</span> <span class='ocrx_word' id='word_1_448' title='bbox 1538 1386 1592 1422; x_wconf 84' lang='grc' dir='ltr'><strong>γὰρ</strong></span> <span class='ocrx_word' id='word_1_449' title='bbox 1612 1386 1626 1412; x_wconf 93' lang='lat'><strong>6</strong></span> <span class='ocrx_word' id='word_1_450' title='bbox 1647 1385 1776 1421; x_wconf 75' lang='grc' dir='ltr'>Χριστος.</span> <span class='ocrx_word' id='word_1_451' title='bbox 1794 1384 1824 1411; x_wconf 83' lang='grc' dir='ltr'><strong>δν</strong></span> 
     </span>
    </p>
   </div>
   <div class='ocr_carea' id='block_1_60' title="bbox 1036 1430 1828 1470">
    <p class='ocr_par' dir='ltr' id='par_1_60' title="bbox 1036 1430 1828 1470">
     <span class='ocr_line' id='line_1_60' title="bbox 1036 1430 1828 1470; baseline -0.008 -8"><span class='ocrx_word' id='word_1_452' title='bbox 1036 1436 1073 1468; x_wconf 82' lang='grc' dir='ltr'>ὡς</span> <span class='ocrx_word' id='word_1_453' title='bbox 1087 1438 1115 1462; x_wconf 75' lang='grc' dir='ltr'>ἐν</span> <span class='ocrx_word' id='word_1_454' title='bbox 1129 1435 1205 1470; x_wconf 81' lang='grc' dir='ltr'>τύπῳ</span> <span class='ocrx_word' id='word_1_455' title='bbox 1218 1434 1354 1470; x_wconf 76' lang='grc' dir='ltr'>προδηλοῖ,</span> <span class='ocrx_word' id='word_1_456' title='bbox 1368 1433 1492 1468; x_wconf 82' lang='grc' dir='ltr'>καθάπερ</span> <span class='ocrx_word' id='word_1_457' title='bbox 1506 1432 1573 1467; x_wconf 71' lang='grc' dir='ltr'>ἔφην</span> <span class='ocrx_word' id='word_1_458' title='bbox 1583 1431 1694 1467; x_wconf 76' lang='grc' dir='ltr'>ἀρτίως,</span> <span class='ocrx_word' id='word_1_459' title='bbox 1706 1430 1780 1466; x_wconf 75' lang='grc' dir='ltr'>καὶὴ</span> <span class='ocrx_word' id='word_1_460' title='bbox 1796 1430 1828 1456; x_wconf 71' lang='grc' dir='ltr'><strong>τὸ</strong></span> 
     </span>
    </p>
   </div>
   <div class='ocr_carea' id='block_1_61' title="bbox 1037 1476 1828 1517">
    <p class='ocr_par' dir='ltr' id='par_1_61' title="bbox 1037 1476 1828 1517">
     <span class='ocr_line' id='line_1_61' title="bbox 1037 1476 1828 1517; baseline -0.008 -9"><span class='ocrx_word' id='word_1_461' title='bbox 1037 1481 1195 1517; x_wconf 79' lang='grc' dir='ltr'>Σεπφώρας·</span> <span class='ocrx_word' id='word_1_462' title='bbox 1206 1480 1309 1507; x_wconf 83' lang='grc' dir='ltr'>παιδίον</span> <span class='ocrx_word' id='word_1_463' title='bbox 1326 1479 1509 1515; x_wconf 82' lang='grc' dir='ltr'>περιτεμοῦσα</span> <span class='ocrx_word' id='word_1_464' title='bbox 1519 1477 1619 1513; x_wconf 81' lang='grc' dir='ltr'>ψῆφος.</span> <span class='ocrx_word' id='word_1_465' title='bbox 1631 1478 1695 1504; x_wconf 63' lang='lat' dir='ltr'><strong>&quot;Ure</strong></span> <span class='ocrx_word' id='word_1_466' title='bbox 1713 1476 1759 1503; x_wconf 77' lang='grc' dir='ltr'>καὶ</span> <span class='ocrx_word' id='word_1_467' title='bbox 1778 1477 1828 1503; x_wconf 81' lang='grc' dir='ltr'><strong>ἀπ-</strong></span> 
     </span>
    </p>
   </div>
   <div class='ocr_carea' id='block_1_62' title="bbox 202 1517 984 1561">
    <p class='ocr_par' dir='ltr' id='par_1_62' title="bbox 202 1517 984 1553">
     <span class='ocr_line' id='line_1_62' title="bbox 202 1517 984 1553; baseline 0 -9"><span class='ocrx_word' id='word_1_468' title='bbox 202 1517 397 1553; x_wconf 64' lang='lat' dir='ltr'><strong>praaﬁgurabat</strong></span> <span class='ocrx_word' id='word_1_469' title='bbox 410 1527 417 1544; x_wconf 75' lang='grc' dir='ltr'><strong>ι</strong></span> <span class='ocrx_word' id='word_1_470' title='bbox 432 1522 509 1553; x_wconf 86' lang='lat' dir='ltr'><strong>petra</strong></span> <span class='ocrx_word' id='word_1_471' title='bbox 524 1518 598 1545; x_wconf 87' lang='lat' dir='ltr'><strong>enim</strong></span> <span class='ocrx_word' id='word_1_472' title='bbox 611 1518 747 1550; x_wconf 86' lang='lat' dir='ltr'><strong>Christus,</strong></span> <span class='ocrx_word' id='word_1_473' title='bbox 759 1525 839 1553; x_wconf 91' lang='lat' dir='ltr'><strong>quem</strong></span> <span class='ocrx_word' id='word_1_474' title='bbox 857 1522 984 1552; x_wconf 85' lang='lat' dir='ltr'><strong>tauquam</strong></span> 
     </span>
    </p>
   </div>
   <div class='ocr_carea' id='block_1_63' title="bbox 1036 1517 1827 1561">
    <p class='ocr_par' dir='ltr' id='par_1_63' title="bbox 1039 1521 1827 1561">
     <span class='ocr_line' id='line_1_63' title="bbox 1039 1521 1827 1561; baseline -0.006 -9"><span class='ocrx_word' id='word_1_475' title='bbox 1039 1527 1102 1561; x_wconf 77' lang='grc' dir='ltr'>έδρα</span> <span class='ocrx_word' id='word_1_476' title='bbox 1119 1526 1242 1558; x_wconf 78' lang='grc' dir='ltr'>θάνατος,</span> <span class='ocrx_word' id='word_1_477' title='bbox 1257 1526 1303 1551; x_wconf 69' lang='grc' dir='ltr'>καὶ</span> <span class='ocrx_word' id='word_1_478' title='bbox 1320 1525 1369 1559; x_wconf 84' lang='grc' dir='ltr'><strong>τῆς</strong></span> <span class='ocrx_word' id='word_1_479' title='bbox 1385 1525 1414 1551; x_wconf 81' lang='grc' dir='ltr'>ὲν</span> <span class='ocrx_word' id='word_1_480' title='bbox 1428 1524 1537 1560; x_wconf 82' lang='grc' dir='ltr'>Χριστῷ</span> <span class='ocrx_word' id='word_1_481' title='bbox 1551 1521 1702 1558; x_wconf 81' lang='grc' dir='ltr'>περιτομῆς</span> <span class='ocrx_word' id='word_1_482' title='bbox 1716 1530 1827 1556; x_wconf 82' lang='grc' dir='ltr'>τετιμη-</span> 
     </span>
    </p>
   </div>
   <div class='ocr_carea' id='block_1_64' title="bbox 201 1550 1020 1597">
    <p class='ocr_par' dir='ltr' id='par_1_64' title="bbox 201 1550 1020 1597">
     <span class='ocr_line' id='line_1_64' title="bbox 201 1550 1020 1597; baseline -0.004 -8"><span class='ocrx_word' id='word_1_483' title='bbox 201 1550 228 1589; x_wconf 76' lang='lat' dir='ltr'><strong>in</strong></span> <span class='ocrx_word' id='word_1_484' title='bbox 240 1550 336 1597; x_wconf 74' lang='lat' dir='ltr'><strong>ﬁgura,</strong></span> <span class='ocrx_word' id='word_1_485' title='bbox 351 1566 380 1589; x_wconf 91' lang='lat' dir='ltr'><strong>ut</strong></span> <span class='ocrx_word' id='word_1_486' title='bbox 398 1550 479 1589; x_wconf 77' lang='lat' dir='ltr'><strong>modo</strong></span> <span class='ocrx_word' id='word_1_487' title='bbox 493 1561 559 1594; x_wconf 87' lang='lat' dir='ltr'><strong>dixi,</strong></span> <span class='ocrx_word' id='word_1_488' title='bbox 585 1561 630 1588; x_wconf 89' lang='lat' dir='ltr'><strong>ille</strong></span> <span class='ocrx_word' id='word_1_489' title='bbox 652 1550 906 1596; x_wconf 45' lang='lat' dir='ltr'><strong>quoque—calculus</strong></span> <span class='ocrx_word' id='word_1_490' title='bbox 914 1550 985 1595; x_wconf 63' lang='lat' dir='ltr'><strong>prm-</strong></span> <span class='ocrx_word' id='word_1_491' title='bbox 999 1550 1020 1579; x_wconf 68' lang='grc' dir='ltr'><strong>(ἶ</strong></span> 
     </span>
    </p>
   </div>
   <div class='ocr_carea' id='block_1_65' title="bbox 200 1605 986 1642">
    <p class='ocr_par' dir='ltr' id='par_1_65' title="bbox 200 1605 986 1642">
     <span class='ocr_line' id='line_1_65' title="bbox 200 1605 986 1642; baseline -0.001 -8"><span class='ocrx_word' id='word_1_492' title='bbox 200 1611 289 1639; x_wconf 87' lang='lat' dir='ltr'><strong>notat,</strong></span> <span class='ocrx_word' id='word_1_493' title='bbox 302 1614 358 1642; x_wconf 92' lang='lat' dir='ltr'><strong>quo</strong></span> <span class='ocrx_word' id='word_1_494' title='bbox 378 1607 527 1642; x_wconf 76' lang='lat' dir='ltr'><strong>Sepphorze</strong></span> <span class='ocrx_word' id='word_1_495' title='bbox 538 1611 580 1634; x_wconf 80' lang='lat' dir='ltr'><strong>est</strong></span> <span class='ocrx_word' id='word_1_496' title='bbox 597 1606 668 1634; x_wconf 85' lang='lat' dir='ltr'><strong>ﬁlius</strong></span> <span class='ocrx_word' id='word_1_497' title='bbox 689 1607 870 1633; x_wconf 83' lang='lat' dir='ltr'><strong>circumcisus</strong></span> <span class='ocrx_word' id='word_1_498' title='bbox 882 1607 914 1631; x_wconf 80' lang='lat'><strong>“.</strong></span> <span class='ocrx_word' id='word_1_499' title='bbox 927 1605 986 1639; x_wconf 86' lang='lat' dir='ltr'><strong>Quo</strong></span> 
     </span>
    </p>
   </div>
   <div class='ocr_carea' id='block_1_66' title="bbox 202 1651 987 1687">
    <p class='ocr_par' dir='ltr' id='par_1_66' title="bbox 202 1651 987 1687">
     <span class='ocr_line' id='line_1_66' title="bbox 202 1651 987 1687; baseline -0.001 -8"><span class='ocrx_word' id='word_1_500' title='bbox 202 1656 326 1687; x_wconf 85' lang='lat' dir='ltr'><strong>tempore</strong></span> <span class='ocrx_word' id='word_1_501' title='bbox 343 1652 425 1679; x_wconf 85' lang='lat' dir='ltr'><strong>etiam</strong></span> <span class='ocrx_word' id='word_1_502' title='bbox 437 1659 511 1680; x_wconf 90' lang='lat' dir='ltr'><strong>mors</strong></span> <span class='ocrx_word' id='word_1_503' title='bbox 529 1652 645 1687; x_wconf 78' lang='lat' dir='ltr'><strong>aufugit,</strong></span> <span class='ocrx_word' id='word_1_504' title='bbox 662 1657 744 1686; x_wconf 82' lang='lat' dir='ltr'><strong>atque</strong></span> <span class='ocrx_word' id='word_1_505' title='bbox 756 1660 771 1679; x_wconf 90' lang='lat' dir='ltr'><strong>a</strong></span> <span class='ocrx_word' id='word_1_506' title='bbox 784 1652 873 1687; x_wconf 82' lang='lat' dir='ltr'><strong>Moyse</strong></span> <span class='ocrx_word' id='word_1_507' title='bbox 885 1651 987 1679; x_wconf 85' lang='lat' dir='ltr'><strong>disces—</strong></span> 
     </span>
    </p>
   </div>
   <div class='ocr_carea' id='block_1_67' title="bbox 200 1697 987 1733">
    <p class='ocr_par' dir='ltr' id='par_1_67' title="bbox 200 1697 987 1733">
     <span class='ocr_line' id='line_1_67' title="bbox 200 1697 987 1733; baseline -0.001 -9"><span class='ocrx_word' id='word_1_508' title='bbox 200 1697 236 1725; x_wconf 87' lang='lat' dir='ltr'><strong>sit</strong></span> <span class='ocrx_word' id='word_1_509' title='bbox 247 1698 281 1730; x_wconf 90' lang='lat' dir='ltr'><strong>is,</strong></span> <span class='ocrx_word' id='word_1_510' title='bbox 296 1698 343 1733; x_wconf 89' lang='lat' dir='ltr'><strong>qui</strong></span> <span class='ocrx_word' id='word_1_511' title='bbox 367 1698 444 1725; x_wconf 92' lang='lat' dir='ltr'><strong>illum</strong></span> <span class='ocrx_word' id='word_1_512' title='bbox 468 1698 608 1733; x_wconf 70' lang='lat' dir='ltr'><strong>quaerebat</strong></span> <span class='ocrx_word' id='word_1_513' title='bbox 622 1698 761 1730; x_wconf 84' lang='lat' dir='ltr'><strong>occidere,</strong></span> <span class='ocrx_word' id='word_1_514' title='bbox 783 1697 857 1732; x_wconf 88' lang='lat' dir='ltr'><strong>quod</strong></span> <span class='ocrx_word' id='word_1_515' title='bbox 874 1697 947 1724; x_wconf 91' lang='lat' dir='ltr'><strong>illius</strong></span> <span class='ocrx_word' id='word_1_516' title='bbox 960 1697 987 1724; x_wconf 90' lang='lat' dir='ltr'><strong>in</strong></span> 
     </span>
    </p>
   </div>
   <div class='ocr_carea' id='block_1_68' title="bbox 201 1743 986 1779">
    <p class='ocr_par' dir='ltr' id='par_1_68' title="bbox 201 1743 986 1779">
     <span class='ocr_line' id='line_1_68' title="bbox 201 1743 986 1779; baseline 0 -9"><span class='ocrx_word' id='word_1_517' title='bbox 201 1743 312 1771; x_wconf 84' lang='lat' dir='ltr'><strong>Christo</strong></span> <span class='ocrx_word' id='word_1_518' title='bbox 332 1743 555 1770; x_wconf 83' lang='lat' dir='ltr'><strong>circumcisionis</strong></span> <span class='ocrx_word' id='word_1_519' title='bbox 577 1743 739 1779; x_wconf 81' lang='lat' dir='ltr'><strong>mysterium</strong></span> <span class='ocrx_word' id='word_1_520' title='bbox 760 1743 931 1775; x_wconf 87' lang='lat' dir='ltr'><strong>honorarct;</strong></span> <span class='ocrx_word' id='word_1_521' title='bbox 960 1743 986 1770; x_wconf 83' lang='lat' dir='ltr'><strong>in</strong></span> 
     </span>
    </p>
   </div>
   <div class='ocr_carea' id='block_1_69' title="bbox 199 1789 988 1825">
    <p class='ocr_par' dir='ltr' id='par_1_69' title="bbox 199 1789 988 1825">
     <span class='ocr_line' id='line_1_69' title="bbox 199 1789 988 1825; baseline 0 -9"><span class='ocrx_word' id='word_1_522' title='bbox 199 1797 255 1824; x_wconf 91' lang='lat' dir='ltr'><strong>quo</strong></span> <span class='ocrx_word' id='word_1_523' title='bbox 267 1797 311 1816; x_wconf 84' lang='lat' dir='ltr'><strong>res</strong></span> <span class='ocrx_word' id='word_1_524' title='bbox 323 1789 382 1824; x_wconf 80' lang='lat' dir='ltr'><strong>ipsa</strong></span> <span class='ocrx_word' id='word_1_525' title='bbox 393 1794 468 1825; x_wconf 83' lang='lat' dir='ltr'><strong>gesta</strong></span> <span class='ocrx_word' id='word_1_526' title='bbox 481 1789 595 1824; x_wconf 84' lang='lat' dir='ltr'><strong>ﬁgurate</strong></span> <span class='ocrx_word' id='word_1_527' title='bbox 616 1789 697 1816; x_wconf 88' lang='lat' dir='ltr'><strong>nobis</strong></span> <span class='ocrx_word' id='word_1_528' title='bbox 718 1789 890 1816; x_wconf 83' lang='lat' dir='ltr'><strong>subclamare</strong></span> <span class='ocrx_word' id='word_1_529' title='bbox 911 1789 988 1816; x_wconf 83' lang='lat' dir='ltr'><strong>vide—</strong></span> 
     </span>
    </p>
   </div>
   <div class='ocr_carea' id='block_1_70' title="bbox 200 1833 987 1870">
    <p class='ocr_par' dir='ltr' id='par_1_70' title="bbox 200 1833 987 1870">
     <span class='ocr_line' id='line_1_70' title="bbox 200 1833 987 1870; baseline 0 -8"><span class='ocrx_word' id='word_1_530' title='bbox 200 1839 257 1868; x_wconf 88' lang='lat' dir='ltr'><strong>tur,</strong></span> <span class='ocrx_word' id='word_1_531' title='bbox 281 1843 336 1862; x_wconf 86' lang='lat' dir='ltr'><strong>non</strong></span> <span class='ocrx_word' id='word_1_532' title='bbox 354 1835 389 1862; x_wconf 85' lang='lat' dir='ltr'><strong>ab</strong></span> <span class='ocrx_word' id='word_1_533' title='bbox 404 1835 439 1862; x_wconf 90' lang='lat' dir='ltr'><strong>iis</strong></span> <span class='ocrx_word' id='word_1_534' title='bbox 462 1835 554 1868; x_wconf 87' lang='lat' dir='ltr'><strong>modo,</strong></span> <span class='ocrx_word' id='word_1_535' title='bbox 578 1835 627 1870; x_wconf 91' lang='lat' dir='ltr'><strong>qui</strong></span> <span class='ocrx_word' id='word_1_536' title='bbox 649 1833 752 1862; x_wconf 87' lang='lat' dir='ltr'><strong>Christi</strong></span> <span class='ocrx_word' id='word_1_537' title='bbox 778 1835 987 1863; x_wconf 85' lang='lat' dir='ltr'><strong>circumcisione</strong></span> 
     </span>
    </p>
   </div>
   <div class='ocr_carea' id='block_1_71' title="bbox 200 1881 988 1921">
    <p class='ocr_par' dir='ltr' id='par_1_71' title="bbox 200 1881 988 1921">
     <span class='ocr_line' id='line_1_71' title="bbox 200 1881 988 1921; baseline -0.001 -12"><span class='ocrx_word' id='word_1_538' title='bbox 200 1881 303 1916; x_wconf 79' lang='lat' dir='ltr'><strong>dignati</strong></span> <span class='ocrx_word' id='word_1_539' title='bbox 316 1885 390 1921; x_wconf 73' lang='lat' dir='ltr'><strong>sunt,</strong></span> <span class='ocrx_word' id='word_1_540' title='bbox 401 1881 547 1909; x_wconf 83' lang='lat' dir='ltr'><strong>recessisse</strong></span> <span class='ocrx_word' id='word_1_541' title='bbox 559 1884 674 1908; x_wconf 83' lang='lat' dir='ltr'><strong>mortem</strong></span> <span class='ocrx_word' id='word_1_542' title='bbox 685 1890 692 1914; x_wconf 92' lang='lat'><strong>;</strong></span> <span class='ocrx_word' id='word_1_543' title='bbox 705 1881 760 1916; x_wconf 80' lang='lat'><strong>79</strong></span> <span class='ocrx_word' id='word_1_544' title='bbox 770 1882 818 1909; x_wconf 88' lang='lat' dir='ltr'><strong>sed</strong></span> <span class='ocrx_word' id='word_1_545' title='bbox 830 1882 894 1916; x_wconf 84' lang='lat' dir='ltr'><strong>ipsis</strong></span> <span class='ocrx_word' id='word_1_546' title='bbox 905 1882 988 1909; x_wconf 86' lang='lat' dir='ltr'><strong>etiam</strong></span> 
     </span>
    </p>
   </div>
   <div class='ocr_carea' id='block_1_72' title="bbox 200 1926 986 1962">
    <p class='ocr_par' dir='ltr' id='par_1_72' title="bbox 200 1926 986 1962">
     <span class='ocr_line' id='line_1_72' title="bbox 200 1926 986 1962; baseline -0.001 -8"><span class='ocrx_word' id='word_1_547' title='bbox 200 1928 324 1962; x_wconf 88' lang='lat' dir='ltr'><strong>patribus</strong></span> <span class='ocrx_word' id='word_1_548' title='bbox 346 1935 407 1954; x_wconf 88' lang='lat' dir='ltr'><strong>eam</strong></span> <span class='ocrx_word' id='word_1_549' title='bbox 432 1935 510 1959; x_wconf 86' lang='lat' dir='ltr'><strong>rem,</strong></span> <span class='ocrx_word' id='word_1_550' title='bbox 533 1926 648 1955; x_wconf 80' lang='lat' dir='ltr'><strong>Christi.</strong></span> <span class='ocrx_word' id='word_1_551' title='bbox 671 1926 793 1961; x_wconf 88' lang='lat' dir='ltr'><strong>inquam,</strong></span> <span class='ocrx_word' id='word_1_552' title='bbox 816 1927 986 1962; x_wconf 74' lang='lat' dir='ltr'><strong>mysterium,</strong></span> 
     </span>
    </p>
   </div>
   <div class='ocr_carea' id='block_1_73' title="bbox 200 1971 988 2000">
    <p class='ocr_par' dir='ltr' id='par_1_73' title="bbox 200 1971 988 2000">
     <span class='ocr_line' id='line_1_73' title="bbox 200 1971 988 2000; baseline 0.001 -1"><span class='ocrx_word' id='word_1_553' title='bbox 200 1972 302 2000; x_wconf 85' lang='lat' dir='ltr'><strong>auxilio</strong></span> <span class='ocrx_word' id='word_1_554' title='bbox 315 1972 409 2000; x_wconf 81' lang='lat' dir='ltr'><strong>fuisse.</strong></span> <span class='ocrx_word' id='word_1_555' title='bbox 433 1971 553 2000; x_wconf 89' lang='lat' dir='ltr'><strong>Utenim</strong></span> <span class='ocrx_word' id='word_1_556' title='bbox 565 1979 660 1998; x_wconf 88' lang='lat' dir='ltr'><strong>omnes</strong></span> <span class='ocrx_word' id='word_1_557' title='bbox 673 1971 701 1998; x_wconf 91' lang='lat' dir='ltr'><strong>in</strong></span> <span class='ocrx_word' id='word_1_558' title='bbox 720 1971 805 1998; x_wconf 85' lang='lat' dir='ltr'><strong>Adam</strong></span> <span class='ocrx_word' id='word_1_559' title='bbox 828 1973 929 2000; x_wconf 89' lang='lat' dir='ltr'><strong>mortui</strong></span> <span class='ocrx_word' id='word_1_560' title='bbox 940 1981 988 2000; x_wconf 72' lang='grc' dir='ltr'>διι-</span> 
     </span>
    </p>
   </div>
   <div class='ocr_carea' id='block_1_74' title="bbox 200 2016 988 2052">
    <p class='ocr_par' dir='ltr' id='par_1_74' title="bbox 200 2016 988 2052">
     <span class='ocr_line' id='line_1_74' title="bbox 200 2016 988 2052; baseline 0 -7"><span class='ocrx_word' id='word_1_561' title='bbox 200 2025 272 2050; x_wconf 90' lang='lat' dir='ltr'><strong>mus,</strong></span> <span class='ocrx_word' id='word_1_562' title='bbox 295 2018 335 2045; x_wconf 88' lang='lat' dir='ltr'><strong>sic</strong></span> <span class='ocrx_word' id='word_1_563' title='bbox 362 2018 390 2044; x_wconf 93' lang='lat' dir='ltr'><strong>in</strong></span> <span class='ocrx_word' id='word_1_564' title='bbox 410 2025 507 2044; x_wconf 87' lang='lat' dir='ltr'><strong>omnes</strong></span> <span class='ocrx_word' id='word_1_565' title='bbox 519 2020 630 2052; x_wconf 74' lang='lat' dir='ltr'><strong>qucque</strong></span> <span class='ocrx_word' id='word_1_566' title='bbox 642 2017 688 2043; x_wconf 86' lang='lat' dir='ltr'><strong>illa</strong></span> <span class='ocrx_word' id='word_1_567' title='bbox 699 2024 749 2051; x_wconf 90' lang='lat' dir='ltr'><strong>per</strong></span> <span class='ocrx_word' id='word_1_568' title='bbox 763 2016 904 2044; x_wconf 89' lang='lat' dir='ltr'><strong>Christum</strong></span> <span class='ocrx_word' id='word_1_569' title='bbox 925 2026 988 2052; x_wconf 79' lang='lat' dir='ltr'><strong>gra-</strong></span> 
     </span>
    </p>
   </div>
   <div class='ocr_carea' id='block_1_75' title="bbox 201 2062 989 2097">
    <p class='ocr_par' dir='ltr' id='par_1_75' title="bbox 201 2062 989 2097">
     <span class='ocr_line' id='line_1_75' title="bbox 201 2062 989 2097; baseline 0.001 -7"><span class='ocrx_word' id='word_1_570' title='bbox 201 2063 240 2090; x_wconf 88' lang='lat' dir='ltr'><strong>tia</strong></span> <span class='ocrx_word' id='word_1_571' title='bbox 251 2063 338 2090; x_wconf 77' lang='lat' dir='ltr'><strong>fertur</strong></span> <span class='ocrx_word' id='word_1_572' title='bbox 351 2071 383 2090; x_wconf 85' lang='lat' dir='ltr'><strong>ac</strong></span> <span class='ocrx_word' id='word_1_573' title='bbox 396 2063 531 2090; x_wconf 84' lang='lat' dir='ltr'><strong>funditur.</strong></span> <span class='ocrx_word' id='word_1_574' title='bbox 544 2062 609 2089; x_wconf 91' lang='lat' dir='ltr'><strong>Ideo</strong></span> <span class='ocrx_word' id='word_1_575' title='bbox 621 2068 739 2097; x_wconf 81' lang='lat' dir='ltr'><strong>namque</strong></span> <span class='ocrx_word' id='word_1_576' title='bbox 756 2066 881 2090; x_wconf 89' lang='lat' dir='ltr'><strong>mortuus</strong></span> <span class='ocrx_word' id='word_1_577' title='bbox 892 2068 944 2095; x_wconf 87' lang='lat' dir='ltr'><strong>est,</strong></span> <span class='ocrx_word' id='word_1_578' title='bbox 959 2067 989 2091; x_wconf 87' lang='lat' dir='ltr'><strong>ut</strong></span> 
     </span>
    </p>
   </div>
   <div class='ocr_carea' id='block_1_76' title="bbox 200 2107 990 2143">
    <p class='ocr_par' dir='ltr' id='par_1_76' title="bbox 200 2107 990 2143">
     <span class='ocr_line' id='line_1_76' title="bbox 200 2107 990 2143; baseline 0 -8"><span class='ocrx_word' id='word_1_579' title='bbox 200 2112 229 2135; x_wconf 87' lang='lat' dir='ltr'><strong>et</strong></span> <span class='ocrx_word' id='word_1_580' title='bbox 240 2109 358 2135; x_wconf 87' lang='lat' dir='ltr'><strong>mortuis</strong></span> <span class='ocrx_word' id='word_1_581' title='bbox 368 2112 396 2135; x_wconf 86' lang='lat' dir='ltr'><strong>et</strong></span> <span class='ocrx_word' id='word_1_582' title='bbox 409 2108 480 2134; x_wconf 88' lang='lat' dir='ltr'><strong>vivis</strong></span> <span class='ocrx_word' id='word_1_583' title='bbox 491 2107 693 2134; x_wconf 85' lang='lat' dir='ltr'><strong>dominaretur.</strong></span> <span class='ocrx_word' id='word_1_584' title='bbox 706 2107 778 2141; x_wconf 78' lang='lat' dir='ltr'><strong>Ergo</strong></span> <span class='ocrx_word' id='word_1_585' title='bbox 791 2107 838 2135; x_wconf 90' lang='lat' dir='ltr'><strong>illo</strong></span> <span class='ocrx_word' id='word_1_586' title='bbox 850 2107 910 2143; x_wconf 85' lang='lat' dir='ltr'><strong>ipso</strong></span> <span class='ocrx_word' id='word_1_587' title='bbox 922 2112 990 2135; x_wconf 86' lang='lat' dir='ltr'><strong>tem-</strong></span> 
     </span>
    </p>
   </div>
   <div class='ocr_carea' id='block_1_77' title="bbox 201 2153 988 2190">
    <p class='ocr_par' dir='ltr' id='par_1_77' title="bbox 201 2153 988 2190">
     <span class='ocr_line' id='line_1_77' title="bbox 201 2153 988 2190; baseline 0.003 -9"><span class='ocrx_word' id='word_1_588' title='bbox 201 2161 278 2189; x_wconf 91' lang='lat' dir='ltr'><strong>pore,</strong></span> <span class='ocrx_word' id='word_1_589' title='bbox 292 2161 347 2189; x_wconf 91' lang='lat' dir='ltr'><strong>quo</strong></span> <span class='ocrx_word' id='word_1_590' title='bbox 356 2154 450 2189; x_wconf 89' lang='lat' dir='ltr'><strong>junior</strong></span> <span class='ocrx_word' id='word_1_591' title='bbox 462 2153 580 2188; x_wconf 90' lang='lat' dir='ltr'><strong>populus</strong></span> <span class='ocrx_word' id='word_1_592' title='bbox 592 2153 809 2187; x_wconf 85' lang='lat' dir='ltr'><strong>circumciditur,</strong></span> <span class='ocrx_word' id='word_1_593' title='bbox 821 2155 901 2182; x_wconf 89' lang='lat' dir='ltr'><strong>simul</strong></span> <span class='ocrx_word' id='word_1_594' title='bbox 918 2163 988 2190; x_wconf 78' lang='lat' dir='ltr'><strong>quo—</strong></span> 
     </span>
    </p>
   </div>
   <div class='ocr_carea' id='block_1_78' title="bbox 202 2199 989 2237">
    <p class='ocr_par' dir='ltr' id='par_1_78' title="bbox 202 2199 989 2237">
     <span class='ocr_line' id='line_1_78' title="bbox 202 2199 989 2237; baseline 0.004 -11"><span class='ocrx_word' id='word_1_595' title='bbox 202 2206 255 2234; x_wconf 88' lang='lat' dir='ltr'><strong>que</strong></span> <span class='ocrx_word' id='word_1_596' title='bbox 261 2199 448 2234; x_wconf 89' lang='lat' dir='ltr'><strong>patribusvita</strong></span> <span class='ocrx_word' id='word_1_597' title='bbox 460 2199 719 2233; x_wconf 67' lang='lat' dir='ltr'><strong>pmstaturNivunt</strong></span> <span class='ocrx_word' id='word_1_598' title='bbox 729 2201 801 2227; x_wconf 83' lang='lat' dir='ltr'><strong>enim</strong></span> <span class='ocrx_word' id='word_1_599' title='bbox 812 2200 867 2228; x_wconf 90' lang='lat' dir='ltr'><strong>Deo</strong></span> <span class='ocrx_word' id='word_1_600' title='bbox 876 2209 920 2234; x_wconf 84' lang='lat' dir='ltr'><strong>eo,</strong></span> <span class='ocrx_word' id='word_1_601' title='bbox 929 2202 989 2237; x_wconf 90' lang='lat' dir='ltr'><strong>ipso</strong></span> 
     </span>
    </p>
   </div>
   <div class='ocr_carea' id='block_1_79' title="bbox 202 2244 988 2282">
    <p class='ocr_par' dir='ltr' id='par_1_79' title="bbox 202 2244 988 2282">
     <span class='ocr_line' id='line_1_79' title="bbox 202 2244 988 2282; baseline 0.005 -11"><span class='ocrx_word' id='word_1_602' title='bbox 202 2245 275 2280; x_wconf 89' lang='lat' dir='ltr'><strong>quod</strong></span> <span class='ocrx_word' id='word_1_603' title='bbox 288 2244 386 2272; x_wconf 88' lang='lat' dir='ltr'><strong>victuri</strong></span> <span class='ocrx_word' id='word_1_604' title='bbox 402 2249 465 2271; x_wconf 87' lang='lat' dir='ltr'><strong>sunt</strong></span> <span class='ocrx_word' id='word_1_605' title='bbox 478 2254 484 2271; x_wconf 91' lang='lat'><strong>:</strong></span> <span class='ocrx_word' id='word_1_606' title='bbox 502 2245 529 2272; x_wconf 94' lang='lat' dir='ltr'><strong>id</strong></span> <span class='ocrx_word' id='word_1_607' title='bbox 540 2245 614 2272; x_wconf 86' lang='lat' dir='ltr'><strong>enim</strong></span> <span class='ocrx_word' id='word_1_608' title='bbox 643 2246 730 2274; x_wconf 86' lang='lat' dir='ltr'><strong>sacris</strong></span> <span class='ocrx_word' id='word_1_609' title='bbox 741 2246 830 2274; x_wconf 88' lang='lat' dir='ltr'><strong>Libris</strong></span> <span class='ocrx_word' id='word_1_610' title='bbox 840 2251 883 2274; x_wconf 89' lang='lat' dir='ltr'><strong>est</strong></span> <span class='ocrx_word' id='word_1_611' title='bbox 894 2248 988 2282; x_wconf 92' lang='lat' dir='ltr'><strong>prodi-</strong></span> 
     </span>
    </p>
   </div>
   <div class='ocr_carea' id='block_1_80' title="bbox 203 2289 990 2328">
    <p class='ocr_par' dir='ltr' id='par_1_80' title="bbox 203 2289 990 2328">
     <span class='ocr_line' id='line_1_80' title="bbox 203 2289 990 2328; baseline 0.004 -11"><span class='ocrx_word' id='word_1_612' title='bbox 203 2295 260 2318; x_wconf 89' lang='lat' dir='ltr'><strong>tum</strong></span> <span class='ocrx_word' id='word_1_613' title='bbox 287 2291 321 2316; x_wconf 84' lang='lat'><strong>&quot;.</strong></span> <span class='ocrx_word' id='word_1_614' title='bbox 344 2289 502 2325; x_wconf 88' lang='lat' dir='ltr'><strong>Spiritualis</strong></span> <span class='ocrx_word' id='word_1_615' title='bbox 530 2298 613 2325; x_wconf 91' lang='lat' dir='ltr'><strong>porro</strong></span> <span class='ocrx_word' id='word_1_616' title='bbox 634 2291 854 2320; x_wconf 88' lang='lat' dir='ltr'><strong>circumcisionis</strong></span> <span class='ocrx_word' id='word_1_617' title='bbox 881 2298 990 2328; x_wconf 80' lang='lat' dir='ltr'><strong>tempus</strong></span> 
     </span>
    </p>
   </div>
   <div class='ocr_carea' id='block_1_81' title="bbox 202 2335 989 2374">
    <p class='ocr_par' dir='ltr' id='par_1_81' title="bbox 202 2335 989 2374">
     <span class='ocr_line' id='line_1_81' title="bbox 202 2335 989 2374; baseline 0.005 -12"><span class='ocrx_word' id='word_1_618' title='bbox 202 2335 305 2363; x_wconf 89' lang='lat' dir='ltr'><strong>Christi</strong></span> <span class='ocrx_word' id='word_1_619' title='bbox 318 2335 453 2363; x_wconf 85' lang='lat' dir='ltr'><strong>adventus</strong></span> <span class='ocrx_word' id='word_1_620' title='bbox 464 2339 523 2363; x_wconf 88' lang='lat' dir='ltr'><strong>est:</strong></span> <span class='ocrx_word' id='word_1_621' title='bbox 536 2337 595 2371; x_wconf 90' lang='lat' dir='ltr'><strong>qui,</strong></span> <span class='ocrx_word' id='word_1_622' title='bbox 608 2338 733 2372; x_wconf 82' lang='lat' dir='ltr'><strong>quamvis</strong></span> <span class='ocrx_word' id='word_1_623' title='bbox 747 2338 838 2374; x_wconf 84' lang='lat' dir='ltr'><strong>Moyse</strong></span> <span class='ocrx_word' id='word_1_624' title='bbox 862 2339 898 2366; x_wconf 87' lang='lat' dir='ltr'><strong>sit</strong></span> <span class='ocrx_word' id='word_1_625' title='bbox 919 2340 989 2366; x_wconf 86' lang='lat' dir='ltr'><strong>anti-</strong></span> 
     </span>
    </p>
   </div>
   <div class='ocr_carea' id='block_1_82' title="bbox 202 2382 989 2418">
    <p class='ocr_par' dir='ltr' id='par_1_82' title="bbox 202 2382 989 2418">
     <span class='ocr_line' id='line_1_82' title="bbox 202 2382 989 2418; baseline 0.006 -10"><span class='ocrx_word' id='word_1_626' title='bbox 202 2382 293 2416; x_wconf 90' lang='lat' dir='ltr'><strong>quior,</strong></span> <span class='ocrx_word' id='word_1_627' title='bbox 308 2385 339 2408; x_wconf 88' lang='lat' dir='ltr'><strong>ut</strong></span> <span class='ocrx_word' id='word_1_628' title='bbox 351 2382 439 2414; x_wconf 86' lang='lat' dir='ltr'><strong>Deus;</strong></span> <span class='ocrx_word' id='word_1_629' title='bbox 454 2382 525 2409; x_wconf 87' lang='lat' dir='ltr'><strong>idem</strong></span> <span class='ocrx_word' id='word_1_630' title='bbox 554 2386 645 2410; x_wconf 89' lang='lat' dir='ltr'><strong>tamen</strong></span> <span class='ocrx_word' id='word_1_631' title='bbox 671 2384 810 2418; x_wconf 87' lang='lat' dir='ltr'><strong>posterior</strong></span> <span class='ocrx_word' id='word_1_632' title='bbox 832 2388 885 2417; x_wconf 88' lang='lat' dir='ltr'><strong>est,</strong></span> <span class='ocrx_word' id='word_1_633' title='bbox 900 2393 934 2412; x_wconf 86' lang='lat' dir='ltr'><strong>ex</strong></span> <span class='ocrx_word' id='word_1_634' title='bbox 956 2393 989 2413; x_wconf 87' lang='lat' dir='ltr'><strong>eo</strong></span> 
     </span>
    </p>
   </div>
   <div class='ocr_carea' id='block_1_83' title="bbox 203 2426 988 2462">
    <p class='ocr_par' dir='ltr' id='par_1_83' title="bbox 203 2426 988 2462">
     <span class='ocr_line' id='line_1_83' title="bbox 203 2426 988 2462; baseline 0.008 -10"><span class='ocrx_word' id='word_1_635' title='bbox 203 2426 277 2460; x_wconf 90' lang='lat' dir='ltr'><strong>quod</strong></span> <span class='ocrx_word' id='word_1_636' title='bbox 288 2426 371 2453; x_wconf 90' lang='lat' dir='ltr'><strong>homo</strong></span> <span class='ocrx_word' id='word_1_637' title='bbox 382 2427 508 2462; x_wconf 88' lang='lat' dir='ltr'><strong>apparuit</strong></span> <span class='ocrx_word' id='word_1_638' title='bbox 519 2428 619 2456; x_wconf 89' lang='lat' dir='ltr'><strong>missus</strong></span> <span class='ocrx_word' id='word_1_639' title='bbox 640 2428 674 2456; x_wconf 91' lang='lat' dir='ltr'><strong>ad</strong></span> <span class='ocrx_word' id='word_1_640' title='bbox 696 2429 879 2457; x_wconf 86' lang='lat' dir='ltr'><strong>ministerium</strong></span> <span class='ocrx_word' id='word_1_641' title='bbox 897 2435 988 2458; x_wconf 86' lang='lat' dir='ltr'><strong>nostra</strong></span> 
     </span>
    </p>
   </div>
   <div class='ocr_carea' id='block_1_84' title="bbox 204 2473 987 2510">
    <p class='ocr_par' dir='ltr' id='par_1_84' title="bbox 204 2473 987 2510">
     <span class='ocr_line' id='line_1_84' title="bbox 204 2473 987 2510; baseline 0.006 -11"><span class='ocrx_word' id='word_1_642' title='bbox 204 2480 285 2500; x_wconf 87' lang='lat' dir='ltr'><strong>causa</strong></span> <span class='ocrx_word' id='word_1_643' title='bbox 310 2477 477 2508; x_wconf 86' lang='lat' dir='ltr'><strong>susceptum.</strong></span> <span class='ocrx_word' id='word_1_644' title='bbox 504 2473 590 2501; x_wconf 84' lang='lat' dir='ltr'><strong>Velim</strong></span> <span class='ocrx_word' id='word_1_645' title='bbox 617 2482 735 2510; x_wconf 86' lang='lat' dir='ltr'><strong>namque</strong></span> <span class='ocrx_word' id='word_1_646' title='bbox 767 2475 987 2510; x_wconf 83' lang='lat' dir='ltr'><strong>animadvertas,</strong></span> 
     </span>
    </p>
   </div>
   <div class='ocr_carea' id='block_1_85' title="bbox 204 2518 989 2556">
    <p class='ocr_par' dir='ltr' id='par_1_85' title="bbox 204 2518 989 2556">
     <span class='ocr_line' id='line_1_85' title="bbox 204 2518 989 2556; baseline 0.006 -11"><span class='ocrx_word' id='word_1_647' title='bbox 204 2518 313 2553; x_wconf 80' lang='lat' dir='ltr'><strong>Moysen</strong></span> <span class='ocrx_word' id='word_1_648' title='bbox 337 2519 414 2553; x_wconf 87' lang='lat' dir='ltr'><strong>prius</strong></span> <span class='ocrx_word' id='word_1_649' title='bbox 431 2520 549 2547; x_wconf 84' lang='lat' dir='ltr'><strong>electum</strong></span> <span class='ocrx_word' id='word_1_650' title='bbox 569 2528 584 2547; x_wconf 88' lang='lat' dir='ltr'><strong>a</strong></span> <span class='ocrx_word' id='word_1_651' title='bbox 605 2521 662 2548; x_wconf 87' lang='lat' dir='ltr'><strong>Deo</strong></span> <span class='ocrx_word' id='word_1_652' title='bbox 687 2521 783 2552; x_wconf 81' lang='lat' dir='ltr'><strong>fuisse,</strong></span> <span class='ocrx_word' id='word_1_653' title='bbox 804 2526 899 2556; x_wconf 81' lang='lat' dir='ltr'><strong>postea</strong></span> <span class='ocrx_word' id='word_1_654' title='bbox 922 2531 989 2551; x_wconf 89' lang='lat' dir='ltr'><strong>vero</strong></span> 
     </span>
    </p>
   </div>
   <div class='ocr_carea' id='block_1_86' title="bbox 203 2563 987 2601">
    <p class='ocr_par' dir='ltr' id='par_1_86' title="bbox 203 2563 987 2601">
     <span class='ocr_line' id='line_1_86' title="bbox 203 2563 987 2601; baseline 0.008 -11"><span class='ocrx_word' id='word_1_655' title='bbox 203 2563 295 2590; x_wconf 81' lang='lat' dir='ltr'><strong>Aaron</strong></span> <span class='ocrx_word' id='word_1_656' title='bbox 312 2564 470 2599; x_wconf 89' lang='lat' dir='ltr'><strong>adjunctum</strong></span> <span class='ocrx_word' id='word_1_657' title='bbox 484 2573 491 2592; x_wconf 91' lang='lat'><strong>:</strong></span> <span class='ocrx_word' id='word_1_658' title='bbox 516 2565 544 2592; x_wconf 88' lang='lat' dir='ltr'><strong>in</strong></span> <span class='ocrx_word' id='word_1_659' title='bbox 556 2572 611 2600; x_wconf 91' lang='lat' dir='ltr'><strong>quo</strong></span> <span class='ocrx_word' id='word_1_660' title='bbox 626 2565 672 2592; x_wconf 88' lang='lat' dir='ltr'><strong>ille</strong></span> <span class='ocrx_word' id='word_1_661' title='bbox 695 2565 891 2601; x_wconf 65' lang='lat' dir='ltr'><strong>prmﬁguravit,</strong></span> <span class='ocrx_word' id='word_1_662' title='bbox 907 2567 987 2596; x_wconf 90' lang='lat' dir='ltr'><strong>Chri-</strong></span> 
     </span>
    </p>
   </div>
   <div class='ocr_carea' id='block_1_87' title="bbox 205 2609 989 2651">
    <p class='ocr_par' dir='ltr' id='par_1_87' title="bbox 205 2609 989 2651">
     <span class='ocr_line' id='line_1_87' title="bbox 205 2609 989 2651; baseline 0.01 -16"><span class='ocrx_word' id='word_1_663' title='bbox 205 2609 239 2636; x_wconf 87' lang='lat' dir='ltr'><strong>sti</strong></span> <span class='ocrx_word' id='word_1_664' title='bbox 267 2609 479 2639; x_wconf 85' lang='lat' dir='ltr'><strong>declarationem</strong></span> <span class='ocrx_word' id='word_1_665' title='bbox 513 2611 650 2646; x_wconf 79' lang='lat' dir='ltr'><strong>legatione</strong></span> <span class='ocrx_word' id='word_1_666' title='bbox 672 2619 705 2639; x_wconf 88' lang='lat' dir='ltr'><strong>ac</strong></span> <span class='ocrx_word' id='word_1_667' title='bbox 729 2612 885 2641; x_wconf 89' lang='lat' dir='ltr'><strong>ministerio</strong></span> <span class='ocrx_word' id='word_1_668' title='bbox 905 2614 989 2651; x_wconf 79' lang='lat' dir='ltr'><strong>Moysi</strong></span> 
     </span>
    </p>
   </div>
   <div class='ocr_carea' id='block_1_88' title="bbox 205 2656 989 2697">
    <p class='ocr_par' dir='ltr' id='par_1_88' title="bbox 205 2656 989 2697">
     <span class='ocr_line' id='line_1_88' title="bbox 205 2656 989 2697; baseline 0.009 -16"><span class='ocrx_word' id='word_1_669' title='bbox 205 2659 326 2689; x_wconf 90' lang='lat' dir='ltr'><strong>tempore</strong></span> <span class='ocrx_word' id='word_1_670' title='bbox 338 2656 519 2690; x_wconf 87' lang='lat' dir='ltr'><strong>posteriorem</strong></span> <span class='ocrx_word' id='word_1_671' title='bbox 534 2656 634 2690; x_wconf 80' lang='lat' dir='ltr'><strong>fuisse;</strong></span> <span class='ocrx_word' id='word_1_672' title='bbox 648 2657 694 2692; x_wconf 93' lang='lat' dir='ltr'><strong>qui</strong></span> <span class='ocrx_word' id='word_1_673' title='bbox 707 2658 819 2693; x_wconf 62' lang='lat' dir='ltr'><strong>aequalis</strong></span> <span class='ocrx_word' id='word_1_674' title='bbox 830 2663 890 2687; x_wconf 79' lang='lat' dir='ltr'><strong>erat</strong></span> <span class='ocrx_word' id='word_1_675' title='bbox 904 2660 989 2697; x_wconf 87' lang='lat' dir='ltr'><strong>Moysi</strong></span> 
     </span>
    </p>
   </div>
   <div class='ocr_carea' id='block_1_89' title="bbox 204 2701 989 2740">
    <p class='ocr_par' dir='ltr' id='par_1_89' title="bbox 204 2701 989 2740">
     <span class='ocr_line' id='line_1_89' title="bbox 204 2701 989 2740; baseline 0.009 -13"><span class='ocrx_word' id='word_1_676' title='bbox 204 2705 316 2735; x_wconf 81' lang='lat' dir='ltr'><strong>propter</strong></span> <span class='ocrx_word' id='word_1_677' title='bbox 338 2701 547 2734; x_wconf 89' lang='lat' dir='ltr'><strong>humanitatem,</strong></span> <span class='ocrx_word' id='word_1_678' title='bbox 573 2702 620 2729; x_wconf 88' lang='lat' dir='ltr'><strong>sed</strong></span> <span class='ocrx_word' id='word_1_679' title='bbox 634 2703 706 2737; x_wconf 89' lang='lat' dir='ltr'><strong>quod</strong></span> <span class='ocrx_word' id='word_1_680' title='bbox 723 2707 781 2731; x_wconf 88' lang='lat' dir='ltr'><strong>erat</strong></span> <span class='ocrx_word' id='word_1_681' title='bbox 800 2704 856 2732; x_wconf 86' lang='lat' dir='ltr'><strong>Deo</strong></span> <span class='ocrx_word' id='word_1_682' title='bbox 876 2711 989 2740; x_wconf 87' lang='lat' dir='ltr'><strong>parente</strong></span> 
     </span>
    </p>
   </div>
   <div class='ocr_carea' id='block_1_90' title="bbox 204 2747 986 2786">
    <p class='ocr_par' dir='ltr' id='par_1_90' title="bbox 204 2747 986 2786">
     <span class='ocr_line' id='line_1_90' title="bbox 204 2747 986 2786; baseline 0.009 -12"><span class='ocrx_word' id='word_1_683' title='bbox 204 2747 322 2781; x_wconf 77' lang='lat' dir='ltr'><strong>genitus,</strong></span> <span class='ocrx_word' id='word_1_684' title='bbox 346 2748 438 2775; x_wconf 78' lang='lat' dir='ltr'><strong>divina</strong></span> <span class='ocrx_word' id='word_1_685' title='bbox 463 2749 657 2784; x_wconf 78' lang='lat' dir='ltr'><strong>praestantique</strong></span> <span class='ocrx_word' id='word_1_686' title='bbox 678 2751 838 2778; x_wconf 86' lang='lat' dir='ltr'><strong>excellentia</strong></span> <span class='ocrx_word' id='word_1_687' title='bbox 857 2752 986 2786; x_wconf 83' lang='lat' dir='ltr'><strong>pollebat.</strong></span> 
     </span>
    </p>
   </div>
   <div class='ocr_carea' id='block_1_91' title="bbox 241 2804 562 2837">
    <p class='ocr_par' dir='ltr' id='par_1_91' title="bbox 241 2804 562 2837">
     <span class='ocr_line' id='line_1_91' title="bbox 241 2804 562 2837; baseline 0.003 -7"><span class='ocrx_word' id='word_1_688' title='bbox 241 2804 263 2820; x_wconf 69' lang='grc'><strong>⁵⁵</strong></span> <span class='ocrx_word' id='word_1_689' title='bbox 277 2804 348 2834; x_wconf 86' lang='lat' dir='ltr'><strong>Psal.</strong></span> <span class='ocrx_word' id='word_1_690' title='bbox 367 2812 437 2836; x_wconf 84' lang='lat' dir='ltr'><strong>xuv,</strong></span> <span class='ocrx_word' id='word_1_691' title='bbox 459 2805 502 2837; x_wconf 81' lang='lat' dir='ltr'><strong>ll,</strong></span> <span class='ocrx_word' id='word_1_692' title='bbox 521 2805 562 2831; x_wconf 66' lang='lat'><strong>1‘2.</strong></span> 
     </span>
    </p>
   </div>
   <div class='ocr_carea' id='block_1_92' title="bbox 622 2805 919 2842">
    <p class='ocr_par' dir='ltr' id='par_1_92' title="bbox 622 2805 919 2842">
     <span class='ocr_line' id='line_1_92' title="bbox 622 2805 919 2842; baseline 0.01 -10"><span class='ocrx_word' id='word_1_693' title='bbox 622 2806 643 2821; x_wconf 82' lang='lat'><strong>&quot;</strong></span> <span class='ocrx_word' id='word_1_694' title='bbox 661 2805 743 2833; x_wconf 87' lang='lat' dir='ltr'><strong>llebr.</strong></span> <span class='ocrx_word' id='word_1_695' title='bbox 764 2815 789 2838; x_wconf 77' lang='grc' dir='ltr'>ν,</span> <span class='ocrx_word' id='word_1_696' title='bbox 806 2808 919 2842; x_wconf 86' lang='lat' dir='ltr'><strong>passim.</strong></span> 
     </span>
    </p>
   </div>
   <div class='ocr_carea' id='block_1_93' title="bbox 205 2839 885 2872">
    <p class='ocr_par' dir='ltr' id='par_1_93' title="bbox 205 2839 885 2872">
     <span class='ocr_line' id='line_1_93' title="bbox 205 2839 885 2872; baseline -0.004 -7"><span class='ocrx_word' id='word_1_697' title='bbox 205 2839 227 2854; x_wconf 85' lang='lat'>“</span> <span class='ocrx_word' id='word_1_698' title='bbox 248 2839 342 2865; x_wconf 81' lang='lat' dir='ltr'><strong>Matth.</strong></span> <span class='ocrx_word' id='word_1_699' title='bbox 367 2847 432 2872; x_wconf 82' lang='lat' dir='ltr'><strong>xm,</strong></span> <span class='ocrx_word' id='word_1_700' title='bbox 452 2839 486 2866; x_wconf 68' lang='grc'><strong>24</strong></span> <span class='ocrx_word' id='word_1_701' title='bbox 806 2839 813 2842; x_wconf 89' lang='grc'><em>’</em></span> <span class='ocrx_word' id='word_1_702' title='bbox 874 2857 885 2862; x_wconf 84' lang='grc'><strong>-</strong></span> 
     </span>
    </p>
   </div>
   <div class='ocr_carea' id='block_1_94' title="bbox 1038 1567 1827 1605">
    <p class='ocr_par' dir='ltr' id='par_1_94' title="bbox 1038 1567 1827 1605">
     <span class='ocr_line' id='line_1_94' title="bbox 1038 1567 1827 1605; baseline -0.006 -8"><span class='ocrx_word' id='word_1_703' title='bbox 1038 1571 1092 1602; x_wconf 85' lang='grc' dir='ltr'>κὼς</span> <span class='ocrx_word' id='word_1_704' title='bbox 1106 1570 1136 1597; x_wconf 76' lang='grc' dir='ltr'>τὸ</span> <span class='ocrx_word' id='word_1_705' title='bbox 1151 1571 1298 1605; x_wconf 79' lang='grc' dir='ltr'>μυστήριον</span> <span class='ocrx_word' id='word_1_706' title='bbox 1313 1569 1516 1604; x_wconf 79' lang='grc' dir='ltr'>ἀποπεφοίτηκε</span> <span class='ocrx_word' id='word_1_707' title='bbox 1528 1567 1573 1594; x_wconf 84' lang='grc' dir='ltr'><strong>τοῦ</strong></span> <span class='ocrx_word' id='word_1_708' title='bbox 1588 1567 1709 1598; x_wconf 86' lang='grc' dir='ltr'>Μωσέως</span> <span class='ocrx_word' id='word_1_709' title='bbox 1724 1567 1738 1593; x_wconf 79' lang='lat'><strong>6</strong></span> <span class='ocrx_word' id='word_1_710' title='bbox 1758 1567 1827 1592; x_wconf 78' lang='grc' dir='ltr'>ἀπο-</span> 
     </span>
    </p>
   </div>
   <div class='ocr_carea' id='block_1_95' title="bbox 1037 1611 1827 1651">
    <p class='ocr_par' dir='ltr' id='par_1_95' title="bbox 1037 1611 1827 1651">
     <span class='ocr_line' id='line_1_95' title="bbox 1037 1611 1827 1651; baseline -0.006 -8"><span class='ocrx_word' id='word_1_711' title='bbox 1037 1618 1140 1643; x_wconf 83' lang='grc' dir='ltr'>κτεῖναι</span> <span class='ocrx_word' id='word_1_712' title='bbox 1155 1616 1255 1651; x_wconf 79' lang='grc' dir='ltr'>ζητῶν,</span> <span class='ocrx_word' id='word_1_713' title='bbox 1267 1615 1472 1650; x_wconf 78' lang='grc' dir='ltr'>αἰνιγματωδῶς</span> <span class='ocrx_word' id='word_1_714' title='bbox 1486 1615 1551 1650; x_wconf 75' lang='grc' dir='ltr'>ἡμῖν</span> <span class='ocrx_word' id='word_1_715' title='bbox 1563 1612 1770 1647; x_wconf 60' lang='grc' dir='ltr'>ύποφωνοῦντος</span> <span class='ocrx_word' id='word_1_716' title='bbox 1782 1611 1827 1638; x_wconf 83' lang='grc' dir='ltr'><strong>τοῦ</strong></span> 
     </span>
    </p>
   </div>
   <div class='ocr_carea' id='block_1_96' title="bbox 1038 1659 1829 1697">
    <p class='ocr_par' dir='ltr' id='par_1_96' title="bbox 1038 1659 1829 1697">
     <span class='ocr_line' id='line_1_96' title="bbox 1038 1659 1829 1697; baseline -0.005 -9"><span class='ocrx_word' id='word_1_717' title='bbox 1038 1662 1212 1697; x_wconf 75' lang='grc' dir='ltr'>πράγματος,</span> <span class='ocrx_word' id='word_1_718' title='bbox 1239 1661 1275 1692; x_wconf 78' lang='grc' dir='ltr'>ὡς</span> <span class='ocrx_word' id='word_1_719' title='bbox 1304 1661 1334 1687; x_wconf 72' lang='grc' dir='ltr'>οὗ</span> <span class='ocrx_word' id='word_1_720' title='bbox 1361 1660 1439 1695; x_wconf 80' lang='grc' dir='ltr'>μόνον</span> <span class='ocrx_word' id='word_1_721' title='bbox 1461 1659 1514 1686; x_wconf 81' lang='grc' dir='ltr'>τῶν</span> <span class='ocrx_word' id='word_1_722' title='bbox 1539 1659 1696 1694; x_wconf 70' lang='grc' dir='ltr'>ἠξιωμένων</span> <span class='ocrx_word' id='word_1_723' title='bbox 1724 1659 1774 1693; x_wconf 72' lang='grc' dir='ltr'><strong>τῆς</strong></span> <span class='ocrx_word' id='word_1_724' title='bbox 1800 1659 1829 1684; x_wconf 79' lang='grc' dir='ltr'>ἐν</span> 
     </span>
    </p>
   </div>
   <div class='ocr_carea' id='block_1_97' title="bbox 1038 1705 1829 1744">
    <p class='ocr_par' dir='ltr' id='par_1_97' title="bbox 1038 1705 1829 1744">
     <span class='ocr_line' id='line_1_97' title="bbox 1038 1705 1829 1744; baseline -0.005 -9"><span class='ocrx_word' id='word_1_725' title='bbox 1038 1707 1147 1744; x_wconf 80' lang='grc' dir='ltr'>Χριστῷ</span> <span class='ocrx_word' id='word_1_726' title='bbox 1167 1707 1317 1743; x_wconf 78' lang='grc' dir='ltr'>περιτομῆς</span> <span class='ocrx_word' id='word_1_727' title='bbox 1329 1707 1432 1741; x_wconf 72' lang='grc' dir='ltr'>ἀπέστη</span> <span class='ocrx_word' id='word_1_728' title='bbox 1456 1706 1579 1738; x_wconf 75' lang='grc' dir='ltr'>θάνατος,</span> <span class='ocrx_word' id='word_1_729' title='bbox 1594 1705 1661 1732; x_wconf 82' lang='grc' dir='ltr'><strong>ἀλλὰ</strong></span> <span class='ocrx_word' id='word_1_730' title='bbox 1673 1706 1720 1732; x_wconf 67' lang='grc' dir='ltr'>καὶ</span> <span class='ocrx_word' id='word_1_731' title='bbox 1737 1707 1829 1737; x_wconf 61' lang='grc' dir='ltr'>αὐτοῖς</span> 
     </span>
    </p>
   </div>
   <div class='ocr_carea' id='block_1_98' title="bbox 1038 1750 1829 1789">
    <p class='ocr_par' dir='ltr' id='par_1_98' title="bbox 1038 1750 1829 1789">
     <span class='ocr_line' id='line_1_98' title="bbox 1038 1750 1829 1789; baseline -0.005 -9"><span class='ocrx_word' id='word_1_732' title='bbox 1038 1755 1067 1780; x_wconf 71' lang='grc' dir='ltr'>τδ</span> <span class='ocrx_word' id='word_1_733' title='bbox 1080 1754 1183 1789; x_wconf 78' lang='grc' dir='ltr'>χρῆμα,</span> <span class='ocrx_word' id='word_1_734' title='bbox 1201 1753 1273 1788; x_wconf 77' lang='grc' dir='ltr'>φημὶ</span> <span class='ocrx_word' id='word_1_735' title='bbox 1286 1753 1313 1779; x_wconf 79' lang='grc' dir='ltr'>δὲ</span> <span class='ocrx_word' id='word_1_736' title='bbox 1327 1752 1358 1786; x_wconf 83' lang='grc' dir='ltr'>δὴ</span> <span class='ocrx_word' id='word_1_737' title='bbox 1370 1752 1400 1778; x_wconf 82' lang='grc' dir='ltr'>τὸ</span> <span class='ocrx_word' id='word_1_738' title='bbox 1418 1751 1534 1786; x_wconf 75' lang='grc' dir='ltr'>Χριστοῦ</span> <span class='ocrx_word' id='word_1_739' title='bbox 1549 1751 1711 1786; x_wconf 81' lang='grc' dir='ltr'>μυστήριον,</span> <span class='ocrx_word' id='word_1_740' title='bbox 1733 1750 1829 1785; x_wconf 64' lang='grc' dir='ltr'>βιεὸοή-</span> 
     </span>
    </p>
   </div>
   <div class='ocr_carea' id='block_1_99' title="bbox 1039 1796 1829 1835">
    <p class='ocr_par' dir='ltr' id='par_1_99' title="bbox 1039 1796 1829 1835">
     <span class='ocr_line' id='line_1_99' title="bbox 1039 1796 1829 1835; baseline -0.005 -10"><span class='ocrx_word' id='word_1_741' title='bbox 1039 1800 1105 1835; x_wconf 76' lang='grc' dir='ltr'>θηκε</span> <span class='ocrx_word' id='word_1_742' title='bbox 1117 1798 1334 1835; x_wconf 62' lang='grc' dir='ltr'>τοῖςπατράσιν.</span> <span class='ocrx_word' id='word_1_743' title='bbox 1351 1797 1456 1832; x_wconf 81' lang='grc' dir='ltr'>’Ὥσπερ</span> <span class='ocrx_word' id='word_1_744' title='bbox 1471 1797 1524 1832; x_wconf 69' lang='grc' dir='ltr'><strong>γὰρ</strong></span> <span class='ocrx_word' id='word_1_745' title='bbox 1540 1797 1639 1828; x_wconf 85' lang='grc' dir='ltr'>πάντες</span> <span class='ocrx_word' id='word_1_746' title='bbox 1656 1796 1829 1830; x_wconf 73' lang='grc' dir='ltr'>ἀπεθάνομεν</span> 
     </span>
    </p>
   </div>
   <div class='ocr_carea' id='block_1_100' title="bbox 1039 1841 1828 1880">
    <p class='ocr_par' dir='ltr' id='par_1_100' title="bbox 1039 1841 1828 1880">
     <span class='ocr_line' id='line_1_100' title="bbox 1039 1841 1828 1880; baseline -0.006 -8"><span class='ocrx_word' id='word_1_747' title='bbox 1039 1846 1066 1872; x_wconf 79' lang='grc' dir='ltr'>ὲν</span> <span class='ocrx_word' id='word_1_748' title='bbox 1085 1845 1182 1880; x_wconf 72' lang='grc' dir='ltr'>Ἀδὰμ,</span> <span class='ocrx_word' id='word_1_749' title='bbox 1195 1844 1265 1870; x_wconf 79' lang='grc' dir='ltr'>οὕτω</span> <span class='ocrx_word' id='word_1_750' title='bbox 1275 1843 1322 1870; x_wconf 68' lang='grc' dir='ltr'><strong>καὶ</strong></span> <span class='ocrx_word' id='word_1_751' title='bbox 1333 1844 1371 1874; x_wconf 88' lang='grc' dir='ltr'><strong>είς</strong></span> <span class='ocrx_word' id='word_1_752' title='bbox 1384 1843 1486 1874; x_wconf 76' lang='grc' dir='ltr'>πάντας</span> <span class='ocrx_word' id='word_1_753' title='bbox 1499 1844 1515 1878; x_wconf 79' lang='grc' dir='ltr'>ἡ</span> <span class='ocrx_word' id='word_1_754' title='bbox 1527 1843 1572 1869; x_wconf 70' lang='grc' dir='ltr'>διὰ</span> <span class='ocrx_word' id='word_1_755' title='bbox 1581 1841 1699 1878; x_wconf 80' lang='grc' dir='ltr'>Χριστοῦ</span> <span class='ocrx_word' id='word_1_756' title='bbox 1716 1841 1828 1876; x_wconf 78' lang='grc' dir='ltr'>φέρεται</span> 
     </span>
    </p>
   </div>
   <div class='ocr_carea' id='block_1_101' title="bbox 1039 1888 1827 1927">
    <p class='ocr_par' dir='ltr' id='par_1_101' title="bbox 1039 1888 1827 1927">
     <span class='ocr_line' id='line_1_101' title="bbox 1039 1888 1827 1927; baseline -0.006 -9"><span class='ocrx_word' id='word_1_757' title='bbox 1039 1892 1129 1927; x_wconf 81' lang='grc' dir='ltr'>χάρις.</span> <span class='ocrx_word' id='word_1_758' title='bbox 1152 1891 1282 1917; x_wconf 78' lang='grc' dir='ltr'>Ἀπέθανε</span> <span class='ocrx_word' id='word_1_759' title='bbox 1298 1890 1353 1926; x_wconf 74' lang='grc' dir='ltr'><strong>γὰρ</strong></span> <span class='ocrx_word' id='word_1_760' title='bbox 1368 1890 1412 1916; x_wconf 83' lang='grc' dir='ltr'><strong>διὰ</strong></span> <span class='ocrx_word' id='word_1_761' title='bbox 1431 1889 1519 1920; x_wconf 80' lang='grc' dir='ltr'>τοῦτο,</span> <span class='ocrx_word' id='word_1_762' title='bbox 1537 1889 1579 1915; x_wconf 77' lang='grc' dir='ltr'>ἵνα</span> <span class='ocrx_word' id='word_1_763' title='bbox 1595 1888 1640 1915; x_wconf 70' lang='grc' dir='ltr'><strong>καὶ</strong></span> <span class='ocrx_word' id='word_1_764' title='bbox 1659 1888 1765 1923; x_wconf 79' lang='grc' dir='ltr'>νεκρῶν</span> <span class='ocrx_word' id='word_1_765' title='bbox 1783 1888 1827 1914; x_wconf 72' lang='grc' dir='ltr'><strong>καὶ</strong></span> 
     </span>
    </p>
   </div>
   <div class='ocr_carea' id='block_1_102' title="bbox 1039 1933 1826 1972">
    <p class='ocr_par' dir='ltr' id='par_1_102' title="bbox 1039 1933 1826 1972">
     <span class='ocr_line' id='line_1_102' title="bbox 1039 1933 1826 1972; baseline -0.004 -9"><span class='ocrx_word' id='word_1_766' title='bbox 1039 1937 1146 1969; x_wconf 80' lang='grc' dir='ltr'>ζώντων</span> <span class='ocrx_word' id='word_1_767' title='bbox 1157 1936 1299 1972; x_wconf 77' lang='grc' dir='ltr'>κυριεύσῃ.</span> <span class='ocrx_word' id='word_1_768' title='bbox 1313 1935 1417 1962; x_wconf 84' lang='grc' dir='ltr'>Οὐκοῦν</span> <span class='ocrx_word' id='word_1_769' title='bbox 1431 1936 1460 1962; x_wconf 83' lang='grc' dir='ltr'>ἐν</span> <span class='ocrx_word' id='word_1_770' title='bbox 1471 1934 1559 1970; x_wconf 86' lang='grc' dir='ltr'>γαιρῷ</span> <span class='ocrx_word' id='word_1_771' title='bbox 1570 1934 1618 1969; x_wconf 80' lang='grc' dir='ltr'><strong>τῆς</strong></span> <span class='ocrx_word' id='word_1_772' title='bbox 1630 1933 1676 1960; x_wconf 85' lang='grc' dir='ltr'><strong>τοῦ</strong></span> <span class='ocrx_word' id='word_1_773' title='bbox 1692 1933 1753 1960; x_wconf 79' lang='grc' dir='ltr'>νέου</span> <span class='ocrx_word' id='word_1_774' title='bbox 1763 1933 1826 1960; x_wconf 82' lang='grc' dir='ltr'>λαοῦ</span> 
     </span>
    </p>
   </div>
   <div class='ocr_carea' id='block_1_103' title="bbox 1039 1979 1826 2018">
    <p class='ocr_par' dir='ltr' id='par_1_103' title="bbox 1039 1979 1826 2018">
     <span class='ocr_line' id='line_1_103' title="bbox 1039 1979 1826 2018; baseline -0.004 -9"><span class='ocrx_word' id='word_1_775' title='bbox 1039 1983 1189 2018; x_wconf 79' lang='grc' dir='ltr'>περιτομῆς</span> <span class='ocrx_word' id='word_1_776' title='bbox 1204 1982 1249 2009; x_wconf 69' lang='grc' dir='ltr'><strong>καὶ</strong></span> <span class='ocrx_word' id='word_1_777' title='bbox 1269 1983 1285 2017; x_wconf 82' lang='grc' dir='ltr'>ἡ</span> <span class='ocrx_word' id='word_1_778' title='bbox 1300 1982 1353 2008; x_wconf 81' lang='grc' dir='ltr'>τῶν</span> <span class='ocrx_word' id='word_1_779' title='bbox 1369 1981 1493 2016; x_wconf 84' lang='grc' dir='ltr'>πατέρων</span> <span class='ocrx_word' id='word_1_780' title='bbox 1515 1979 1741 2015; x_wconf 79' lang='grc' dir='ltr'>συγκατωρθοῦτο</span> <span class='ocrx_word' id='word_1_781' title='bbox 1761 1980 1826 2014; x_wconf 83' lang='grc' dir='ltr'><strong>ζωή.</strong></span> 
     </span>
    </p>
   </div>
   <div class='ocr_carea' id='block_1_104' title="bbox 1039 2025 1828 2064">
    <p class='ocr_par' dir='ltr' id='par_1_104' title="bbox 1039 2025 1828 2064">
     <span class='ocr_line' id='line_1_104' title="bbox 1039 2025 1828 2064; baseline -0.005 -9"><span class='ocrx_word' id='word_1_782' title='bbox 1039 2029 1110 2056; x_wconf 82' lang='grc' dir='ltr'>Ζῶσι</span> <span class='ocrx_word' id='word_1_783' title='bbox 1125 2029 1179 2064; x_wconf 82' lang='grc' dir='ltr'>γὰρ</span> <span class='ocrx_word' id='word_1_784' title='bbox 1194 2028 1253 2063; x_wconf 86' lang='grc' dir='ltr'><strong>Θεῷ</strong></span> <span class='ocrx_word' id='word_1_785' title='bbox 1265 2048 1272 2059; x_wconf 94' lang='lat'><strong>,</strong></span> <span class='ocrx_word' id='word_1_786' title='bbox 1299 2028 1392 2063; x_wconf 81' lang='grc' dir='ltr'>ζήσειν</span> <span class='ocrx_word' id='word_1_787' title='bbox 1413 2027 1564 2062; x_wconf 85' lang='grc' dir='ltr'>μέλλοντες·</span> <span class='ocrx_word' id='word_1_788' title='bbox 1585 2026 1661 2052; x_wconf 74' lang='grc' dir='ltr'>τουτὶ</span> <span class='ocrx_word' id='word_1_789' title='bbox 1684 2025 1739 2060; x_wconf 83' lang='grc' dir='ltr'>γὰρ</span> <span class='ocrx_word' id='word_1_790' title='bbox 1753 2026 1828 2060; x_wconf 67' lang='grc' dir='ltr'>εὴμῖν</span> 
     </span>
    </p>
   </div>
   <div class='ocr_carea' id='block_1_105' title="bbox 1039 2071 1828 2109">
    <p class='ocr_par' dir='ltr' id='par_1_105' title="bbox 1039 2071 1828 2109">
     <span class='ocr_line' id='line_1_105' title="bbox 1039 2071 1828 2109; baseline -0.004 -9"><span class='ocrx_word' id='word_1_791' title='bbox 1039 2074 1085 2100; x_wconf 74' lang='grc' dir='ltr'>καὶ</span> <span class='ocrx_word' id='word_1_792' title='bbox 1102 2074 1173 2109; x_wconf 75' lang='grc' dir='ltr'>ἱερὸς</span> <span class='ocrx_word' id='word_1_793' title='bbox 1195 2074 1246 2109; x_wconf 78' lang='grc' dir='ltr'>ἔφη</span> <span class='ocrx_word' id='word_1_794' title='bbox 1270 2073 1358 2107; x_wconf 76' lang='grc' dir='ltr'>λόγος.</span> <span class='ocrx_word' id='word_1_795' title='bbox 1376 2073 1479 2109; x_wconf 82' lang='grc' dir='ltr'>Καιρδς</span> <span class='ocrx_word' id='word_1_796' title='bbox 1501 2072 1529 2098; x_wconf 78' lang='grc' dir='ltr'>δὲ</span> <span class='ocrx_word' id='word_1_797' title='bbox 1555 2072 1705 2108; x_wconf 68' lang='grc' dir='ltr'>περιτομῆς</span> <span class='ocrx_word' id='word_1_798' title='bbox 1728 2071 1779 2106; x_wconf 72' lang='grc' dir='ltr'><strong>τῆς</strong></span> <span class='ocrx_word' id='word_1_799' title='bbox 1800 2072 1828 2098; x_wconf 78' lang='grc' dir='ltr'>ὲν</span> 
     </span>
    </p>
   </div>
   <div class='ocr_carea' id='block_1_106' title="bbox 1040 2117 1826 2156">
    <p class='ocr_par' dir='ltr' id='par_1_106' title="bbox 1040 2117 1826 2156">
     <span class='ocr_line' id='line_1_106' title="bbox 1040 2117 1826 2156; baseline -0.003 -11"><span class='ocrx_word' id='word_1_800' title='bbox 1040 2118 1174 2154; x_wconf 76' lang='grc' dir='ltr'>πνεύματι</span> <span class='ocrx_word' id='word_1_801' title='bbox 1184 2119 1332 2154; x_wconf 77' lang='grc' dir='ltr'>νοουμένης</span> <span class='ocrx_word' id='word_1_802' title='bbox 1344 2120 1360 2153; x_wconf 84' lang='grc' dir='ltr'>ὴ</span> <span class='ocrx_word' id='word_1_803' title='bbox 1371 2118 1488 2154; x_wconf 74' lang='grc' dir='ltr'>Χριστοῦ</span> <span class='ocrx_word' id='word_1_804' title='bbox 1501 2117 1646 2156; x_wconf 65' lang='grc' dir='ltr'>παρουσέα,</span> <span class='ocrx_word' id='word_1_805' title='bbox 1658 2117 1695 2148; x_wconf 82' lang='grc' dir='ltr'>ὡς</span> <span class='ocrx_word' id='word_1_806' title='bbox 1705 2117 1826 2148; x_wconf 77' lang='grc' dir='ltr'>Μωσέως</span> 
     </span>
    </p>
   </div>
   <div class='ocr_carea' id='block_1_107' title="bbox 1042 2163 1826 2200">
    <p class='ocr_par' dir='ltr' id='par_1_107' title="bbox 1042 2163 1826 2200">
     <span class='ocr_line' id='line_1_107' title="bbox 1042 2163 1826 2200; baseline -0.001 -10"><span class='ocrx_word' id='word_1_807' title='bbox 1042 2165 1089 2200; x_wconf 76' lang='grc' dir='ltr'>μὲν</span> <span class='ocrx_word' id='word_1_808' title='bbox 1101 2163 1293 2200; x_wconf 70' lang='grc' dir='ltr'>πρεσῆύτερος,</span> <span class='ocrx_word' id='word_1_809' title='bbox 1305 2164 1342 2196; x_wconf 81' lang='grc' dir='ltr'><strong>ὡς</strong></span> <span class='ocrx_word' id='word_1_810' title='bbox 1352 2164 1428 2196; x_wconf 74' lang='grc' dir='ltr'>Θεὸς,</span> <span class='ocrx_word' id='word_1_811' title='bbox 1440 2163 1563 2199; x_wconf 84' lang='grc' dir='ltr'>δεύτερος</span> <span class='ocrx_word' id='word_1_812' title='bbox 1573 2163 1600 2189; x_wconf 80' lang='grc' dir='ltr'>δὲ</span> <span class='ocrx_word' id='word_1_813' title='bbox 1609 2163 1654 2190; x_wconf 70' lang='grc' dir='ltr'><strong>καὶ</strong></span> <span class='ocrx_word' id='word_1_814' title='bbox 1667 2164 1724 2198; x_wconf 86' lang='grc' dir='ltr'>μετ’</span> <span class='ocrx_word' id='word_1_815' title='bbox 1736 2163 1826 2194; x_wconf 69' lang='grc' dir='ltr'>αὐτὸν,</span> 
     </span>
    </p>
   </div>
   <div class='ocr_carea' id='block_1_108' title="bbox 1004 2207 1824 2245">
    <p class='ocr_par' dir='ltr' id='par_1_108' title="bbox 1004 2207 1824 2245">
     <span class='ocr_line' id='line_1_108' title="bbox 1004 2207 1824 2245; baseline 0 -9"><span class='ocrx_word' id='word_1_816' title='bbox 1004 2216 1025 2243; x_wconf 80' lang='lat'><strong>1)</strong></span> <span class='ocrx_word' id='word_1_817' title='bbox 1040 2210 1106 2236; x_wconf 68' lang='grc' dir='ltr'>καθὸ</span> <span class='ocrx_word' id='word_1_818' title='bbox 1124 2212 1244 2245; x_wconf 78' lang='grc' dir='ltr'>πέφηνεν</span> <span class='ocrx_word' id='word_1_819' title='bbox 1263 2209 1404 2245; x_wconf 75' lang='grc' dir='ltr'>ἄνθρωπος</span> <span class='ocrx_word' id='word_1_820' title='bbox 1420 2210 1457 2240; x_wconf 78' lang='grc' dir='ltr'><strong>εἰς</strong></span> <span class='ocrx_word' id='word_1_821' title='bbox 1475 2209 1610 2235; x_wconf 84' lang='grc' dir='ltr'>διακονίαν</span> <span class='ocrx_word' id='word_1_822' title='bbox 1627 2207 1674 2244; x_wconf 75' lang='grc' dir='ltr'>τήν</span> <span class='ocrx_word' id='word_1_823' title='bbox 1692 2208 1733 2243; x_wconf 70' lang='grc' dir='ltr'><strong>ἐφ’</strong></span> <span class='ocrx_word' id='word_1_824' title='bbox 1752 2209 1824 2243; x_wconf 76' lang='grc' dir='ltr'>ἡμῖν.</span> 
     </span>
    </p>
   </div>
   <div class='ocr_carea' id='block_1_109' title="bbox 1044 2253 1827 2291">
    <p class='ocr_par' dir='ltr' id='par_1_109' title="bbox 1044 2253 1827 2291">
     <span class='ocr_line' id='line_1_109' title="bbox 1044 2253 1827 2291; baseline -0.004 -9"><span class='ocrx_word' id='word_1_825' title='bbox 1044 2256 1183 2290; x_wconf 76' lang='grc' dir='ltr'>Ἐπιτήρει</span> <span class='ocrx_word' id='word_1_826' title='bbox 1200 2255 1263 2291; x_wconf 76' lang='grc' dir='ltr'>γὰρ,</span> <span class='ocrx_word' id='word_1_827' title='bbox 1281 2256 1321 2282; x_wconf 84' lang='grc' dir='ltr'>ὅτι</span> <span class='ocrx_word' id='word_1_828' title='bbox 1342 2253 1544 2290; x_wconf 81' lang='grc' dir='ltr'>προεχειρίζετο</span> <span class='ocrx_word' id='word_1_829' title='bbox 1562 2255 1645 2286; x_wconf 81' lang='grc' dir='ltr'>Θεδς,</span> <span class='ocrx_word' id='word_1_830' title='bbox 1660 2254 1762 2281; x_wconf 77' lang='grc' dir='ltr'>Μωσέα</span> <span class='ocrx_word' id='word_1_831' title='bbox 1781 2254 1827 2288; x_wconf 81' lang='grc' dir='ltr'>μὲν</span> 
     </span>
    </p>
   </div>
   <div class='ocr_carea' id='block_1_110' title="bbox 1039 2299 1826 2335">
    <p class='ocr_par' dir='ltr' id='par_1_110' title="bbox 1039 2299 1826 2335">
     <span class='ocr_line' id='line_1_110' title="bbox 1039 2299 1826 2335; baseline -0.001 -9"><span class='ocrx_word' id='word_1_832' title='bbox 1039 2300 1157 2335; x_wconf 72' lang='grc' dir='ltr'>πρῶτον.</span> <span class='ocrx_word' id='word_1_833' title='bbox 1168 2299 1225 2326; x_wconf 81' lang='grc' dir='ltr'>εἶτα</span> <span class='ocrx_word' id='word_1_834' title='bbox 1239 2300 1340 2335; x_wconf 62' lang='grc' dir='ltr'>συνῆψε</span> <span class='ocrx_word' id='word_1_835' title='bbox 1353 2300 1398 2326; x_wconf 74' lang='grc' dir='ltr'><strong>τὸν</strong></span> <span class='ocrx_word' id='word_1_836' title='bbox 1416 2299 1531 2335; x_wconf 68' lang='grc' dir='ltr'>Ἀαρὼν,</span> <span class='ocrx_word' id='word_1_837' title='bbox 1548 2299 1598 2334; x_wconf 77' lang='grc' dir='ltr'><strong>τῆς</strong></span> <span class='ocrx_word' id='word_1_838' title='bbox 1614 2299 1736 2330; x_wconf 80' lang='grc' dir='ltr'>Μωσέως</span> <span class='ocrx_word' id='word_1_839' title='bbox 1762 2300 1826 2325; x_wconf 77' lang='grc' dir='ltr'>ἀπο-</span> 
     </span>
    </p>
   </div>
   <div class='ocr_carea' id='block_1_111' title="bbox 1039 2345 1826 2380">
    <p class='ocr_par' dir='ltr' id='par_1_111' title="bbox 1039 2345 1826 2380">
     <span class='ocr_line' id='line_1_111' title="bbox 1039 2345 1826 2380; baseline -0.001 -9"><span class='ocrx_word' id='word_1_840' title='bbox 1039 2346 1135 2380; x_wconf 79' lang='grc' dir='ltr'>στολῆς</span> <span class='ocrx_word' id='word_1_841' title='bbox 1151 2355 1180 2372; x_wconf 88' lang='grc' dir='ltr'><strong>τε</strong></span> <span class='ocrx_word' id='word_1_842' title='bbox 1189 2347 1234 2372; x_wconf 71' lang='grc' dir='ltr'>καὶ</span> <span class='ocrx_word' id='word_1_843' title='bbox 1243 2346 1380 2376; x_wconf 81' lang='grc' dir='ltr'>διακονίας</span> <span class='ocrx_word' id='word_1_844' title='bbox 1393 2345 1522 2380; x_wconf 84' lang='grc' dir='ltr'>δευτέραν</span> <span class='ocrx_word' id='word_1_845' title='bbox 1536 2346 1564 2372; x_wconf 79' lang='grc' dir='ltr'>ἐν</span> <span class='ocrx_word' id='word_1_846' title='bbox 1576 2345 1664 2379; x_wconf 68' lang='grc' dir='ltr'>χρόνῳ</span> <span class='ocrx_word' id='word_1_847' title='bbox 1676 2353 1826 2380; x_wconf 56' lang='grc' dir='ltr'>προσναυ-</span> 
     </span>
    </p>
   </div>
   <div class='ocr_carea' id='block_1_112' title="bbox 1039 2388 1827 2426">
    <p class='ocr_par' dir='ltr' id='par_1_112' title="bbox 1039 2388 1827 2426">
     <span class='ocr_line' id='line_1_112' title="bbox 1039 2388 1827 2426; baseline -0.001 -11"><span class='ocrx_word' id='word_1_848' title='bbox 1039 2389 1097 2416; x_wconf 83' lang='grc' dir='ltr'>πῶν</span> <span class='ocrx_word' id='word_1_849' title='bbox 1109 2389 1157 2425; x_wconf 85' lang='grc' dir='ltr'>τὴν</span> <span class='ocrx_word' id='word_1_850' title='bbox 1171 2390 1305 2422; x_wconf 81' lang='grc' dir='ltr'>ἀνάδειξιν</span> <span class='ocrx_word' id='word_1_851' title='bbox 1325 2390 1371 2416; x_wconf 79' lang='grc' dir='ltr'><strong>τοῦ</strong></span> <span class='ocrx_word' id='word_1_852' title='bbox 1383 2390 1511 2426; x_wconf 81' lang='grc' dir='ltr'>Χριστοῦ,</span> <span class='ocrx_word' id='word_1_853' title='bbox 1527 2390 1556 2421; x_wconf 78' lang='grc' dir='ltr'>ὃς</span> <span class='ocrx_word' id='word_1_854' title='bbox 1570 2388 1603 2425; x_wconf 75' lang='grc' dir='ltr'>ἦν</span> <span class='ocrx_word' id='word_1_855' title='bbox 1615 2390 1643 2415; x_wconf 79' lang='grc' dir='ltr'>ἐν</span> <span class='ocrx_word' id='word_1_856' title='bbox 1660 2389 1827 2425; x_wconf 69' lang='grc' dir='ltr'>ίσότητι“μὲν</span> 
     </span>
    </p>
   </div>
   <div class='ocr_carea' id='block_1_113' title="bbox 1041 2435 1825 2471">
    <p class='ocr_par' dir='ltr' id='par_1_113' title="bbox 1041 2435 1825 2471">
     <span class='ocr_line' id='line_1_113' title="bbox 1041 2435 1825 2471; baseline 0 -10"><span class='ocrx_word' id='word_1_857' title='bbox 1041 2438 1074 2471; x_wconf 85' lang='grc' dir='ltr'>τῇ</span> <span class='ocrx_word' id='word_1_858' title='bbox 1091 2436 1158 2471; x_wconf 75' lang='grc' dir='ltr'>πρὸς</span> <span class='ocrx_word' id='word_1_859' title='bbox 1178 2436 1278 2463; x_wconf 80' lang='grc' dir='ltr'>Μωσέα</span> <span class='ocrx_word' id='word_1_860' title='bbox 1294 2435 1338 2462; x_wconf 59' lang='grc' dir='ltr'>διὰ</span> <span class='ocrx_word' id='word_1_861' title='bbox 1360 2435 1391 2462; x_wconf 82' lang='grc' dir='ltr'><strong>τὺ</strong></span> <span class='ocrx_word' id='word_1_862' title='bbox 1410 2436 1591 2471; x_wconf 73' lang='grc' dir='ltr'>ἀνθρώπινον,</span> <span class='ocrx_word' id='word_1_863' title='bbox 1614 2436 1643 2461; x_wconf 83' lang='grc' dir='ltr'>ἐν</span> <span class='ocrx_word' id='word_1_864' title='bbox 1664 2436 1784 2470; x_wconf 72' lang='grc' dir='ltr'>ὑπεροχῇ</span> <span class='ocrx_word' id='word_1_865' title='bbox 1800 2435 1825 2462; x_wconf 77' lang='grc' dir='ltr'>δὲ</span> 
     </span>
    </p>
   </div>
   <div class='ocr_carea' id='block_1_114' title="bbox 1044 2480 1825 2516">
    <p class='ocr_par' dir='ltr' id='par_1_114' title="bbox 1044 2480 1825 2516">
     <span class='ocr_line' id='line_1_114' title="bbox 1044 2480 1825 2516; baseline 0.001 -9"><span class='ocrx_word' id='word_1_866' title='bbox 1044 2480 1104 2516; x_wconf 79' lang='grc' dir='ltr'>θείᾳ</span> <span class='ocrx_word' id='word_1_867' title='bbox 1120 2480 1167 2507; x_wconf 69' lang='grc' dir='ltr'>καὶ</span> <span class='ocrx_word' id='word_1_868' title='bbox 1179 2480 1337 2515; x_wconf 83' lang='grc' dir='ltr'>ἁσυγκρίτῳ</span> <span class='ocrx_word' id='word_1_869' title='bbox 1347 2480 1392 2507; x_wconf 83' lang='grc' dir='ltr'><strong>διὰ</strong></span> <span class='ocrx_word' id='word_1_870' title='bbox 1403 2481 1432 2506; x_wconf 83' lang='grc' dir='ltr'>τὸ</span> <span class='ocrx_word' id='word_1_871' title='bbox 1448 2481 1480 2506; x_wconf 82' lang='grc' dir='ltr'>ὲκ</span> <span class='ocrx_word' id='word_1_872' title='bbox 1491 2480 1558 2506; x_wconf 77' lang='grc' dir='ltr'>Θεοῦ</span> <span class='ocrx_word' id='word_1_873' title='bbox 1574 2480 1752 2515; x_wconf 73' lang='grc' dir='ltr'>γεγεννῆσθαι</span> <span class='ocrx_word' id='word_1_874' title='bbox 1771 2481 1825 2508; x_wconf 79' lang='grc' dir='ltr'><strong>Πα-</strong></span> 
     </span>
    </p>
   </div>
   <div class='ocr_carea' id='block_1_115' title="bbox 1043 2526 1825 2563">
    <p class='ocr_par' dir='ltr' id='par_1_115' title="bbox 1043 2526 1825 2563">
     <span class='ocr_line' id='line_1_115' title="bbox 1043 2526 1825 2563; baseline 0.001 -10"><span class='ocrx_word' id='word_1_875' title='bbox 1043 2527 1117 2561; x_wconf 81' lang='grc' dir='ltr'>τρός.</span> <span class='ocrx_word' id='word_1_876' title='bbox 1136 2526 1214 2562; x_wconf 83' lang='grc' dir='ltr'>Πάρα</span> <span class='ocrx_word' id='word_1_877' title='bbox 1235 2526 1262 2553; x_wconf 86' lang='grc' dir='ltr'><strong>δέ</strong></span> <span class='ocrx_word' id='word_1_878' title='bbox 1282 2535 1323 2553; x_wconf 88' lang='grc' dir='ltr'><strong>σοι</strong></span> <span class='ocrx_word' id='word_1_879' title='bbox 1344 2527 1391 2553; x_wconf 73' lang='grc' dir='ltr'>καὶ</span> <span class='ocrx_word' id='word_1_880' title='bbox 1407 2527 1486 2553; x_wconf 87' lang='grc' dir='ltr'>τοῦτο</span> <span class='ocrx_word' id='word_1_881' title='bbox 1507 2526 1569 2553; x_wconf 85' lang='grc' dir='ltr'>ίδεῖν</span> <span class='ocrx_word' id='word_1_882' title='bbox 1585 2526 1615 2559; x_wconf 77' lang='grc' dir='ltr'>ἐξ</span> <span class='ocrx_word' id='word_1_883' title='bbox 1634 2527 1733 2560; x_wconf 74' lang='grc' dir='ltr'>αὐτῶν,</span> <span class='ocrx_word' id='word_1_884' title='bbox 1751 2527 1825 2563; x_wconf 81' lang='grc' dir='ltr'>είπερ</span> 
     </span>
    </p>
   </div>
   <div class='ocr_carea' id='block_1_116' title="bbox 1043 2572 1823 2613">
    <p class='ocr_par' dir='ltr' id='par_1_116' title="bbox 1043 2572 1823 2613">
     <span class='ocr_line' id='line_1_116' title="bbox 1043 2572 1823 2613; baseline 0 -14"><span class='ocrx_word' id='word_1_885' title='bbox 1043 2572 1122 2604; x_wconf 61' lang='grc' dir='ltr'>ἕλοιο,</span> <span class='ocrx_word' id='word_1_886' title='bbox 1133 2573 1185 2600; x_wconf 92' lang='grc' dir='ltr'>τῶν</span> <span class='ocrx_word' id='word_1_887' title='bbox 1197 2573 1276 2608; x_wconf 70' lang='grc' dir='ltr'>ἱερῶν</span> <span class='ocrx_word' id='word_1_888' title='bbox 1285 2573 1467 2609; x_wconf 83' lang='grc' dir='ltr'>Γραμμάτων.</span> <span class='ocrx_word' id='word_1_889' title='bbox 1481 2582 1489 2598; x_wconf 76' lang='grc' dir='ltr'><strong>ι</strong></span> <span class='ocrx_word' id='word_1_890' title='bbox 1501 2573 1646 2613; x_wconf 71' lang='grc' dir='ltr'>Ἐποίησαν</span> <span class='ocrx_word' id='word_1_891' title='bbox 1657 2583 1666 2599; x_wconf 69' lang='grc' dir='ltr'><strong>ι</strong></span> <span class='ocrx_word' id='word_1_892' title='bbox 1679 2573 1823 2609; x_wconf 75' lang='grc' dir='ltr'>γὰρ,φησὶ,</span> 
     </span>
    </p>
   </div>
   <div class='ocr_carea' id='block_1_117' title="bbox 1047 2619 1825 2656">
    <p class='ocr_par' dir='ltr' id='par_1_117' title="bbox 1047 2619 1825 2656">
     <span class='ocr_line' id='line_1_117' title="bbox 1047 2619 1825 2656; baseline 0.001 -11"><span class='ocrx_word' id='word_1_893' title='bbox 1047 2629 1056 2644; x_wconf 78' lang='grc' dir='ltr'><strong>σ</strong></span> <span class='ocrx_word' id='word_1_894' title='bbox 1070 2620 1171 2654; x_wconf 78' lang='grc' dir='ltr'>Μωσῆς</span> <span class='ocrx_word' id='word_1_895' title='bbox 1183 2619 1228 2646; x_wconf 72' lang='grc' dir='ltr'>καὶ</span> <span class='ocrx_word' id='word_1_896' title='bbox 1244 2620 1359 2656; x_wconf 69' lang='grc' dir='ltr'>Ἀαρὼν,</span> <span class='ocrx_word' id='word_1_897' title='bbox 1371 2620 1495 2655; x_wconf 71' lang='grc' dir='ltr'>καθάπερ</span> <span class='ocrx_word' id='word_1_898' title='bbox 1507 2620 1658 2647; x_wconf 81' lang='grc' dir='ltr'>ἐνετείλατο</span> <span class='ocrx_word' id='word_1_899' title='bbox 1670 2621 1761 2653; x_wconf 75' lang='grc' dir='ltr'>αὐτοῖς</span> <span class='ocrx_word' id='word_1_900' title='bbox 1775 2621 1825 2648; x_wconf 77' lang='grc' dir='ltr'><strong>Κύ-</strong></span> 
     </span>
    </p>
   </div>
   <div class='ocr_carea' id='block_1_118' title="bbox 1047 2663 1823 2701">
    <p class='ocr_par' dir='ltr' id='par_1_118' title="bbox 1047 2663 1823 2701">
     <span class='ocr_line' id='line_1_118' title="bbox 1047 2663 1823 2701; baseline 0.004 -11"><span class='ocrx_word' id='word_1_901' title='bbox 1047 2672 1113 2698; x_wconf 82' lang='grc' dir='ltr'>ριος.</span> <span class='ocrx_word' id='word_1_902' title='bbox 1128 2664 1214 2696; x_wconf 77' lang='grc' dir='ltr'>οὕτως</span> <span class='ocrx_word' id='word_1_903' title='bbox 1226 2665 1367 2700; x_wconf 75' lang='grc' dir='ltr'>ἐποίησαν·</span> <span class='ocrx_word' id='word_1_904' title='bbox 1379 2665 1481 2698; x_wconf 76' lang='grc' dir='ltr'>Μωσῆς</span> <span class='ocrx_word' id='word_1_905' title='bbox 1492 2665 1520 2692; x_wconf 74' lang='grc' dir='ltr'>δὲ</span> <span class='ocrx_word' id='word_1_906' title='bbox 1529 2663 1563 2701; x_wconf 81' lang='grc' dir='ltr'>ἦν</span> <span class='ocrx_word' id='word_1_907' title='bbox 1573 2665 1640 2692; x_wconf 81' lang='grc' dir='ltr'><strong>ὲτῶν</strong></span> <span class='ocrx_word' id='word_1_908' title='bbox 1653 2666 1823 2700; x_wconf 79' lang='grc' dir='ltr'>ὀγδοήκοντα,</span> 
     </span>
    </p>
   </div>
   <div class='ocr_carea' id='block_1_119' title="bbox 1049 2708 1824 2746">
    <p class='ocr_par' dir='ltr' id='par_1_119' title="bbox 1049 2708 1824 2746">
     <span class='ocr_line' id='line_1_119' title="bbox 1049 2708 1824 2746; baseline 0.001 -9"><span class='ocrx_word' id='word_1_909' title='bbox 1049 2710 1152 2746; x_wconf 85' lang='grc' dir='ltr'>Ἀαρὼν</span> <span class='ocrx_word' id='word_1_910' title='bbox 1160 2710 1188 2737; x_wconf 70' lang='grc' dir='ltr'>δὲ</span> <span class='ocrx_word' id='word_1_911' title='bbox 1197 2711 1211 2736; x_wconf 79' lang='lat'><strong>6</strong></span> <span class='ocrx_word' id='word_1_912' title='bbox 1221 2710 1335 2745; x_wconf 80' lang='grc' dir='ltr'>ἀδελφὸς</span> <span class='ocrx_word' id='word_1_913' title='bbox 1346 2710 1428 2737; x_wconf 76' lang='grc' dir='ltr'>αὐτοῦ</span> <span class='ocrx_word' id='word_1_914' title='bbox 1439 2710 1602 2746; x_wconf 79' lang='grc' dir='ltr'>ὀγδοήκοντα</span> <span class='ocrx_word' id='word_1_915' title='bbox 1610 2709 1694 2746; x_wconf 86' lang='grc' dir='ltr'>τριῶν</span> <span class='ocrx_word' id='word_1_916' title='bbox 1703 2708 1738 2746; x_wconf 84' lang='grc' dir='ltr'>ἦν</span> <span class='ocrx_word' id='word_1_917' title='bbox 1749 2710 1824 2745; x_wconf 72' lang='grc' dir='ltr'>ἑτῶν,</span> 
     </span>
    </p>
   </div>
   <div class='ocr_carea' id='block_1_120' title="bbox 1042 2756 1823 2792">
    <p class='ocr_par' dir='ltr' id='par_1_120' title="bbox 1042 2756 1823 2792">
     <span class='ocr_line' id='line_1_120' title="bbox 1042 2756 1823 2792; baseline 0.003 -10"><span class='ocrx_word' id='word_1_918' title='bbox 1042 2756 1123 2791; x_wconf 82' lang='grc' dir='ltr'>ἡνίκα</span> <span class='ocrx_word' id='word_1_919' title='bbox 1136 2756 1270 2791; x_wconf 77' lang='grc' dir='ltr'>ἐλάλησαν</span> <span class='ocrx_word' id='word_1_920' title='bbox 1285 2756 1353 2791; x_wconf 82' lang='grc' dir='ltr'>πρὸς</span> <span class='ocrx_word' id='word_1_921' title='bbox 1367 2757 1475 2791; x_wconf 78' lang='grc' dir='ltr'>Φαραώ.</span> <span class='ocrx_word' id='word_1_922' title='bbox 1493 2766 1502 2782; x_wconf 81' lang='grc'><strong>›</strong></span> <span class='ocrx_word' id='word_1_923' title='bbox 1521 2756 1641 2788; x_wconf 75' lang='grc' dir='ltr'>’Δκοόεις</span> <span class='ocrx_word' id='word_1_924' title='bbox 1656 2757 1730 2790; x_wconf 75' lang='grc' dir='ltr'>ὅπως</span> <span class='ocrx_word' id='word_1_925' title='bbox 1746 2757 1823 2792; x_wconf 77' lang='grc' dir='ltr'>ἄμφω</span> 
     </span>
    </p>
   </div>
   <div class='ocr_carea' id='block_1_121' title="bbox 977 2810 1818 2851">
    <p class='ocr_par' dir='ltr' id='par_1_121' title="bbox 977 2810 1818 2851">
     <span class='ocr_line' id='line_1_121' title="bbox 977 2810 1818 2851; baseline 0.006 -12"><span class='ocrx_word' id='word_1_926' title='bbox 977 2810 1091 2839; x_wconf 82' lang='lat' dir='ltr'><strong>&quot;Joan.</strong></span> <span class='ocrx_word' id='word_1_927' title='bbox 1108 2821 1134 2846; x_wconf 89' lang='lat' dir='ltr'><strong>v,</strong></span> <span class='ocrx_word' id='word_1_928' title='bbox 1151 2813 1195 2845; x_wconf 64' lang='lat'><strong>45,</strong></span> <span class='ocrx_word' id='word_1_929' title='bbox 1212 2812 1254 2840; x_wconf 65' lang='lat'><strong>66.</strong></span> <span class='ocrx_word' id='word_1_930' title='bbox 1296 2812 1318 2828; x_wconf 83' lang='lat'><strong>&#39;°</strong></span> <span class='ocrx_word' id='word_1_931' title='bbox 1335 2813 1405 2840; x_wconf 76' lang='lat' dir='ltr'><strong>Psal.</strong></span> <span class='ocrx_word' id='word_1_932' title='bbox 1426 2821 1470 2841; x_wconf 80' lang='lat' dir='ltr'><strong>cu.</strong></span> <span class='ocrx_word' id='word_1_933' title='bbox 1511 2814 1533 2830; x_wconf 79' lang='lat'>&quot;</span> <span class='ocrx_word' id='word_1_934' title='bbox 1555 2814 1638 2842; x_wconf 76' lang='lat' dir='ltr'><strong>.losue</strong></span> <span class='ocrx_word' id='word_1_935' title='bbox 1663 2823 1689 2848; x_wconf 69' lang='grc' dir='ltr'><strong>ι’,</strong></span> <span class='ocrx_word' id='word_1_936' title='bbox 1712 2817 1818 2851; x_wconf 80' lang='lat' dir='ltr'><strong>passim.</strong></span> 
     </span>
    </p>
   </div>
  </div>
