1924 3043
70 162 127 192 "201
461 166 504 194 DE
522 165 743 195 ADORATIONE
762 168 795 197 IN
817 165 951 197 SPlRiTU
972 170 1015 197 ET
1036 168 1221 199 VERITATE.
1243 158 1306 198 uti.
1327 171 1360 198 ll.
1667 173 1720 203 262

83 220 131 256 μὲν
150 220 238 256 ἢστην
261 220 292 248 ἒν
306 220 358 258 ἴσῳ
374 222 445 250 κατά
464 231 495 258 γε
512 224 542 250 τὺ
557 224 635 259 ἥκειν
648 225 687 257 εἰς
702 224 871 260 ὀγδοηκοστδπ

931 226 1007 254 Licet
1018 231 1110 254 autem
1120 236 1152 255 ex
1162 227 1230 263 ipsis
1242 236 1351 263 quoque
1364 228 1574 256 sacrisLitteris
1585 229 1644 257 haec
1654 238 1718 264 per—

82 268 157 300 ετος,
174 268 199 295 εἱ
220 269 269 296 καὶ
291 270 352 304 μετ’
369 269 450 297 αὑτὸν
470 271 510 302 είς
528 271 683 304 διακονίαν;
697 271 775 299 Οὕτω
797 271 844 299 καὶ
864 273 871 298 ἑ

930 273 1048 308 spicere,
1062 273 1085 301 si
1114 274 1192 301 velis.
1212 284 1221 299 ‹
1237 275 1374 303 Fecerunt
1387 276 1472 308 enim,
1499 276 1599 311 inquit,
1613 276 1720 312 Moyses

82 315 210 351 Χριστός.
228 316 301 348 Ἰσος
319 316 369 351 μὲν
383 316 454 343 κατά
472 326 498 343 τι
515 317 553 352 τῷ
564 318 661 353 Μωσῇ,
672 318 716 345 διὰ
728 318 758 345 τὸ
770 317 871 354 ἀνθρώ-

929 322 958 346 et
970 318 1071 350 Aaron,
1089 318 1160 346 sicut
1173 325 1341 355 praeceperat
1365 321 1406 348 eis
1423 322 1564 353 Dominus.
1590 322 1630 350 sic
1644 322 1719 350 fece-

84 370 172 394 πινον,
190 361 239 388 καὶ
256 361 385 398 δεύτερος
400 364 439 394 εὶς
457 363 624 398 οἰκονομίαν,
642 363 838 399 ὐπερκείμενος
850 363 871 390 δὲ

927 368 1004 391 runt.
1016 364 1122 400 Moyses
1140 369 1231 393 autem
1244 370 1452 394 eratannorum
1466 368 1613 402 octoginta,
1627 368 1719 394 Aaron

85 408 130 434 καὶ
146 408 394 444 ὑπερανεστηκὼς,
420 408 458 441 ὡς
481 409 509 436 ὲν
522 409 634 445 Θεότητί
653 418 682 436 τε
697 410 743 436 καὶ
764 410 828 446 δόξῃ
845 411 871 445 τῇ

930 418 997 437 vero
1020 411 1106 437 frater
1130 411 1191 446 ejus
1220 412 1358 446 octoginta
1382 413 1463 439 trium
1489 421 1624 441 annorum
1645 418 1717 446 erat,

85 454 155 481 κατὰ
166 454 216 490 τὴν
228 455 310 489 ἁγίαν
323 456 436 491 Τριάδα.

931 456 1041 491 quando
1067 456 1152 484 locuti
1179 461 1243 484 sunt
1266 457 1299 483 ad
1322 457 1490 486 Pharaonem
1513 459 1544 486 ⁶¹.
1560 469 1568 485 ι
1597 460 1718 487 Audisne
1741 486 1745 487 ν

83 501 329 537 quemadmodum,
353 511 387 530 ex
411 511 445 530 eo
467 502 581 538 quidem
613 503 686 538 quod
708 503 741 531 ad
774 502 970 538 octogesimum
996 510 1097 529 annum
1123 507 1320 538 pervenerunt,
1354 504 1434 530 ambo
1454 506 1572 539 aequales
1604 505 1716 540 fuerint,

85 549 132 576 sed
145 549 240 576 Aaron
252 557 369 577 numero
391 549 522 578 trinitatis
545 550 676 577 excellat?
702 558 768 585 ergo
789 549 880 585 Moyse
902 548 1051 583 antiquior,
1086 549 1139 576 etsi
1164 549 1192 576 in
1209 549 1366 576 ministerio
1391 551 1527 584 posterior
1554 551 1646 578 fuerit.
1663 551 1718 589 ~Sic

84 599 112 622 et
124 594 253 623 Christus
263 596 378 631 aequalis
388 600 431 624 est
442 595 559 631 quadam
576 604 609 624 ex
631 600 709 632 parte
724 596 807 632 Moysi
831 603 880 631 per
911 595 1122 627 humanitatem,
1153 603 1185 622 ac
1212 595 1416 630 dispensatione
1433 597 1592 630 posterior;
1610 597 1657 624 sed
1679 597 1718 624 ei-

83 642 145 671 dem
161 647 266 676 tamen,
283 643 356 678 quod
371 644 405 671 ad
435 644 570 671 Deitatem
589 652 622 672 ac
635 649 736 672 sanctae
757 643 900 671 Trinitatis
917 643 1031 678 gloriam
1058 643 1188 678 pertinet,
1207 643 1287 679 longe
1315 644 1485 678 pragponitur
1505 649 1533 671 et
1553 645 1715 672 antefertur.

118 691 225 718 IIAAA.
253 691 296 724 Ὠς
315 692 404 728 σαφής
418 700 449 718 τε
463 692 510 718 καὶ
531 693 649 728 ἐναργὴς
663 692 779 727 ὀλόγος.

116 739 201 766 ΚΥΡ.
231 739 264 765 Τί
286 739 331 772 δέ;
357 738 418 774 οὐχὶ
453 739 563 766 κάκεῖνο
585 739 653 775 πρὸς
673 739 776 771 τούτοις
802 739 876 772 ἄξιον

87 785 153 811 ἰδεῖν
162 792 169 816 ;

117 830 224 857 ΠΑΛΔ.
246 830 284 856 Τὸ
298 831 374 858 ποῖον
384 838 391 863 ;

964 690 1181 731 PALL..Aperta
1195 698 1260 718 sane
1276 699 1308 718 ac
1325 691 1471 726 perspicua
1489 692 1633 727 expositio.

962 735 1040 764 CYR.
1056 736 1148 770 Quid?
1178 745 1269 764 nonne
1292 737 1359 764 illud
1385 742 1517 772 pneterea
1540 738 1652 773 dignum
1675 742 1717 766 est

926 782 999 817 quod
1013 783 1269 810 animadvertatur?

961 826 1060 854 PALL.
1078 826 1214 860 Quidnam
1229 826 1300 854 istud
1318 827 1382 854 est?

116 876 201 903 ΚΥΡ-
223 876 262 903 Οὐ
279 877 375 912 γάρτοι
392 877 443 912 τῆς
470 876 524 904 τῶν
539 876 694 911 Αἰγυπτίων
709 876 871 913 ἐκδεδραμήα

956 873 1039 900 CYR.
1056 873 1117 900 Non
1129 874 1278 900 enim‘ante
1292 881 1325 900 ex
1350 873 1539 909 {Egyptiorum
1565 874 1648 901 terris
1668 881 1717 901 ex-

82 930 146 948 κασι
160 921 214 957 γῆς
229 922 254 948 οἱ
267 921 296 954 ἐξ
307 922 434 958 Ἶσραήλ.
455 922 525 949 Ἀλλ’
545 922 599 949 οὐδ’
615 922 648 950 ἃν
662 922 732 949 οὕτω
746 925 795 958 τὴν
811 922 874 949 δυσ-

83 967 151 1002 αχθῆ
177 976 208 994 τε
243 968 291 995 καὶ
314 968 555 1003 κατεστυγημένην
584 969 677 1000 αὐτοῖς
705 968 874 995 ἀπελύσαντο

80 1013 216 1045 δουλείαν,
230 1013 330 1048 μᾶλλον
345 1014 384 1045 δὲ,
402 1013 455 1040 οὐδ’
472 1013 586 1044 dum»;
602 1013 747 1049 διέδρασαν,
759 1013 804 1040 τὸν
818 1014 874 1045 τοῇς

80 1059 109 1086 ὲν
124 1058 259 1094 Αἰγύπτῳ
277 1059 459 1095 πρωτοτόκοις
479 1059 657 1095 ὲπιρῤιφέντα
682 1058 807 1091 Θάνατον,
828 1058 873 1084 καὶ

78 1105 127 1141 τὴν
142 1105 343 1140 δυσδιάςρυκτον
365 1107 442 1141 χεῖρα
452 1105 498 1132 τοῦ
514 1104 683 1140 ὀλοθρευτοῦ,
700 1105 724 1130 εἰ
739 1105 776 1140 μὴ
791 1113 874 1132 κατα-

79 1151 216 1183 θύσαντες
232 1151 278 1178 τὺν
294 1151 378 1186 ἀμνὸν
395 1153 434 1183 εἰς
451 1151 536 1178 τύπον
548 1150 667 1186 Χριστοῦ
688 1150 734 1177 τοῦ
751 1151 872 1184 αἴροντος

78 1198 128 1229 τὰς
149 1198 293 1233 ἁμαρτίας
314 1196 362 1224 τοῦ
380 1197 492 1232 κόσμου.
505 1197 637 1233 ῗΕχρισαν
656 1195 704 1231 μὲν
719 1195 762 1231 ’τῷ
777 1196 872 1230 αἵματι
885 1224 894 1229 τ

78 1243 128 1274 τὰς
145 1243 240 1278 φλιὰς,
264 1243 335 1270 κατὰ
355 1242 401 1269 τὸν
417 1242 493 1277 σφίσι
516 1241 560 1269 διὰ
584 1243 705 1273 Μωσέως
730 1241 873 1276 ὁρισθέντα

81 1288 165 1324 νόμον
175 1294 184 1303 ⁸
197 1288 231 1315 τὸ
245 1288 274 1314 δὲ
286 1285 404 1323 Χριστοῦ
423 1287 571 1322 μυστήριον
584 1287 664 1313 ὅπλον
676 1286 770 1323 ὥσπερ
785 1294 811 1312 τι
825 1284 873 1313 καὶ

79 1333 266 1368 ἀνατείχισμα
279 1332 330 1368 τῆς
355 1332 459 1360 ἑαυτῶν
482 1332 622 1359 ἐποιοῦντο
632 1332 731 1367 ψυχῆς.
755 1331 873 1367 Auliqu-

78 1380 126 1407 κὸν
140 1379 198 1415 γὰρ
215 1379 332 1406 θανάτου
362 1379 505 1414 φάρμακον
518 1380 531 1405 ό
544 1378 662 1414 Χριστοῦ
685 1378 808 1410 θάνατος,
826 1378 873 1405 καὶ

79 1426 185 1463 φθορᾶς
202 1426 331 1461 ἀμεινους
348 1427 371 1453 οἱ
386 1425 434 1461 τῆς
450 1426 584 1461 μυστικῆς
600 1425 722 1459 εὐλογίας
752 1424 871 1460 μέτοχοι,

79 1472 151 1500 κατᾶ
173 1481 206 1507 γε
221 1472 261 1505 τδ,
281 1481 290 1498 ι
316 1472 412 1508 Ἀμὴν,
432 1472 506 1508 ἀμὴν
530 1471 600 1505 λέγω
626 1471 705 1507 ὑμῖν·
722 1472 736 1498 ό
758 1471 872 1508 τρώγων

81 1527 132 1554 μου
148 1519 199 1554 τὴν
225 1519 325 1554 σάρκα,
345 1519 392 1546 καὶ
408 1519 493 1546 πίνων
509 1527 559 1554 μου
579 1518 609 1545 τὸ
624 1515 704 1553 αἷμα,
727 1518 783 1553 ἔχει
799 1517 871 1553 ζωὴν

80 1564 200 1592 αἰώνιον.
221 1575 230 1591 ι
246 1565 464 1600 Κατεδηδοκᾶτες
477 1565 507 1591 δὲ
520 1565 565 1591 τὸν
579 1564 675 1599 ἀμνὸν,
693 1563 791 1599 ἄρτους
803 1563 871 1595 ὰζύη

81 1621 147 1648 μους
162 1612 258 1647 ἢσθιον
272 1611 406 1647 tumere,
422 1612 475 1638 τῶν
486 1611 668 1645 εὑαγγελικῶν
677 1610 869 1646 παιδευμάτων

79 1659 116 1690 ὡς
124 1659 154 1685 ὲν
167 1658 265 1694 ἁζύμῳ
272 1667 302 1684 τε
312 1658 358 1684 καὶ
370 1657 550 1693 καθαρωτάτη
561 1658 646 1693 τροφῇ
656 1656 872 1693 παραδηλοῦντος

78 1705 125 1732 τοῦ
141 1705 231 1732 τύπου
259 1704 307 1739 τὴν
326 1704 497 1739 ἀστειότητα,
516 1703 585 1739 πλὴν
610 1703 744 1738 ἔσομένην
763 1703 812 1730 οὐκ
826 1703 873 1730 ἀν-

82 1751 186 1787 ιδρωτὶ,
203 1751 251 1777 καὶ
264 1751 375 1786 πικρίας
389 1750 451 1785 δίχα
469 1750 518 1784 τῆς
532 1750 603 1777 κατὰ
618 1749 667 1780 τὰς
683 1748 794 1784 θλίψεις.
812 1749 873 1776 Τοι-

80 1800 177 1835 γάρτοι
198 1798 325 1835 πικρῖδας
350 1797 537 1825 συνεσθίεσθαι
559 1799 614 1828 τοῖς
634 1797 725 1832 ἄρτοις
746 1798 803 1828 τοῖς
822 1796 872 1823 οὐκ

82 1844 281 1881 ἑζυμωμένοις,
293 1843 341 1880 τὴν
350 1843 442 1870 ἄδολον
454 1844 501 1870 καὶ
512 1843 707 1879 καθαρωτάτην
726 1844 753 1868 ὲν
762 1842 872 1878 Χριστῷ

81 1891 152 1926 ζωὴν
167 1891 197 1917 οὑ
213 1890 275 1926 δίχα
299 1889 411 1925 πικρίας
431 1889 563 1924 ἐσομένην
576 1888 711 1922 ὑποδηλοί
730 1888 871 1914 Συνεισκο-

81 1938 190 1973 μιστέον
212 1936 357 1971 τοιγαροῦν
376 1936 531 1970 ἀναγκαίως
546 1936 606 1967 ταῖς
626 1927 741 1973 ἀξῦμοις
757 1935 871 1969 τροφαῖς

79 1985 127 2020 τὴν
140 1983 265 2018 πικρίδα.
282 1991 291 2008 ι
303 1982 406 2012 Πάντες
418 1982 472 2017 γὰρ
483 1982 508 2008 οὶ
523 1981 645 2011 θέλοντες
659 1980 708 2015 ζῇν
723 1982 751 2006 ὲν
761 1979 870 2015 Χριστῷ

78 2029 286 2064 διωχθήσονται,
314 2038 323 2054 ι
347 2028 440 2063 φησίν.
459 2027 532 2065 Πλὴν
557 2026 613 2061 οἵγε
627 2026 706 2053 τοῦτο
723 2025 868 2057 παθόντες,

80 2075 221 2111 μακάριοι.
244 2075 453 2109 Συμπάσχοντες
476 2073 530 2108 γὰρ
553 2072 599 2100 καὶ
614 2071 867 2107 συμϐασιλεύσουσι,

78 2121 147 2148 κατὰ
168 2121 201 2147 τὸ
227 2119 434 2156 γεγραμμένον.
458 2119 504 2154 Μὴ
523 2118 653 2153 ἐξοίχεται
676 2127 720 2145 ποι
745 2117 812 2153 πρὸς
839 2117 870 2144 τὸ

77 2167 194 2199 ἀκαλλὲς
204 2167 219 2194 ὁ
232 2166 312 2200 λόγος
326 2175 334 2199 ;

110 2288 214 2317 ΠΑΔΛ.
237 2286 384 2323 οὐδαμῶς.

925 919 1073 946 cessissent
1099 919 1239 951 lsraelitae,
1264 926 1354 954 neque
1378 920 1539 947 servitutem
1559 927 1578 946 'a
1605 927 1634 947 se
1647 920 1718 947 adeo

925 966 1069 992 molestam
1084 970 1167 1000 atque
1191 965 1315 993 odiosam
1341 966 1537 999 excussissent,
1565 966 1716 1001 quinetiam

925 1012 1027 1039 illatam
1053 1011 1243 1047 IEgyptiorum
1266 1012 1457 1047 primogenitis
1482 1017 1609 1045 mortem,
1633 1017 1716 1048 atque

925 1056 1112 1085 inevitabilem
1144 1057 1219 1084 illam
1244 1058 1468 1085 exterminatoris
1504 1066 1616 1085 manum
1640 1058 1716 1086 haud

925 1102 1094 1138 etfugissent,
1110 1103 1161 1130 nisi
1176 1104 1252 1138 prius
1270 1111 1370 1138 agnum
1394 1103 1582 1131 immolassent
1595 1103 1622 1130 in
1633 1103 1715 1131 Chri-

925 1148 959 1175 sti
972 1148 1096 1183 ﬁguram,
1107 1149 1153 1183 qui
1167 1149 1237 1176 tollit
1249 1153 1361 1184 peccata
1377 1149 1484 1176 mundi.
1497 1150 1639 1177 Unxerant
1649 1151 1715 1185 ergo

926 1193 963 1220 illi
975 1193 1086 1228 quidem
1099 1199 1193 1228 postes
1206 1194 1348 1229 sanguine,
1363 1198 1393 1221 ut
1403 1194 1448 1222 lex
1470 1201 1485 1221 a
1509 1194 1599 1229 Moyse
1611 1195 1715 1222 sancita

923 1237 1051 1273 jubebat,
1068 1238 1115 1265 sed
1127 1238 1230 1266 Christi
1244 1239 1375 1274 mysterio
1389 1247 1454 1266 suos
1466 1239 1572 1266 animos
1585 1244 1714 1274 tanquam

924 1287 1002 1310 scuto
1012 1283 1130 1318 quodam
1146 1289 1229 1319 atque
1246 1285 1316 1312 vallo
1338 1285 1506 1312 munierant.
1531 1281 1586 1320 80
1608 1285 1712 1313 Christi

923 1337 1041 1364 namque
1049 1323 1270 1357 morsmedicina
1292 1334 1334 1357 est
1357 1330 1390 1357 ad
1412 1334 1529 1357 mortem
1553 1331 1713 1358 solvendam

923 1377 1027 1408 valens,
1049 1381 1077 1403 et
1101 1377 1147 1411 qui
1174 1377 1296 1412 mystica:
1329 1376 1533 1404 benedictionis
1563 1377 1714 1412 participes

923 1421 1003 1454 ﬁunt,
1017 1421 1036 1448 ii
1048 1426 1112 1448 sunt
1125 1422 1222 1449 mortis
1234 1425 1315 1456 atque
1331 1422 1460 1449 interitus
1472 1422 1603 1453 victores,
1623 1426 1653 1449 ut
1666 1422 1711 1449 illa

923 1468 1006 1494 verba
1026 1471 1162 1495 testantur
1184 1476 1190 1494 ε
1218 1477 1226 1492 ι
1242 1467 1340 1500 Amen,
1368 1476 1448 1495 amen
1468 1467 1530 1494 dico
1556 1467 1646 1500 vobis,
1667 1467 1713 1502 qui

923 1513 1070 1540 manducat
1084 1521 1172 1540 meam
1184 1521 1295 1540 carnem
1308 1518 1337 1540 et
1349 1513 1421 1540 bibit
1433 1521 1524 1540 meum
1538 1513 1711 1548 sanguinem,

923 1558 1006 1585 habet
1029 1558 1113 1585 vitam
1132 1562 1262 1586 :elernam
1285 1558 1317 1585 “.
1338 1568 1347 1584 ›
1366 1558 1487 1585 Edentes
1508 1566 1575 1585 vero
1601 1566 1712 1593 agnum,

922 1611 1007 1638 panes
1019 1611 1138 1638 azymos,
1151 1603 1185 1630 ad
1195 1611 1257 1631 eum
1269 1603 1362 1630 cibum
1374 1603 1522 1630 adhibebat
1535 1612 1541 1630 :
1555 1611 1616 1637 qua:
1627 1603 1713 1638 ﬁgura

921 1655 974 1682 per
990 1656 1114 1684 azymum
1128 1657 1281 1684 purumque
1294 1649 1385 1676 cibum
1399 1649 1617 1683 evangelicarum
1629 1649 1714 1675 disci-

922 1694 1058 1728 plinarum
1071 1695 1235 1729 elegantiam
1261 1694 1453 1730 signiﬁcabat;
1479 1694 1526 1721 sed
1553 1695 1590 1722 ita
1607 1699 1710 1727 tamen,

921 1742 953 1766 ut
961 1746 1022 1765 eam
1035 1746 1089 1765 non
1100 1739 1204 1774 abSque
1213 1739 1312 1766 sudore
1324 1743 1406 1773 atque
1415 1746 1605 1773 pressararum
1612 1740 1713 1767 amari-

917 1785 1017 1812 tudine
1028 1785 1147 1812 futuram
1158 1793 1216 1813 esse
1226 1785 1411 1820 pnnﬁguraret
1420 1793 1426 1811 :
1434 1792 1495 1811 nam
1508 1785 1609 1812 amaris
1617 1786 1711 1813 herbis

921 1831 1002 1858 simul
1016 1839 1080 1858 cum
1106 1830 1309 1858 infermentatis
1324 1830 1442 1865 panibus
1457 1830 1531 1857 vesci
1557 1831 1608 1858 hoc
1623 1831 1711 1858 laten-

922 1880 966 1903 ter
979 1876 1124 1911 signiﬁcat,
1151 1876 1225 1903 illam
1251 1877 1467 1904 sincerissimam
1481 1882 1562 1912 atque
1575 1878 1712 1913 purgatis-

921 1922 1019 1949 simam
1044 1922 1072 1948 in
1099 1922 1213 1949 Christo
1231 1922 1316 1949 vitam
1331 1930 1385 1949 non
1398 1931 1479 1957 posse
1503 1923 1562 1950 sine
1578 1923 1710 1950 amaritu-

920 1966 984 1994 dine
1001 1966 1075 1994 duci.
1089 1967 1160 2002 Ergo
1172 1967 1205 1995 ad
1218 1975 1327 2003 azymos
1337 1968 1414 1995 cibos
1435 1969 1589 1996 amaritudo
1601 1977 1710 2004 quoque

919 2017 962 2040 est
973 2014 1129 2040 necessario
1142 2013 1336 2049 adjungenda:
1362 2023 1370 2039 ‹
1383 2014 1485 2042 Omnes
1504 2014 1576 2042 enim
1596 2015 1643 2050 qui
1661 2023 1713 2043 νον
1736 2013 1738 2017 ’

919 2058 1038 2093 luntpie
1055 2058 1147 2085 vivere
1171 2059 1199 2085 in
1216 2059 1337 2093 Christo,
1357 2060 1578 2094 persecutionem
1603 2060 1710 2095 patien-

918 2104 1008 2136 tur“,
1026 2113 1035 2129 ›
1053 2104 1152 2138 inquit.
1166 2104 1219 2131 Sed
1232 2109 1335 2137 tamen,
1361 2106 1521 2140 quicunque
1545 2105 1572 2132 id
1587 2104 1708 2140 perpessi

920 2149 1032 2180 fuerint,
1052 2149 1125 2176 beati
1145 2154 1229 2177 sunt:
1253 2158 1316 2177 nam
1340 2150 1422 2177 simul
1448 2150 1587 2186 patiendo,
1610 2159 1708 2178 conse-

919 2200 1040 2231 quentur
1049 2196 1132 2223 etiam
1144 2201 1175 2223 ut
1189 2197 1271 2224 simul
1285 2201 1412 2232 regnent,
1427 2203 1458 2224 ut
1469 2197 1602 2232 scriptum
1618 2201 1660 2224 est
1672 2197 1705 2225 “.

919 2242 988 2269 Num
1002 2243 1085 2278 igitur
1097 2243 1184 2270 oratio
1196 2250 1212 2270 a
1225 2243 1327 2271 decoro
1338 2242 1464 2271 deviasse
1477 2243 1528 2270 tibi
1540 2243 1673 2271 vfdetur?

957 2288 1055 2315 PALL.
1074 2289 1184 2317 Minime
1197 2297 1272 2317 vero.

107 2368 129 2383 “
145 2366 236 2396 Exod.
258 2374 308 2399 vn,
328 2365 355 2398 6,
369 2365 395 2391 7.
434 2363 456 2380 ⁸³
470 2363 547 2401 Joan.
564 2371 600 2397 Vl,
618 2363 661 2391 55.
701 2362 724 2380 “
737 2363 769 2392 ll.
793 2364 863 2392 Tim.

935 2365 979 2393 4‘2.
1008 2366 1040 2400 7”
1058 2366 1136 2394 Hom.
1155 2374 1211 2399 vm,
1228 2367 1271 2396 18.
