1924 3043
72 134 122 161 265

444 134 489 161 DE
508 132 729 162 ADORATIONE
748 133 780 161 IN
799 132 934 160 SPIRITU
954 132 998 159 ET
1018 131 1203 160 VENTATE.
1224 130 1287 157 LIB.
1309 129 1352 157 III.

1654 127 1707 156 266

73 190 167 217 ἐλπίδα
189 190 239 226 τὴν
263 191 342 227 παρὰ
358 191 428 227 Θεῷ,
452 193 543 225 πίστις
564 194 581 228 ἡ
604 194 633 219 ἐν
650 192 770 228 Χριστῷ,
788 193 833 232 καὶ
854 193 870 227 ἡ

928 190 1178 222 sanctificationem,
1207 196 1340 225 spemque
1356 195 1417 216 eam
1434 194 1516 222 quam
1532 187 1559 213 in
1582 186 1638 213 Deo
1662 194 1716 213 1-0--

74 238 132 263 κατ¹
149 236 232 263 αὑτὸν
253 236 408 270 δικαίῶσις,
430 240 500 266 κατά
515 248 547 274 γε
565 239 596 266 τὸ
619 239 671 265 ὑπὸ
694 238 740 265 τοῦ
764 238 869 265 Παύλου

80 283 168 318 σοφῶς
190 284 356 319 εἰρημένον·
383 294 393 310 ι
416 285 514 320 Ἐγγύς
537 294 583 312 σου
599 285 629 311 τὸ
647 285 723 321 ῥῆμά
744 285 818 311 ἐστιν
842 285 870 311 ὲν

81 328 118 363 τῷ
130 329 248 364 στόματί
266 337 325 362 σου,
340 330 386 357 καὶ
401 331 429 356 ἐν
441 332 473 366 τῇ
490 330 587 366 καρδίᾳ
607 339 664 362 σου,
677 330 749 357 τοῦτ’
768 330 827 356 ἔστι
840 329 871 356 τὸ

75 374 152 410 ῥῆμα
164 375 215 410 τῆς
229 375 371 408 πίστεωεό
388 376 561 412 κηρύσσομεν
571 397 579 409 ,
589 377 630 403 ὅτι
640 376 687 403 ἰὰν
699 376 871 412 ὁμολογήσῃς

75 421 103 446 ἐν
120 419 159 456 τῷ
176 421 293 456 στόματί
309 430 356 448 σου
376 422 416 449 ὅτι
430 422 531 458 Κύριος
555 423 670 459 Ἰησοῦς,
687 423 735 450 καὶ
760 422 871 449 πιστεύ-

78 473 125 501 σῃς
142 467 173 492 ἐν
189 468 223 502 τῇ
240 467 339 503 καρδίᾳ
361 476 407 494 σου
426 469 467 494 ὅτι
483 469 497 495 ὁ
518 468 584 500 Θεὸς
607 469 686 495 αὑτὸν
708 469 817 504 ἤγειρεν
838 468 870 494 ἐκ

75 512 192 547 νεκρῶν,
207 512 321 549 σωθήσῃ
332 522 339 529 ε
354 514 453 549 καρδίᾳ
472 513 527 550 γὰρ
540 514 696 541 πιστεύεται
716 515 757 546 είς
769 514 871 540 δικαιο-

76 558 178 594 σύνην·
212 560 327 595 στόματι
359 560 387 587 δὲ
415 560 586 596 ὁμολογεῖται
619 561 659 593 είς
687 560 836 596 σωτηρίαν.
859 569 868 586 ι

75 605 186 640 Ταύτην
200 604 247 632 οὖν
259 606 313 641 ἄρα
327 606 377 642 τὴν
391 606 477 638 οὕτως
489 606 574 642 ἀγχοῦ
590 607 637 633 καὶ
653 606 871 641 συνεσταλμένην

75 651 135 677 ὁδὸν
160 651 328 687 διαστείχειν
336 652 385 678 οὐκ
400 652 482 687 ἠφίει·
490 653 554 684 τοὺς
567 652 650 679 πάλαι
669 652 750 684 Θεός·
766 653 871 680 ἐπενόει

75 696 102 723 δέ
115 696 214 732 ὥσπερ
234 698 295 724 τινὰ
317 697 414 724 κύκλον
431 697 479 733 τὴν
496 699 539 725 ἐπ’
556 698 664 730 εὐθείας
686 699 737 725 οὐκ
759 699 871 734 ἔχοντα,

76 742 120 769 τδν
136 744 166 769 ἐν
183 743 382 778 τίεριστροφαῖς
406 743 492 778 λόγων
513 744 560 770 καὶ
580 745 609 770 ἐν
633 744 776 780 αἰνίγμασι
791 745 872 780 νόμον

79 788 259 824 μακροτέραν
275 789 370 823 ἔχοντα
384 789 431 816 καὶ
447 790 496 816 οὐκ
512 790 703 825 ἀταλαίπωρον
721 790 771 826 τὴν
790 790 872 817 παιδ-

77 834 214 868 αγωγίαν,
232 834 264 861 ἵν’
287 835 382 870 ὥσπερ
396 835 456 862 τινὰ
473 836 615 871 μελέτησιν
629 836 682 862 τῶν
699 836 872 872 τελειοτέρων

921 237 1039 272 positam
1051 237 1196 269 habemus,
1212 235 1291 268 ﬁdes,
1304 235 1429 270 inquam,
1446 233 1474 261 in
1484 232 1606 265 Christo,
1619 236 1648 259 et
1663 232 1710 259 illa

920 283 949 310 in
961 283 1058 310 eodem
1068 281 1238 318 justiﬁcstio,
1249 285 1279 307 ut
1294 280 1431 315 sapienter
1447 283 1489 307 est
1504 286 1519 305 a
1534 278 1614 305 beato
1626 277 1710 312 Paulp

920 329 1045 357 dictum:
1064 338 1073 354 ι
1090 329 1177 363 Prope
1189 331 1215 355 te
1231 331 1274 355 est
1298 327 1415 354 verbum
1428 326 1480 352 hoc
1498 325 1526 352 in
1549 332 1597 352 ore
1620 329 1667 350 tuo
1682 328 1711 350 et

919 375 948 402 in
958 375 1042 402 corde
1054 378 1111 406 tuo,
1129 374 1182 400 hoc
1193 377 1245 406 est,
1257 372 1372 400 verbum
1388 372 1463 404 fidei,
1487 370 1561 406 quod
1576 369 1709 405 pradica-

920 429 981 449 mus
1003 430 1009 448 :
1027 420 1168 456 quoniam,
1181 419 1205 447 si
1221 418 1379 446 conﬁtearis
1399 418 1427 444 in
1440 425 1487 444 ore
1499 421 1546 445 tuo
1565 415 1639 451 quod
1659 415 1711 443 Do-

920 467 1013 493 minus
1032 465 1123 497 Jesus,
1143 468 1172 491 et
1185 463 1337 491 credideris
1351 463 1379 489 in
1399 462 1482 489 corde
1496 466 1543 489 tuo
1555 461 1629 497 quod
1639 461 1712 488 Deus

920 513 1010 548 ipsum
1028 510 1171 538 suscitavit
1183 518 1198 537 a
1213 509 1341 541 mortuis,
1355 509 1447 535 salvus
1457 508 1530 535 eris:
1544 507 1627 534 corde
1637 507 1711 533 enim

921 558 1045 586 creditur
1064 557 1099 585 ad
1116 556 1263 592 justitiam,
1285 562 1334 582 ore
1357 558 1450 581 autem
1470 553 1606 581 confessio
1629 553 1659 580 fit
1677 552 1711 580 ad

921 605 1037 633 salutem
1055 604 1098 630 ⁸⁸³.
1114 613 1122 629 ι
1147 603 1200 631 Per
1222 603 1293 629 hanc
1315 601 1401 637 igitur
1422 600 1491 628 adeo
1507 599 1627 627 vicinam
1646 599 1712 627 bre-

921 659 1039 687 vemque
1056 650 1129 678 viam
1140 649 1283 677 ambulare
1299 648 1430 683 antiquos
1444 647 1506 674 illos
1517 646 1645 673 homines
1655 653 1713 673 non

922 698 1048 734 permisit
1064 697 1147 729 Deus,
1165 697 1214 724 sed
1237 696 1313 723 velut
1335 694 1483 722 circuitum
1504 692 1650 728 quemdam
1667 700 1714 719 ex-

922 745 1062 780 cogitavit,
1076 744 1245 771 rectumiter
1257 742 1370 770 minime
1385 740 1543 771 habentem,
1562 739 1659 774 legem,
1669 738 1713 765 in-

923 798 1016 825 quam,
1044 797 1105 824 quas
1126 796 1176 824 per
1199 787 1334 815 orationis
1356 786 1497 813 anfractus
1519 789 1548 812 et
1570 784 1714 819 aenigmata

923 838 1076 874 longiorem
1100 837 1217 864 haberet
1238 835 1504 868 laboriosiorcmque
1525 831 1713 867 disciplinam,

78 879 112 906 τὰ
130 881 160 906 ἐν
188 882 278 913 σκιαῖς
297 881 421 917 ἔχοντες,
443 883 489 908 καὶ
508 882 762 917 προκατηχούμενοι
777 883 807 909 τὸ
822 892 872 918 μυ-

928 889 953 912 ut
966 885 1010 917 iis,
1027 891 1088 919 qua
1111 883 1292 911 tradebantur
1313 881 1341 909 in
1362 880 1478 912 umbris,
1503 879 1580 907 velut
1600 877 1716 906 medita-

81 926 206 961 στήριον,
227 926 264 962 μὴ
283 929 340 959 τοῖς
356 927 481 963 τυχοῦσιν
497 928 589 959 ἁπλῶς
606 929 800 955 καταπτοοίντο
817 928 873 955 δεί-

83 981 179 1007 μασιν,
203 974 244 1005 είς
262 974 421 1010 ἀποδρομὴν
440 975 487 1001 καὶ
510 976 659 1001 ἀπόστασιν
674 975 723 1010 τὴν
740 975 794 1002 ἀπὺ
806 975 873 1010 Χριι

82 1019 159 1052 στοῦ,
179 1020 455 1055 προγεγυμνασμένοι
481 1021 507 1047 δὲ
527 1021 621 1056 ὧσπερ
642 1021 690 1047 καὶ
716 1021 872 1056 ἀναμανθά-

82 1075 173 1097 νοντες
191 1067 223 1093 τὸ
239 1066 346 1101 ἀληθῶς
361 1067 491 1101 ὠφελοῦν,
506 1068 672 1103 έτοιμότεροι
695 1068 744 1103 μὲν
759 1067 792 1095 ἂν
818 1066 873 1095 εἷεν

83 1111 151 1147 πρὸς
173 1112 225 1147 τὴν
247 1113 297 1148 τῆς
321 1113 448 1148 ἀληθείας
468 1114 560 1148 ἕφεσίν
580 1123 610 1141 τε
637 1114 683 1141 καὶ
708 1114 872 1150 προθυμίαν,

85 1158 287 1193 ἐρηρεισμένην
298 1159 326 1185 δὲ
338 1159 385 1186 καὶ
406 1159 659 1195 ἀ[να]κατάσειστον
670 1160 756 1196 ἔχοιεν
768 1160 817 1195 τὴν
833 1161 874 1192 είς

83 1202 149 1229 Θεὸν
161 1203 312 1238 ἀγάπησιν.
332 1204 380 1231 Διὰ
398 1205 505 1240 μακρᾶς
523 1204 569 1232 οὖν
581 1204 676 1240 ὥσπερ
701 1206 749 1233 καὶ
764 1206 813 1232 οὐκ
829 1206 875 1233 εὐ-

84 1248 160 1280 θείας
170 1248 242 1280 ὀδοῦ.
250 1249 300 1285 τῆς
309 1250 378 1277 κατὰ
389 1250 417 1276 τὺ
428 1251 544 1286 γράμμα
555 1251 691 1287 λατρείας,
703 1251 874 1285 παιδαγωγὸς

84 1293 117 1329 ἦν
140 1295 156 1320 ὁ
184 1295 275 1330 νόμος.
296 1296 412 1331 Χριστὸς
435 1296 462 1323 δὲ
481 1297 530 1332 οὐχ
552 1297 631 1324 οὕτω.
656 1296 801 1333 ῐΙαρέδειξε
821 1297 875 1332 γὰρ

85 1340 151 1376 ἡμῖν
182 1340 231 1376 τὴν
256 1341 296 1373 είς
314 1341 379 1368 εὐθὺ
395 1342 441 1369 καὶ
463 1342 559 1378 ἀγχοῦ,
582 1343 655 1369 τοῦτ’
675 1343 744 1376 ἐστι,
762 1344 810 1379 τὴν
831 1341 885 1370 διὰ’

86 1386 215 1418 πίστεως.
237 1387 446 1422 μεταχαλκεύων
472 1389 511 1420 είς
533 1389 688 1424 εὐτολμίαν,
714 1390 761 1416 καὶ
783 1391 824 1421 είς
845 1391 876 1417 τὸ

85 1433 185 1468 χρῆναι
213 1432 306 1459 λοιπὸν
328 1434 552 1470 κατανδρίζεσθαι
578 1435 632 1461 τῶν
652 1435 873 1470 ἀνθεστηκότων·

85 1478 237 1513 τληπαθεῖν
247 1479 275 1506 δέ
289 1479 329 1505 ὃτι
342 1479 458 1514 μάλιστα
473 1479 558 1514 φιλεῖν
572 1480 641 1516 ὑπέρ
655 1489 685 1506 τε
700 1480 746 1507 τοῦ
760 1480 874 1515 ἀγαθοῦ,

87 1524 135 1552 καὶ
143 1526 204 1556 ταῖς
211 1525 256 1551 τοῦ
268 1525 390 1552 διαϐόλου
403 1525 578 1561 μεθοδ[ε]ίαις
587 1526 779 1561 ἀντιφέρεσθαι
790 1535 876 1561 γεννι-

87 1569 155 1602 κῶς,
185 1570 273 1596 ἐκεῖνό
301 1579 351 1597 που
376 1571 445 1605 τάχα
470 1571 500 1597 τὸ
524 1572 552 1598 ἐν
578 1572 705 1608 προφήτῃ
732 1572 872 1607 λέγοντας·

89 1624 100 1642 ι
123 1616 189 1643 Ἰδοὺ
207 1616 308 1652 Κύριος
323 1616 413 1652 βοηθεῖ
433 1626 487 1652 μοι,
503 1617 543 1649 τίς
556 1617 675 1644 κακώσει
693 1626 744 1653 με;
766 1628 775 1644 ι
795 1618 832 1645 Τὸ
847 1619 876 1646 δὲ

87 1661 119 1697 δὴ
134 1661 185 1697 τὴν
211 1661 295 1694 οὕτως
317 1663 382 1698 ἡμῖν
408 1663 571 1697 ἀξιάγαστον
585 1663 730 1698 εὐτολμίαν
747 1664 877 1699 ἐμποιοῦν

88 1708 131 1743 εῐη
148 1708 180 1743 δή
202 1717 252 1735 που
273 1709 381 1735 πάντων
408 1708 439 1735 ἂν
463 1710 556 1744 ἕτερον
578 1709 664 1742 οὐδὲν,
683 1710 757 1745 παρὰ
781 1710 829 1746 τὴν
849 1710 878 1743 ἐξ

89 1753 174 1788 ὕψους
189 1753 313 1789 δύναμιν,
328 1754 399 1790 coge
414 1754 485 1787 ἔστι,
504 1755 552 1790 τὴν
563 1755 610 1781 τοῦ
627 1754 705 1789 ἁγίου
720 1756 878 1791 Πνεύματος

91 1799 201 1835 μέθεξίν
214 1809 243 1826 τε
260 1800 308 1826 καὶ
323 1800 475 1828 κοινωνίαν.

89 1854 147 1874 non
176 1846 251 1874 aliud
282 1847 398 1874 omnino
423 1851 476 1880 est,
502 1855 584 1883 quam
614 1848 661 1875 illa
684 1855 718 1876 ex
742 1848 798 1876 alto
817 1848 915 1881 virtus,

90 1903 195 1923 mumo.

126 1941 232 1967 ΠΑΛΛ.
266 1941 410 1977 Συνίημιὸ
437 1943 507 1978 φῂς,
532 1942 578 1969 καί
608 1951 638 1969 σε
660 1942 711 1979 τῆς
740 1943 881 1978 ἀγχινοίας

90 1987 209 2022 ἄγαμαι.

125 2032 209 2060 ΚΥΡ.
231 2033 285 2059 Καὶ
297 2033 342 2059 τόν
357 2041 389 2067 γε
404 2033 453 2069 τῆς
470 2033 521 2069 διὰ,
534 2034 651 2070 Χριστοῦ
668 2035 804 2070 σωτηρίας
820 2044 880 2062 και-

92 2079 139 2114 ρὸν
179 2078 399 2114 κατασημήνειεν
428 2079 461 2107 ἂν
484 2079 564 2112 εὐθὺς
588 2081 618 2107 τὸ
647 2081 878 2116 παρεζευγμένον.

93 2134 103 2150 ι
120 2125 238 2160 Πέμπτῃ
251 2125 315 2160 γὰρ,
334 2126 410 2160 φησὶ,
424 2126 505 2161 γενεᾷ
514 2125 650 2161 ἀνέδησαν
663 2127 687 2153 οι
703 2127 755 2154 υἱοὶ
773 2127 881 2163 Ἰσραὴλ
897 2120 920 2149 ι)

91 2171 124 2197 ἐκ
138 2171 189 2205 τῆς
201 2170 352 2204 Αἰγύπτου.
367 2181 377 2197 ι
396 2171 636 2207 Ἐκλελυτρώμεθα
646 2173 699 2209 γὰρ
711 2174 742 2200 ἐκ
749 2173 880 2206 δουλείας,

92 2217 139 2243 καὶ
158 2217 212 2252 μὴν
233 2216 280 2243 καὶ
311 2217 399 2244 πόνων
420 2217 473 2244 τῶν
487 2219 515 2245 ἐν
532 2219 646 2250 είκαίοις
668 2221 880 2255 περισπασμοῖς,

91 2263 139 2289 καὶ
151 2262 341 2298 ταλαιπωρίας
358 2262 408 2298 τῆς
430 2264 494 2298 περὶ
509 2264 560 2299 γῆν
581 2273 611 2290 τε
631 2264 678 2291 καὶ
690 2265 754 2300 χοῦν
776 2265 882 2301 (συνίης

91 2308 120 2335 δέ
135 2308 150 2335 ὅ
162 2308 262 2343 φημι),
279 2308 351 2335 κατὰ
362 2308 410 2344 τὴν
427 2309 607 2345 εὐαγγελικὴν
621 2311 788 2346 παραϐολὴν,
798 2312 835 2343 ὡς
853 2312 882 2338 ἐν

92 2354 206 2390 πέμπτῃ
234 2355 325 2389 γενεᾷ,
351 2354 391 2389 τῷ
415 2355 532 2390 πέμπτῳ
556 2355 655 2391 καιρῷ.
676 2365 685 2381 ι
711 2357 807 2391 Ὁμοία
828 2358 882 2392 γάρ

93 2402 166 2427 ἐστιν
178 2401 197 2435 ἡ
211 2400 335 2435 βασιλεία
345 2400 399 2427 τῶν
409 2401 531 2437 οὐρανῶν
544 2401 680 2438 ἀνθρώπῳ
697 2403 881 2439 οἰκοδεσπότῃ,

90 2447 164 2478 ὅστις
190 2446 302 2480 ἐξῆλθεν
328 2447 386 2482 ἅμα
409 2447 482 2482 πρωϊ
499 2448 686 2482 μισθώσασθαι
705 2449 823 2484 ἐργάτας
843 2451 882 2482 είς

90 2493 136 2518 τὸν
153 2491 303 2526 ἀμπελῶνα
325 2492 418 2519 αὐτοῦ.
428 2498 447 2518 Ἰ
464 2493 544 2519 Τουτὶ
557 2493 585 2519 δὲ
600 2493 647 2520 καὶ
662 2494 726 2529 περὶ
736 2493 786 2529 τὴν
800 2494 883 2529 ἕκτην

91 2547 120 2565 τε
137 2539 186 2566 καὶ
201 2538 251 2573 τὴν
271 2538 369 2574 ἐνάτην
391 2538 442 2574 ἔφη
460 2539 542 2575 δρᾷν·
572 2549 582 2565 ι
601 2540 669 2575 Περὶ
688 2540 717 2566 δὲ
739 2540 789 2575 τὴν
813 2540 883 2567 ἐνδε-

92 2585 190 2620 κάτην,
206 2582 286 2620 εὗρεν
301 2584 398 2616 ἄλλους
412 2585 524 2620 ἀργοὺς.
541 2585 593 2621 ἐφη
614 2594 645 2612 τε
660 2585 728 2620 πρὸς
743 2585 881 2618 ἐκείνους·

92 2631 125 2657 Τί
146 2631 282 2665 ἑστήκατε
297 2627 349 2658 ὧδε
370 2631 433 2666 ὃλην
452 2631 500 2666 τὴν
516 2631 621 2666 ἡμέραν
636 2631 729 2667 ἀργοι;
751 2632 881 2666 ὑπάγετε,

93 2676 139 2703 καὶ
153 2676 232 2711 ὑμεῖς
244 2676 394 2711 ἐργάζεσθε
408 2677 448 2708 είς
462 2676 507 2703 τὸν
520 2676 670 2711 ἀμπελῶνά
686 2686 746 2713 μου.
765 2678 883 2713 »γ”Δθρει

92 2723 124 2757 δὴ
139 2720 197 2755 οὖν,
221 2722 259 2754 ὡς
283 2723 311 2749 ἐν
331 2722 445 2759 πέμπτῃ
470 2723 552 2758 γενεᾷ
571 2723 763 2759 πεμπομένους
784 2725 823 2755 είς
838 2724 883 2750 τὸν

97 2768 246 2803 ἀμπελῶνα
269 2769 333 2801 τοὺς
356 2768 536 2802 τελευταίους,
562 2769 609 2796 καὶ
638 2771 667 2796 ἐν
699 2772 804 2806 καιροῖς
826 2771 884 2802 τοῖς

131 2859 164 2876 “’
180 2859 262 2888 Rom.
281 2868 308 2892 κ,
332 2859 409 2887 8-I0.
447 2860 469 2876 "’
489 2860 541 2888 lsa.
563 2868 588 2892 1.,
606 2861 633 2889 7.
670 2862 703 2881 υ·
720 2861 806 2890 Exod.
823 2869 875 2890 xm

965 2862 988 2878 ⁸⁵
1002 2863 1096 2892 Matth.
1113 2873 1158 2899 xx,
1174 2865 1185 2892 I
1207 2872 1282 2900 seqq.

253 2906 391 2936 PATROL.
415 2906 472 2937 Gn.
496 2907 616 2937 LXVIII

923 932 998 959 tione
1014 930 1132 965 quadam
1150 937 1244 957 rerum
1255 927 1451 964 perfectiorum
1463 929 1584 958 utentes,
1596 931 1629 951 ac
1638 923 1715 959 prius

922 975 1048 1011 mysterii
1066 974 1231 1002 rudimentis
1247 972 1358 1004 imbuti,
1377 979 1433 998 non
1447 975 1550 998 temere
1571 968 1716 1004 quibusvis

924 1022 1078 1049 terroribus
1088 1021 1281 1051 turbarentur,
1294 1023 1322 1046 et
1333 1027 1349 1045 a
1360 1018 1471 1045 Christo
1483 1017 1622 1044 resilirent
1632 1019 1715 1050 atque

923 1070 1117 1100 desciscerent,
1130 1068 1176 1095 sed
1186 1068 1260 1095 velut
1271 1066 1468 1094 exercitatione
1481 1064 1598 1100 quadam
1612 1064 1716 1091 instru-

923 1117 971 1148 cti,
991 1123 1054 1143 cum
1071 1115 1234 1142 didicissent
1246 1121 1328 1148 quam
1348 1113 1425 1140 utilis
1447 1115 1520 1139 esset
1535 1111 1648 1143 veritas,
1665 1117 1716 1145 pa—

924 1159 1041 1187 ratiores
1057 1159 1091 1186 ad
1111 1158 1303 1193 ex'p'etendam,
1318 1157 1499 1191 alacriterque
1522 1154 1715 1191 capessendam

924 1206 1068 1233 veritatem
1094 1205 1295 1236 redderentur,
1316 1203 1518 1237 dilectioneque
1545 1208 1609 1236 erga
1629 1201 1715 1228 Deum

924 1255 1017 1279 essent
1028 1250 1105 1278 ﬁrma
1121 1254 1149 1277 et
1160 1250 1283 1277 immota.
1302 1249 1358 1276 Lex
1371 1249 1455 1284 igitur
1467 1247 1633 1283 paedagogus
1645 1251 1714 1278 erat,

924 1299 978 1334 83
996 1298 1042 1333 qui
1068 1297 1154 1324 veluti
1174 1305 1224 1332 per
1247 1296 1401 1331 longiorem
1420 1302 1453 1322 ac
1476 1293 1628 1321 ﬂexuosam
1641 1293 1716 1319 viam

925 1346 1049 1375 duceret,
1063 1352 1113 1380 per
1133 1344 1221 1376 illum,
1240 1344 1364 1378 inquam,
1376 1343 1491 1373 cultum,
1504 1341 1551 1376 qui
1563 1340 1717 1368 secundum

926 1391 1043 1419 litteram
1057 1390 1250 1418 exhibebalur.
1263 1389 1298 1416 At
1322 1396 1377 1416 non
1401 1388 1468 1415 item
1492 1386 1630 1414 Christus.
1649 1385 1718 1412 Nam

927 1441 985 1464 tum
998 1436 1108 1463 brevem
1124 1436 1205 1463 nobis
1216 1433 1446 1463 eommonstravit
1457 1433 1541 1465 viam,
1562 1432 1648 1463 illam,
1674 1431 1718 1457 in-

927 1490 1020 1517 quam,
1035 1490 1084 1517 per
1100 1482 1180 1508 fidem
1194 1490 1201 1514 ;
1222 1481 1346 1515 adeoque
1363 1479 1496 1507 audentes
1509 1485 1559 1505 nos
1588 1476 1717 1509 reddidit,

927 1532 958 1554 ut
985 1536 1039 1555 non
1069 1527 1229 1555 dubitemus
1253 1527 1309 1561 jam
1337 1525 1469 1553 adversus
1496 1532 1528 1552 ea
1553 1532 1614 1559 quae
1639 1523 1719 1551 nobis

928 1574 1116 1605 obluctantur,
1151 1573 1264 1600 fortiter
1288 1572 1436 1605 dimicare,
1462 1572 1667 1607 optandumque
1691 1571 1720 1598 in

929 1619 1029 1654 primis
1053 1619 1243 1647 existimemus
1272 1626 1324 1653 pro
1347 1618 1406 1653 ipso
1420 1618 1493 1645 bono
1515 1617 1656 1653 quidpiam
1675 1622 1720 1645 to-

928 1665 1027 1697 lerare,
1041 1672 1073 1692 ac
1088 1664 1192 1692 diaboli
1206 1664 1348 1692 insidiosis
1360 1664 1521 1691 occursibus
1540 1664 1650 1691 fortiter
1671 1663 1721 1691 ob-

928 1711 1036 1743 sistere,
1051 1710 1119 1738 illud
1132 1718 1147 1738 e
1170 1711 1305 1746 propheta
1328 1710 1356 1737 in
1368 1718 1415 1737 ore
1441 1710 1575 1737 habentes
1599 1719 1605 1736 :
1626 1720 1634 1735 ι
1650 1710 1720 1737 Ecce

929 1757 1002 1784 Deus
1014 1757 1125 1792 adjuvat
1141 1764 1204 1789 me;
1228 1756 1291 1791 quis
1307 1756 1408 1790 afﬂiget
1428 1763 1471 1783 me
1488 1756 1531 1782 '7?
1544 1765 1553 1781 ι
1573 1754 1650 1788 Quod
1669 1763 1719 1781 au-

930 1806 985 1830 tem
998 1803 1026 1830 in
1037 1803 1118 1831 nobis
1133 1803 1202 1830 adeo
1214 1801 1301 1830 miros
1311 1802 1395 1829 animi
1407 1809 1491 1829 ausus
1500 1801 1593 1834 eﬂicit,
1604 1802 1632 1828 id
1645 1805 1720 1828 certe

936 1849 965 1877 id
984 1854 1038 1880 est,
1062 1849 1149 1877 sancti
1173 1849 1294 1884 Spiritus
1326 1848 1502 1884 partieipatio
1528 1852 1609 1883 atque
1643 1855 1720 1874 com-

934 1943 945 1969 ?
970 1941 1068 1970 PALL.
1083 1941 1209 1977 Intelligo
1223 1940 1297 1976 quod
1314 1940 1394 1972 dicis,
1408 1947 1439 1967 ac
1452 1944 1526 1967 tuam
1539 1939 1619 1967 istam
1633 1939 1721 1967 soler-

933 1989 998 2016 tiam
1012 1989 1144 2016 admiror.

966 2035 1045 2063 CYR.
1070 2035 1159 2071 Atque
1181 2036 1271 2071 ipsum
1283 2043 1392 2070 quoque
1408 2034 1504 2062 salutis
1522 2042 1571 2070 per
1581 2034 1720 2062 Christum

934 2081 1087 2109 tribuenda:
1098 2086 1217 2117 tempus,
1233 2086 1264 2109 ut
1294 2085 1371 2116 puto,
1395 2080 1577 2116 signiﬁcatur,
1602 2088 1636 2108 eo
1663 2080 1722 2115 ipso

934 2129 1009 2164 quod
1027 2128 1159 2163 deinceps
1181 2128 1340 2163 adiunctum
1357 2132 1398 2154 est
1417 2136 1423 2152 2
1445 2136 1453 2152 ι
1468 2126 1570 2159 Quinta
1593 2134 1721 2161 namque,

935 2175 983 2206 ait,
1004 2174 1182 2209 generatione
1212 2173 1397 2201 ascenderunt
1421 2172 1469 2199 filii
1485 2172 1567 2200 Israel
1590 2172 1624 2199 de
1650 2177 1723 2199 terra

934 2219 1043 2255 Egypti
1056 2220 1097 2246 ⁶⁷’.
1115 2229 1124 2244 ι
1145 2219 1268 2254 Namque
1281 2227 1296 2246 a
1317 2218 1449 2246 servitute
1473 2223 1554 2253 atque
1570 2218 1721 2255 laboribus,

936 2264 1039 2299 quibus
1050 2264 1151 2291 frustra
1172 2264 1251 2292 vanis
1260 2264 1288 2291 in
1305 2264 1389 2291 rebus
1401 2252 1612 2295 distinebamur,
1624 2252 1724 2289 aerum-

935 2310 979 2338 nis
990 2311 1073 2338 etiam
1091 2318 1161 2346 quas
1179 2310 1207 2337 in
1226 2315 1306 2338 terra:
1319 2318 1350 2338 ac
1366 2310 1489 2345 pulveris
1506 2309 1636 2345 operibus
1653 2308 1724 2336 tole-

936 2356 1065 2384 rabamus
1076 2356 1159 2392 (nosti
1172 2356 1246 2383 enim
1261 2356 1334 2391 quod
1345 2355 1428 2390 dico),
1444 2355 1538 2390 quinta
1550 2354 1725 2382 successione

936 2407 1103 2437 temporum,
1118 2408 1150 2430 ut
1166 2407 1208 2430 est
1223 2402 1250 2430 in
1264 2401 1420 2437 evangelica
1435 2401 1480 2428 illa
1494 2400 1633 2436 parabola,
1644 2399 1724 2436 quasi

936 2451 1032 2485 quinta
1044 2450 1162 2485 quadam
1178 2448 1355 2485 generatione
1368 2447 1502 2481 redempti
1529 2454 1633 2474 sumus.
1656 2456 1664 2472 ι
1680 2446 1724 2473 Si-

936 2497 1001 2524 mile
1014 2501 1056 2523 est
1067 2496 1140 2523 enim
1152 2502 1266 2530 regnum
1290 2494 1423 2521 caelorum
1445 2492 1549 2520 homini
1573 2492 1724 2527 patrifami-

937 2542 998 2574 lias,
1016 2542 1064 2577 qui
1078 2541 1146 2568 exiit
1160 2540 1250 2576 primo
1260 2547 1340 2567 mane
1367 2538 1523 2567 conducere
1539 2538 1679 2573 operarios
1695 2537 1723 2564 in

936 2589 1044 2616 vineam
1055 2595 1133 2615 suam
1147 2586 1179 2614 ".
1194 2597 1203 2612 ι
1217 2586 1295 2619 Quod
1312 2585 1384 2613 idem
1398 2585 1469 2612 circa
1483 2584 1590 2611 tertiam
1602 2591 1722 2619 quoque,

937 2637 1042 2661 sextam
1055 2640 1087 2660 ac
1100 2640 1200 2659 nonam
1223 2632 1320 2659 horam
1336 2631 1433 2660 fecisse
1446 2631 1494 2658 ait.
1520 2641 1528 2656 ι
1539 2630 1618 2658 Circa
1636 2630 1723 2658 unde-
1762 2647 1768 2650 ε

938 2679 1036 2706 cimam
1052 2686 1118 2706 vero
1135 2678 1241 2706 invenit
1252 2677 1320 2705 alios
1331 2677 1444 2710 otiosos,
1470 2677 1562 2712 aitque
1579 2676 1612 2704 ad
1638 2676 1700 2703 illos
1714 2683 1722 2702 :

937 2724 1007 2758 Quid
1027 2725 1106 2752 statis
1123 2728 1179 2752 tota
1202 2723 1247 2752 die
1263 2723 1304 2751 sic
1318 2723 1423 2751 otiosi?
1438 2723 1476 2750 ite
1495 2727 1523 2750 et
1536 2730 1585 2750 vos
1610 2722 1645 2749 ad
1656 2729 1722 2757 ope-

938 2771 1054 2798 randam
1072 2771 1100 2798 in
1119 2771 1227 2799 vineam
1250 2777 1340 2798 meam
1349 2770 1383 2797 θ’.
1398 2778 1407 2795 ›
1424 2768 1650 2805 Intelligejgitur
1674 2768 1724 2795 hos

1332 2866 1353 2882 ”
1370 2865 1439 2894 Ibid.
1447 2887 1453 2899 ,
1469 2865 1499 2936 6E.)
