  <div class='ocr_page' id='page_1' title='image "/cluster/home/n/w/nwhite01/storage/ocr_20150623/68/njp.32101077772711/149.png"; bbox 0 0 1924 3043; ppageno 0'>
   <div class='ocr_carea' id='block_1_1' title="bbox 204 129 255 156">
    <p class='ocr_par' dir='ltr' id='par_1_1' title="bbox 204 129 255 156">
     <span class='ocr_line' id='line_1_1' title="bbox 204 129 255 156; baseline 0 -1"><span class='ocrx_word' id='word_1_1' title='bbox 204 129 255 156; x_wconf 73' lang='lat'><strong>26&#39;!</strong></span> 
     </span>
    </p>
   </div>
   <div class='ocr_carea' id='block_1_2' title="bbox 718 122 1334 151">
    <p class='ocr_par' dir='ltr' id='par_1_2' title="bbox 718 122 1334 151">
     <span class='ocr_line' id='line_1_2' title="bbox 718 122 1334 151; baseline -0.003 0"><span class='ocrx_word' id='word_1_2' title='bbox 718 124 746 151; x_wconf 87' lang='lat' dir='ltr'><strong>S.</strong></span> <span class='ocrx_word' id='word_1_3' title='bbox 767 123 904 151; x_wconf 77' lang='lat' dir='ltr'><strong>CYRILLI</strong></span> <span class='ocrx_word' id='word_1_4' title='bbox 924 123 1158 151; x_wconf 72' lang='lat' dir='ltr'><strong>ALEXANDRINI</strong></span> <span class='ocrx_word' id='word_1_5' title='bbox 1177 122 1334 151; x_wconf 79' lang='lat' dir='ltr'><strong>ARCIHEP.</strong></span> 
     </span>
    </p>
   </div>
   <div class='ocr_carea' id='block_1_3' title="bbox 1779 123 1831 150">
    <p class='ocr_par' dir='ltr' id='par_1_3' title="bbox 1779 123 1831 150">
     <span class='ocr_line' id='line_1_3' title="bbox 1779 123 1831 150; baseline 0 0"><span class='ocrx_word' id='word_1_6' title='bbox 1779 123 1831 150; x_wconf 67' lang='lat'><strong>268</strong></span> 
     </span>
    </p>
   </div>
   <div class='ocr_carea' id='block_1_4' title="bbox 203 180 996 218">
    <p class='ocr_par' dir='ltr' id='par_1_4' title="bbox 203 181 989 218">
     <span class='ocr_line' id='line_1_4' title="bbox 203 181 989 218; baseline -0.006 -4"><span class='ocrx_word' id='word_1_7' title='bbox 203 191 341 214; x_wconf 78' lang='lat' dir='ltr'><strong>extremos</strong></span> <span class='ocrx_word' id='word_1_8' title='bbox 357 185 384 212; x_wconf 92' lang='lat' dir='ltr'><strong>in</strong></span> <span class='ocrx_word' id='word_1_9' title='bbox 401 183 508 211; x_wconf 87' lang='lat' dir='ltr'><strong>vineam</strong></span> <span class='ocrx_word' id='word_1_10' title='bbox 528 182 600 210; x_wconf 89' lang='lat' dir='ltr'><strong>mitti</strong></span> <span class='ocrx_word' id='word_1_11' title='bbox 615 182 711 217; x_wconf 84' lang='lat' dir='ltr'><strong>quinta</strong></span> <span class='ocrx_word' id='word_1_12' title='bbox 725 181 928 217; x_wconf 86' lang='lat' dir='ltr'><strong>quodammodo</strong></span> <span class='ocrx_word' id='word_1_13' title='bbox 942 190 989 218; x_wconf 79' lang='lat' dir='ltr'><strong>ge-</strong></span> 
     </span>
    </p>
   </div>
   <div class='ocr_carea' id='block_1_5' title="bbox 1049 180 1832 218">
    <p class='ocr_par' dir='ltr' id='par_1_5' title="bbox 1049 180 1832 218">
     <span class='ocr_line' id='line_1_5' title="bbox 1049 180 1832 218; baseline 0.001 -10"><span class='ocrx_word' id='word_1_14' title='bbox 1049 182 1182 218; x_wconf 69' lang='grc' dir='ltr'>εσχάτοις,</span> <span class='ocrx_word' id='word_1_15' title='bbox 1205 182 1248 208; x_wconf 82' lang='grc' dir='ltr'>ὅτε</span> <span class='ocrx_word' id='word_1_16' title='bbox 1268 181 1377 216; x_wconf 78' lang='grc' dir='ltr'>γέγονεν</span> <span class='ocrx_word' id='word_1_17' title='bbox 1394 180 1535 216; x_wconf 83' lang='grc' dir='ltr'>ἅνθρωπος</span> <span class='ocrx_word' id='word_1_18' title='bbox 1558 181 1572 207; x_wconf 87' lang='lat'><strong>6</strong></span> <span class='ocrx_word' id='word_1_19' title='bbox 1599 181 1767 217; x_wconf 83' lang='grc' dir='ltr'>Μονογενὴς,</span> <span class='ocrx_word' id='word_1_20' title='bbox 1786 183 1832 209; x_wconf 73' lang='grc' dir='ltr'><strong>καὶ</strong></span> 
     </span>
    </p>
   </div>
   <div class='ocr_carea' id='block_1_6' title="bbox 204 227 993 263">
    <p class='ocr_par' dir='ltr' id='par_1_6' title="bbox 204 227 993 263">
     <span class='ocr_line' id='line_1_6' title="bbox 204 227 993 263; baseline -0.005 -4"><span class='ocrx_word' id='word_1_21' title='bbox 204 231 357 262; x_wconf 81' lang='lat' dir='ltr'><strong>neratiOne,</strong></span> <span class='ocrx_word' id='word_1_22' title='bbox 374 229 401 256; x_wconf 90' lang='lat' dir='ltr'><strong>id</strong></span> <span class='ocrx_word' id='word_1_23' title='bbox 412 233 464 261; x_wconf 87' lang='lat' dir='ltr'><strong>est,</strong></span> <span class='ocrx_word' id='word_1_24' title='bbox 489 228 645 255; x_wconf 81' lang='lat' dir='ltr'><strong>novissimis</strong></span> <span class='ocrx_word' id='word_1_25' title='bbox 666 228 847 263; x_wconf 84' lang='lat' dir='ltr'><strong>temporibus,</strong></span> <span class='ocrx_word' id='word_1_26' title='bbox 869 235 930 255; x_wconf 91' lang='lat' dir='ltr'><strong>cum</strong></span> <span class='ocrx_word' id='word_1_27' title='bbox 947 227 993 255; x_wconf 88' lang='lat' dir='ltr'><strong>ille</strong></span> 
     </span>
    </p>
   </div>
   <div class='ocr_carea' id='block_1_7' title="bbox 208 274 994 313">
    <p class='ocr_par' dir='ltr' id='par_1_7' title="bbox 208 274 994 313">
     <span class='ocr_line' id='line_1_7' title="bbox 208 274 994 313; baseline -0.005 -8"><span class='ocrx_word' id='word_1_28' title='bbox 208 277 368 313; x_wconf 78' lang='lat' dir='ltr'><strong>Unigenitus</strong></span> <span class='ocrx_word' id='word_1_29' title='bbox 387 275 475 302; x_wconf 80' lang='lat' dir='ltr'><strong>factus</strong></span> <span class='ocrx_word' id='word_1_30' title='bbox 491 274 572 301; x_wconf 89' lang='lat' dir='ltr'><strong>homo</strong></span> <span class='ocrx_word' id='word_1_31' title='bbox 585 279 638 307; x_wconf 88' lang='lat' dir='ltr'><strong>cst,</strong></span> <span class='ocrx_word' id='word_1_32' title='bbox 657 282 689 301; x_wconf 90' lang='lat' dir='ltr'><strong>ac</strong></span> <span class='ocrx_word' id='word_1_33' title='bbox 717 282 812 302; x_wconf 87' lang='lat' dir='ltr'><strong>necem</strong></span> <span class='ocrx_word' id='word_1_34' title='bbox 836 282 887 310; x_wconf 82' lang='lat' dir='ltr'><strong>pro</strong></span> <span class='ocrx_word' id='word_1_35' title='bbox 907 274 994 301; x_wconf 91' lang='lat' dir='ltr'><strong>salute</strong></span> 
     </span>
    </p>
   </div>
   <div class='ocr_carea' id='block_1_8' title="bbox 204 319 992 356">
    <p class='ocr_par' dir='ltr' id='par_1_8' title="bbox 204 319 992 356">
     <span class='ocr_line' id='line_1_8' title="bbox 204 319 992 356; baseline -0.005 -6"><span class='ocrx_word' id='word_1_36' title='bbox 204 323 326 350; x_wconf 89' lang='lat' dir='ltr'><strong>omnium</strong></span> <span class='ocrx_word' id='word_1_37' title='bbox 340 320 463 356; x_wconf 89' lang='lat' dir='ltr'><strong>pertulit.</strong></span> <span class='ocrx_word' id='word_1_38' title='bbox 489 320 585 355; x_wconf 85' lang='lat' dir='ltr'><strong>Itaque</strong></span> <span class='ocrx_word' id='word_1_39' title='bbox 605 319 688 356; x_wconf 82' lang='lat' dir='ltr'><strong>Moysi</strong></span> <span class='ocrx_word' id='word_1_40' title='bbox 713 327 823 355; x_wconf 82' lang='lat' dir='ltr'><strong>queque</strong></span> <span class='ocrx_word' id='word_1_41' title='bbox 845 319 903 355; x_wconf 80' lang='lat' dir='ltr'><strong>lege</strong></span> <span class='ocrx_word' id='word_1_42' title='bbox 923 327 992 355; x_wconf 76' lang='lat' dir='ltr'><strong>prae—</strong></span> 
     </span>
    </p>
   </div>
   <div class='ocr_carea' id='block_1_9' title="bbox 204 365 992 404">
    <p class='ocr_par' dir='ltr' id='par_1_9' title="bbox 204 365 992 404">
     <span class='ocr_line' id='line_1_9' title="bbox 204 365 992 404; baseline -0.005 -8"><span class='ocrx_word' id='word_1_43' title='bbox 204 369 336 404; x_wconf 88' lang='lat' dir='ltr'><strong>scriptum</strong></span> <span class='ocrx_word' id='word_1_44' title='bbox 359 371 419 394; x_wconf 79' lang='lat' dir='ltr'><strong>erat</strong></span> <span class='ocrx_word' id='word_1_45' title='bbox 436 371 466 394; x_wconf 90' lang='lat' dir='ltr'><strong>ut</strong></span> <span class='ocrx_word' id='word_1_46' title='bbox 488 374 576 401; x_wconf 71' lang='lat' dir='ltr'><strong>agnus</strong></span> <span class='ocrx_word' id='word_1_47' title='bbox 595 366 769 401; x_wconf 66' lang='lat' dir='ltr'><strong>acciperetur</strong></span> <span class='ocrx_word' id='word_1_48' title='bbox 782 366 893 401; x_wconf 86' lang='lat' dir='ltr'><strong>quidem</strong></span> <span class='ocrx_word' id='word_1_49' title='bbox 917 365 992 393; x_wconf 81' lang='lat' dir='ltr'><strong>deci-</strong></span> 
     </span>
    </p>
   </div>
   <div class='ocr_carea' id='block_1_10' title="bbox 204 411 992 449">
    <p class='ocr_par' dir='ltr' id='par_1_10' title="bbox 204 411 992 449">
     <span class='ocr_line' id='line_1_10' title="bbox 204 411 992 449; baseline -0.005 -7"><span class='ocrx_word' id='word_1_50' title='bbox 204 423 248 442; x_wconf 88' lang='lat' dir='ltr'><strong>mo</strong></span> <span class='ocrx_word' id='word_1_51' title='bbox 264 414 344 449; x_wconf 87' lang='lat' dir='ltr'><strong>primi</strong></span> <span class='ocrx_word' id='word_1_52' title='bbox 354 413 457 440; x_wconf 87' lang='lat' dir='ltr'><strong>mensis</strong></span> <span class='ocrx_word' id='word_1_53' title='bbox 464 411 518 444; x_wconf 86' lang='lat' dir='ltr'><strong>die,</strong></span> <span class='ocrx_word' id='word_1_54' title='bbox 527 411 699 439; x_wconf 70' lang='lat' dir='ltr'><strong>occideretur</strong></span> <span class='ocrx_word' id='word_1_55' title='bbox 707 416 798 438; x_wconf 84' lang='lat' dir='ltr'><strong>autem</strong></span> <span class='ocrx_word' id='word_1_56' title='bbox 808 411 842 438; x_wconf 88' lang='lat' dir='ltr'><strong>ad</strong></span> <span class='ocrx_word' id='word_1_57' title='bbox 850 418 992 446; x_wconf 84' lang='lat' dir='ltr'><strong>vesperam</strong></span> 
     </span>
    </p>
   </div>
   <div class='ocr_carea' id='block_1_11' title="bbox 202 456 995 496">
    <p class='ocr_par' dir='ltr' id='par_1_11' title="bbox 202 456 995 496">
     <span class='ocr_line' id='line_1_11' title="bbox 202 456 995 496; baseline -0.005 -8"><span class='ocrx_word' id='word_1_58' title='bbox 202 460 326 496; x_wconf 81' lang='lat' dir='ltr'><strong>ejusdem</strong></span> <span class='ocrx_word' id='word_1_59' title='bbox 355 458 458 486; x_wconf 85' lang='lat' dir='ltr'><strong>mensis</strong></span> <span class='ocrx_word' id='word_1_60' title='bbox 473 456 692 492; x_wconf 88' lang='lat' dir='ltr'><strong>quartodecimo,</strong></span> <span class='ocrx_word' id='word_1_61' title='bbox 710 461 740 484; x_wconf 91' lang='lat' dir='ltr'><strong>ut</strong></span> <span class='ocrx_word' id='word_1_62' title='bbox 757 457 839 484; x_wconf 83' lang='lat' dir='ltr'><strong>simul</strong></span> <span class='ocrx_word' id='word_1_63' title='bbox 863 462 891 484; x_wconf 89' lang='lat' dir='ltr'><strong>et</strong></span> <span class='ocrx_word' id='word_1_64' title='bbox 914 457 995 491; x_wconf 87' lang='lat' dir='ltr'><strong>quin—</strong></span> 
     </span>
    </p>
   </div>
   <div class='ocr_carea' id='block_1_12' title="bbox 204 502 994 539">
    <p class='ocr_par' dir='ltr' id='par_1_12' title="bbox 204 502 994 539">
     <span class='ocr_line' id='line_1_12' title="bbox 204 502 994 539; baseline -0.006 -5"><span class='ocrx_word' id='word_1_65' title='bbox 204 511 260 534; x_wconf 90' lang='lat' dir='ltr'><strong>tum</strong></span> <span class='ocrx_word' id='word_1_66' title='bbox 273 505 353 533; x_wconf 90' lang='lat' dir='ltr'><strong>nobis</strong></span> <span class='ocrx_word' id='word_1_67' title='bbox 367 508 475 539; x_wconf 86' lang='lat' dir='ltr'><strong>tempus</strong></span> <span class='ocrx_word' id='word_1_68' title='bbox 489 503 534 530; x_wconf 87' lang='lat' dir='ltr'><strong>die</strong></span> <span class='ocrx_word' id='word_1_69' title='bbox 546 503 654 538; x_wconf 87' lang='lat' dir='ltr'><strong>quinto,</strong></span> <span class='ocrx_word' id='word_1_70' title='bbox 673 507 702 530; x_wconf 91' lang='lat' dir='ltr'><strong>et</strong></span> <span class='ocrx_word' id='word_1_71' title='bbox 716 503 744 530; x_wconf 93' lang='lat' dir='ltr'><strong>in</strong></span> <span class='ocrx_word' id='word_1_72' title='bbox 761 503 815 530; x_wconf 86' lang='lat' dir='ltr'><strong>ﬁne</strong></span> <span class='ocrx_word' id='word_1_73' title='bbox 827 502 920 530; x_wconf 69' lang='lat' dir='ltr'><strong>saeculi</strong></span> <span class='ocrx_word' id='word_1_74' title='bbox 936 502 994 530; x_wconf 84' lang='lat' dir='ltr'><strong>Sal-</strong></span> 
     </span>
    </p>
   </div>
   <div class='ocr_carea' id='block_1_13' title="bbox 203 548 993 585">
    <p class='ocr_par' dir='ltr' id='par_1_13' title="bbox 203 548 993 585">
     <span class='ocr_line' id='line_1_13' title="bbox 203 548 993 585; baseline -0.006 -5"><span class='ocrx_word' id='word_1_75' title='bbox 203 552 309 580; x_wconf 83' lang='lat' dir='ltr'><strong>vatoris</strong></span> <span class='ocrx_word' id='word_1_76' title='bbox 332 550 419 578; x_wconf 85' lang='lat' dir='ltr'><strong>nostri</strong></span> <span class='ocrx_word' id='word_1_77' title='bbox 444 550 533 578; x_wconf 71' lang='lat' dir='ltr'><strong>caedes</strong></span> <span class='ocrx_word' id='word_1_78' title='bbox 557 549 650 577; x_wconf 77' lang='lat' dir='ltr'><strong>futura</strong></span> <span class='ocrx_word' id='word_1_79' title='bbox 665 556 713 584; x_wconf 87' lang='lat' dir='ltr'><strong>per</strong></span> <span class='ocrx_word' id='word_1_80' title='bbox 724 556 865 585; x_wconf 73' lang='lat' dir='ltr'><strong>vesperam</strong></span> <span class='ocrx_word' id='word_1_81' title='bbox 887 548 993 584; x_wconf 75' lang='lat' dir='ltr'><strong>signiti-</strong></span> 
     </span>
    </p>
   </div>
   <div class='ocr_carea' id='block_1_14' title="bbox 203 603 324 626">
    <p class='ocr_par' dir='ltr' id='par_1_14' title="bbox 203 603 324 626">
     <span class='ocr_line' id='line_1_14' title="bbox 203 603 324 626; baseline -0.008 0"><span class='ocrx_word' id='word_1_82' title='bbox 203 603 324 626; x_wconf 83' lang='lat' dir='ltr'><strong>caretur.</strong></span> 
     </span>
    </p>
   </div>
   <div class='ocr_carea' id='block_1_15' title="bbox 240 639 991 677">
    <p class='ocr_par' dir='ltr' id='par_1_15' title="bbox 240 639 991 677">
     <span class='ocr_line' id='line_1_15' title="bbox 240 639 991 677; baseline -0.007 -6"><span class='ocrx_word' id='word_1_83' title='bbox 240 643 338 671; x_wconf 83' lang='lat' dir='ltr'><strong>PALL.</strong></span> <span class='ocrx_word' id='word_1_84' title='bbox 353 642 441 670; x_wconf 88' lang='lat' dir='ltr'><strong>Omne</strong></span> <span class='ocrx_word' id='word_1_85' title='bbox 452 641 546 677; x_wconf 79' lang='lat' dir='ltr'><strong>igitur,</strong></span> <span class='ocrx_word' id='word_1_86' title='bbox 559 645 591 668; x_wconf 91' lang='lat' dir='ltr'><strong>ut</strong></span> <span class='ocrx_word' id='word_1_87' title='bbox 617 644 833 668; x_wconf 84' lang='lat' dir='ltr'><strong>consentaneum</strong></span> <span class='ocrx_word' id='word_1_88' title='bbox 845 643 898 671; x_wconf 85' lang='lat' dir='ltr'><strong>est,</strong></span> <span class='ocrx_word' id='word_1_89' title='bbox 920 639 991 666; x_wconf 89' lang='lat' dir='ltr'><strong>divi-</strong></span> 
     </span>
    </p>
   </div>
   <div class='ocr_carea' id='block_1_16' title="bbox 203 685 992 725">
    <p class='ocr_par' dir='ltr' id='par_1_16' title="bbox 203 685 992 725">
     <span class='ocr_line' id='line_1_16' title="bbox 203 685 992 725; baseline -0.008 -7"><span class='ocrx_word' id='word_1_90' title='bbox 203 690 430 725; x_wconf 64' lang='lat' dir='ltr'><strong>nitusinspiratae</strong></span> <span class='ocrx_word' id='word_1_91' title='bbox 455 688 606 724; x_wconf 62' lang='lat' dir='ltr'><strong>Scriptura</strong></span> <span class='ocrx_word' id='word_1_92' title='bbox 634 687 806 723; x_wconf 89' lang='lat' dir='ltr'><strong>propositum</strong></span> <span class='ocrx_word' id='word_1_93' title='bbox 828 686 863 714; x_wconf 84' lang='lat' dir='ltr'><strong>ad</strong></span> <span class='ocrx_word' id='word_1_94' title='bbox 888 685 992 714; x_wconf 81' lang='lat' dir='ltr'><strong>Christi</strong></span> 
     </span>
    </p>
   </div>
   <div class='ocr_carea' id='block_1_17' title="bbox 202 732 556 769">
    <p class='ocr_par' dir='ltr' id='par_1_17' title="bbox 202 732 556 769">
     <span class='ocr_line' id='line_1_17' title="bbox 202 732 556 769; baseline -0.008 -8"><span class='ocrx_word' id='word_1_95' title='bbox 202 734 367 769; x_wconf 80' lang='lat' dir='ltr'><strong>mysterium</strong></span> <span class='ocrx_word' id='word_1_96' title='bbox 385 736 490 767; x_wconf 78' lang='lat' dir='ltr'><strong>spectat</strong></span> <span class='ocrx_word' id='word_1_97' title='bbox 507 732 556 758; x_wconf 80' lang='lat'><strong>&quot;&#39;?</strong></span> 
     </span>
    </p>
   </div>
   <div class='ocr_carea' id='block_1_18' title="bbox 236 775 991 813">
    <p class='ocr_par' dir='ltr' id='par_1_18' title="bbox 236 775 991 813">
     <span class='ocr_line' id='line_1_18' title="bbox 236 775 991 813; baseline -0.005 -6"><span class='ocrx_word' id='word_1_98' title='bbox 236 779 315 807; x_wconf 75' lang='lat' dir='ltr'><strong>CYB.</strong></span> <span class='ocrx_word' id='word_1_99' title='bbox 333 778 371 806; x_wconf 91' lang='lat' dir='ltr'><strong>lta</strong></span> <span class='ocrx_word' id='word_1_100' title='bbox 384 785 515 813; x_wconf 83' lang='lat' dir='ltr'><strong>prorsus:</strong></span> <span class='ocrx_word' id='word_1_101' title='bbox 530 777 593 805; x_wconf 82' lang='lat' dir='ltr'><strong>ﬁnis</strong></span> <span class='ocrx_word' id='word_1_102' title='bbox 603 785 721 812; x_wconf 77' lang='lat' dir='ltr'><strong>namque</strong></span> <span class='ocrx_word' id='word_1_103' title='bbox 738 777 807 812; x_wconf 77' lang='lat' dir='ltr'><strong>legis</strong></span> <span class='ocrx_word' id='word_1_104' title='bbox 825 784 857 804; x_wconf 89' lang='lat' dir='ltr'><strong>ac</strong></span> <span class='ocrx_word' id='word_1_105' title='bbox 870 775 991 812; x_wconf 86' lang='lat' dir='ltr'><strong>prophe-</strong></span> 
     </span>
    </p>
   </div>
   <div class='ocr_carea' id='block_1_19' title="bbox 203 822 992 859">
    <p class='ocr_par' dir='ltr' id='par_1_19' title="bbox 203 822 992 859">
     <span class='ocr_line' id='line_1_19' title="bbox 203 822 992 859; baseline -0.003 -7"><span class='ocrx_word' id='word_1_106' title='bbox 203 830 296 852; x_wconf 83' lang='lat' dir='ltr'><strong>tarum</strong></span> <span class='ocrx_word' id='word_1_107' title='bbox 310 824 438 852; x_wconf 83' lang='lat' dir='ltr'><strong>Christus</strong></span> <span class='ocrx_word' id='word_1_108' title='bbox 450 833 456 851; x_wconf 86' lang='lat'>:</span> <span class='ocrx_word' id='word_1_109' title='bbox 472 834 480 849; x_wconf 76' lang='grc' dir='ltr'><strong>ι</strong></span> <span class='ocrx_word' id='word_1_110' title='bbox 494 823 589 859; x_wconf 81' lang='lat' dir='ltr'><strong>Neque</strong></span> <span class='ocrx_word' id='word_1_111' title='bbox 604 823 678 851; x_wconf 90' lang='lat' dir='ltr'><strong>enim</strong></span> <span class='ocrx_word' id='word_1_112' title='bbox 690 827 732 851; x_wconf 88' lang='lat' dir='ltr'><strong>est</strong></span> <span class='ocrx_word' id='word_1_113' title='bbox 743 831 843 852; x_wconf 89' lang='lat' dir='ltr'><strong>nomen</strong></span> <span class='ocrx_word' id='word_1_114' title='bbox 855 823 908 851; x_wconf 88' lang='lat' dir='ltr'><strong>sub</strong></span> <span class='ocrx_word' id='word_1_115' title='bbox 921 822 992 850; x_wconf 64' lang='lat' dir='ltr'><strong>caelo</strong></span> 
     </span>
    </p>
   </div>
   <div class='ocr_carea' id='block_1_20' title="bbox 200 862 1028 905">
    <p class='ocr_par' dir='ltr' id='par_1_20' title="bbox 200 862 1028 905">
     <span class='ocr_line' id='line_1_20' title="bbox 200 862 1028 905; baseline -0.004 -6"><span class='ocrx_word' id='word_1_116' title='bbox 200 871 299 899; x_wconf 76' lang='lat' dir='ltr'><strong>datum</strong></span> <span class='ocrx_word' id='word_1_117' title='bbox 328 870 498 902; x_wconf 86' lang='lat' dir='ltr'><strong>hominibus,</strong></span> <span class='ocrx_word' id='word_1_118' title='bbox 516 869 572 905; x_wconf 65' lang='grc'><strong>84</strong></span> <span class='ocrx_word' id='word_1_119' title='bbox 586 869 614 896; x_wconf 89' lang='lat' dir='ltr'><strong>in</strong></span> <span class='ocrx_word' id='word_1_120' title='bbox 625 877 681 904; x_wconf 89' lang='lat' dir='ltr'><strong>quo</strong></span> <span class='ocrx_word' id='word_1_121' title='bbox 696 873 823 904; x_wconf 78' lang='lat' dir='ltr'><strong>oporteat</strong></span> <span class='ocrx_word' id='word_1_122' title='bbox 838 877 888 896; x_wconf 89' lang='lat' dir='ltr'><strong>nos</strong></span> <span class='ocrx_word' id='word_1_123' title='bbox 902 869 992 897; x_wconf 82' lang='lat' dir='ltr'><strong>salvos</strong></span> <span class='ocrx_word' id='word_1_124' title='bbox 1008 862 1028 889; x_wconf 78' lang='grc' dir='ltr'><strong>Β</strong></span> 
     </span>
    </p>
   </div>
   <div class='ocr_carea' id='block_1_21' title="bbox 201 913 990 944">
    <p class='ocr_par' dir='ltr' id='par_1_21' title="bbox 201 913 990 944">
     <span class='ocr_line' id='line_1_21' title="bbox 201 913 990 944; baseline -0.005 0"><span class='ocrx_word' id='word_1_125' title='bbox 201 916 265 944; x_wconf 80' lang='lat' dir='ltr'><strong>ﬁeri</strong></span> <span class='ocrx_word' id='word_1_126' title='bbox 282 916 322 942; x_wconf 75' lang='grc' dir='ltr'><strong>τ⁰;</strong></span> <span class='ocrx_word' id='word_1_127' title='bbox 339 925 348 941; x_wconf 78' lang='grc' dir='ltr'><strong>ι</strong></span> <span class='ocrx_word' id='word_1_128' title='bbox 368 915 408 942; x_wconf 90' lang='lat' dir='ltr'><strong>sic</strong></span> <span class='ocrx_word' id='word_1_129' title='bbox 429 915 504 942; x_wconf 88' lang='lat' dir='ltr'><strong>enim</strong></span> <span class='ocrx_word' id='word_1_130' title='bbox 520 914 590 942; x_wconf 82' lang='lat' dir='ltr'><strong>dixit</strong></span> <span class='ocrx_word' id='word_1_131' title='bbox 601 914 648 941; x_wconf 88' lang='lat' dir='ltr'><strong>ille</strong></span> <span class='ocrx_word' id='word_1_132' title='bbox 664 913 816 942; x_wconf 86' lang='lat' dir='ltr'><strong>Salvatoris</strong></span> <span class='ocrx_word' id='word_1_133' title='bbox 836 914 924 942; x_wconf 80' lang='lat' dir='ltr'><strong>nostri</strong></span> <span class='ocrx_word' id='word_1_134' title='bbox 946 913 990 941; x_wconf 93' lang='lat' dir='ltr'><strong>di-</strong></span> 
     </span>
    </p>
   </div>
   <div class='ocr_carea' id='block_1_22' title="bbox 203 960 990 998">
    <p class='ocr_par' dir='ltr' id='par_1_22' title="bbox 203 960 990 998">
     <span class='ocr_line' id='line_1_22' title="bbox 203 960 990 998; baseline -0.004 -8"><span class='ocrx_word' id='word_1_135' title='bbox 203 962 344 998; x_wconf 84' lang='lat' dir='ltr'><strong>scipulus;</strong></span> <span class='ocrx_word' id='word_1_136' title='bbox 361 961 440 997; x_wconf 86' lang='lat' dir='ltr'><strong>cujus</strong></span> <span class='ocrx_word' id='word_1_137' title='bbox 455 961 495 988; x_wconf 90' lang='lat' dir='ltr'><strong>rei</strong></span> <span class='ocrx_word' id='word_1_138' title='bbox 505 960 634 996; x_wconf 86' lang='lat' dir='ltr'><strong>probatio</strong></span> <span class='ocrx_word' id='word_1_139' title='bbox 653 960 680 987; x_wconf 88' lang='lat' dir='ltr'><strong>in</strong></span> <span class='ocrx_word' id='word_1_140' title='bbox 698 965 826 996; x_wconf 92' lang='lat' dir='ltr'><strong>promptu</strong></span> <span class='ocrx_word' id='word_1_141' title='bbox 850 964 902 993; x_wconf 88' lang='lat' dir='ltr'><strong>est,</strong></span> <span class='ocrx_word' id='word_1_142' title='bbox 920 960 943 988; x_wconf 91' lang='lat' dir='ltr'><strong>si</strong></span> <span class='ocrx_word' id='word_1_143' title='bbox 956 960 990 988; x_wconf 92' lang='lat' dir='ltr'><strong>ad</strong></span> 
     </span>
    </p>
   </div>
   <div class='ocr_carea' id='block_1_23' title="bbox 199 1006 989 1044">
    <p class='ocr_par' dir='ltr' id='par_1_23' title="bbox 199 1006 989 1044">
     <span class='ocr_line' id='line_1_23' title="bbox 199 1006 989 1044; baseline -0.004 -7"><span class='ocrx_word' id='word_1_144' title='bbox 199 1017 236 1037; x_wconf 78' lang='lat' dir='ltr'><strong>ea</strong></span> <span class='ocrx_word' id='word_1_145' title='bbox 247 1017 307 1044; x_wconf 78' lang='lat' dir='ltr'><strong>quae</strong></span> <span class='ocrx_word' id='word_1_146' title='bbox 319 1012 473 1043; x_wconf 85' lang='lat' dir='ltr'><strong>sequuntur</strong></span> <span class='ocrx_word' id='word_1_147' title='bbox 489 1007 697 1043; x_wconf 80' lang='lat' dir='ltr'><strong>aspexerimus:</strong></span> <span class='ocrx_word' id='word_1_148' title='bbox 714 1015 722 1032; x_wconf 86' lang='grc'><strong>‹</strong></span> <span class='ocrx_word' id='word_1_149' title='bbox 736 1006 854 1035; x_wconf 74' lang='lat' dir='ltr'><strong>Profecti</strong></span> <span class='ocrx_word' id='word_1_150' title='bbox 864 1027 872 1040; x_wconf 88' lang='lat'><strong>,</strong></span> <span class='ocrx_word' id='word_1_151' title='bbox 891 1007 989 1042; x_wconf 86' lang='lat' dir='ltr'><strong>inquit,</strong></span> 
     </span>
    </p>
   </div>
   <div class='ocr_carea' id='block_1_24' title="bbox 202 1053 990 1087">
    <p class='ocr_par' dir='ltr' id='par_1_24' title="bbox 202 1053 990 1087">
     <span class='ocr_line' id='line_1_24' title="bbox 202 1053 990 1087; baseline -0.003 -5"><span class='ocrx_word' id='word_1_152' title='bbox 202 1055 252 1082; x_wconf 78' lang='lat' dir='ltr'><strong>lilii</strong></span> <span class='ocrx_word' id='word_1_153' title='bbox 267 1055 350 1082; x_wconf 66' lang='lat' dir='ltr'><strong>[Erael</strong></span> <span class='ocrx_word' id='word_1_154' title='bbox 368 1062 402 1081; x_wconf 79' lang='lat' dir='ltr'><strong>ex</strong></span> <span class='ocrx_word' id='word_1_155' title='bbox 417 1053 530 1086; x_wconf 85' lang='lat' dir='ltr'><strong>Socoth,</strong></span> <span class='ocrx_word' id='word_1_156' title='bbox 545 1053 729 1081; x_wconf 83' lang='lat' dir='ltr'><strong>castrametati</strong></span> <span class='ocrx_word' id='word_1_157' title='bbox 748 1057 813 1081; x_wconf 86' lang='lat' dir='ltr'><strong>sunt</strong></span> <span class='ocrx_word' id='word_1_158' title='bbox 830 1053 858 1080; x_wconf 76' lang='lat' dir='ltr'><strong>in</strong></span> <span class='ocrx_word' id='word_1_159' title='bbox 879 1053 990 1087; x_wconf 89' lang='lat' dir='ltr'><strong>Othom,</strong></span> 
     </span>
    </p>
   </div>
   <div class='ocr_carea' id='block_1_25' title="bbox 201 1098 992 1137">
    <p class='ocr_par' dir='ltr' id='par_1_25' title="bbox 201 1098 992 1137">
     <span class='ocr_line' id='line_1_25' title="bbox 201 1098 992 1137; baseline -0.005 -8"><span class='ocrx_word' id='word_1_160' title='bbox 201 1109 291 1137; x_wconf 81' lang='lat' dir='ltr'><strong>prope</strong></span> <span class='ocrx_word' id='word_1_161' title='bbox 310 1101 471 1133; x_wconf 87' lang='lat' dir='ltr'><strong>desertum;</strong></span> <span class='ocrx_word' id='word_1_162' title='bbox 487 1100 560 1128; x_wconf 84' lang='lat' dir='ltr'><strong>Deus</strong></span> <span class='ocrx_word' id='word_1_163' title='bbox 572 1103 665 1127; x_wconf 85' lang='lat' dir='ltr'><strong>autem</strong></span> <span class='ocrx_word' id='word_1_164' title='bbox 687 1098 803 1134; x_wconf 68' lang='lat' dir='ltr'><strong>praeibat</strong></span> <span class='ocrx_word' id='word_1_165' title='bbox 823 1098 887 1131; x_wconf 81' lang='lat' dir='ltr'><strong>illis.</strong></span> <span class='ocrx_word' id='word_1_166' title='bbox 904 1099 992 1126; x_wconf 89' lang='lat' dir='ltr'><strong>inter-</strong></span> 
     </span>
    </p>
   </div>
   <div class='ocr_carea' id='block_1_26' title="bbox 205 1145 992 1183">
    <p class='ocr_par' dir='ltr' id='par_1_26' title="bbox 205 1145 992 1183">
     <span class='ocr_line' id='line_1_26' title="bbox 205 1145 992 1183; baseline -0.004 -8"><span class='ocrx_word' id='word_1_167' title='bbox 205 1147 253 1176; x_wconf 86' lang='lat' dir='ltr'><strong>diu</strong></span> <span class='ocrx_word' id='word_1_168' title='bbox 271 1148 384 1183; x_wconf 89' lang='lat' dir='ltr'><strong>quidem</strong></span> <span class='ocrx_word' id='word_1_169' title='bbox 411 1147 440 1174; x_wconf 91' lang='lat' dir='ltr'><strong>in</strong></span> <span class='ocrx_word' id='word_1_170' title='bbox 460 1147 590 1175; x_wconf 81' lang='lat' dir='ltr'><strong>columna</strong></span> <span class='ocrx_word' id='word_1_171' title='bbox 609 1145 702 1178; x_wconf 88' lang='lat' dir='ltr'><strong>nubis,</strong></span> <span class='ocrx_word' id='word_1_172' title='bbox 723 1149 755 1172; x_wconf 89' lang='lat' dir='ltr'><strong>ut</strong></span> <span class='ocrx_word' id='word_1_173' title='bbox 773 1145 932 1174; x_wconf 87' lang='lat' dir='ltr'><strong>ostenderet</strong></span> <span class='ocrx_word' id='word_1_174' title='bbox 951 1145 992 1173; x_wconf 84' lang='lat' dir='ltr'><strong>eis</strong></span> 
     </span>
    </p>
   </div>
   <div class='ocr_carea' id='block_1_27' title="bbox 207 1191 993 1228">
    <p class='ocr_par' dir='ltr' id='par_1_27' title="bbox 207 1191 993 1228">
     <span class='ocr_line' id='line_1_27' title="bbox 207 1191 993 1228; baseline -0.005 -6"><span class='ocrx_word' id='word_1_175' title='bbox 207 1194 276 1227; x_wconf 70' lang='lat' dir='ltr'><strong>viam</strong></span> <span class='ocrx_word' id='word_1_176' title='bbox 289 1203 297 1228; x_wconf 84' lang='lat'><strong>;</strong></span> <span class='ocrx_word' id='word_1_177' title='bbox 309 1194 343 1222; x_wconf 87' lang='lat' dir='ltr'><strong>de</strong></span> <span class='ocrx_word' id='word_1_178' title='bbox 355 1197 435 1221; x_wconf 84' lang='lat' dir='ltr'><strong>nocte</strong></span> <span class='ocrx_word' id='word_1_179' title='bbox 444 1197 536 1221; x_wconf 81' lang='lat' dir='ltr'><strong>autem</strong></span> <span class='ocrx_word' id='word_1_180' title='bbox 547 1192 575 1220; x_wconf 89' lang='lat' dir='ltr'><strong>in</strong></span> <span class='ocrx_word' id='word_1_181' title='bbox 588 1192 715 1220; x_wconf 88' lang='lat' dir='ltr'><strong>columna</strong></span> <span class='ocrx_word' id='word_1_182' title='bbox 728 1191 797 1228; x_wconf 73' lang='lat' dir='ltr'><strong>ignis</strong></span> <span class='ocrx_word' id='word_1_183' title='bbox 808 1200 814 1218; x_wconf 94' lang='lat'>:</span> <span class='ocrx_word' id='word_1_184' title='bbox 826 1199 882 1219; x_wconf 89' lang='lat' dir='ltr'><strong>non</strong></span> <span class='ocrx_word' id='word_1_185' title='bbox 892 1191 993 1220; x_wconf 85' lang='lat' dir='ltr'><strong>defecit</strong></span> 
     </span>
    </p>
   </div>
   <div class='ocr_carea' id='block_1_28' title="bbox 205 1238 993 1275">
    <p class='ocr_par' dir='ltr' id='par_1_28' title="bbox 205 1238 993 1275">
     <span class='ocr_line' id='line_1_28' title="bbox 205 1238 993 1275; baseline -0.005 -6"><span class='ocrx_word' id='word_1_186' title='bbox 205 1241 332 1269; x_wconf 86' lang='lat' dir='ltr'><strong>columna</strong></span> <span class='ocrx_word' id='word_1_187' title='bbox 347 1240 429 1269; x_wconf 86' lang='lat' dir='ltr'><strong>nubis</strong></span> <span class='ocrx_word' id='word_1_188' title='bbox 443 1247 494 1275; x_wconf 84' lang='lat' dir='ltr'><strong>per</strong></span> <span class='ocrx_word' id='word_1_189' title='bbox 511 1238 596 1271; x_wconf 88' lang='lat' dir='ltr'><strong>diem,</strong></span> <span class='ocrx_word' id='word_1_190' title='bbox 611 1246 701 1274; x_wconf 90' lang='lat' dir='ltr'><strong>neque</strong></span> <span class='ocrx_word' id='word_1_191' title='bbox 720 1238 849 1266; x_wconf 87' lang='lat' dir='ltr'><strong>columna</strong></span> <span class='ocrx_word' id='word_1_192' title='bbox 863 1238 933 1274; x_wconf 75' lang='lat' dir='ltr'><strong>ignis</strong></span> <span class='ocrx_word' id='word_1_193' title='bbox 942 1245 993 1273; x_wconf 81' lang='lat' dir='ltr'><strong>per</strong></span> 
     </span>
    </p>
   </div>
   <div class='ocr_carea' id='block_1_29' title="bbox 206 1282 993 1320">
    <p class='ocr_par' dir='ltr' id='par_1_29' title="bbox 206 1282 993 1320">
     <span class='ocr_line' id='line_1_29' title="bbox 206 1282 993 1320; baseline -0.006 -5"><span class='ocrx_word' id='word_1_194' title='bbox 206 1291 315 1315; x_wconf 87' lang='lat' dir='ltr'><strong>noctem</strong></span> <span class='ocrx_word' id='word_1_195' title='bbox 329 1293 423 1314; x_wconf 84' lang='lat' dir='ltr'><strong>coram</strong></span> <span class='ocrx_word' id='word_1_196' title='bbox 434 1284 510 1312; x_wconf 90' lang='lat' dir='ltr'><strong>omni</strong></span> <span class='ocrx_word' id='word_1_197' title='bbox 524 1283 625 1320; x_wconf 89' lang='lat' dir='ltr'><strong>populo</strong></span> <span class='ocrx_word' id='word_1_198' title='bbox 645 1284 679 1310; x_wconf 84' lang='lat'><strong>“.</strong></span> <span class='ocrx_word' id='word_1_199' title='bbox 695 1292 704 1309; x_wconf 86' lang='grc'><strong>›</strong></span> <span class='ocrx_word' id='word_1_200' title='bbox 720 1282 804 1311; x_wconf 80' lang='lat' dir='ltr'><strong>Vides</strong></span> <span class='ocrx_word' id='word_1_201' title='bbox 815 1287 846 1310; x_wconf 90' lang='lat' dir='ltr'><strong>ut</strong></span> <span class='ocrx_word' id='word_1_202' title='bbox 860 1283 993 1311; x_wconf 76' lang='lat' dir='ltr'><strong>lsraelitis</strong></span> 
     </span>
    </p>
   </div>
   <div class='ocr_carea' id='block_1_30' title="bbox 206 1328 994 1370">
    <p class='ocr_par' dir='ltr' id='par_1_30' title="bbox 206 1328 994 1370">
     <span class='ocr_line' id='line_1_30' title="bbox 206 1328 994 1370; baseline -0.006 -9"><span class='ocrx_word' id='word_1_203' title='bbox 206 1335 261 1370; x_wconf 72' lang='lat' dir='ltr'><strong>iam</strong></span> <span class='ocrx_word' id='word_1_204' title='bbox 287 1340 321 1361; x_wconf 83' lang='lat' dir='ltr'><strong>ex</strong></span> <span class='ocrx_word' id='word_1_205' title='bbox 347 1330 537 1367; x_wconf 68' lang='lat' dir='ltr'><strong>Egyptiorum</strong></span> <span class='ocrx_word' id='word_1_206' title='bbox 560 1330 672 1365; x_wconf 73' lang='lat' dir='ltr'><strong>regione</strong></span> <span class='ocrx_word' id='word_1_207' title='bbox 695 1328 826 1364; x_wconf 80' lang='lat' dir='ltr'><strong>profectis</strong></span> <span class='ocrx_word' id='word_1_208' title='bbox 842 1328 940 1357; x_wconf 87' lang='lat' dir='ltr'><strong>ducem</strong></span> <span class='ocrx_word' id='word_1_209' title='bbox 964 1335 994 1356; x_wconf 84' lang='lat' dir='ltr'><strong>se</strong></span> 
     </span>
    </p>
   </div>
   <div class='ocr_carea' id='block_1_31' title="bbox 206 1373 994 1414">
    <p class='ocr_par' dir='ltr' id='par_1_31' title="bbox 206 1373 994 1414">
     <span class='ocr_line' id='line_1_31' title="bbox 206 1373 994 1414; baseline -0.006 -8"><span class='ocrx_word' id='word_1_210' title='bbox 206 1377 364 1414; x_wconf 69' lang='lat' dir='ltr'><strong>praestiterit.</strong></span> <span class='ocrx_word' id='word_1_211' title='bbox 376 1377 448 1404; x_wconf 87' lang='lat' dir='ltr'><strong>Deus</strong></span> <span class='ocrx_word' id='word_1_212' title='bbox 464 1375 492 1403; x_wconf 88' lang='lat' dir='ltr'><strong>in</strong></span> <span class='ocrx_word' id='word_1_213' title='bbox 503 1375 632 1404; x_wconf 82' lang='lat' dir='ltr'><strong>columna</strong></span> <span class='ocrx_word' id='word_1_214' title='bbox 654 1374 739 1402; x_wconf 88' lang='lat' dir='ltr'><strong>nubis</strong></span> <span class='ocrx_word' id='word_1_215' title='bbox 755 1378 784 1402; x_wconf 89' lang='lat' dir='ltr'><strong>et</strong></span> <span class='ocrx_word' id='word_1_216' title='bbox 801 1373 891 1409; x_wconf 77' lang='lat' dir='ltr'><strong>ignis;</strong></span> <span class='ocrx_word' id='word_1_217' title='bbox 903 1374 994 1402; x_wconf 86' lang='lat' dir='ltr'><strong>utrin-</strong></span> 
     </span>
    </p>
   </div>
   <div class='ocr_carea' id='block_1_32' title="bbox 205 1420 788 1460">
    <p class='ocr_par' dir='ltr' id='par_1_32' title="bbox 205 1420 788 1460">
     <span class='ocr_line' id='line_1_32' title="bbox 205 1420 788 1460; baseline -0.01 -7"><span class='ocrx_word' id='word_1_218' title='bbox 205 1432 261 1460; x_wconf 80' lang='lat' dir='ltr'><strong>que</strong></span> <span class='ocrx_word' id='word_1_219' title='bbox 283 1427 375 1452; x_wconf 78' lang='lat' dir='ltr'><strong>autem</strong></span> <span class='ocrx_word' id='word_1_220' title='bbox 385 1422 512 1450; x_wconf 84' lang='lat' dir='ltr'><strong>Christus</strong></span> <span class='ocrx_word' id='word_1_221' title='bbox 530 1420 788 1457; x_wconf 60' lang='lat' dir='ltr'><strong>representabatur.</strong></span> 
     </span>
    </p>
   </div>
   <div class='ocr_carea' id='block_1_33' title="bbox 243 1467 661 1503">
    <p class='ocr_par' dir='ltr' id='par_1_33' title="bbox 243 1467 661 1503">
     <span class='ocr_line' id='line_1_33' title="bbox 243 1467 661 1503; baseline -0.01 -5"><span class='ocrx_word' id='word_1_222' title='bbox 243 1470 342 1499; x_wconf 76' lang='lat' dir='ltr'>PALL.</span> <span class='ocrx_word' id='word_1_223' title='bbox 356 1469 416 1503; x_wconf 85' lang='lat' dir='ltr'><strong>Quo</strong></span> <span class='ocrx_word' id='word_1_224' title='bbox 436 1468 547 1496; x_wconf 85' lang='lat' dir='ltr'><strong>tandem</strong></span> <span class='ocrx_word' id='word_1_225' title='bbox 562 1467 661 1495; x_wconf 78' lang='lat' dir='ltr'><strong>modo?</strong></span> 
     </span>
    </p>
   </div>
   <div class='ocr_carea' id='block_1_34' title="bbox 1042 226 1830 264">
    <p class='ocr_par' dir='ltr' id='par_1_34' title="bbox 1042 226 1830 264">
     <span class='ocr_line' id='line_1_34' title="bbox 1042 226 1830 264; baseline 0 -10"><span class='ocrx_word' id='word_1_226' title='bbox 1042 229 1091 264; x_wconf 75' lang='grc' dir='ltr'>τὴν</span> <span class='ocrx_word' id='word_1_227' title='bbox 1107 229 1177 264; x_wconf 77' lang='grc' dir='ltr'>ὑπὲρ</span> <span class='ocrx_word' id='word_1_228' title='bbox 1195 228 1245 263; x_wconf 86' lang='grc' dir='ltr'>τῆς</span> <span class='ocrx_word' id='word_1_229' title='bbox 1261 228 1388 256; x_wconf 82' lang='grc' dir='ltr'>ἁπάντων</span> <span class='ocrx_word' id='word_1_230' title='bbox 1411 226 1481 263; x_wconf 81' lang='grc' dir='ltr'><strong>ζωῆς</strong></span> <span class='ocrx_word' id='word_1_231' title='bbox 1496 228 1688 264; x_wconf 79' lang='grc' dir='ltr'>ὑπομεμένηκε</span> <span class='ocrx_word' id='word_1_232' title='bbox 1711 228 1830 263; x_wconf 79' lang='grc' dir='ltr'>σφαγήν.</span> 
     </span>
    </p>
   </div>
   <div class='ocr_carea' id='block_1_35' title="bbox 1042 273 1831 310">
    <p class='ocr_par' dir='ltr' id='par_1_35' title="bbox 1042 273 1831 310">
     <span class='ocr_line' id='line_1_35' title="bbox 1042 273 1831 310; baseline -0.001 -9"><span class='ocrx_word' id='word_1_233' title='bbox 1042 274 1188 309; x_wconf 82' lang='grc' dir='ltr'><strong>Τοιγάρτοι</strong></span> <span class='ocrx_word' id='word_1_234' title='bbox 1209 274 1256 301; x_wconf 80' lang='grc' dir='ltr'><strong>καὶ</strong></span> <span class='ocrx_word' id='word_1_235' title='bbox 1276 275 1290 301; x_wconf 91' lang='lat'><strong>6</strong></span> <span class='ocrx_word' id='word_1_236' title='bbox 1309 274 1429 306; x_wconf 81' lang='grc' dir='ltr'>Μωσέως</span> <span class='ocrx_word' id='word_1_237' title='bbox 1444 273 1571 301; x_wconf 85' lang='grc' dir='ltr'>διετὺπου</span> <span class='ocrx_word' id='word_1_238' title='bbox 1584 274 1676 310; x_wconf 82' lang='grc' dir='ltr'>νόμος,</span> <span class='ocrx_word' id='word_1_239' title='bbox 1691 274 1831 310; x_wconf 78' lang='grc' dir='ltr'>λαμϐάνε-</span> 
     </span>
    </p>
   </div>
   <div class='ocr_carea' id='block_1_36' title="bbox 1043 320 1831 357">
    <p class='ocr_par' dir='ltr' id='par_1_36' title="bbox 1043 320 1831 357">
     <span class='ocr_line' id='line_1_36' title="bbox 1043 320 1831 357; baseline 0 -10"><span class='ocrx_word' id='word_1_240' title='bbox 1043 320 1106 347; x_wconf 87' lang='grc' dir='ltr'>σθαι</span> <span class='ocrx_word' id='word_1_241' title='bbox 1122 321 1171 356; x_wconf 83' lang='grc' dir='ltr'>μὲν</span> <span class='ocrx_word' id='word_1_242' title='bbox 1187 321 1232 348; x_wconf 76' lang='grc' dir='ltr'>τὸν</span> <span class='ocrx_word' id='word_1_243' title='bbox 1245 321 1330 356; x_wconf 81' lang='grc' dir='ltr'>ἀμνὸν</span> <span class='ocrx_word' id='word_1_244' title='bbox 1345 320 1399 348; x_wconf 79' lang='grc' dir='ltr'><strong>ἀπὸ</strong></span> <span class='ocrx_word' id='word_1_245' title='bbox 1415 320 1531 355; x_wconf 77' lang='grc' dir='ltr'><strong>δεκάτης</strong></span> <span class='ocrx_word' id='word_1_246' title='bbox 1545 320 1592 347; x_wconf 73' lang='grc' dir='ltr'>τοῦ</span> <span class='ocrx_word' id='word_1_247' title='bbox 1607 320 1718 357; x_wconf 82' lang='grc' dir='ltr'><strong>πρώτου</strong></span> <span class='ocrx_word' id='word_1_248' title='bbox 1735 321 1831 357; x_wconf 79' lang='grc' dir='ltr'>μηνὸς,</span> 
     </span>
    </p>
   </div>
   <div class='ocr_carea' id='block_1_37' title="bbox 1043 367 1834 404">
    <p class='ocr_par' dir='ltr' id='par_1_37' title="bbox 1043 367 1834 404">
     <span class='ocr_line' id='line_1_37' title="bbox 1043 367 1834 404; baseline 0.003 -10"><span class='ocrx_word' id='word_1_249' title='bbox 1043 367 1193 401; x_wconf 72' lang='grc' dir='ltr'><strong>σφάζεσθαι</strong></span> <span class='ocrx_word' id='word_1_250' title='bbox 1209 367 1238 394; x_wconf 78' lang='grc' dir='ltr'><strong>δὲ</strong></span> <span class='ocrx_word' id='word_1_251' title='bbox 1253 367 1318 404; x_wconf 80' lang='grc' dir='ltr'>πρὸς</span> <span class='ocrx_word' id='word_1_252' title='bbox 1333 367 1450 403; x_wconf 74' lang='grc' dir='ltr'>ἑσπέραν</span> <span class='ocrx_word' id='word_1_253' title='bbox 1466 368 1516 402; x_wconf 76' lang='grc' dir='ltr'>τῆς</span> <span class='ocrx_word' id='word_1_254' title='bbox 1530 368 1834 404; x_wconf 75' lang='grc' dir='ltr'><strong>τεσσαρεσκαιδεκάτης</strong></span> 
     </span>
    </p>
   </div>
   <div class='ocr_carea' id='block_1_38' title="bbox 1041 413 1834 450">
    <p class='ocr_par' dir='ltr' id='par_1_38' title="bbox 1041 413 1834 450">
     <span class='ocr_line' id='line_1_38' title="bbox 1041 413 1834 450; baseline 0 -10"><span class='ocrx_word' id='word_1_255' title='bbox 1041 413 1089 440; x_wconf 76' lang='grc' dir='ltr'><strong>τοῦ</strong></span> <span class='ocrx_word' id='word_1_256' title='bbox 1110 413 1192 440; x_wconf 80' lang='grc' dir='ltr'>αὑτοῦ</span> <span class='ocrx_word' id='word_1_257' title='bbox 1213 414 1307 449; x_wconf 82' lang='grc' dir='ltr'>μηνὸς,</span> <span class='ocrx_word' id='word_1_258' title='bbox 1326 413 1360 440; x_wconf 77' lang='grc' dir='ltr'><strong>ἶν’</strong></span> <span class='ocrx_word' id='word_1_259' title='bbox 1380 415 1410 441; x_wconf 66' lang='grc' dir='ltr'>ἐν</span> <span class='ocrx_word' id='word_1_260' title='bbox 1426 414 1517 449; x_wconf 81' lang='grc' dir='ltr'><strong>ταύτῷ</strong></span> <span class='ocrx_word' id='word_1_261' title='bbox 1530 414 1577 441; x_wconf 77' lang='grc' dir='ltr'><strong>καὶ</strong></span> <span class='ocrx_word' id='word_1_262' title='bbox 1590 415 1604 441; x_wconf 97' lang='lat'><strong>6</strong></span> <span class='ocrx_word' id='word_1_263' title='bbox 1620 415 1746 450; x_wconf 82' lang='grc' dir='ltr'>πέμπτος</span> <span class='ocrx_word' id='word_1_264' title='bbox 1767 415 1834 449; x_wconf 75' lang='grc' dir='ltr'>ἡμῖν</span> 
     </span>
    </p>
   </div>
   <div class='ocr_carea' id='block_1_39' title="bbox 1042 461 1834 498">
    <p class='ocr_par' dir='ltr' id='par_1_39' title="bbox 1042 461 1834 498">
     <span class='ocr_line' id='line_1_39' title="bbox 1042 461 1834 498; baseline 0 -11"><span class='ocrx_word' id='word_1_265' title='bbox 1042 461 1147 497; x_wconf 78' lang='grc' dir='ltr'>καιρὸς,</span> <span class='ocrx_word' id='word_1_266' title='bbox 1161 461 1200 493; x_wconf 82' lang='grc' dir='ltr'>ὡς</span> <span class='ocrx_word' id='word_1_267' title='bbox 1222 462 1250 488; x_wconf 77' lang='grc' dir='ltr'>ὲν</span> <span class='ocrx_word' id='word_1_268' title='bbox 1270 461 1361 497; x_wconf 76' lang='grc' dir='ltr'>ἡμέρᾳ</span> <span class='ocrx_word' id='word_1_269' title='bbox 1376 462 1408 496; x_wconf 81' lang='grc' dir='ltr'><strong>τῇ</strong></span> <span class='ocrx_word' id='word_1_270' title='bbox 1425 461 1548 498; x_wconf 82' lang='grc' dir='ltr'>πέμπτῃ,</span> <span class='ocrx_word' id='word_1_271' title='bbox 1563 461 1610 488; x_wconf 77' lang='grc' dir='ltr'><strong>καὶ</strong></span> <span class='ocrx_word' id='word_1_272' title='bbox 1629 463 1685 494; x_wconf 87' lang='grc' dir='ltr'>τοῖς</span> <span class='ocrx_word' id='word_1_273' title='bbox 1698 461 1745 488; x_wconf 73' lang='grc' dir='ltr'><strong>ἐπὶ</strong></span> <span class='ocrx_word' id='word_1_274' title='bbox 1761 461 1834 488; x_wconf 80' lang='grc' dir='ltr'>τέλει</span> 
     </span>
    </p>
   </div>
   <div class='ocr_carea' id='block_1_40' title="bbox 1041 506 1834 542">
    <p class='ocr_par' dir='ltr' id='par_1_40' title="bbox 1041 506 1834 542">
     <span class='ocr_line' id='line_1_40' title="bbox 1041 506 1834 542; baseline 0 -9"><span class='ocrx_word' id='word_1_275' title='bbox 1041 506 1089 533; x_wconf 81' lang='grc' dir='ltr'>τοῦ</span> <span class='ocrx_word' id='word_1_276' title='bbox 1106 507 1213 540; x_wconf 69' lang='grc' dir='ltr'>αἰῶνος,</span> <span class='ocrx_word' id='word_1_277' title='bbox 1230 507 1280 542; x_wconf 77' lang='grc' dir='ltr'>τὴν</span> <span class='ocrx_word' id='word_1_278' title='bbox 1300 507 1348 533; x_wconf 82' lang='grc' dir='ltr'>τοῦ</span> <span class='ocrx_word' id='word_1_279' title='bbox 1371 507 1496 542; x_wconf 83' lang='grc' dir='ltr'><strong>Σωτῆρος</strong></span> <span class='ocrx_word' id='word_1_280' title='bbox 1518 507 1645 542; x_wconf 84' lang='grc' dir='ltr'>γενέσθαι</span> <span class='ocrx_word' id='word_1_281' title='bbox 1665 506 1776 542; x_wconf 77' lang='grc' dir='ltr'>σφαγὴν</span> <span class='ocrx_word' id='word_1_282' title='bbox 1790 506 1834 533; x_wconf 70' lang='grc' dir='ltr'><strong>διὶ</strong></span> 
     </span>
    </p>
   </div>
   <div class='ocr_carea' id='block_1_41' title="bbox 1042 553 1511 590">
    <p class='ocr_par' dir='ltr' id='par_1_41' title="bbox 1042 553 1511 590">
     <span class='ocr_line' id='line_1_41' title="bbox 1042 553 1511 590; baseline 0.002 -10"><span class='ocrx_word' id='word_1_283' title='bbox 1042 553 1100 587; x_wconf 85' lang='grc' dir='ltr'>τοῦ,</span> <span class='ocrx_word' id='word_1_284' title='bbox 1109 554 1178 590; x_wconf 82' lang='grc' dir='ltr'>πρὸς</span> <span class='ocrx_word' id='word_1_285' title='bbox 1191 555 1320 590; x_wconf 74' lang='grc' dir='ltr'>ἑσπέραν,</span> <span class='ocrx_word' id='word_1_286' title='bbox 1334 553 1511 590; x_wconf 84' lang='grc' dir='ltr'>σημαίνηται.</span> 
     </span>
    </p>
   </div>
   <div class='ocr_carea' id='block_1_42' title="bbox 1079 641 1835 678">
    <p class='ocr_par' dir='ltr' id='par_1_42' title="bbox 1079 641 1835 678">
     <span class='ocr_line' id='line_1_42' title="bbox 1079 641 1835 678; baseline -0.004 -7"><span class='ocrx_word' id='word_1_287' title='bbox 1079 644 1184 672; x_wconf 79' lang='grc' dir='ltr'><strong>ΠΑΛΛ.</strong></span> <span class='ocrx_word' id='word_1_288' title='bbox 1197 644 1287 675; x_wconf 69' lang='grc' dir='ltr'>’Λπας</span> <span class='ocrx_word' id='word_1_289' title='bbox 1298 641 1354 676; x_wconf 76' lang='grc' dir='ltr'>οὖν,</span> <span class='ocrx_word' id='word_1_290' title='bbox 1367 643 1405 675; x_wconf 83' lang='grc' dir='ltr'><strong>ὡς</strong></span> <span class='ocrx_word' id='word_1_291' title='bbox 1414 642 1496 675; x_wconf 72' lang='grc' dir='ltr'>ἔοικε,</span> <span class='ocrx_word' id='word_1_292' title='bbox 1507 643 1556 678; x_wconf 78' lang='grc' dir='ltr'>τῆς</span> <span class='ocrx_word' id='word_1_293' title='bbox 1567 642 1748 670; x_wconf 74' lang='grc' dir='ltr'>θεοπνεύστου</span> <span class='ocrx_word' id='word_1_294' title='bbox 1763 642 1835 677; x_wconf 83' lang='grc' dir='ltr'>Γρα-</span> 
     </span>
    </p>
   </div>
   <div class='ocr_carea' id='block_1_43' title="bbox 1042 689 1760 726">
    <p class='ocr_par' dir='ltr' id='par_1_43' title="bbox 1042 689 1760 726">
     <span class='ocr_line' id='line_1_43' title="bbox 1042 689 1760 726; baseline -0.003 -9"><span class='ocrx_word' id='word_1_295' title='bbox 1042 691 1096 726; x_wconf 82' lang='grc' dir='ltr'><strong>φῆς</strong></span> <span class='ocrx_word' id='word_1_296' title='bbox 1107 691 1121 717; x_wconf 90' lang='lat'><strong>6</strong></span> <span class='ocrx_word' id='word_1_297' title='bbox 1132 689 1231 722; x_wconf 82' lang='grc' dir='ltr'>σκοπὸς</span> <span class='ocrx_word' id='word_1_298' title='bbox 1247 691 1287 721; x_wconf 78' lang='grc' dir='ltr'><strong>είς</strong></span> <span class='ocrx_word' id='word_1_299' title='bbox 1299 689 1329 716; x_wconf 78' lang='grc' dir='ltr'>τὸ</span> <span class='ocrx_word' id='word_1_300' title='bbox 1346 689 1465 726; x_wconf 78' lang='grc' dir='ltr'><strong>Χριστοῦ</strong></span> <span class='ocrx_word' id='word_1_301' title='bbox 1479 689 1573 724; x_wconf 78' lang='grc' dir='ltr'><strong>βλέπει</strong></span> <span class='ocrx_word' id='word_1_302' title='bbox 1587 690 1736 724; x_wconf 74' lang='grc' dir='ltr'>μυστήριον</span> <span class='ocrx_word' id='word_1_303' title='bbox 1753 698 1760 721; x_wconf 76' lang='grc' dir='ltr'><strong>ς</strong></span> 
     </span>
    </p>
   </div>
   <div class='ocr_carea' id='block_1_44' title="bbox 1078 777 1834 815">
    <p class='ocr_par' dir='ltr' id='par_1_44' title="bbox 1078 777 1834 815">
     <span class='ocr_line' id='line_1_44' title="bbox 1078 777 1834 815; baseline -0.004 -8"><span class='ocrx_word' id='word_1_304' title='bbox 1078 780 1159 808; x_wconf 81' lang='grc' dir='ltr'><strong>ΚΥΡ.</strong></span> <span class='ocrx_word' id='word_1_305' title='bbox 1180 779 1340 807; x_wconf 76' lang='grc' dir='ltr'>Παντάπασι</span> <span class='ocrx_word' id='word_1_306' title='bbox 1366 779 1415 815; x_wconf 70' lang='grc' dir='ltr'>μὲν</span> <span class='ocrx_word' id='word_1_307' title='bbox 1437 777 1498 806; x_wconf 65' lang='grc' dir='ltr'>οὖν’</span> <span class='ocrx_word' id='word_1_308' title='bbox 1515 779 1590 810; x_wconf 85' lang='grc' dir='ltr'>τέλος</span> <span class='ocrx_word' id='word_1_309' title='bbox 1609 778 1662 814; x_wconf 83' lang='grc' dir='ltr'><strong>γὰρ</strong></span> <span class='ocrx_word' id='word_1_310' title='bbox 1676 779 1761 814; x_wconf 73' lang='grc' dir='ltr'>νόμου</span> <span class='ocrx_word' id='word_1_311' title='bbox 1786 779 1834 805; x_wconf 71' lang='grc' dir='ltr'><strong>καὶ</strong></span> 
     </span>
    </p>
   </div>
   <div class='ocr_carea' id='block_1_45' title="bbox 1043 825 1834 864">
    <p class='ocr_par' dir='ltr' id='par_1_45' title="bbox 1043 825 1834 864">
     <span class='ocr_line' id='line_1_45' title="bbox 1043 825 1834 864; baseline -0.003 -10"><span class='ocrx_word' id='word_1_312' title='bbox 1043 826 1191 864; x_wconf 71' lang='grc' dir='ltr'>προφητῶν</span> <span class='ocrx_word' id='word_1_313' title='bbox 1206 827 1221 853; x_wconf 86' lang='grc' dir='ltr'>ὁ</span> <span class='ocrx_word' id='word_1_314' title='bbox 1235 826 1367 862; x_wconf 62' lang='grc' dir='ltr'>Χριστόςξ·</span> <span class='ocrx_word' id='word_1_315' title='bbox 1388 835 1397 852; x_wconf 79' lang='grc' dir='ltr'><strong>ι</strong></span> <span class='ocrx_word' id='word_1_316' title='bbox 1419 825 1495 852; x_wconf 72' lang='grc' dir='ltr'>Ἐπεὶ</span> <span class='ocrx_word' id='word_1_317' title='bbox 1511 825 1578 860; x_wconf 80' lang='grc' dir='ltr'>μηδέ</span> <span class='ocrx_word' id='word_1_318' title='bbox 1593 826 1665 852; x_wconf 75' lang='grc' dir='ltr'>ἐστιν</span> <span class='ocrx_word' id='word_1_319' title='bbox 1681 825 1769 861; x_wconf 69' lang='grc' dir='ltr'>ὄνομα</span> <span class='ocrx_word' id='word_1_320' title='bbox 1781 825 1834 852; x_wconf 73' lang='grc' dir='ltr'>ὑπὸ</span> 
     </span>
    </p>
   </div>
   <div class='ocr_carea' id='block_1_46' title="bbox 1042 867 1836 908">
    <p class='ocr_par' dir='ltr' id='par_1_46' title="bbox 1042 867 1836 908">
     <span class='ocr_line' id='line_1_46' title="bbox 1042 867 1836 908; baseline -0.004 -8"><span class='ocrx_word' id='word_1_321' title='bbox 1042 873 1087 900; x_wconf 79' lang='grc' dir='ltr'>τὸν</span> <span class='ocrx_word' id='word_1_322' title='bbox 1108 872 1222 908; x_wconf 78' lang='grc' dir='ltr'>οὐρανὸν</span> <span class='ocrx_word' id='word_1_323' title='bbox 1243 871 1274 898; x_wconf 78' lang='grc' dir='ltr'><strong>τὸ</strong></span> <span class='ocrx_word' id='word_1_324' title='bbox 1296 871 1436 907; x_wconf 72' lang='grc' dir='ltr'>δεδομένον</span> <span class='ocrx_word' id='word_1_325' title='bbox 1460 872 1488 898; x_wconf 83' lang='grc' dir='ltr'>ὲν</span> <span class='ocrx_word' id='word_1_326' title='bbox 1513 871 1682 906; x_wconf 80' lang='grc' dir='ltr'>ἀνθρώποις,</span> <span class='ocrx_word' id='word_1_327' title='bbox 1700 871 1731 897; x_wconf 78' lang='grc' dir='ltr'>ὲν</span> <span class='ocrx_word' id='word_1_328' title='bbox 1747 867 1771 905; x_wconf 83' lang='grc' dir='ltr'><strong>ᾧ</strong></span> <span class='ocrx_word' id='word_1_329' title='bbox 1793 871 1836 897; x_wconf 82' lang='grc' dir='ltr'><strong>δεῖ</strong></span> 
     </span>
    </p>
   </div>
   <div class='ocr_carea' id='block_1_47' title="bbox 1044 916 1834 955">
    <p class='ocr_par' dir='ltr' id='par_1_47' title="bbox 1044 916 1834 955">
     <span class='ocr_line' id='line_1_47' title="bbox 1044 916 1834 955; baseline -0.005 -8"><span class='ocrx_word' id='word_1_330' title='bbox 1044 919 1162 954; x_wconf 86' lang='grc' dir='ltr'>σωθῆναι</span> <span class='ocrx_word' id='word_1_331' title='bbox 1176 919 1259 955; x_wconf 79' lang='grc' dir='ltr'>ἡμᾶς.</span> <span class='ocrx_word' id='word_1_332' title='bbox 1274 929 1284 945; x_wconf 73' lang='grc' dir='ltr'><strong><em>ο</em></strong></span> <span class='ocrx_word' id='word_1_333' title='bbox 1303 919 1375 953; x_wconf 83' lang='grc' dir='ltr'>Ἔφη</span> <span class='ocrx_word' id='word_1_334' title='bbox 1389 918 1442 953; x_wconf 86' lang='grc' dir='ltr'><strong>γὰρ</strong></span> <span class='ocrx_word' id='word_1_335' title='bbox 1456 916 1506 945; x_wconf 82' lang='grc' dir='ltr'><strong>ὦδε</strong></span> <span class='ocrx_word' id='word_1_336' title='bbox 1519 917 1566 944; x_wconf 80' lang='grc' dir='ltr'>τοῦ</span> <span class='ocrx_word' id='word_1_337' title='bbox 1580 917 1704 952; x_wconf 82' lang='grc' dir='ltr'>Σωτῆρος</span> <span class='ocrx_word' id='word_1_338' title='bbox 1717 919 1732 944; x_wconf 89' lang='lat'><strong>6</strong></span> <span class='ocrx_word' id='word_1_339' title='bbox 1743 917 1834 954; x_wconf 83' lang='grc' dir='ltr'>μαθη-</span> 
     </span>
    </p>
   </div>
   <div class='ocr_carea' id='block_1_48' title="bbox 1042 963 1836 1001">
    <p class='ocr_par' dir='ltr' id='par_1_48' title="bbox 1042 963 1836 1001">
     <span class='ocr_line' id='line_1_48' title="bbox 1042 963 1836 1001; baseline -0.003 -9"><span class='ocrx_word' id='word_1_340' title='bbox 1042 965 1101 1001; x_wconf 79' lang='grc' dir='ltr'>τὴς,</span> <span class='ocrx_word' id='word_1_341' title='bbox 1117 966 1164 992; x_wconf 69' lang='grc' dir='ltr'><strong>καὶ</strong></span> <span class='ocrx_word' id='word_1_342' title='bbox 1175 965 1274 999; x_wconf 83' lang='grc' dir='ltr'>γείτων</span> <span class='ocrx_word' id='word_1_343' title='bbox 1289 965 1305 1000; x_wconf 78' lang='grc' dir='ltr'>ἡ</span> <span class='ocrx_word' id='word_1_344' title='bbox 1321 964 1412 998; x_wconf 77' lang='grc' dir='ltr'>δεῖξις,</span> <span class='ocrx_word' id='word_1_345' title='bbox 1430 965 1454 991; x_wconf 85' lang='grc' dir='ltr'><strong>εί</strong></span> <span class='ocrx_word' id='word_1_346' title='bbox 1464 965 1521 996; x_wconf 76' lang='grc' dir='ltr'>τοῖς</span> <span class='ocrx_word' id='word_1_347' title='bbox 1534 963 1633 999; x_wconf 75' lang='grc' dir='ltr'>ἑφεξῆς</span> <span class='ocrx_word' id='word_1_348' title='bbox 1654 964 1836 1000; x_wconf 81' lang='grc' dir='ltr'>προσσάλλοι-</span> 
     </span>
    </p>
   </div>
   <div class='ocr_carea' id='block_1_49' title="bbox 1044 1009 1833 1048">
    <p class='ocr_par' dir='ltr' id='par_1_49' title="bbox 1044 1009 1833 1048">
     <span class='ocr_line' id='line_1_49' title="bbox 1044 1009 1833 1048; baseline -0.004 -9"><span class='ocrx_word' id='word_1_349' title='bbox 1044 1020 1105 1048; x_wconf 86' lang='grc' dir='ltr'>μεν.</span> <span class='ocrx_word' id='word_1_350' title='bbox 1121 1022 1130 1038; x_wconf 73' lang='grc' dir='ltr'><strong>ι</strong></span> <span class='ocrx_word' id='word_1_351' title='bbox 1151 1011 1324 1047; x_wconf 79' lang='grc' dir='ltr'>Ἐξάραντες,</span> <span class='ocrx_word' id='word_1_352' title='bbox 1334 1010 1428 1046; x_wconf 72' lang='grc' dir='ltr'>φησὶν.</span> <span class='ocrx_word' id='word_1_353' title='bbox 1439 1011 1463 1037; x_wconf 78' lang='grc' dir='ltr'>οἱ</span> <span class='ocrx_word' id='word_1_354' title='bbox 1476 1010 1529 1037; x_wconf 81' lang='grc' dir='ltr'>υίοὶ</span> <span class='ocrx_word' id='word_1_355' title='bbox 1545 1009 1652 1046; x_wconf 75' lang='grc' dir='ltr'>Ἰσραὴλ</span> <span class='ocrx_word' id='word_1_356' title='bbox 1661 1011 1693 1036; x_wconf 81' lang='grc' dir='ltr'><strong>ὲκ</strong></span> <span class='ocrx_word' id='word_1_357' title='bbox 1708 1009 1833 1044; x_wconf 83' lang='grc' dir='ltr'><strong>Σοκχὼθ,</strong></span> 
     </span>
    </p>
   </div>
   <div class='ocr_carea' id='block_1_50' title="bbox 1042 1055 1835 1094">
    <p class='ocr_par' dir='ltr' id='par_1_50' title="bbox 1042 1055 1835 1094">
     <span class='ocr_line' id='line_1_50' title="bbox 1042 1055 1835 1094; baseline -0.005 -8"><span class='ocrx_word' id='word_1_358' title='bbox 1042 1057 1290 1094; x_wconf 65' lang='grc' dir='ltr'>ἐστρατοπέδευσαν</span> <span class='ocrx_word' id='word_1_359' title='bbox 1310 1057 1339 1084; x_wconf 71' lang='grc' dir='ltr'>ἰν</span> <span class='ocrx_word' id='word_1_360' title='bbox 1363 1056 1455 1092; x_wconf 78' lang='grc' dir='ltr'>Ὀθὼμ</span> <span class='ocrx_word' id='word_1_361' title='bbox 1473 1055 1549 1092; x_wconf 84' lang='grc' dir='ltr'>παρὰ</span> <span class='ocrx_word' id='word_1_362' title='bbox 1564 1057 1613 1092; x_wconf 78' lang='grc' dir='ltr'>τὴν</span> <span class='ocrx_word' id='word_1_363' title='bbox 1638 1056 1756 1092; x_wconf 74' lang='grc' dir='ltr'>ἔρημον·</span> <span class='ocrx_word' id='word_1_364' title='bbox 1778 1057 1792 1082; x_wconf 91' lang='lat'><strong>6</strong></span> <span class='ocrx_word' id='word_1_365' title='bbox 1806 1055 1835 1082; x_wconf 81' lang='grc' dir='ltr'><strong>δὲ</strong></span> 
     </span>
    </p>
   </div>
   <div class='ocr_carea' id='block_1_51' title="bbox 1041 1101 1835 1140">
    <p class='ocr_par' dir='ltr' id='par_1_51' title="bbox 1041 1101 1835 1140">
     <span class='ocr_line' id='line_1_51' title="bbox 1041 1101 1835 1140; baseline -0.005 -8"><span class='ocrx_word' id='word_1_366' title='bbox 1041 1105 1107 1137; x_wconf 81' lang='grc' dir='ltr'>Θεὸς</span> <span class='ocrx_word' id='word_1_367' title='bbox 1127 1105 1218 1140; x_wconf 80' lang='grc' dir='ltr'>ἡγεῖτο</span> <span class='ocrx_word' id='word_1_368' title='bbox 1235 1103 1334 1135; x_wconf 83' lang='grc' dir='ltr'>αὐτῶν,</span> <span class='ocrx_word' id='word_1_369' title='bbox 1348 1102 1453 1138; x_wconf 80' lang='grc' dir='ltr'>ἡμέρας</span> <span class='ocrx_word' id='word_1_370' title='bbox 1470 1103 1519 1138; x_wconf 75' lang='grc' dir='ltr'>μὲν</span> <span class='ocrx_word' id='word_1_371' title='bbox 1541 1103 1570 1129; x_wconf 80' lang='grc' dir='ltr'>ὲν</span> <span class='ocrx_word' id='word_1_372' title='bbox 1595 1102 1684 1137; x_wconf 85' lang='grc' dir='ltr'>στύλῳ</span> <span class='ocrx_word' id='word_1_373' title='bbox 1703 1101 1835 1137; x_wconf 80' lang='grc' dir='ltr'>νεφέλης,</span> 
     </span>
    </p>
   </div>
   <div class='ocr_carea' id='block_1_52' title="bbox 1042 1147 1834 1185">
    <p class='ocr_par' dir='ltr' id='par_1_52' title="bbox 1042 1147 1834 1185">
     <span class='ocr_line' id='line_1_52' title="bbox 1042 1147 1834 1185; baseline -0.006 -7"><span class='ocrx_word' id='word_1_374' title='bbox 1042 1150 1127 1183; x_wconf 81' lang='grc' dir='ltr'>δεῖξαι</span> <span class='ocrx_word' id='word_1_375' title='bbox 1142 1150 1234 1181; x_wconf 83' lang='grc' dir='ltr'>αὐτοῖς</span> <span class='ocrx_word' id='word_1_376' title='bbox 1252 1148 1301 1185; x_wconf 81' lang='grc' dir='ltr'><strong>τὴν</strong></span> <span class='ocrx_word' id='word_1_377' title='bbox 1311 1148 1380 1181; x_wconf 81' lang='grc' dir='ltr'>ὁδὸν,</span> <span class='ocrx_word' id='word_1_378' title='bbox 1397 1147 1446 1183; x_wconf 77' lang='grc' dir='ltr'>τὴν</span> <span class='ocrx_word' id='word_1_379' title='bbox 1456 1147 1579 1175; x_wconf 71' lang='grc' dir='ltr'>δὲνὼιτα</span> <span class='ocrx_word' id='word_1_380' title='bbox 1594 1149 1622 1174; x_wconf 82' lang='grc' dir='ltr'>ὲν</span> <span class='ocrx_word' id='word_1_381' title='bbox 1633 1147 1720 1183; x_wconf 85' lang='grc' dir='ltr'>στύλῳ</span> <span class='ocrx_word' id='word_1_382' title='bbox 1735 1147 1834 1182; x_wconf 76' lang='grc' dir='ltr'>πυρός’</span> 
     </span>
    </p>
   </div>
   <div class='ocr_carea' id='block_1_53' title="bbox 1042 1193 1836 1229">
    <p class='ocr_par' dir='ltr' id='par_1_53' title="bbox 1042 1193 1836 1229">
     <span class='ocr_line' id='line_1_53' title="bbox 1042 1193 1836 1229; baseline -0.008 -5"><span class='ocrx_word' id='word_1_383' title='bbox 1042 1197 1092 1224; x_wconf 79' lang='grc' dir='ltr'><strong>οὐκ</strong></span> <span class='ocrx_word' id='word_1_384' title='bbox 1117 1196 1239 1228; x_wconf 76' lang='grc' dir='ltr'>ἐξέλιπεν</span> <span class='ocrx_word' id='word_1_385' title='bbox 1260 1195 1275 1222; x_wconf 91' lang='lat'><strong>6</strong></span> <span class='ocrx_word' id='word_1_386' title='bbox 1296 1194 1391 1226; x_wconf 87' lang='grc' dir='ltr'>στύλος</span> <span class='ocrx_word' id='word_1_387' title='bbox 1414 1193 1460 1220; x_wconf 82' lang='grc' dir='ltr'>τοῦ</span> <span class='ocrx_word' id='word_1_388' title='bbox 1483 1193 1569 1229; x_wconf 80' lang='grc' dir='ltr'>πυρὸς</span> <span class='ocrx_word' id='word_1_389' title='bbox 1596 1193 1692 1225; x_wconf 76' lang='grc' dir='ltr'>νυκτὸς</span> <span class='ocrx_word' id='word_1_390' title='bbox 1710 1193 1836 1220; x_wconf 74' lang='grc' dir='ltr'>ἐναντίον</span> 
     </span>
    </p>
   </div>
   <div class='ocr_carea' id='block_1_54' title="bbox 1043 1239 1836 1276">
    <p class='ocr_par' dir='ltr' id='par_1_54' title="bbox 1043 1239 1836 1276">
     <span class='ocr_line' id='line_1_54' title="bbox 1043 1239 1836 1276; baseline -0.005 -7"><span class='ocrx_word' id='word_1_391' title='bbox 1043 1242 1144 1274; x_wconf 79' lang='grc' dir='ltr'>παντὸς</span> <span class='ocrx_word' id='word_1_392' title='bbox 1159 1241 1207 1268; x_wconf 81' lang='grc' dir='ltr'>τοῦ</span> <span class='ocrx_word' id='word_1_393' title='bbox 1228 1240 1303 1268; x_wconf 80' lang='grc' dir='ltr'>λαοῦ.</span> <span class='ocrx_word' id='word_1_394' title='bbox 1323 1249 1333 1267; x_wconf 72' lang='grc' dir='ltr'><strong>ι</strong></span> <span class='ocrx_word' id='word_1_395' title='bbox 1354 1240 1436 1276; x_wconf 77' lang='grc' dir='ltr'>Ὀρᾷς</span> <span class='ocrx_word' id='word_1_396' title='bbox 1450 1240 1525 1272; x_wconf 78' lang='grc' dir='ltr'>ὅπως</span> <span class='ocrx_word' id='word_1_397' title='bbox 1543 1239 1593 1274; x_wconf 83' lang='grc' dir='ltr'>τῆς</span> <span class='ocrx_word' id='word_1_398' title='bbox 1607 1239 1662 1266; x_wconf 86' lang='grc' dir='ltr'><strong>τῶν</strong></span> <span class='ocrx_word' id='word_1_399' title='bbox 1674 1239 1836 1273; x_wconf 73' lang='grc' dir='ltr'><strong>Αἰγυπτίων</strong></span> 
     </span>
    </p>
   </div>
   <div class='ocr_carea' id='block_1_55' title="bbox 1043 1285 1836 1324">
    <p class='ocr_par' dir='ltr' id='par_1_55' title="bbox 1043 1285 1836 1324">
     <span class='ocr_line' id='line_1_55' title="bbox 1043 1285 1836 1324; baseline -0.004 -9"><span class='ocrx_word' id='word_1_400' title='bbox 1043 1289 1096 1324; x_wconf 80' lang='grc' dir='ltr'>γῆς</span> <span class='ocrx_word' id='word_1_401' title='bbox 1108 1287 1346 1323; x_wconf 74' lang='grc' dir='ltr'>ὲκπεφοιτηκότων</span> <span class='ocrx_word' id='word_1_402' title='bbox 1357 1286 1411 1313; x_wconf 87' lang='grc' dir='ltr'><strong>τῶν</strong></span> <span class='ocrx_word' id='word_1_403' title='bbox 1422 1285 1453 1319; x_wconf 73' lang='grc' dir='ltr'><strong>ἑξ</strong></span> <span class='ocrx_word' id='word_1_404' title='bbox 1469 1285 1576 1322; x_wconf 81' lang='grc' dir='ltr'>Ἰσραὴλ</span> <span class='ocrx_word' id='word_1_405' title='bbox 1590 1285 1738 1322; x_wconf 78' lang='grc' dir='ltr'>καθηγεῖτο</span> <span class='ocrx_word' id='word_1_406' title='bbox 1767 1285 1836 1317; x_wconf 72' lang='grc' dir='ltr'>Θεὸς</span> 
     </span>
    </p>
   </div>
   <div class='ocr_carea' id='block_1_56' title="bbox 1044 1332 1836 1370">
    <p class='ocr_par' dir='ltr' id='par_1_56' title="bbox 1044 1332 1836 1370">
     <span class='ocr_line' id='line_1_56' title="bbox 1044 1332 1836 1370; baseline -0.003 -9"><span class='ocrx_word' id='word_1_407' title='bbox 1044 1335 1073 1362; x_wconf 77' lang='grc' dir='ltr'>ὲν</span> <span class='ocrx_word' id='word_1_408' title='bbox 1088 1333 1177 1370; x_wconf 84' lang='grc' dir='ltr'>στύλῳ</span> <span class='ocrx_word' id='word_1_409' title='bbox 1195 1333 1311 1369; x_wconf 79' lang='grc' dir='ltr'>νεφέλης</span> <span class='ocrx_word' id='word_1_410' title='bbox 1322 1332 1369 1360; x_wconf 79' lang='grc' dir='ltr'><strong>καὶ</strong></span> <span class='ocrx_word' id='word_1_411' title='bbox 1383 1332 1466 1368; x_wconf 76' lang='grc' dir='ltr'>πυρός</span> <span class='ocrx_word' id='word_1_412' title='bbox 1477 1340 1484 1365; x_wconf 90' lang='grc'><strong>;</strong></span> <span class='ocrx_word' id='word_1_413' title='bbox 1500 1332 1635 1368; x_wconf 72' lang='grc' dir='ltr'>ἐγράφετο</span> <span class='ocrx_word' id='word_1_414' title='bbox 1645 1332 1673 1359; x_wconf 80' lang='grc' dir='ltr'><strong>δὲ</strong></span> <span class='ocrx_word' id='word_1_415' title='bbox 1684 1332 1718 1360; x_wconf 77' lang='grc' dir='ltr'><strong>δι’</strong></span> <span class='ocrx_word' id='word_1_416' title='bbox 1731 1332 1836 1369; x_wconf 80' lang='grc' dir='ltr'>ἀμφοῖν</span> 
     </span>
    </p>
   </div>
   <div class='ocr_carea' id='block_1_57' title="bbox 1044 1379 1201 1416">
    <p class='ocr_par' dir='ltr' id='par_1_57' title="bbox 1044 1379 1201 1416">
     <span class='ocr_line' id='line_1_57' title="bbox 1044 1379 1201 1416; baseline -0.013 -8"><span class='ocrx_word' id='word_1_417' title='bbox 1044 1382 1058 1408; x_wconf 84' lang='lat'><strong>6</strong></span> <span class='ocrx_word' id='word_1_418' title='bbox 1073 1379 1201 1416; x_wconf 80' lang='grc' dir='ltr'>Χριστός.</span> 
     </span>
    </p>
   </div>
   <div class='ocr_carea' id='block_1_58' title="bbox 1083 1467 1398 1505">
    <p class='ocr_par' dir='ltr' id='par_1_58' title="bbox 1083 1467 1398 1505">
     <span class='ocr_line' id='line_1_58' title="bbox 1083 1467 1398 1505; baseline -0.013 -7"><span class='ocrx_word' id='word_1_419' title='bbox 1083 1470 1187 1498; x_wconf 80' lang='grc' dir='ltr'><strong>ΠΔΛΛ.</strong></span> <span class='ocrx_word' id='word_1_420' title='bbox 1208 1468 1274 1497; x_wconf 86' lang='grc' dir='ltr'>Τίνα</span> <span class='ocrx_word' id='word_1_421' title='bbox 1285 1467 1398 1505; x_wconf 74' lang='grc' dir='ltr'>τρόπονς</span> 
     </span>
    </p>
   </div>
   <div class='ocr_carea' id='block_1_59' title="bbox 242 1509 996 1560">
    <p class='ocr_par' dir='ltr' id='par_1_59' title="bbox 242 1511 994 1548">
     <span class='ocr_line' id='line_1_59' title="bbox 242 1511 994 1548; baseline -0.005 -5"><span class='ocrx_word' id='word_1_422' title='bbox 242 1515 321 1543; x_wconf 79' lang='lat' dir='ltr'><strong>CYll.</strong></span> <span class='ocrx_word' id='word_1_423' title='bbox 334 1515 456 1542; x_wconf 89' lang='lat' dir='ltr'><strong>Primum</strong></span> <span class='ocrx_word' id='word_1_424' title='bbox 477 1512 599 1548; x_wconf 91' lang='lat' dir='ltr'><strong>quidem,</strong></span> <span class='ocrx_word' id='word_1_425' title='bbox 624 1512 688 1548; x_wconf 85' lang='lat' dir='ltr'><strong>quia</strong></span> <span class='ocrx_word' id='word_1_426' title='bbox 703 1512 831 1540; x_wconf 89' lang='lat' dir='ltr'><strong>columna</strong></span> <span class='ocrx_word' id='word_1_427' title='bbox 853 1517 882 1540; x_wconf 87' lang='lat' dir='ltr'><strong>et</strong></span> <span class='ocrx_word' id='word_1_428' title='bbox 900 1511 994 1540; x_wconf 80' lang='lat' dir='ltr'><strong>ﬁrma-</strong></span> 
     </span>
    </p>
   </div>
   <div class='ocr_carea' id='block_1_60' title="bbox 1049 1509 1836 1560">
    <p class='ocr_par' dir='ltr' id='par_1_60' title="bbox 1079 1509 1836 1552">
     <span class='ocr_line' id='line_1_60' title="bbox 1079 1509 1836 1552; baseline -0.008 -7"><span class='ocrx_word' id='word_1_429' title='bbox 1079 1509 1164 1545; x_wconf 69' lang='grc' dir='ltr'><strong>ΔΚΥΡ.</strong></span> <span class='ocrx_word' id='word_1_430' title='bbox 1185 1515 1296 1552; x_wconf 80' lang='grc' dir='ltr'>Πρῶτον</span> <span class='ocrx_word' id='word_1_431' title='bbox 1313 1515 1374 1550; x_wconf 81' lang='grc' dir='ltr'>μὲν,</span> <span class='ocrx_word' id='word_1_432' title='bbox 1391 1515 1431 1541; x_wconf 79' lang='grc' dir='ltr'>ὅτι</span> <span class='ocrx_word' id='word_1_433' title='bbox 1451 1513 1547 1546; x_wconf 81' lang='grc' dir='ltr'>στύλος</span> <span class='ocrx_word' id='word_1_434' title='bbox 1564 1513 1612 1541; x_wconf 72' lang='grc' dir='ltr'><strong>καὶ</strong></span> <span class='ocrx_word' id='word_1_435' title='bbox 1630 1513 1772 1550; x_wconf 74' lang='grc' dir='ltr'>ἑδραίωμα</span> <span class='ocrx_word' id='word_1_436' title='bbox 1785 1513 1836 1550; x_wconf 72' lang='grc' dir='ltr'>τῆς</span> 
     </span>
    </p>
   </div>
   <div class='ocr_carea' id='block_1_61' title="bbox 210 1557 995 1593">
    <p class='ocr_par' dir='ltr' id='par_1_61' title="bbox 210 1557 995 1593">
     <span class='ocr_line' id='line_1_61' title="bbox 210 1557 995 1593; baseline -0.004 -5"><span class='ocrx_word' id='word_1_437' title='bbox 210 1564 332 1588; x_wconf 90' lang='lat' dir='ltr'><strong>mentum</strong></span> <span class='ocrx_word' id='word_1_438' title='bbox 344 1559 469 1587; x_wconf 73' lang='lat' dir='ltr'><strong>veritatis</strong></span> <span class='ocrx_word' id='word_1_439' title='bbox 485 1562 536 1591; x_wconf 86' lang='lat' dir='ltr'><strong>est,</strong></span> <span class='ocrx_word' id='word_1_440' title='bbox 548 1557 647 1586; x_wconf 90' lang='lat' dir='ltr'><strong>deinde</strong></span> <span class='ocrx_word' id='word_1_441' title='bbox 659 1557 732 1593; x_wconf 92' lang='lat' dir='ltr'><strong>quod</strong></span> <span class='ocrx_word' id='word_1_442' title='bbox 744 1558 820 1585; x_wconf 88' lang='lat' dir='ltr'><strong>nullo</strong></span> <span class='ocrx_word' id='word_1_443' title='bbox 832 1557 913 1586; x_wconf 90' lang='lat' dir='ltr'><strong>modo</strong></span> <span class='ocrx_word' id='word_1_444' title='bbox 927 1565 995 1585; x_wconf 60' lang='lat' dir='ltr'><strong>cono</strong></span> 
     </span>
    </p>
   </div>
   <div class='ocr_carea' id='block_1_62' title="bbox 209 1603 994 1640">
    <p class='ocr_par' dir='ltr' id='par_1_62' title="bbox 209 1603 994 1640">
     <span class='ocr_line' id='line_1_62' title="bbox 209 1603 994 1640; baseline -0.004 -5"><span class='ocrx_word' id='word_1_445' title='bbox 209 1607 266 1635; x_wconf 88' lang='lat' dir='ltr'><strong>cuti</strong></span> <span class='ocrx_word' id='word_1_446' title='bbox 283 1614 314 1634; x_wconf 86' lang='lat' dir='ltr'><strong>ac</strong></span> <span class='ocrx_word' id='word_1_447' title='bbox 328 1604 476 1633; x_wconf 87' lang='lat' dir='ltr'><strong>disturbari</strong></span> <span class='ocrx_word' id='word_1_448' title='bbox 493 1607 595 1640; x_wconf 83' lang='lat' dir='ltr'><strong>potest,</strong></span> <span class='ocrx_word' id='word_1_449' title='bbox 612 1611 628 1632; x_wconf 93' lang='lat' dir='ltr'><strong>a</strong></span> <span class='ocrx_word' id='word_1_450' title='bbox 640 1607 714 1631; x_wconf 84' lang='lat' dir='ltr'><strong>terra</strong></span> <span class='ocrx_word' id='word_1_451' title='bbox 730 1611 840 1632; x_wconf 87' lang='lat' dir='ltr'><strong>sursum</strong></span> <span class='ocrx_word' id='word_1_452' title='bbox 856 1603 994 1638; x_wconf 86' lang='lat' dir='ltr'><strong>attollens;</strong></span> 
     </span>
    </p>
   </div>
   <div class='ocr_carea' id='block_1_63' title="bbox 210 1650 995 1685">
    <p class='ocr_par' dir='ltr' id='par_1_63' title="bbox 210 1650 995 1685">
     <span class='ocr_line' id='line_1_63' title="bbox 210 1650 995 1685; baseline -0.005 -4"><span class='ocrx_word' id='word_1_453' title='bbox 210 1661 273 1681; x_wconf 84' lang='lat' dir='ltr'><strong>nam</strong></span> <span class='ocrx_word' id='word_1_454' title='bbox 290 1652 318 1680; x_wconf 93' lang='lat' dir='ltr'><strong>in</strong></span> <span class='ocrx_word' id='word_1_455' title='bbox 329 1650 440 1680; x_wconf 86' lang='lat' dir='ltr'><strong>Christo</strong></span> <span class='ocrx_word' id='word_1_456' title='bbox 461 1650 594 1679; x_wconf 90' lang='lat' dir='ltr'><strong>desiimus</strong></span> <span class='ocrx_word' id='word_1_457' title='bbox 615 1657 677 1685; x_wconf 64' lang='lat' dir='ltr'><strong>quae</strong></span> <span class='ocrx_word' id='word_1_458' title='bbox 697 1650 789 1678; x_wconf 86' lang='lat' dir='ltr'><strong>carnis</strong></span> <span class='ocrx_word' id='word_1_459' title='bbox 811 1654 875 1677; x_wconf 91' lang='lat' dir='ltr'><strong>sunt</strong></span> <span class='ocrx_word' id='word_1_460' title='bbox 888 1657 995 1685; x_wconf 86' lang='lat' dir='ltr'><strong>sapere,</strong></span> 
     </span>
    </p>
   </div>
   <div class='ocr_carea' id='block_1_64' title="bbox 210 1696 996 1734">
    <p class='ocr_par' dir='ltr' id='par_1_64' title="bbox 210 1696 996 1734">
     <span class='ocr_line' id='line_1_64' title="bbox 210 1696 996 1734; baseline -0.004 -8"><span class='ocrx_word' id='word_1_461' title='bbox 210 1707 243 1726; x_wconf 77' lang='lat' dir='ltr'><strong>ac</strong></span> <span class='ocrx_word' id='word_1_462' title='bbox 265 1706 314 1734; x_wconf 92' lang='lat' dir='ltr'><strong>per</strong></span> <span class='ocrx_word' id='word_1_463' title='bbox 336 1702 447 1725; x_wconf 89' lang='lat' dir='ltr'><strong>terrena</strong></span> <span class='ocrx_word' id='word_1_464' title='bbox 471 1697 590 1725; x_wconf 74' lang='lat' dir='ltr'><strong>volutari</strong></span> <span class='ocrx_word' id='word_1_465' title='bbox 610 1697 681 1724; x_wconf 80' lang='lat' dir='ltr'><strong>mala</strong></span> <span class='ocrx_word' id='word_1_466' title='bbox 702 1705 708 1723; x_wconf 92' lang='lat'>:</span> <span class='ocrx_word' id='word_1_467' title='bbox 727 1704 759 1724; x_wconf 90' lang='lat' dir='ltr'><strong>ac</strong></span> <span class='ocrx_word' id='word_1_468' title='bbox 779 1696 864 1723; x_wconf 91' lang='lat' dir='ltr'><strong>veluti</strong></span> <span class='ocrx_word' id='word_1_469' title='bbox 886 1704 996 1724; x_wconf 86' lang='lat' dir='ltr'><strong>sursum</strong></span> 
     </span>
    </p>
   </div>
   <div class='ocr_carea' id='block_1_65' title="bbox 211 1743 997 1782">
    <p class='ocr_par' dir='ltr' id='par_1_65' title="bbox 211 1743 997 1782">
     <span class='ocr_line' id='line_1_65' title="bbox 211 1743 997 1782; baseline -0.004 -9"><span class='ocrx_word' id='word_1_470' title='bbox 211 1747 270 1782; x_wconf 82' lang='lat' dir='ltr'><strong>ejus</strong></span> <span class='ocrx_word' id='word_1_471' title='bbox 285 1752 338 1780; x_wconf 76' lang='lat' dir='ltr'><strong>ope</strong></span> <span class='ocrx_word' id='word_1_472' title='bbox 358 1743 490 1777; x_wconf 91' lang='lat' dir='ltr'><strong>tollimur,</strong></span> <span class='ocrx_word' id='word_1_473' title='bbox 513 1750 577 1771; x_wconf 88' lang='lat' dir='ltr'><strong>cum</strong></span> <span class='ocrx_word' id='word_1_474' title='bbox 596 1750 629 1770; x_wconf 85' lang='lat' dir='ltr'><strong>ea</strong></span> <span class='ocrx_word' id='word_1_475' title='bbox 641 1750 703 1778; x_wconf 62' lang='lat' dir='ltr'><strong>quae</strong></span> <span class='ocrx_word' id='word_1_476' title='bbox 723 1750 832 1770; x_wconf 88' lang='lat' dir='ltr'><strong>sursum</strong></span> <span class='ocrx_word' id='word_1_477' title='bbox 846 1746 911 1770; x_wconf 86' lang='lat' dir='ltr'><strong>sunt</strong></span> <span class='ocrx_word' id='word_1_478' title='bbox 923 1743 997 1778; x_wconf 90' lang='lat' dir='ltr'><strong>sapi-</strong></span> 
     </span>
    </p>
   </div>
   <div class='ocr_carea' id='block_1_66' title="bbox 211 1790 996 1827">
    <p class='ocr_par' dir='ltr' id='par_1_66' title="bbox 211 1790 996 1827">
     <span class='ocr_line' id='line_1_66' title="bbox 211 1790 996 1827; baseline -0.003 -8"><span class='ocrx_word' id='word_1_479' title='bbox 211 1793 311 1827; x_wconf 87' lang='lat' dir='ltr'><strong>pimus,</strong></span> <span class='ocrx_word' id='word_1_480' title='bbox 324 1791 392 1818; x_wconf 89' lang='lat' dir='ltr'><strong>etin</strong></span> <span class='ocrx_word' id='word_1_481' title='bbox 405 1790 475 1818; x_wconf 68' lang='lat' dir='ltr'><strong>caelo</strong></span> <span class='ocrx_word' id='word_1_482' title='bbox 496 1797 638 1817; x_wconf 84' lang='lat' dir='ltr'><strong>versamur</strong></span> <span class='ocrx_word' id='word_1_483' title='bbox 656 1798 663 1817; x_wconf 89' lang='lat'><strong>:</strong></span> <span class='ocrx_word' id='word_1_484' title='bbox 681 1790 815 1825; x_wconf 87' lang='lat' dir='ltr'><strong>scriptum</strong></span> <span class='ocrx_word' id='word_1_485' title='bbox 836 1794 878 1817; x_wconf 88' lang='lat' dir='ltr'><strong>est</strong></span> <span class='ocrx_word' id='word_1_486' title='bbox 903 1790 996 1818; x_wconf 87' lang='lat' dir='ltr'><strong>enim:</strong></span> 
     </span>
    </p>
   </div>
   <div class='ocr_carea' id='block_1_67' title="bbox 215 1836 993 1866">
    <p class='ocr_par' dir='ltr' id='par_1_67' title="bbox 215 1836 993 1866">
     <span class='ocr_line' id='line_1_67' title="bbox 215 1836 993 1866; baseline -0.001 -3"><span class='ocrx_word' id='word_1_487' title='bbox 215 1848 223 1863; x_wconf 76' lang='grc' dir='ltr'><strong>ι</strong></span> <span class='ocrx_word' id='word_1_488' title='bbox 236 1839 284 1866; x_wconf 92' lang='lat' dir='ltr'><strong>Dei</strong></span> <span class='ocrx_word' id='word_1_489' title='bbox 306 1837 390 1865; x_wconf 80' lang='lat' dir='ltr'><strong>fortes</strong></span> <span class='ocrx_word' id='word_1_490' title='bbox 407 1845 422 1863; x_wconf 86' lang='lat' dir='ltr'><strong>a</strong></span> <span class='ocrx_word' id='word_1_491' title='bbox 436 1841 511 1864; x_wconf 84' lang='lat' dir='ltr'><strong>terra</strong></span> <span class='ocrx_word' id='word_1_492' title='bbox 530 1836 710 1865; x_wconf 85' lang='lat' dir='ltr'><strong>vehementer</strong></span> <span class='ocrx_word' id='word_1_493' title='bbox 737 1836 837 1864; x_wconf 83' lang='lat' dir='ltr'><strong>elevati</strong></span> <span class='ocrx_word' id='word_1_494' title='bbox 850 1841 916 1864; x_wconf 87' lang='lat' dir='ltr'><strong>sunt</strong></span> <span class='ocrx_word' id='word_1_495' title='bbox 930 1837 963 1863; x_wconf 84' lang='grc'><strong>⁷³.</strong></span> <span class='ocrx_word' id='word_1_496' title='bbox 984 1846 993 1862; x_wconf 76' lang='grc' dir='ltr'><strong>ι</strong></span> 
     </span>
    </p>
   </div>
   <div class='ocr_carea' id='block_1_68' title="bbox 210 1881 998 1918">
    <p class='ocr_par' dir='ltr' id='par_1_68' title="bbox 210 1881 998 1918">
     <span class='ocr_line' id='line_1_68' title="bbox 210 1881 998 1918; baseline -0.001 -7"><span class='ocrx_word' id='word_1_497' title='bbox 210 1883 285 1911; x_wconf 79' lang='lat' dir='ltr'><strong>Dixit</strong></span> <span class='ocrx_word' id='word_1_498' title='bbox 296 1884 378 1910; x_wconf 86' lang='lat' dir='ltr'><strong>etiam</strong></span> <span class='ocrx_word' id='word_1_499' title='bbox 391 1887 466 1909; x_wconf 85' lang='lat' dir='ltr'><strong>certe</strong></span> <span class='ocrx_word' id='word_1_500' title='bbox 485 1881 613 1909; x_wconf 87' lang='lat' dir='ltr'><strong>Christus</strong></span> <span class='ocrx_word' id='word_1_501' title='bbox 629 1882 752 1918; x_wconf 84' lang='lat' dir='ltr'><strong>ejusdem</strong></span> <span class='ocrx_word' id='word_1_502' title='bbox 779 1882 865 1909; x_wconf 82' lang='lat' dir='ltr'><strong>David</strong></span> <span class='ocrx_word' id='word_1_503' title='bbox 883 1889 951 1910; x_wconf 88' lang='lat' dir='ltr'><strong>voce</strong></span> <span class='ocrx_word' id='word_1_504' title='bbox 963 1882 998 1911; x_wconf 88' lang='lat' dir='ltr'><strong>de</strong></span> 
     </span>
    </p>
   </div>
   <div class='ocr_carea' id='block_1_69' title="bbox 214 1927 998 1963">
    <p class='ocr_par' dir='ltr' id='par_1_69' title="bbox 214 1927 998 1963">
     <span class='ocr_line' id='line_1_69' title="bbox 214 1927 998 1963; baseline -0.001 -7"><span class='ocrx_word' id='word_1_505' title='bbox 214 1935 288 1956; x_wconf 74' lang='lat' dir='ltr'><strong>terra</strong></span> <span class='ocrx_word' id='word_1_506' title='bbox 300 1933 328 1956; x_wconf 87' lang='lat' dir='ltr'><strong>et</strong></span> <span class='ocrx_word' id='word_1_507' title='bbox 342 1928 375 1956; x_wconf 92' lang='lat' dir='ltr'><strong>de</strong></span> <span class='ocrx_word' id='word_1_508' title='bbox 392 1927 495 1955; x_wconf 85' lang='lat' dir='ltr'><strong>sanctis</strong></span> <span class='ocrx_word' id='word_1_509' title='bbox 507 1927 658 1963; x_wconf 82' lang='lat' dir='ltr'><strong>apostolis_:</strong></span> <span class='ocrx_word' id='word_1_510' title='bbox 675 1937 684 1953; x_wconf 78' lang='grc' dir='ltr'><strong>ι</strong></span> <span class='ocrx_word' id='word_1_511' title='bbox 694 1927 751 1963; x_wconf 78' lang='lat' dir='ltr'><strong>Ego</strong></span> <span class='ocrx_word' id='word_1_512' title='bbox 765 1927 871 1955; x_wconf 77' lang='lat' dir='ltr'><strong>ﬁrmavi</strong></span> <span class='ocrx_word' id='word_1_513' title='bbox 891 1928 998 1955; x_wconf 87' lang='lat' dir='ltr'><strong>colum-</strong></span> 
     </span>
    </p>
   </div>
   <div class='ocr_carea' id='block_1_70' title="bbox 213 1972 997 2010">
    <p class='ocr_par' dir='ltr' id='par_1_70' title="bbox 213 1972 997 2010">
     <span class='ocr_line' id='line_1_70' title="bbox 213 1972 997 2010; baseline -0.003 -7"><span class='ocrx_word' id='word_1_514' title='bbox 213 1983 262 2003; x_wconf 88' lang='lat' dir='ltr'><strong>nas</strong></span> <span class='ocrx_word' id='word_1_515' title='bbox 273 1975 333 2010; x_wconf 85' lang='lat' dir='ltr'><strong>ejus</strong></span> <span class='ocrx_word' id='word_1_516' title='bbox 348 1974 381 2001; x_wconf 72' lang='grc' dir='ltr'><strong>τ’.</strong></span> <span class='ocrx_word' id='word_1_517' title='bbox 398 1983 406 1998; x_wconf 76' lang='grc' dir='ltr'><strong>ι</strong></span> <span class='ocrx_word' id='word_1_518' title='bbox 423 1972 537 2000; x_wconf 87' lang='lat' dir='ltr'><strong>Firmati</strong></span> <span class='ocrx_word' id='word_1_519' title='bbox 561 1973 662 2008; x_wconf 89' lang='lat' dir='ltr'><strong>quippe</strong></span> <span class='ocrx_word' id='word_1_520' title='bbox 678 1978 743 2000; x_wconf 90' lang='lat' dir='ltr'><strong>sunt</strong></span> <span class='ocrx_word' id='word_1_521' title='bbox 765 1973 882 2008; x_wconf 87' lang='lat' dir='ltr'><strong>apostoli</strong></span> <span class='ocrx_word' id='word_1_522' title='bbox 898 1974 997 2008; x_wconf 85' lang='lat' dir='ltr'><strong>sancti,</strong></span> 
     </span>
    </p>
   </div>
   <div class='ocr_carea' id='block_1_71' title="bbox 213 2017 998 2055">
    <p class='ocr_par' dir='ltr' id='par_1_71' title="bbox 213 2017 998 2055">
     <span class='ocr_line' id='line_1_71' title="bbox 213 2017 998 2055; baseline 0.001 -8"><span class='ocrx_word' id='word_1_523' title='bbox 213 2020 259 2055; x_wconf 85' lang='lat' dir='ltr'><strong>qui</strong></span> <span class='ocrx_word' id='word_1_524' title='bbox 277 2027 360 2054; x_wconf 86' lang='lat' dir='ltr'><strong>supra</strong></span> <span class='ocrx_word' id='word_1_525' title='bbox 383 2022 484 2045; x_wconf 87' lang='lat' dir='ltr'><strong>terram</strong></span> <span class='ocrx_word' id='word_1_526' title='bbox 510 2017 643 2050; x_wconf 84' lang='lat' dir='ltr'><strong>eminent,</strong></span> <span class='ocrx_word' id='word_1_527' title='bbox 663 2025 726 2044; x_wconf 90' lang='lat' dir='ltr'><strong>cum</strong></span> <span class='ocrx_word' id='word_1_528' title='bbox 749 2019 853 2046; x_wconf 87' lang='lat' dir='ltr'><strong>virtute</strong></span> <span class='ocrx_word' id='word_1_529' title='bbox 875 2027 910 2047; x_wconf 79' lang='lat' dir='ltr'><strong>ex</strong></span> <span class='ocrx_word' id='word_1_530' title='bbox 931 2020 998 2053; x_wconf 84' lang='lat' dir='ltr'><strong>alto,</strong></span> 
     </span>
    </p>
   </div>
   <div class='ocr_carea' id='block_1_72' title="bbox 213 2063 1000 2102">
    <p class='ocr_par' dir='ltr' id='par_1_72' title="bbox 213 2063 1000 2102">
     <span class='ocr_line' id='line_1_72' title="bbox 213 2063 1000 2102; baseline 0.001 -9"><span class='ocrx_word' id='word_1_531' title='bbox 213 2066 302 2102; x_wconf 77' lang='lat' dir='ltr'><strong>gratia</strong></span> <span class='ocrx_word' id='word_1_532' title='bbox 324 2072 422 2099; x_wconf 83' lang='lat' dir='ltr'><strong>nempe</strong></span> <span class='ocrx_word' id='word_1_533' title='bbox 446 2067 511 2090; x_wconf 88' lang='lat' dir='ltr'><strong>sunt.</strong></span> <span class='ocrx_word' id='word_1_534' title='bbox 541 2064 626 2091; x_wconf 84' lang='lat' dir='ltr'><strong>sancti</strong></span> <span class='ocrx_word' id='word_1_535' title='bbox 644 2063 764 2099; x_wconf 86' lang='lat' dir='ltr'><strong>Spiritus</strong></span> <span class='ocrx_word' id='word_1_536' title='bbox 785 2065 885 2093; x_wconf 91' lang='lat' dir='ltr'><strong>induti.</strong></span> <span class='ocrx_word' id='word_1_537' title='bbox 914 2065 1000 2095; x_wconf 76' lang='lat' dir='ltr'><strong>[idem</strong></span> 
     </span>
    </p>
   </div>
   <div class='ocr_carea' id='block_1_73' title="bbox 214 2109 999 2144">
    <p class='ocr_par' dir='ltr' id='par_1_73' title="bbox 214 2109 999 2144">
     <span class='ocr_line' id='line_1_73' title="bbox 214 2109 999 2144; baseline 0 -5"><span class='ocrx_word' id='word_1_538' title='bbox 214 2110 386 2138; x_wconf 86' lang='lat' dir='ltr'><strong>erantctiam</strong></span> <span class='ocrx_word' id='word_1_539' title='bbox 411 2109 554 2141; x_wconf 61' lang='lat' dir='ltr'><strong>columnae,</strong></span> <span class='ocrx_word' id='word_1_540' title='bbox 577 2116 611 2135; x_wconf 89' lang='lat' dir='ltr'><strong>eo</strong></span> <span class='ocrx_word' id='word_1_541' title='bbox 627 2109 686 2144; x_wconf 87' lang='lat' dir='ltr'><strong>ipso</strong></span> <span class='ocrx_word' id='word_1_542' title='bbox 708 2109 781 2144; x_wconf 90' lang='lat' dir='ltr'><strong>quod</strong></span> <span class='ocrx_word' id='word_1_543' title='bbox 805 2110 916 2138; x_wconf 86' lang='lat' dir='ltr'><strong>Christo</strong></span> <span class='ocrx_word' id='word_1_544' title='bbox 931 2119 999 2140; x_wconf 89' lang='lat' dir='ltr'><strong>con-</strong></span> 
     </span>
    </p>
   </div>
   <div class='ocr_carea' id='block_1_74' title="bbox 215 2154 1000 2193">
    <p class='ocr_par' dir='ltr' id='par_1_74' title="bbox 215 2154 1000 2193">
     <span class='ocr_line' id='line_1_74' title="bbox 215 2154 1000 2193; baseline 0.001 -9"><span class='ocrx_word' id='word_1_545' title='bbox 215 2157 318 2184; x_wconf 82' lang='lat' dir='ltr'><strong>formes</strong></span> <span class='ocrx_word' id='word_1_546' title='bbox 333 2159 424 2187; x_wconf 88' lang='lat' dir='ltr'><strong>erant,</strong></span> <span class='ocrx_word' id='word_1_547' title='bbox 438 2155 520 2190; x_wconf 87' lang='lat' dir='ltr'><strong>eique</strong></span> <span class='ocrx_word' id='word_1_548' title='bbox 533 2154 637 2182; x_wconf 86' lang='lat' dir='ltr'><strong>similes</strong></span> <span class='ocrx_word' id='word_1_549' title='bbox 648 2162 698 2189; x_wconf 92' lang='lat' dir='ltr'><strong>per</strong></span> <span class='ocrx_word' id='word_1_550' title='bbox 710 2155 825 2190; x_wconf 75' lang='lat' dir='ltr'><strong>gratiam</strong></span> <span class='ocrx_word' id='word_1_551' title='bbox 836 2157 923 2184; x_wconf 84' lang='lat' dir='ltr'><strong>sancti</strong></span> <span class='ocrx_word' id='word_1_552' title='bbox 940 2157 1000 2193; x_wconf 90' lang='lat' dir='ltr'><strong>Spi-</strong></span> 
     </span>
    </p>
   </div>
   <div class='ocr_carea' id='block_1_75' title="bbox 216 2197 1038 2238">
    <p class='ocr_par' dir='ltr' id='par_1_75' title="bbox 216 2197 1038 2238">
     <span class='ocr_line' id='line_1_75' title="bbox 216 2197 1038 2238; baseline 0.004 -9"><span class='ocrx_word' id='word_1_553' title='bbox 216 2202 295 2229; x_wconf 87' lang='lat' dir='ltr'><strong>ritus.</strong></span> <span class='ocrx_word' id='word_1_554' title='bbox 313 2201 359 2228; x_wconf 84' lang='lat' dir='ltr'><strong>Sic</strong></span> <span class='ocrx_word' id='word_1_555' title='bbox 371 2200 455 2235; x_wconf 79' lang='lat' dir='ltr'><strong>igitur</strong></span> <span class='ocrx_word' id='word_1_556' title='bbox 466 2200 571 2236; x_wconf 86' lang='lat' dir='ltr'><strong>accipe,</strong></span> <span class='ocrx_word' id='word_1_557' title='bbox 589 2208 643 2228; x_wconf 92' lang='lat' dir='ltr'><strong>non</strong></span> <span class='ocrx_word' id='word_1_558' title='bbox 666 2200 718 2228; x_wconf 82' lang='lat' dir='ltr'><strong>alia</strong></span> <span class='ocrx_word' id='word_1_559' title='bbox 741 2201 775 2229; x_wconf 91' lang='lat' dir='ltr'><strong>de</strong></span> <span class='ocrx_word' id='word_1_560' title='bbox 790 2209 882 2235; x_wconf 85' lang='lat' dir='ltr'><strong>causa,</strong></span> <span class='ocrx_word' id='word_1_561' title='bbox 901 2208 1001 2238; x_wconf 58' lang='lat' dir='ltr'><strong>prater</strong></span> <span class='ocrx_word' id='word_1_562' title='bbox 1017 2197 1038 2224; x_wconf 77' lang='grc' dir='ltr'><strong>ι)</strong></span> 
     </span>
    </p>
   </div>
   <div class='ocr_carea' id='block_1_76' title="bbox 217 2245 1001 2283">
    <p class='ocr_par' dir='ltr' id='par_1_76' title="bbox 217 2245 1001 2283">
     <span class='ocr_line' id='line_1_76' title="bbox 217 2245 1001 2283; baseline 0.004 -10"><span class='ocrx_word' id='word_1_563' title='bbox 217 2255 264 2274; x_wconf 84' lang='lat' dir='ltr'><strong>cas</strong></span> <span class='ocrx_word' id='word_1_564' title='bbox 280 2253 347 2281; x_wconf 86' lang='lat' dir='ltr'><strong>quas</strong></span> <span class='ocrx_word' id='word_1_565' title='bbox 377 2245 459 2272; x_wconf 89' lang='lat' dir='ltr'><strong>modo</strong></span> <span class='ocrx_word' id='word_1_566' title='bbox 483 2245 619 2278; x_wconf 84' lang='lat' dir='ltr'><strong>diximus,</strong></span> <span class='ocrx_word' id='word_1_567' title='bbox 651 2247 806 2274; x_wconf 86' lang='lat' dir='ltr'><strong>columnam</strong></span> <span class='ocrx_word' id='word_1_568' title='bbox 836 2248 1001 2283; x_wconf 88' lang='lat' dir='ltr'><strong>appellatum</strong></span> 
     </span>
    </p>
   </div>
   <div class='ocr_carea' id='block_1_77' title="bbox 224 2291 1002 2329">
    <p class='ocr_par' dir='ltr' id='par_1_77' title="bbox 224 2291 1002 2329">
     <span class='ocr_line' id='line_1_77' title="bbox 224 2291 1002 2329; baseline 0.005 -11"><span class='ocrx_word' id='word_1_569' title='bbox 224 2300 285 2319; x_wconf 80' lang='lat' dir='ltr'><strong>esse</strong></span> <span class='ocrx_word' id='word_1_570' title='bbox 301 2291 460 2325; x_wconf 85' lang='lat' dir='ltr'><strong>Christum;</strong></span> <span class='ocrx_word' id='word_1_571' title='bbox 473 2291 626 2319; x_wconf 85' lang='lat' dir='ltr'><strong>deducebat</strong></span> <span class='ocrx_word' id='word_1_572' title='bbox 639 2297 730 2320; x_wconf 89' lang='lat' dir='ltr'><strong>autem</strong></span> <span class='ocrx_word' id='word_1_573' title='bbox 754 2293 875 2322; x_wconf 86' lang='lat' dir='ltr'><strong>interdiu</strong></span> <span class='ocrx_word' id='word_1_574' title='bbox 890 2295 1002 2329; x_wconf 84' lang='lat' dir='ltr'><strong>quidem</strong></span> 
     </span>
    </p>
   </div>
   <div class='ocr_carea' id='block_1_78' title="bbox 219 2337 1002 2374">
    <p class='ocr_par' dir='ltr' id='par_1_78' title="bbox 219 2337 1002 2374">
     <span class='ocr_line' id='line_1_78' title="bbox 219 2337 1002 2374; baseline 0.005 -10"><span class='ocrx_word' id='word_1_575' title='bbox 219 2339 247 2365; x_wconf 92' lang='lat' dir='ltr'><strong>in</strong></span> <span class='ocrx_word' id='word_1_576' title='bbox 267 2337 393 2365; x_wconf 82' lang='lat' dir='ltr'><strong>columna</strong></span> <span class='ocrx_word' id='word_1_577' title='bbox 404 2337 494 2371; x_wconf 89' lang='lat' dir='ltr'><strong>nubis,</strong></span> <span class='ocrx_word' id='word_1_578' title='bbox 511 2337 545 2365; x_wconf 92' lang='lat' dir='ltr'><strong>de</strong></span> <span class='ocrx_word' id='word_1_579' title='bbox 557 2342 636 2366; x_wconf 89' lang='lat' dir='ltr'><strong>nocte</strong></span> <span class='ocrx_word' id='word_1_580' title='bbox 652 2346 727 2372; x_wconf 91' lang='lat' dir='ltr'><strong>vero,</strong></span> <span class='ocrx_word' id='word_1_581' title='bbox 741 2339 838 2374; x_wconf 85' lang='lat' dir='ltr'><strong>inquit,</strong></span> <span class='ocrx_word' id='word_1_582' title='bbox 857 2340 885 2367; x_wconf 94' lang='lat' dir='ltr'><strong>in</strong></span> <span class='ocrx_word' id='word_1_583' title='bbox 897 2341 1002 2368; x_wconf 82' lang='lat' dir='ltr'><strong>colum-</strong></span> 
     </span>
    </p>
   </div>
   <div class='ocr_carea' id='block_1_79' title="bbox 219 2384 1003 2420">
    <p class='ocr_par' dir='ltr' id='par_1_79' title="bbox 219 2384 1003 2420">
     <span class='ocr_line' id='line_1_79' title="bbox 219 2384 1003 2420; baseline 0.001 -7"><span class='ocrx_word' id='word_1_584' title='bbox 219 2393 254 2413; x_wconf 85' lang='lat' dir='ltr'><strong>na</strong></span> <span class='ocrx_word' id='word_1_585' title='bbox 279 2384 366 2420; x_wconf 80' lang='lat' dir='ltr'><strong>ignis.</strong></span> <span class='ocrx_word' id='word_1_586' title='bbox 388 2388 420 2412; x_wconf 89' lang='lat' dir='ltr'><strong>ut</strong></span> <span class='ocrx_word' id='word_1_587' title='bbox 434 2389 601 2412; x_wconf 85' lang='lat' dir='ltr'><strong>monstraret</strong></span> <span class='ocrx_word' id='word_1_588' title='bbox 622 2385 676 2413; x_wconf 83' lang='lat' dir='ltr'><strong>illis</strong></span> <span class='ocrx_word' id='word_1_589' title='bbox 699 2385 772 2413; x_wconf 86' lang='lat' dir='ltr'><strong>viam</strong></span> <span class='ocrx_word' id='word_1_590' title='bbox 785 2386 824 2413; x_wconf 79' lang='lat'><strong>“2</strong></span> <span class='ocrx_word' id='word_1_591' title='bbox 844 2393 876 2414; x_wconf 87' lang='lat' dir='ltr'><strong>ac</strong></span> <span class='ocrx_word' id='word_1_592' title='bbox 896 2391 1003 2414; x_wconf 84' lang='lat' dir='ltr'><strong>noctem</strong></span> 
     </span>
    </p>
   </div>
   <div class='ocr_carea' id='block_1_80' title="bbox 220 2430 1004 2468">
    <p class='ocr_par' dir='ltr' id='par_1_80' title="bbox 220 2430 1004 2468">
     <span class='ocr_line' id='line_1_80' title="bbox 220 2430 1004 2468; baseline 0.003 -10"><span class='ocrx_word' id='word_1_593' title='bbox 220 2430 332 2467; x_wconf 87' lang='lat' dir='ltr'><strong>quidem</strong></span> <span class='ocrx_word' id='word_1_594' title='bbox 343 2431 480 2467; x_wconf 81' lang='lat' dir='ltr'><strong>appellare</strong></span> <span class='ocrx_word' id='word_1_595' title='bbox 496 2430 638 2466; x_wconf 91' lang='lat' dir='ltr'><strong>Scriptura</strong></span> <span class='ocrx_word' id='word_1_596' title='bbox 650 2431 793 2459; x_wconf 86' lang='lat' dir='ltr'><strong>consuevit</strong></span> <span class='ocrx_word' id='word_1_597' title='bbox 809 2435 917 2468; x_wconf 85' lang='lat' dir='ltr'><strong>tempus</strong></span> <span class='ocrx_word' id='word_1_598' title='bbox 937 2432 1004 2460; x_wconf 90' lang='lat' dir='ltr'><strong>illud</strong></span> 
     </span>
    </p>
   </div>
   <div class='ocr_carea' id='block_1_81' title="bbox 221 2475 1005 2512">
    <p class='ocr_par' dir='ltr' id='par_1_81' title="bbox 221 2475 1005 2512">
     <span class='ocr_line' id='line_1_81' title="bbox 221 2475 1005 2512; baseline 0.004 -9"><span class='ocrx_word' id='word_1_599' title='bbox 221 2481 284 2504; x_wconf 72' lang='lat' dir='ltr'><strong>ante</strong></span> <span class='ocrx_word' id='word_1_600' title='bbox 297 2475 447 2504; x_wconf 83' lang='lat' dir='ltr'><strong>Salvatoris</strong></span> <span class='ocrx_word' id='word_1_601' title='bbox 460 2476 619 2510; x_wconf 79' lang='lat' dir='ltr'><strong>adventum,</strong></span> <span class='ocrx_word' id='word_1_602' title='bbox 631 2484 697 2512; x_wconf 90' lang='lat' dir='ltr'><strong>quo,</strong></span> <span class='ocrx_word' id='word_1_603' title='bbox 712 2477 804 2505; x_wconf 87' lang='lat' dir='ltr'><strong>adhuc</strong></span> <span class='ocrx_word' id='word_1_604' title='bbox 826 2477 927 2505; x_wconf 81' lang='lat' dir='ltr'><strong>Satana</strong></span> <span class='ocrx_word' id='word_1_605' title='bbox 954 2478 1005 2506; x_wconf 87' lang='lat' dir='ltr'><strong>do-</strong></span> 
     </span>
    </p>
   </div>
   <div class='ocr_carea' id='block_1_82' title="bbox 222 2522 1008 2559">
    <p class='ocr_par' dir='ltr' id='par_1_82' title="bbox 222 2522 1008 2559">
     <span class='ocr_line' id='line_1_82' title="bbox 222 2522 1008 2559; baseline 0.004 -8"><span class='ocrx_word' id='word_1_606' title='bbox 222 2523 355 2555; x_wconf 80' lang='lat' dir='ltr'><strong>minante,</strong></span> <span class='ocrx_word' id='word_1_607' title='bbox 378 2522 397 2549; x_wconf 92' lang='lat' dir='ltr'><strong>ii</strong></span> <span class='ocrx_word' id='word_1_608' title='bbox 413 2522 458 2558; x_wconf 86' lang='lat' dir='ltr'><strong>qui</strong></span> <span class='ocrx_word' id='word_1_609' title='bbox 476 2527 532 2550; x_wconf 90' lang='lat' dir='ltr'><strong>tum</strong></span> <span class='ocrx_word' id='word_1_610' title='bbox 548 2523 576 2550; x_wconf 91' lang='lat' dir='ltr'><strong>in</strong></span> <span class='ocrx_word' id='word_1_611' title='bbox 599 2523 680 2551; x_wconf 84' lang='lat' dir='ltr'><strong>terris</strong></span> <span class='ocrx_word' id='word_1_612' title='bbox 700 2528 790 2557; x_wconf 85' lang='lat' dir='ltr'><strong>erant,</strong></span> <span class='ocrx_word' id='word_1_613' title='bbox 814 2524 964 2559; x_wconf 86' lang='lat' dir='ltr'><strong>impietatis</strong></span> <span class='ocrx_word' id='word_1_614' title='bbox 979 2529 1008 2554; x_wconf 87' lang='lat' dir='ltr'><strong>et</strong></span> 
     </span>
    </p>
   </div>
   <div class='ocr_carea' id='block_1_83' title="bbox 222 2568 1005 2604">
    <p class='ocr_par' dir='ltr' id='par_1_83' title="bbox 222 2568 1005 2604">
     <span class='ocr_line' id='line_1_83' title="bbox 222 2568 1005 2604; baseline 0.001 -8"><span class='ocrx_word' id='word_1_615' title='bbox 222 2568 382 2604; x_wconf 66' lang='lat' dir='ltr'><strong>ignorantia:</strong></span> <span class='ocrx_word' id='word_1_616' title='bbox 397 2568 521 2596; x_wconf 84' lang='lat' dir='ltr'><strong>tenebris</strong></span> <span class='ocrx_word' id='word_1_617' title='bbox 532 2568 705 2596; x_wconf 83' lang='lat' dir='ltr'><strong>tenebantur.</strong></span> <span class='ocrx_word' id='word_1_618' title='bbox 718 2569 753 2596; x_wconf 82' lang='lat' dir='ltr'><strong>At</strong></span> <span class='ocrx_word' id='word_1_619' title='bbox 773 2573 868 2597; x_wconf 85' lang='lat' dir='ltr'><strong>contra</strong></span> <span class='ocrx_word' id='word_1_620' title='bbox 883 2569 938 2597; x_wconf 90' lang='lat' dir='ltr'><strong>diei</strong></span> <span class='ocrx_word' id='word_1_621' title='bbox 954 2577 1005 2597; x_wconf 86' lang='lat' dir='ltr'><strong>no-</strong></span> 
     </span>
    </p>
   </div>
   <div class='ocr_carea' id='block_1_84' title="bbox 223 2614 1005 2650">
    <p class='ocr_par' dir='ltr' id='par_1_84' title="bbox 223 2614 1005 2650">
     <span class='ocr_line' id='line_1_84' title="bbox 223 2614 1005 2650; baseline 0.001 -8"><span class='ocrx_word' id='word_1_622' title='bbox 223 2615 296 2642; x_wconf 84' lang='lat' dir='ltr'><strong>mine</strong></span> <span class='ocrx_word' id='word_1_623' title='bbox 310 2618 417 2650; x_wconf 85' lang='lat' dir='ltr'><strong>tempus</strong></span> <span class='ocrx_word' id='word_1_624' title='bbox 439 2614 507 2642; x_wconf 89' lang='lat' dir='ltr'><strong>illud</strong></span> <span class='ocrx_word' id='word_1_625' title='bbox 532 2615 661 2650; x_wconf 82' lang='lat' dir='ltr'><strong>appellat,</strong></span> <span class='ocrx_word' id='word_1_626' title='bbox 689 2623 743 2650; x_wconf 90' lang='lat' dir='ltr'><strong>quo</strong></span> <span class='ocrx_word' id='word_1_627' title='bbox 772 2615 895 2643; x_wconf 83' lang='lat' dir='ltr'><strong>Salvator</strong></span> <span class='ocrx_word' id='word_1_628' title='bbox 911 2620 1005 2643; x_wconf 90' lang='lat' dir='ltr'><strong>noster</strong></span> 
     </span>
    </p>
   </div>
   <div class='ocr_carea' id='block_1_85' title="bbox 223 2659 1005 2695">
    <p class='ocr_par' dir='ltr' id='par_1_85' title="bbox 223 2659 1005 2695">
     <span class='ocr_line' id='line_1_85' title="bbox 223 2659 1005 2695; baseline 0.001 -9"><span class='ocrx_word' id='word_1_629' title='bbox 223 2659 333 2687; x_wconf 82' lang='lat' dir='ltr'><strong>advenit</strong></span> <span class='ocrx_word' id='word_1_630' title='bbox 344 2668 350 2686; x_wconf 84' lang='lat'><strong>:</strong></span> <span class='ocrx_word' id='word_1_631' title='bbox 363 2667 418 2694; x_wconf 87' lang='lat' dir='ltr'><strong>quo</strong></span> <span class='ocrx_word' id='word_1_632' title='bbox 430 2663 552 2694; x_wconf 90' lang='lat' dir='ltr'><strong>tempore</strong></span> <span class='ocrx_word' id='word_1_633' title='bbox 565 2667 661 2687; x_wconf 90' lang='lat' dir='ltr'><strong>sumus</strong></span> <span class='ocrx_word' id='word_1_634' title='bbox 673 2659 829 2693; x_wconf 87' lang='lat' dir='ltr'><strong>illuminati,</strong></span> <span class='ocrx_word' id='word_1_635' title='bbox 841 2668 903 2687; x_wconf 88' lang='lat' dir='ltr'><strong>cum</strong></span> <span class='ocrx_word' id='word_1_636' title='bbox 913 2660 1005 2695; x_wconf 88' lang='lat' dir='ltr'><strong>splen-</strong></span> 
     </span>
    </p>
   </div>
   <div class='ocr_carea' id='block_1_86' title="bbox 222 2705 1007 2742">
    <p class='ocr_par' dir='ltr' id='par_1_86' title="bbox 222 2705 1007 2742">
     <span class='ocr_line' id='line_1_86' title="bbox 222 2705 1007 2742; baseline 0 -8"><span class='ocrx_word' id='word_1_637' title='bbox 222 2707 317 2734; x_wconf 82' lang='lat' dir='ltr'><strong>dorem</strong></span> <span class='ocrx_word' id='word_1_638' title='bbox 330 2705 407 2732; x_wconf 89' lang='lat' dir='ltr'><strong>illum</strong></span> <span class='ocrx_word' id='word_1_639' title='bbox 421 2713 492 2732; x_wconf 72' lang='lat' dir='ltr'><strong>verte</strong></span> <span class='ocrx_word' id='word_1_640' title='bbox 515 2705 563 2732; x_wconf 88' lang='lat' dir='ltr'><strong>Dei</strong></span> <span class='ocrx_word' id='word_1_641' title='bbox 581 2706 746 2742; x_wconf 77' lang='lat' dir='ltr'><strong>cognitionis</strong></span> <span class='ocrx_word' id='word_1_642' title='bbox 775 2711 867 2734; x_wconf 84' lang='lat' dir='ltr'><strong>mente</strong></span> <span class='ocrx_word' id='word_1_643' title='bbox 881 2707 1007 2741; x_wconf 87' lang='lat' dir='ltr'><strong>suscepi-</strong></span> 
     </span>
    </p>
   </div>
   <div class='ocr_carea' id='block_1_87' title="bbox 224 2751 1005 2787">
    <p class='ocr_par' dir='ltr' id='par_1_87' title="bbox 224 2751 1005 2787">
     <span class='ocr_line' id='line_1_87' title="bbox 224 2751 1005 2787; baseline 0.001 -8"><span class='ocrx_word' id='word_1_644' title='bbox 224 2759 304 2782; x_wconf 89' lang='lat' dir='ltr'><strong>mus:</strong></span> <span class='ocrx_word' id='word_1_645' title='bbox 319 2751 452 2787; x_wconf 88' lang='lat' dir='ltr'><strong>illumque</strong></span> <span class='ocrx_word' id='word_1_646' title='bbox 460 2751 574 2787; x_wconf 73' lang='lat' dir='ltr'><strong>justitize</strong></span> <span class='ocrx_word' id='word_1_647' title='bbox 588 2752 673 2780; x_wconf 85' lang='lat' dir='ltr'><strong>solem</strong></span> <span class='ocrx_word' id='word_1_648' title='bbox 686 2752 778 2780; x_wconf 84' lang='lat' dir='ltr'><strong>cordis</strong></span> <span class='ocrx_word' id='word_1_649' title='bbox 799 2753 886 2780; x_wconf 86' lang='lat' dir='ltr'><strong>oculis</strong></span> <span class='ocrx_word' id='word_1_650' title='bbox 914 2753 1005 2780; x_wconf 87' lang='lat' dir='ltr'><strong>intue-</strong></span> 
     </span>
    </p>
   </div>
   <div class='ocr_carea' id='block_1_88' title="bbox 265 2810 550 2843">
    <p class='ocr_par' dir='ltr' id='par_1_88' title="bbox 265 2810 550 2843">
     <span class='ocr_line' id='line_1_88' title="bbox 265 2810 550 2843; baseline -0.007 -4"><span class='ocrx_word' id='word_1_651' title='bbox 265 2811 298 2827; x_wconf 69' lang='grc' dir='ltr'><strong>’θ’</strong></span> <span class='ocrx_word' id='word_1_652' title='bbox 323 2811 344 2838; x_wconf 91' lang='lat' dir='ltr'><strong>ll</strong></span> <span class='ocrx_word' id='word_1_653' title='bbox 364 2811 434 2838; x_wconf 89' lang='lat' dir='ltr'><strong>Tim.</strong></span> <span class='ocrx_word' id='word_1_654' title='bbox 454 2810 550 2843; x_wconf 70' lang='lat'><strong>&quot;1,16.</strong></span> 
     </span>
    </p>
   </div>
   <div class='ocr_carea' id='block_1_89' title="bbox 225 2845 527 2879">
    <p class='ocr_par' dir='ltr' id='par_1_89' title="bbox 225 2845 527 2879">
     <span class='ocr_line' id='line_1_89' title="bbox 225 2845 527 2879; baseline -0.01 -5"><span class='ocrx_word' id='word_1_655' title='bbox 225 2846 341 2874; x_wconf 74' lang='lat' dir='ltr'><strong>“Exod.</strong></span> <span class='ocrx_word' id='word_1_656' title='bbox 356 2854 413 2879; x_wconf 73' lang='lat' dir='ltr'><strong>xm,</strong></span> <span class='ocrx_word' id='word_1_657' title='bbox 424 2845 468 2879; x_wconf 62' lang='lat' dir='ltr'><strong>2i,</strong></span> <span class='ocrx_word' id='word_1_658' title='bbox 483 2845 527 2872; x_wconf 65' lang='grc'><strong>22.</strong></span> 
     </span>
    </p>
   </div>
   <div class='ocr_carea' id='block_1_90' title="bbox 606 2811 1196 2844">
    <p class='ocr_par' dir='ltr' id='par_1_90' title="bbox 606 2811 1196 2844">
     <span class='ocr_line' id='line_1_90' title="bbox 606 2811 1196 2844; baseline -0.002 -5"><span class='ocrx_word' id='word_1_659' title='bbox 606 2812 628 2827; x_wconf 89' lang='lat'><strong>&quot;°</strong></span> <span class='ocrx_word' id='word_1_660' title='bbox 643 2812 702 2839; x_wconf 86' lang='lat' dir='ltr'><strong>Act.</strong></span> <span class='ocrx_word' id='word_1_661' title='bbox 721 2819 756 2844; x_wconf 84' lang='lat' dir='ltr'><strong>tv,</strong></span> <span class='ocrx_word' id='word_1_662' title='bbox 775 2811 816 2838; x_wconf 73' lang='lat'><strong>1‘3.</strong></span> <span class='ocrx_word' id='word_1_663' title='bbox 855 2811 875 2827; x_wconf 91' lang='lat'>&#39;“</span> <span class='ocrx_word' id='word_1_664' title='bbox 894 2811 979 2838; x_wconf 76' lang='lat' dir='ltr'><strong>Exod.</strong></span> <span class='ocrx_word' id='word_1_665' title='bbox 1006 2819 1062 2844; x_wconf 81' lang='lat' dir='ltr'><strong>xm,</strong></span> <span class='ocrx_word' id='word_1_666' title='bbox 1085 2811 1128 2844; x_wconf 68' lang='grc'><strong>20,</strong></span> <span class='ocrx_word' id='word_1_667' title='bbox 1152 2811 1196 2838; x_wconf 66' lang='grc'><strong>21.</strong></span> 
     </span>
    </p>
   </div>
   <div class='ocr_carea' id='block_1_91' title="bbox 1046 1559 1837 1600">
    <p class='ocr_par' dir='ltr' id='par_1_91' title="bbox 1046 1559 1837 1600">
     <span class='ocr_line' id='line_1_91' title="bbox 1046 1559 1837 1600; baseline -0.006 -9"><span class='ocrx_word' id='word_1_668' title='bbox 1046 1563 1174 1600; x_wconf 74' lang='grc' dir='ltr'>ἀληθείας</span> <span class='ocrx_word' id='word_1_669' title='bbox 1187 1562 1261 1589; x_wconf 70' lang='grc' dir='ltr'>ἐστὶν</span> <span class='ocrx_word' id='word_1_670' title='bbox 1279 1561 1478 1588; x_wconf 74' lang='grc' dir='ltr'>ἀκατάσειστόν</span> <span class='ocrx_word' id='word_1_671' title='bbox 1489 1569 1519 1587; x_wconf 88' lang='grc' dir='ltr'><strong>τε</strong></span> <span class='ocrx_word' id='word_1_672' title='bbox 1534 1560 1580 1586; x_wconf 74' lang='grc' dir='ltr'><strong>καὶ</strong></span> <span class='ocrx_word' id='word_1_673' title='bbox 1595 1559 1749 1595; x_wconf 83' lang='grc' dir='ltr'>ἄθραυστον</span> <span class='ocrx_word' id='word_1_674' title='bbox 1767 1569 1837 1587; x_wconf 80' lang='grc' dir='ltr'>παν-</span> 
     </span>
    </p>
   </div>
   <div class='ocr_carea' id='block_1_92' title="bbox 1046 1606 1836 1644">
    <p class='ocr_par' dir='ltr' id='par_1_92' title="bbox 1046 1606 1836 1644">
     <span class='ocr_line' id='line_1_92' title="bbox 1046 1606 1836 1644; baseline -0.005 -6"><span class='ocrx_word' id='word_1_675' title='bbox 1046 1610 1141 1642; x_wconf 85' lang='grc' dir='ltr'>τελῶς.</span> <span class='ocrx_word' id='word_1_676' title='bbox 1168 1609 1216 1636; x_wconf 76' lang='grc' dir='ltr'><strong>καὶ</strong></span> <span class='ocrx_word' id='word_1_677' title='bbox 1242 1608 1345 1644; x_wconf 76' lang='grc' dir='ltr'>ἀνέχων</span> <span class='ocrx_word' id='word_1_678' title='bbox 1367 1607 1418 1643; x_wconf 79' lang='grc' dir='ltr'>τῆς</span> <span class='ocrx_word' id='word_1_679' title='bbox 1441 1607 1492 1642; x_wconf 80' lang='grc' dir='ltr'><strong>γῆς</strong></span> <span class='ocrx_word' id='word_1_680' title='bbox 1513 1606 1592 1642; x_wconf 72' lang='grc' dir='ltr'>ὑψοῦ.</span> <span class='ocrx_word' id='word_1_681' title='bbox 1622 1606 1836 1642; x_wconf 78' lang='grc' dir='ltr'>Ἀπηλλάγμεθα</span> 
     </span>
    </p>
   </div>
   <div class='ocr_carea' id='block_1_93' title="bbox 1047 1652 1836 1693">
    <p class='ocr_par' dir='ltr' id='par_1_93' title="bbox 1047 1652 1836 1693">
     <span class='ocr_line' id='line_1_93' title="bbox 1047 1652 1836 1693; baseline -0.009 -8"><span class='ocrx_word' id='word_1_682' title='bbox 1047 1658 1101 1693; x_wconf 75' lang='grc' dir='ltr'>γὰρ</span> <span class='ocrx_word' id='word_1_683' title='bbox 1122 1657 1151 1683; x_wconf 82' lang='grc' dir='ltr'>ὲν</span> <span class='ocrx_word' id='word_1_684' title='bbox 1173 1654 1285 1692; x_wconf 85' lang='grc' dir='ltr'>Χριστῷ</span> <span class='ocrx_word' id='word_1_685' title='bbox 1315 1652 1362 1680; x_wconf 84' lang='grc' dir='ltr'>τοῦ</span> <span class='ocrx_word' id='word_1_686' title='bbox 1389 1653 1498 1688; x_wconf 83' lang='grc' dir='ltr'>φρονεῖν</span> <span class='ocrx_word' id='word_1_687' title='bbox 1523 1653 1558 1679; x_wconf 79' lang='grc' dir='ltr'><strong>τὰ</strong></span> <span class='ocrx_word' id='word_1_688' title='bbox 1578 1652 1689 1688; x_wconf 81' lang='grc' dir='ltr'>σαρκὸς,</span> <span class='ocrx_word' id='word_1_689' title='bbox 1707 1652 1756 1679; x_wconf 78' lang='grc' dir='ltr'><strong>καὶ</strong></span> <span class='ocrx_word' id='word_1_690' title='bbox 1779 1654 1836 1684; x_wconf 82' lang='grc' dir='ltr'>τοῖς</span> 
     </span>
    </p>
   </div>
   <div class='ocr_carea' id='block_1_94' title="bbox 1047 1697 1837 1737">
    <p class='ocr_par' dir='ltr' id='par_1_94' title="bbox 1047 1697 1837 1737">
     <span class='ocr_line' id='line_1_94' title="bbox 1047 1697 1837 1737; baseline -0.006 -7"><span class='ocrx_word' id='word_1_691' title='bbox 1047 1702 1176 1737; x_wconf 63' lang='grc' dir='ltr'>ἐπιγείοις</span> <span class='ocrx_word' id='word_1_692' title='bbox 1197 1699 1412 1736; x_wconf 78' lang='grc' dir='ltr'>ὲγκαλινδεῖσθαι</span> <span class='ocrx_word' id='word_1_693' title='bbox 1425 1699 1531 1730; x_wconf 77' lang='grc' dir='ltr'>κακοῖς·</span> <span class='ocrx_word' id='word_1_694' title='bbox 1547 1697 1680 1734; x_wconf 80' lang='grc' dir='ltr'>αίρὸμεθα</span> <span class='ocrx_word' id='word_1_695' title='bbox 1692 1698 1721 1725; x_wconf 71' lang='grc' dir='ltr'><strong>δὲ</strong></span> <span class='ocrx_word' id='word_1_696' title='bbox 1741 1698 1837 1734; x_wconf 78' lang='grc' dir='ltr'>ὥσπερ</span> 
     </span>
    </p>
   </div>
   <div class='ocr_carea' id='block_1_95' title="bbox 1048 1742 1838 1783">
    <p class='ocr_par' dir='ltr' id='par_1_95' title="bbox 1048 1742 1838 1783">
     <span class='ocr_line' id='line_1_95' title="bbox 1048 1742 1838 1783; baseline -0.009 -8"><span class='ocrx_word' id='word_1_697' title='bbox 1048 1747 1115 1783; x_wconf 76' lang='grc' dir='ltr'><strong>ὑψοῦ</strong></span> <span class='ocrx_word' id='word_1_698' title='bbox 1129 1747 1162 1774; x_wconf 82' lang='grc' dir='ltr'><strong>δι’</strong></span> <span class='ocrx_word' id='word_1_699' title='bbox 1176 1745 1270 1778; x_wconf 79' lang='grc' dir='ltr'>αὑτοῦ,</span> <span class='ocrx_word' id='word_1_700' title='bbox 1293 1745 1349 1772; x_wconf 75' lang='grc' dir='ltr'>ἀνω</span> <span class='ocrx_word' id='word_1_701' title='bbox 1363 1743 1534 1779; x_wconf 80' lang='grc' dir='ltr'>φρονοῦντες,</span> <span class='ocrx_word' id='word_1_702' title='bbox 1551 1743 1598 1769; x_wconf 71' lang='grc' dir='ltr'><strong>καὶ</strong></span> <span class='ocrx_word' id='word_1_703' title='bbox 1613 1743 1643 1769; x_wconf 83' lang='grc' dir='ltr'>ὲν</span> <span class='ocrx_word' id='word_1_704' title='bbox 1664 1742 1774 1778; x_wconf 74' lang='grc' dir='ltr'>οὐρανῷ</span> <span class='ocrx_word' id='word_1_705' title='bbox 1790 1751 1838 1769; x_wconf 82' lang='grc' dir='ltr'>πο-</span> 
     </span>
    </p>
   </div>
   <div class='ocr_carea' id='block_1_96' title="bbox 1047 1788 1838 1829">
    <p class='ocr_par' dir='ltr' id='par_1_96' title="bbox 1047 1788 1838 1829">
     <span class='ocr_line' id='line_1_96' title="bbox 1047 1788 1838 1829; baseline -0.01 -8"><span class='ocrx_word' id='word_1_706' title='bbox 1047 1793 1222 1829; x_wconf 86' lang='grc' dir='ltr'>λιτευόμενοι.</span> <span class='ocrx_word' id='word_1_707' title='bbox 1237 1791 1394 1826; x_wconf 79' lang='grc' dir='ltr'>Γέγραπται</span> <span class='ocrx_word' id='word_1_708' title='bbox 1407 1789 1478 1824; x_wconf 85' lang='grc' dir='ltr'>γὰρ,</span> <span class='ocrx_word' id='word_1_709' title='bbox 1496 1789 1536 1815; x_wconf 83' lang='grc' dir='ltr'>ὄτι</span> <span class='ocrx_word' id='word_1_710' title='bbox 1557 1798 1566 1814; x_wconf 78' lang='grc' dir='ltr'><strong>ι</strong></span> <span class='ocrx_word' id='word_1_711' title='bbox 1584 1788 1638 1815; x_wconf 86' lang='grc' dir='ltr'>Τοῦ</span> <span class='ocrx_word' id='word_1_712' title='bbox 1653 1788 1721 1814; x_wconf 83' lang='grc' dir='ltr'>Θεοῦ</span> <span class='ocrx_word' id='word_1_713' title='bbox 1734 1789 1759 1814; x_wconf 83' lang='lat' dir='ltr'><strong>ot</strong></span> <span class='ocrx_word' id='word_1_714' title='bbox 1773 1796 1838 1824; x_wconf 80' lang='grc' dir='ltr'>χρα-</span> 
     </span>
    </p>
   </div>
   <div class='ocr_carea' id='block_1_97' title="bbox 1048 1833 1838 1875">
    <p class='ocr_par' dir='ltr' id='par_1_97' title="bbox 1048 1833 1838 1875">
     <span class='ocr_line' id='line_1_97' title="bbox 1048 1833 1838 1875; baseline -0.009 -9"><span class='ocrx_word' id='word_1_715' title='bbox 1048 1837 1143 1875; x_wconf 80' lang='grc' dir='ltr'>τα[ι]οὶ</span> <span class='ocrx_word' id='word_1_716' title='bbox 1153 1838 1202 1873; x_wconf 82' lang='grc' dir='ltr'>τῆς</span> <span class='ocrx_word' id='word_1_717' title='bbox 1215 1836 1267 1871; x_wconf 77' lang='grc' dir='ltr'>γῆς</span> <span class='ocrx_word' id='word_1_718' title='bbox 1278 1835 1380 1871; x_wconf 81' lang='grc' dir='ltr'>σφόδρα</span> <span class='ocrx_word' id='word_1_719' title='bbox 1390 1833 1558 1870; x_wconf 72' lang='grc' dir='ltr'>ἐπήρθησαν.</span> <span class='ocrx_word' id='word_1_720' title='bbox 1566 1834 1653 1869; x_wconf 75' lang='grc' dir='ltr'>»Ἔφη</span> <span class='ocrx_word' id='word_1_721' title='bbox 1665 1834 1694 1860; x_wconf 86' lang='grc' dir='ltr'>δέ</span> <span class='ocrx_word' id='word_1_722' title='bbox 1705 1842 1757 1860; x_wconf 82' lang='grc' dir='ltr'><strong>που</strong></span> <span class='ocrx_word' id='word_1_723' title='bbox 1770 1834 1792 1860; x_wconf 89' lang='grc' dir='ltr'><strong>Χ</strong></span> <span class='ocrx_word' id='word_1_724' title='bbox 1797 1843 1838 1869; x_wconf 88' lang='grc' dir='ltr'>ρι-</span> 
     </span>
    </p>
   </div>
   <div class='ocr_carea' id='block_1_98' title="bbox 1050 1880 1838 1916">
    <p class='ocr_par' dir='ltr' id='par_1_98' title="bbox 1050 1880 1838 1916">
     <span class='ocr_line' id='line_1_98' title="bbox 1050 1880 1838 1916; baseline -0.008 -5"><span class='ocrx_word' id='word_1_725' title='bbox 1050 1885 1112 1916; x_wconf 83' lang='grc' dir='ltr'>στὸς</span> <span class='ocrx_word' id='word_1_726' title='bbox 1128 1883 1173 1911; x_wconf 72' lang='grc' dir='ltr'><strong>καὶ</strong></span> <span class='ocrx_word' id='word_1_727' title='bbox 1190 1882 1234 1910; x_wconf 80' lang='grc' dir='ltr'>διὰ</span> <span class='ocrx_word' id='word_1_728' title='bbox 1253 1882 1344 1916; x_wconf 85' lang='grc' dir='ltr'>φωνῆς</span> <span class='ocrx_word' id='word_1_729' title='bbox 1358 1880 1405 1907; x_wconf 78' lang='grc' dir='ltr'>τοῦ</span> <span class='ocrx_word' id='word_1_730' title='bbox 1426 1880 1508 1907; x_wconf 75' lang='grc' dir='ltr'><strong>Δαόὶδ</strong></span> <span class='ocrx_word' id='word_1_731' title='bbox 1527 1880 1590 1916; x_wconf 88' lang='grc' dir='ltr'>περί</span> <span class='ocrx_word' id='word_1_732' title='bbox 1602 1889 1632 1906; x_wconf 86' lang='grc' dir='ltr'><strong>τε</strong></span> <span class='ocrx_word' id='word_1_733' title='bbox 1650 1880 1700 1915; x_wconf 85' lang='grc' dir='ltr'>τῆς</span> <span class='ocrx_word' id='word_1_734' title='bbox 1713 1880 1767 1915; x_wconf 84' lang='grc' dir='ltr'>γῆς</span> <span class='ocrx_word' id='word_1_735' title='bbox 1791 1880 1838 1906; x_wconf 79' lang='grc' dir='ltr'>καὶ</span> 
     </span>
    </p>
   </div>
   <div class='ocr_carea' id='block_1_99' title="bbox 1048 1925 1838 1964">
    <p class='ocr_par' dir='ltr' id='par_1_99' title="bbox 1048 1925 1838 1964">
     <span class='ocr_line' id='line_1_99' title="bbox 1048 1925 1838 1964; baseline -0.006 -6"><span class='ocrx_word' id='word_1_736' title='bbox 1048 1930 1103 1958; x_wconf 81' lang='grc' dir='ltr'>τῶν</span> <span class='ocrx_word' id='word_1_737' title='bbox 1127 1929 1212 1964; x_wconf 86' lang='grc' dir='ltr'>ἁγίων</span> <span class='ocrx_word' id='word_1_738' title='bbox 1230 1927 1387 1956; x_wconf 82' lang='grc' dir='ltr'>ἀποστόλων</span> <span class='ocrx_word' id='word_1_739' title='bbox 1398 1934 1405 1942; x_wconf 89' lang='grc'>·</span> <span class='ocrx_word' id='word_1_740' title='bbox 1423 1936 1433 1953; x_wconf 77' lang='grc' dir='ltr'><strong>ι</strong></span> <span class='ocrx_word' id='word_1_741' title='bbox 1455 1925 1526 1961; x_wconf 85' lang='grc' dir='ltr'>Ἐγὼ</span> <span class='ocrx_word' id='word_1_742' title='bbox 1536 1927 1690 1962; x_wconf 79' lang='grc' dir='ltr'>ὲστερέωσα</span> <span class='ocrx_word' id='word_1_743' title='bbox 1702 1927 1766 1958; x_wconf 77' lang='grc' dir='ltr'>τοὺς</span> <span class='ocrx_word' id='word_1_744' title='bbox 1780 1926 1838 1953; x_wconf 78' lang='grc' dir='ltr'>στύ-</span> 
     </span>
    </p>
   </div>
   <div class='ocr_carea' id='block_1_100' title="bbox 1049 1971 1838 2010">
    <p class='ocr_par' dir='ltr' id='par_1_100' title="bbox 1049 1971 1838 2010">
     <span class='ocr_line' id='line_1_100' title="bbox 1049 1971 1838 2010; baseline -0.006 -7"><span class='ocrx_word' id='word_1_745' title='bbox 1049 1976 1110 2008; x_wconf 89' lang='grc' dir='ltr'>λους</span> <span class='ocrx_word' id='word_1_746' title='bbox 1120 1975 1216 2010; x_wconf 78' lang='grc' dir='ltr'>αὐτῆς.</span> <span class='ocrx_word' id='word_1_747' title='bbox 1230 1983 1239 1999; x_wconf 72' lang='grc' dir='ltr'><strong>ι</strong></span> <span class='ocrx_word' id='word_1_748' title='bbox 1258 1971 1479 2008; x_wconf 80' lang='grc' dir='ltr'>Ἐστερεώθησαν</span> <span class='ocrx_word' id='word_1_749' title='bbox 1493 1973 1547 2008; x_wconf 83' lang='grc' dir='ltr'>γὰρ</span> <span class='ocrx_word' id='word_1_750' title='bbox 1565 1973 1590 1999; x_wconf 86' lang='grc' dir='ltr'><strong>οί</strong></span> <span class='ocrx_word' id='word_1_751' title='bbox 1604 1972 1653 2007; x_wconf 81' lang='grc' dir='ltr'>τὴν</span> <span class='ocrx_word' id='word_1_752' title='bbox 1664 1972 1716 2007; x_wconf 83' lang='grc' dir='ltr'>γῆν</span> <span class='ocrx_word' id='word_1_753' title='bbox 1728 1972 1838 2008; x_wconf 81' lang='grc' dir='ltr'>ἀνέχον-</span> 
     </span>
    </p>
   </div>
   <div class='ocr_carea' id='block_1_101' title="bbox 1048 2017 1837 2055">
    <p class='ocr_par' dir='ltr' id='par_1_101' title="bbox 1048 2017 1837 2055">
     <span class='ocr_line' id='line_1_101' title="bbox 1048 2017 1837 2055; baseline -0.005 -7"><span class='ocrx_word' id='word_1_754' title='bbox 1048 2030 1094 2053; x_wconf 76' lang='grc' dir='ltr'><strong>τες</strong></span> <span class='ocrx_word' id='word_1_755' title='bbox 1107 2021 1179 2055; x_wconf 76' lang='grc' dir='ltr'>ἆγιοι</span> <span class='ocrx_word' id='word_1_756' title='bbox 1193 2019 1313 2055; x_wconf 78' lang='grc' dir='ltr'>μαθηταὶ</span> <span class='ocrx_word' id='word_1_757' title='bbox 1332 2018 1381 2054; x_wconf 83' lang='grc' dir='ltr'>τὴν</span> <span class='ocrx_word' id='word_1_758' title='bbox 1405 2017 1434 2050; x_wconf 78' lang='grc' dir='ltr'><strong>ἐξ</strong></span> <span class='ocrx_word' id='word_1_759' title='bbox 1448 2017 1530 2053; x_wconf 77' lang='grc' dir='ltr'>ὕψους</span> <span class='ocrx_word' id='word_1_760' title='bbox 1542 2017 1666 2053; x_wconf 80' lang='grc' dir='ltr'>δύναμιν,</span> <span class='ocrx_word' id='word_1_761' title='bbox 1681 2017 1752 2045; x_wconf 78' lang='grc' dir='ltr'>τοῦτ’</span> <span class='ocrx_word' id='word_1_762' title='bbox 1768 2018 1837 2052; x_wconf 71' lang='grc' dir='ltr'>ἐστι,</span> 
     </span>
    </p>
   </div>
   <div class='ocr_carea' id='block_1_102' title="bbox 1049 2064 1837 2104">
    <p class='ocr_par' dir='ltr' id='par_1_102' title="bbox 1049 2064 1837 2104">
     <span class='ocr_line' id='line_1_102' title="bbox 1049 2064 1837 2104; baseline -0.004 -9"><span class='ocrx_word' id='word_1_763' title='bbox 1049 2067 1097 2104; x_wconf 79' lang='grc' dir='ltr'>τὴν</span> <span class='ocrx_word' id='word_1_764' title='bbox 1119 2067 1162 2094; x_wconf 85' lang='grc' dir='ltr'>διὰ</span> <span class='ocrx_word' id='word_1_765' title='bbox 1176 2065 1222 2093; x_wconf 84' lang='grc' dir='ltr'>τοῦ</span> <span class='ocrx_word' id='word_1_766' title='bbox 1241 2065 1318 2099; x_wconf 83' lang='grc' dir='ltr'>ἁγίου</span> <span class='ocrx_word' id='word_1_767' title='bbox 1346 2064 1504 2100; x_wconf 82' lang='grc' dir='ltr'>Πνεύματος</span> <span class='ocrx_word' id='word_1_768' title='bbox 1525 2064 1605 2100; x_wconf 81' lang='grc' dir='ltr'>χάριν</span> <span class='ocrx_word' id='word_1_769' title='bbox 1621 2065 1837 2101; x_wconf 79' lang='grc' dir='ltr'>ἀμφιασάμενοι.</span> 
     </span>
    </p>
   </div>
   <div class='ocr_carea' id='block_1_103' title="bbox 1050 2110 1839 2148">
    <p class='ocr_par' dir='ltr' id='par_1_103' title="bbox 1050 2110 1839 2148">
     <span class='ocr_line' id='line_1_103' title="bbox 1050 2110 1839 2148; baseline -0.004 -7"><span class='ocrx_word' id='word_1_770' title='bbox 1050 2113 1143 2141; x_wconf 85' lang='grc' dir='ltr'>Στύλοι</span> <span class='ocrx_word' id='word_1_771' title='bbox 1155 2112 1182 2138; x_wconf 78' lang='grc' dir='ltr'><strong>δὲ</strong></span> <span class='ocrx_word' id='word_1_772' title='bbox 1193 2110 1262 2148; x_wconf 82' lang='grc' dir='ltr'>ἦσαν</span> <span class='ocrx_word' id='word_1_773' title='bbox 1274 2111 1361 2143; x_wconf 75' lang='grc' dir='ltr'>αὐτοὶ,</span> <span class='ocrx_word' id='word_1_774' title='bbox 1376 2110 1446 2137; x_wconf 79' lang='grc' dir='ltr'>κατὰ</span> <span class='ocrx_word' id='word_1_775' title='bbox 1457 2110 1632 2145; x_wconf 78' lang='grc' dir='ltr'>συμμορφίαν</span> <span class='ocrx_word' id='word_1_776' title='bbox 1649 2111 1699 2146; x_wconf 78' lang='grc' dir='ltr'>τὴν</span> <span class='ocrx_word' id='word_1_777' title='bbox 1711 2110 1751 2143; x_wconf 88' lang='grc' dir='ltr'><strong>ὡς</strong></span> <span class='ocrx_word' id='word_1_778' title='bbox 1770 2112 1839 2147; x_wconf 81' lang='grc' dir='ltr'>πρὸς</span> 
     </span>
    </p>
   </div>
   <div class='ocr_carea' id='block_1_104' title="bbox 1050 2155 1838 2195">
    <p class='ocr_par' dir='ltr' id='par_1_104' title="bbox 1050 2155 1838 2195">
     <span class='ocr_line' id='line_1_104' title="bbox 1050 2155 1838 2195; baseline -0.004 -9"><span class='ocrx_word' id='word_1_779' title='bbox 1050 2158 1176 2195; x_wconf 84' lang='grc' dir='ltr'>Χριστὸν,</span> <span class='ocrx_word' id='word_1_780' title='bbox 1194 2157 1240 2184; x_wconf 77' lang='grc' dir='ltr'><strong>καὶ</strong></span> <span class='ocrx_word' id='word_1_781' title='bbox 1254 2156 1314 2183; x_wconf 83' lang='grc' dir='ltr'>καθ’</span> <span class='ocrx_word' id='word_1_782' title='bbox 1335 2155 1463 2191; x_wconf 79' lang='grc' dir='ltr'>ὁμοίωσιν</span> <span class='ocrx_word' id='word_1_783' title='bbox 1478 2155 1528 2191; x_wconf 80' lang='grc' dir='ltr'>τὴν</span> <span class='ocrx_word' id='word_1_784' title='bbox 1548 2156 1576 2182; x_wconf 74' lang='grc' dir='ltr'>ἐν</span> <span class='ocrx_word' id='word_1_785' title='bbox 1591 2155 1682 2190; x_wconf 82' lang='grc' dir='ltr'>χάριτι</span> <span class='ocrx_word' id='word_1_786' title='bbox 1693 2155 1738 2183; x_wconf 84' lang='grc' dir='ltr'><strong>διὰ</strong></span> <span class='ocrx_word' id='word_1_787' title='bbox 1752 2156 1838 2183; x_wconf 79' lang='grc' dir='ltr'><strong>1]νεὺ-</strong></span> 
     </span>
    </p>
   </div>
   <div class='ocr_carea' id='block_1_105' title="bbox 1055 2198 1840 2240">
    <p class='ocr_par' dir='ltr' id='par_1_105' title="bbox 1055 2198 1840 2240">
     <span class='ocr_line' id='line_1_105' title="bbox 1055 2198 1840 2240; baseline -0.001 -10"><span class='ocrx_word' id='word_1_788' title='bbox 1055 2212 1149 2240; x_wconf 87' lang='grc' dir='ltr'>ματος.</span> <span class='ocrx_word' id='word_1_789' title='bbox 1171 2200 1327 2238; x_wconf 65' lang='grc' dir='ltr'><strong>Ἐκδέξῃςδὴ</strong></span> <span class='ocrx_word' id='word_1_790' title='bbox 1344 2199 1391 2228; x_wconf 86' lang='grc' dir='ltr'>οὖν</span> <span class='ocrx_word' id='word_1_791' title='bbox 1405 2201 1454 2235; x_wconf 84' lang='grc' dir='ltr'><strong>οὐχ</strong></span> <span class='ocrx_word' id='word_1_792' title='bbox 1474 2200 1566 2236; x_wconf 83' lang='grc' dir='ltr'>ἑτέρου</span> <span class='ocrx_word' id='word_1_793' title='bbox 1580 2209 1626 2227; x_wconf 87' lang='grc' dir='ltr'><strong>του</strong></span> <span class='ocrx_word' id='word_1_794' title='bbox 1646 2201 1741 2236; x_wconf 85' lang='grc' dir='ltr'>χάριν,</span> <span class='ocrx_word' id='word_1_795' title='bbox 1763 2201 1780 2237; x_wconf 82' lang='grc' dir='ltr'>ἢ</span> <span class='ocrx_word' id='word_1_796' title='bbox 1803 2198 1840 2229; x_wconf 79' lang='grc' dir='ltr'><strong>ὧν</strong></span> 
     </span>
    </p>
   </div>
   <div class='ocr_carea' id='block_1_106' title="bbox 1054 2246 1839 2286">
    <p class='ocr_par' dir='ltr' id='par_1_106' title="bbox 1054 2246 1839 2286">
     <span class='ocr_line' id='line_1_106' title="bbox 1054 2246 1839 2286; baseline -0.004 -9"><span class='ocrx_word' id='word_1_797' title='bbox 1054 2250 1157 2286; x_wconf 73' lang='grc' dir='ltr'>ἔφαμεν</span> <span class='ocrx_word' id='word_1_798' title='bbox 1175 2249 1285 2284; x_wconf 81' lang='grc' dir='ltr'>ἀρτίως,</span> <span class='ocrx_word' id='word_1_799' title='bbox 1308 2247 1404 2274; x_wconf 83' lang='grc' dir='ltr'>στύλον</span> <span class='ocrx_word' id='word_1_800' title='bbox 1429 2247 1494 2282; x_wconf 79' lang='grc' dir='ltr'>ἡμῖν</span> <span class='ocrx_word' id='word_1_801' title='bbox 1523 2246 1679 2281; x_wconf 83' lang='grc' dir='ltr'>ὠνομάσθαι</span> <span class='ocrx_word' id='word_1_802' title='bbox 1704 2247 1839 2283; x_wconf 70' lang='grc' dir='ltr'><strong>Χριστόν⁸</strong></span> 
     </span>
    </p>
   </div>
   <div class='ocr_carea' id='block_1_107' title="bbox 1055 2291 1840 2331">
    <p class='ocr_par' dir='ltr' id='par_1_107' title="bbox 1055 2291 1840 2331">
     <span class='ocr_line' id='line_1_107' title="bbox 1055 2291 1840 2331; baseline -0.004 -8"><span class='ocrx_word' id='word_1_803' title='bbox 1055 2295 1199 2331; x_wconf 80' lang='grc' dir='ltr'>χαθηγεῖτό</span> <span class='ocrx_word' id='word_1_804' title='bbox 1212 2302 1244 2328; x_wconf 89' lang='grc' dir='ltr'><strong>γε</strong></span> <span class='ocrx_word' id='word_1_805' title='bbox 1259 2293 1312 2329; x_wconf 87' lang='grc' dir='ltr'>μὴν</span> <span class='ocrx_word' id='word_1_806' title='bbox 1328 2292 1434 2328; x_wconf 81' lang='grc' dir='ltr'>ἡμέρας</span> <span class='ocrx_word' id='word_1_807' title='bbox 1449 2291 1498 2328; x_wconf 83' lang='grc' dir='ltr'>μὲν</span> <span class='ocrx_word' id='word_1_808' title='bbox 1510 2291 1604 2327; x_wconf 75' lang='grc' dir='ltr'>οὔσης,</span> <span class='ocrx_word' id='word_1_809' title='bbox 1618 2293 1647 2318; x_wconf 82' lang='grc' dir='ltr'>ὲν</span> <span class='ocrx_word' id='word_1_810' title='bbox 1660 2292 1749 2328; x_wconf 85' lang='grc' dir='ltr'>στύλῳ</span> <span class='ocrx_word' id='word_1_811' title='bbox 1762 2293 1840 2328; x_wconf 78' lang='grc' dir='ltr'>νεφέ-</span> 
     </span>
    </p>
   </div>
   <div class='ocr_carea' id='block_1_108' title="bbox 1055 2338 1838 2378">
    <p class='ocr_par' dir='ltr' id='par_1_108' title="bbox 1055 2338 1838 2378">
     <span class='ocr_line' id='line_1_108' title="bbox 1055 2338 1838 2378; baseline -0.001 -11"><span class='ocrx_word' id='word_1_812' title='bbox 1055 2343 1104 2378; x_wconf 82' lang='grc' dir='ltr'><strong>λης</strong></span> <span class='ocrx_word' id='word_1_813' title='bbox 1115 2363 1122 2375; x_wconf 84' lang='lat'><strong>,</strong></span> <span class='ocrx_word' id='word_1_814' title='bbox 1135 2341 1184 2376; x_wconf 81' lang='grc' dir='ltr'>τὴν</span> <span class='ocrx_word' id='word_1_815' title='bbox 1208 2340 1237 2367; x_wconf 85' lang='grc' dir='ltr'><strong>δὲ</strong></span> <span class='ocrx_word' id='word_1_816' title='bbox 1252 2339 1349 2372; x_wconf 79' lang='grc' dir='ltr'>νύκτα,</span> <span class='ocrx_word' id='word_1_817' title='bbox 1367 2339 1460 2374; x_wconf 65' lang='grc' dir='ltr'>φησιν,</span> <span class='ocrx_word' id='word_1_818' title='bbox 1477 2339 1507 2365; x_wconf 80' lang='grc' dir='ltr'>ὲν</span> <span class='ocrx_word' id='word_1_819' title='bbox 1524 2338 1613 2373; x_wconf 87' lang='grc' dir='ltr'>στύλῳ</span> <span class='ocrx_word' id='word_1_820' title='bbox 1629 2338 1726 2374; x_wconf 76' lang='grc' dir='ltr'>πυρὸς,</span> <span class='ocrx_word' id='word_1_821' title='bbox 1753 2339 1838 2372; x_wconf 82' lang='grc' dir='ltr'>δεῖξαι</span> 
     </span>
    </p>
   </div>
   <div class='ocr_carea' id='block_1_109' title="bbox 1055 2383 1840 2421">
    <p class='ocr_par' dir='ltr' id='par_1_109' title="bbox 1055 2383 1840 2421">
     <span class='ocr_line' id='line_1_109' title="bbox 1055 2383 1840 2421; baseline -0.005 -7"><span class='ocrx_word' id='word_1_822' title='bbox 1055 2388 1145 2419; x_wconf 82' lang='grc' dir='ltr'>αὐτοῖς</span> <span class='ocrx_word' id='word_1_823' title='bbox 1160 2387 1210 2421; x_wconf 85' lang='grc' dir='ltr'><strong>τὴν</strong></span> <span class='ocrx_word' id='word_1_824' title='bbox 1225 2385 1296 2412; x_wconf 82' lang='grc' dir='ltr'><strong>ὀδόν.</strong></span> <span class='ocrx_word' id='word_1_825' title='bbox 1313 2384 1406 2411; x_wconf 86' lang='grc' dir='ltr'>Νύκτα</span> <span class='ocrx_word' id='word_1_826' title='bbox 1423 2384 1472 2419; x_wconf 79' lang='grc' dir='ltr'>μὲν</span> <span class='ocrx_word' id='word_1_827' title='bbox 1493 2383 1636 2418; x_wconf 77' lang='grc' dir='ltr'>ὀνομάζειν</span> <span class='ocrx_word' id='word_1_828' title='bbox 1657 2383 1717 2415; x_wconf 68' lang='grc' dir='ltr'>ἔθος</span> <span class='ocrx_word' id='word_1_829' title='bbox 1731 2385 1764 2420; x_wconf 75' lang='grc' dir='ltr'>τῇ</span> <span class='ocrx_word' id='word_1_830' title='bbox 1779 2384 1840 2420; x_wconf 72' lang='grc' dir='ltr'>θείᾳ</span> 
     </span>
    </p>
   </div>
   <div class='ocr_carea' id='block_1_110' title="bbox 1054 2429 1839 2469">
    <p class='ocr_par' dir='ltr' id='par_1_110' title="bbox 1054 2429 1839 2469">
     <span class='ocr_line' id='line_1_110' title="bbox 1054 2429 1839 2469; baseline -0.005 -8"><span class='ocrx_word' id='word_1_831' title='bbox 1054 2434 1160 2469; x_wconf 82' lang='grc' dir='ltr'>Γραφῇ.</span> <span class='ocrx_word' id='word_1_832' title='bbox 1177 2432 1222 2458; x_wconf 78' lang='grc' dir='ltr'>τὸν</span> <span class='ocrx_word' id='word_1_833' title='bbox 1244 2431 1297 2466; x_wconf 78' lang='grc' dir='ltr'>πρὸ</span> <span class='ocrx_word' id='word_1_834' title='bbox 1319 2430 1369 2466; x_wconf 87' lang='grc' dir='ltr'>τῆς</span> <span class='ocrx_word' id='word_1_835' title='bbox 1384 2429 1531 2466; x_wconf 67' lang='grc' dir='ltr'>ἐπιδημίας</span> <span class='ocrx_word' id='word_1_836' title='bbox 1546 2430 1651 2466; x_wconf 81' lang='grc' dir='ltr'>καιρὸν,</span> <span class='ocrx_word' id='word_1_837' title='bbox 1669 2430 1731 2457; x_wconf 75' lang='grc' dir='ltr'>καθ’</span> <span class='ocrx_word' id='word_1_838' title='bbox 1754 2431 1785 2457; x_wconf 82' lang='grc' dir='ltr'>ὃν</span> <span class='ocrx_word' id='word_1_839' title='bbox 1801 2431 1839 2457; x_wconf 70' lang='grc' dir='ltr'>ἔτι</span> 
     </span>
    </p>
   </div>
   <div class='ocr_carea' id='block_1_111' title="bbox 1054 2476 1840 2516">
    <p class='ocr_par' dir='ltr' id='par_1_111' title="bbox 1054 2476 1840 2516">
     <span class='ocr_line' id='line_1_111' title="bbox 1054 2476 1840 2516; baseline -0.005 -9"><span class='ocrx_word' id='word_1_840' title='bbox 1054 2479 1245 2516; x_wconf 81' lang='grc' dir='ltr'>τυραννοῦντος</span> <span class='ocrx_word' id='word_1_841' title='bbox 1270 2476 1316 2504; x_wconf 76' lang='grc' dir='ltr'>τοῦ</span> <span class='ocrx_word' id='word_1_842' title='bbox 1338 2477 1454 2509; x_wconf 80' lang='grc' dir='ltr'>Σατανᾶ,</span> <span class='ocrx_word' id='word_1_843' title='bbox 1483 2477 1646 2513; x_wconf 83' lang='grc' dir='ltr'>κατεκράτει</span> <span class='ocrx_word' id='word_1_844' title='bbox 1660 2477 1716 2503; x_wconf 84' lang='grc' dir='ltr'><strong>τῶν</strong></span> <span class='ocrx_word' id='word_1_845' title='bbox 1729 2477 1778 2504; x_wconf 81' lang='grc' dir='ltr'><strong>ἐπὶ</strong></span> <span class='ocrx_word' id='word_1_846' title='bbox 1792 2478 1840 2513; x_wconf 76' lang='grc' dir='ltr'>τῆς</span> 
     </span>
    </p>
   </div>
   <div class='ocr_carea' id='block_1_112' title="bbox 1055 2521 1839 2561">
    <p class='ocr_par' dir='ltr' id='par_1_112' title="bbox 1055 2521 1839 2561">
     <span class='ocr_line' id='line_1_112' title="bbox 1055 2521 1839 2561; baseline -0.001 -10"><span class='ocrx_word' id='word_1_847' title='bbox 1055 2526 1106 2561; x_wconf 83' lang='grc' dir='ltr'><strong>γῆς</strong></span> <span class='ocrx_word' id='word_1_848' title='bbox 1117 2525 1165 2560; x_wconf 81' lang='grc' dir='ltr'>τῆς</span> <span class='ocrx_word' id='word_1_849' title='bbox 1181 2523 1318 2559; x_wconf 77' lang='grc' dir='ltr'>ἀγνωσίας</span> <span class='ocrx_word' id='word_1_850' title='bbox 1333 2524 1348 2549; x_wconf 87' lang='lat'><strong>6</strong></span> <span class='ocrx_word' id='word_1_851' title='bbox 1367 2521 1462 2553; x_wconf 79' lang='grc' dir='ltr'>σκότος</span> <span class='ocrx_word' id='word_1_852' title='bbox 1473 2531 1481 2539; x_wconf 88' lang='grc'><strong>·</strong></span> <span class='ocrx_word' id='word_1_853' title='bbox 1496 2522 1601 2558; x_wconf 65' lang='grc' dir='ltr'>ἡμέραν</span> <span class='ocrx_word' id='word_1_854' title='bbox 1617 2523 1645 2550; x_wconf 72' lang='grc' dir='ltr'><strong>δὲ</strong></span> <span class='ocrx_word' id='word_1_855' title='bbox 1669 2521 1714 2554; x_wconf 82' lang='grc' dir='ltr'><strong>αὖ.</strong></span> <span class='ocrx_word' id='word_1_856' title='bbox 1728 2523 1779 2559; x_wconf 83' lang='grc' dir='ltr'>τῆς</span> <span class='ocrx_word' id='word_1_857' title='bbox 1793 2523 1839 2550; x_wconf 80' lang='grc' dir='ltr'>τοῦ</span> 
     </span>
    </p>
   </div>
   <div class='ocr_carea' id='block_1_113' title="bbox 1057 2567 1840 2605">
    <p class='ocr_par' dir='ltr' id='par_1_113' title="bbox 1057 2567 1840 2605">
     <span class='ocr_line' id='line_1_113' title="bbox 1057 2567 1840 2605; baseline -0.003 -8"><span class='ocrx_word' id='word_1_858' title='bbox 1057 2570 1182 2605; x_wconf 78' lang='grc' dir='ltr'>Σωτῆρος</span> <span class='ocrx_word' id='word_1_859' title='bbox 1194 2568 1273 2604; x_wconf 79' lang='grc' dir='ltr'>ἡμῶν</span> <span class='ocrx_word' id='word_1_860' title='bbox 1285 2567 1433 2603; x_wconf 76' lang='grc' dir='ltr'>ἐπιδημίας</span> <span class='ocrx_word' id='word_1_861' title='bbox 1445 2567 1491 2604; x_wconf 80' lang='grc' dir='ltr'>τὸν</span> <span class='ocrx_word' id='word_1_862' title='bbox 1506 2567 1612 2602; x_wconf 81' lang='grc' dir='ltr'>χρόνον,</span> <span class='ocrx_word' id='word_1_863' title='bbox 1625 2567 1687 2594; x_wconf 77' lang='grc' dir='ltr'>καθ’</span> <span class='ocrx_word' id='word_1_864' title='bbox 1704 2567 1734 2595; x_wconf 80' lang='lat' dir='ltr'><em>6v</em></span> <span class='ocrx_word' id='word_1_865' title='bbox 1750 2576 1840 2602; x_wconf 79' lang='grc' dir='ltr'>πεφω-</span> 
     </span>
    </p>
   </div>
   <div class='ocr_carea' id='block_1_114' title="bbox 1057 2612 1840 2650">
    <p class='ocr_par' dir='ltr' id='par_1_114' title="bbox 1057 2612 1840 2650">
     <span class='ocr_line' id='line_1_114' title="bbox 1057 2612 1840 2650; baseline -0.003 -8"><span class='ocrx_word' id='word_1_866' title='bbox 1057 2615 1189 2650; x_wconf 82' lang='grc' dir='ltr'>τίσμεθα.</span> <span class='ocrx_word' id='word_1_867' title='bbox 1210 2614 1259 2646; x_wconf 80' lang='grc' dir='ltr'>τὰς</span> <span class='ocrx_word' id='word_1_868' title='bbox 1277 2614 1327 2649; x_wconf 80' lang='grc' dir='ltr'>τῆς</span> <span class='ocrx_word' id='word_1_869' title='bbox 1344 2612 1461 2648; x_wconf 79' lang='grc' dir='ltr'>ἀληθοῦς</span> <span class='ocrx_word' id='word_1_870' title='bbox 1485 2613 1649 2648; x_wconf 85' lang='grc' dir='ltr'>θεογνωσίας</span> <span class='ocrx_word' id='word_1_871' title='bbox 1673 2613 1762 2648; x_wconf 84' lang='grc' dir='ltr'>αὐγὰς</span> <span class='ocrx_word' id='word_1_872' title='bbox 1785 2614 1840 2640; x_wconf 76' lang='lat' dir='ltr'><strong>elc-</strong></span> 
     </span>
    </p>
   </div>
   <div class='ocr_carea' id='block_1_115' title="bbox 1058 2658 1840 2696">
    <p class='ocr_par' dir='ltr' id='par_1_115' title="bbox 1058 2658 1840 2696">
     <span class='ocr_line' id='line_1_115' title="bbox 1058 2658 1840 2696; baseline 0 -9"><span class='ocrx_word' id='word_1_873' title='bbox 1058 2660 1197 2695; x_wconf 78' lang='grc' dir='ltr'>δεξάμενοι</span> <span class='ocrx_word' id='word_1_874' title='bbox 1209 2659 1280 2686; x_wconf 76' lang='grc' dir='ltr'>κατὰ</span> <span class='ocrx_word' id='word_1_875' title='bbox 1299 2658 1372 2692; x_wconf 83' lang='grc' dir='ltr'>νοῦν,</span> <span class='ocrx_word' id='word_1_876' title='bbox 1387 2659 1433 2686; x_wconf 78' lang='grc' dir='ltr'><strong>καὶ</strong></span> <span class='ocrx_word' id='word_1_877' title='bbox 1450 2659 1496 2685; x_wconf 67' lang='grc' dir='ltr'><strong>τὸν</strong></span> <span class='ocrx_word' id='word_1_878' title='bbox 1511 2659 1559 2694; x_wconf 87' lang='grc' dir='ltr'>τῆς</span> <span class='ocrx_word' id='word_1_879' title='bbox 1572 2659 1745 2695; x_wconf 82' lang='grc' dir='ltr'>δικαιοσύνης</span> <span class='ocrx_word' id='word_1_880' title='bbox 1768 2661 1840 2696; x_wconf 74' lang='grc' dir='ltr'>ἥλιον</span> 
     </span>
    </p>
   </div>
   <div class='ocr_carea' id='block_1_116' title="bbox 1057 2704 1840 2741">
    <p class='ocr_par' dir='ltr' id='par_1_116' title="bbox 1057 2704 1840 2741">
     <span class='ocr_line' id='line_1_116' title="bbox 1057 2704 1840 2741; baseline -0.001 -8"><span class='ocrx_word' id='word_1_881' title='bbox 1057 2708 1114 2737; x_wconf 85' lang='grc' dir='ltr'>τοῖς</span> <span class='ocrx_word' id='word_1_882' title='bbox 1127 2706 1177 2740; x_wconf 81' lang='grc' dir='ltr'>τῆς</span> <span class='ocrx_word' id='word_1_883' title='bbox 1191 2705 1303 2741; x_wconf 86' lang='grc' dir='ltr'>καρδίας</span> <span class='ocrx_word' id='word_1_884' title='bbox 1317 2704 1420 2740; x_wconf 70' lang='grc' dir='ltr'>ὄμμασι</span> <span class='ocrx_word' id='word_1_885' title='bbox 1436 2704 1593 2739; x_wconf 83' lang='grc' dir='ltr'>βλέποντες·</span> <span class='ocrx_word' id='word_1_886' title='bbox 1609 2705 1655 2732; x_wconf 77' lang='grc' dir='ltr'><strong>καὶ</strong></span> <span class='ocrx_word' id='word_1_887' title='bbox 1671 2707 1840 2741; x_wconf 78' lang='grc' dir='ltr'>μαρτυρήσει</span> 
     </span>
    </p>
   </div>
   <div class='ocr_carea' id='block_1_117' title="bbox 1059 2750 1841 2788">
    <p class='ocr_par' dir='ltr' id='par_1_117' title="bbox 1059 2750 1841 2788">
     <span class='ocr_line' id='line_1_117' title="bbox 1059 2750 1841 2788; baseline -0.001 -9"><span class='ocrx_word' id='word_1_888' title='bbox 1059 2753 1145 2787; x_wconf 83' lang='grc' dir='ltr'>λέγων</span> <span class='ocrx_word' id='word_1_889' title='bbox 1159 2752 1173 2778; x_wconf 84' lang='lat'><strong>6</strong></span> <span class='ocrx_word' id='word_1_890' title='bbox 1186 2751 1291 2783; x_wconf 79' lang='grc' dir='ltr'>Παῦλος</span> <span class='ocrx_word' id='word_1_891' title='bbox 1308 2751 1371 2786; x_wconf 80' lang='grc' dir='ltr'>περὶ</span> <span class='ocrx_word' id='word_1_892' title='bbox 1384 2750 1430 2777; x_wconf 80' lang='grc' dir='ltr'>τοῦ</span> <span class='ocrx_word' id='word_1_893' title='bbox 1443 2751 1538 2786; x_wconf 85' lang='grc' dir='ltr'>χρόνου</span> <span class='ocrx_word' id='word_1_894' title='bbox 1551 2751 1598 2778; x_wconf 80' lang='grc' dir='ltr'>τοῦ</span> <span class='ocrx_word' id='word_1_895' title='bbox 1616 2751 1668 2787; x_wconf 81' lang='grc' dir='ltr'>πρὸ</span> <span class='ocrx_word' id='word_1_896' title='bbox 1683 2752 1733 2787; x_wconf 85' lang='grc' dir='ltr'>τῆς</span> <span class='ocrx_word' id='word_1_897' title='bbox 1750 2752 1841 2788; x_wconf 73' lang='grc' dir='ltr'>ἐπιδη-</span> 
     </span>
    </p>
   </div>
   <div class='ocr_carea' id='block_1_118' title="bbox 1244 2809 1840 2843">
    <p class='ocr_par' dir='ltr' id='par_1_118' title="bbox 1244 2809 1840 2843">
     <span class='ocr_line' id='line_1_118' title="bbox 1244 2809 1840 2843; baseline 0.003 -6"><span class='ocrx_word' id='word_1_898' title='bbox 1244 2811 1266 2827; x_wconf 82' lang='grc'><strong>⁷¹</strong></span> <span class='ocrx_word' id='word_1_899' title='bbox 1298 2809 1368 2837; x_wconf 83' lang='lat' dir='ltr'><strong>Psal.</strong></span> <span class='ocrx_word' id='word_1_900' title='bbox 1397 2817 1466 2841; x_wconf 76' lang='lat' dir='ltr'><strong>xm,</strong></span> <span class='ocrx_word' id='word_1_901' title='bbox 1487 2809 1529 2837; x_wconf 86' lang='grc'><strong>10.</strong></span> <span class='ocrx_word' id='word_1_902' title='bbox 1587 2809 1610 2825; x_wconf 88' lang='grc'>⁷³</span> <span class='ocrx_word' id='word_1_903' title='bbox 1625 2809 1695 2837; x_wconf 80' lang='lat' dir='ltr'><strong>Psal.</strong></span> <span class='ocrx_word' id='word_1_904' title='bbox 1711 2817 1799 2843; x_wconf 75' lang='lat' dir='ltr'><strong>mw,</strong></span> <span class='ocrx_word' id='word_1_905' title='bbox 1815 2809 1840 2839; x_wconf 76' lang='grc'><strong>6.</strong></span> 
     </span>
    </p>
   </div>
  </div>
