1924 3043
88 147 139 174 269

467 150 510 176 DE
530 149 750 177 ADORATIONE
772 150 804 177 IN
826 150 960 178 SI’IIIITU
982 153 1024 179 ΕΤ
1044 153 1227 182 VERITATE.
1243 155 1305 183 [ΠΒ.
1327 157 1371 184 III.

1673 163 1725 190 27C)

91 207 153 242 μίας
181 206 231 232 καὶ
245 206 295 232 τοῦ
317 207 376 233 κατ’
392 207 490 242 αὑτήν·
508 216 516 232 ι
538 207 571 233 'II
583 207 631 239 νὺξ
648 206 809 242 προέκοψεν,
826 207 842 242 ἡ
858 207 879 233 ὁέ

939 215 1018 241 mur;
1033 209 1106 243 quod
1133 209 1234 237 Paulus
1263 215 1388 246 testatur,
1411 213 1456 240 ubi
1483 214 1516 241 de
1530 219 1650 251 tempore
1668 222 1724 245 tum

89 252 179 287 ἡμέρα
194 252 312 286 ἤγγικεν
325 260 331 266 ·
347 251 513 287 ἀποθώμεθα
523 250 568 279 οὖν
578 253 612 279 τὰ
622 252 691 288 ἔργα
701 252 748 279 τοῦ
760 253 882 285 σκότους,

91 298 136 324 καὶ
162 297 342 332 ἐνδυσώμεθα
361 297 396 324 τὰ
418 297 488 324 ὃπλα
503 297 549 324 τοῦ
573 298 672 332 φωτὸς,
697 298 735 330 ὡς
749 299 778 324 ὲν
793 298 884 335 ἡμέρᾳ

90 343 270 378 εὐσχημόνως
286 343 529 378 περιπατήσωμεν.
548 352 557 368 ι
575 343 730 379 Νοουμένου
742 343 885 380 τοιγαροῦν

90 389 130 421 εἰς
153 389 243 416 νύκτα
262 389 310 415 τοῦ
331 389 414 416 πάλαι
434 388 543 424 καιροῦ,
559 390 599 420 εἰς
622 388 729 424 ἡμέραν
745 388 773 414 δὲ
791 387 824 416 αὖ
838 389 885 415 τοῦ

91 435 149 462 καθ’
170 435 202 461 ὃν
226 435 339 469 γέγονεν
356 435 498 470 ἄνθρωπος
525 434 715 469 ὀΜονογενὴς.
730 434 820 469 φαμὲν
844 434 885 461 ὅτι

89 483 239 516 προηγεῖτο
255 481 305 516 μὲν
326 481 381 508 τῶν
395 481 425 514 ἐξ
444 480 552 517 Ἰσραὴλ
567 482 595 507 ὲν
613 480 677 507 εῖδει
691 480 786 515 πυρὸς,
800 480 837 512 ὡς
849 481 879 506 ὲν

87 527 126 562 τῷ
151 527 347 563 κατακρίνοντι
365 535 394 554 τε
414 527 461 554 καὶ
477 526 616 558 κολάζοντι
635 525 709 561 νόμῳ
733 526 880 561 (κολάσεως

88 573 141 608 γὰρ
155 574 272 608 σημεῖον
286 572 317 598 τὺ
328 572 394 607 πῦρ)
404 580 411 587 ·
424 572 503 607 ἡμῶν
514 571 542 598 δὲ
554 572 581 598 ὲν
592 571 657 598 εἴδει
670 570 794 606 νεφέλης,
803 570 840 602 ὼς
851 572 879 598 ὲν

87 617 165 652 τύπῳ
187 617 236 644 τοῦ
260 617 338 650 ἁγίου
355 616 550 652 ’βαπτίσματος
577 616 623 642 καὶ
646 617 697 651 τῆς
718 615 751 642 δι’
783 615 879 648 ὕδατος

81 660 240 715 ἰσωτηρὶας.
258 663 294 689 ’Ἠ
303 663 351 710 οζῦχ
363 662 434 698 ὕδωρ
478 661 575 697 νεφέλη
587 671 594 695 ;

938 253 1012 287 quod
1036 257 1100 282 ante
1120 255 1284 290 adventum,
1304 261 1361 285 tum
1384 260 1457 294 quod
1478 260 1505 287 'ru
1525 261 1585 296 ipso
1607 263 1724 292 adventu

941 299 1002 331 fuit,
1016 300 1157 334 loquitur:
1174 311 1183 326 ι
1198 302 1255 329 Nox
1269 307 1419 338 praecessit,
1432 306 1490 333 dies
1518 312 1610 335 autem
1625 316 1725 345 appro-

938 345 1098 380 pinquavit:
1112 347 1272 382 abjiciamus
1297 357 1363 386 ergo
1391 359 1475 386 opera
1498 353 1684 388 tenebrarum,
1698 361 1726 383 et

939 392 1087 420 induamur
1099 401 1175 421 arma
1188 394 1258 422 lucis
1269 415 1275 426 ,
1296 396 1336 423 sic
1348 401 1379 424 ut
1393 397 1420 424 in
1434 397 1478 425 die
1500 399 1615 428 honeste
1630 402 1726 429 ambu-

938 437 1026 465 lemus
1036 438 1070 465 ⁷⁸.
1088 448 1097 464 ι
1115 439 1218 474 Itaque,
1234 447 1295 467 cum
1309 446 1415 477 tempus
1428 443 1493 472 illud
1507 448 1588 473 vetus
1604 446 1631 473 in
1645 452 1724 476 nocte

929 483 1115 518 ponatur,85
1124 492 1272 520 rursusque
1285 486 1351 513 illud
1361 487 1487 522 alterum,
1498 498 1551 524 quo
1564 491 1610 519 Dei
1623 492 1724 529 Unige-

918 528 1004 556 initus
1015 534 1058 557 cst
1074 530 1156 558 homo
1171 531 1268 564 factus,
1280 532 1307 558 in
1320 533 1364 560 die
1386 540 1556 570 numeretur,
1578 539 1726 566 asscrimus

929 574 1005 602 illum
1012 575 1142 603 Israelitis
1155 577 1265 612 quidem
1275 578 1344 613 ignis
1353 579 1443 614 specie
1454 585 1581 616 tanquam
1594 585 1724 612 condem-

929 624 1012 647 nante
1023 629 1055 648 ac
1066 622 1196 656 puniente
1207 623 1265 658 lege
1275 623 1327 659 (est
1335 625 1406 652 enim
1418 626 1487 661 ignis
1499 635 1585 662 poena:
1594 629 1711 667 signum)

1717 640 1724 665 ἱ

930 664 1010 692 nobis
1021 673 1088 693 vero
1101 667 1182 694 nubis
1196 668 1287 703 specie
1297 672 1427 704 tanquam
1440 671 1467 698 in
1477 671 1563 706 ﬁgura
1573 664 1660 701 sancti
1675 664 1724 702 ba—

87 710 242 744 ptismatis,
257 702 410 744 salutisque
430 709 504 737 illius
522 717 604 744 quam
616 716 665 744 per
683 717 782 744 aquam
804 711 1009 746 consequimur,
1027 720 1056 741 se
1069 714 1166 742 ducem
1177 716 1336 750 praebuisse.
1349 717 1391 745 An
1411 718 1499 746 nubes
1514 727 1569 747 non
1585 728 1655 756 aqua
1667 725 1726 751 est?

124 757 234 783 IIAAA.
250 756 313 788 Πῶς
324 756 379 791 γὰρ
393 755 440 789 ob;

123 803 209 829 ΚΥΡ.
233 802 486 838 Ἐκπεφοιτηκότων
502 802 530 830 δὲ
543 803 593 838 τῆς
605 803 763 836 Αἰγυπτίων
781 803 835 829 τῶν
851 803 881 835 ἐξ

969 760 1071 788 PALL.
1092 762 1218 796 Quidni?

968 805 1047 832 CYR.
1074 807 1206 836 Israelitis
1226 808 1311 844 igitur
1333 818 1367 838 ex
1394 811 1583 848 Egyptiorum
1616 815 1725 851 regione

94 849 215 884 Ἰσραὴλ,
233 848 376 890 ἀνεκαίετο
391 849 460 884 πρὸς
474 848 559 884 ὀργὰς
575 849 589 874 ὁ
603 848 689 875 πάλαι
703 849 879 882 πλεονεκτῶν,

936 851 1075 885 profectis,
1092 861 1224 882 accensus
1239 860 1281 883 est
1299 856 1339 884 ira
1360 861 1440 885 vetus
1461 858 1506 886 ille
1530 859 1726 890 dominationis

88 894 160 921 τοῦτ’
174 894 248 921 ἑστιν
261 894 395 930 ὀΦαραὼ,
406 895 453 921 καὶ
464 893 571 921 διώκειν
584 894 730 930 ἐπεχείρει.
743 903 753 920 ‹
773 894 886 928 Ἔζευξε

88 939 143 976 γὰρ
157 949 182 972 ι,
197 941 282 975 φησὶ.
299 949 309 966 ‹
321 940 356 966 τὰ.
370 941 481 976 ἅρματα
497 939 579 967 αὑτοῦ
592 940 640 967 καὶ
655 940 744 967 πάντα
757 941 804 968 τὸν
821 941 886 968 λαδν

91 985 292 1019 συναπενέγκαι
300 985 358 1021 μεθ’
366 985 473 1018 ἑαυτοῦ,
484 986 531 1012 καὶ
541 985 630 1014 λαϐὼν
636 985 766 1018 ἑξακόσια
774 987 808 1023 ἄρ
812 995 886 1021 ματα

89 1030 209 1057 ἐκλεκτὰ
219 1050 227 1062 ,
243 1031 291 1057 καὶ
307 1031 397 1058 πᾶσαν
410 1030 460 1066 τὴν
475 1031 558 1058 ἵππον
575 1031 631 1058 τῶν
645 1032 817 1066 Αἰγυπτίων,
835 1031 884 1059 καὶ

88 1076 239 1111 τριστάτας
265 1077 311 1104 ἐπὶ
333 1077 451 1104 πάντων.
485 1086 494 1102 ι
517 1078 571 1104 Καὶ
597 1078 657 1112 μεθ’
684 1078 766 1113 ἕτερα
791 1078 882 1105 πάλιν·

92 1131 102 1147 ι
126 1121 342 1157 ’Δναὸλέψαντές
361 1123 390 1149 δὲ
410 1123 435 1149 οξ
456 1123 509 1150 υἱοὶ
532 1123 639 1158 Ἰσραὴλ
659 1125 715 1156 τοῖς
734 1123 883 1159 ὀφθαλμοῖς

88 1168 202 1204 ὁρῶσιν,
214 1169 261 1196 καὶ
275 1169 330 1196 ίδοὺ
340 1169 364 1196 οἱ
376 1169 518 1204 Αἰγύπτιοι
533 1169 782 1204 ἐστρατοπέδευσαν
796 1169 882 1197 ὀπίσω

88 1214 191 1246 αὐτῶν,
216 1215 264 1241 καὶ
284 1214 457 1250 ἐφοϐήθησαν
477 1214 590 1250 σφόδρα.
623 1215 785 1250 ’Δνεὸόησαν
802 1215 830 1241 δὲ
856 1216 880 1242 οἱ

90 1260 143 1287 υἱοὶ
164 1260 273 1296 Ἰσραὴλ
287 1261 356 1296 πρὸς
366 1260 480 1296 Κύριον,
499 1261 546 1288 καὶ
559 1261 742 1296 κατεφέροντο
756 1261 803 1288 τοῦ
820 1263 882 1288 Μως

95 1307 167 1338 σέως
191 1307 342 1341 ἀναφανδὸν
366 1307 499 1342 λέγοντεςσ
528 1307 607 1342 Παρὰ
632 1307 662 1334 τὸ
687 1307 724 1343 μὴ
748 1307 880 1343 ὑπάρχειν

93 1354 226 1389 μνήματα
239 1354 268 1380 ὲν
285 1355 321 1389 γῇ
337 1353 476 1388 Αἰγύπτῳ,
492 1353 626 1389 ἐξήγαγες
640 1354 713 1389 ἡμᾶς
727 1354 879 1381 θανατῶσαι

90 1401 119 1426 ἐν
142 1401 176 1435 τῇ
193 1400 309 1436 ἐρήμῳ;
330 1400 356 1426 τί
379 1400 458 1427 τοῦτο
493 1400 624 1435 ἐποίησας
645 1401 710 1435 ἡμῖν
737 1399 877 1434 ἐξαγαγὼν

91 1446 167 1481 ἡμᾶς
191 1446 222 1479 ἐξ
243 1445 400 1480 Δίγὺπτους
434 1447 470 1473 Οὐ
484 1446 561 1473 τοῦτο
577 1445 610 1482 ἦν
621 1446 652 1473 τὸ
666 1446 740 1482 ρἦα
752 1446 766 1472 ὃ
781 1446 877 1482 ἐλαλή-

90 1499 180 1526 σαμεν
196 1491 264 1527 πρὸς
287 1491 316 1517 σὲ
332 1492 360 1518 ὲν
377 1492 521 1527 Αἰγύπτῳ,
538 1491 674 1525 λέγοντες·
699 1491 788 1526 Πάρες
804 1492 877 1526 ἡμᾶς

90 1537 167 1568 ὅπως
178 1537 366 1573 δουλεύσωμεν
391 1538 566 1572 Αἰγυπτίοις;
586 1533 717 1572 Κρεϊσσον
734 1537 788 1572 γὰρ
803 1537 878 1572 ἡμᾶς

89 1582 229 1610 δουλεύειν
257 1583 426 1616 Αἰγυπτίοις,
453 1583 470 1618 ἢ
500 1583 645 1610 ἀποθανεῖν
665 1583 694 1609 ὲν
718 1584 751 1618 τῇ
783 1583 878 1618 ἐρήμῳ

90 1629 190 1664 ταύτῃ.
211 1639 220 1655 ι
235 1629 307 1665 Πρὸς
321 1628 355 1655 τὰ
368 1629 458 1655 τοιάδε
482 1628 595 1663 Μωσῆς·
614 1637 623 1654 ι
642 1627 783 1664 Θαρσεῖτε,
800 1629 876 1664 φησὶ,

91 1675 174 1709 στῆτε
191 1675 238 1701 καί
252 1675 333 1709 ὁρᾶτε
343 1674 391 1710 τὴν
407 1673 542 1709 σωτηρίαν
556 1673 605 1709 τὴν
621 1674 697 1709 παρὰ
711 1673 758 1700 τοῦ
775 1674 877 1710 Κυρίου

90 1719 124 1755 ἣν
141 1719 252 1755 ποιήσει
266 1720 332 1754 ἡμῖν
346 1719 475 1754 σήμερον.
496 1719 544 1744 Ὃν
560 1718 659 1754 τρόπον
671 1718 724 1754 γὰρ
739 1719 878 1754 ἑωράκατε

89 1765 257 1800 Αἰγυπτίους
269 1765 399 1800 σήμερον,
416 1764 446 1790 οὐ
459 1763 644 1799 προσθήσεσθε
657 1763 697 1790 ἔτι
709 1764 772 1790 ἰδεῖν
781 1764 879 1795 αὐτοὺς

90 1811 131 1843 εἰς
145 1811 192 1838 τὸν
208 1811 293 1838 αἰῶνα
306 1810 410 1846 χρόνον.
423 1810 525 1846 Κύριος
539 1810 686 1846 πολεμήσει
703 1811 773 1846 ὑπὲρ
790 1811 878 1846 ήμῶν,

90 1859 139 1885 καὶ
153 1858 233 1892 ὑμεῖς
246 1858 381 1892 σιγήσετε.
394 1854 461 1883 Εἴπε
476 1856 505 1883 δὲ
520 1856 621 1892 Κύριος
638 1856 705 1892 πρὸς
717 1856 830 1891 Μωσῆν·
847 1856 879 1883 Τί

91 1903 156 1939 βοᾷς
169 1903 241 1939 πρός
256 1911 308 1937 με;
330 1902 446 1937 λάλησον
461 1903 517 1933 τοῖς
530 1902 597 1933 υἱοῖς
619 1901 737 1937 Ἰσραὴλ,
750 1902 797 1928 καί
814 1903 877 1929 ἁνα-

90 1948 279 1982 ζεοξάτωσαν·
300 1947 348 1973 καὶ
362 1947 394 1973 σὺ
409 1947 511 1982 ἕπαρον
526 1946 574 1982 τὴν
588 1947 685 1982 ῥάϐδον
700 1955 761 1978 σου,
774 1947 821 1974 καὶ
838 1947 881 1975 ἔκ-

89 2003 177 2021 τεινον
189 1994 238 2029 τὴν
248 1994 328 2029 χεῖρά
342 2002 388 2020 σου
410 1993 457 2019 ἐπὶ
470 1993 518 2028 τὴν
535 1993 685 2024 θάλασσαν,
703 1994 750 2020 καὶ
764 1992 880 2028 ξήρανον

89 2041 187 2075 αὐτήν.
206 2040 261 2067 Καὶ
281 2039 476 2066 είσελθέτωσαν
488 2039 513 2066 οἰ
527 2039 579 2065 υἱοὶ
597 2038 705 2074 Ἰσραὴλ
730 2039 770 2071 εἰς
799 2039 880 2074 μέσον

88 2087 137 2121 τῆς
153 2085 290 2121 θαλάσσης
307 2087 379 2111 κατὰ
390 2085 421 2111 τὸ
441 2084 533 2120 ξηρόν.
551 2094 561 2111 ι
576 2084 631 2111 Καὶ
647 2084 693 2110 τόν
708 2092 740 2118 γε
759 2085 808 2119 τῆς
819 2085 880 2110 ὲπι-

89 2131 204 2166 κουρίας
214 2129 313 2165 τρόπον
328 2129 443 2164 φανερὸν
456 2129 542 2155 ἐποίει
565 2128 644 2160 Θεός-
660 2138 668 2154 ι
689 2127 785 2163 Ἐξῆρε
801 2128 854 2163 γὰρ
867 2128 881 2154 ὁ

938 901 1097 932 usurpator,
1114 899 1230 933 Pharao,
1252 901 1373 936 inquam,
1386 911 1489 938 eosque
1505 905 1612 940 insequi
1628 907 1725 934 molie-

938 941 1029 969 batur.
1044 953 1053 968 ί
1065 944 1160 972 Junxit
1171 946 1255 979 enim,
1272 948 1389 983 «inquit,
1404 959 1412 974 ι
1424 950 1530 977 Pharao
1540 957 1637 979 currus
1649 960 1723 987 suos,

935 993 963 1016 et
975 997 1084 1017 omnem
1101 993 1234 1027 populum
1253 1002 1333 1022 suum
1352 997 1500 1032 assumpsit
1523 1005 1627 1032 secum,
1639 1005 1667 1027 et
1678 1007 1726 1028 ac-

934 1034 1008 1069 cepit
1038 1041 1182 1065 sexcentos
1207 1046 1306 1066 currus
1334 1041 1446 1074 electos,
1461 1045 1490 1069 et
1511 1050 1619 1071 omnem
1646 1045 1726 1079 equi-

935 1083 1020 1107 tatum
1039 1080 1238 1117 lEgyptiorum,
1256 1090 1284 1112 et
1300 1085 1384 1113 duces
1404 1094 1487 1122 super
1503 1089 1648 1123 omnes”;
1666 1099 1674 1116 ›
1697 1094 1726 1118 et

933 1128 995 1158 post
1014 1125 1066 1153 alia
1085 1134 1200 1155 rursus:
1221 1138 1229 1154 ι
1251 1128 1440 1165 Respicientes
1462 1136 1553 1160 autem
1573 1133 1621 1160 ﬁlii
1641 1134 1724 1163 Israel

932 1171 1019 1199 oculis
1031 1172 1135 1206 vident,
1146 1180 1174 1201 et
1181 1182 1245 1203 ecce
1253 1175 1373 1211 Egyptii
1383 1180 1569 1206 castramelati
1579 1184 1657 1207 erant
1664 1187 1726 1216 post

932 1217 1024 1251 ipsos,
1051 1224 1079 1246 et
1107 1220 1260 1248 timuerunt
1289 1222 1378 1250 valde.
1401 1224 1436 1251 Et
1461 1225 1649 1253 clamaverunt
1675 1227 1724 1255 ﬁlii

931 1259 1012 1288 Israel
1026 1262 1060 1289 ad
1075 1263 1231 1298 Dominum,
1243 1269 1270 1292 et
1284 1266 1460 1302 insurgebant
1472 1268 1500 1295 in
1511 1269 1620 1305 Moysen
1635 1270 1724 1305 palam

930 1305 1052 1333 dicentes
1063 1307 1127 1342 quia
1141 1315 1195 1335 non
1205 1314 1283 1336 erant
1297 1311 1422 1346 sepulcra
1439 1312 1467 1338 in
1482 1312 1610 1349 Egypto,
1627 1314 1726 1342 eduxi<

929 1351 965 1377 sti
983 1359 1043 1385 nos,
1067 1357 1098 1381 ul
1120 1353 1292 1383 interﬁceres
1305 1355 1333 1383 in
1347 1356 1473 1384 deserto?
1489 1358 1545 1386 Cur
1563 1359 1615 1387 hoc
1635 1359 1724 1388 fecisti

929 1398 1008 1425 nobis
1017 1419 1024 1430 ,
1037 1399 1157 1427 educens
1168 1408 1219 1428 nos
1231 1408 1264 1428 ex
1276 1401 1412 1438 Egypto?
1429 1403 1526 1431 Nonne
1545 1405 1597 1432 iste
1613 1410 1655 1433 est
1668 1414 1725 1435 ser-

928 1450 973 1470 mo
992 1451 1073 1478 quem
1099 1445 1280 1481 loquebamur
1297 1447 1332 1475 ad
1346 1452 1372 1476 te
1391 1448 1419 1476 in
1437 1448 1564 1486 Egypto,
1581 1451 1724 1480 dicentes:

928 1488 1036 1517 Recede
1060 1498 1076 1518 a
1101 1492 1192 1525 nobis,
1216 1496 1246 1519 ut
1271 1493 1424 1522 serviamus
1455 1495 1609 1531 (Egyptiis?
1640 1497 1725 1525 Multo

927 1534 1002 1561 enim
1017 1536 1116 1564 melius
1141 1542 1201 1565 erat
1213 1539 1320 1566 servire
1338 1539 1389 1572 eis,
1421 1548 1505 1576 quam
1528 1541 1600 1569 mori
1631 1542 1659 1570 in
1674 1543 1725 1571 hac

927 1580 1076 1609 solitudine
1088 1583 1121 1609 ⁷⁷.
1135 1592 1143 1608 ι
1157 1582 1199 1610 Ad
1221 1583 1279 1612 haec
1290 1593 1358 1613 vero
1372 1585 1477 1622 Moyses
1492 1595 1498 1613 :
1516 1596 1525 1613 ι
1540 1587 1616 1616 Βοηο
1633 1589 1725 1616 animo

926 1630 1030 1659 estote,
1048 1627 1153 1662 inquit;
1167 1633 1248 1662 state,
1272 1634 1299 1657 et
1314 1631 1406 1659 videte
1421 1633 1537 1661 salutem
1555 1642 1616 1669 qua:
1635 1643 1651 1662 a
1668 1635 1722 1662 Do-

927 1672 1002 1700 mino
1012 1673 1075 1705 erit,
1101 1681 1184 1708 quam
1201 1675 1284 1703 faciet
1302 1677 1381 1705 vobis
1395 1677 1490 1712 hodie,
1512 1687 1568 1707 non
1587 1680 1735 1716 adjicietis,

928 1718 1001 1746 ultra
1018 1718 1114 1746 videre
1129 1719 1205 1755 ipsos
1224 1721 1252 1748 in
1276 1723 1417 1750 saeculum.
1439 1724 1572 1752 Dominus
1592 1726 1725 1762 pugnabit

928 1771 980 1798 pro
1003 1764 1093 1798 nobis,
1117 1769 1146 1792 et
1168 1774 1217 1794 vos
1239 1767 1376 1795 tacebitis.
1398 1769 1472 1796 Dixit
1484 1773 1575 1797 autem
1591 1770 1724 1799 Dominus

930 1810 964 1837 ad
983 1810 1094 1846 Moysen
1112 1820 1119 1838 :
1136 1811 1193 1839 Cur
1204 1812 1305 1840 clamas
1323 1813 1356 1840 ad
1373 1814 1437 1841 me?
1453 1814 1578 1850 Loquere
1595 1816 1659 1844 ﬁliis
1679 1817 1721 1845 Is-

930 1856 997 1888 rael,
1016 1860 1044 1884 et
1066 1857 1295 1892 proﬁciscantur;
1315 1863 1344 1887 et
1357 1864 1387 1887 tu
1404 1861 1481 1888 eleva
1503 1861 1607 1897 virgam
1632 1866 1722 1896 tuam,

929 1906 957 1930 et
978 1902 1096 1930 extende
1111 1911 1222 1931 manum
1237 1909 1312 1932 tuam
1335 1906 1369 1933 ad
1385 1906 1470 1940 mare,
1491 1912 1519 1934 et
1541 1908 1613 1936 sicca
1635 1909 1721 1942 illud,

931 1953 959 1975 et
982 1948 1173 1984 ingrediantur
1199 1950 1248 1977 ﬁlii
1271 1951 1355 1978 Israel
1374 1951 1403 1979 in
1426 1952 1547 1980 medium
1574 1954 1658 1982 maris
1673 1963 1724 1990 per

930 1993 1034 2021 siccum
1044 1995 1079 2023 ".
1096 1995 1212 2039 rcAtque
1238 1996 1332 2024 auxilii
1359 1998 1471 2025 modum
1486 2000 1664 2035 perspicuum
1683 2001 1724 2029 fe-

932 2039 969 2066 cit
984 2040 1079 2067 Deus:
1100 2050 1109 2066 ι
1133 2040 1250 2068 Sustulit
1272 2050 1312 2075 se,
1336 2052 1346 2068 ι
1363 2043 1469 2078 inquit,
1493 2054 1501 2070 ι
1527 2047 1640 2081 angelus
1667 2047 1724 2074 Do-

932 2085 1021 2119 mini,
1053 2086 1101 2121 qui
1132 2088 1306 2122 praecedebat
1342 2094 1432 2117 castra
1465 2089 1586 2119 ﬁliorum
1617 2092 1723 2126 Israel,

933 2135 961 2157 et
971 2131 1109 2166 profectus
1125 2137 1168 2159 est
1188 2137 1338 2160 retrorsum
1357 2142 1363 2160 :
1382 2135 1494 2163 sustulit
1516 2136 1598 2164 etiam
1621 2144 1651 2164 se
1677 2145 1724 2165 co-

87 2174 204 2211 ἇγγελός
218 2175 265 2202 τοῦ
277 2175 344 2202 Θεοῦ
360 2177 374 2202 ὁ
389 2176 623 2211 προπορευόμενος
636 2174 685 2209 τῆς
703 2174 878 2210 παρεμϐολῆς

933 2177 1025 2204 lumna
1041 2177 1124 2205 nubis
1143 2186 1159 2205 a
1179 2178 1247 2206 facie
1271 2187 1379 2213 eorum,
1399 2185 1427 2208 et
1450 2182 1527 2209 stetit
1544 2187 1606 2218 post
1623 2191 1680 2216 eos,
1696 2189 1724 2211 ct

88 2224 142 2250 τῶν
163 2223 231 2249 υἱῶν
257 2222 375 2258 Ἰσραὴλ,
395 2222 442 2248 καὶ
467 2221 600 2257 ἐπορεύθη
625 2222 657 2248 ὲκ
680 2222 733 2247 τῶν
758 2220 880 2247 ὄπισθεν’

87 2269 169 2304 ἐξῆρε
188 2268 218 2295 δὲ
246 2268 294 2295 καὶ
315 2270 329 2295 ὁ
344 2268 438 2299 στύλος
470 2268 520 2303 τῆς
538 2267 652 2302 νεφέλης
665 2267 719 2293 ἀπὸ
737 2265 883 2303 προσώπου

86 2314 190 2346 αὐτῶν,
209 2314 257 2340 καὶ
274 2313 340 2349 ἔστη
357 2314 389 2341 ὲκ
403 2312 457 2340 τῶν
469 2313 558 2340 ὀπίσω
570 2312 677 2340 αὐτῶν·
695 2313 743 2339 καὶ
761 2312 884 2348 εἰσῆλθεν

85 2361 138 2389 ἀνὰ
167 2360 251 2396 μέσον
281 2361 331 2396 τῆς
362 2359 536 2396 παρεμϐολῆς
564 2358 618 2385 τῶν
641 2358 808 2392 Αἰγυπτίων,
835 2358 883 2385 καὶ

86 2407 136 2434 ἀνὰ
167 2406 252 2441 μέσον
283 2405 460 2441 παρεμῦολῆς
495 2404 614 2440 Ἰσραὴλ,
647 2405 694 2430 καὶ
727 2403 810 2439 ἔστη,
836 2403 884 2431 καὶ

85 2452 197 2486 ἐγένετο
213 2452 308 2481 σκότος
321 2452 368 2478 καὶ
379 2451 489 2486 γνόφος.
503 2451 558 2477 Καὶ
572 2450 680 2485 διῆλθεν
690 2451 707 2485 ἡ
722 2449 781 2482 νὺξ,
793 2450 840 2477 καί
852 2450 883 2477 οὐ

86 2498 234 2533 συνέμιξαν
244 2497 369 2533 ἀλλήλοις
383 2497 447 2532 ὃλην
460 2497 508 2532 τὴν
523 2495 617 2523 νύκτα.
635 2505 644 2522 ι
675 2496 729 2522 Καὶ
746 2496 824 2522 ταυτὶ
835 2496 884 2531 μὲν

935 2221 1058 2257 ingressa
1072 2227 1115 2250 est
1139 2223 1212 2251 inter
1229 2229 1319 2252 castra
1337 2225 1526 2262 [Egyptiorum
1547 2232 1576 2255 et
1595 2228 1666 2256 inter
1680 2237 1724 2257 ca—

936 2271 993 2295 stra
1005 2267 1100 2302 Israel,
1117 2273 1145 2297 et
1159 2270 1245 2304 stetit,
1260 2275 1288 2298 et
1298 2271 1368 2299 facta
1381 2276 1423 2300 est
1442 2273 1529 2308 caligo
1542 2278 1570 2301 et
1592 2274 1722 2308 tenebrae,

935 2317 965 2340 et
976 2314 1109 2348 praeteriit
1124 2323 1188 2348 nox,
1202 2320 1231 2343 et
1245 2323 1300 2344 non
1312 2317 1448 2346 commisti
1459 2321 1523 2345 sunt
1538 2318 1654 2346 invicem
1667 2323 1724 2348 tota

935 2359 1058 2386 nocte”.
1078 2369 1087 2385 ι
1105 2359 1194 2395 Atque
1215 2361 1274 2389 haec
1294 2362 1407 2397 quidem
1432 2367 1514 2398 gestas
1538 2363 1579 2391 rei
1603 2365 1724 2392 narratio

935 2405 1067 2433 contexit.
1092 2406 1188 2442 Operae
1211 2408 1330 2443 pretium
1356 2414 1450 2437 autem
1474 2410 1601 2438 existimo
1629 2419 1724 2440 rursus

936 2450 1109 2479 subtiliorem
1132 2453 1232 2480 horum
1255 2454 1404 2483 verborum
1430 2464 1541 2485 sensum
1567 2457 1723 2494 inspicere,

937 2497 1128 2533 acrioremque
1142 2499 1243 2526 mentis
1257 2501 1345 2528 aciein
1365 2501 1410 2529 his
1424 2502 1525 2530 litteris
1540 2503 1669 2540 adjicere.

85 2546 152 2580 ἡμῖν
171 2545 186 2570 ό
205 2543 255 2578 τῆς
282 2543 404 2579 Inopia;
429 2542 567 2576 ὲξυφαίνει
594 2538 801 2576 λόγοςσιχρῆναι
826 2541 856 2568 δὲ
879 2539 956 2578 οἶμαι
974 2542 1055 2578 πάλιν
1072 2543 1146 2578 ἡμᾶς
1161 2544 1210 2579 τὴν
1222 2544 1276 2572 τῶν
1289 2547 1431 2581 νοημάτων
1442 2538 1585 2583 ἀκρίϐειαν
1597 2549 1635 2584 ti)
1648 2549 1712 2576 ἰδεῖν

85 2589 185 2616 λεπτὸν
200 2588 316 2619 ἐνιέντες
330 2588 387 2618 τοῖς
401 2586 604 2622 γεγραμμένοις
616 2586 662 2612 τὸν
677 2585 749 2613 νοῦν.

119 2634 227 2662 ΠΑΛΑ-
240 2631 316 2661 ﬂavo
333 2633 381 2668 μὲν
392 2630 449 2659 οὖν.

118 2681 202 2707 ΚΥΡ.
228 2678 380 2714 Ἑξαίρουσι
393 2677 537 2713 τοιγαροῦν
552 2678 576 2704 οἰ
598 2677 628 2710 ὲξ
645 2678 753 2714 Ἰσραὴλ
773 2679 813 2711 εἰς
826 2678 877 2714 τὴν

84 2726 165 2760 ἁγίαν
182 2725 343 2755 σπεύδοντες
358 2723 420 2759 γῆν,
435 2724 473 2755 ὠς
487 2724 517 2749 ἐν
532 2723 619 2758 στύλῳ
638 2723 723 2758 πυρὸς
739 2724 786 2750 καὶ
798 2725 878 2759 νεφέ-

85 2770 132 2806 λης
161 2768 374 2804 προὸιὸάζοντός
389 2777 418 2796 τε
439 2768 485 2794 καὶ
500 2768 654 2802 ἡγουμένου
670 2768 749 2795 Θεοῦ.
766 2769 803 2795 Οὺ
820 2769 874 2806 γὰρ

85 2816 227 2848 ἐστιννοὺκ
239 2814 313 2841 ἐστιν
328 2815 368 2846 εἰ,
377 2813 426 2849 τὴν
440 2814 496 2840 ἄνω
506 2822 534 2839 τε
547 2813 594 2839 καὶ
607 2813 687 2848 ἁγίαν
701 2814 873 2848 ἀφικνεῖσθαι

965 2635 1065 2662 PALL.
1081 2635 1121 2663 Ita
1132 2644 1247 2672 prorsus
1262 2646 1371 2666 censeo.

965 2679 1045 2708 ΟΥΕ.
1061 2681 1279 2711 Proﬁciscuntur
1293 2683 1379 2720 igitur
1394 2684 1441 2713 ﬁlii
1459 2685 1541 2714 Israel
1553 2687 1587 2715 ad
1619 2693 1720 2717 terram

929 2730 1051 2753 sanctam
1079 2734 1271 2763 properantes,
1298 2730 1355 2766 86
1377 2735 1508 2767 tanquam
1535 2734 1563 2761 in
1593 2735 1719 2764 columna

928 2772 999 2806 ignis
1014 2780 1046 2799 ac
1057 2773 1140 2802 nubis
1155 2774 1211 2802 Deo
1223 2780 1362 2811 praeeunte
1377 2781 1457 2812 atque
1470 2778 1588 2808 ducente
1601 2789 1608 2814 ;
1630 2789 1720 2816 neque

927 2817 1000 2845 enim
1015 2819 1072 2846 ullo
1089 2820 1173 2848 modo
1189 2821 1255 2849 licet
1271 2822 1305 2850 ad
1319 2830 1466 2859 supernau'
1496 2825 1571 2854 illam
1597 2823 1718 2855 sanctam

117 2875 140 2891 "
151 2875 231 2902 Rom.
247 2879 306 2906 xm,
328 2873 370 2906 12,
398 2873 440 2900 15.
477 2873 502 2889 ⁷⁵
514 2871 600 2903 Exod.
620 2880 674 2904 xxv,
691 2872 707 2900 6
722 2880 797 2908 seqq.
835 2875 858 2891 ""
877 2874 879 2902 ἶ

933 2875 958 2908 l,.
976 2876 1068 2905 [0—12.
1109 2880 1131 2898 ⁷⁸
1147 2875 1228 2914 Ibid,
1254 2881 1346 2910 15-16.
1385 2882 1407 2900 ⁷⁹
1427 2882 1508 2917 Ibid.,
1525 2882 1568 2917 I9,
1585 2883 1620 2911 20

119 2922 156 2955 (ί)
173 2922 219 2949 Sic
236 2921 297 2948 cod.
314 2920 403 2948 Vatic.
422 2919 488 2948 Cod.
505 2919 611 2951 Sirlcti,
630 2918 753 2955 καρδίαν.
