1924 3043
216 145 266 172 271
723 148 756 175 S.
777 147 914 175 CYRILLI
934 145 1168 174 ALEXANDRINI
1188 144 1346 173 ARClllEP.
1791 146 1842 174 272

215 212 268 239 que
284 204 421 232 civitatem
437 206 590 240 pervenire,
604 206 656 234 nisi
669 207 778 235 Christo
797 207 878 240 duce,
894 207 941 242 qui
960 214 974 234 s

1082 204 1150 235 όλιν.
1170 204 1208 240 μὴ
1223 204 1282 239 οὐχὶ
1298 203 1505 238 καθηγουμένου
1520 203 1638 238 Χριστοῦ
1649 223 1656 235 ,
1676 203 1724 230 καὶ
1741 204 1839 240 ἐναργῆ

215 249 284 277 lutis
302 250 354 277 iter
369 250 543 285 perspicuum
559 251 672 285 reddat;
688 252 715 279 in
734 260 783 280 eos
800 257 890 280 tamen
905 253 953 288 qui
973 262 974 279 ξ

1082 251 1234 282 ιθιστάντος
1257 250 1306 286 τὴν
1329 249 1379 285 τῆς
1404 249 1541 284 σωτηρίας
1559 249 1628 276 ὀδόν.
1651 249 1713 281 Τοῖς
1732 258 1766 284 γε
1791 249 1841 285 μὴν

215 294 304 322 facere
322 298 489 327 statuerunt,
504 296 624 324 fremunt
634 297 764 326 dentibus
777 299 880 331 hostes,
902 299 949 333 qui
973 307 974 324 1

1083 297 1131 324 ῦτο
1144 297 1211 334 δρᾷν
1224 297 1374 332 ᾑρημένοις
1384 317 1391 328 ,
1407 295 1576 332 ἑπιτρίζουσι
1591 296 1640 331 μὲν
1653 297 1716 328 τοὺς
1731 296 1841 328 ὀδόντας

215 341 267 368 hoc
279 341 381 368 mundo
393 346 555 375 versantur;
571 342 615 370 lex
627 347 722 371 contra
732 343 765 371 ad
779 343 886 371 fortiter
900 343 974 371 audei

1087 342 1156 370 κατὰ
1171 342 1245 369 τόνδε
1263 342 1309 369 τόν
1325 341 1425 377 κόσμον
1440 341 1532 377 ἐχθροὶ
1543 361 1550 374 ,
1566 341 1721 377 παραθήγει
1739 350 1773 376 γε
1791 342 1842 377 μὴν

214 385 279 412 dum
293 385 428 419 hortatur,
440 391 522 422 atquc
539 388 683 416 conﬁrmat
704 393 779 416 metu
799 390 949 424 perculsos,
971 399 973 415 ἰ

1084 396 1092 419 ς
1105 387 1248 422 εὐτολμίαν
1263 387 1277 414 6
1288 387 1369 422 νόμος
1400 387 1448 414 καὶ
1464 386 1668 422 παραθαρσύνιι
1688 386 1843 422 πεφοϐημέ-

215 430 272 458 fore
285 435 314 458 ut
327 431 548 461 adversariorum
563 435 664 462 cohors
678 435 768 467 cadat,
789 435 932 463 manifeste
952 443 974 463 at

1083 443 1118 466 ιυς
1130 441 1137 448 ·
1156 434 1203 461 καὶ
1224 434 1266 461 ὅτι
1281 434 1405 460 πεσεῖται
1421 433 1475 460 τῶν
1493 433 1622 460 ἐναντίων
1640 433 1671 460 τὸ
1691 435 1798 468 στῖφος,
1814 431 1842 460 εὖ

215 476 326 504 modum
337 477 474 506 declarat:
488 487 554 507 nam
570 487 603 507 ex
615 488 670 515 quo
680 479 799 516 Egyptii
808 488 823 509 e
833 480 923 508 medio
936 480 974 508 sul

1085 479 1127 506 ἱλα
1140 479 1289 515 καταδηλοῖ
1298 487 1306 495 ·
1317 479 1348 505 τδ
1364 478 1419 514 γὰρ
1430 479 1463 505 ὲκ
1478 477 1566 505 ποδῶν
1584 477 1711 512 γενέσθαι
1722 478 1788 510 τοὺς
1803 479 1844 505 Αί-

213 522 262 550 lati
280 527 354 556 sunt,
381 523 434 551 hoc
450 525 545 560 procul
559 525 644 553 dubio
671 525 855 561 signiﬁcatur;
879 533 927 553 eos
951 534 972 554 ai

1085 525 1182 557 ιπτίους
1197 525 1271 552 τουτί
1284 533 1335 552 που
1351 525 1461 556 πάντως
1472 525 1540 560 ἡμῖν
1552 523 1740 551 ὑπαινίττεται
1757 532 1765 540 ο
1781 525 1844 556 τοὺς

215 571 270 595 tem
285 567 333 603 qui
353 568 515 597 imminente
530 570 602 597 malo
623 570 806 603 terrebantur,
825 574 954 606 tanquam

1091 571 1119 597 ὲν
1133 570 1224 605 φόϐοις
1233 569 1313 601 ὂντας
1327 569 1374 597 τοῦ
1387 569 1495 602 παθεῖν,
1507 569 1545 601 ὡς
1560 570 1589 596 ὲν
1604 569 1682 605 τύπῳ
1702 569 1785 596 πάλιν
1797 568 1843 596 τοῦ

215 612 300 649 ﬁgura
317 621 413 642 rursus
427 615 514 642 sancti
534 615 705 651 baptismatis
728 616 818 644 salvos
838 616 904 644 fecit
920 617 974 645 Dcu

1081 617 1132 651 rion
1148 615 1333 651 βαπτίσματος
1351 614 1462 647 διέσωζε
1489 615 1590 646 Θεόςίι
1608 615 1733 651 Δάλησον
1748 615 1815 650 γὰρ,
1832 624 1840 640 ι

218 667 227 684 ‹
241 657 365 694 Loquere
373 659 474 692 enimp
488 661 537 693 ait,
553 670 562 686 ι
575 660 773 693 ﬁliislsrael,et
780 660 973 696 proﬁciscantu

1084 663 1130 697 pri,
1150 671 1159 687 ι
1180 663 1236 693 τοῖς
1252 662 1318 693 υἱοῖς
1340 661 1457 696 Ἰσραὴλ,
1472 661 1522 688 καὶ
1539 660 1778 693 ἀναζευξάτωσαν·
1797 662 1843 688 καὶ

173 719 178 726 ι
213 709 242 731 ct
257 709 286 732 tu
304 705 369 733 tolle
388 706 494 741 virgam
507 710 581 734 tuam
592 726 599 739 ,
614 711 643 734 et
661 707 778 735 extende
803 715 914 735 manum
929 713 932 734 l

1084 719 1086 732 ι
1102 707 1203 743 ιπαρον
1217 707 1268 743 τὴν
1285 706 1382 742 ῥάϐδον
1397 715 1455 738 σου,
1479 707 1527 734 καὶ
1543 706 1669 734 ἔκτεινον
1690 707 1743 742 τὴν
1764 707 1843 743 χεῖρά

214 756 297 784 super
316 757 390 777 mare
403 770 410 782 ,
425 754 454 777 et
467 750 539 777 sicca
555 750 641 784 illud;
657 756 684 778 et
700 751 890 787 ingrediantur
903 751 973 779 ﬁliil

1086 762 1101 780 υ
1116 754 1161 780 ἐπὶ
1179 753 1227 789 τὴν
1245 753 1391 786 θάλασσαν,
1408 754 1455 780 καὶ
1468 753 1583 789 ξήρανον
1601 753 1688 789 αὐτήν
1701 763 1709 769 ·
1726 754 1775 781 καὶ
1789 755 1843 780 εῑσ-

215 794 270 821 rael
291 794 318 821 in
344 794 465 821 medium
490 795 613 823 maris".
636 806 646 822 ›
677 796 768 830 Quid?
787 805 878 825 nonne
894 797 974 824 divini

1084 799 1204 827 θὶτωσαν
1233 801 1258 827 oi.
1284 800 1338 826 υἱοὶ
1366 800 1475 835 Ἰσραὴλ
1508 801 1549 832 είς
1572 800 1653 836 μέσον
1668 801 1719 834 τῆς
1740 799 1842 828 θαλάσ-

216 840 261 867 ille
273 840 375 868 Paulus
386 840 420 868 de
437 840 501 869 ﬁliis
516 841 599 869 lsrael
614 842 721 875 scribit,
741 850 836 870 omnes
849 843 876 870 in
893 843 975 879 Moyst

1085 855 1114 882 ις.
1145 855 1155 872 ι
1176 847 1211 873 Ἦ
1236 846 1284 882 οὐχ
1311 846 1326 872 6
1355 846 1499 878 θεσπέσιος
1524 846 1625 882 γράφει
1645 846 1751 879 Παῦλος
1780 848 1844 882 περὶ

216 885 368 920 baptizatos
386 885 470 913 fuisse
485 886 512 913 in
528 885 602 914 nube
617 891 646 914 et
661 887 687 914 in
704 888 773 915 mari
783 888 826 914 "?

1082 892 1108 919 ὒν
1125 892 1190 920 υἱῶν
1209 892 1318 928 Ἰσραὴλ
1329 911 1337 925 ,
1357 892 1400 919 ὄτι
1426 893 1528 924 πάντες
1544 893 1585 924 εις
1603 892 1649 919 τδν
1673 893 1763 929 Μωσῆ
1780 893 1841 920 ἐϐα-

1021 928 1041 956 B
1057 938 1207 974 πτίσθησαν
1221 940 1249 966 ὲν
1272 941 1304 975 τῇ
1320 938 1420 974 νεφέλῃ
1436 939 1484 966 καὶ
1498 935 1529 965 ἓν
1542 939 1574 974 τῇ
1590 938 1730 975 θαλάσσης

247 976 349 1004 PALL.
367 977 475 1005 Fateor.
704 981 709 983 ’
964 1012 969 1015 _

704 981 709 983 ’
964 1012 969 1015 _
1090 984 1194 1012 ΠΑΛΛ.
1208 984 1349 1021 Σύμφημι.

248 1022 327 1050 CYR.
338 1022 412 1058 Opus
426 1022 510 1059 igitur
518 1027 570 1056 est,
579 1024 625 1059 qui
639 1023 716 1060 sequi
727 1024 867 1052 Christum
878 1024 1003 1059 cupiunt,

1091 1031 1174 1059 ΚΥΡ.
1197 1031 1258 1067 Χρὴ
1279 1031 1424 1068 τοιγαροῦν
1446 1032 1510 1062 τοὺς
1527 1030 1683 1059 ἀκολουθεῖν
1702 1030 1844 1062 ἐθέλοντας

213 1074 241 1096 et
258 1069 291 1096 ad
310 1076 458 1104 supernam
472 1070 546 1097 illam
561 1070 700 1098 civitatem
712 1074 870 1106 properant,
885 1078 932 1098 eos
949 1078 972 1098 ni

1084 1076 1093 1103 5
1109 1077 1229 1113 Χριστῷ,
1245 1077 1372 1113 καὶπρὸς
1389 1078 1438 1113 τὴν
1453 1078 1510 1105 ἄνω
1526 1078 1690 1110 σπεύδοντας
1703 1077 1793 1110 σώλιν,
1807 1077 1843 1112 μὴ

215 1116 242 1142 in
260 1115 318 1150 lege
332 1115 483 1144 consistere
499 1123 588 1151 neque
606 1116 744 1144 mandatis
758 1123 818 1151 qua:
832 1123 881 1151 per
894 1116 974 1152 Moys

1085 1123 1177 1159 ιζῆσαι
1196 1123 1234 1159 τῷ
1254 1123 1329 1159 νόμῳ
1342 1143 1350 1156 ,
1371 1123 1438 1159 μηδὲ
1450 1124 1512 1156 ταῖς
1529 1123 1573 1151 διὰ
1586 1123 1710 1155 Μωσέως
1721 1123 1844 1154 ἐντολαῖς

215 1161 278 1188 data
291 1165 356 1188 sunt
369 1160 485 1189 ﬁrmiter
505 1162 649 1196 inhaerere,
662 1163 731 1190 etin
752 1162 869 1196 umbris,
894 1162 974 1198 ﬁguri

1085 1169 1250 1201 κταστάτως
1265 1169 1520 1204 ἑγκαταυλίζεσθαι,
1533 1170 1580 1198 καὶ
1591 1171 1682 1202 σκιαῖς
1692 1171 1740 1197 καὶ
1747 1170 1844 1202 τύποις

213 1214 267 1242 que
295 1206 418 1240 versari;
448 1208 494 1235 sed
522 1208 671 1244 proﬁcisci,
694 1213 722 1236 et
745 1208 798 1236 alio
825 1208 972 1240 transire,:

1085 1215 1266 1250 ιφιλοχωρεῖψ
1283 1215 1480 1250 ἀναζευγνύναι
1498 1216 1526 1243 δὲ
1542 1216 1643 1252 μᾶλλον
1657 1217 1705 1243 καὶ
1721 1223 1844 1252 μεταχω-

214 1259 338 1282 sanctum
357 1261 456 1289 nempe
472 1254 605 1289 baptisma
623 1263 630 1281 :
646 1254 671 1282 id
683 1255 757 1282 enim
774 1254 863 1282 fecere
887 1253 927 1281 illi
953 1253 970 1280 h

1083 1261 1111 1286 1v
1131 1259 1264 1295 ἑτέρωσε,
1283 1260 1354 1287 τοῦτ’
1369 1260 1453 1294 ἔστιν,
1475 1261 1522 1288 ἐπὶ
1543 1261 1575 1288 τὸ
1596 1261 1674 1295 ἅγιον
1689 1261 1842 1297 βάπτισμα.

214 1301 302 1328 mines
316 1301 363 1336 qui
378 1300 444 1328 olim
460 1307 493 1327 ex
515 1299 562 1326 Dei
581 1303 719 1334 prmcepto
735 1306 785 1334 per
799 1298 888 1326 undas
901 1298 973 1325 medi

1084 1305 1138 1332 n'rro
1150 1305 1205 1342 γὰρ
1227 1306 1312 1342 ἔδρων
1327 1307 1352 1332 οἱ
1367 1306 1453 1334 πάλαι
1467 1306 1538 1334 κατὰ
1555 1307 1703 1343 πρόσταξιν
1717 1307 1786 1334 Θεοῦ
1801 1307 1843 1334 διὰ

213 1347 328 1382 ingressi
351 1349 425 1378 sunt,
446 1350 484 1377 et,
505 1350 535 1373 ut
548 1345 649 1372 Paulus
665 1344 713 1377 ait,
738 1345 766 1371 in
785 1344 854 1372 mari
881 1343 972 1379 baptiz

1085 1351 1145 1377 Ξσων
1162 1352 1254 1384 ’ίόντες
1270 1352 1410 1386 κυμάτων,
1425 1352 1472 1379 καὶ
1488 1352 1526 1384 ὡς
1538 1353 1552 1379 6
1567 1352 1670 1384 Παῦλός
1694 1361 1788 1389 φησιν,
1816 1353 1844 1379 ὲν

213 1391 333 1424 bantur;
350 1395 408 1418 tum
422 1390 496 1418 enim
515 1389 634 1424 denique
655 1389 744 1424 ipsum
755 1388 804 1416 Dei
817 1393 845 1417 et
861 1389 972 1416 bominu

1084 1396 1174 1433 ιλάσσῃ
1190 1397 1382 1432 βαπτιζόμενοι
1392 1407 1399 1412 ·
1415 1397 1476 1424 τότε
1491 1398 1546 1434 γὰρ
1557 1398 1608 1434 δὴ,
1622 1398 1683 1425 τότε
1701 1399 1750 1426 καὶ
1764 1399 1843 1426 αὑτὸν

214 1435 394 1462 mediatorem
410 1434 549 1462 Christum
567 1434 661 1462 Jesum
677 1434 829 1470 adiutorem
852 1433 973 1461 babebur

1080 1443 1156 1473 ζουσιν
1175 1443 1281 1478 ἀρωγὸν
1291 1443 1337 1470 τδν
1351 1443 1418 1471 Θεοῦ
1433 1452 1462 1470 τε
1479 1444 1526 1470 καὶ
1541 1433 1693 1480 ἀνθρώπων
1708 1444 1823 1479 μεσίτην
1833 1465 1839 1475 ,

214 1481 333 1508 Verbum
348 1481 421 1508 enim
434 1488 496 1508 eum
508 1484 580 1508 esset
595 1480 676 1512 Deus,
687 1487 750 1507 caro
765 1480 866 1507 factum
880 1485 940 1512 est;
955 1488 972 1515 q

1083 1489 1168 1524 ριστὸν
1188 1489 1302 1525 Ἰησοῦν.
1323 1489 1390 1521 Θεὸς
1403 1490 1458 1525 7&9
1471 1490 1508 1517 ὢν
1520 1491 1534 1517 6
1545 1490 1642 1525 Λόγος.
1653 1490 1750 1525 γέγονε
1764 1490 1842 1526 σάρξ”

213 1525 286 1553 idem
306 1526 358 1554 alia
372 1534 481 1561 quoque
493 1525 598 1553 ratione
618 1526 752 1553 mediator
765 1530 817 1559 est,
833 1526 972 1562 gubernari

1082 1535 1099 1561 ιὶ
1114 1534 1174 1562 καθ’
1187 1535 1282 1570 ἕτερον
1296 1535 1324 1562 δὲ
1345 1535 1455 1571 τρόπον,
1475 1536 1588 1571 μεσίτην
1606 1536 1787 1572 οἰκονομικῶς
1803 1536 1841 1568 ὡς

214 1579 312 1608 nempe
325 1573 442 1604 ratione,
458 1577 489 1599 ut
502 1572 548 1607 qui
562 1572 670 1600 medius
683 1572 809 1600 incedere
829 1573 915 1600 soleat
931 1573 973 1600 int

1083 1580 1096 1607 Ξι
1117 1580 1200 1616 μέσου
1217 1582 1318 1616 χωρεῖν
1334 1582 1449 1609 είωθότα
1467 1581 1522 1608 τῶν
1541 1590 1570 1608 τε
1589 1581 1743 1618 σεϐομένων
1762 1582 1842 1609 αὐτὸν

213 1618 333 1646 cultores
345 1626 410 1646 suos
427 1622 454 1646 et
475 1626 570 1646 eorum
590 1618 779 1651 insectatores,
798 1627 850 1647 nec
872 1626 971 1654 congre

1081 1626 1102 1653 ιὶ
1113 1626 1167 1653 τῶν
1178 1626 1330 1654 διωκόντων
1339 1627 1496 1660 αὑτοῦς,κα“ι
1505 1628 1671 1663 συμμίσγειν
1681 1628 1732 1655 οὐκ
1741 1627 1840 1660 ἐῶντα,

213 1672 262 1692 eos
273 1665 345 1692 inter
356 1672 385 1692 se
394 1664 581 1700 permittat,jet
590 1664 683 1692 hostes
692 1664 728 1692 ab
737 1664 894 1692 incursione
906 1665 972 1700 proh

1081 1672 1102 1704 ἱς
1117 1680 1147 1698 τε
1158 1671 1212 1699 τῶν
1227 1672 1357 1699 ἰναντίων
1366 1673 1478 1708 ἐφόδους
1489 1673 1693 1701 άποκωλύοντα.
1713 1684 1724 1700 ε
1744 1674 1840 1708 Ἐξῆρε

213 1710 286 1738 beat.
303 1719 312 1735 ι
331 1710 449 1737 Sustulit
459 1709 531 1737 enim
542 1717 582 1742 se,
600 1719 608 1736 ι
627 1710 727 1745 inquit,
747 1719 756 1736 ι
775 1711 888 1746 angelus
900 1710 960 1743 Dei,

1082 1723 1117 1752 t9,
1131 1727 1141 1743 ι
1159 1717 1251 1753 φησὶν,
1269 1727 1278 1743 ι
1293 1718 1307 1743 ό
1320 1717 1434 1752 ἄγγελος
1445 1717 1492 1744 τοῦ
1507 1718 1584 1749 Θεοῦ,
1595 1718 1641 1744 καὶ
1652 1718 1666 1744 6
1687 1718 1783 1749 στύλος
1792 1718 1841 1753 τῆς

212 1755 340 1783 columna
352 1755 444 1787 nubis,
454 1760 481 1782 et
492 1755 613 1790 ingressa
625 1760 668 1784 est
679 1757 750 1784 inter
761 1761 848 1784 castra
858 1756 940 1784 Israel
951 1766 957 1783 :

1084 1762 1167 1798 φέλης
1179 1782 1187 1795 ,
1210 1764 1258 1790 καὶ.
1281 1763 1406 1799 εἰσῆλθεν
1429 1764 1480 1790 άνὰ
1498 1764 1580 1800 μέσον
1597 1764 1646 1799 τῆς
1665 1764 1841 1800 παρεμϐολῆς

214 1808 269 1828 non
286 1799 422 1828 commisti
443 1804 507 1827 sunt
525 1799 596 1827 inter
613 1807 642 1828 se
659 1804 716 1827 tota
731 1805 812 1827 nocte
821 1800 854 1826 5'.
876 1809 884 1825 ι
909 1799 938 1827 ln
951 1808 973 1827 ai

1081 1805 1106 1832 ὗν
1120 1807 1285 1840 Αἰγυπτίων,
1300 1807 1346 1834 καὶ
1365 1807 1416 1834 ἀνὰ
1434 1808 1515 1843 μέσον
1529 1809 1578 1844 τῆς
1593 1809 1770 1844 παρεμϐολῆς
1790 1810 1840 1836 Ἰσ-

212 1846 272 1882 gelo
293 1850 385 1873 autem
396 1846 498 1879 denuo,
518 1846 642 1881 atquein
663 1845 790 1873 columna
814 1845 897 1873 nubis
919 1844 971 1873 Chr

1078 1851 1133 1887 ιὴλ,
1149 1852 1195 1878 καὶ
1206 1852 1236 1878 οὺ
1257 1851 1405 1887 συνέμιξαν
1419 1853 1544 1888 ἀλλήλοις
1562 1853 1628 1889 ὃλην
1643 1854 1694 1890 τῂν
1709 1854 1804 1880 νύκτα.
1829 1864 1837 1879 ι

213 1896 271 1919 stus
283 1891 466 1927 signiﬁcatur;
487 1894 600 1919 vocatur
615 1891 689 1918 enim
705 1898 806 1919 nomen
819 1892 887 1927 ejus,
913 1901 922 1917 ι
940 1900 972 1919 m:

1081 1897 1101 1928 Ις
1117 1897 1145 1922 ὲν
1160 1897 1268 1932 ἀγγέλῳ
1282 1897 1311 1924 δὲ
1330 1897 1410 1924 πάλιν
1437 1898 1486 1924 καὶ
1497 1898 1537 1930 ὡς
1552 1898 1582 1924 ὲν
1597 1897 1684 1933 στύλῳ
1697 1898 1815 1933 νεφέλης
1827 1900 1840 1925 ό

212 1938 258 1973 Qui
270 1937 377 1965 consilii
389 1937 510 1973 Angelus
521 1937 552 1964 ⁸³.
569 1947 578 1962 ι

1079 1941 1170 1976 ριστδς
1185 1942 1357 1977 σημαίνεται.
1379 1943 1510 1970 Καλεῖται
1523 1943 1577 1979 γὰρ
1594 1944 1628 1970 τὸ
1643 1943 1730 1979 ὄνομα
1746 1944 1838 1975 αὐτοῦ.

1056 1997 1065 2013 ι
1078 1987 1199 2023 μεγάλης
1215 1987 1313 2024 βουλῆς
1328 1989 1468 2023 Ἄγγελος.
1482 1999 1490 2015 ι

249 2033 346 2061 PALL.
363 2033 444 2069 Ergo,
462 2033 527 2061 dum
548 2033 675 2061 Christus
687 2039 729 2061 est
744 2029 851 2061 medius
870 2033 997 2068 interjec-

1087 2034 1188 2060 ΠΑΛΛ.
1204 2034 1423 2066 Μεσολαϐοῦντος
1438 2035 1493 2070 ἄρα
1502 2035 1630 2071 Χριστοῦ,
1641 2037 1696 2068 τοῖς
1711 2037 1838 2072 πολεμεῖν

213 2085 267 2112 Ius,
282 2087 337 2107 non
351 2087 527 2107 conseremus
543 2087 640 2107 manus
650 2087 712 2106 cum
725 2079 758 2107 iis
778 2079 825 2115 qui
840 2087 972 2115 oppugnai

686 2087 712 2106 m
725 2079 758 2107 iis
778 2079 825 2115 qui
840 2087 997 2115 oppugnare
1052 2079 1188 2107 ἐθέλουσιν
1203 2080 1233 2107 οὐ
1250 2080 1422 2116 συμμίξομεν
1436 2091 1442 2114 ;

212 2133 262 2152 nos
275 2125 399 2160 cupiunt.

247 2170 327 2198 CYR.
347 2171 386 2198 Ita
407 2179 450 2198 res
465 2175 524 2204 est;
549 2174 621 2198 recte
647 2170 784 2205 intelligis.
808 2170 876 2201 illud
906 2175 996 2206 tamen

1086 2167 1234 2196 ΚΥΡ.⁷Ωδε
1245 2170 1292 2205 μὲν
1301 2171 1358 2206 ἔχει
1365 2171 1392 2198 τὸ
1401 2171 1504 2206 χρῆμα*
1516 2173 1585 2203 νοεῖς
1595 2171 1648 2207 γὰρ
1656 2171 1756 2207 ὀρθῶς.
1766 2174 1839 2208 Πλὴν

211 2217 312 2248 dicam,
330 2216 385 2251 87
402 2223 491 2250 neque
502 2224 517 2243 a
532 2223 592 2249 mea
619 2216 764 2247 sententia,
787 2220 818 2242 ut
842 2216 948 2251 opinor,

1078 2215 1137 2242 ιείνό
1153 2224 1233 2250 φημι,
1250 2217 1295 2243 καὶ
1309 2217 1359 2244 οὐκ
1375 2218 1429 2244 ἀπὸ
1452 2217 1564 2250 σκοποῦ,
1584 2218 1709 2255 καθάπερ
1719 2217 1837 2256 ἐγῷμαι,

211 2263 351 2290 aberrabit
362 2263 410 2298 qui
425 2263 533 2295 dixerit,
547 2271 605 2295 nos,
619 2263 641 2289 si
663 2263 782 2298 superati
801 2271 816 2290 a
836 2263 970 2299 voluptuo:

1079 2276 1080 2283 η
1095 2261 1189 2288 δοκοῦν
1204 2263 1357 2298 οἰχήσεται·
1373 2264 1434 2298 ἄρτι
1457 2265 1506 2299 μὲν
1523 2266 1576 2300 γὰρ
1592 2265 1643 2300 τῆς
1657 2266 1799 2301 φιληδόνου
1811 2276 1838 2294 τε

209 2309 404 2343 mundanaque
417 2309 471 2336 vita
484 2308 624 2335 discedere
637 2308 849 2341 decreverimus,
866 2317 898 2337 ac
918 2317 966 2344 seq

1079 2308 1097 2334 ιὶ
1111 2309 1259 2344 ὲγκοσμίου
1273 2309 1346 2344 ζωῆς
1361 2310 1511 2346 άποφοιτᾷν
1524 2311 1667 2347 ᾑρημένοι,
1679 2312 1798 2339 ἕπεσθαί
1810 2322 1838 2340 τε

210 2364 292 2390 quam
320 2355 438 2383 maximo
453 2355 546 2383 studio
576 2355 623 2383 Dei
651 2356 724 2392 leges
754 2356 969 2383 constituerimu:

1079 2355 1104 2380 ῖν
1116 2355 1156 2382 ὅτι
1165 2355 1282 2390 μάλιστα
1296 2356 1517 2389 διεσπουδακότες
1526 2359 1583 2389 τοῖς
1593 2358 1640 2385 τοῦ
1651 2358 1720 2385 Θεοῦ
1733 2359 1837 2394 νόμοις,

210 2400 333 2429 nondum
355 2405 445 2428 tamen
462 2400 597 2428 fuerimus
624 2401 710 2428 sancti
737 2400 906 2436 baptismatis
934 2408 969 2435 gr:

1079 2409 1126 2428 ιπω
1141 2410 1173 2436 γε
1192 2402 1243 2437 μὴν
1258 2402 1307 2438 τὴν
1325 2402 1367 2430 διὰ
1386 2403 1433 2430 τοῦ
1455 2404 1535 2438 ἁγίου
1552 2405 1740 2440 βαπτίσματος
1755 2415 1838 2433 κατα-

211 2447 277 2474 tiam
289 2446 442 2479 consecuti,
457 2453 627 2481 nequequam
638 2445 704 2473 satis
719 2445 804 2473 fortes
821 2449 867 2472 aut
886 2449 970 2480 parat:

1078 2448 1250 2482 Lout'haav-rs;
1261 2448 1351 2484 χάριν,
1368 2449 1397 2476 οὺ
1416 2449 1476 2476 λίαν
1489 2450 1573 2485 ἐσμὲν
1586 2451 1739 2484 εὐσθενιῖς,
1754 2453 1837 2487 ἤγουν

210 2496 284 2519 certe
307 2491 342 2518 ad
364 2491 502 2518 molestias
525 2490 679 2518 tolerandas
704 2490 770 2522 fore,
786 2495 815 2517 ct
839 2489 969 2517 subeundi

1077 2493 1197 2527 ιιτήδειοι
1209 2495 1277 2529 πρὸς
1288 2494 1320 2520 τὸ
1334 2495 1432 2530 χρῆναι
1441 2496 1599 2531 τληπαθείν,
1613 2497 1660 2524 καὶ
1671 2498 1836 2533 ἀνασχέσθαι

210 2544 260 2571 pro
287 2536 387 2564 virtute
413 2535 530 2568 labores,
554 2540 636 2570 atque
665 2535 698 2562 ad
723 2535 857 2562 bellorum
874 2535 968 2570 pericu

1077 2537 1138 2565 ivwv
1154 2539 1207 2565 τῶν
1224 2537 1427 2576 ὑπὲρ’ὰρετῆς,
1448 2542 1495 2568 καὶ
1521 2542 1647 2578 πολέμων
1670 2544 1770 2579 πεῖραν
1793 2544 1836 2571 δύ-

209 2579 380 2614 pcrl'erenda.
392 2579 628 2612 Quemadmodum
645 2579 718 2606 enim
739 2583 839 2606 tenera:
861 2579 968 2606 arbusei

1076 2583 1145 2610 ισθαι
1155 2584 1311 2619 διενεγκεῖν.
1318 2585 1420 2622 ’Ὠσπερ
1431 2587 1460 2614 δὲ
1473 2587 1507 2613 τὰ
1521 2587 1652 2623 ἀρτιθαλῆ
1668 2588 1724 2616 τῶν
1734 2589 1835 2624 φυτῶν.

210 2628 241 2653 ιω
249 2626 504 2654 vehementissimos
518 2626 583 2654 solis
595 2626 686 2653 radios
698 2625 768 2652 ferre
791 2630 931 2656 recusant.
944 2634 969 2653 nl

1075 2630 1098 2665 ᾗς
1114 2631 1302 2666 ἀκμαιοτάτης
1324 2632 1373 2667 μὲν
1389 2632 1437 2659 τοῦ
1460 2633 1537 2668 ἡλίου
1557 2633 1637 2670 βολῆς
1660 2637 1834 2671 παραιτεῖται

209 2680 262 2707 quc
266 2680 366 2707 parum
376 2673 510 2700 laedantur
523 2672 545 2700 si
558 2676 703 2699 ventorum
716 2671 875 2699 violentiore
892 2672 968 2708 impct

1091 2675 1199 2710 βλάϐος,
1212 2677 1345 2704 ἀδικοῖντο
1356 2677 1379 2704 δ’
1395 2679 1429 2705 ἂν
1445 2679 1476 2706 οὐ
1489 2680 1617 2715 μετρίως,
1633 2681 1657 2707 εί
1671 2682 1835 2717 πνευμάτων

209 2718 378 2753 quatiuntur,
394 2719 511 2753 ideoque
528 2725 640 2753 prorsus
659 2725 728 2753 opus
747 2717 848 2745 habent
858 2718 968 2745 nonnull

1075 2721 1173 2754 ιϐολαῖς
1194 2723 1377 2758 άγριωτὲραις
1402 2724 1653 2761 διακραδαίνοιντο,
1681 2727 1724 2754 δεῖ
1748 2728 1778 2754 δὲ
1803 2728 1834 2764 δὴ

208 2772 241 2791 ex
254 2769 312 2791 arte
329 2764 504 2799 adjumentis,
521 2768 603 2798 atque
624 2763 792 2790 munimento
802 2767 860 2798 jquo
877 2763 967 2791 circun

1076 2766 1154 2798 ὶντως
1169 2767 1262 2800 αὐτοῖς
1282 2768 1338 2795 τῶν
1357 2769 1388 2796 ἐκ
1406 2770 1503 2805 τέχνης
1525 2771 1769 2807 ὲπικουρημάτων,
1789 2773 1835 2799 καὶ

203 2815 336 2846 tegantur
355 2810 426 2841 :sic,
445 2809 552 2843 opinor,
575 2809 658 2836 etiam
681 2809 800 2837 hominis
819 2810 909 2837 anima
935 2818 962 2844 qr

1075 2820 1094 2847 ig
1104 2813 1132 2839 ἐν
1145 2813 1236 2848 κύκλῳ
1247 2813 1394 2848 περιϐολῆς
1407 2823 1414 2830 ο
1428 2816 1498 2842 κατὰ
1509 2817 1554 2843 τὸν
1567 2817 1659 2851 αὑτὸν,
1670 2816 1760 2854 οἶμαι,
1775 2827 1834 2846 του-

243 2858 365 2886 ⁸⁰.Εχοι1,
386 2858 536 2890 Πνυκὶ-16.
573 2859 594 2873 ⁸⁸
613 2858 622 2886 1
639 2858 702 2886 Cor.
725 2867 751 2891 Χ,
765 2859 805 2885 2..
830 2859 852 2874 ⁸³
868 2858 954 2885 Exod.
971 2867 1002 2886 χιι

639 2858 702 2886 Cor.
725 2867 751 2891 Χ,
765 2859 805 2885 2..
830 2859 852 2874 ⁸³
868 2858 954 2885 Exod.
971 2867 1024 2893 inv,
1048 2860 1093 2893 ΞΟ,
1119 2861 1163 2888 21.
1197 2861 1220 2877 ⁸³
1240 2861 1302 2888 lsai.
1320 2869 1356 2895 Ix,
1371 2863 1386 2890 6
