1924 3043
49 203 102 232 973

431 204 476 232 DE
495 201 716 232 ADORATIONE
733 201 767 230 IN
786 201 922 231 SPIRITU
941 203 986 232 El‘
1003 203 1187 233 VERITATE.
1204 205 1268 233 LIB.
1290 205 1334 233 Ill.

1634 203 1688 230 274‘

53 261 107 289 τονὶ
127 261 235 297 τρόπον
259 261 336 297 καὶὴ
351 259 398 288 τοῦ
418 259 562 297 ἀνθρώπου
575 259 659 296 ψυχὴ,
677 259 739 296 ἄρτι
751 259 802 295 τῆς
817 260 849 287 ἑκ

914 270 988 297 παρετ
1005 271 1021 290 e
1035 264 1166 292 servitute
1179 265 1309 293 vitiorum
1321 266 1476 296 emersent,
1489 262 1522 290 ad
1533 263 1688 290 meliorem-

56 307 147 335 παθῶν
157 307 285 339 δουλείας
296 307 474 343 ἐκτρέχουσα,
488 307 535 334 καὶ
546 307 612 342 πρὸς
622 306 656 334 τὰ
667 306 771 342 ἀμείνω
785 306 850 342 μεθ-

55 353 230 390 ορμιζομένη
245 375 253 387 ,
283 354 331 381 καὶ
349 354 388 389 τῷ
408 353 472 389 θείῳ
488 353 697 381 κατακολουθεῖν
721 353 851 380 ἐθέλουσα

56 400 139 435 νόμῳ,
151 400 344 435 τρυφερόνους
355 399 385 426 τέ
401 401 462 426 ἐστι
473 399 520 426 καὶ
533 399 713 434 εὐαφεστέρα,
727 399 774 426 καὶ
787 399 853 426 ἀνα-

58 446 163 472 σοόοῖτο
179 445 314 478 εὐκόλως,
330 445 426 472 ἀνόπιν
442 445 543 480 ίδρῶτα
561 445 712 480 τεθεαμένη
741 445 788 472 καὶ
806 453 854 472 πο-

57 492 140 527 λέμου
149 492 247 527 νόμον,
262 491 400 518 ἀσπαστὸν
410 491 438 518 δὲ
448 491 580 526 ἡγήσεται
593 491 624 518 τὸ
635 492 665 519 ὲν
675 488 716 522 οἷς
730 488 765 526 ἦν
788 499 853 517 ποτε

57 537 230 572 διαγενέσθαι
250 537 342 565 πάλιν.
362 537 417 565 Καὶ
437 536 504 571 γοῦν
519 538 544 563 οί
565 537 596 571 ἐξ
616 536 725 573 Ἰσραὴλ
735 536 786 572 τὴν
799 535 855 562 τῶν

60 583 219 617 Δίγυπτιων
237 583 397 618 τεθεαμένοι
413 582 603 619 παρασκευὴν,
621 582 748 619 καὶπρὸς
771 582 855 618 μόνην

60 627 104 654 τοῦ
117 627 244 663 πολέμου
260 628 308 664 τὴν
321 628 386 654 θέαν
399 628 593 664 ἀπειρηκότες,
606 628 754 663 ἐπεφύοντο
763 628 855 663 λέγον·

60 682 104 706 τες
117 673 158 709 τῷ
170 674 309 709 θεσπεσίῳ
321 674 419 710 Μωσῇ’
440 683 450 699 ‹
469 674 507 701 Οὐ
522 673 601 701 τοῦτο
618 674 692 710 ῥῆμα
703 671 738 709 ἦν
756 673 770 700 δ
793 674 856 700 ἐλα-

61 719 184 755 λὴσαμεν
195 720 226 746 ὲν
244 719 375 755 Αἰγύπτῳ
387 719 455 755 πρὸς
470 720 500 747 σὲ
511 720 646 754 λέγοντες,
661 720 750 756 Πάρες
763 720 848 755 ἡμᾶς.

62 766 135 798 ὃπως
161 765 353 801 δουλιύσωμεν
374 767 430 798 τοῖς
452 766 629 800 Δίγυπτίοιςς
654 767 781 802 κρεῖσσον
802 766 856 802 γὰρ

64 812 135 847 ἡμᾶς
147 812 287 839 δουλεύειν
299 812 474 847 Αἰγυπτίοις,
512 813 658 840 ἀποθανεῖν
668 814 698 840 ὲν
713 814 747 849 τῇ
761 813 857 848 ἐρήμῳ

63 858 160 895 ταύτῃ.
183 867 193 885 ι
218 858 324 886 οὐκοῦν
339 858 458 895 ἀδρανὴς
476 859 517 890 είς
534 858 635 894 μάχην,
650 859 697 886 καὶ
712 858 781 894 πρὸς
795 859 856 885 δου-

64 904 137 932 λείαν
158 905 338 940 ἑτοιμοτάτη,
361 904 408 932 καὶ
444 905 664 940 εὐκαταπτόητος
685 904 781 940 κομιδῇ
804 904 857 940 πρὸ

66 950 111 978 τοῦ
123 950 205 985 ἁγίου
226 950 411 987 βαπτίσματος
430 952 447 986 ἡ
461 951 508 978 τοῦ
526 950 671 987 ἀνθρώπου
684 951 773 986 ψυχή’
793 951 816 976 εί
829 950 858 977 δὲ

66 998 96 1033 δὴ
106 998 229 1033 τυχοῦσα
243 998 292 1033 τῆς
301 998 412 1033 χάριτος
422 997 472 1033 τὴν
486 997 517 1030 ἐξ
527 997 612 1032 ὕψους
625 997 740 1033 δύναμιν
754 997 858 1033 ἀμφιά-

68 1051 143 1070 omo
157 1063 165 1075 ,
194 1043 394 1070 εὕσθενέστατα
414 1042 464 1078 μὲν
484 1043 659 1079 ἀντεγκομιεῖ
673 1044 730 1075 τοῖς
748 1042 859 1070 διώκειν

67 1089 200 1121 ίθέλουσι,
212 1089 260 1117 καὶ
271 1090 445 1125 διαμαχεῖται
455 1090 598 1124 γενναίως,
611 1091 698 1126 ῥᾷστα
713 1090 736 1117 δ’
754 1089 788 1117 ἀν
801 1089 859 1116 δια-

66 1135 216 1170 κρούσαιτο
229 1136 280 1168 τὰς
291 1136 347 1163 τῶν
360 1136 496 1171 πολεμίων
509 1136 709 1167 ἀπαναστάσεις
717 1155 725 1168 ,
743 1144 860 1172 στρατη-

68 1182 179 1216 γοῦντός
192 1191 222 1209 τε
235 1183 284 1209 καὶ
301 1182 516 1218 προασπίζοντος
527 1182 657 1218 Χριστοῦ.
673 1182 859 1218 Περιισόμεθα

68 1229 120 1263 γὰρ
136 1228 188 1264 οὐχ
205 1228 306 1264 ἑτέρως
317 1229 334 1263 ἢ
350 1228 422 1256 κατά
436 1228 531 1255 τοῦτον
545 1228 625 1255 αὐτὸν
639 1228 685 1254 τὸν
695 1227 805 1262 τρόπον,

103 1274 210 1301 ΠΑΔΛ.
233 1274 335 1300 Σκόπει
355 1274 388 1310 δὴ
409 1272 456 1301 οὖν
475 1273 519 1301 διά
533 1273 619 1301 ποίων
637 1274 703 1309 ἡμῖν
717 1273 764 1300 καὶ
782 1272 860 1300 τοῦτο

70 1320 261 1355 παραστήσας
280 1319 528 1356 παραδειγμάτων·
551 1319 702 1355 ἀπορήσεις
724 1319 778 1355 γὰρ
802 1318 859 1346 οὔτι

70 1375 130 1393 που.

103 1413 187 1440 ΚΥΡ.
201 1413 251 1440 Διά
264 1413 398 1440 πλείστων
408 1413 457 1449 μὲν
471 1410 518 1440 οὖν
533 1413 604 1440 ὅσων
616 1412 772 1445 καταδεῖξαι
784 1412 858 1448 ῥᾷον,

71 1459 141 1494 πλὴν
156 1459 213 1486 ἀπό
237 1467 270 1494 γε
285 1459 394 1494 πρώτου
405 1459 453 1486 τοῦ
469 1459 605 1493 γείτονος,
620 1459 667 1486 καὶ
683 1459 712 1493 ἐξ
727 1455 765 1486 ὧν
780 1458 861 1490 αὐτὸς

72 1506 215 1541 γέγραφεν
229 1507 245 1533 ὁ
258 1506 361 1542 Μωσῆς
372 1514 381 1521 “
391 1507 415 1532 οί
428 1506 481 1542 γὰρ
495 1506 562 1542 πρὸς
585 1506 668 1542 μόνην
682 1505 862 1542 ἀπειρηκότες

70 1553 124 1580 τῶν
138 1552 300 1586 Αἰγυπτίων
322 1551 371 1588 τὴν
384 1551 459 1583 θέαν,
475 1552 569 1588 ἐπειδὴ
591 1552 641 1588 τὴν
664 1551 798 1588 Ἐρυθρὰν
821 1551 862 1578 δι-

901 317 954 344 que
966 309 1070 344 frugem
1092 311 1220 343 evaserit,
1235 319 1266 338 ac
1283 311 1331 338 Dei
1350 311 1437 345 legem
1458 309 1536 344 sequi
1559 308 1687 340 voluerit,

902 357 1018 385 delicata
1029 357 1120 384 adhuc
1132 361 1161 384 et
1171 356 1280 384 mollior
1298 365 1359 384 cum
1371 357 1417 389 sit,
1432 356 1479 384 ubi
1498 355 1626 384 sudorem
1644 355 1688 382 vi-

902 402 974 431 derit
996 402 1174 437 laboremque
1202 410 1309 438 pugnae,
1331 407 1405 430 metu
1427 401 1584 437 perterrita,
1610 400 1689 428 facile

903 453 979 485 terga
998 453 1095 482 vertet,
1112 449 1287 484 optabilcque
1304 449 1387 476 ducet
1397 456 1429 476 ea
1448 452 1570 483 repetere
1589 448 1616 475 in
1630 447 1690 482 qui-

903 495 955 522 bus
972 499 1051 522 antea
1068 494 1237 522 versabatur.
1261 494 1353 529 Itaque
1376 494 1516 526 Israelitaa,
1534 501 1596 521 cum
1610 493 1690 528 Aigy-

904 539 1023 575 ptiorum
1041 545 1200 576 apparatum
1214 539 1358 572 vidissent,
1372 544 1453 574 atque
1467 539 1499 568 ad
1513 548 1609 575 pugna:
1624 547 1691 567 con-

904 589 1027 621 spectum
1041 586 1174 614 duntaxat
1189 585 1296 614 animos
1313 585 1487 621 abjecissent,
1503 585 1690 621 insurgebant,

905 631 1028 659 dicentes
1039 632 1148 668 Moysi:
1173 642 1182 658 ‹
1201 631 1297 660 Nonne
1322 632 1375 659 hoc
1400 636 1459 658 erat
1479 631 1594 659 verbum
1618 631 1692 666 quod

905 678 990 705 locuti
1001 686 1096 706 sumus
1106 678 1140 706 ad
1151 682 1176 706 te
1191 679 1220 706 in
1232 678 1356 714 Egypto,
1371 677 1508 705 dicentes:
1521 676 1632 705 Dimitte
1643 685 1692 704 nos

909 728 940 751 ut
963 724 1117 752 serviamus
1129 724 1282 760 Egyptiis?
1295 723 1393 751 melius
1408 722 1481 750 enim
1497 727 1558 750 erat
1569 730 1619 750 nos
1635 730 1693 750 ser-
1724 750 1728 752 _

906 770 964 797 vire
978 769 1121 805 Egyptiis,
1134 778 1215 805 quam
1231 770 1300 797 mori
1320 771 1348 797 in
1367 770 1477 798 deserto
1490 769 1543 796 hoc
1551 769 1574 784 "'
1586 788 1594 795 .
1613 778 1622 794 ι
1642 769 1694 796 Im—

906 815 985 843 bellis
996 823 1061 851 ergo
1072 816 1106 843 ad
1118 824 1234 851 pugnam
1245 820 1326 851 atque
1346 816 1379 844 ad
1395 815 1572 843 metuendum
1593 815 1695 850 procli-

906 862 963 894 vis,
991 867 1019 890 et
1037 862 1172 896 ejusmodi
1199 870 1260 897 qua:
1282 862 1429 889 admodum
1457 860 1536 889 facile
1561 860 1694 888 deterreri

908 908 1004 943 possit,
1022 907 1111 936 anima
1127 908 1246 936 hominis
1265 911 1306 936 est
1321 913 1385 936 ante
1409 915 1518 936 sacrum
1542 906 1693 942 baptisma:

910 956 947 984 at,
963 952 985 980 si
999 953 1055 988 jam
1072 952 1142 981 facta
1153 953 1214 988 ejus
1234 953 1328 989 gratiae
1347 961 1468 988 compos,
1487 953 1562 980 illam
1584 960 1618 980 ex
1640 952 1695 980 alto

909 999 1038 1026 virtutem
1060 999 1154 1026 induta
1166 999 1259 1031 fuerit,
1280 1003 1336 1027 tum
1358 1007 1424 1027 vero
1443 998 1592 1027 fortissime
1623 998 1697 1026 obsi-

909 1047 963 1071 stet
974 1044 1101 1080 persequi
1118 1045 1303 1080 cupientibus,
1321 1053 1352 1073 ac
1372 1049 1484 1073 strenue
1500 1045 1642 1081 pugnabit;
1659 1044 1697 1073 fa-

909 1090 1011 1118 cillime
1023 1099 1132 1126 quoque
1149 1091 1280 1126 impetum
1295 1091 1416 1120 hostium
1432 1091 1571 1124 rctundet,
1586 1089 1696 1120 Christo

910 1140 967 1163 tum
986 1136 1065 1168 duce,
1087 1139 1144 1163 tum
1163 1141 1377 1172 propugnatore.
1397 1136 1491 1172 Neque
1516 1137 1589 1164 enim
1618 1136 1697 1164 aliter

910 1189 991 1217 quam
1006 1181 1058 1210 hac
1070 1190 1123 1210 una
1140 1182 1244 1210 ratione
1259 1182 1417 1218 superiores
1424 1183 1538 1210 erimus.

945 1279 1044 1307 PALL.
1061 1279 1130 1308 Vide
1154 1280 1237 1315 igitur
1259 1280 1360 1315 quibus
1377 1280 1538 1308 boc‘etiam
1566 1280 1698 1315 exemplis

910 1326 1124 1353 conﬁrmaturus
1141 1326 1199 1360 sis;
1213 1333 1303 1362 neque
1322 1326 1395 1354 enim
1411 1334 1507 1354 eorum
1528 1326 1633 1362 copiam
1648 1326 1697 1354 tibi

865 1385 876 1393 ι
911 1370 1065 1398 defuturam
1080 1375 1157 1406 puto.

945 1416 1024 1444 (ΠΒ.
1042 1416 1257 1452 Quamplurimis
1275 1416 1303 1445 id
1317 1416 1428 1452 quidem
1441 1417 1574 1453 exemplis
1588 1417 1700 1445 demon-

911 1465 999 1489 strare
1023 1462 1152 1497 perfacile
1176 1468 1235 1497 est;
1265 1467 1473 1496 verumtamen,
1491 1463 1610 1498 primum
1633 1463 1700 1490 illud

912 1507 974 1540 erit,
993 1507 1066 1543 quod
1077 1511 1105 1535 et
1118 1508 1273 1543 proximum
1287 1510 1338 1541 est,
1359 1510 1387 1536 et
1403 1508 1461 1543 ipse
1475 1508 1581 1544 Moyses
1601 1507 1701 1535 litteris

913 1552 1069 1580 mandavit:
1083 1553 1130 1588 qui
1147 1553 1222 1580 enim
1236 1553 1294 1581 solo
1315 1558 1427 1589 aspectu
1447 1553 1635 1590 Egyptiorum
1650 1553 1699 1581 de-

71 1599 174 1633 έσησαν
200 1598 349 1630 θάλασσαν,
369 1599 416 1626 καὶ
439 1599 485 1627 τὸν
503 1599 551 1626 τοῦ
574 1599 652 1633 ἁγίου
677 1599 860 1634 βαπτίσματος

915 1597 1081 1633 sponderant
1105 1597 1221 1630 animos,
1245 1603 1340 1633 postea
1370 1606 1451 1634 quam
1478 1599 1602 1627 Rubrum
1626 1606 1700 1626 mare

71 1647 208 1682 ἐπλήρουν
223 1645 309 1673 τύπον
322 1646 542 1682 (ἐϐαπτίσθησαν
554 1646 619 1682 γὰρ,
634 1645 726 1681 φησὶν,
743 1646 784 1678 είς
799 1645 863 1672 Μω-

73 1690 140 1722 σέα,
157 1690 285 1726 καθάπερ
308 1690 357 1717 καὶ
374 1690 389 1717 ὁ
408 1691 490 1725 σοφὸς
512 1691 613 1726 γράφει
637 1685 758 1722 Παῖῖλος,
781 1691 810 1716 ἑν
828 1691 861 1726 τῇ

72 1736 169 1772 νεφέλῃ
183 1736 231 1763 καὶ
241 1737 271 1763 ὲν
282 1737 315 1772 τῇ
324 1736 467 1773 θαλάσσῃ),
487 1737 600 1772 μάχιμοί
610 1746 639 1764 τε
656 1737 704 1773 ἤδη
721 1737 768 1764 καὶ
783 1737 864 1764 δεινοὶ

72 1781 141 1818 πρὸς
155 1781 315 1809 ἀντίστασιν
330 1783 515 1810 ἀνεδείκνυντο
525 1785 582 1816 τοῖς
594 1784 711 1819 ἐχθροῖς,
726 1783 796 1820 πλὴν
821 1783 864 1811 διὰ

72 1827 201 1863 Χριστοῦ.
218 1828 378 1864 Γέγραπται
393 1829 422 1856 δὲ
434 1828 531 1860 οὕτως·
557 1837 566 1855 ι
586 1827 674 1856 Ἦλθε
687 1829 716 1856 δὲ
737 1829 864 1866 Ἀμαλὴκ

74 1874 120 1901 καὶ
142 1874 275 1909 ἐπολέμει
303 1875 411 1911 Ἰσραὴλ
430 1875 459 1901 ὲν
481 1875 601 1910 Ῥαφδίν.
623 1873 699 1905 Eius,
713 1875 742 1903 δὲ
762 1875 865 1911 Μωσῆς

73 1919 112 1956 τῷ
136 1919 243 1956 Ἰησοῦ·
262 1919 402 1954 Ἐπίλεξαι
420 1921 525 1957 σεαυτῷ
539 1921 640 1956 ἄνδρας
654 1921 799 1954 δυνατοὺς,
817 1923 865 1948 καὶ

75 1968 190 2001 ἐξελθὼν
214 1968 370 2004 παράταξαι
393 1968 433 2004 τῷ
455 1960 579 2005 Ἀμαλῆκ
603 1968 715 2004 αὒριον·
738 1969 786 1997 καὶ
811 1969 864 1995 ἰδοὺ

76 2014 130 2049 ἐγὼ
145 2014 253 2049 ἕστηκα
264 2013 311 2040 ἐπὶ
322 2014 372 2049 τῆς
389 2014 514 2050 κορυφῆς
547 2014 595 2041 τοῦ
609 2013 713 2050 βουνοῦ,
728 2014 803 2051 καὶὴ
819 2015 866 2050 ῥά-

75 2061 135 2093 ϐδος
146 2059 195 2087 τοῦ
210 2059 278 2086 Θεοῦ
291 2060 319 2086 ἐν
333 2061 366 2096 τῇ
381 2060 453 2096 χειρί
468 2069 529 2096 μου.
541 2061 597 2088 Καὶ
608 2061 734 2097 εποίησεν
753 2060 866 2098 Ἰησοῦς,

76 2105 204 2141 καθάπερ
216 2103 291 2140 αὐτῷ
303 2102 364 2131 εἷπε
374 2104 488 2140 Μωσῆς,
500 2105 548 2133 καὶ
561 2104 678 2138 ἐξελθὼν
692 2105 867 2141 παρετάξατο

75 2150 113 2186 τῷ
132 2150 258 2186 ’Δμαλήκ
267 2157 274 2165 ·
287 2149 334 2176 καὶ
347 2149 466 2184 Μωσῆς,
482 2150 531 2177 καὶ
554 2149 671 2186 Ἀαρὼν,
685 2151 732 2178 καὶ
746 2151 796 2187 “Op
820 2150 868 2177 ἀν-

77 2196 177 2231 έϐησαν
187 2195 236 2223 ἐπὶ
245 2195 293 2232 τὴν
309 2195 429 2231 κορυφὴν
441 2194 488 2222 τοῦ
500 2195 663 2231 βουνοῦ.Καὶ
677 2196 792 2231 ἐγίνετο,
805 2196 869 2223 ὅταν

77 2241 162 2278 ἐπῆρε
175 2241 280 2277 Μωσῆς
291 2241 341 2272 τὰς
352 2241 445 2277 χεῖρας
465 2242 610 2277 κατίσχυεν
628 2242 746 2278 Ἰσραὴλ,
763 2243 826 2270 ὅταν
840 2242 869 2270 δὲ

915 1644 1092 1678 trajecerunt,
1105 1650 1136 1670 ac
1149 1643 1237 1671 sancti
1254 1643 1426 1678 baptismatis
1444 1643 1558 1679 ﬁguram
1577 1644 1703 1680 expleve-

914 1693 978 1716 runt
995 1688 1137 1725 (baptizati
1153 1696 1270 1724 namque
1283 1693 1346 1716 sunt
1364 1689 1392 1716 in
1404 1689 1524 1725 Moysen,
1547 1693 1577 1717 ut
1592 1689 1701 1725 sapien-

915 1735 1018 1762 tissime
1028 1735 1125 1762 scribit
1137 1735 1277 1768 Paulus“,
1291 1734 1319 1762 in
1341 1735 1398 1770 88
1418 1735 1492 1763 nube
1513 1739 1541 1763 et
1562 1735 1589 1762 in
1609 1734 1700 1771 mari),

915 1780 999 1808 fortes
1013 1781 1068 1817 jam
1085 1789 1116 1808 ac
1133 1785 1261 1809 strenuos
1273 1789 1301 1809 se
1316 1781 1350 1808 ad
1370 1781 1552 1809 resistendum
1577 1781 1702 1809 hostibus

915 1826 1109 1862 praebuerunt;
1135 1835 1190 1855 non
1215 1831 1305 1854 tamen
1327 1827 1387 1854 sine
1407 1826 1526 1856 Christo.
1551 1826 1596 1854 Sic
1627 1827 1702 1854 enim

916 1873 1049 1908 scriptum
1062 1877 1104 1901 est
1116 1882 1122 1900 :
1144 1873 1239 1901 «Venit
1251 1878 1343 1901 autem
1358 1873 1479 1906 Amalec,
1490 1876 1518 1901 et
1529 1873 1703 1909 oppugnabat

916 1919 998 1947 Israel
1009 1919 1038 1946 in
1052 1919 1210 1955 Raphidim.
1229 1919 1303 1948 Dixit
1320 1924 1411 1947 autem
1422 1919 1526 1956 Moyses
1536 1919 1633 1947 Josue:
1648 1919 1703 1946 Eli-

917 1973 948 2001 ge
965 1965 1015 1993 tibi
1031 1965 1106 1993 viros
1119 1969 1256 2001 potentes,
1270 1969 1298 1993 et
1312 1973 1438 2001 egressus
1458 1965 1626 2001 congredere
1640 1972 1702 1992 cum

916 2012 1027 2040 Amalec
1043 2019 1120 2044 cras;
1137 2016 1165 2039 et
1173 2019 1236 2040 ecce
1252 2019 1303 2047 ego
1317 2012 1395 2039 stabo
1414 2011 1441 2039 in
1453 2012 1554 2040 vertice
1571 2011 1659 2044 collis,
1676 2015 1709 2040 et,

917 2057 991 2092 virga
1006 2057 1055 2085 Dei
1075 2056 1103 2084 in
1120 2064 1203 2084 manu
1214 2065 1284 2084 mea.
1304 2057 1339 2085 Et
1351 2056 1416 2084 fecit
1428 2056 1522 2090 Iosue,
1542 2057 1612 2085 sicut
1636 2057 1705 2084 dixit

918 2103 944 2131 ei
960 2103 1074 2139 Moyses,
1089 2107 1117 2130 ct
1129 2103 1223 2130 exiens
1245 2110 1408 2139 congressus
1433 2106 1476 2131 est
1492 2110 1554 2130 cum
1575 2103 1703 2131 Amalec:

919 2154 947 2177 et
962 2149 1067 2186 Moyses
1077 2153 1105 2177 et
1120 2149 1210 2176 Aaron
1221 2153 1250 2177 et
1265 2149 1323 2177 Hur
1335 2149 1517 2177 ascenderunt
1533 2149 1561 2176 in
1573 2149 1704 2177 verticem

920 2195 1007 2224 collis.
1022 2195 1056 2222 Et
1071 2194 1173 2222 factum
1185 2199 1237 2227 est,
1253 2194 1363 2230 quando
1384 2194 1510 2223 elevabat
1528 2195 1634 2230 Moyses
1646 2203 1705 2222 ma-

921 2249 983 2274 nus,
1002 2240 1166 2276 praevalebat
1178 2240 1277 2274 Israel;
1301 2240 1411 2277 quando
1436 2244 1526 2268 autem
1549 2239 1706 2268 remittebat

77 2277 181 2322 καθῆκε
193 2287 243 2319 τὰς
260 2288 364 2323 χεῖρας,
379 2288 524 2323 κατίσχυεν
545 2277 678 2328 ’Λμαλῄκξ
691 2277 724 2315 Δί
735 2288 762 2316 δὲ
777 2289 860 2324 χεῖρες

919 2294 1027 2320 manus,
1049 2286 1216 2322 pmvalebat
1238 2286 1359 2314 Amalec.
1387 2284 1482 2314 Manus
1502 2290 1595 2315 autem
1620 2286 1705 2323 Moysi

78 2333 164 2368 Μωσῆ
174 2332 294 2369 βαρεῖαι,
301 2332 348 2360 καὶ
358 2332 485 2364 λαϐόντες
491 2332 563 2360 λίθον
576 2332 713 2368 ἐπέθηκαν
723 2333 770 2360 ὑπ’
777 2333 868 2366 αὐτὸν,

78 2378 124 2406 καὶ
131 2378 251 2414 ἐκάθητο
257 2378 301 2404 ἐπ’
316 2378 407 2411 αὐτοῦ,
417 2379 465 2405 καὶ
480 2377 596 2415 Ἀαρὼν,
612 2378 658 2405 καὶ
669 2379 719 2415 Ὠρ
728 2379 870 2415 ἔστήριζον

78 2425 125 2457 τὰς
146 2427 244 2460 χεῖρας
263 2425 362 2458 αὑτοῦ,
376 2425 502 2453 ἐντεῦθεν
518 2423 575 2459 εἷς,
600 2427 647 2454 καὶ
664 2426 787 2453 ἐντεῦθεν
809 2424 850 2459 εἷς
861 2435 867 2442 ·

79 2471 124 2498 καὶ
137 2471 262 2506 ἐγίνοντο
282 2472 311 2498 αἱ
330 2473 419 2507 χεῖρες
435 2473 521 2508 Μωσῇ
538 2473 733 2509 ἐστηριγμέναι
754 2473 806 2506 ἕως
825 2474 870 2501 δυ-

81 2512 166 2554 σμῶν’
180 2517 260 2553 ἡλίου
272 2525 278 2532 ”
306 2518 353 2544 καὶ
372 2516 504 2553 ἐτρέψατο
530 2518 632 2554 Ἰησοῦς
649 2519 694 2545 τὸν
724 2519 848 2554 ’Λμαλὴκ
859 2539 867 2552 ,

80 2563 125 2590 καὶ
143 2562 234 2590 πάντα
251 2562 298 2589 τὸν
319 2561 381 2588 λαὸν
396 2561 478 2589 αὑτοῦ
502 2562 531 2589 ὲν
547 2562 620 2598 φόνῳ
637 2562 783 2599 μαχαίρας.
798 2559 869 2590 Eine

80 2610 106 2636 δὲ
121 2610 227 2645 Κύριος
242 2608 311 2645 πρὸς
323 2608 425 2644 Μωσῆν
437 2616 444 2623 ν
457 2608 639 2644 Κατάγραψον
657 2608 736 2635 τοῦτο
749 2609 789 2640 εἰς
801 2617 869 2645 μνη-

84 2657 199 2690 μόσυνον
215 2655 244 2681 ὲν
262 2653 357 2689 βιϐλίῳ
369 2673 376 2686 ,
392 2653 440 2680 καὶ
459 2653 503 2685 δὺς
519 2654 560 2687 είς
572 2653 608 2680 τὰ
619 2651 677 2681 ὦτα
706 2653 794 2690 Ἰησοῦ
807 2675 814 2688 ,
828 2655 869 2681 ὅτι

83 2701 179 2737 ἀλοιφῇ
191 2699 326 2734 ἐξαλείψω
346 2698 376 2726 τδ
391 2698 561 2734 μνημόσυνον
578 2698 700 2734 Ἀμαλὴκ
711 2699 743 2726 ὲκ
751 2699 802 2734 τῆς
817 2698 870 2725 ὑπὸ

83 2748 126 2774 τὸν
149 2746 275 2783 οὐρανόν.
297 2745 353 2772 Καὶ
374 2744 532 2781 ᾠκοδόμησε
551 2745 654 2781 Μωσῆς
678 2745 871 2781 θυσιαστήριον

85 2793 120 2829 τῷ
138 2793 253 2830 Κυρίῳ,
269 2791 318 2819 καὶ
334 2791 496 2826 ἐπωνόμασε
510 2791 541 2818 τὸ
559 2791 642 2826 δνομα
661 2791 755 2824 αὐτοῦ,
768 2791 871 2828 Κύριος

87 2839 228 2874 καταφυγή
245 2846 308 2873 μου,
326 2838 367 2864 ὅτι
378 2838 407 2864 ἐν
421 2837 492 2873 χειρὶ
508 2837 629 2874 κρυφαία
641 2836 754 2872 πολεμεῖ
769 2837 871 2874 Κύριος

88 2886 131 2912 tul.
151 2884 274 2920 ’Δμαλὴκ
293 2883 346 2910 ἀπὺ
358 2883 458 2918 γενεῶν
473 2884 513 2914 εἰς
529 2883 633 2918 γενεάς.
655 2893 664 2909 ι

115 2943 137 2959 ⁸⁸
153 2941 239 2970 Exod.
255 2949 310 2977 xiv,
343 2940 384 2968 l2.
423 2940 444 2958 ⁵⁵
472 2940 559 2969 lCor.
586 2949 611 2974 x,
630 2940 655 2967 Ξ.

918 2340 1013 2368 graves
1024 2337 1118 2360 erant:
1134 2336 1163 2360 et
1179 2332 1346 2367 accipientes
1364 2332 1493 2367 lapidem,
1505 2337 1707 2368 supposuerunt

918 2377 970 2405 sub
983 2385 1026 2411 eo,
1040 2381 1068 2405 et
1083 2377 1154 2405 sedit
1171 2385 1254 2412 super
1265 2385 1340 2411 eum,
1358 2381 1386 2405 et
1399 2377 1490 2405 Aaron
1511 2382 1540 2406 et
1563 2379 1621 2406 Hur
1645 2386 1706 2409 sus-

920 2423 1063 2451 tentabant
1077 2431 1175 2452 manus
1188 2425 1258 2460 ejus,
1273 2423 1339 2452 hinc
1351 2431 1432 2456 unus,
1447 2428 1475 2451 et
1491 2424 1557 2452 hinc
1575 2425 1660 2452 alter:
1679 2430 1708 2452 et

919 2470 1033 2498 fuerunt
1045 2478 1141 2498 manus
1151 2470 1236 2506 Moysi
1248 2473 1407 2498 sustentatae
1418 2477 1504 2505 usque
1522 2470 1556 2499 ad
1580 2478 1707 2498 occasum

921 2516 1002 2544 solis:
1016 2521 1044 2544 et
1061 2516 1163 2552 fugavit
1176 2516 1258 2544 Josue
1273 2515 1383 2544 Amalec
1402 2520 1430 2543 et
1451 2523 1559 2545 omnem
1576 2516 1706 2551 populum

922 2562 982 2596 ejus
1000 2561 1028 2588 in
1048 2560 1185 2588 occisione
1205 2559 1297 2595 gladii.
1322 2558 1395 2586 Dixit
1414 2562 1506 2586 autem
1523 2558 1655 2586 Dominus
1674 2558 1711 2584 ad

922 2607 1034 2642 Moysen
1048 2615 1054 2633 :
1075 2605 1172 2633 Scribe
1184 2605 1237 2633 hoc
1249 2605 1286 2632 ad‘
1302 2604 1463 2632 memoriam
1483 2603 1601 2636 inlibro,
1619 2607 1648 2631 et
1662 2603 1709 2631 da-

923 2653 966 2680 bis
983 2653 1011 2681 in
1025 2660 1104 2681 aures
1120 2651 1202 2679 Iosue
1215 2660 1223 2685 ;
1247 2651 1377 2686 quoniam
1387 2650 1524 2678 deletione
1537 2649 1636 2677 delebo
1650 2658 1709 2677 me-

919 2698 1034 2726 moriam
1047 2698 1157 2726 Amalec
1177 2698 1211 2725 de
1226 2698 1278 2725 sub
1292 2697 1370 2725 coelo.
1390 2697 1425 2724 Et
1441 2695 1587 2723 aedificavit
1605 2696 1710 2732 Moyses

920 2745 1006 2772 altare
1020 2744 1145 2777 Domino,
1172 2747 1201 2771 et
1224 2743 1332 2771 vocavit
1355 2749 1455 2770 nomen
1485 2742 1554 2777 ejus,
1579 2741 1710 2769 Dominus

923 2790 1058 2826 refugium
1080 2797 1172 2817 meum
1184 2798 1192 2823 ;
1206 2788 1334 2825 quoniam
1355 2788 1383 2816 in
1395 2795 1476 2816 manu
1489 2787 1595 2815 occulta
1610 2789 1710 2822 pugnat

922 2837 1054 2864 Dominus
1065 2839 1161 2864 contra
1175 2835 1285 2865 Amalec
1299 2844 1315 2864 a
1334 2833 1556 2872 generationibus
1577 2832 1604 2860 in
1627 2840 1709 2867 gene~

923 2883 1044 2910 rationes
1052 2882 1085 2909 ".
1103 2891 1114 2908 ›

696 2940 718 2957 ’⁵
738 2941 823 2969 Exod.
840 2949 902 2977 mi,
916 2939 940 2968 8~
949 2940 988 2968 l6.
