1924 3043
95 193 144 221 277

470 194 514 222 DE
533 194 753 224 ADOBATIONE
770 196 803 224 IN
822 196 956 224 SPIRITU
977 197 1021 224 ET
1042 197 1225 225 V’ERITATE.
1247 197 1310 224 LIB.
1331 197 1375 224 Ill.

1671 197 1723 224 278

96 253 191 287 μένους
207 251 257 278 καὶ
275 252 470 287 νενικημένους
488 253 664 289 ἐννοήσομεν,
677 253 721 280 διὰ
734 253 764 281 τδ
781 254 819 290 μὴ
833 254 883 281 δεῖν

938 255 1086 291 gitabimus
1105 257 1163 291 qui,
1179 256 1252 291 quod
1268 263 1378 284 crucem
1394 256 1516 291 accipere
1531 255 1691 290 noluissent,
1708 266 1722 285 ει

95 296 197 323 ἐθέλειν
211 297 409 333 προσήκασθαι
423 297 470 324 τὸν
485 298 612 334 σταυρὸν,
625 295 667 332 οἷς
680 299 728 326 καὶ
740 299 754 326 6
770 300 887 337 Χριστὸς

95 342 267 378 προσεφώνει
283 343 386 378 λέγων’
402 354 412 370 ί
437 344 533 380 Ἀμὴν,
552 345 626 381 ἁμὴν
651 345 723 381 λέγω
742 347 816 382 ὑμῖν,
839 348 887 376 ἐὰν

95 389 129 424 μὴ
143 389 328 425 πιστεύσητε,
339 390 380 417 ὄτι
389 390 444 425 ἐγώ
460 391 529 426 εἰμι,
544 391 572 418 ὲν
580 392 640 424 ταῖς
650 392 799 429 ἁμαρτίαις
810 393 886 429 ὑμῶν

93 435 288 462 ἀποθανεῖσθε.
317 445 327 462 ι
345 436 462 472 Βαρείας
485 437 514 464 δὲ
536 436 607 464 εἷναί
623 447 689 474 φησι
716 439 767 471 τὰς
793 441 886 475 χεῖρας

92 483 230 516 Μωσέως,
247 483 296 510 καὶ
314 483 390 518 μόλις
414 483 609 519 ἐπαιρομένας,
633 485 758 521 ὀκνηρῶς
774 494 804 512 τε
826 485 885 514 λίαν

91 530 299 564 ἆιτεινομένας,
317 530 358 562 εἰς
379 529 411 556 τὸ
425 529 581 563 καταδεῖξαι
594 531 650 558 δεῖν
663 531 694 559 τὸ
707 531 754 559 τοῦ
769 532 885 569 σταυροῦ

90 575 181 610 τίμιον
198 576 305 612 σχῆμα,
317 577 405 604 ἐκεῖνο
417 573 495 611 οἶμαι
510 585 561 603 που
573 577 660 614 δηλῶν
668 578 884 614 αἰνιγματωδῶς,

89 620 126 652 ὡς
141 621 176 648 οὺ
205 621 269 648 λίαν
299 621 410 657 ἕτοιμος
430 619 466 657 ἦν
496 622 538 654 είς
558 622 589 649 τὸ
609 623 808 659 παραδέχεσθαι
835 624 886 661 τὴν

91 667 185 694 πίστιν
202 669 218 695 6
240 667 360 704 Ἰσραὴλ,
374 668 557 697 δυσοκνότατὰ
569 678 598 697 τε
615 671 663 697 καὶ
678 671 755 706 μόλις
769 671 885 707 ὶρχόμε-

90 719 134 743 νος
148 712 192 744 είς
215 711 249 739 τὸ
264 712 352 740 θέλειν
368 713 514 741 ἀναλαϐεῖν
528 714 573 749 τὸν
593 715 742 751 ὀνειδισμὸν
756 717 807 744 τοῦ
816 718 884 753 Χρι-

91 757 156 784 στοῦ
167 766 175 773 ·
193 758 348 787 σκάνδαλον
362 758 417 795 γὰρ
435 760 571 793 Ἰουδαίοις
587 761 631 789 διά
645 770 686 789 τοι
702 762 781 789 τοῦτο
797 763 885 796 καλῶς

91 802 225 837 ὀνομάζει
236 803 283 830 τὸν
299 804 422 840 σταυρὸν
435 805 482 832 καὶ
492 806 507 832 6
519 805 662 839 θεσπέσιος
673 807 788 840 Παῦλος.
804 818 814 835 ε
829 809 885 836 Καὶ

90 847 233 882 λαϐόντες,
245 857 256 875 ›
269 849 348 885 φησὶ,
370 859 380 875 ι
395 849 478 883 λίθον,
497 851 638 887 ὑπέθηκαν
665 853 711 879 ὑπ’
731 853 823 886 αὐτὸν,
838 855 885 881 καὶ

91 894 213 930 ἐκάθητο
227 895 361 923 ὲπάὐτοῦ
369 916 376 928 ,
386 897 433 923 καὶ
447 897 552 933 ’Δαρὼν
564 898 610 925 καὶ
623 899 674 934 "Dp
682 899 826 935 ἐστήριξαν
835 900 884 933 τὰς

90 942 188 976 χεῖρας
202 940 297 974 αὐτοῦ,
310 939 434 969 ἐντεῦθεν
445 941 496 976 εἷς,
512 944 559 971 καὶ
569 944 694 972 ἐντεῦθεν
709 942 760 978 εἷς.
779 955 789 973 ι
804 947 885 980 Λίθος

90 987 119 1013 δὲ
127 987 232 1022 τίμιος,
244 987 382 1021 ἐκλεκτὸς,
390 989 597 1025 ἁκρογωνιαῖος,
611 990 720 1027 ἔντιμος
732 993 746 1019 6
754 993 883 1028 Χριστὸς,

91 1033 134 1068 ιφ’
150 1030 173 1068 ᾧ
197 1034 246 1061 καὶ
261 1032 461 1070 ἀναπαυόμενοι
484 1035 569 1072 (δηλοῖ
583 1036 638 1072 γὰρ
664 1038 680 1072 ὴ
704 1038 820 1074 κάθησις
834 1040 885 1075 τὴν

91 1079 267 1116 ἁνάᾶταυσιν)
290 1080 315 1107 οί
337 1082 534 1118 ἐπιεικέστεροι
559 1082 588 1110 δὲ
617 1083 665 1110 καὶ
689 1084 884 1122 εὐμαθέστεροι

89 1124 145 1151 τῶν
161 1125 192 1158 εξ
211 1125 333 1162 Ἰσραὴλ,
343 1127 375 1154 τὸ
389 1127 487 1163 λῆμμα
499 1129 549 1164 τῆς
562 1128 674 1164 χάριτος
692 1130 742 1165 τῆς
756 1131 816 1157 κατ’
837 1132 884 1158 ὲκ-

91 1170 186 1207 λογὴν,
201 1172 318 1199 ἁπλοῦσι
331 1173 382 1204 τὰς
398 1175 502 1210 χεῖρας,
515 1174 587 1201 τοῦτ’
600 1175 668 1208 ἐστι,
691 1177 883 1213 καταδέχονται

89 1216 137 1243 τὸν
156 1218 285 1254 σταυρὸν,
299 1218 472 1255 στηρίζοντος
485 1220 566 1247 οίονεί
578 1229 630 1247 που
646 1221 694 1248 καὶ
707 1222 884 1258 διακρατοῦν-

90 1271 136 1296 τος
149 1264 251 1297 αὐτοὺς
272 1266 320 1293 καὶ
335 1266 404 1302 πρός
415 1274 447 1300 γε
457 1266 537 1293 τοῦτο
549 1268 680 1303 Χριστοῦ,
692 1269 730 1300 ὡς
743 1269 772 1296 ὲν
787 1269 842 1305 “Op
854 1278 883 1296 τε

91 1310 140 1337 καὶ
161 1310 267 1346 ’Δαρὼν
284 1312 458 1347 σημαίνεται,
475 1312 619 1348 νοούμενος
633 1314 663 1340 ὲν
681 1314 773 1350 ταύτῷ
787 1315 883 1351 κριτὴς

91 1355 141 1382 καὶ
155 1356 313 1392 ἀρχιερεύς.
340 1358 390 1393 Ὠρ
410 1358 460 1393 μὲν
476 1356 582 1394 γὰριῆν
604 1359 752 1392 ἀδέκαστος
767 1361 882 1397 κριτής·

98 1401 208 1438 Ἀαρὼν
221 1403 250 1429 δὲ
266 1404 423 1440 ἀρχιερεὺς,
439 1405 454 1431 6
469 1405 500 1430 τὸ
511 1404 611 1440 λῆμμα
627 1405 757 1441 συνέχων,
780 1407 810 1434 τὸ
823 1408 882 1435 κατ’

91 1448 211 1485 ἐκλογὴν
227 1449 338 1485 χάριτος
354 1449 408 1477 τῶν
425 1450 454 1484 ἐξ
474 1450 593 1487 Ἰσραὴλ,
618 1452 687 1488 πρὸς
701 1451 750 1488 τὴν
771 1453 815 1482 διὰ
839 1454 884 1480 πί-

92 1503 179 1527 στεως
203 1495 351 1532 σωτηρίαν.
376 1496 458 1523 Τουτὶ
482 1497 535 1533 γὰρ
559 1495 636 1534 οἶμαι
658 1498 756 1534 δηλοῦν
785 1499 817 1526 τὸ
840 1500 884 1527 διὰ

90 1542 185 1578 φωνῆς
203 1542 314 1569 Ἡσαΐου
333 1544 509 1578 προφητικῶς
528 1545 691 1582 σίρημὲνον·
707 1555 717 1572 ι
736 1545 793 1573 Καὶ
807 1547 832 1573 εί
845 1547 882 1583 μὴ

937 300 1047 328 diabolo
1069 302 1188 336 superati
1209 306 1237 329 et
1258 301 1322 329 victi
1343 305 1416 335 sunt,
1435 309 1504 336 quos
1534 302 1724 337 alloquebatur

937 348 1020 376 etiam
1039 347 1174 381 Christus,
1187 355 1249 376 cum
1260 347 1382 376 diceret:
1405 358 1413 373 ι
1442 347 1538 382 Amen,
1563 356 1641 377 amen
1662 349 1724 378 dico

935 393 1024 426 vobis,
1040 394 1093 421 nisi
1110 394 1284 422 credideritis
1303 394 1375 428 quod
1397 401 1446 429 ego
1460 402 1530 427 sum,
1553 395 1581 422 in
1604 395 1724 430 peccatis

936 439 1035 467 vestris
1047 439 1244 466 moriemini".
1261 449 1270 464 ι
1289 439 1373 467 Porro
1390 447 1485 475 graves
1505 440 1543 467 ait
1561 448 1621 468 esse
1639 441 1723 476 Moysi

936 493 1043 518 manus,
1058 491 1140 521 atque
1155 493 1225 521 aegre
1247 485 1377 518 sublatas,
1393 490 1556 521 gravateque
1577 486 1723 514 admodum

936 530 970 558 ad
990 531 1149 566 praeclaram
1171 530 1261 558 crucis
1281 530 1401 565 speciem
1416 531 1612 559 ostendendam
1627 536 1724 560 exten-

937 577 1053 612 tas,9o
1071 577 1149 610 illud,
1166 581 1195 604 ut
1221 576 1327 612 opinor,
1353 576 1467 612 ﬁgurate
1489 576 1655 612 signiﬁcans,
1667 585 1725 605 non

912 638 917 639 ν
936 623 1002 651 satis
1015 628 1140 659 paratum
1158 622 1243 650 fuisse
1263 622 1346 650 Israel
1367 622 1401 649 ad
1424 622 1504 649 ﬁdem
1526 622 1722 657 accipiendam,

936 675 967 696 ac
981 676 1037 696 non
1051 669 1110 696 sine
1124 668 1310 701 cunctatione,
1323 668 1423 702 vixque
1440 667 1474 695 ad
1496 667 1598 695 Christi
1623 676 1722 703 oppro-

938 715 1030 742 brium
1046 714 1250 750 suscipiendum
1268 713 1443 742 descendisse
1456 722 1463 746 ;
1478 713 1513 740 ob
1528 721 1643 751 eamque
1657 722 1723 741 cau—

935 768 993 788 sam
1005 765 1080 788 recte
1094 760 1192 788 beatus
1203 760 1304 788 Paulus
1315 767 1425 787 crucem
1441 759 1598 786 scandalum
1615 760 1723 788 Iudaeo-

936 814 997 833 rum
1016 806 1144 841 appellat.
1160 815 1169 832 ‹
1185 805 1220 832 Ει
1239 805 1415 840 accipientes,
1432 814 1442 830 ›
1463 804 1563 839 inquit,
1583 814 1592 830 ι
1606 805 1723 840 lapidem

935 855 1139 886 supposuerunt
1152 851 1203 879 sub
1219 851 1288 886 ipso,
1302 855 1330 878 et
1346 850 1417 878 sedit
1430 858 1513 886 super
1530 858 1613 878 eum:
1634 851 1725 879 Aaron

934 902 962 926 et
977 898 1034 926 Hur
1048 899 1238 926 sustentabant
1251 905 1349 925 manus
1359 898 1428 933 ejus,
1447 905 1518 924 unus
1533 897 1608 931 hinc,
1628 902 1656 925 et
1684 898 1723 925 al-

901 936 921 963 Β
935 949 978 972 ter
992 944 1057 972 hinc
1067 945 1099 971 ".
1119 954 1128 970 ›
1145 944 1227 979 Lapis
1239 947 1330 976 autem
1344 943 1492 978 pretiosus.
1510 944 1624 976 electus,
1637 951 1724 979 angu-

934 991 1010 1024 laris,
1025 991 1158 1027 probatus
1166 991 1199 1024 ”,
1215 991 1342 1019 Christus
1359 994 1411 1024 est,
1429 998 1511 1026 super
1534 998 1590 1025 quo
1613 991 1724 1025 requie-

934 1041 1043 1065 scentes
1059 1037 1164 1073 (sessio
1179 1045 1296 1072 namque
1316 1037 1468 1072 requietem
1490 1035 1663 1072 signiﬁcat),
1677 1036 1723 1071 qui

933 1089 969 1109 ex
992 1082 1075 1110 Israel
1093 1083 1320 1118 obsequentiores
1343 1090 1375 1110 ac
1399 1082 1546 1110 dociliores
1570 1086 1643 1114 sunt,
1660 1082 1722 1113 illic.

935 1129 1059 1164 inquam,
1074 1129 1198 1165 reliquiae
1213 1129 1307 1165 gratia:
1325 1137 1386 1164 qua:
1399 1128 1550 1157 secundum
1562 1127 1724 1156 electionem

933 1180 985 1208 est,
1002 1176 1160 1211 expandunt
1173 1183 1280 1208 manus,
1298 1175 1326 1203 id
1347 1179 1399 1208 est,
1420 1182 1531 1203 crucem
1558 1174 1723 1209 suscipiunt.

933 1221 1043 1250 Christo
1068 1222 1131 1250 illos
1153 1221 1334 1250 conﬁrmante
1360 1225 1442 1256 atque
1475 1221 1650 1254 continente.
1676 1222 1722 1256 qui

933 1275 983 1303 per
998 1267 1056 1295 Hur
1072 1271 1155 1302 atque
1176 1267 1266 1295 Aaron
1291 1267 1470 1303 signiﬁcatur,
1492 1271 1520 1294 et
1535 1267 1620 1302 judex
1642 1267 1723 1295 simul

933 1317 962 1341 et
979 1321 1104 1341 summus
1116 1313 1245 1341 sacerdos
1269 1313 1441 1348 intelligitur,
1459 1312 1518 1340 Hur
1532 1312 1667 1347 siquidem
1677 1313 1723 1348 ju-

933 1358 987 1386 dex
1003 1358 1198 1394 integerrimus
1212 1363 1290 1392 erat;
1304 1358 1396 1386 Aaron
1418 1363 1510 1386 autem
1532 1365 1656 1386 summus
1680 1366 1724 1386 sa-

933 1404 1040 1432 cerdos.
1054 1404 1132 1432 Unus
1149 1404 1233 1440 igitur
1256 1407 1386 1439 tanquam
1410 1403 1439 1431 in
1459 1408 1577 1439 utroque
1598 1404 1725 1432 Christus

933 1454 985 1481 est,
997 1449 1082 1486 judex
1095 1454 1123 1477 et
1139 1457 1265 1479 summus
1279 1450 1419 1483 sacerdos,
1438 1450 1486 1486 qui
1507 1450 1637 1485 reliquias
1653 1449 1725 1478 ﬁlio-

933 1503 995 1523 rum
1017 1495 1100 1523 Israel
1119 1495 1205 1524 factas
1225 1503 1275 1531 per
1297 1496 1461 1524 electionem
1481 1495 1585 1532 gratiae,
1604 1496 1638 1523 ad
1664 1503 1724 1524 eam

933 1550 995 1577 qua:
1005 1545 1048 1569 est
1066 1550 1100 1570 ex
1115 1541 1169 1570 ﬁde
1184 1542 1301 1570 salutem
1324 1541 1492 1570 continebat.
1511 1541 1569 1570 Hoc
1591 1542 1666 1569 enim
1686 1543 1724 1570 si-

91 1588 196 1623 Κύριος
207 1588 319 1616 ἰοϐαὼθ
328 1589 580 1626 ὲτκατέλνπενήμῖν
590 1591 711 1628 σπέρμα,
720 1593 758 1624 ὡς
779 1593 883 1629 Σόδομα

935 1587 1056 1624 gniﬁcari
1082 1591 1150 1623 puto
1173 1587 1266 1615 verbis
1288 1587 1344 1615 illis
1370 1594 1430 1622 quae
1452 1595 1501 1622 per
1524 1586 1600 1615 Isaia:
1629 1594 1724 1615 vocem

91 1635 126 1662 ἃν
145 1635 329 1671 ἐγενήθημεν,
344 1637 392 1663 καὶ
411 1636 450 1668 ὡς
461 1636 593 1673 Γόμορρα
607 1637 640 1665 ἂν
659 1638 852 1675 ὡμοιώθημεν.
871 1649 881 1667 ι

91 1681 272 1714 Πεπτωιιότος
281 1682 429 1718 τοιγαροῦν
436 1682 484 1710 τοῦ
494 1683 704 1720 ἀνθεστηκότας,
714 1686 785 1721 φημὶ
792 1685 824 1722 δὴ
837 1686 884 1713 τοῦ

97 1728 224 1764 ’Δμαλήκ
234 1735 242 1743 ”
257 1735 269 1756 t
285 1729 479 1766 Κατὰγραψον,
495 1740 506 1757 ι
519 1731 616 1765 φησὶν,
635 1739 647 1757 ο
657 1732 698 1763 είς
714 1732 884 1768 μνημόσυνον

90 1774 172 1801 τοῦτο
187 1775 229 1806 είς
252 1773 365 1809 βιϐλίον,
387 1776 437 1803 καὶ
461 1775 506 1808 δὸς
529 1776 569 1808 είς
590 1776 625 1804 τὰ
649 1773 708 1804 ὦτα
740 1777 839 1813 Ἰησοῦ.
871 1788 881 1805 ι

94 1819 213 1854 Ἔμελλε
233 1819 288 1856 γὰρ
300 1820 347 1846 διὰ
361 1820 412 1855 τῆς
426 1820 481 1848 τῶν
503 1820 588 1855 ἁγίων
600 1821 803 1856 εὖαγγελιστῶν
819 1831 884 1857 συγ-

92 1865 206 1902 γραφῆς
233 1867 274 1898 εἰς
294 1866 475 1903 ἀτελεύτητον
498 1867 546 1894 καὶ
571 1867 681 1903 μακρὰν
714 1868 883 1896 ικτείνεσθαι

93 1911 208 1948 μνήμην
231 1911 266 1939 τὰ
281 1912 326 1939 διὰ
343 1913 465 1948 Χριστοῦ
476 1913 688 1949 κατορθώματα.
715 1913 838 1942 Δίδοσθαί
851 1923 884 1950 γε

92 1956 151 1992 μὴν
170 1957 225 1993 εφη
244 1958 296 1994 τὴν
315 1959 480 1995 συγγραφὴν
502 1960 543 1991 εἰς
563 1959 598 1987 τὰ
622 1956 681 1987 ὦτα
705 1959 752 1987 τοῦ
786 1960 882 1996 Ἰησοῦ.

98 2003 242 2039 ’Δνὰθημα
262 2004 317 2040 γὰρ
341 2004 438 2041 ὥσπερ
459 2005 565 2033 ἔπαινοι
585 2013 617 2032 τε
635 2006 683 2034 καὶ
705 2005 832 2042 ιγκώμια
847 2007 884 2044 τῷ

91 2049 207 2085 Χριστῷ
224 2049 260 2077 τὰ
280 2050 335 2078 τῶν
358 2051 444 2086 ἁγίων
471 2052 686 2088 συγγράμματα.
705 2053 885 2086 Πεπτωκότος

91 2094 120 2121 δὲ
143 2095 196 2131 ἤδη
212 2095 259 2123 καὶ
281 2096 458 2132 νενικημένου
480 2097 526 2124 τοῦ
548 2098 682 2134 Ἀμαλὴκ,
709 2098 851 2134 ἀνίστησιν
870 2099 884 2126 ὁ

91 2141 196 2176 Μωσῆς
225 2141 420 2178 θυσιαστήριον
442 2143 484 2179 τῷ
506 2143 581 2179 Θεῷ·
597 2144 769 2180 καταγράφει
791 2144 820 2172 δὲ
838 2144 885 2172 καὶ

90 2186 168 2222 αὐτῷ
183 2186 280 2222 ὄνομα,
298 2198 308 2215 (
328 2189 430 2224 Κύριός
447 2197 510 2224 μου,
527 2191 670 2226 καταφυγή
684 2199 746 2226 μου.
764 2200 773 2216 ι
793 2190 885 2224 Τύπος

89 2232 119 2259 δὲ
134 2231 169 2259 ἂν
180 2233 223 2268 εἰη
238 2233 286 2260 καὶ
300 2233 514 2270 τοῦτοΧριστοῦ.
525 2235 627 2270 Κύριος
648 2235 702 2271 γὰρ
713 2237 779 2272 ἡμῖν
789 2237 884 2271 γέγονε

935 1633 1095 1669 prophetiae
1107 1633 1181 1662 dicta
1193 1638 1275 1662 sunt:
1296 1643 1305 1660 ι
1325 1634 1360 1661 Et
1375 1634 1430 1662 nisi
1451 1634 1584 1662 Dominus
1605 1634 1724 1662 Sabaoth

935 1681 1094 1716 reliquisset
1108 1679 1189 1708 nobis
1206 1687 1312 1713 semen,
1326 1684 1356 1708 ut
1371 1679 1489 1708 Sodoma
1512 1680 1672 1714 fuissemus,
1697 1685 1726 1709 et

935 1726 1014 1761 quasi
1034 1725 1187 1754 Gomorrha
1209 1725 1312 1753 similes
1331 1725 1396 1754 facti
1421 1733 1545 1754 essemus
1563 1726 1596 1753 ".
1620 1736 1629 1753 ι
1655 1727 1724 1755 Cum

935 1773 1019 1809 igitur
1029 1773 1054 1801 is
1064 1773 1112 1809 qui
1124 1773 1285 1806 obsistebat,
1303 1773 1423 1807 Amalec,
1436 1774 1558 1809 inquam,
1567 1774 1722 1807 cecidisset,

939 1830 948 1846 ε
964 1819 1071 1853 Scribe,
1086 1829 1096 1846 ι
1115 1819 1215 1854 inquit,
1235 1829 1244 1845 ι
1260 1819 1314 1847 hoc
1332 1819 1366 1847 ad
1379 1820 1540 1847 memoriam
1558 1820 1587 1847 in
1598 1820 1680 1853 libro.
1695 1826 1724 1849 et

935 1865 1013 1893 dabis
1027 1865 1056 1893 in
1071 1873 1153 1894 aures
1166 1865 1248 1893 Iosue
1267 1865 1301 1892 ".
1317 1875 1326 1891 r
1343 1866 1428 1893 Erant
1446 1866 1520 1893 enim
1533 1867 1664 1901 praeclara
1678 1867 1723 1895 illa

934 1911 1037 1940 Christi
1065 1915 1141 1948 gesta
1172 1911 1310 1940 diuturnae
1331 1912 1561 1948 scmpiternaeque
1585 1913 1725 1941 memoria;

934 1961 1093 1985 sanctorum
1113 1957 1344 1993 evangelistarum
1365 1957 1475 1992 scriptis
1497 1958 1723 1986 commendanda.

934 2002 998 2030 Dari
1011 2010 1121 2038 quoque
1134 2002 1217 2038 jussit
1228 2003 1331 2038 scripta
1348 2003 1394 2031 illa
1406 2004 1434 2030 in
1444 2011 1526 2031 aures
1542 2003 1624 2032 Josue
1637 2013 1643 2031 :
1662 2004 1725 2033 illo-

934 2056 996 2076 rum
1005 2056 1125 2084 namque
1139 2052 1297 2077 sanctorum
1313 2049 1436 2077 virorum
1447 2054 1636 2083 monumenta,
1649 2050 1726 2078 velut

935 2094 1035 2122 selecta
1045 2093 1117 2122 dona
1128 2094 1298 2130 quaedam.ac
1308 2098 1438 2130 tanquam
1449 2095 1544 2123 laudes
1551 2099 1579 2123 et
1588 2096 1724 2131 praeconia

934 2139 1044 2168 Christo
1054 2139 1144 2168 dicata
1153 2144 1227 2168 sunt.
1247 2139 1394 2176 Proﬁigato
1411 2141 1496 2177 igitur
1512 2149 1547 2170 ac
1563 2142 1635 2169 victo
1645 2143 1726 2170 Ama-

933 2184 987 2218 lec,
1006 2185 1088 2222 erigit
1104 2185 1210 2222 Moyses
1227 2185 1313 2214 altare
1338 2186 1404 2220 Deo,
1424 2187 1519 2222 illique
1545 2187 1599 2215 hoc
1624 2195 1723 2215 nomen

935 2230 1078 2266 imponit,¢
1093 2231 1226 2260 Dominus
1236 2239 1325 2265 meus,
1335 2232 1470 2269 refugium
1481 2241 1573 2261 meum
1584 2234 1616 2259 “.
1624 2243 1632 2259 ι
1645 2233 1722 2267 Quod

90 2278 138 2305 καὶ
151 2279 317 2315 καταφυγή·
332 2280 482 2316 νενικηκὼς
496 2281 551 2317 γὰρ
563 2282 610 2308 τὸν
625 2281 743 2318 ἄρχοντα
758 2282 804 2309 τοῦ
817 2282 883 2310 αίῶ-

936 2277 1026 2312 ipsum
1035 2277 1118 2306 etiam
1129 2277 1230 2306 Christi
1251 2277 1367 2314 ﬁguram
1386 2278 1507 2313 praefert.
1523 2279 1549 2307 Is
1566 2279 1640 2306 enim
1668 2280 1722 2307 Do—

89 2333 133 2356 νος
149 2325 257 2358 τούτου,
281 2326 406 2362 πατήσας
419 2327 449 2353 δὲ
462 2327 510 2354 τοῦ
531 2327 647 2355 θανάτου
659 2328 689 2355 τὸ
709 2328 820 2364 κράτος,
836 2329 883 2356 καὶ

89 2371 202 2403 ἀναθεὶς
218 2371 314 2399 ἑαυτὸν
329 2372 401 2408 ὑπὲρ
421 2372 501 2409 ἡμῶν
522 2373 618 2410 ὥσπερ
637 2374 751 2410 ἄμωμον
773 2375 881 2410 ίερετον,

89 2417 129 2448 εἰς
150 2417 242 2453 ὀσμὴν
261 2417 376 2450 εὐωδίας
395 2417 435 2454 τῷ
458 2418 518 2454 Θεῷ
535 2419 582 2446 καὶ
605 2419 701 2456 Πατρί.
722 2420 814 2453 Τύπος
836 2419 883 2448 οὖν

90 2462 144 2497 ἄρα
159 2462 292 2498 Χριστοῦ,
312 2463 343 2490 τὸ
359 2463 560 2501 θυσιαστήριον,
576 2461 598 2499 ᾧ
616 2466 664 2493 καὶ
676 2459 782 2502 πρίπον
796 2476 827 2494 τε
837 2469 882 2495 καὶ

90 2508 189 2544 ἀληθὲς
206 2509 304 2544 δνομα,
324 2519 333 2535 ί
351 2510 453 2546 Κύριός
471 2519 534 2546 μου,
552 2513 696 2548 καταφυγή
713 2521 773 2548 μου.
793 2522 803 2540 r

126 2642 230 2669 HAAA.
248 2641 400 2677 Σύμφημι·
413 2638 487 2675 νοεῖς
497 2642 551 2678 γὰρ
568 2642 666 2678 ὀρθῶς.

126 2731 209 2758 ΚΥΡ.
237 2732 281 2758 Ἐν
299 2732 372 2767 χειρὶ¹
385 2732 412 2758 δὲ
426 2732 546 2768 κρυφαία¹
559 2733 716 2769 πολεμήσας
730 2733 775 2760 τὸν
786 2733 879 2769 νοητὸν

100 2776 220 2812 ’Ᾱμαλὴκ
246 2779 294 2804 καὶ
323 2777 474 2813 νενικηκὼς
499 2778 513 2804 6
537 2779 664 2813 Χριστος,
693 2779 879 2815 κατεκράτησε

93 2822 144 2848 τῶν
165 2822 262 2855 ἐθνῶν,
290 2824 338 2850 καὶ
353 2823 502 2859 διήρπασεν
528 2823 610 2850 αὑτοῦ
632 2824 666 2851 τὰ
690 2825 784 2860 σκεύη.
811 2825 881 2853 καθά

931 2323 1024 2350 minus
1041 2328 1135 2352 noster
1161 2328 1204 2352 est
1230 2323 1329 2357 factus,
1357 2332 1389 2352 ac
1417 2324 1564 2360 refugium,
1584 2333 1646 2353 cum
1673 2325 1722 2353 de—
1773 2363 1779 2366 ι

931 2368 1042 2398 bellarit
1066 2369 1163 2398 mundi
1197 2370 1280 2406 hujus
1314 2370 1487 2405 principem,
1522 2371 1722 2406 calcaveritque

932 2416 1029 2443 mortis
1041 2415 1198 2451 imperium,
1217 2424 1249 2444 ac
1267 2416 1389 2450 seipsum
1408 2416 1541 2444 obtulerit
1565 2424 1617 2452 pro
1642 2419 1722 2446 nobis

931 2465 964 2489 ut
980 2461 1182 2489 immaculatam
1201 2461 1318 2489 hostiam
1337 2461 1366 2488 in
1383 2461 1496 2490 odorem
1512 2463 1656 2491 suavitatis
1666 2464 1721 2492 Deo

931 2516 964 2536 ac
981 2507 1064 2535 Patri.
1084 2507 1150 2535 Fuit
1166 2507 1249 2543 igitur
1268 2507 1354 2536 altare
1368 2507 1435 2536 illud
1445 2507 1547 2536 Christi
1566 2508 1663 2545 ﬁgura,
1676 2511 1720 2538 cui

931 2550 1031 2579 decens
1049 2559 1081 2579 ac
1098 2559 1194 2579 verum
1212 2559 1313 2580 nomen
1333 2556 1385 2585 est,
1406 2552 1540 2580 Dominus
1566 2561 1654 2587 meus,
1675 2563 1719 2582 re-

929 2597 1035 2633 fugium
1054 2605 1157 2625 meum.

964 2643 1064 2671 PALL.
1082 2642 1224 2671 Assentior
1247 2651 1253 2669 :
1273 2643 1375 2679 optime
1399 2651 1516 2680 namque
1539 2645 1641 2673 sentire
1681 2647 1721 2673 vi—

930 2690 1015 2718 deris.

965 2735 1044 2764 CYR.
1055 2735 1130 2764 Bello
1147 2736 1239 2771 itaque
1250 2740 1325 2771 gesto
1348 2736 1479 2764 adversus
1487 2737 1539 2772 91
1551 2738 1720 2773 spiritualem

931 2782 1042 2809 Amalec
1050 2782 1078 2809 in
1093 2789 1175 2809 manu
1188 2780 1304 2815 occulta,
1324 2789 1411 2817 eoque
1430 2782 1513 2814 vieto.
1532 2783 1660 2811 Christus
1669 2783 1719 2812 ob—

932 2827 1016 2855 tinuit
1035 2830 1140 2862 gentes,
1159 2827 1298 2863 ligatoque
1318 2827 1392 2859 forti.
1413 2832 1443 2856 ut
1463 2828 1521 2863 ipse
1541 2829 1640 2863 inquit,
1660 2829 1720 2864 ejus

127 2881 148 2921 ξξ
161 2881 328 2921 λοθηίυνιιι,
348 2881 392 2909 Et.
440 2883 463 2898 "
483 2883 569 2910 Exod.
589 2892 653 2916 xvn,
672 2883 712 2911 12.
750 2885 797 2913 “l
816 2885 888 2913 Pctr.
912 2893 941 2919 ιι,
964 2886 996 2920 7;
1012 2886 1232 2920 lsai:xxvm,16.
1271 2886 1366 2915 "lsai.
1379 2887 1429 2921 1,9.
1469 2887 1660 2920 "Exod.xvu,
1676 2886 1718 2915 14.

96 2916 115 2930 "
131 2915 209 2943 lbid..
236 2917 277 2944 I5.
