1924 3043
197 213 251 242 27)

709 209 737 237 S.
758 208 894 236 CYRILLI
913 203 1148 235 ALEXANDRIM
1166 201 1325 230 ARCHIEP.

1776 191 1830 219 280

199 277 264 298 vasa
281 268 438 303 diripuit”.
452 266 566 302 Grcgcm
585 267 669 299 enim,
688 267 734 302 qui
753 266 818 294 olim
840 266 892 293 sub
914 264 988 292 illius

1047 271 1121 299 ρησιν
1134 262 1226 294 αὐτὸς,
1249 259 1403 294 καταδήσας
1420 257 1464 283 τδν
1487 255 1606 291 ἰσχυρόν,
1629 253 1685 289 Τὴν
1705 252 1762 287 γὰρ
1783 250 1830 303 ὑπζ

199 315 303 342 (titione
323 313 422 343 fuerat,
432 312 557 347 gentiles,
570 312 692 346 inquam,
703 319 766 339 cum
776 311 915 338 veteribus
929 317 990 345 gre-

199 359 278 394 gibus
297 357 447 392 conjunxit,
467 357 584 391 ideoquc
604 356 712 384 dicebat
731 365 737 382 :
758 365 766 381 ι
789 356 822 382 Ει
840 355 908 382 alias
924 361 989 381 oves

199 405 298 436 habeo,
318 411 379 438 qua:
398 410 454 430 non
472 407 537 430 sunt
555 411 588 430 ex
606 402 659 430 hoc
677 402 762 430 ovili:
781 405 809 429 et
828 401 889 428 illas
908 407 990 435 opor-

201 452 238 476 tet
256 457 299 476 me
321 448 458 476 adducere
470 469 477 481 ,
497 452 525 475 et
544 456 639 475 vocem
657 455 746 475 meam
766 447 888 478 audient,
900 450 927 473 et
944 446 990 473 ﬁet

200 502 284 521 unum
296 494 378 526 ovile,
398 502 470 522 unus
485 498 578 529 pastor
587 494 620 520 ".
635 504 644 520 ι
666 494 794 522 Christus
823 497 915 520 autem
937 501 989 527 pax

198 543 292 567 nostra
320 544 372 572 est,
399 540 476 576 juxta
505 540 678 576 Scripturas,
708 539 755 574 qui
781 538 846 566 fecit
873 542 989 573 utraque

199 594 296 619 unum,
323 590 353 614 et
378 586 500 614 medium
527 586 661 621 parietem
687 585 814 612 macerize
841 584 932 616 solvit,
963 587 991 611 et

200 631 359 659 inimicitias
381 631 408 659 in
428 638 510 658 carne
539 639 598 663 sua,
626 631 713 666 legem
741 629 934 657 mandatorum
962 628 990 655 in

199 677 318 704 decretis
341 677 526 708 evacuavit",
546 680 629 711 atque
647 676 676 702 in
693 683 778 702 unum
811 681 912 701 novum
939 673 989 700 bo-

199 722 302 750 minem
328 727 386 750 tum
405 730 452 750 eos
477 722 524 757 qui
546 729 580 748 ex
607 721 828 753 circumcisione,
857 724 915 747 tum
943 719 990 754 qui

199 771 278 795 extra
295 766 383 803 legem
400 771 489 800 erant,
510 767 679 794 conciliavit.
698 766 757 794 Jam
776 773 843 793 vero
863 763 990 792 conside-

200 821 246 841 res
262 814 363 840 iterum
378 813 459 840 velim
474 820 603 848 magnum
612 813 665 839 hoc
673 811 858 848 :mystcrium,
870 810 948 846 quasi
963 810 990 837 in

200 859 299 887 umbra
315 863 344 887 et
360 859 518 894 aenigmate,
538 858 611 896 quod
633 859 667 885 iis
684 866 745 893 qua:
764 858 845 885 modo
864 865 879 884 a
912 857 992 884 nobis

200 905 274 932 dicta
289 909 364 937 sum,
385 905 458 931 illico
477 905 637 940 adjunctum
658 907 710 931 est.
726 913 734 929 ι
747 903 861 930 Audivit
880 902 964 934 enim,
979 911 987 926 ι

201 950 300 986 inquit,
322 959 331 976 ι
343 950 439 978 Jethro
455 949 584 977 sacerdos
599 948 707 975 Madian
717 955 795 975 socer
806 947 892 983 Moysi
902 946 993 974 omnia

201 1003 371 1031 qmecunque
384 995 449 1022 fecit
466 995 600 1022 Dominus
611 994 705 1022 lsraeli
720 1001 772 1021 suo
784 993 904 1029 populo;
924 992 993 1019 edu-

200 1043 241 1070 xit
256 1042 329 1070 enim
349 1041 482 1069 Dominus
501 1041 584 1068 Israel
599 1048 632 1068 ex
644 1040 769 1076 A‘Zgypto.
780 1040 892 1074 Accepit
902 1042 993 1066 autem

200 1087 297 1115 Jethro
316 1095 396 1115 socer
409 1080 494 1122 Moysi
509 1086 679 1121 Sepphoram
698 1093 811 1113 uxorem
828 1085 912 1120 Moysi
934 1089 995 1118 post

201 1132 390 1160 dimissionem
408 1133 478 1168 ejus,
499 1135 527 1158 et
540 1131 610 1158 duos
635 1130 706 1158 ﬁlios
729 1131 807 1166 ejus;
827 1137 929 1156 nomen
946 1125 994 1156 uni

200 1180 325 1213 Gersam,
337 1180 449 1207 dicens:
464 1179 576 1206 Advena
595 1178 635 1205 fui
651 1178 679 1205 in
701 1182 775 1205 terra
793 1177 892 1204 aliena:
905 1181 933 1204 et
943 1185 993 1204 no-

202 1234 265 1254 men
278 1227 392 1254 secundi
410 1227 529 1259 Eliezcr,
543 1227 639 1254 dicens
651 1235 657 1252 :
669 1225 742 1253 Deus
751 1224 826 1252 enim
843 1223 928 1258 patris
941 1222 993 1250 mei

202 1273 313 1309 adjutor
330 1280 417 1306 meus,
438 1268 466 1300 et
484 1273 611 1300 liberavit
637 1279 681 1299 me
704 1271 739 1298 de
763 1278 846 1298 manu
874 1270 994 1297 Pharao-

202 1319 255 1347 nis.
269 1319 303 1346 Et
320 1320 397 1346 venit
413 1318 509 1346 Jethro
525 1326 604 1346 socer
623 1317 718 1353 Moysi,
738 1320 766 1344 et
785 1316 834 1343 lilii
859 1319 887 1343 et
914 1323 992 1347 uxor,

202 1366 237 1393 ad
256 1366 367 1402 Moysen
381 1365 408 1392 in
419 1365 570 1396 desertum,
591 1364 638 1391 ubi
658 1366 866 1391 castrametatus
889 1365 947 1389 erat
966 1361 994 1388 in

203 1417 324 1440 montem
336 1412 395 1439 Dei.
406 1411 567 1439 Nuntiatum
589 1415 632 1438 est
645 1414 738 1438 autem
747 1409 830 1444 Moysi
843 1417 857 1436 a
876 1407 994 1435 dicenti-

204 1459 274 1486 bus:
286 1458 357 1485 Ecce
369 1465 448 1485 socer
460 1461 524 1484 tuus
535 1456 631 1484 Jethro
640 1455 715 1483 venit
724 1455 757 1482 ad
769 1459 805 1487 te,
818 1458 846 1480 ct
864 1461 932 1480 uxor
950 1457 994 1479 tua

204 1508 232 1530 et
242 1503 297 1531 duo
310 1503 360 1530 ﬁlii
371 1503 410 1530 tui
422 1511 485 1530 cum
500 1510 543 1529 eo.
564 1502 697 1537 Egressus
719 1505 761 1527 est
775 1504 865 1526 autem
891 1498 995 1534 Moyses

205 1550 235 1577 ln
251 1557 397 1577 occursum
417 1556 513 1576 socero
536 1556 596 1579 suo.
616 1552 645 1575 et
663 1546 788 1574 adoravit
807 1553 880 1577 cum,
901 1548 930 1571 et
948 1552 994 1571 os-

205 1596 314 1623 culatus
327 1586 401 1628 eum,
415 1598 444 1622 et
453 1594 570 1629 amplexi
590 1597 653 1620 sunt
664 1593 791 1624 invicem,
805 1596 833 1619 et
844 1589 996 1618 introduxit

205 1648 268 1668 eum
279 1640 307 1668 in
318 1640 536 1671 tabernaculum,
547 1643 574 1666 et
585 1639 706 1665 narravit
715 1638 820 1673 Moyses
831 1644 928 1664 socero
946 1643 997 1663 suo

171 1688 176 1694 ’
205 1686 297 1713 omnia
315 1693 485 1721 quaecunque
504 1685 568 1711 fecit
587 1684 720 1711 Dominus
738 1683 875 1710 Pharaoni
887 1681 999 1718 etEgy-

205 1733 272 1769 ptiis
284 1736 396 1768 propter
415 1731 510 1764 Israel,
528 1735 557 1758 et
571 1738 681 1758 omnem
700 1729 820 1756 laborem
832 1729 879 1764 qui
898 1728 999 1755 accidit

205 1779 247 1806 eis
257 1779 285 1806 in
295 1777 350 1810 via,
361 1781 390 1805 et
399 1777 472 1814 quod
483 1777 557 1805 eruit
567 1784 614 1804 eos
627 1775 758 1804 Dominus
771 1775 805 1802 de
824 1783 906 1802 manu
927 1775 998 1802 Pha-

207 1824 348 1857 raonis,et
367 1824 401 1851 de
419 1831 502 1851 manu
519 1823 720 1859 Egyptiorum.
740 1822 889 1857 Obstupuit
908 1826 999 1849 autem

205 1867 301 1896 Jethro
311 1876 393 1903 super
410 1868 538 1895 omnibus
549 1868 628 1895 bonis
643 1875 704 1902 qua;
721 1866 788 1894 fecit
805 1867 845 1894 eis
855 1867 997 1899 Dominus,

207 1913 281 1949 quod
294 1914 367 1941 eruit
377 1921 425 1950 eos
435 1914 567 1941 Dominus
576 1913 610 1940 de
621 1912 907 1948 manuIEgyptiorum,
919 1917 947 1939 et
965 1912 999 1940 de

207 1967 289 1988 manu
300 1960 460 1988 Pharaonis.
473 1960 508 1987 Et
519 1960 587 1987 dixit
600 1959 696 1986 Jethro
709 1968 715 1985 :
730 1959 894 1987 Benedictus
905 1959 1000 1986 Domi-

207 2016 269 2041 nus,
286 2009 414 2044 quoniam
423 2007 496 2035 eruit
506 2008 639 2042 populum
646 2014 726 2034 suum
732 2006 765 2034 de
772 2014 853 2034 manu
859 2006 1000 2042 .Egyptio—

208 2062 280 2087 rum,
291 2058 319 2082 et
330 2054 364 2081 de
374 2061 457 2081 manu
468 2053 619 2080 Pharaonis
631 2062 637 2079 :
648 2061 721 2080 nunc
734 2053 847 2088 cognovi
858 2053 932 2088 quod
944 2061 1001 2080 ma-

207 2109 278 2137 gnus
287 2101 420 2129 Dominus
433 2100 487 2135 92
502 2108 585 2135 super
600 2107 696 2127 omnes
712 2099 790 2132 deos,
814 2104 925 2135 propter
948 2099 1002 2127 hoc

207 2148 282 2184 quod
309 2147 429 2183 superbe
447 2151 563 2182 egerunt
583 2146 632 2174 eis.
643 2147 677 2174 Et
693 2147 799 2181 accepit
809 2146 905 2174 Jethro
922 2154 1001 2174 socer

212 2194 297 2230 Moysi
315 2193 473 2221 holocausta
488 2198 517 2220 et
534 2192 659 2220 victimas
680 2192 736 2219 Deo
750 2201 756 2219 :
769 2192 845 2219 venit
866 2196 956 2219 autem
974 2196 1002 2219 et

209 2242 310 2272 Aaron,
321 2243 349 2268 et
359 2247 455 2267 omnes
475 2238 688 2267 senioreslsracl
698 2238 731 2266 ad
743 2239 943 2266 comedendum
954 2246 1002 2274 pa-

1041 296 1136 344 ἑκείνῳ
1158 307 1330 344 πράττουσαν
1357 303 1456 338 ἀγέλην
1476 302 1551 334 ποτὲ,
1574 301 1644 336 φημὶ
1668 300 1700 335 δὴ
1715 299 1781 330 τοὺς
1801 296 1831 329 ἐξ

1040 354 1134 388 ἐθνῶν,
1155 355 1211 386 τοῖς
1227 350 1416 388 ἀρχαιοτέροις
1434 348 1535 383 συνῆψε
1549 346 1701 382 ποιμνίοις·
1718 344 1829 379 τοιγάρ-

1039 409 1081 428 τοι
1105 400 1151 427 καὶ
1176 399 1295 434 ἔφασκε·
1319 407 1328 423 ι
1352 396 1406 424 Kal
1429 395 1496 422 ἄλλα
1517 393 1640 430 πρόϐατα
1662 392 1726 426 ἔχω,
1747 390 1766 417 ἃ
1781 390 1830 416 οὐκ

1041 446 1114 472 ἔστιν
1123 446 1155 472 ἐκ
1169 446 1218 480 τῆς
1236 444 1321 479 αὐλῆς
1335 441 1447 477 ταύτης,
1462 439 1576 467 κάκεῖνά
1593 448 1626 474 με
1644 438 1684 464 δεῖ
1705 437 1829 471 ἀγαγεῖν,

1040 491 1087 518 καὶ
1109 491 1158 526 τῆς
1178 479 1270 524 φωνῆς
1295 496 1344 523 μου
1360 486 1523 513 ἀκούσουσι’
1546 484 1593 511 καὶ
1612 483 1759 518 γενήσεται
1782 479 1832 516 μία

1041 537 1153 572 ποίμνη,
1169 533 1209 567 εἷς
1231 534 1345 569 ποιμήν.
1367 541 1377 559 ›
1399 532 1517 567 Χριστὺς
1539 530 1569 557 δέ
1597 530 1672 556 ἐστιν
1695 528 1713 563 ἡ
1734 527 1829 561 εἰρήνη

1041 582 1130 618 ἡμῶν,
1146 581 1217 608 κατά
1231 580 1280 612 τὰς
1291 578 1413 615 Γραφὰς,
1428 577 1443 604 ὁ
1455 577 1572 611 ποιήσας
1585 575 1619 602 τὰ
1629 573 1774 610 ἀμφότερα
1790 572 1829 605 ἓν,

1041 629 1088 655 καὶ
1100 629 1130 655 τὸ
1148 628 1305 664 μεσότοιχον
1320 624 1368 652 τοῦ
1388 623 1516 660 φραγμοῦ
1531 622 1627 654 λύσας,
1651 621 1699 648 καὶ
1717 620 1766 654 τὴν
1785 619 1830 653 ἐχ-

1041 674 1109 709 θραν
1123 674 1151 700 ἐν
1172 674 1205 708 τῇ
1221 671 1303 706 σαρκὶ
1319 670 1412 702 αὐτοῦ,
1430 670 1476 696 τὸν
1495 669 1578 703 νόμον
1593 667 1649 694 τῶν
1662 664 1777 693 ἐντολῶν
1803 665 1832 690 ὲν

1041 719 1156 754 δόγμασι
1180 718 1375 753 καταργήσας,
1410 715 1456 742 καὶ
1476 715 1515 746 είς
1543 713 1592 741 ἕνα
1609 712 1703 739 καινὸν
1725 709 1831 746 ἀνθρω-

1043 773 1092 791 πον
1122 763 1184 795 τούς
1199 772 1228 790 τε
1251 764 1284 789 ὲκ
1299 761 1450 798 περιτομῆς
1464 760 1511 787 καὶ
1525 759 1590 790 τοὺς
1609 758 1661 790 ἔξω
1675 758 1758 792 νόμου
1773 763 1834 782 συν-

1042 810 1170 845 ενεγκών.
1184 809 1279 845 ’Λθρει
1293 808 1325 844 δὴ
1341 805 1388 834 οὖν
1401 806 1481 845 πάλιν
1495 805 1573 832 τοῦτο
1584 803 1655 840 μέγα
1671 802 1832 838 μυστήριον,

1043 858 1098 888 τοῖς
1122 856 1223 892 ἀρτίως
1240 844 1307 891 ἡμῖν
1324 844 1480 890 εἰρημένοις
1503 849 1737 887 παρεζευγμένον,
1751 848 1789 879 ὡς
1805 848 1834 873 ἐν

1044 901 1108 936 σκιᾷ
1117 900 1337 935 καὶαίνῖγμασιν.
1349 908 1358 924 ι
1371 899 1491 924 Ἤκουσε
1501 896 1566 931 γὰρ,
1580 905 1589 921 ι
1603 894 1716 930 (malva
1739 892 1832 927 ’1οθὸρ,

1009 936 1030 963 Β
1043 947 1057 974 ό
1070 946 1158 981 ἱερεὺς
1166 944 1290 979 Μαδιὰμ,
1302 944 1317 970 ὁ
1329 941 1452 977 γαμϐρὸς
1459 939 1558 974 Μωσῆ,
1566 939 1654 966 πάντα
1664 937 1714 964 ὅσα
1721 936 1834 970 εποίησε

1045 993 1146 1028 Κύριος
1166 990 1275 1026 Ἰσραὴλ
1287 989 1326 1024 τῷ
1336 988 1434 1016 ἑαυτοῦ
1446 986 1503 1022 λαῷ
1515 995 1522 1002 ·
1535 986 1652 1020 ἐξήγαγε
1666 984 1721 1018 γὰρ
1733 981 1834 1017 Κύριος

1044 1040 1090 1066 τὸν
1117 1038 1225 1074 Ἰσραὴλ
1248 1037 1278 1070 ἐξ
1298 1035 1448 1070 Αἰγύπτου.
1467 1031 1568 1060 Ἐλαϐε
1593 1031 1622 1058 δὲ
1649 1030 1697 1057 καὶ
1721 1028 1835 1064 Ἰοθδρό

1045 1073 1170 1122 γαμϐρδς
1180 1084 1302 1115 Μωσέως
1315 1081 1466 1116 Σεπφώραν
1477 1079 1526 1114 τὴν
1540 1078 1658 1113 γυναῖκα
1671 1073 1835 1122 Μωσῆγμετὰ

1045 1133 1094 1168 τὴν
1108 1132 1203 1166 ἄφεσιν
1224 1129 1320 1164 αὐτῆς,
1334 1128 1383 1155 καὶ
1397 1127 1459 1158 τοὺς
1480 1125 1528 1151 δύο
1540 1123 1615 1155 υῑοὺς
1627 1122 1712 1156 αὐτῆς
1726 1129 1733 1136 ·
1749 1121 1835 1168 ὕνομα

1044 1167 1083 1214 τῷ
1104 1179 1144 1206 ἑνὶ
1164 1177 1279 1214 Γερσὰν,
1297 1175 1400 1209 λέγων·
1415 1173 1551 1210 Πάροικος
1565 1171 1639 1207 ήμην
1654 1170 1683 1196 ὲν
1696 1170 1733 1204 γῇ
1756 1167 1835 1214 ἄλλος

1044 1226 1117 1262 τρία·
1129 1225 1177 1252 καὶ
1189 1224 1219 1251 τὸ
1228 1223 1313 1258 ὅνομα
1325 1221 1372 1249 τοῦ
1392 1219 1517 1257 δευτέρου
1535 1217 1667 1252 Ἐλιεζὲρ,
1681 1215 1782 1262 λέγωννῗ
1805 1213 1836 1262 ᾯ

1118 1271 1184 1302 Θεὸς
1207 1269 1254 1296 τοῦ
1270 1268 1373 1304 πατρός
1390 1275 1440 1302 μου
1459 1265 1555 1301 βοηθός
1575 1272 1637 1299 μου,
1655 1262 1703 1289 καὶ
1719 1260 1835 1307 ἐξείλετο

1047 1305 1126 1353 με-ὲκ
1141 1316 1233 1352 χειρὸς
1252 1313 1360 1350 Φαραώ.
1386 1312 1441 1339 Καὶ
1461 1309 1542 1346 ἦλθεν
1563 1308 1647 1343 Ἰοθὸρ
1672 1308 1686 1334 ό
1709 1305 1835 1353 γαμϐρος

1045 1351 1144 1398 ίιίωσῆ,
1159 1351 1208 1389 καὶ
1222 1362 1246 1388 οἱ
1264 1360 1317 1388 υἱοὶ
1332 1359 1378 1385 καὶ.
1400 1359 1416 1393 ἡ
1439 1356 1519 1392 γυνὴ,
1537 1355 1604 1391 πρὸς
1617 1353 1721 1388 Μωσῆν
1736 1353 1776 1383 είς
1784 1351 1835 1385 τὴν

1045 1411 1094 1447 ἐρη
1099 1419 1156 1446 μον,
1168 1406 1198 1436 οὗ
1210 1406 1363 1444 παρέλαϐεν
1373 1405 1419 1432 ἐπὶ
1429 1404 1459 1430 τὸ
1465 1403 1528 1439 ὅρος
1535 1402 1582 1429 τοῦ
1593 1401 1673 1428 Θεοῦ.
1681 1399 1835 1447 Ἀνηγγέλη

1044 1445 1072 1484 δὲ
1088 1445 1174 1492 hunc?)
1191 1455 1318 1489 λέγοντες
1329 1460 1336 1468 ·
1360 1451 1425 1478 Ἰδοὺ
1440 1451 1454 1476 ὁ
1468 1448 1593 1484 γαμϐρός
1607 1455 1653 1474 σου
1681 1445 1767 1492 Ὶοθὺρ
1782 1452 1835 1470 πα-

1047 1504 1186 1541 ραγίνεται
1205 1501 1273 1537 πρὸς
1291 1500 1331 1532 σε,
1349 1498 1394 1526 καὶ
1414 1499 1431 1534 ἡ
1446 1497 1515 1532 γυνὴ
1537 1495 1585 1522 καὶ
1603 1493 1628 1520 οἱ
1642 1493 1689 1520 δύο
1714 1491 1768 1518 υἱοί
1790 1499 1835 1541 σου

1048 1535 1107 1586 μετ’
1128 1535 1234 1576 αὐτοῦ..
1249 1545 1359 1582 Ἐξῆλθε
1386 1545 1415 1571 δὲ
1434 1543 1537 1578 Μωσῆς
1563 1542 1603 1572 είς
1618 1539 1784 1573 συνάντησιν
1799 1535 1837 1570 τῷ

1010 1613 1031 1643 c
1047 1584 1165 1632 γαμϐρῷ
1181 1593 1264 1622 αὑτοῦ
1285 1592 1382 1628 ’1οθδρ,
1398 1590 1445 1618 καὶ
1463 1587 1669 1626 προσεκύνησεν
1683 1585 1769 1620 αὐτῷ,
1791 1584 1838 1610 καὶ

1151 1642 1154 1643 ν
1280 1640 1286 1643 .
1311 1639 1316 1643 ι
1410 1638 1416 1643 ι
1448 1637 1454 1643 ι
1511 1635 1516 1643 1
1627 1633 1756 1643 ιΝΧΙΧυΑᾉ
1792 1631 1835 1643 _._\

1049 1631 1232 1677 κατεφίλησεν
1257 1639 1349 1669 αὑτὸν.
1374 1638 1422 1665 καὶ
1444 1635 1604 1671 ἠσπάσαντο
1622 1633 1766 1668 ἀλλήλους,
1792 1631 1838 1658 καὶ

1050 1691 1196 1726 εἰσήγαγεν
1214 1686 1314 1717 αὐτοὺς
1338 1685 1378 1716 είς
1399 1683 1450 1719 τὴν
1471 1682 1594 1717 σκηνήν’
1624 1679 1672 1706 καὶ
1689 1678 1839 1726 διηγήσατο

1041 1722 1205 1771 Μωσῆςίτῷ
1217 1731 1334 1768 γαμϐρῷ
1347 1730 1437 1757 πάντα
1449 1729 1500 1756 ὃσα
1516 1727 1643 1762 ἐποίησεν
1656 1726 1670 1751 ὁ
1682 1724 1787 1760 Κύριος
1801 1722 1840 1757 τῷ

1049 1769 1150 1817 Φαραὼ
1172 1781 1220 1807 καὶ
1240 1780 1295 1810 τοῖς
1312 1777 1471 1811 Αἰγυπτίοις
1485 1775 1567 1802 ’ἑνεκα
1582 1772 1628 1799 τοῦ
1658 1770 1778 1806 Ἰσραὴλ,
1793 1769 1839 1817 καὶ

1024 1864 1038 1870 ἢ
1052 1814 1141 1855 πάντα
1157 1827 1203 1853 τὸν
1220 1824 1320 1861 μόχθον
1339 1823 1386 1849 τὸν
1403 1822 1547 1857 γενόμενον
1571 1817 1664 1849 αὐτοῖς
1679 1817 1708 1843 ὲν
1722 1817 1756 1851 τῇ
1776 1814 1838 1868 ὁδίὲ),

1050 1875 1097 1902 καὶ
1116 1875 1156 1900 ὅτι
1182 1859 1299 1906 ἐξείλετο
1322 1869 1422 1900 αὐτοὺς
1438 1867 1541 1903 Κύριος
1565 1866 1597 1891 ὲκ
1616 1863 1705 1899 χειρὸς
1726 1859 1838 1896 Φαραὼ,

1051 1921 1097 1948 καὶ
1113 1921 1146 1946 ὲκ
1167 1917 1259 1954 χειρὸς
1277 1916 1331 1942 τῶν
1353 1913 1518 1949 Αἰγυπτίων.
1541 1910 1652 1945 Ἐξέστη
1669 1909 1698 1935 δὲ
1720 1909 1734 1934 ὖ
1756 1906 1840 1942 Ἰοθδρ

1052 1967 1097 1993 ἐπὶ
1118 1966 1186 1992 πᾶσι
1205 1964 1261 1994 τοῖς
1277 1961 1391 1996 ἀγαθοῖς
1410 1957 1451 1992 οἷς
1466 1958 1595 1993 ἐποίησεν
1608 1955 1711 1986 αὐτοὺς
1726 1953 1839 1990 Κύριος,

1050 2013 1091 2039 ὅτι
1110 2011 1228 2043 ἐξείλετο
1243 2008 1341 2039 αὐτοὺς
1356 2006 1458 2042 Κύριος
1473 2006 1505 2031 ὲκ
1515 2003 1606 2040 χειρὸς
1619 2001 1778 2035 Αἰγυπτίων
1794 1999 1840 2027 καὶ

1050 2059 1083 2084 ἐκ
1101 2056 1192 2092 χειρὸς
1202 2053 1311 2090 Φαραώ.
1327 2052 1383 2079 Kal
1397 2050 1474 2078 εἶπεν
1491 2049 1584 2084 Ἰοθόρ·
1612 2046 1766 2082 Εὐλογητὸς
1782 2044 1840 2072 Κύ-

1052 2113 1119 2140 ριος,
1134 2103 1174 2129 ὅτι
1184 2100 1299 2133 ἐξείλετο
1309 2100 1355 2125 τὸν
1366 2097 1431 2124 λαὸν
1445 2095 1526 2123 αὑτοῦ
1542 2096 1574 2122 ὲκ
1587 2094 1676 2129 χειρὸς
1690 2092 1745 2119 τῶν
1759 2092 1841 2126 Αἰγυ-

1051 2138 1147 2181 πτίων,
1160 2148 1206 2175 καὶ
1222 2147 1254 2173 ὲκ
1269 2145 1360 2181 χειρὸς
1373 2143 1488 2179 Φαραώ.
1505 2140 1562 2168 Νῦν
1579 2140 1679 2174 ἔγνων,
1695 2139 1737 2165 ὅτι
1753 2138 1841 2173 μέγας

1052 2195 1152 2229 Κύριος
1166 2191 1242 2228 παρὰ
1258 2190 1362 2221 πάντας
1375 2190 1438 2220 τοὺς
1455 2188 1542 2219 θεοὺς,
1558 2185 1652 2212 ἕνεκεν
1666 2184 1778 2216 τούτου,
1802 2183 1841 2209 ὅτι

1052 2228 1179 2267 ἐπέθεντο
1192 2238 1292 2269 αὐτοῖς.
1311 2236 1366 2263 Kal
1388 2234 1482 2261 ἐλαϐεν
1501 2232 1587 2268 ἰοθδρ
1608 2230 1733 2267 γαμϐρὸς
1755 2228 1840 2262 Μωσῆ

208 2294 272 2314 nem
281 2293 343 2314 cum
353 2293 448 2313 socero
460 2285 544 2321 Moysi
554 2293 645 2312 coram
656 2285 722 2312 Deo.
730 2285 764 2311 Et
775 2284 876 2311 factum
886 2288 928 2311 est
938 2288 996 2319 posl

1050 2284 1263 2320 ὁλοκαυτώματα
1282 2283 1330 2310 καὶ
1345 2281 1440 2313 θυσίας
1459 2279 1499 2315 τῷ
1517 2278 1576 2314 Θεῷ
1587 2287 1595 2294 ·
1613 2277 1797 2313 παρεγένοντο
1815 2275 1842 2301 δὲ

208 2332 358 2360 crastinum
369 2331 493 2359 consedit
503 2331 608 2366 Moyses
618 2331 650 2358 ad
659 2331 838 2367 judicandum
848 2330 980 2365 populum
991 2338 999 2363 ;

209 2378 354 2406 assistebat
370 2382 462 2406 autem
478 2377 567 2405 omnis
576 2377 693 2412 populus
703 2376 786 2412 Moysi
797 2384 812 2403 a
824 2383 903 2403 mane
915 2383 1001 2410 usque

209 2425 243 2452 ad
253 2431 408 2459 vesperum.
416 2423 614 2451 Vidensautem
625 2421 720 2449 Jethro
726 2420 819 2448 omnia
831 2427 1002 2455 quaecunque

210 2471 327 2499 faciebat
334 2469 445 2506 populo,
457 2469 546 2504 inquit
557 2478 563 2495 :
575 2467 646 2501 Quid
656 2468 709 2495 hoc
718 2471 745 2494 tu
757 2466 823 2493 facis
831 2466 945 2501 populo?
954 2473 1004 2493 cur

211 2522 240 2545 lu
249 2517 330 2545 sedes
339 2516 424 2549 solus,
435 2519 463 2543 et
471 2516 561 2543 omnis
569 2515 688 2550 populus
698 2516 767 2540 astat
776 2512 826 2539 tibi
840 2519 856 2538 a
864 2518 944 2538 mane
953 2517 1001 2537 us-

210 2571 264 2603 que
271 2563 305 2590 ad
315 2562 480 2598 vesperum?
494 2562 528 2589 Et
537 2561 604 2589 dicit
622 2561 726 2596 Moyses
745 2567 842 2586 socero
851 2567 901 2586 suo
914 2567 920 2584 :
932 2558 1001 2592 Quia

212 2609 287 2636 venit
297 2609 331 2636 ad
342 2616 385 2636 me
394 2609 513 2643 populus
521 2614 644 2642 quaerere
653 2605 787 2641 judicium
798 2613 813 2632 a
823 2605 890 2632 Deo.
906 2604 1001 2638 Quan-

213 2655 248 2682 do
256 2655 330 2682 enim
339 2654 423 2681 fuerit
432 2654 471 2682 eis
482 2651 678 2684 controversia,
698 2654 726 2678 et
744 2651 871 2678 venerint
891 2651 925 2678 ad
945 2658 1002 2682 me.

210 2701 304 2737 judico
327 2701 398 2728 inter
410 2700 541 2735 singulos,
552 2702 578 2725 et
588 2698 673 2725 doceo
685 2697 746 2724 illos
765 2697 892 2725 mandata
909 2697 956 2725 Dei
976 2701 1005 2724 et

213 2747 300 2781 legem
310 2746 379 2781 ejus.
392 2745 465 2772 Dixit
474 2747 566 2770 autem
585 2750 664 2770 socer
682 2741 765 2777 Moysi
787 2742 820 2769 ad
839 2749 922 2769 eum:
943 2743 1002 2769 Non

215 2795 288 2820 recte
306 2791 374 2818 facis
392 2789 507 2816 verbum
535 2788 606 2820 hoc;
633 2787 810 2822 corruptione
834 2787 1004 2815 consumeris

218 2836 381 2867 intolerabili
402 2839 430 2862 et
444 2839 484 2867 tu,
502 2838 531 2862 et
547 2832 636 2862 omnis
647 2833 764 2868 populus
778 2832 824 2860 hic
836 2833 882 2868 qui
898 2837 940 2860 est
962 2837 1003 2860 te-

1056 2330 1160 2366 Ἀαρὼν
1176 2330 1223 2357 καὶ
1237 2330 1337 2361 πάντες
1352 2329 1377 2354 ot
1394 2326 1577 2363 πρεσϐύτεροι
1607 2322 1717 2359 Ἰσραὴλ
1734 2330 1844 2357 συμφα-

1050 2378 1109 2412 γεῖν
1122 2376 1204 2412 ἄρτον
1221 2374 1290 2411 μετὰ
1308 2375 1356 2401 τοῦ
1372 2371 1499 2408 γαμϐροῦ
1515 2370 1639 2402 Μωσέως
1655 2368 1779 2396 ἐναντίον
1797 2366 1842 2393 τοῦ

1052 2421 1130 2448 Θεοῦ.
1156 2421 1211 2447 Kal
1235 2419 1344 2454 ἐγένετο
1370 2417 1438 2452 μετὰ
1451 2416 1500 2452 τὴν
1518 2415 1660 2450 ἐπαύριον,
1683 2412 1844 2439 συνεκάθισε

1052 2467 1154 2502 Μωσῆς
1165 2466 1268 2502 κρίνειν
1280 2465 1326 2492 τὸν
1348 2464 1412 2490 λαόν
1422 2472 1428 2478 ·
1447 2462 1626 2497 παρειστήκει
1643 2460 1672 2487 δὲ
1683 2461 1697 2486 ὸ
1709 2459 1773 2490 λαὸς
1791 2459 1845 2489 πᾶς

1055 2515 1140 2549 Μωσῇ
1164 2513 1217 2540 ἀπὸ
1243 2510 1362 2547 πρωτθεν
1386 2510 1438 2541 ἕως
1462 2508 1592 2543 ἑσπέρας.
1618 2505 1691 2533 Ἰδὼν
1704 2505 1735 2532 δὲ
1761 2504 1846 2538 Ἰοθδρ

1056 2561 1145 2588 πάντα
1159 2559 1207 2586 ὅσα
1225 2557 1336 2592 ἐποίησε
1362 2556 1402 2591 τῷ
1423 2555 1490 2590 λαῷ,
1510 2554 1602 2594 λέγει·
1629 2552 1662 2579 Τί
1683 2551 1764 2578 τοῦτο
1779 2551 1794 2577 ὃ
1815 2550 1846 2576 σὺ

1056 2606 1143 2637 ποιεῖς
1152 2604 1191 2640 τῷ
1206 2603 1264 2638 λαῷ
1275 2611 1282 2635 ;
1294 2601 1338 2628 διὰ
1351 2601 1378 2628 τί
1390 2601 1422 2628 σὺ
1433 2600 1551 2634 κάθησαι
1569 2599 1657 2634 μόνος,
1674 2597 1728 2629 πᾶς
1743 2596 1772 2622 δὲ
1785 2595 1846 2625 λαὸς

1057 2649 1214 2687 παρέστηκὲ
1228 2657 1268 2675 σοι
1283 2647 1337 2674 ἀπὸ
1357 2645 1430 2682 πρωῒ
1443 2645 1497 2677 ἓως
1507 2645 1596 2679 δείλης
1608 2653 1615 2676 ;
1629 2642 1686 2670 Καὶ
1695 2642 1772 2676 λέγει
1786 2642 1848 2668 Μω-

1057 2698 1106 2732 σῆς
1120 2696 1158 2731 τῷ
1175 2693 1309 2730 γαμϐρῷ·
1328 2693 1388 2720 Ὅτι
1404 2691 1585 2727 παραγίνεται
1603 2691 1617 2716 ὁ
1633 2688 1697 2720 λαὸς
1721 2688 1790 2724 πρός
1812 2695 1845 2722 με

1056 2740 1205 2775 ὲχζητῆσαι
1226 2738 1316 2774 κρίσιν
1337 2736 1411 2772 παρὰ
1433 2735 1513 2763 Θεοῦ.
1542 2735 1627 2763 ὀταν
1646 2734 1702 2769 γὰρ
1734 2733 1846 2768 γένηται

1057 2787 1148 2817 αὐτοῖς
1162 2784 1301 2818 ἀντιλογία
1313 2783 1359 2810 καὶ
1369 2782 1465 2809 ἔλθωσι
1483 2782 1550 2816 πρός
1568 2789 1612 2816 με,
1629 2780 1760 2815 διακρίνω
1781 2778 1846 2805 ἱκα-

1058 2841 1130 2864 στον,
1147 2831 1194 2858 καὶ
1212 2829 1372 2865 συμϐιϐάξω
1389 2829 1487 2862 αὐτοὺς
1510 2828 1544 2854 τὰ
1569 2826 1770 2862 προστάγματα
1798 2822 1846 2850 τοῦ

250 2929 271 2945 ’⁷
294 2928 387 2956 Matth.
402 2936 458 2962 xm,
479 2927 522 2956 29.
547 2927 658 2956 “Joan.
680 2935 706 2961 κ,
723 2927 764 2955 ίϐ.
803 2926 824 2941 ’³
851 2925 944 2962 Ephes
981 2932 990 2951 ι

1047 2922 1062 2955 i,
1090 2922 1131 2950 15.
