1924 3043
95 145 149 175 ‘28!

475 146 520 174 DE
539 145 764 175 ADORATIONE
780 145 814 173 IN
835 145 972 175 SPIRITU
987 147 1032 175 ET
1052 149 1236 178 VERITATE.
1259 150 1323 178 LIB.
1344 151 1387 178 lli.

1685 152 1739 179 ἓξιὲ

98 204 165 232 Θεοῦ
193 203 240 230 καὶ
254 205 302 230 τὶν
312 205 396 240 νόμον
411 205 502 232 αὑτοῦ.
520 203 587 232 Eine
598 205 627 232 δὲ
641 206 655 232 ό
667 205 791 240 γαμϐρὸς
805 205 892 240 Μωσῆ

948 215 1009 234 cum
1023 216 1123 243 :grave
1141 209 1190 236 tibi
1209 210 1323 237 verbum
1338 210 1399 243 hoc,
1411 217 1465 237 non
1479 213 1583 245 poteris
1603 214 1632 236 tu
1648 209 1739 237 facere

99 251 166 287 πρὸς
186 250 271 277 αὐτὸν
284 259 291 266 ·
313 252 372 278 Οὐκ
386 251 474 287 ὀρθῶς
496 252 528 278 σὺ
544 253 631 284 ποιεῖς
650 251 680 278 τὸ
707 252 783 287 ῥῆμα
803 251 891 284 τοῦτο,

96 298 126 324 οὐ
144 296 248 332 δυνήσῃ
264 297 297 323 σὺ
310 299 399 324 ποιεῖν
414 297 502 333 μόνος.
516 298 573 324 Νῦν
588 298 617 324 δὲ
633 297 749 324 ἄκουσόν
766 306 828 333 μου,
844 297 892 324 καὶ

98 341 297 377 συμϐουλεύσω
315 351 367 374 σοι,
382 343 428 369 καὶ
448 342 525 369 ἔσται
540 342 554 368 ὁ
568 342 634 374 Θεὸς
654 342 724 378 μετὰ
738 341 796 369 σοῦ.
812 341 891 368 Γίνου

97 391 130 417 ob
144 389 184 425 τῷ
200 388 260 425 λαῷ
275 389 310 416 τὰ
327 390 395 424 πρὸς
409 389 454 416 τὸν
474 389 550 421 Θεὸν,
571 389 618 416 καὶ
633 389 750 420 ἀνοίσεις
770 388 833 419 τοὺς
849 387 892 414 λό-

95 444 163 469 γους
175 435 269 462 αὺτῶν
287 435 356 470 πρὸς
380 434 425 462 τὸν
439 434 516 467 Θεὸν,
533 435 580 462 καὶ
602 434 782 470 διαμαρτύρει
799 434 891 464 αὐτοῖς

94 482 131 508 τὰ
143 481 346 517 προστάγματα
358 479 404 506 τοῦ
426 480 494 506 Θεοῦ
512 480 559 506 καὶ
575 479 620 507 τὸν
639 479 721 515 νόμον
736 478 828 512 αὑτοῦ,
845 477 892 505 καὶ

95 528 233 562 σημανεῖς
262 527 356 557 αὐτοῖς
376 526 426 558 τὰς
442 525 530 558 ὀδοὺς,
543 527 573 552 ὲν
598 523 643 557 αἷς
659 525 838 561 πορεύσονται
860 524 889 549 ὲν

95 574 204 606 αὐταῖς,
222 574 271 599 καὶ
303 572 338 599 τὰ
362 572 430 608 ἔργα
458 571 476 598 ἃ
501 571 655 606 ποιήσουσι.
679 572 733 598 Καὶ
749 571 780 597 σὺ
803 568 893 605 σαυτῷ

95 619 198 654 σκέψαι
211 619 267 646 ἀπὸ
281 618 381 650 παντὸς
394 618 442 644 τοῦ
453 617 519 644 λαοῦ
538 617 648 653 ἄνδρας,
661 617 738 652 φησὶ,
748 617 888 648 δυνατοὺς,

93 667 143 693 καὶ
161 665 288 701 κρινοῦσι
311 665 357 691 τὸν
377 664 452 692 λαόν,
480 673 490 690 ›
517 663 571 690 Καὶ
592 663 651 698 μεθ’
675 663 757 698 ἕτερα
784 662 886 690 πάλιν·
910 673 918 689 ‹

93 712 163 749 ϐροῦ
180 713 278 745 αὐτοῦ,
295 712 340 739 καὶ
352 711 480 746 ἐποίησεν
497 711 546 738 ὅσα
562 710 636 746 αὐτῷ
649 708 752 738 εἶπεν.)

131 770 243 797 ΠΔΛΛ.
261 769 314 796 Ἴθι
331 769 363 805 δή
383 777 428 804 μοι
446 768 537 802 πάλιν,
553 769 601 796 καὶ
615 768 667 796 ἀνὰ
684 768 766 804 μέρος
789 767 892 796 ἕκαστα

93 815 246 848 διαλαϐὼν,
262 815 401 850 διασάφει.

132 862 219 888 ΚΥΡ.
235 858 275 888 Ἦ
291 862 341 887 οὐκ
357 858 429 888 εἶναι
444 862 497 896 φῂς
514 860 647 895 ἀλλογενῆ
659 869 688 887 τε
708 860 754 887 καὶ
766 859 796 892 ἐξ
810 860 894 886 ὲθνῶν

94 908 143 934 τὸν
167 907 350 941 Μαδιηναῖον;
378 907 414 933 Οὐ
438 906 493 942 γάρ
513 915 564 933 που
588 905 666 942 ῥίζης
690 905 741 941 τῆς
770 905 895 942 Ἀϐραὰμ

95 953 182 987 ἐξέφυ
192 961 199 967 ·
212 950 246 988 ἦν
257 952 286 979 δὲ
297 953 345 979 καὶ
361 952 462 988 ἑτέρως
481 952 623 988 ιερουργός
635 960 664 979 τε
679 952 726 978 καὶ
737 951 831 987 λάτρις
846 952 895 986 τῆς

96 1000 159 1027 κατ’
173 1000 264 1026 ἐκεῖνο
283 999 381 1035 καιροῦ
394 999 595 1034 νενομισμένης
612 999 658 1025 ἐπὶ
675 999 726 1034 τῆς
739 1000 790 1033 γῆς
805 997 895 1024 ὲθελο-

97 1045 262 1082 θρησκείας.
291 1045 483 1081 Προσεκύνουν
515 1045 564 1080 μὲν
583 1045 651 1080 γὰρ,
678 1045 715 1076 ὡς
731 1044 814 1076 πολὺς
839 1043 895 1079 ἔχει

96 1091 187 1126 λόγος,
208 1090 294 1126 ᾤοντό
311 1100 341 1117 τε
364 1091 442 1118 αὐτοὶ
470 1090 541 1117 κατὰ
565 1091 635 1125 σφᾶς
657 1090 766 1122 αὐτοὺς,
792 1090 895 1125 ὑψίστῳ

97 1137 158 1171 Θεῷ
174 1137 302 1173 καθάπερ
317 1136 413 1172 ἀμέλει
434 1137 481 1164 καὶ
500 1136 668 1172 Μελχισεδέκ
681 1144 687 1151 ·
700 1136 896 1172 προσεδέχοντο

98 1177 128 1210 δὲ
141 1184 190 1212 καὶ
200 1184 313 1219 ἐτέρους
325 1184 395 1219 τάχα
411 1192 461 1210 που
484 1182 572 1214 θεοὺς,
592 1181 803 1218 ὲναριθμοῢντες
819 1181 895 1216 αὐτῷ

96 1231 131 1257 τὰ
147 1230 280 1266 ἐξαίρετα
297 1230 352 1257 τῶν
378 1230 547 1264 κτισμάτων,
572 1230 624 1265 γῆν
647 1238 678 1255 τε
700 1229 748 1256 καὶ
769 1228 894 1263 οὐρανὸν,

98 1276 175 1312 ἣλιον
187 1277 236 1303 καὶ
248 1276 375 1312 σελήνην,
387 1276 434 1303 καὶ
445 1276 479 1303 τὰ
490 1276 545 1302 τῶν
565 1275 673 1311 ἄστρων
689 1275 770 1310 ὲπιση
776 1275 878 1310 μότερα
886 1282 894 1289 ³

99 1321 148 1348 καὶ
165 1321 356 1357 πλημμέλημα
374 1320 424 1356 μὲν
436 1320 548 1356 αρχαῖον
560 1321 576 1356 ἡ
598 1320 645 1346 ἐπὶ
655 1319 723 1354 τῷδε
736 1317 896 1354 καταφθορα

99 1368 148 1394 καὶ
159 1366 305 1402 πλάνησις,
317 1367 407 1402 διήκει
422 1366 450 1393 δὲ
467 1366 514 1393 καὶ
529 1367 569 1398 είς
585 1365 664 1401 δεῦρο
678 1366 725 1392 καὶ
737 1364 896 1401 παρατείνε-

99 1422 158 1440 ται.
173 1413 305 1448 Φρονοῖωι
326 1413 380 1448 γὰρ
396 1409 447 1439 ὦδε
463 1412 685 1448 παραληροῦντες
698 1411 738 1438 ἐτι
752 1412 805 1438 τῶν
820 1411 848 1438 ἐν
860 1412 894 1447 τῇ

100 1459 215 1495 Φοινίκῃ
240 1459 288 1486 καὶ
306 1458 474 1495 Παλαιστίνῃ
492 1458 575 1490 τινὲς,
600 1457 625 1484 oi
646 1457 716 1492 σφᾶς
733 1457 782 1492 μὲν
797 1456 896 1488 αὐτοὺς

102 1505 240 1537 θεοσεϐεῖς
259 1505 449 1540 ὀνομάζουσιν,
462 1502 540 1540 οἷμον
554 1504 582 1531 δέ
596 1512 657 1530 τινα
674 1503 823 1539 Ορησκείας
837 1501 896 1529 δια-

102 1551 241 1586 στείχουσι
255 1551 351 1586 μέσην,
368 1550 430 1577 οὔτε
443 1551 499 1582 τοῖς
517 1550 652 1577 Ἰουδαίων
668 1549 740 1576 ἔθεσι
753 1548 893 1584 καθαρῶς,

101 1597 162 1625 οὔτε
175 1598 232 1628 τοῖς
248 1597 381 1632 Ἐλλήνων
389 1595 582 1631 προσκείμενοι
594 1616 601 1627 ,
613 1596 654 1627 εἱς
665 1594 748 1630 ἄμφω
758 1594 786 1621 δὲ
799 1594 892 1630 ὥσπερ
906 1593 927 1622 C

101 1642 346 1679 διαῤῥιπτούμενοι
370 1642 418 1668 καὶ
446 1641 657 1677 μεμερισμένοι.
689 1632 842 1675 Ἐλομένοις
866 1640 894 1666 δέ

102 1698 168 1716 ποτε
188 1690 246 1721 τοῖς
270 1689 300 1722 ἐξ
330 1689 438 1724 Ἰσραὴλ
460 1689 490 1714 τὸ
513 1685 565 1715 ὧδε
586 1688 694 1724 φρονεῖν
717 1688 730 1713 ὁ
751 1687 894 1723 προφήτης

108 1735 203 1767 Ἠλίας
220 1736 340 1770 ἐπετίμα
359 1735 462 1769 λέγων’
484 1745 493 1760 ι
516 1735 588 1766 Ἕως
606 1734 673 1760 πότε
687 1733 835 1769 χωλανεῖτε
851 1733 895 1759 ἐπ’

103 1782 274 1817 ἀμφοτέραις
293 1783 354 1813 ταῖς
367 1781 490 1815 ἰγνύαις;
506 1780 523 1816 ἢ
540 1780 623 1812 Βάαλ,
640 1779 725 1812 Βάαλ,
739 1779 757 1814 ἦ
771 1779 810 1815 τῷ
824 1778 894 1814 Θεῷ,

102 1829 171 1864 Θεῷ.
180 1839 189 1854 ›
202 1827 256 1856 Ἦν
271 1826 317 1856 οὖν
331 1828 385 1864 ἄρα
395 1828 443 1854 καὶ
458 1827 542 1863 ’ἰοθὺρ
556 1826 686 1854 τοιουτονί
698 1835 770 1859 τινα,
781 1825 851 1852 κατὰ
865 1825 896 1852 τὸ

103 1875 189 1910 εἰκὸς,
204 1875 355 1911 θρησκείας
376 1873 478 1901 διέπων
498 1873 609 1909 τρόπον.
629 1873 676 1904 Ὃς
688 1871 804 1908 ἐπείπερ
825 1871 896 1905 ἔγνω

103 1923 136 1950 τὰ
159 1923 236 1958 παρὰ
263 1921 331 1948 Θεοῦ
360 1921 491 1956 γεγονότα
515 1920 583 1955 πρὸς
619 1919 756 1955 σωτηρίαν
782 1918 835 1945 τῶν
866 1917 896 1950 ἐξ

108 1968 227 2005 Ἰσραὴλ,
246 1968 354 2000 σεπτοῖς
370 1968 418 1995 καὶ
441 1966 617 2000 ἀξιαγάστοις
637 1965 790 2001 διηγήμασι
812 1973 895 1991 κατα-

103 2014 282 2051 κηλούμενος,
296 2013 406 2041 πανοικί
417 2021 445 2040 τε
462 2013 510 2040 καὶ
529 2011 661 2047 παγγενεὶ
675 2011 744 2047 πρὸς
759 2011 804 2038 τὸν
825 2010 895 2046 ἱερὸν

103 2061 261 2097 ἀφικνεῖται
277 2059 389 2087 Μωσέα·
412 2059 442 2091 ὃς
459 2058 575 2093 ἐπείπερ
599 2055 679 2089 εἶδεν,
694 2056 820 2092 ἀσμένως
838 2057 895 2082 εῐσ-

103 2108 214 2142 εδέξατο
225 2116 255 2134 τε
275 2107 324 2134 καὶ
345 2105 538 2140 εἰσκεκόμικεν
550 2105 590 2136 εἰς
609 2103 679 2131 ἰδίαν
693 2103 807 2139 σκηνήν.
832 2102 896 2137 Ἀφ-

103 2156 209 2191 ηγεῖται
225 2154 254 2180 δὲ
276 2152 472 2188 ἀκριϐέστερον
486 2151 520 2178 τὰ
532 2150 577 2177 διὰ
599 2150 649 2186 τῆς
664 2150 738 2181 Θείας
757 2149 848 2185 ἰσχύος
865 2146 895 2175 εὖ

103 2201 176 2237 μάλα
193 2199 407 2236 κατορθώματα.
423 2197 479 2225 Καὶ
494 2197 528 2224 τὰ
551 2197 651 2229 παντὸς
668 2196 797 2223 ἐπέκεινα
815 2195 895 2230 λόγου

97 2246 361 2282 ἰτερατουργήματα.
386 2244 518 2271 Καλεῖται
533 2243 588 2279 γὰρ
605 2243 645 2274 είς
661 2242 831 2278 μετάγνωσιν
845 2241 893 2276 τὴν

102 2292 139 2324 ὡς
156 2291 228 2327 πρὸς
247 2290 315 2317 Θεὸν
339 2291 358 2326 ἡ
374 2289 429 2316 τῶν
444 2289 630 2325 πλανωμένων
641 2289 757 2324 πληθὺς,
774 2288 847 2324 φημὶ
861 2287 894 2323 δὴ

102 2338 135 2364 τὰ
151 2337 229 2372 ἔθνη,
254 2337 283 2363 ὲν
297 2336 415 2372 πρώτοις
434 2336 483 2370 μὲν
499 2335 532 2361 ἑκ
551 2335 792 2370 παρακουσμάτων
805 2331 842 2363 ὧν
862 2334 894 2362 ἄν

101 2392 142 2415 τις
158 2384 265 2410 ποιοῖτο
279 2382 345 2417 περὶ
357 2381 436 2413 Θεοῦ,
461 2378 511 2408 εἴθ’
526 2380 615 2413 οὕτως
644 2380 715 2407 αὐτὰ
731 2380 765 2407 δι’
789 2379 895 2407 ἑαυτῶν

104 2427 172 2464 πρὸς
193 2426 240 2453 τὸν
263 2426 335 2454 θεῖον
364 2425 460 2460 ὥσπερ
482 2424 686 2460 αὐτομολοῦντα
704 2424 797 2460 νόμον,
824 2424 895 2451 τοῦτ’

104 2484 171 2506 εστι,
188 2474 240 2510 τὴν
250 2473 296 2500 διὰ
307 2474 472 2509 γράμματος
488 2472 560 2509 ἱεροῦ
573 2473 734 2507 κατήχησιν.
755 2472 834 2497 Ὥστε
848 2471 895 2498 καὶ

104 2523 144 2554 είς
161 2522 213 2558 τὴν
229 2520 342 2558 πρώτην
357 2520 493 2556 εἰστρέχει
508 2520 621 2555 σκηνήν.
636 2517 826 2553 Εἰσαγωγικδς
841 2518 896 2553 γὰρ

104 2564 299 2604 ὸνόμος·.εῐτα
317 2567 374 2598 τοῖς
391 2567 580 2602 ἀρχαιοτέροις
601 2566 776 2601 διηγήμασιν”
791 2565 894 2591 ἀναπε-

105 2613 249 2649 πεισμένα,
267 2614 422 2648 μεταχωρεῖ
434 2613 482 2639 καὶ
494 2613 534 2645 εἰς
545 2613 575 2639 τὸ
588 2613 697 2648 φρονεῖν
711 2611 819 2638 ἑλέσθαι
841 2610 894 2637 λοι-

106 2659 164 2691 πδν,
177 2658 264 2694 ὁτιδὴ
278 2658 345 2690 Θεὸς
360 2656 401 2690 εἷς
414 2659 445 2685 τέ
463 2660 523 2685 ἐστι
545 2659 593 2686 καὶ
608 2650 699 2694 μόνος,
716 2658 762 2684 καὶ
777 2657 830 2692 μὴν
846 2657 893 2684 καὶ

106 2705 143 2737 εἰς
154 2704 186 2731 τὸ
205 2706 306 2740 χρῆναι
320 2705 507 2740 καρποφορεῖν
527 2704 611 2739 αὐτῷ.
628 2705 684 2738 Τὴν
698 2704 753 2740 γάρ
767 2711 808 2730 τοι
828 2703 894 2730 Μω-

107 2751 171 2782 σέως
183 2751 313 2786 διήγησιν
326 2750 453 2786 ἀκηκοὼς
464 2751 478 2777 ό
491 2750 656 2786 Μαδιηναῖος
664 2769 672 2783 ,
685 2749 758 2776 (Νῦν
769 2749 864 2784 ἔγνων,
881 2759 890 2774 ›

107 2797 197 2832 φησὶν,
221 2796 262 2823 ὅτι
281 2795 369 2830 μέγας
386 2795 488 2832 Κύριος
501 2795 576 2830 παρὰ
593 2795 698 2826 πάντας
713 2794 775 2826 τοὺς
795 2793 872 2824 θεούς
886 2802 892 2809 ·

946 252 1031 280 solus.
1051 253 1130 280 Nunc
1142 253 1225 288 igitur
1234 254 1299 281 audi
1319 262 1372 287 me,
1384 259 1413 282 et
1432 254 1578 282 consilium
1596 253 1645 281 tibi
1657 253 1729 281 dabo
1748 279 1751 282 .

946 298 1012 325 Esto
1035 302 1063 325 tu
1087 299 1190 333 populo
1210 299 1237 326 in
1262 300 1306 332 iis,
1322 308 1382 335 quae
1401 300 1434 327 ad
1462 301 1563 332 Deum,
1583 303 1611 327 el.
1634 299 1739 327 referes

945 352 1088 372 sermones
1103 352 1199 372 eorum
1211 345 1244 372 ad
1257 345 1354 378 Deum,
1367 350 1394 373 et
1410 346 1555 373 testiﬁcare
1576 346 1617 373 eis
1637 353 1740 381 prtece-

946 392 992 424 pta
1010 389 1059 416 Dei
1078 393 1106 416 et
1119 389 1207 424 legem
1225 390 1294 425 ejus,
1305 394 1332 417 et
1347 390 1476 418 ostendes
1491 391 1532 418 eis
1555 391 1613 418 vias
1630 391 1658 418 in
1677 391 1740 426 qui-

946 433 999 461 bus
1012 435 1156 462 ambulent
1176 436 1204 463 in
1221 435 1298 471 ipsis,
1316 439 1344 463 et
1363 444 1446 471 opera
1463 439 1524 471 qua:
1537 437 1647 464 facient.
1661 437 1696 464 Et
1711 442 1739 464 tu

946 481 997 508 tibi
1015 481 1129 516 provide
1140 482 1174 509 ab
1191 483 1266 509 omni
1283 483 1383 518 populo
1399 483 1483 514 viros,
1496 483 1739 518 inquit,potentes,

945 527 1147 562 etjudicabunt
1157 529 1289 565 populum
1299 530 1317 555 '.
1332 538 1340 554 ›
1358 528 1391 556 Et
1404 529 1566 563 quibusdam
1579 530 1739 566 interjectis,

947 573 1049 600 iterum
1065 582 1072 600 :
1089 584 1098 599 ι
1115 574 1229 602 Audivit
1241 578 1344 607 autem,
1361 584 1370 600 ι
1389 574 1487 609 inquit,
1503 584 1512 600 ‹
1527 575 1631 611 Moyses
1643 583 1739 602 vocem

943 619 1032 646 soceri
1051 619 1104 651 sui,
1120 624 1148 648 et
1163 620 1230 648 fecit
1247 628 1418 655 quaecunque
1436 620 1544 648 dixerat
1555 621 1637 655 ipsi'.
1657 630 1666 646 ι

940 664 1063 692 Ἤκουσε
1080 666 1119 699 δὲ,
1144 676 1154 692 ι
1173 666 1251 703 φησὶ,
1268 676 1277 692 ι
1303 667 1405 703 Μωσῆς
1421 667 1471 702 τῆς
1491 666 1583 701 φωνῆς
1603 666 1650 693 τοῦ
1665 675 1740 701 γαμ-

980 769 1078 797 PALL.
1109 769 1194 805 Perge
1220 769 1303 804 igitur
1330 769 1397 796 mihi
1426 777 1541 802 rursus,
1570 773 1598 796 et
1626 769 1741 805 singulis

944 816 1058 861 seorsim
1074 815 1230 843 distributis
1241 823 1290 850 per
1302 820 1394 850 partes
1409 815 1525 850 explica.

980 861 1058 890 CYii.
1078 862 1175 889 Nonne
1191 866 1314 888 exterum
1331 869 1391 888 csse
1407 861 1510 892 iateris,
1523 864 1550 888 et
1566 868 1598 887 ex
1613 860 1741 896 gentibus

911 923 931 950 Β
945 908 1085 935 hominem
1098 907 1293 935 Madianitam?
1312 908 1407 942 Neque
1418 907 1491 934 enim
1507 912 1548 934 cst
1559 915 1592 934 ex
1603 907 1739 934 Abraham

946 954 1031 988 stirpe
1053 953 1214 989 progenitus
1239 962 1246 979 :
1270 957 1330 980 erat
1357 953 1439 980 etiam
1468 953 1570 987 alioqui
1599 952 1741 987 religionis

945 1001 1004 1036 ejus
1036 1007 1097 1034 qua!
1120 1008 1170 1035 per
1193 999 1288 1026 orbem
1313 1004 1450 1026 terrarum
1474 1004 1533 1026 erat
1557 1006 1590 1026 eo
1617 1002 1741 1033 tempore

945 1048 1116 1083 pervulgata,
1132 1047 1261 1074 sacerdos
1276 1051 1303 1074 et
1318 1047 1417 1074 cultor.
1432 1046 1640 1074 Venerabantur
1655 1046 1740 1077 enim,

945 1098 976 1121 ut
996 1098 1039 1122 est
1058 1093 1207 1120 multorum
1230 1100 1356 1120 sermone
1377 1092 1555 1124 celebratum,
1575 1096 1602 1118 et
1620 1092 1672 1126 ipsi
1693 1099 1742 1126 per

945 1148 974 1168 se
994 1139 1139 1174 putabant,
1157 1139 1244 1166 Deum
1265 1138 1442 1170 altissimum,
1463 1142 1491 1165 ut
1513 1138 1595 1165 etiam
1619 1137 1742 1172 profecto

946 1185 1164 1217 Melchisedech;
1191 1185 1259 1212 alios
1285 1191 1395 1220 quoque
1419 1184 1486 1211 deos
1513 1183 1694 1218 recipiebant,
1714 1189 1742 1210 et

946 1233 974 1260 in
990 1233 1106 1260 deorum
1120 1240 1264 1260 numerum
1280 1240 1333 1259 una
1354 1239 1416 1258 cum
1437 1231 1484 1258 illo
1498 1230 1659 1258 referebant
1682 1229 1741 1257 exi-

945 1278 1014 1306 mias
1039 1283 1189 1311 creaturas,
1207 1283 1309 1305 terram
1334 1277 1396 1306 dico
1423 1281 1451 1304 et
1477 1276 1588 1308 coelum,
1606 1276 1691 1303 solem
1714 1280 1743 1303 et

945 1325 1050 1356 lunam,
1067 1328 1096 1351 et
1112 1328 1185 1351 astra
1205 1323 1375 1359 insigniora;
1392 1327 1473 1358 atque
1489 1322 1625 1358 ejusmodi
1645 1322 1697 1349 hac
1713 1321 1741 1348 in

945 1379 975 1398 re
994 1370 1070 1398 labes
1096 1374 1125 1397 et
1150 1377 1228 1397 error
1255 1373 1334 1396 vetus
1361 1368 1472 1404 quidem
1495 1367 1591 1394 vitium
1614 1366 1675 1398 fuit,
1693 1366 1740 1394 sed

945 1416 1019 1451 quod
1045 1423 1130 1450 usque
1150 1415 1184 1442 ad
1202 1420 1296 1442 nostra
1319 1419 1443 1448 tempora
1472 1412 1640 1448 pervenerit,
1660 1415 1742 1446 atque

944 1462 1106 1497 pervaserit.
1129 1461 1175 1489 Sic
1190 1461 1264 1488 enim
1281 1461 1372 1488 adhuc
1387 1459 1498 1495 quidam
1525 1458 1553 1485 in
1571 1457 1701 1485 Phoenice
1715 1461 1744 1484 et

945 1508 1090 1536 Palaestina
1116 1507 1284 1542 desipientes
1309 1507 1444 1538 sentiunt,
1466 1505 1524 1540 qui,
1546 1512 1609 1532 cum
1635 1512 1663 1531 se
1690 1503 1742 1538 ipsi

945 1555 1088 1590 religiosos
1106 1555 1254 1590 appellent,
1270 1554 1343 1581 viam
1359 1558 1449 1580 tamen
1471 1552 1590 1579 mediam
1603 1550 1745 1586 religionis

945 1600 1146 1636 ingrediuntur,
1170 1607 1260 1634 neque
1288 1598 1445 1627 Judzeorum
1469 1597 1594 1624 moribus
1610 1596 1663 1631 93
1680 1603 1741 1622 om—

947 1647 1024 1679 nino,
1042 1653 1132 1680 neque
1152 1645 1294 1681 gentilium
1316 1644 1429 1676 addicti,
1448 1644 1521 1671 inter
1543 1647 1674 1677 utrosque
1692 1649 1742 1668 au—

948 1696 1003 1718 tem
1024 1689 1227 1725 quodammodo
1243 1689 1338 1725 jactati
1361 1693 1444 1724 atque
1464 1688 1586 1715 dissecti.
1605 1686 1743 1714 lsraelitas

947 1742 1038 1764 autem
1052 1737 1128 1768 olim,
1143 1744 1205 1764 cum
1223 1735 1258 1763 ad
1272 1735 1401 1763 eumdem
1426 1734 1538 1764 modum
1565 1733 1668 1760 sentire
1685 1740 1742 1760 ca:—

947 1783 1071 1818 pissent,
1099 1782 1173 1809 Elias
1201 1782 1335 1817 propheta
1365 1781 1521 1816 objurgavit
1549 1779 1593 1806 his
1623 1778 1741 1806 verbis:

951 1839 960 1855 ‹
980 1829 1130 1864 Quousque
1154 1827 1315 1856 claudicatis
1341 1827 1475 1854 ambobus
1500 1824 1673 1861 poplitibus?
1696 1828 1744 1850 aut

947 1876 1022 1909 Baal,
1044 1875 1119 1908 Baal,
1134 1879 1182 1902 aut
1196 1875 1262 1907 Deo,
1276 1874 1333 1906 Deo
1349 1874 1368 1900 ³.
1384 1883 1394 1899 ι
1412 1872 1565 1901 Verisimile
1586 1871 1669 1906 igitur
1690 1874 1742 1901 est,

947 1922 1044 1951 Jethro
1061 1930 1172 1958 quoque
1186 1920 1321 1956 ejusmodi
1341 1920 1460 1954 aliquam
1480 1921 1605 1946 secutum
1623 1923 1683 1943 esse
1697 1923 1742 1942 re-

947 1968 1057 2004 ligionis
1076 1968 1202 1995 formam.
1226 1966 1289 2000 Qui,
1313 1969 1493 2001 posteaquam
1511 1963 1638 1998 cognovit
1654 1969 1714 1997 quae
1727 1969 1744 1988 a

947 2015 1004 2042 Deo
1015 2014 1138 2049 profecta
1148 2013 1267 2041 fuissent
1285 2012 1318 2039 ad
1334 2012 1450 2039 salutem
1465 2009 1598 2037 Israelitis
1609 2012 1742 2043 praestan-

947 2060 1021 2092 dam,
1039 2058 1193 2094 magniﬁcis
1209 2062 1292 2093 atque
1310 2056 1519 2084 admirabilibus
1541 2053 1745 2082 narrationibus

947 2106 1067 2138 illectus,
1082 2112 1146 2132 cum
1161 2104 1244 2131 domo
1264 2106 1321 2131 tota
1348 2110 1381 2130 ac
1395 2109 1494 2138 genere
1511 2104 1568 2128 toto
1585 2100 1618 2127 ad
1633 2099 1744 2134 Moysen

948 2150 1032 2178 venit.
1047 2150 1083 2182 Is,
1099 2157 1161 2177 cum
1172 2149 1292 2176 libenter
1305 2155 1368 2175 eum
1389 2147 1551 2182 aspexisset,
1567 2145 1686 2180 excepit,
1701 2144 1745 2171 in—

947 2205 1001 2232 que
1024 2204 1104 2224 suum
1127 2195 1337 2223 tabernaculum
1361 2193 1479 2226 induxit,
1496 2192 1678 2227 exposuitque
1701 2199 1746 2218 ac—

948 2242 1071 2269 curatius
1093 2241 1140 2268 ilia
1158 2240 1258 2268 divinae
1277 2239 1392 2266 virtutis
1408 2238 1539 2274 praeclara
1557 2241 1642 2272 gesta,
1659 2235 1746 2264 admi—

946 2289 1086 2324 randaque
1100 2287 1182 2320 facta,
1196 2294 1258 2322 quae
1270 2286 1327 2313 vim
1345 2284 1482 2312 sermonis
1500 2291 1610 2310 onmem
1631 2290 1745 2317 supera—

945 2340 1017 2364 rent.
1050 2335 1169 2362 Vocatur
1199 2333 1282 2368 igitur
1307 2340 1322 2359 a
1354 2331 1422 2358 falsa
1446 2330 1582 2358 sententia
1618 2328 1650 2356 ad
1686 2336 1746 2355 eam

946 2390 1007 2417 quze
1034 2381 1069 2408 ad
1095 2381 1183 2407 Deum
1210 2378 1297 2411 ducit,
1319 2377 1473 2405 errantium
1501 2375 1592 2407 turba,
1618 2374 1745 2409 gentiles.

945 2428 1058 2463 inquam
1074 2435 1081 2453 :
1099 2433 1131 2454 ac
1151 2425 1274 2461 primum
1294 2422 1408 2459 quidem
1417 2430 1452 2449 ex
1471 2429 1504 2448 eo
1521 2420 1596 2456 quod
1618 2419 1745 2448 nonnihil

947 2473 982 2501 de
1005 2473 1061 2499 Deo
1087 2470 1281 2502 inaudierunt,
1307 2467 1408 2496 deinde
1434 2467 1486 2502 ipsi
1514 2475 1563 2501 per
1588 2474 1617 2493 se
1648 2470 1746 2500 sponte

950 2515 1153 2553 quodammodo
1165 2515 1199 2543 ad
1214 2514 1263 2542 Dei
1274 2514 1376 2549 legem,
1387 2512 1415 2539 id
1430 2517 1482 2544 est,
1497 2511 1530 2538 ad
1545 2510 1746 2537 institutionem

950 2571 1091 2592 sacrarum
1106 2562 1275 2590 Litterarum
1293 2563 1452 2587 accurrunt.
1473 2558 1567 2592 itaque
1585 2561 1614 2583 et
1632 2556 1665 2583 ad
1688 2556 1744 2591 pri-

949 2617 1025 2637 mum
1039 2607 1248 2636 tabernaculum
1262 2608 1430 2641 properant;
1450 2602 1645 2630 introducendi
1663 2609 1743 2628 nam-

948 2664 1002 2691 que
1012 2656 1068 2683 vim
1084 2655 1128 2683 lex
1141 2654 1225 2682 habet
1238 2661 1244 2679 2
1258 2651 1358 2680 deinde
1372 2649 1571 2678 vetustioribus
1584 2648 1639 2676 illis
1651 2656 1744 2675 narra-

947 2702 1069 2730 tionibus
1085 2699 1220 2736 persuasi,
1241 2698 1269 2725 in
1288 2705 1348 2725 eam
1370 2695 1491 2730 denique
1510 2694 1677 2722 sententiam
1695 2701 1743 2720 ve-

948 2747 1038 2778 niunt,
1063 2750 1092 2772 ut
1120 2744 1234 2773 credant
1265 2750 1351 2770 unum
1379 2748 1441 2767 esse
1469 2748 1501 2767 ac
1528 2739 1616 2767 solum
1644 2738 1743 2770 Deum,

949 2793 1043 2827 illique
1071 2791 1225 2819 oblationes
1246 2789 1331 2817 dicari
1361 2791 1500 2823 oportere.
1524 2784 1607 2820 Moysi
1626 2790 1745 2818 namque

140 2884 247 2913 ‘Exod.
269 2890 345 2917 imit,
360 2883 429 2911 1-29.
466 2886 475 2900 ²
493 2883 576 2918 lbid.,
599 2883 643 2911 2i.
678 2883 688 2899 ³
716 2881 751 2910 lli
765 2882 833 2916 Reg.
858 2879 990 2914 “111,21.
