1924 3043
189 161 242 188 285

704 155 732 183 S.
753 156 890 184 CYRILIJ
909 155 1142 185 ALEXANDRINI
1161 158 1319 187 ARCHIEP.

1769 160 1820 188 284

191 218 349 246 narratione
359 217 462 247 audita,
474 212 635 242 Madianites
650 211 706 246 ille,
723 222 732 239 ι
750 213 839 245 Nunc,
857 223 865 239 ι
879 213 977 248 inquit,

1035 215 1127 242 ἕνεκεν
1142 216 1248 248 τούτου,
1259 217 1300 243 ὅτι
1311 217 1439 244 ὲπέθεντο
1451 218 1552 249 αὐτοῖς.
1563 217 1617 244 Καὶ
1627 216 1724 244 ἔλαϐεν
1737 217 1821 252 Ίοθίιρ

195 273 204 289 ι
217 263 332 299 cognovi
342 261 416 297 quod
429 268 543 296 magnus
554 259 688 287 Dominus
696 267 779 294 super
792 266 888 287 omnes
896 259 979 292 deos;

191 313 335 344 propterea
354 306 427 342 quod
457 305 576 340 superbe
603 309 721 340 egerunt
741 309 837 332 contra
861 311 919 332 eos.
948 305 982 333 Et

191 353 296 388 accepit
321 351 416 379 Jethro
438 358 517 378 socer
544 350 629 386 Moysi
655 349 814 377 holocausta
846 353 876 376 et
901 348 981 376 victi-

191 407 249 426 mas
267 398 323 426 Deo
333 398 353 424 ⁸.
377 407 385 423 ι
416 397 465 424 Est
482 404 548 432 ergo
567 395 679 430 quidam
701 395 896 423 elementarius
921 401 981 421 ma~

190 444 284 479 gister,
302 448 330 471 et
357 443 391 470 ad
418 442 523 478 primos
548 441 643 469 aditus
668 449 740 469 verae
760 441 794 468 de
812 441 869 468 Deo
887 440 981 476 cogni-

191 488 276 516 tionis
287 496 338 515 nos
350 487 463 515 adducit
481 487 596 522 Moyses,
617 486 644 513 id
662 490 714 518 est,
736 486 782 513 illa
800 485 981 513 vetustiorum

191 533 357 561 Litterarum
376 540 517 561 sacrarum
535 531 686 560 catechesis
703 535 732 558 et
750 531 928 558 introductio.

229 579 328 607 PALL.
349 579 462 607 Certum
478 583 529 606 est.

226 625 308 654 CYR.
338 625 479 653 Perfectos
499 628 590 652 autem
613 622 704 650 reddit
721 621 848 650 Christus
871 627 920 648 eos
934 620 981 656 qui

193 679 242 707 per
260 671 348 706 legem
370 670 459 699 levius
478 670 576 698 imbuti
595 673 676 701 sunt;
699 675 763 696 cum
783 671 875 694 autem
885 667 981 705 “legem

193 716 265 749 dico,
287 724 383 743 rursus
406 720 600 743 testamentum
622 718 702 741 vetus
730 712 861 748 intellige.
889 713 982 748 Itaque

191 769 257 797 erga
277 761 371 789 Jethro
397 761 464 789 solis
487 761 520 788 de
543 761 599 788 Deo
623 759 830 786 narrationibus
849 763 893 787 est
916 767 982 787 usus

191 807 308 842 MOyscs,
322 806 351 835 in
369 815 486 842 eamque
500 807 555 842 jam
574 805 651 833 illum
667 805 831 832 sententiam
850 805 980 837 traduxit,

191 858 222 883 ut
234 854 345 881 disertis
359 853 451 880 verbis
464 852 598 879 fateretur
612 859 666 878 non
680 859 740 879 esse
751 851 867 879 alterum
882 851 980 884 Deum,

1031 261 1046 288 ό
1068 261 1193 298 γαμϐρὸς
1220 263 1307 298 Μωσῆ
1338 262 1552 298 ὁλοκαυτώματα
1579 265 1627 290 καὶ
1649 262 1747 294 θυσίας
1783 263 1820 298 τῷ

1032 307 1136 343 Κυρίῳ.
1167 318 1176 334 ι
1212 309 1392 344 Στειχειωτὴς
1409 307 1456 336 οὖν
1482 309 1547 344 ἄρα,
1571 309 1618 336 καὶ
1641 310 1682 341 ιίς
1708 308 1822 345 πρώτας

1033 352 1157 384 εἰσϐολὰς
1183 353 1257 388 ἡμᾶς
1279 353 1329 388 τῆς
1351 352 1470 389 ἀληθοῦς
1494 352 1659 386 θιογνωσίας
1685 351 1821 386 ἀποφέρει

1032 398 1144 434 Μωσῆς,
1159 398 1231 426 τοῦτ’
1245 398 1329 431 ἔστιν,
1342 400 1358 434 ή
1370 398 1414 426 διὰ
1423 399 1477 425 τῶν
1493 399 1676 434 ἀρχαιοτέρων
1686 397 1821 434 Γραμμα-

1033 453 1088 471 των
1099 446 1251 481 κατήχησις
1265 446 1447 481 εἰσαγωγική.

1067 567 1171 594 ΠΑΛΛ.
1190 567 1319 603 ’Ᾱραρεν.
1683 594 1688 599 .

1068 611 1150 638 ΚΥΡ.
1167 611 1271 638 Τελειοῖ
1286 612 1314 638 δὲ
1329 612 1447 648 Χριστὸς
1456 613 1519 644 τοὺς
1531 612 1576 640 διὰ
1588 612 1672 647 νόμου
1686 620 1822 647 κατηχοῦ-

1034 656 1140 692 μένους.
1156 657 1247 692 Νόμον
1268 657 1296 685 δὲ
1317 659 1340 684 εἰ
1355 658 1464 693 λέγοιμι
1477 658 1567 690 πάλιν,
1587 657 1721 694 διαθήκην
1736 658 1822 684 ἐννόει

1031 702 1081 738 τὴν
1096 703 1224 730 παλαιάν.
1241 704 1294 730 Καὶ
1307 703 1372 737 γοῦν
1394 703 1462 738 πρὸς
1479 704 1528 739 μὲν
1550 703 1596 730 τὸν
1619 703 1702 740 Ἰοθὸρ
1730 703 1823 738 μόνοις

1032 747 1131 784 ἐχρῆτο
1144 750 1200 780 τοῖς
1214 750 1277 784 περὶ
1290 749 1358 776 Θεοῦ
1372 750 1560 786 διηγήμασινό
1574 751 1677 786 Μωσῆς
1687 759 1694 767 ·
1707 750 1823 786 γνώμης

1032 802 1061 820 τε
1076 794 1116 826 είς
1130 794 1210 821 τοῦτο
1228 794 1340 831 μεθίστη
1354 795 1456 827 λοιπὸν,
1468 796 1506 828 ὡς
1521 796 1669 832 διαρρήδην
1680 796 1824 832 ὁμολογεῖν

1032 839 1082 866 οὐκ
1093 837 1162 866 εἶναι
1177 840 1243 867 Θεὸν
1259 840 1361 876 ἕτερον,
1378 841 1446 876 πλὴν
1458 841 1498 868 ὅτι
1522 841 1601 877 μόνος
1619 843 1634 869 δ
1648 840 1698 875 εἷς,
1713 842 1727 868 ὁ
1741 840 1823 876 φύσει

191 898 240 925 sed
255 898 342 925 solum
361 899 432 925 eum‘
449 898 495 932 qui
516 905 588 924 unus
606 901 634 924 ct
652 901 767 930 natura,
782 901 811 924 et
829 905 892 925 vere
910 897 977 925 Deus

1033 884 1079 911 καὶ
1093 884 1210 920 ἀληθῶς.
1228 885 1322 918 “tota;
1335 885 1364 912 δὲ
1375 886 1444 922 αὕτη
1457 887 1694 922 κατηχουμένωνὴ
1711 886 1822 922 πρώτη,

191 943 237 970 sit.
258 942 320 970 Ilaec
335 948 427 970 autem
441 943 528 978 prima
547 946 590 969 est
609 942 870 970 catechumenorum
884 941 951 970 ﬁdes
966 951 982 970 a

191 989 341 1016 multorum
370 989 484 1016 deorum
512 988 641 1023 opinione
667 988 819 1020 discedere,
842 992 870 1015 et
897 997 982 1016 unum

190 1034 285 1065 illum,
312 1041 376 1060 vere
397 1038 426 1060 ct
448 1036 545 1060 natura
580 1033 665 1060 Deum
701 1033 859 1068 amplexari.
893 1034 982 1062 Aaron

190 1085 255 1106 vero
272 1078 362 1113 ipsum
383 1078 480 1106 Jethro
499 1086 593 1105 mensa
609 1078 746 1113 dignatur,
761 1083 789 1106 et
805 1079 860 1116 94
875 1079 909 1106 ad
932 1088 981 1115 pa-

190 1130 252 1150 nem
259 1122 395 1150 edendum
407 1123 513 1150 invitat.
527 1132 535 1147 ί
550 1122 721 1156 Venitenim,
733 1132 743 1149 ι
757 1123 855 1158 inquit,
867 1124 980 1158 (Aaron,

189 1171 218 1195 et
239 1175 335 1195 omnes
357 1168 480 1195 seniores
502 1167 584 1195 Israel
605 1167 639 1195 ad
660 1168 859 1196 comedendum
883 1176 981 1203 panem

189 1222 252 1242 cum
275 1221 373 1242 socero
396 1214 480 1250 Moysi
497 1221 589 1241 coram
609 1213 696 1241 Deo“.
714 1223 723 1239 ι
748 1213 886 1241 Perfectos
907 1214 980 1241 enim

189 1259 272 1288 eﬁicit
294 1267 345 1287 nos
364 1267 434 1295 pane
450 1259 552 1287 viventi
571 1259 706 1291 Christus,
726 1259 818 1286 verior
836 1258 936 1292 Aaron,
954 1264 982 1287 et

190 1306 327 1341 perfectos
343 1305 433 1333 reddit
453 1313 508 1333 non
526 1305 642 1341 gentiles
664 1309 779 1336 tantum,
798 1305 845 1332 sed
866 1313 914 1332 eos
931 1313 981 1340 po-

191 1351 246 1379 tius
268 1352 428 1387 promiscue
452 1352 500 1386 qui
520 1351 554 1378 de
577 1359 677 1386 genere
699 1351 781 1378 Israel
803 1351 884 1378 electi
906 1355 980 1382 sunt,

190 1405 308 1432 quorum
337 1397 453 1432 ﬁguram
483 1400 578 1423 tenent
603 1395 643 1423 illi
673 1395 805 1423 seniores.
830 1395 887 1423 Nec
915 1404 982 1423 vero

189 1451 301 1478 parvam
317 1442 545 1478 signiﬁcationem
569 1441 793 1469 sanctiﬁcationis
808 1448 864 1476 pra:
882 1448 912 1469 se
928 1441 981 1470 fert

190 1487 270 1521 illud,
285 1488 358 1523 quod
376 1492 504 1523 tanquam
520 1488 547 1514 in
561 1491 707 1522 conspectu
726 1486 774 1514 Dei
788 1494 886 1522 panem
901 1495 981 1514 man—

190 1534 293 1561 ducare
314 1538 448 1569 oporteat.
471 1533 542 1566 Quid
560 1533 634 1561 enim
657 1532 725 1560 adeo
745 1532 797 1560 sub
815 1532 864 1559 Dei
881 1533 979 1566 oculis,

190 1584 272 1615 atque
288 1584 448 1615 conspectu,
473 1586 554 1614 quam
573 1578 687 1614 mystica
710 1583 814 1611 mensa,
832 1581 859 1605 et
880 1578 980 1613 hostia,
995 1591 1018 1620 α

190 1627 293 1662 quique
307 1627 366 1661 ejus
381 1625 527 1661 participes
543 1624 635 1652 fiunt?

230 1670 327 1699 PALL.
349 1671 432 1698 Recte
449 1670 499 1698 ais.

227 1716 305 1744 CYR.
325 1716 385 1744 Jam
403 1723 469 1743 vero
486 1723 545 1747 nos,
561 1715 609 1750 qui
633 1714 790 1750 pcrﬁcimur
813 1715 840 1742 in
859 1714 980 1748 Christo,

191 1762 225 1790 ad
251 1762 411 1797 ampliorem
437 1761 619 1796 sapientiam,
644 1768 726 1796 quam
750 1768 812 1796 qua;
836 1768 886 1796 per
914 1761 983 1796 legis

191 1809 393 1836 institutionem
425 1807 632 1844 acquirebatur,
659 1807 818 1842 pervenire,
849 1807 876 1834 id
907 1811 982 1835 certe

190 1855 267 1882 nullo
280 1855 373 1882 labore
387 1854 551 1884 videbimus.
561 1854 584 1882 si
599 1854 658 1889 ejus
673 1853 712 1880 rei
727 1853 899 1888 perspicuam
912 1853 981 1880 im’a—

191 1901 280 1936 ginem
302 1901 489 1936 acceperimus
516 1900 626 1935 Moysen
653 1903 682 1926 ct
704 1899 800 1926 Jethro
819 1908 825 1925 :
849 1908 858 1924 ε
876 1898 982 1935 Moyses

190 1954 307 1981 namque
317 1941 440 1978 sedebat,
454 1955 462 1970 ι
477 1945 576 1979 inquit,
596 1943 759 1980 «judicans;
772 1945 877 1972 astabat
889 1949 984 1972 autem

191 1990 231 2019 illi
254 1992 398 2019 universus
425 1990 543 2026 populus
569 1997 585 2017 a
607 1997 689 2016 mane
711 1997 799 2024 usque
825 1989 858 2017 ad
882 1997 981 2025 vespe-

191 2046 248 2066 ram
268 2038 287 2065 ‘.
307 2048 316 2064 ι
334 2037 437 2065 Auctor
455 2041 546 2064 autem
566 2039 608 2063 est
626 2035 722 2063 Jethro
742 2035 817 2063 illius
839 2037 982 2064 sententia;

190 2091 272 2118 quam
297 2086 409 2110 secutus
427 2085 470 2108 est
485 2080 591 2117 Moyses
610 2088 616 2107 :
635 2083 663 2107 et
687 2087 749 2107 cum
771 2081 902 2115 optimam
919 2087 981 2108 esse

191 2128 366 2162 intelligeret,
381 2126 522 2161 amplexus
540 2129 590 2153 est.
607 2134 617 2151 ε
627 2125 739 2152 Audivit
751 2124 835 2157 enim,
850 2135 859 2151 ι
879 2125 979 2160 inquit,

194 2186 204 2198 ι
220 2173 326 2208 Moyses
337 2179 433 2199 vocem
443 2171 531 2199 soceri
553 2171 606 2203 sui,
618 2175 646 2198 et
660 2170 726 2198 fecit
738 2178 908 2206 quaecunque
927 2172 980 2199 sibi

191 2218 260 2246 dixit
275 2218 297 2245 ⁷,
314 2227 323 2243 ›
346 2217 418 2250 Quid
437 2216 532 2244 enim?
554 2217 602 2251 qui
620 2216 720 2244 melius
737 2216 883 2244 consilium
902 2217 978 2250 dare,

191 2266 387 2301 melioremque
413 2265 576 2293 sententiam
599 2265 690 2293 dicere
713 2265 853 2300 potuerit,
878 2266 904 2293 is
924 2274 979 2293 non
996 2257 1017 2284 D

191 2319 386 2348 usquequaque
401 2311 545 2347 prudentia
563 2315 691 2346 praestare
707 2311 845 2347 putandus
858 2311 920 2339 est?

226 2357 324 2385 PALL.
345 2356 497 2384 Assentior.

224 2402 302 2430 CYR.
322 2401 398 2429 IIanc
414 2409 481 2429 vero
497 2409 546 2436 per
562 2400 702 2428 Christum
718 2400 915 2436 perfectionem
933 2400 978 2427 illa

191 2449 258 2484 legis
274 2447 447 2475 institutione
462 2447 680 2482 prastantiorem
695 2454 766 2480 esse,
781 2447 915 2481 longeque
931 2453 979 2473 ex-

190 2495 388 2527 cellentiorem,
404 2498 435 2521 ut
452 2501 513 2528 qua:
531 2494 565 2521 ad
584 2501 644 2522 eam
664 2500 716 2520 nos
735 2492 918 2527 cognitionem
937 2496 980 2519 at-

192 2542 278 2574 tollat,
294 2548 354 2576 quae
369 2540 404 2567 sit
418 2540 498 2575 longe
513 2540 658 2575 superior;
677 2538 706 2566 id
726 2545 792 2566 vero
811 2538 891 2566 facile
914 2538 980 2565 bea-

192 2587 314 2614 tissimus
336 2586 436 2614 Paulus
459 2585 590 2618 ostendit,
608 2584 656 2619 qui
680 2587 792 2619 propter
813 2584 980 2611 eminentem

191 2632 333 2659 scientiam
346 2631 459 2664 Christi,
479 2635 512 2659 ut
528 2631 586 2666 ipse
608 2629 666 2661 ait,
680 2636 776 2656 eorum
792 2635 853 2664 qua
873 2629 899 2656 in
920 2629 980 2663 lege

191 2679 267 2705 lucra
287 2682 375 2710 erant,
399 2676 580 2705 libentissime
602 2676 736 2710 iacturam
761 2674 836 2707 facit,
859 2679 886 2702 et
910 2678 979 2701 ster-

190 2732 255 2752 cora
283 2724 444 2756 arbitratur,
466 2727 496 2749 ut
519 2721 660 2749 Christum
678 2720 831 2748 lucrifaciat
844 2721 865 2746 ⁸.
890 2719 979 2754 Atque

190 2769 321 2796 adversus
344 2776 392 2796 eos
413 2768 540 2803 quidem,
561 2767 608 2802 qui
631 2767 687 2794 sola
714 2774 775 2802 qua:
796 2773 845 2802 per
869 2765 979 2801 Moysen

192 2816 290 2843 tradita
308 2819 381 2847 sunt,
394 2814 483 2841 adhuc
497 2821 590 2849 magna
606 2817 751 2848 putarent;
767 2811 978 2847 perfectionem-

185 2899 188 2907 ,
209 2875 219 2890 ⁸
239 2874 323 2902 Exod.
341 2881 414 2904 xvm,
432 2872 473 2905 II,
488 2872 526 2898 I2.
565 2872 574 2888 '
591 2871 670 2904 Ibid,
690 2871 729 2897 1‘2.
769 2871 778 2885 “
795 2868 875 2904 Ibid,
892 2869 934 2896 I5.

1033 930 1064 957 τὸ
1077 930 1126 966 τῆς
1141 931 1273 958 πολυοέου
1288 932 1366 968 δόξης
1381 932 1598 960 ἀπαλλάττεσθαι
1617 941 1698 969 φημι,
1714 933 1762 960 καὶ
1777 933 1824 960 τὸν

1033 978 1139 1013 ἀληθῶς
1155 978 1202 1005 ἕνα
1212 987 1241 1005 τε
1252 979 1299 1006 καὶ
1315 979 1394 1013 φύσει
1406 979 1604 1015 παραδέχεσθαι
1617 979 1693 1006 Θεόν.
1715 978 1824 1015 ’Λαρὼν

1031 1021 1060 1048 δὲ
1085 1023 1131 1049 τὸν
1158 1023 1241 1058 Ἰοθὺρ
1261 1023 1307 1050 καὶ
1329 1024 1579 1059 τραπέζης-ἠξίου,
1602 1024 1648 1051 καὶ
1675 1024 1715 1056 είς
1737 1024 1823 1059 ἄρτου

1033 1065 1135 1102 βρῶσιν
1150 1067 1252 1095 ἐκάλει.
1272 1077 1283 1093 ε
1293 1067 1466 1104 Παραγέγονε
1476 1078 1485 1093 ι
1503 1068 1568 1103 γὰρ,
1578 1068 1671 1103 φησὶν,
1688 1077 1698 1094 ι
1714 1068 1824 1104 Ἀαρὼν

1033 1113 1079 1140 καὶ
1089 1113 1190 1144 πάντες
1201 1114 1225 1139 οί
1243 1113 1422 1149 πρεσδύτεροι
1439 1113 1546 1149 Ἰσραὴλ
1556 1134 1564 1146 ,
1574 1115 1729 1148 συμφαγεῖν
1739 1115 1824 1150 ἄρτον

1033 1158 1102 1195 μετὰ
1111 1159 1157 1186 τοῦ
1173 1159 1298 1195 γαμὸροῦ
1308 1159 1394 1195 Μωσῆ
1408 1156 1528 1186 ἐναντίον
1541 1158 1587 1186 τοῦ
1598 1160 1677 1187 Θεοῦ.
1693 1170 1702 1186 ›
1716 1160 1825 1187 τελειοῖ

1031 1205 1085 1240 γὰρ
1102 1205 1175 1240 ἡμᾶς
1194 1205 1269 1240 ἄρτῳ
1286 1204 1324 1240 τῷ
1346 1204 1427 1236 ζῶντι
1448 1204 1574 1240 Χριστὸς,
1598 1206 1612 1232 ὁ
1639 1205 1824 1242 ἀληθέστερος

1037 1250 1157 1286 Ἀαρών·
1180 1251 1281 1278 τελειοῖ
1292 1251 1320 1278 δὲ
1337 1251 1366 1277 οὐ
1383 1251 1463 1286 μόνον
1481 1252 1545 1283 τοὺς
1561 1251 1590 1284 ἐξ
1605 1251 1699 1284 ἐθνῶν,
1719 1252 1823 1287 ἀναμὶξ

1030 1297 1175 1331 δὲμᾶλλον
1199 1297 1263 1329 τοὺς
1279 1297 1483 1337 ἐξειλεγμένους
1503 1297 1533 1330 ἐξ
1557 1298 1673 1332 αἵματος
1699 1297 1822 1334 Ἰσραὴλ,

1031 1340 1068 1370 ὧν
1083 1342 1116 1370 ἃν
1129 1340 1184 1369 εἷεν
1200 1343 1284 1375 τύπος
1301 1344 1326 1370 oi
1348 1343 1540 1378 πρεσϐύτεροι.
1556 1344 1694 1378 Ἔμφασιν
1708 1343 1737 1370 δὲ
1753 1344 1823 1379 πρὸς

1030 1389 1168 1425 ἁγιασμόν
1183 1389 1214 1416 οὐ
1232 1389 1345 1426 μετρίαν
1362 1389 1419 1425 ἔχει
1443 1390 1473 1416 τὺ
1486 1390 1524 1422 ὡς
1550 1389 1665 1417 ὲνώπιον
1678 1390 1727 1416 τοῦ
1752 1389 1822 1416 Θεοῦ

1031 1435 1076 1462 τδν
1086 1435 1168 1470 ἄρτον
1181 1435 1280 1471 χρῆναι
1295 1435 1402 1470 φαγεῖν.
1419 1435 1453 1462 τί
1464 1435 1517 1472 γὰρ
1530 1435 1616 1468 οὕτως
1625 1437 1654 1462 ὲν
1664 1435 1724 1471 δψει
1739 1435 1821 1468 Θεοῦ,

1031 1481 1068 1514 ὡς
1084 1481 1203 1518 μυστικὴ
1215 1481 1350 1517 τράπεζα,
1370 1482 1418 1509 καὶ
1432 1482 1523 1516 θυσία,
1539 1482 1586 1510 καὶ
1600 1482 1625 1509 οἱ
1640 1481 1743 1518 ταύτης
1756 1481 1822 1518 μέτ-

1030 1534 1087 1562 οκοι
1097 1536 1105 1562 i

1067 1671 1171 1699 UAAA.
1188 1669 1225 1699 Εὖ
1237 1671 1338 1706 λέγεις.

1068 1718 1150 1745 ΚΥΡ.
1169 1717 1230 1744 ὐτι
1244 1717 1288 1744 διὰ
1312 1716 1431 1752 Χριστοῦ
1447 1715 1639 1752 τελειούμενοι,
1657 1715 1704 1743 καὶ
1727 1716 1779 1752 τῆς
1794 1718 1824 1744 δν

1032 1765 1107 1800 νόμῳ
1124 1763 1313 1798 παιδαγωγίας
1327 1763 1395 1799 πρὸς
1409 1763 1513 1798 ἀμείνω
1525 1762 1632 1790 σύνεσιν
1645 1762 1823 1798 ἀναθρώσκο-

1034 1819 1094 1846 μιν,
1111 1810 1228 1845 ἀπονητὶ
1241 1810 1269 1837 δὲ
1284 1809 1406 1845 ὀψόμεθα
1415 1809 1488 1844 σαφῆ
1499 1808 1546 1836 τοῦ
1556 1808 1717 1844 πράγματος
1729 1809 1822 1836 εἰκόνα

1031 1855 1180 1892 δεχόμενοι,
1198 1855 1299 1883 Μωσέα
1313 1864 1344 1882 τε
1363 1855 1410 1882 καὶ
1435 1855 1535 1890 Ἰοθόρ·
1553 1863 1563 1881 ‹
1580 1855 1682 1890 Μωσῆς
1704 1855 1755 1890 μὲν
1767 1854 1823 1891 γὰρ

1031 1902 1045 1929 ὁ
1054 1902 1196 1934 θεσπέσιος
1209 1901 1326 1937 ἐκάθητο
1336 1901 1448 1937 κρίνων,
1461 1911 1470 1927 ι
1488 1900 1566 1936 φησί’
1580 1910 1590 1926 ι
1604 1900 1784 1936 παρειστήκει
1794 1899 1821 1926 δὲ

1031 1948 1106 1984 αὑτῷ
1120 1949 1174 1980 πᾶς
1185 1948 1199 1975 ὁ
1213 1948 1277 1980 λαὸς
1296 1948 1350 1974 ἀπὸ
1366 1947 1439 1984 τιρωῖ
1457 1947 1510 1980 ἕως
1522 1947 1651 1983 ἑσπέρας.
1670 1956 1680 1973 ι
1695 1946 1821 1982 Είσηγεῖ-

1031 2003 1075 2022 ται
1090 1995 1118 2021 δὲ
1140 1994 1252 2030 γνώμην
1271 1993 1364 2029 Ίοθὺρ,
1380 1994 1414 2030 ἢν
1428 1994 1562 2029 τετίμηκε
1585 1993 1702 2028 Μωσῆς,
1720 1992 1821 2028 ἄριστά

1031 2051 1060 2069 τε
1073 2041 1145 2078 ἔχειν
1161 2040 1325 2076 ὲννενοηκὼς
1337 2040 1533 2077 προσεδέξατοσ
1551 2048 1563 2066 α·
1580 2040 1699 2067 Ἤκουσε
1722 2039 1817 2075 γὰρῆν

1031 2088 1108 2124 φησὶ,
1124 2097 1133 2114 ε
1144 2088 1247 2123 Μωσῆς
1261 2087 1311 2122 τῆς
1323 2087 1413 2122 φωνῆς
1425 2086 1472 2114 τοῦ
1487 2085 1624 2122 γαμϐροῦ,
1635 2086 1681 2113 καὶ⁴
1692 2086 1822 2121 ἐποίησεν

1030 2134 1081 2161 ὅσα
1095 2133 1169 2169 αὐτῷ
1184 2131 1269 2161 εἴπεν.
1284 2143 1293 2159 ι
1309 2133 1344 2160 Ἦ
1352 2133 1407 2169 γὰρ
1422 2133 1483 2168 οὐχὶ
1498 2133 1586 2168 πάντη
1601 2140 1631 2159 τε
1647 2132 1694 2160 καὶ
1711 2133 1821 2164 πάντως

1030 2180 1045 2206 ὸ
1064 2180 1114 2215 τὴν
1132 2179 1236 2214 ἀμείνω
1263 2179 1359 2214 βουλὴν
1378 2179 1426 2206 καὶ
1448 2174 1562 2215 γνώμην
1589 2175 1644 2210 οἶός
1668 2186 1698 2204 τε
1730 2178 1822 2212 λέγειν

1031 2227 1109 2254 νοοῖτ*
1120 2226 1153 2254 ἂν
1168 2226 1300 2262 ὑπάρχειν
1316 2225 1362 2252 καὶ
1373 2225 1402 2252 ἐν
1418 2224 1523 2252 συνέσει
1539 2223 1764 2260 προφερεστέρᾳ;

1062 2349 1166 2378 nam.
1182 2349 1266 2386 Φημί.

1063 2397 1146 2423 ΚΥΡ.
1161 2396 1224 2423 Ὅτι
1237 2395 1267 2422 δὲ
1286 2395 1407 2431 ἀμείνων
1429 2395 1478 2422 καὶ
1498 2395 1626 2422 ἐπέκεινα
1643 2393 1711 2421 πολὺ
1726 2393 1776 2429 τῆς
1790 2393 1820 2420 ἐν

1028 2442 1103 2478 νόμῳ
1128 2442 1305 2477 κατηχήσεως
1334 2441 1351 2477 ἡ
1375 2441 1426 2473 ζδιὰ
1447 2439 1566 2476 Χριστοῦ
1590 2439 1746 2470 τελείωσις,
1779 2439 1820 2470 είς

1031 2487 1131 2522 γνῶσιν
1145 2487 1220 2522 ἡμᾶς
1232 2485 1428 2522 ὑπερφέρουσα
1439 2485 1488 2520 τὴν
1504 2485 1679 2520 ἁσυγκρίτως
1689 2484 1820 2519 ὑπερκει-

1033 2533 1128 2568 μένην,
1144 2531 1288 2564 ἑκδείξειεν
1303 2531 1337 2558 ἂν
1358 2531 1477 2563 εὐκόλως
1499 2531 1514 2557 ὸ
1531 2529 1678 2566 ἱερώτατος
1699 2529 1818 2561 Παῦλος.

1029 2579 1075 2606 διὰ
1094 2579 1125 2606 τὸ
1146 2577 1278 2614 ὑπερέχον
1301 2577 1351 2612 τῆς
1373 2576 1501 2611 γνώσεως
1529 2576 1576 2602 τοῦ
1600 2575 1729 2611 Χριστοῦ,
1746 2575 1819 2602 καθά

1031 2633 1113 2660 φησιν
1121 2624 1213 2656 αὐτὸς,
1228 2623 1262 2650 τὰ
1273 2623 1302 2649 ἐν
1319 2623 1394 2658 νόμῳ
1404 2621 1486 2657 κέρδη
1500 2621 1693 2656 προθυμότατα
1707 2620 1820 2656 ζημιού-

1032 2678 1121 2705 μενος,
1139 2667 1262 2695 σκύϐαλα
1275 2675 1305 2694 τε
1325 2665 1394 2694 εἷναι
1408 2665 1536 2702 νομίζων,
1555 2666 1599 2692 ῐνα
1613 2665 1732 2701 Χριστὸν
1755 2673 1819 2698 κερ-

1030 2716 1109 2751 δήσῃ.
1123 2715 1178 2742 Καὶ
1199 2714 1268 2750 πρὸς
1283 2713 1332 2749 μὲν
1349 2713 1412 2745 τοὺς
1435 2712 1503 2748 μόνα
1517 2711 1654 2746 τιμῶντας
1669 2709 1709 2736 ἔτι
1723 2709 1758 2736 τὰ
1774 2709 1818 2736 διὰ

1031 2761 1162 2793 Μωσέως,
1177 2760 1208 2787 οὐ
1231 2759 1426 2795 προσιεμένους
1442 2759 1471 2785 δὲ
1486 2758 1536 2793 τὴν
1559 2757 1606 2784 διὰ
1629 2755 1749 2792 Χριστοῦ
1772 2763 1817 2782 τε-

1030 2809 1148 2840 λείωσιν,
1165 2808 1180 2834 ὁ
1194 2806 1336 2842 προφήτης
1351 2805 1469 2839 ἔφασκεν
1489 2803 1637 2839 Ἱερεμίας·
1656 2803 1716 2834 Πῶς
1728 2802 1817 2837 ὲρεῐτε

974 2870 983 2886 ⁷
1003 2868 1087 2902 Ibid.,
1107 2867 1150 2895 24.
1191 2867 1201 2882 ⁸
1234 2864 1350 2899 Philipp.
1377 2872 1416 2896 m,
1435 2863 1460 2891 5.
