1924 3043
184 177 240 206 ειη

688 174 716 203 S.
734 174 871 203 CYRILL!
890 174 1123 202 ALEXANDRINI
1139 173 1299 202 ARCHIEP.

1751 169 1819 197 -288

186 236 231 264 vid
252 235 286 263 ad
306 235 460 266 Dmninum,
476 240 538 261 cum
559 232 674 260 vidisset
687 233 745 268 ipse
770 232 895 267 angelum
919 239 972 258 caa-

1026 231 1112 257 σαίου.
1129 229 1185 256 Καὶ
1201 227 1261 256 εἷπε
1277 228 1358 255 Δασὶὸ
1375 227 1444 264 πρὸς
1459 228 1570 264 Κύριον,
1588 227 1616 254 ιν
1630 226 1669 263 τῷ
1687 226 1754 253 ίδεῐν
1765 226 1816 252 αὑ-

186 282 296 309 dentem
316 281 343 307 in
358 280 469 315 populo,
485 283 513 306 et
531 278 600 306 dixit
615 287 621 305 :
638 278 708 306 Ecce
726 286 777 313 ego
792 285 852 305 sum
870 282 972 312 pastor;

186 334 237 362 ego
255 325 365 361 peccavi
383 334 389 351 :
404 329 432 352 et
447 332 497 359 ego
516 327 609 359 pastor
629 323 699 351 male
718 323 783 355 feci;
799 327 828 350 et
846 323 890 350 isti
910 330 975 350 oves

186 371 252 406 quid
266 371 411 398 fecerunt?
422 370 483 397 Fiat
496 378 594 398 manus
606 374 652 397 tua
666 373 761 397 contra
774 376 818 396 me
840 372 868 396 et
880 372 974 396 contra

185 417 296 445 domum
316 417 400 452 patris
423 416 488 444 mei.
510 417 544 444 Et
557 417 634 444 venit
651 415 708 443 Gad
729 415 763 442 ad
779 415 863 442 David
882 415 910 441 in
930 413 974 441 die

186 461 241 494 illa,
258 466 286 489 et
301 461 370 489 dixit
391 461 430 488 illi
453 470 460 488 τ
479 462 612 494 Ascende,
633 465 661 489 et
683 461 818 488 constitue
841 460 925 488 altare
946 459 974 486 in

186 514 248 534 area
260 506 334 534 Orna
347 507 475 534 Jebusmi.
491 507 526 534 Et
536 507 660 534 ascendit
674 506 758 534 David
771 507 847 541 juxta
859 505 973 533 verbum

185 552 243 580 Gad
265 553 416 588 prophetat,
438 553 666 588 quemadmodum
691 556 858 588 praceperat
875 551 901 578 ei
920 551 974 578 Do-

186 598 298 625 minus:
315 605 344 626 et
369 599 512 626 inclinavit
537 607 567 626 se
590 598 673 631 Orua,
694 602 722 625 et
744 598 814 624 vidit
835 605 925 633 regem
947 601 975 624 et

186 649 280 670 servos
295 643 354 678 ejus
370 648 593 678 pertrauscuntes
611 651 692 678 supra
710 643 798 677 ipsum
814 651 820 668 :
835 647 864 669 et
881 649 973 678 egres-

186 696 234 716 sus
249 693 292 716 est
303 688 387 721 Orna,
402 693 430 716 et
444 689 567 717 adoravit
580 696 670 724 regem
685 688 713 715 in
727 688 823 715 faciem
836 695 914 714 suam
927 694 975 714 su-

187 741 237 768 per
250 738 361 761 terram.
377 735 410 761 Et
424 735 493 762 dixit
507 734 579 761 Orna
590 743 596 760 :
609 733 665 761 Cur
674 734 749 761 venit
759 733 886 760 dominus
897 740 975 760 meus

187 787 234 806 rex
255 779 289 806 ad
309 787 418 806 servum
435 779 533 807 suum?
551 780 585 806 Et
602 779 670 806 dixit
685 779 768 806 David
783 788 789 805 :
806 779 842 806 Ut
857 786 945 805 emam
959 786 974 805 a

188 829 214 851 te
237 832 339 857 aream,
359 830 389 852 ut
407 825 538 852 aediﬁcem
565 825 650 863 altare
675 825 807 857 Domino,
835 829 863 851 et
887 829 975 852 cesset

188 870 267 897 ruina
281 879 296 897 a
308 871 420 906 populo.
443 871 477 898 Et
491 871 560 898 dixit
580 870 652 898 Orna
677 870 710 898 ad
729 870 813 897 David
830 879 836 896 :
851 870 974 905 Accipiat

1024 277 1070 303 τὸν
1088 276 1134 303 τὸν
1149 275 1263 310 ἄγγελον
1274 275 1320 302 τὸν
1335 274 1470 301 τύπτοντα
1483 275 1512 301 ιν
1522 274 1561 309 τῷ
1577 273 1645 309 λαῷ,
1659 273 1707 300 καὶ
1717 270 1797 298 εἶπεν
1807 279 1814 287 ⁸

1030 322 1095 349 Ἰδοὺ
1109 321 1165 356 ἑγώ
1184 322 1242 359 εἶμι
1257 322 1271 348 6
1286 321 1397 356 ποιμὴν,
1415 319 1471 354 ἐγὼ
1487 320 1646 356 ἡμάρτηκα,
1665 318 1715 345 καὶ
1730 316 1789 351 ἐγὼ
1801 318 1815 343 ο

1026 368 1128 402 ποιμὴν
1138 367 1326 402 ὲκακοποίησα
1334 375 1341 381 ·
1355 366 1402 393 καὶ
1414 362 1488 392 οὗτοι
1496 365 1536 392 τᾶ
1544 364 1668 400 πρόϐατα
1677 363 1704 390 τί
1718 362 1815 396 67min-

1025 422 1091 448 cav;
1105 414 1228 440 Γενέσθω
1241 413 1273 449 δὴ
1287 414 1304 448 ὴ
1316 413 1376 448 χείρ
1389 421 1436 439 σου
1451 413 1480 439 tv
1494 412 1566 448 ἐμοὶ,
1581 411 1628 438 xal
1644 411 1673 437 ὲν
1689 410 1730 445 τῷ
1746 409 1814 444 οἴκῳ

1024 459 1072 486 τοῦ
1088 459 1190 495 πατρός
1213 468 1274 495 μου.
1291 459 1346 486 Kal
1363 457 1429 494 ἦλθε
1455 457 1508 484 Γὰδ
1530 457 1598 493 πρὸς
1621 456 1704 483 Δασὶδ
1726 457 1757 481 ὲν
1779 455 1812 490 τῇ

1024 503 1116 538 ἡμέρᾳ
1128 503 1229 538 ἐκείνῃ,
1246 503 1293 530 καὶ
1305 499 1380 529 εἶπεν
1391 501 1465 537 αὺτῷ
1476 510 1485 519 ο
1502 501 1640 537 ’Δνὰϐηθι.
1653 501 1702 528 καὶ
1713 501 1814 535 στῆσον

1024 547 1063 582 τῷ
1078 547 1172 583 Κυρίῳ
1185 547 1376 583 Θυσιαστήριον
1387 547 1415 574 ὲν
1428 548 1461 582 τῇ
1478 546 1533 582 ἅλῳ
1550 547 1632 582 Ὀρνᾶ
1642 545 1690 572 τοῦ
1713 545 1813 573 156w—

1025 593 1112 620 σαίου.
1131 593 1186 620 Καὶ¹
1204 593 1287 629 ἀνὲῦη
1305 592 1386 620 Δαὸὶδ
1398 592 1469 620 κατὰ
1482 592 1513 618 τὸ
1529 593 1604 627 ῥῆμα
1619 591 1672 618 Γὰδ
1683 590 1732 618 τοῦ
1746 599 1814 626 προ-

1025 640 1121 675 φήτου,
1136 639 1166 665 6v
1176 639 1275 675 τρόπον
1287 630 1437 666 ἐνετείλατο
1450 637 1525 673 αὐτῷ
1536 638 1649 673 Κύριοςο
1662 636 1710 664 καὶ
1722 636 1813 662 διέκυι

1024 685 1073 720 ψεν
1090 686 1181 721 Ὀρνᾶ,
1206 685 1254 712 καὶ
1279 682 1333 711 ε’ίδε
1351 683 1397 710 τὸν
1417 683 1531 719 βασιλέα
1555 683 1602 709 καὶ
1625 682 1690 713 τοὺς
1712 681 1812 712 παῖδας

1024 730 1116 763 αὐτοῦ,
1133 730 1408 766 παραπορευομένους
1416 730 1509 757 ἐπάνω
1519 727 1601 756 αὐτοῦ
1615 735 1622 744 ⁸
1639 727 1686 755 καὶ
1698 726 1813 762 ἐξῆλθεν

1030 777 1121 812 Ὀρνᾶ,
1141 777 1190 803 καὶ
1210 776 1398 812 προσεκύνησε
1417 775 1456 810 τῷ
1480 775 1583 811 βασιλεῑ
1602 773 1649 800 ἐπὶ
1665 773 1813 809 πρόσωπον

1024 823 1106 850 αὑτοῦ
1127 823 1174 849 ἐπὶ
1188 822 1236 858 τήν
1256 823 1318 858 γῆν.
1334 823 1389 849 Καὶ
1403 820 1480 849 εἶπεν
1497 822 1589 856 ὀρνᾶ·
1603 820 1636 846 Τί
1648 820 1688 847 ὅτι
1703 817 1788 854 ἦλθεν
1799 819 1813 844 6

1024 869 1118 904 κύριός
1133 877 1182 904 μου
1197 869 1211 895 6
1233 868 1358 903 βασιλεὺς
1373 868 1442 903 πρὸς
1464 867 1510 894 τδν
1534 866 1627 893 δοῦλον
1647 865 1743 897 αὐτοῦς
1759 864 1812 890 Kal

186 920 215 942 et
231 915 328 944 oﬂ'erat
346 916 474 944 dominus
495 924 574 944 meus
588 924 635 943 rex
646 916 763 943 Domino
783 915 856 950 quod
867 916 969 943 bonum

1026 912 1085 941 εἶπε
1102 914 1184 941 Δαόίδ
1196 923 1202 929 ·
1219 913 1381 948 Κτήσασθαι
1395 912 1471 949 παρὰ
1488 911 1535 939 σοῦ
1547 911 1597 947 τὴν
1610 911 1666 938 ἃλω
1677 910 1726 937 τοῦ
1739 910 1813 936 οίκοι

186 966 228 989 cst
251 962 279 989 in
298 962 385 990 oculis
406 963 484 991 suis:
500 971 563 991 ecce
582 963 660 991 vituli
683 963 712 990 in
730 963 931 996 holocaustum,
948 967 977 990 et

187 1013 253 1036 rotae
272 1013 301 1037 et
325 1009 506 1037 instrumenta
527 1010 610 1037 boum
632 1010 659 1036 in
682 1010 764 1045 ligna.
785 1009 881 1037 Omnia
900 1009 977 1037 dedit

185 1054 258 1082 Orna
272 1055 339 1090 regi.
356 1056 390 1083 Et
404 1055 473 1083 dixit
487 1055 560 1083 Orna
576 1055 610 1082 ad
630 1063 720 1090 regem
736 1064 742 1082 :
758 1055 890 1083 Dominus
904 1055 977 1083 Deus

187 1104 250 1127 tuus
264 1100 408 1128 benedicat
417 1101 477 1128 tibi.
499 1102 532 1128 Et
547 1101 615 1128 dixit
627 1109 673 1128 rex
685 1101 719 1128 ad
733 1100 833 1128 Ornam
847 1110 854 1127 :
868 1101 976 1136 Nequa-

185 1154 284 1180 quam;
297 1147 345 1174 sed
358 1154 453 1174 emens
463 1155 550 1174 emam
566 1155 580 1174 a
595 1151 621 1174 te
633 1147 731 1182 pretio,
746 1152 774 1174 et
790 1155 844 1174 non
860 1147 973 1174 oderam

186 1191 300 1219 Domino
323 1193 378 1220 Deo
412 1200 474 1220 meo
506 1193 696 1220 holocaustum
721 1193 816 1228 gratis.
845 1193 879 1220 Et
905 1193 973 1220 emit

187 1235 269 1263 David
286 1245 376 1265 aream
390 1242 418 1265 et
431 1237 514 1265 boves
529 1243 650 1272 argento,
665 1238 863 1273 quinquaginta
879 1238 970 1270 sielis;

183 1285 212 1308 ct
225 1281 369 1308 aediﬁcavit
399 1281 436 1309 ibi
453 1281 537 1309 David
558 1283 642 1309 altare
662 1282 797 1314 Domino,
822 1285 850 1309 et
874 1281 974 1309 obtulit

185 1324 343 1353 holocausta
371 1331 399 1353 et
426 1325 547 1360 pacifica.
572 1326 606 1353 Et
632 1326 707 1353 auxit
735 1325 863 1352 Salomon
888 1326 974 1354 altare

184 1374 296 1405 postea,
324 1371 389 1405 quia
412 1371 541 1406 exiguum
568 1376 626 1399 erat
653 1371 749 1406 prius;
778 1373 807 1398 et
835 1371 974 1399 exaudivit

185 1415 317 1443 Dominus
348 1420 467 1450 terram,
498 1421 526 1444 et
558 1416 680 1444 cohibita
708 1421 750 1444 est
782 1415 862 1444 ruina
891 1424 974 1452 super

185 1461 267 1489 Israel
286 1462 318 1488 ”.
337 1472 346 1487 ι

1024 959 1141 995 δομῆσαι
1161 960 1352 994 Θυσιαστήριον
1380 958 1420 994 τῷ
1445 958 1550 994 Κυρίῳ,
1579 957 1625 984 καὶ
1651 955 1772 992 συσχεθῇ
1796 955 1811 989 ἡ

1025 1005 1136 1040 θραῦσις
1154 1005 1293 1032 ὲπάνωθεν
1314 1005 1360 1031 τοῦ
1376 1004 1451 1032 λαοῦ.
1477 1004 1534 1031 Καὶ
1549 1002 1625 1030 εἶπεν
1645 1002 1730 1038 Ὀρνᾶ.
1743 1001 1813 1036 πρὸς

1024 1051 1122 1078 Δαῧίδ·
1137 1051 1252 1078 Λαῦέτω
1260 1051 1306 1078 καὶ
1321 1051 1494 1085 ἀνενεγκάτω
1504 1052 1518 1077 6
1530 1049 1622 1085 κύριός
1637 1057 1687 1084 μου
1700 1049 1715 1075 6
1733 1047 1809 1084 βασι-

1024 1096 1086 1129 λεὺς
1097 1097 1136 1132 τῷ
1153 1098 1247 1133 Κυρίῳ
1269 1098 1299 1124 τὸ
1315 1097 1416 1131 ἀγαθὸν
1427 1098 1455 1124 ὲν
1472 1097 1621 1132 ὀφθαλμοῖς
1636 1095 1718 1122 αὑτοῦ
1729 1103 1735 1109 ·
1756 1094 1811 1121 ibo-'4

1024 1145 1049 1170 οἱ
1067 1144 1126 1179 βόες
1141 1145 1180 1175 εις
1193 1144 1381 1178 ὸλοκαύτωμα,
1401 1143 1447 1170 καὶ
1467 1144 1492 1170 οἰ
1508 1142 1599 1177 τροχοὶ
1611 1141 1657 1169 καὶ
1678 1141 1712 1168 τὰ
1727 1139 1812 1175 σκεύη

1025 1189 1080 1216 τῶν
1092 1188 1160 1224 βοῶν
1175 1190 1214 1221 εἰς
1230 1189 1306 1222 ξύλα.
1325 1189 1366 1216 Τὰ
1381 1189 1470 1216 πάντα
1489 1188 1588 1216 ἔδωκεν
1611 1188 1692 1223 Ὀρνᾶ.
1705 1187 1745 1219 τῷ
1766 1186 1813 1221 βα-

1027 1235 1104 1262 σιλεῖ.
1120 1235 1175 1262 Καὶ
1190 1233 1266 1262 εἶπεν
1287 1235 1368 1271 Ὀρνᾶ
1393 1235 1461 1270 πρὸς
1476 1235 1520 1262 τὸν
1535 1233 1661 1270 βασιλέα·
1682 1233 1784 1268 Κύριος
1799 1232 1813 1257 6

1025 1281 1090 1313 Θεός
1107 1290 1154 1308 σου
1171 1281 1315 1317 εὐλογῆσαι
1329 1289 1370 1308 σε.
1393 1282 1448 1308 Καὶ
1467 1279 1544 1308 εἶπεν
1566 1282 1580 1308 ὁ
1597 1280 1724 1316 βασιλεὺς
1743 1278 1812 1314 πρὸς

1032 1327 1137 1362 Ὀρνᾶν·
1154 1327 1232 1362 Οὐχί·
1250 1327 1319 1353 ἀλλὰ
1331 1326 1469 1362 κτώμενος
1482 1327 1618 1362 κτήσομαι
1630 1326 1705 1361 παρὰ
1718 1325 1766 1352 σοῦ
1784 1326 1813 1352 ὲν

1026 1371 1190 1407 ἀλλάγματι.
1209 1372 1263 1399 Kal
1275 1372 1326 1399 οὐκ
1339 1372 1439 1399 ἀνοίσω
1455 1371 1550 1407 Κυρίῳ
1564 1371 1602 1407 τῷ
1613 1370 1672 1407 Θιῷ
1687 1380 1738 1406 μου
1753 1370 1814 1397 ὁλο-

1026 1417 1160 1452 καύτωμα
1174 1417 1289 1452 δωρεάν.
1302 1418 1359 1445 Kal
1372 1417 1508 1452 ἐκτήσατο
1517 1417 1599 1443 Δασὶδ
1609 1417 1666 1444 ἅλω
1678 1417 1726 1443 καὶ
1748 1415 1813 1447 τοὺς

1026 1463 1089 1498 βόας
1112 1465 1142 1490 ἐν
1155 1464 1279 1500 ἀργυρίῳ
1296 1464 1395 1491 σίκλων
1415 1465 1594 1500 πεντήκοντα,
1611 1464 1657 1491 καὶ
1671 1462 1814 1498 ᾠκοδόμη-

186 1517 232 1535 σεν
245 1509 304 1535 ἐκεῖ
310 1509 391 1536 Δαῦὶδ
402 1509 593 1545 Θυσιαστήριον
605 1509 644 1545 τῷ
652 1509 755 1545 Κυρίῳ,
768 1508 814 1536 καὶ
822 1509 970 1545 ἀνήνεγκεν
983 1510 1178 1543 ὁλοκαυτώσεις
1197 1512 1246 1538 καὶ
1255 1512 1408 1547 εἰρηνικάς,
1438 1512 1494 1538 Kal
1518 1511 1671 1546 προσέθηκε
1680 1509 1813 1545 Σαλομὼν

184 1555 224 1586 εἰς
238 1555 269 1581 τὸ
286 1555 476 1591 θυσιαστήριον
497 1556 540 1583 ἐπ’
564 1556 695 1590 ἐσχάτων,
709 1555 750 1582 ὅτι
773 1554 872 1590 μικρὸν
893 1553 926 1591 ἦν
942 1557 970 1582 ἐν
983 1556 1113 1592 πρώτοις.
1124 1557 1180 1584 Kal
1191 1558 1327 1593 ἐπήκουσε
1342 1557 1445 1593 Κύριος
1463 1559 1496 1593 τῇ
1507 1559 1554 1593 γῇ,
1583 1557 1631 1584 καὶ
1660 1556 1812 1592 συνεσχέθη

184 1601 202 1637 ή
217 1600 329 1636 θραῦσις
342 1601 479 1628 ὲπάνωῦεν
488 1601 604 1636 Ἰσραήλ.

220 1648 317 1675 PALL.
339 1647 468 1682 Quisnam
484 1648 511 1675 in
531 1649 574 1675 his
590 1649 682 1676 verbis
701 1656 798 1677 sensus
819 1649 907 1677 inesse
921 1657 973 1688 pu-

1061 1648 1163 1676 ΠΑΛΛ.
1178 1648 1232 1675 Kal
1252 1648 1294 1680 τίς
1314 1648 1348 1676 ἂν
1362 1648 1405 1684 εἴη
1421 1648 1502 1676 πάλιν
1524 1648 1553 1676 εν
1572 1657 1604 1683 γε
1628 1649 1661 1684 δὴ
1680 1648 1785 1680 τούτοις
1798 1649 1813 1675 6

185 1694 284 1726 tandus
302 1694 363 1721 est?
384 1702 445 1721 nam
461 1693 579 1721 difﬁcilis
593 1699 636 1722 est
651 1702 715 1721 sane
731 1695 813 1730 hujus
832 1694 886 1722 loci
906 1702 973 1722 con-

186 1740 335 1774 templatio.

217 1785 295 1814 CYR.
315 1785 437 1814 Dillicilis
460 1786 558 1821 plane,
586 1794 618 1814 ac
650 1795 744 1814 revera
776 1786 910 1821 ejusmodi
944 1791 975 1814 ut

183 1839 255 1867 aegre
274 1831 378 1866 percipi
398 1832 492 1867 possit.
511 1831 614 1859 Tamen
630 1831 697 1859 illud
714 1831 814 1864 dicam,
830 1832 975 1867 proposita:

184 1876 331 1912 Scriptura:
354 1877 517 1905 exteriorem
532 1877 609 1912 quasi
626 1885 734 1904 sensum
758 1877 784 1904 iu
803 1885 888 1912 pauca
907 1885 973 1904 eon-

184 1921 284 1954 ferens,
301 1926 330 1950 et
342 1923 374 1950 ad
390 1922 549 1961 interiorem
569 1922 776 1957 intelligentiam
796 1923 973 1950 transferens.

182 1967 332 1996 Considera
355 1968 447 2004 igitur,
465 1968 578 2000 Palladi,
599 1973 727 2002 tanquam
752 1968 780 1995 in
802 1969 914 2003 speculo
942 1977 974 1996 ac

183 2015 316 2042 tenuibus
335 2014 502 2049 imaginibus
516 2014 617 2041 Christi
639 2014 808 2049 mysterium,
824 2021 857 2041 ac
874 2019 975 2043 nostra:

183 2060 392 2096 gubernationis
409 2060 553 2087 rationem.

219 2106 318 2134 PALL.
334 2105 441 2140 Optime
453 2105 480 2132 id
491 2105 548 2140 ipse
555 2105 708 2140 praestabis,
725 2105 781 2134 Deo
794 2105 848 2141 97
859 2105 973 2134 faculta-

185 2158 240 2180 tem
252 2151 422 2187 intelligendi
439 2155 610 2186 suggerente.

217 2198 295 2227 CYR.
311 2197 382 2226 Audi
397 2197 498 2233 itaque.
513 2197 572 2225 Jam
588 2197 661 2226 enim
675 2197 814 2234 ingrediar
826 2198 860 2226 ad
873 2198 971 2226 dicen-

184 2244 259 2272 dum.
271 2243 368 2271 Divina
385 2243 486 2271 factum
505 2247 548 2270 est
563 2243 614 2276 ira,
629 2247 660 2271 ut
678 2252 753 2272 mors
770 2244 819 2272 Dei
841 2244 972 2279 populum

183 2290 388 2325 depasceretur,
405 2294 487 2324 atque
503 2289 535 2317 ad
557 2289 654 2317 horam
675 2298 763 2325 usque
788 2291 907 2325 prandii.
924 2298 974 2318 ne—

1023 1695 1096 1729 νοῦς;
1113 1695 1149 1727 ὡς
1165 1695 1324 1730 δυσέφικτον
1340 1695 1437 1732 κομιδῇ
1451 1696 1481 1723 τὸ
1494 1695 1637 1732 θεώρημα.

1054 1785 1137 1812 ΚΥΡ.
1147 1785 1314 1819 Δυσὲφικτον
1325 1785 1374 1820 μὲν
1385 1779 1619 1821 ὁμολογουμένως,
1632 1785 1678 1812 καὶ
1689 1785 1812 1812 δυσάλω-

1024 1839 1069 1858 τον
1084 1830 1202 1866 ἀληθῶς,
1215 1830 1287 1866 Πλὴν
1300 1831 1388 1857 ἐκεῖνό
1406 1839 1477 1866 φημι
1492 1831 1541 1867 τὴν
1557 1830 1604 1858 τοῦ
1628 1832 1810 1867 προκειμένου

1024 1877 1172 1912 περίνοιαν,
1192 1877 1229 1909 ὠς
1251 1878 1280 1904 ἐν
1296 1877 1397 1911 ὀλίγοις
1419 1875 1449 1904 εὖ
1471 1877 1543 1912 μάλα
1563 1877 1744 1912 συνενεγκὼν,
1765 1879 1812 1905 καὶ

1025 1923 1208 1959 περιστρέψας
1231 1924 1271 1955 είς
1286 1923 1358 1951 νοῦν.
1383 1924 1480 1960 ’Δθρει
1496 1925 1528 1961 δὴ
1542 1922 1599 1957 οὖν,
1621 1921 1643 1951 ὦ
1665 1924 1810 1955 Παλλάόιε.

1024 1969 1148 2005 καθάπερ
1163 1970 1192 1997 ὲν
1215 1969 1341 2005 ἐσόπτρῳ
1367 1970 1416 1996 καὶ
1434 1970 1464 1996 ὲν
1482 1970 1585 2005 ίσχνατς
1602 1970 1764 2004 φαντασίαις
1780 1969 1811 1996 τὸ

1023 2014 1141 2050 Χριστοῦ
1158 2015 1318 2050 μυστήριον,
1343 2015 1391 2042 καὶ
1403 2015 1452 2050 τῆς
1466 2015 1508 2050 ιφ’
1521 2015 1586 2051 ἡμῖν
1598 2014 1753 2050 οἰκονομίας
1765 2014 1810 2042 τὸν

1023 2069 1133 2096 τροπον.
1170 2073 1174 2077 -

1055 2107 1160 2137 IIAAA,
1176 2105 1281 2134 Οὐκοῦν
1302 2105 1392 2142 δρῴης
1415 2107 1448 2134 ἂν
1471 2107 1552 2140 αὐτὸς
1577 2104 1642 2142 εὖγε
1667 2108 1753 2140 τουτὶ,
1781 2107 1811 2134 τὺ

1023 2151 1142 2178 συνιέναι
1155 2150 1285 2180 δύνασθαι
1303 2153 1482 2189 χορηγοῦντος
1500 2152 1579 2181 Θεοῦ.

1058 2198 1141 2225 ΚΥΡ.
1163 2199 1264 2225 ’Δκουε
1275 2199 1317 2234 δή.
1331 2199 1478 2235 Βαδιοῦμαι
1489 2200 1543 2236 γὰρ
1551 2200 1600 2235 ήδη
1611 2200 1657 2227 ἐπὶ
1670 2199 1699 2227 τὸ
1711 2200 1810 2236 χρῆναι

1022 2243 1121 2277 λέγειν.
1140 2243 1187 2270 Ἐκ
1201 2243 1275 2276 θείας
1285 2244 1369 2280 ὀργῆς
1379 2245 1551 2281 κατενεμήθη
1563 2245 1675 2277 θάνατος
1684 2245 1732 2272 τὸν
1746 2245 1811 2273 λαὸν

1023 2289 1135 2324 Κυρίου,
1150 2289 1199 2317 καὶ
1215 2289 1310 2325 μέχρις
1326 2289 1400 2326 ὥρας
1416 2290 1539 2326 ἀρίστου,
1554 2291 1750 2324 διακωλύοντος
1765 2291 1811 2318 οὐ,

184 2334 257 2362 mine
272 2333 448 2369 prohibente,
475 2334 655 2362 invalesceret
677 2335 882 2362 exterminator.
901 2335 969 2362 Cum

1026 2334 1106 2367 Βενὸς.
1136 2335 1245 2371 ἴσχυσεν
1270 2337 1286 2363 6
1309 2336 1488 2372 ὀλοθρευτής·
1516 2337 1647 2372 μέλλοντα
1667 2337 1696 2364 δὲ
1716 2337 1811 2369 αὐτοῖς

184 2388 250 2408 vero
270 2381 380 2416 jamjam
396 2380 570 2408 immissurus
581 2385 654 2408 esset
670 2388 781 2408 manum
794 2381 821 2408 in
841 2381 972 2408 llieroso-

183 2427 265 2463 lyma,
279 2427 406 2462 prohibet
421 2427 498 2454 illum
513 2428 600 2461 Deus;
613 2432 760 2463 conspecto
772 2432 863 2456 autem
877 2428 973 2464 angelo

184 2473 348 2509 supplicavit
359 2473 444 2500 David
460 2481 489 2500 se
504 2481 642 2508 peccasse,
654 2474 750 2502 dicens
762 2483 767 2501 :
779 2474 881 2502 rectius
891 2481 973 2510 porro

184 2527 244 2547 esse
268 2527 300 2547 ac
323 2519 426 2555 justius
436 2523 571 2554 pastorem
586 2528 618 2548 ac
632 2520 730 2548 ducem
745 2521 837 2555 potius
855 2525 972 2548 mortem

185 2563 263 2591 obire
273 2571 355 2599 quam
372 2571 447 2596 oves,
465 2572 525 2599 qua:
540 2565 609 2592 nihil
622 2570 794 2600 peccassent:
808 2566 845 2593 ita
857 2566 913 2593 Deo
926 2567 971 2602 ju-

185 2609 277 2642 bente,
290 2609 372 2644 erigit
392 2609 476 2637 altare
493 2609 520 2636 in
535 2618 599 2638 area
615 2610 698 2643 Orna,
713 2619 794 2645 quam
812 2611 892 2639 simul
907 2619 970 2639 cum

186 2655 274 2682 bobus
304 2654 497 2682 triturantibus
523 2659 627 2682 emerat
656 2655 730 2684 siclis
761 2656 969 2692 quinquaginta.

185 2700 283 2727 Postea
294 2706 360 2726 vero
371 2707 451 2734 quam
462 2699 598 2727 exstruxit
609 2699 704 2732 altare,
714 2700 817 2728 hostias
830 2709 913 2736 super
938 2709 972 2729 co

186 2745 346 2778 immolavit,
354 2745 574 2773 holocautomata
597 2745 718 2780 inquam,
732 2751 759 2774 et
770 2748 882 2782 paciﬁca
892 2757 899 2781 ;
911 2756 971 2775 ees-

186 2791 258 2819 savit
266 2792 443 2827 consequenti
459 2795 579 2826 tempore
591 2791 683 2825 ruina,
698 2797 726 2820 et
738 2793 780 2820 illa
795 2794 870 2828 prius
883 2794 972 2828 gravis

221 2879 242 2895 "
257 2878 278 2906 ll
291 2878 355 2915 Reg.
376 2887 446 2913 xxiv,
468 2879 494 2906 ll
523 2887 608 2915 usque
628 2879 660 2907 ad
681 2880 771 2908 ﬁnem.

1021 2380 1166 2415 ἐπαφεῖναι
1191 2381 1240 2417 τὴν
1263 2383 1343 2417 χεῖρα
1364 2382 1420 2414 τοῖς
1452 2382 1657 2418 Ἰεροσολύμοις,
1682 2383 1813 2419 ἀπείργει

1020 2426 1100 2458 Θεόςο
1118 2425 1282 2462 τεθεαμένος
1294 2426 1324 2454 δι
1342 2426 1388 2454 τὸν
1410 2427 1535 2461 ἄγγελον,
1559 2426 1683 2463 ἐλιπάρει
1706 2427 1812 2463 Κύριον

1021 2472 1112 2505 Δαὸὶδ,
1126 2472 1212 2507 λέγων
1236 2472 1499 2508 πεπλημμεληκέναι
1525 2473 1634 2500 ἑαυτόν·
1650 2473 1762 2508 ἄμεινον
1781 2474 1811 2500 δὲ

1020 2516 1090 2546 εἶναι
1104 2520 1152 2546 καὶ
1163 2519 1331 2555 δικαιότερον
1342 2521 1387 2546 τὸν
1403 2519 1519 2555 ποιμένα
1532 2519 1579 2546 καὶ
1597 2519 1748 2555 ἡγούμενον
1766 2521 1812 2546 ὲκ-

1024 2564 1146 2591 τεονάναι
1161 2564 1270 2599 μᾶλλον,
1288 2564 1371 2599 ήγουν
1384 2563 1420 2590 τὰ
1432 2564 1567 2600 πρόὸατα,
1586 2564 1631 2591 διά
1645 2573 1686 2592 τοι
1696 2565 1726 2591 τὸ
1741 2564 1812 2591 είδέ-

1022 2618 1066 2636 ναι
1087 2609 1186 2644 μηδέν·
1210 2607 1270 2636 εἶτα
1293 2609 1360 2636 Θεοῦ
1383 2609 1571 2645 σημαίνοντος,
1594 2610 1694 2645 ιγείρει
1714 2610 1810 2637 θυσια-

1023 2655 1133 2691 στήριον
1151 2657 1180 2683 ἑν
1200 2657 1234 2691 τῇ
1250 2655 1307 2691 ἅλῳ
1328 2656 1419 2691 ὐρνᾶ,
1435 2656 1468 2691 ἢν
1485 2657 1544 2692 ἅμα
1558 2657 1612 2689 τοῖς
1630 2656 1729 2683 ἁλοῶσι
1747 2657 1809 2691 βου-η

1022 2701 1065 2728 σὶν
1086 2701 1231 2736 ὲξεπρίατο
1256 2701 1356 2728 σίκλων
1380 2703 1556 2738 πεντήκοντα.
1588 2702 1699 2738 Ἐπειδὴ
1725 2702 1754 2729 δὲ
1778 2702 1811 2730 τὸ

1023 2747 1095 2774 Θεῖον
1120 2744 1151 2773 εὖ
1177 2746 1248 2782 μάλα
1271 2747 1463 2783 θυσιαστήριον
1487 2747 1659 2783 ἀνεδείματο,
1685 2747 1735 2779 τὰς
1764 2748 1809 2774 ἐπ’

1024 2792 1097 2828 αὐτῷ
1114 2793 1209 2825 Quoia;
1233 2792 1328 2827 ἐτέλει,
1350 2793 1563 2830 ὁλοκαυτώματα
1581 2794 1627 2822 καὶ
1649 2794 1807 2832 εἰρηνικάς·

1343 2878 1349 2896 1
1379 2871 1446 2896 εισι
1478 2879 1485 2884 ·
