1924 3043
80 136 124 162 Ξὸθ

422 137 466 164 DE
487 134 709 164 ADORATIONE
726 134 759 162 IN
781 134 917 163 SPIRITU
937 135 982 162 ET
1003 135 1188 164 V'ERITATE.
1210 137 1273 164 LIB.
1295 137 1339 165 lll.

1656 142 1709 170 290

80 199 137 231 Εστη
153 195 181 222 δὲ
204 194 280 222 οὓτω
300 195 392 224 λοιπὸν
416 197 434 231 ἡ
453 194 578 231 θραῦσις,
595 194 643 221 καὶ
657 195 671 220 6
685 193 769 221 πάλαι
784 193 859 220 δεινὸς

920 202 995 222 mors
1008 195 1124 223 inhibita
1140 201 1190 224 est.
1203 197 1350 225 Adnotavit
1364 202 1455 227 autem
1473 198 1613 234 Scriptura
1631 207 1706 228 sacra

80 242 187 277 ἐνεκόπη
209 240 338 273 θάνατος.
361 241 577 276 Ἑπεσημαίνετο
596 239 625 266 δὲ
641 240 672 266 τὸ
694 239 815 274 Γράμμα
835 238 866 265 τὸ

81 288 154 324 ἰιρὸν,
171 287 213 314 ὃτι
229 287 319 323 βραχὺ
338 287 388 322 μὲν
405 285 439 322 ἦν
459 288 488 313 ὲν
503 287 601 322 ἀρχαῖς
616 286 646 312 τὸ
663 285 863 321 θυσιαστήριον,

80 332 227 369 προσέθηκέ
248 341 282 367 γε
309 333 363 369 μὴν
383 334 412 360 ὲν
426 333 552 368 ἐσχάτοις
579 331 710 367 Σαλομὼν
727 331 810 366 αὐτῷ.
829 331 865 357 Ἥ

80 379 123 406 οὐκ
140 375 210 405 εἶναι
223 378 280 413 φῂς
305 379 344 411 ὡς
358 378 386 405 ἐν
397 386 428 412 γε
442 377 540 414 βραχεῖ
550 377 600 413 τὴν
616 377 664 404 τοῦ
684 376 864 413 προκειμένου

81 425 211 460 περίνοιαν
223 424 254 450 ἓν
263 424 370 456 τούτοις
380 433 388 457 ;

109 470 210 498 ΠΔΔΛ.
231 470 319 506 Φημί²
332 470 391 502 πῶς
403 470 425 497 δ’
437 470 470 497 ἂν
481 469 588 505 γένοιτο
601 469 688 506 σαφὴς
701 471 715 496 6
729 469 801 503 νοῦς,
813 469 863 506 ήδη

78 517 221 550 διατράνου.

109 562 188 590 ΚΥΡ.
207 560 248 590 Ἦ
277 563 328 590 οὒκ
357 560 446 595 οῐσθα,
465 562 507 590 ὅτι
531 561 697 590 κατώλισθεν
716 562 864 598 ὁμολογου-

80 608 159 643 μένως
174 609 216 640 εις
242 607 359 635 θάνατον
373 608 421 635 καὶ
438 607 541 642 φθορὰν
555 608 572 643 ἠ
599 606 744 643 ἀνθρώπου
764 607 861 642 φύσις,

79 652 246 688 καταθήξασα
269 653 338 689 πρὸς
353 653 438 689 ὀργὰς
459 653 506 679 τὸν
524 652 706 689 Δημιουργὺν,
727 652 766 683 ὡς
782 653 812 678 ἐν
828 652 862 687 τῇ

78 698 164 731 γένους
179 697 262 733 ἡμῶν
285 698 412 733 ἀπαρχῇ,
439 696 512 724 τοῦτ’
538 697 622 730 ἐστιν,
648 696 749 732 Ἀδάμ,
771 696 801 728 ὃς
813 696 863 731 τὴν

78 743 144 770 θείαν
157 745 185 770 ὲν
204 743 306 778 ἀρχαῖς
329 743 462 778 ¹Ιγθέτιισεν
477 743 598 780 ἐντολὴν,
615 743 717 780 ἀκήκοε
734 744 764 771 δὲ
780 743 861 770 oti-tur

82 800 89 815 ι
103 789 137 825 Γῆ
151 787 184 822 εί,
201 789 251 820 καὶ
263 790 306 822 είς
315 790 367 825 γῆν
381 789 538 825 ἀπελεύσῃς
556 799 566 816 ι

110 879 210 906 nam.
230 878 354 915 Ἀληθές.

108 925 185 952 ΚΥΡ.
226 924 296 952 ’Δπδ
328 923 402 960 πρωϊ
428 922 584 960 τοιγαροῦν,
617 923 690 951 τοῦτ’
713 923 796 958 ἔστιν,
826 924 860 952 ὲκ

79 971 183 1008 πρώτων
200 970 249 998 τοῦ
274 970 409 1006 παρόντος
433 969 530 1002 αίῶνος
551 969 667 1006 καιρῶν,
685 970 860 1006 κατενεμήθη

79 1017 182 1048 Θάνατος
208 1017 274 1048 τοὺς
301 1016 348 1043 ἐπὶ
373 1016 422 1052 τῆς
446 1017 508 1052 γῆς,
534 1015 631 1052 μέχρις
645 1015 719 1052 ὥρας
735 1016 859 1052 ἀρίστου,

80 1063 142 1090 τοῦτ’
148 1062 288 1095 ἑστιν,ἒως
294 1061 389 1098 καιρὸς
397 1061 619 1098 τραπέζης.”οτσ
629 1061 682 1098 γὰρ
690 1062 755 1097 ἡμῖν
763 1062 860 1098 ἐνέστη

79 1109 161 1145 καιρὸς
186 1109 236 1145 τῆς
259 1108 344 1144 ἁγίας
373 1107 531 1144 τραπέζης,
558 1107 637 1143 δῆλον
659 1107 687 1134 δὲ
703 1108 744 1134 ὅτι
765 1107 815 1142 τῆς
830 1107 859 1134 ὲν

80 1153 179 1190 Χριστῷ
193 1154 241 1181 καὶ
257 1153 406 1189 μυστικῆς,
422 1153 465 1188 ἐφ’
485 1149 503 1190 ᾖ
518 1152 563 1180 τὸν
576 1152 659 1188 ἄρτον
673 1152 799 1188 ἐσθίομεν
813 1152 859 1179 τὸν

79 1201 104 1235 ἐξ
116 1199 226 1235 οὐρανοῦ
240 1200 290 1227 καὶ
306 1199 448 1232 ζωοποιδν,
462 1199 477 1226 6
497 1199 580 1226 πάλαι
598 1198 683 1230 δεινὸς
700 1198 747 1225 καὶ
761 1198 858 1225 δυσάν-

80 1254 148 1282 τητος
171 1245 333 1282 κατηργήθη
348 1244 479 1277 θάνατος,
495 1244 743 1279 παρακεκλημένον
769 1243 836 1271 Θεοῦ
850 1252 857 1259 '

79 1292 120 1319 καὶ
139 1291 327 1327 δεδυσώπηται
353 1291 429 1328 μόλις
450 1293 465 1318 6
490 1291 662 1326 ὀλοθρευτὴς,
690 1290 719 1322 ὃς
743 1290 858 1326 ἐπείπερ

79 1337 148 1372 ήθελε
160 1336 276 1370 καὶτοῖς
298 1337 347 1373 τὴν
365 1337 445 1372 ἁγίαν
459 1336 564 1364 οἰκοῦσι
581 1336 668 1369 πόλιν,
690 1335 740 1371 τὴν
759 1335 859 1371 νοητὴν

85 1383 270 1419 Ἰερουσαλὴμ,
294 1384 345 1419 τὴν
369 1383 578 1419 διαφθείρουσαν
601 1383 746 1417 ἐπαφεῖναι
766 1383 856 1418 χεῖρα,

79 1427 136 1456 Θεοῦ
163 1429 430 1465 παρακεκλημένον,
461 1429 521 1456 τότε
552 1428 585 1464 δὴ
616 1428 693 1464 μόλις
719 1428 856 1463 εἴργεται·

82 1484 90 1500 ι
108 1475 181 1507 Ἀνες
193 1475 247 1509 γὰρ
262 1474 321 1507 νῦν,
338 1484 347 1501 ι
362 1475 454 1510 φησὶν,
475 1484 484 1500 ι
501 1474 592 1501 ἱκανόν
606 1475 690 1501 ἐστιν.
703 1483 713 1502 ι
736 1474 814 1508 Ἅγια
829 1474 858 1501 δὲ

80 1519 179 1556 τόλιςμή
196 1519 356 1556 Ἐκκλησία,
367 1517 401 1556 ἦς
411 1517 466 1547 εἷεν
477 1519 510 1546 ἂν
518 1519 659 1555 οἰκήτορες
669 1519 693 1546 οἱ
702 1519 746 1546 διὰ
757 1519 858 1552 ζῶντος

81 1566 152 1601 ἄρτου
173 1565 355 1600 τελειοῦμενοι
365 1565 433 1601 πρὸς
442 1565 589 1600 ἁγιασμόν.
600 1565 656 1600 Τῆς
669 1565 741 1592 οὕτω
755 1566 857 1601 σεπτῆς

81 1612 120 1638 καὶ
131 1611 292 1646 ἁξιαγάστου
309 1612 414 1648 πόλεοξς
431 1612 478 1638 καὶ
492 1611 507 1637 ὁ
528 1611 599 1643 θεῖος
613 1611 696 1638 Δαὸὶδ
706 1611 858 1648 διαμέμνη-

81 1657 222 1691 ταιλέγων·
239 1667 248 1684 ι
260 1657 448 1693 Δεδοξασμένα
459 1657 577 1694 ἐλαλήθη
588 1658 653 1693 περὶ
670 1656 729 1691 σοῦ,
747 1659 764 1693 ἡ
781 1657 858 1690 πόλις

81 1702 120 1729 τοῦ
131 1703 204 1731 Θεοῦ.
221 1713 231 1730 ι
248 1704 403 1740 Κατῴκησε
418 1703 473 1739 γὰρ
487 1704 515 1730 ἐν
527 1704 593 1739 ἡμῖν
612 1703 740 1739 Χριστὸς,
755 1704 784 1735 ὃς
799 1704 857 1731 ἐστι

82 1749 129 1785 ζωὴ
155 1751 200 1777 καὶ
220 1749 364 1782 ζωοποιός.
404 1750 550 1785 Τοιγάρτοι
575 1751 624 1777 καλ¹
648 1751 777 1777 ἀποσοϐεῖ
791 1750 857 1783 Θεὸς

81 1794 127 1821 τῶν
146 1795 319 1830 ήγιασμένων
345 1795 392 1822 τὸν
416 1795 590 1831 όλοθρευτὴν,
617 1796 655 1828 ὡς
670 1796 857 1832 οὐκέτι¹νικᾷν

81 1841 208 1875 ὀφείλοντα
225 1842 295 1877 μετά
309 1841 359 1877 τὴν
383 1842 518 1875 ἀνάδειξιν
535 1842 582 1869 τοῦ
598 1842 694 1878 καιροῦ
711 1842 761 1878 τῆς
776 1842 857 1876 ἁγίας

81 1888 217 1924 τραπέζης,
242 1889 277 1924 ἢν
301 1889 315 1914 6
331 1888 379 1916 τοῦ
406 1889 518 1924 ἀρίστου
541 1889 635 1924 καιρὸς
660 1888 854 1916 ὑπαινίττεται.

87 1933 206 1966 Ἔξέίλετο
228 1935 320 1962 τοίνυν
345 1935 420 1970 ἡμᾶς
437 1936 452 1962 ὁ
470 1935 598 1971 Χριστὸς,
614 1934 652 1966 ὡς
674 1935 703 1962 ἐν
719 1934 857 1970 προσώπῳ

82 1979 210 2015 νοούμενος
223 1980 273 2007 τοῦ
288 1980 380 2008 Δαϐίδ.
400 1980 508 2016 Ἐπειδὴ
521 1980 576 2016 γὰρ
588 1980 683 2007 ἐθεᾶτο
696 1979 856 2007 δαπανῶντα

83 2025 119 2051 τὺν
140 2025 249 2053 θάνατον
266 2026 329 2058 τοὺς
343 2027 391 2053 ἐπὶ
407 2026 457 2061 τῆς
477 2026 540 2061 γῆς,
558 2025 733 2062 παράκλητος
745 2026 856 2060 γέγονεν

83 2069 142 2106 ὑπὲρ
149 2070 223 2106 ήμῶν
236 2071 304 2107 πρὸς
311 2071 357 2098 τὸν
372 2071 492 2107 Πατέρα·
506 2070 685 2106 προσεκόμιζε
699 2070 752 2106 γὰρ
762 2071 856 2098 ἑαυτὸν

83 2114 140 2151 ὑπὲρ
164 2116 253 2151 ήμῶν,
276 2117 324 2143 καὶ
350 2115 486 2152 ὑπέθηκεν
503 2115 573 2143 ἑκὼν
587 2115 626 2152 τῷ
641 2115 759 2152 θανάτῳ,
779 2115 856 2143 δεδυ-

83 2161 180 2198 σώπηκέ
195 2172 224 2190 τε
243 2163 291 2190 τὸν
309 2162 482 2198 ὀλοθρευτὴν,
506 2161 603 2189 ἑαυτοῦ
624 2162 710 2196 λέγων
727 2160 796 2189 εῖναι
807 2161 856 2197 τὴν

916 241 1001 269 altare
1017 242 1085 269 illud
1104 250 1219 277 parvum
1240 244 1274 271 ab
1295 244 1373 272 initio
1389 244 1491 278 fuisse,
1512 250 1623 273 auctum
1639 254 1707 274 vero

916 291 1012 321 postea
1034 295 1050 314 a
1066 287 1221 315 Salomone.
1247 289 1380 317 Utrumne
1401 290 1484 326 igitur
1503 291 1531 318 in
1551 291 1594 318 his
1612 291 1707 320 verbis

915 338 998 366 quam
1015 331 1177 359 brevissime
1196 334 1327 368 propositi
1349 335 1400 363 loci
1414 336 1577 364 exteriorem
1594 344 1704 365 sensum

915 376 1052 404 contineri
1066 377 1177 405 fateris?

950 466 1050 494 PALL.
1065 467 1174 500 Fateor,
1196 468 1244 496 sed
1265 469 1403 503 quomodo
1423 469 1522 498 clarior
1542 470 1601 498 ﬁeri
1619 471 1704 506 possit

913 510 974 546 ejus
988 511 1042 538 loci
1060 512 1226 545 intellectus,
1243 513 1299 548 jam
1315 513 1438 548 explana.

948 556 1027 585 CYR.
1052 557 1094 585 An
1108 558 1218 593 ignoras
1238 558 1358 586 hominis
1379 563 1520 592 naturam,
1539 561 1611 595 quod
1632 562 1704 589 inter

913 610 1010 631 omnes
1029 605 1168 637 convenit,
1183 605 1211 632 in
1225 608 1341 632 mortem
1358 609 1439 640 atque
1455 606 1596 635 interitum
1606 629 1613 641 ,
1628 610 1702 644 quod

912 656 994 677 suum
1004 649 1130 686 opiﬁcem
1141 651 1174 678 ad
1186 651 1254 679 iram
1261 651 1462 684 concitavisset,
1469 652 1496 679 in
1504 652 1563 687 ipso
1574 658 1703 689 tanquam

913 695 1001 722 nostri
1023 696 1134 731 generis
1156 695 1246 729 initio,
1261 697 1289 724 id
1303 701 1355 730 est,
1370 697 1398 724 in
1414 698 1501 725 Adam
1511 719 1518 730 ,
1534 700 1701 735 prtecipitem

913 740 1021 768 ruisse?
1033 740 1080 775 qui
1102 748 1163 768 cum
1181 741 1305 769 divinum
1321 742 1354 769 ab
1369 742 1448 770 initio
1463 743 1623 771 mandatum
1635 753 1702 772 con—

913 786 1078 821 tempsisset,
1089 787 1195 814 audivit
1207 795 1213 814 :
1230 797 1238 813 ι
1251 787 1335 815 Terra
1347 796 1387 821 es,
1399 792 1428 816 et
1450 788 1477 816 in
1495 793 1596 816 terram
1610 798 1702 818 rever-

915 832 980 860 teris
990 833 1020 860 “.
1039 842 1048 858 ι

875 872 898 900 Β
947 878 1046 906 PALL.
1062 879 1133 907 Vera
1148 879 1227 907 dicis.

945 921 1024 949 CYR.
1042 922 1064 950 A
1081 930 1161 950 mane
1173 923 1266 958 igitur,
1280 923 1332 951 hoc
1351 929 1410 957 est,
1422 931 1436 952 a
1448 925 1546 960 primis
1559 926 1642 961 hujus
1652 934 1701 955 saa-

908 967 965 995 culi
981 969 1150 1004 temporibus
1170 978 1244 998 mors
1263 970 1375 1006 depasta
1395 975 1438 998 est
1454 979 1502 999 eos
1521 972 1567 1006 qui
1585 972 1613 1000 in
1631 976 1703 1000 terra

909 1018 989 1041 erant
999 1035 1006 1047 ,
1019 1023 1106 1050 usque
1125 1015 1160 1043 ad
1175 1016 1271 1044 horam
1288 1017 1407 1052 prandii,
1429 1016 1482 1044 hoc
1497 1022 1548 1050 est,
1567 1026 1655 1053 usque
1667 1019 1701 1046 ad

909 1067 1010 1088 mensae
1036 1064 1154 1096 tempus.
1179 1062 1232 1091 Ubi
1256 1063 1331 1090 enim
1357 1063 1470 1090 advenit
1495 1063 1576 1091 nobis
1601 1069 1702 1092 sancte

909 1114 1010 1134 mensa:
1030 1111 1147 1142 tempus,
1164 1108 1294 1135 nimirum
1314 1109 1389 1136 illius
1411 1109 1438 1136 in
1458 1109 1568 1137 Christo
1584 1118 1616 1138 ac
1644 1118 1703 1146 my-

909 1152 995 1185 sticae,
1009 1152 1038 1179 in
1048 1161 1102 1187 qua
1117 1161 1188 1188 pane
1205 1154 1343 1182 vescimur
1356 1154 1402 1182 illo
1414 1155 1523 1182 coalitus
1539 1155 1603 1183 dato
1619 1160 1701 1192 atque

910 1197 1001 1230 vitali,
1021 1206 1082 1232 qua:
1106 1199 1182 1233 prius
1207 1199 1339 1227 terribilis
1367 1205 1436 1232 erat,
1464 1200 1564 1235 cuique
1589 1201 1700 1232 difﬁcile

909 1241 1007 1269 obsisti
1019 1247 1135 1277 poterat,
1147 1251 1221 1271 mors
1232 1245 1360 1276 cessavit,
1369 1245 1425 1273 Deo
1436 1245 1470 1273 ad
1481 1246 1699 1274 miscricordiam

909 1292 1055 1320 revocato,
1083 1297 1145 1316 eum
1168 1290 1214 1316 vix
1237 1290 1373 1317 inhibitus
1389 1294 1463 1318 esset
1482 1292 1697 1319 exterminator:

909 1332 956 1368 qui
971 1341 1034 1360 cum
1048 1334 1129 1361 vellet
1143 1335 1169 1362 in
1183 1343 1231 1362 eos
1245 1343 1355 1370 quoque
1369 1336 1417 1371 qui
1435 1336 1463 1364 in
1481 1342 1574 1364 sancta
1588 1337 1699 1365 civitate

910 1378 1080 1412 habitarent,
1094 1379 1122 1407 in
1143 1380 1278 1415 spirituali
1295 1389 1393 1416 nempe
1408 1381 1571 1414 Jerusalem,
1585 1382 1698 1417 pestife-

908 1432 966 1451 ram
978 1424 1127 1452 immittere
1143 1433 1265 1458 manum,
1275 1426 1332 1453 Deo
1347 1426 1380 1453 ad
1391 1426 1608 1455 misericordiam
1617 1427 1698 1459 ﬂexo,

908 1471 953 1497 vix
968 1471 1076 1498 tandem
1086 1471 1241 1503 cohibetur,
1253 1481 1261 1497 ι
1279 1472 1399 1500 Remitte
1407 1480 1490 1505 nunc,
1502 1483 1511 1498 ι
1526 1473 1642 1508 inquit,t
1659 1477 1700 1501 sat

908 1521 959 1544 est.
977 1527 986 1543 ι
1003 1517 1102 1544 Sancta
1118 1525 1201 1552 porro
1215 1517 1313 1544 civitas
1327 1517 1449 1545 Ecclesia
1466 1522 1517 1550 est,
1529 1519 1607 1554 cujus
1619 1519 1699 1546 habi-

909 1567 1011 1591 tatores
1031 1571 1079 1591 eos
1101 1570 1162 1590 esse
1182 1567 1248 1598 puto
1268 1563 1314 1598 qui
1335 1571 1404 1598 pane
1427 1564 1474 1591 illo
1495 1565 1601 1592 viventi
1615 1565 1699 1600 perﬁ-

907 1609 1021 1637 ciuntur
1036 1609 1069 1636 ad
1085 1609 1340 1637 sanctiﬁcationem.
1354 1609 1441 1645 Hujus
1454 1610 1526 1638 adeo
1537 1614 1660 1646 augusta:
1671 1615 1701 1638 et

907 1654 1078 1682 admirabilis
1091 1654 1211 1681 civitatis
1221 1654 1304 1682 etiam
1317 1654 1428 1682 divinus
1444 1655 1488 1682 ille
1501 1655 1586 1682 David
1603 1656 1700 1683 memi-

907 1700 959 1733 nit,
985 1700 1080 1727 dicens
1100 1708 1107 1726 :
1132 1709 1142 1725 ‹
1160 1699 1283 1728 Gloriosa
1305 1700 1377 1727 dicta
1403 1705 1468 1728 sunt
1487 1701 1522 1728 de
1548 1705 1586 1733 te,
1602 1701 1699 1729 civitas

908 1747 958 1774 Dei
969 1747 999 1773 ".
1006 1756 1015 1772 ι
1026 1746 1164 1774 Habitavit
1172 1746 1245 1774 enim
1254 1746 1281 1773 in
1290 1746 1369 1773 nobis
1377 1746 1512 1779 Christus,
1522 1747 1568 1781 qui
1577 1747 1633 1774 vita
1643 1750 1696 1779 est,

908 1795 936 1819 et
947 1790 1094 1826 98vitam
1107 1795 1232 1825 praestat:
1245 1791 1424 1826 quamobrem
1436 1799 1451 1818 a
1461 1791 1637 1819 sanctiﬁcatis
1647 1791 1697 1819 dc-

908 1837 986 1872 pellit
993 1837 1065 1864 Deus
1079 1836 1337 1864 exterminatorem:
1352 1844 1441 1872 neque
1450 1838 1524 1864 enim
1537 1838 1647 1864 vincere
1657 1837 1696 1864 illi

907 1882 1026 1917 amplius
1036 1882 1110 1915 licet,
1126 1886 1270 1917 postquam
1283 1887 1384 1910 sanctae
1396 1883 1469 1910 illius
1479 1891 1580 1911 mensa).
1589 1887 1698 1919 tempus

908 1928 1028 1961 advenit,
1044 1936 1125 1963 quam
1147 1928 1255 1963 prandii
1277 1932 1385 1963 tempus
1410 1929 1528 1956 latenter
1550 1929 1696 1964 signiﬁcat.

907 1973 1017 2008 Eripuit
1027 1981 1093 2009 ergo
1108 1981 1159 2001 nos
1169 1973 1305 2007 Christus,
1322 1975 1370 2010 qui
1383 1974 1410 2001 in
1427 1981 1542 2009 persona
1556 1968 1641 2002 David
1653 1976 1697 2003 ἰη-

909 2018 1049 2054 teliigitur.
1060 2018 1139 2051 Nam,
1158 2022 1335 2054 posteaquam
1348 2019 1417 2046 vidit
1432 2026 1481 2046 eos
1500 2019 1547 2054 qui
1572 2019 1600 2046 in
1625 2023 1698 2047 terra

907 2067 987 2091 erant
1001 2071 1016 2090 a
1032 2067 1119 2091 morte
1134 2063 1269 2095 consumi,
1283 2064 1438 2098 paracletus
1452 2068 1533 2099 atque
1549 2065 1698 2092 advocatus

908 2113 951 2137 est
967 2117 1018 2144 pro
1038 2109 1121 2136 nobis
1136 2109 1171 2136 ad
1186 2109 1310 2143 Patrem;
1327 2109 1428 2137 obtulit
1439 2117 1556 2144 namque
1576 2111 1697 2145 seipsum

908 2162 958 2190 pro
971 2154 1061 2187 nobis,
1073 2159 1101 2182 et
1111 2155 1192 2182 morti
1204 2159 1300 2190 sponte
1313 2155 1440 2190 subjecit,
1457 2155 1636 2190 cohibuitque
1648 2162 1697 2183 ex-

83 2207 220 2243 ἁμαρτίαν*
251 2209 301 2244 οὐχ
324 2209 365 2236 ὅτι
392 2208 528 2244 πεποίηκε
552 2208 601 2244 τὴν
625 2208 774 2244 ἁμαρτίαν,
798 2208 856 2234 ἀλλ’

910 2201 1124 2234 terminatorcm,
1135 2209 1214 2228 suum
1223 2209 1282 2229 esse
1292 2205 1433 2236 peccatum
1444 2201 1552 2234 dicens;
1561 2209 1616 2230 non
1623 2201 1697 2237 quod

83 2252 126 2284 ὅτι,
146 2254 212 2280 κατά
226 2253 276 2286 τὰς
295 2254 417 2289 Γραφὰς,
443 2263 452 2279 ι
472 2253 552 2285 αὐτὸς
562 2253 612 2286 τὰς
625 2253 763 2289 ἁμαρτίας
777 2253 856 2289 ἡμῶν

83 2297 153 2332 αίρει,
169 2298 214 2325 καὶ
234 2297 300 2334 περὶ
313 2298 392 2334 ἡμῶν
414 2298 551 2329 ὀδυνᾶται.
574 2298 621 2325 καὶ
634 2297 663 2325 ὲν
677 2299 733 2330 τοῖς
745 2297 856 2334 ἀνόμοις

83 2342 205 2379 ἐλογίσθη,
222 2354 231 2370 ι
250 2345 340 2372 καίτοι
360 2344 398 2380 μὴ
428 2345 505 2378 εἰδὼς
534 2344 688 2380 ἁμαρτίαν
717 2354 726 2370 ι
748 2344 795 2371 καὶ
811 2344 856 2378 γέ-

83 2396 150 2422 γονεν
172 2390 242 2426 ὑπὲρ
262 2390 342 2426 ἡμῶν
366 2390 482 2426 κατάρα.
505 2399 513 2415 ι
532 2389 638 2425 Χρῆναι
662 2389 691 2416 δέ.
710 2397 788 2424 φησι,
809 2388 856 2416 τὸν

84 2435 186 2470 ποιμένα
202 2435 302 2472 μᾶλλον
320 2435 337 2471 ἢ
350 2436 386 2462 τὰ
401 2435 526 2472 πρόϐατα
543 2435 654 2462 παθεῖν·
672 2435 709 2466 ὡς
725 2435 779 2470 γὰρ
794 2444 855 2461 ποι-

85 2481 129 2517 μὴν
149 2483 246 2517 ἀγαθὸς
267 2483 317 2519 τὴν
341 2482 430 2518 ψυχὴν
454 2481 537 2509 αὑτοῦ
562 2481 684 2508 τέθεικεν
713 2481 783 2516 ὑπὲρ
801 2481 856 2509 τῶν

85 2528 220 2562 προϐάτων.
238 2526 307 2556 Εἶτα
321 2528 393 2556 κατά
411 2528 486 2556 θείαν
504 2527 666 2564 ὑπόμνησιν,
684 2529 698 2555 6
713 2527 857 2559 θεσπέσιος

85 2570 163 2606 Δασὶό,
176 2572 238 2600 ἔνθα
250 2573 296 2599 τὸν
306 2572 420 2608 ἀγγελον
432 2573 477 2600 τὸν
492 2572 653 2608 ὀλοθρευτὴν
664 2572 857 2608 ἀπρακτοωτα

87 2615 128 2652 ήδη
142 2618 184 2645 καὶ
199 2619 335 2655 ἑστηκότα
356 2618 482 2646 τιθέαται
517 2617 581 2654 (εἶδε
607 2619 661 2654 γὰρ
678 2618 760 2645 αὑτὸν
781 2618 858 2654 παρὰ

86 2661 126 2696 τὴν
139 2663 198 2697 ἅλω,
207 2665 312 2701 φησὶν),
327 2665 385 2692 ἐκεῖ
394 2664 527 2701 διαπήξας
535 2664 736 2702 θυσιαστήριον,
744 2665 858 2692 ὁλοκαυ-

88 2706 186 2742 τώματα
195 2711 240 2737 καὶ
248 2709 390 2746 εἰρηνικὰς
404 2709 515 2745 (θυσιῶν
527 2709 555 2736 δὲ
568 2709 622 2736 τῶν
636 2709 707 2737 κατά
718 2709 764 2736 τὸν
776 2709 858 2745 νόμον

89 2753 137 2790 tibi
149 2764 174 2782 τε
189 2757 232 2784 καὶ
252 2756 350 2793 τρόποι
369 2755 458 2792 ταυτὶ)
475 2757 648 2792 προσαγήοχε
663 2755 702 2791 τῷ
719 2755 787 2791 Θεῷ.
804 2755 859 2782 Καὶ

90 2798 126 2826 διὰ
145 2801 188 2836 μὲν
203 2802 252 2839 τῆς
277 2803 335 2830 ἅλω
358 2803 465 2838 νοήσεις
488 2802 537 2838 τὴν
561 2801 735 2838 Ἐκκλησίαν,
759 2801 799 2833 εἰς
826 2801 859 2836 ήν

123 2878 346 2917 "Genes.tu,19.
386 2882 406 2899 ¹¹
426 2881 496 2910 Psal.
509 2879 652 2915 Lxxxvt,‘3.
691 2881 713 2897 "
730 2880 781 2908 lsa.
794 2888 849 2913 Lm,
862 2880 888 2908 4.

904 2251 1047 2283 peccatum
1059 2247 1116 2283 ipse
1130 2248 1310 2280 commiserit,
1325 2247 1373 2275 sed
1383 2247 1469 2282 quod,
1480 2249 1557 2283 juxta
1572 2247 1696 2282 Scriptu—

904 2301 958 2327 ras,
976 2303 985 2319 ι
1003 2293 1061 2328 ipse
1072 2298 1183 2328 peccata
1199 2297 1292 2321 nostra
1305 2298 1404 2329 portat,
1415 2298 1443 2320 et
1454 2301 1504 2328 pro
1519 2293 1600 2321 nobis
1611 2293 1695 2325 dolet,

903 2344 932 2367 et
946 2339 1020 2367 inter
1040 2339 1188 2368 sceleratos
1203 2343 1346 2374 reputatus
1357 2344 1399 2366 est
1412 2339 1449 2371 ιθ,
1467 2349 1476 2364 ι
1493 2339 1618 2373 quamvis
1630 2346 1696 2373 pec-

903 2389 995 2413 catum
1008 2393 1063 2413 non
1079 2389 1182 2418 nosset,
1199 2395 1209 2410 ‹
1222 2389 1249 2412 et
1264 2385 1353 2413 factus
1364 2389 1406 2412 est
1421 2392 1470 2419 pro
1489 2384 1568 2412 nobis
1580 2384 1696 2412 maledi-

905 2432 1018 2460 ctum”.
1036 2442 1044 2457 ι
1065 2431 1181 2466 Ᾰεὶηιιὶιιδ
1201 2435 1295 2458 autem
1313 2438 1373 2458 esse
1391 2430 1430 2456 ait
1444 2434 1579 2465 pastorem
1592 2450 1600 2463 ,
1614 2437 1696 2465 quam

907 2485 973 2506 oves
991 2485 1087 2513 pmuas
1103 2477 1194 2505 luere:
1214 2484 1276 2504 nam
1305 2480 1336 2504 ut
1358 2476 1446 2504 bonus
1465 2480 1558 2512 pastor
1577 2476 1695 2504 animant

907 2531 985 2552 suam
1011 2523 1103 2558 posuit
1124 2531 1174 2558 pro
1194 2522 1301 2550 ovibus.
1316 2522 1420 2550 Deinde
1437 2522 1531 2549 divino
1555 2522 1695 2550 admonitu

908 2570 1006 2598 beatus
1022 2568 1118 2601 David,
1137 2567 1184 2595 ubi
1194 2567 1320 2603 angelum
1334 2567 1573 2595 exterminatorem
1585 2574 1695 2594 cessan~

907 2620 964 2644 tem
972 2616 1028 2651 jam
1049 2618 1078 2642 et
1088 2618 1205 2642 stantem
1218 2614 1360 2649 conspexit
1372 2612 1531 2649 (viditenim
1542 2619 1604 2639 eum
1611 2620 1695 2648 prope

907 2669 1010 2693 aream,
1023 2660 1134 2696 inquit),
1147 2659 1185 2688 ibi
1202 2659 1255 2687 lixo
1270 2659 1360 2692 altari,
1375 2659 1533 2686 holocausta
1544 2661 1573 2685 et
1582 2657 1695 2694 paciﬁca

908 2707 1019 2744 (genera
1038 2710 1130 2733 autem
1141 2713 1174 2733 ea
1186 2709 1250 2733 sunt
1266 2704 1377 2740 exlegis
1392 2702 1562 2739 praescripto,
1574 2709 1606 2730 ac
1621 2702 1696 2730 modi

908 2751 1083 2788 hostiarum),
1103 2751 1204 2779 obtulit
1230 2751 1296 2778 Deo.
1320 2749 1359 2777 Ac
1375 2756 1423 2785 per
1443 2754 1534 2775 aream
1563 2747 1697 2782 intelliges

908 2798 1074 2830 Ecclesiam,
1089 2797 1124 2824 ad
1146 2805 1228 2832 quam
1249 2803 1311 2824 cum
1335 2792 1519 2832 pervenisset,
1542 2792 1617 2821 stetit
1640 2796 1698 2819 tan-

957 2878 976 2894 ”
988 2877 1074 2906 Galat.
1088 2885 1126 2911 ιιι,
1141 2877 1184 2905 l3.
