1924 3043
217 129 266 158 291

709 127 738 154 S.
761 125 898 154 CYBlLLl
918 123 1152 152 ALEXANBBlNl
1172 123 1330 152 ARCHIEP.

1796 120 1861 148 992

219 186 292 218 dem,
305 190 333 212 et
345 185 483 212 destructa
496 191 569 210 mors
583 187 639 217 est;
651 188 678 210 et
689 183 762 210 illam
776 183 852 218 prius
862 181 1010 208 violentam

1068 180 1223 215 ιφιγμένος,
1242 180 1308 216 ἔστη
1321 189 1350 207 τε
1363 180 1465 212 λοιπον,
1487 181 1532 207 καὶ
1545 178 1706 215 κατηργήθη
1723 178 1860 209 θάνατος,

217 235 246 258 et
257 231 442 258 devastantem
461 230 553 257 omnia
566 238 676 257 manum
691 229 828 257 contraxit
842 227 1007 255 extermina-

220 282 275 309 tor;
291 281 332 304 est
340 276 414 304 enim
430 276 505 303 illius
515 275 588 307 vitae,
599 283 660 311 quae
671 279 766 310 suapte
778 277 876 301 natura
887 273 942 299 vita
955 276 1007 304 est,

220 323 273 350 hoc
299 326 343 350 est
369 322 472 350 Christi
490 322 599 349 domus.
624 321 722 350 Arcam
740 328 807 348 vero
824 319 942 347 dicimus
956 319 1009 346 Ec-

218 369 328 396 clesiam
339 376 372 396 ex
384 368 501 404 imagine
513 368 630 403 quadam
641 372 723 403 atque
735 367 925 398 similitudine,
935 365 1009 400 quod

219 415 247 441 in
261 421 294 441 ea
315 413 518 449 manipulorum
535 414 726 449 spicarumque
742 421 818 440 more
832 412 1008 447 colliguntur,

218 460 266 494 qui
281 467 296 486 a
312 459 437 486 saeculari
454 459 512 487 vita
530 463 688 486 sanctorum
707 465 861 486 messorum
871 477 878 489 ,
890 457 943 484 hoc
956 461 1008 488 est,

218 505 406 540 apostolorum
439 505 723 540 evangelistarumque
745 503 939 539 praedicatione
960 502 1010 529 de—

219 555 370 583 metuntur,
385 555 415 578 ut
426 551 454 578 in
470 551 530 578 illas
542 558 657 586 superas
670 550 746 577 aulas
755 552 972 584 comportentur,
983 552 1011 575 et

220 603 350 632 tanquam
366 597 395 624 in
412 597 585 624 Dominicum
609 597 757 628 horreum,
774 596 802 623 in
816 596 957 624 caelestem
975 595 1010 622 il-

219 643 272 670 lam
290 643 442 670 Jerusalem
459 643 544 669 veluti
569 646 713 677 purgatum
727 642 782 677 jam
802 641 924 668 triticum
939 640 1011 668 infe-

220 693 327 720 rantur,
361 687 495 723 depositis
525 687 670 715 inutilibus
691 692 718 715 et
744 686 922 722 supervacuis
955 693 1011 713 non

220 733 302 761 modo
311 733 476 765 actionibus,
489 732 536 760 sed
552 732 635 759 etiam
652 732 736 760 animi
750 732 887 764 sensibus,
900 731 946 766 qui
956 731 1013 758 vel-

220 784 252 806 ut
269 779 298 806 in
321 779 439 813 imagine
455 777 572 813 quadam
592 778 733 813 palearum
749 777 950 812 intelliguntur.
968 776 1013 804 Di-

220 830 294 853 ctum
307 828 350 851 est
362 828 454 851 autem
465 831 481 850 a
491 823 601 851 Christo
614 822 717 850 sanctis
737 822 882 857 apostolis:
896 831 905 847 ‹
916 821 1012 848 Nonne

1058 227 1105 253 καὶ
1131 227 1180 262 τὴν
1195 227 1279 253 πάλαι
1303 227 1393 262 δεινήν
1406 235 1436 253 τε
1462 227 1509 253 καὶ
1529 226 1737 262 διαφθείρουσαν
1772 227 1862 261 χεῖρα

1059 273 1228 300 συνέστειλεν
1249 274 1264 300 ό
1286 273 1448 309 ὸλοθρευτής
1458 282 1465 289 ·
1481 270 1554 304 οἶκος
1568 272 1623 308 γάρ
1634 273 1693 299 ἐστι
1708 273 1759 307 τῆς
1780 271 1862 298 κατὰ.

1059 319 1140 354 φύσιν
1159 319 1242 355 ζωῆς,
1259 318 1332 346 τοῦτ’
1355 319 1412 345 ἐστι
1429 318 1558 354 Χριστοῦ.
1579 319 1655 345 Ἂλω
1668 317 1698 345 δὲ
1713 316 1786 344 εἷναί
1800 325 1862 351 φα.-

1061 373 1110 399 μεν
1121 365 1159 397 ὡς
1174 364 1204 397 ἐξ
1217 358 1372 400 ὁμοιώσεως
1380 364 1427 390 καὶ
1440 363 1543 395 εἰκόνος
1555 363 1603 399 τήν
1620 363 1798 397 Ἐκκλησίαν,
1809 361 1861 396 ἐφ’

1059 407 1075 445 ᾖ
1090 409 1269 445 δραγμάτων,
1288 410 1372 445 ήγουν
1385 409 1540 445 ἀσταχύων,
1560 408 1760 444 συλλέγοντα[ι]
1775 408 1861 442 δίκην

1059 457 1083 482 oi
1108 455 1158 491 τῆς
1176 455 1230 482 ἀπὸ
1250 455 1355 490 κόσμου
1375 455 1449 490 ζωῆς
1470 455 1514 482 διὰ
1532 454 1580 481 τοῦ
1599 454 1678 488 λόγου
1693 454 1750 480 τῶν
1768 453 1862 487 ἀγίων

1060 503 1213 538 κειρόμενοι
1235 502 1378 537 θεριστῶν,
1391 501 1464 528 τοῦτ’
1485 501 1567 534 ἔστιν,
1584 501 1742 527 ἀποστόλων
1759 508 1789 526 τε
1805 499 1862 526 καὶ

1059 549 1269 584 εὐαγγελιστῶν,
1294 549 1338 576 ἵνα
1364 548 1412 576 καὶ
1432 549 1473 579 εἰς
1490 548 1540 580 τὰς
1563 548 1620 575 ἀνω
1642 545 1862 582 συγωμισθεῖεν

1060 595 1154 628 αὐλὰς,
1165 595 1213 622 καὶ
1227 594 1353 630 καθάπερ
1364 595 1405 626 εἰς
1415 594 1557 630 ἀποθήκην
1567 592 1741 628 δεσποτικὴν,
1751 593 1793 624 εἰς
1804 591 1861 626 τὴν

1060 641 1220 676 ἐπουράνιον
1244 640 1433 676 Ἰερουσαλὴμ,
1457 637 1501 666 οἷά
1519 647 1562 670 τις
1584 640 1658 670 σῖτος
1683 638 1862 673 εἰσφέροιντο

1061 684 1191 720 καθαρὸς.
1208 684 1278 711 κατά
1295 684 1345 720 τὴν
1365 684 1419 711 τῶν
1439 683 1621 720 ἀχρειοτέρων
1639 684 1688 710 καὶ
1717 682 1861 718 περιττῶν

1061 730 1191 757 ἀπόθεσιν
1209 731 1380 766 πραγμάτων
1395 738 1425 756 τε
1440 730 1498 765 ἅμα
1512 730 1560 757 καὶ
1576 729 1771 765 φρονημάτων,
1783 728 1860 763 ἀπερ

1062 775 1100 807 ὼς
1113 777 1141 802 ὲν
1151 776 1216 802 εῖδει
1225 775 1280 802 τῶν
1294 775 1404 811 ἀχύρων
1416 777 1526 802 νοεῖται.
1540 775 1654 810 Εἴρηται
1667 775 1696 801 δέ
1713 783 1765 801 που
1780 774 1862 810 παρά

1063 821 1181 857 Χριστοῦ
1198 822 1254 853 τοῖς
1267 821 1354 856 ἀγίοις
1370 821 1541 853 ἀποστόλοις·
1557 830 1566 846 ι
1586 820 1652 854 Οὐχὶ
1669 820 1750 855 ὑμεῖς
1762 820 1860 854 λέγετε

221 877 270 896 vos
291 869 383 896 dicitis
403 868 476 903 quod
502 868 592 895 adhuc
622 871 740 903 quatuor
761 874 869 895 menses
892 871 968 899 sunt,
986 869 1012 894 et

1068 867 1106 894 ὅτι
1119 866 1289 902 τετράμηνός
1310 867 1379 898 ἐστι,
1399 867 1474 894 καὶὸ
1493 866 1622 903 θερισμὸς
1637 865 1765 901 ἕρχεται;
1790 866 1859 892 Ἰδοὺ

219 915 317 944 messis
338 915 591 947 venit?Ecce_dico
618 914 698 942 vobis
711 923 718 941 :
731 914 832 941 Levate
856 913 951 941 oculos
965 921 1014 940 ve-

219 967 302 995 stros,
318 967 347 990 et
358 962 450 989 videte
463 962 598 997 regiones.
611 960 741 996 quoniam
757 960 826 987 albae
837 963 902 987 sunt
911 958 967 994 jam
980 958 1014 986 ad

219 1015 347 1036 messem.
362 1008 395 1035 Et
407 1007 454 1042 qui
466 1007 554 1039 metit,
567 1006 724 1034 mercedem
735 1006 845 1041 accipit,
857 1010 887 1033 et
897 1012 1014 1040 congre-

218 1059 264 1090 gat
273 1054 391 1082 fructum
402 1053 431 1081 in
445 1054 529 1081 vitam
537 1057 666 1082 aeternam
676 1052 715 1085 ";
729 1062 737 1077 ι
747 1052 882 1079 etiterum
892 1050 1014 1078 :«Messis

218 1099 330 1134 quidem
341 1099 437 1130 multa,
448 1097 567 1133 operarii
580 1102 672 1125 autem
681 1097 771 1132 pauci;
782 1096 838 1132 99
845 1100 938 1132 rogate
949 1103 1014 1131 ergo

219 1144 363 1172 dominum
388 1143 496 1175 messis,
510 1147 543 1170 ut
567 1143 659 1170 mittat
674 1142 814 1178 operarios
837 1141 867 1169 in
894 1149 1013 1169 messem

220 1189 337 1217 suam".
353 1199 362 1215 ι
380 1189 506 1221 Messem,
527 1189 636 1224 opinor,
652 1188 835 1224 spiritualem,
855 1187 1012 1223 eorum‘qui

219 1235 350 1263 credituri
369 1238 463 1267 erant,
479 1234 685 1262 multitudinem
709 1234 880 1268 appellavit:
903 1238 1014 1261 sanctos

219 1287 285 1308 vero
305 1287 441 1308 messores
473 1287 523 1307 eos
545 1279 615 1307 dixit
638 1280 686 1314 qui
706 1279 831 1307 divinum
849 1279 965 1307 verbum
985 1279 1013 1306 in

219 1329 311 1353 mente
331 1332 363 1352 ac
380 1325 473 1360 lingua
489 1325 602 1357 habent,
620 1333 629 1350 ι
643 1325 718 1360 quod
733 1324 826 1352 vivum
844 1329 897 1357 est,
912 1329 940 1352 et
953 1324 1012 1352 eiii-

219 1378 280 1403 cax,
298 1375 325 1398 et
343 1370 543 1406 penetrabilius
558 1370 635 1397 omni
653 1370 745 1405 gladio
758 1370 872 1405 ancipiti
883 1391 890 1403 ,
909 1374 937 1398 et
952 1378 1013 1405 per-

219 1416 301 1451 tingit
313 1423 400 1451 usque
415 1416 450 1443 ad
468 1416 632 1443 divisionem
645 1416 742 1443 anima:
759 1423 791 1444 ac
803 1416 926 1451 spiritus,
939 1423 1013 1444 com-

219 1469 319 1497 pagum
339 1469 450 1496 quoque
478 1469 510 1488 ac
536 1461 718 1488 medullarum
735 1461 767 1487 '°.
793 1470 802 1486 δ
825 1460 902 1488 Area:
930 1468 1012 1496 porro

220 1507 342 1545 nomine,
362 1507 460 1534 beatus
480 1514 590 1542 quoque
603 1506 723 1541 Baptista
738 1506 900 1542 signiﬁcavit
919 1506 1013 1534 Eccle-

220 1552 300 1584 siam,
313 1559 376 1579 cum
389 1551 424 1579 de
431 1551 542 1579 Christo
552 1551 592 1578 sic
603 1551 674 1578 dixit
691 1559 698 1578 :
725 1561 734 1576 ι
748 1550 806 1586 Ego
818 1551 930 1586 quidem
940 1559 1010 1587 aqua

220 1597 330 1633 haptiao
349 1604 414 1631 vos;
444 1597 521 1625 venit
539 1601 631 1625 autem
648 1597 747 1625 fortior
765 1605 823 1630 me,
849 1598 928 1634 cujus
954 1605 1011 1625 non

220 1651 282 1671 sum
302 1644 401 1680 dignus
431 1644 537 1671 solvere
568 1643 713 1678 corrigiam
743 1644 1008 1672 calceamentorum:

221 1689 280 1724 ipse
298 1697 348 1717 vos
366 1689 517 1724 baptizabit
535 1689 564 1716 in
581 1689 687 1724 Spiritu
706 1693 802 1717 sancto
820 1694 848 1716 et
866 1690 940 1725 igni:
961 1697 1011 1717 cu-

219 1735 265 1770 jus
282 1735 468 1762 ventilabrum
483 1735 510 1761 in
525 1742 608 1762 manu
623 1743 672 1762 sua
683 1755 690 1768 ,
710 1738 738 1762 et
757 1735 902 1763 mundabit
920 1743 1012 1763 aream

221 1789 310 1813 suam,
329 1785 358 1808 et
373 1781 550 1816 congregabit
570 1781 694 1809 triticum
717 1789 798 1809 suum
822 1781 851 1808 in
869 1781 1012 1814 horreum,

221 1827 313 1862 paleas
337 1831 429 1854 autem
460 1827 604 1854 comburet
628 1827 685 1862 igni
714 1827 977 1862 inexstinguibili“.
1000 1837 1009 1853 ι

223 1873 298 1900 Hanc
310 1873 393 1908 igitur
412 1873 582 1908 spiritualem
598 1872 874 1905 aream,Ecclcsiam,
889 1872 1013 1908 inquam,

222 1919 290 1946 emit
307 1918 433 1946 Christus
453 1918 652 1953 quinquaginta
680 1918 773 1951 siclis,
797 1919 850 1946 hoc
877 1923 938 1951 est,
959 1926 1015 1946 non

222 1963 321 1999 exiguo
355 1964 444 1998 pretio
467 1972 474 1996 ;
510 1972 540 1990 se
560 1964 649 1998 ipsum
670 1971 789 1998 namque
809 1963 887 1991 dedit
906 1971 957 1999 pro
970 1972 1013 1997 ea,

224 2009 252 2036 in
269 2017 357 2044 eaque
372 2009 431 2038 ﬁxit
444 2010 548 2036 altare:
570 2017 688 2044 cumque
705 2009 777 2036 idem
797 2014 870 2037 esset
889 2010 1017 2038 sacerdos

226 2055 325 2091 (factus
337 2062 456 2089 namque
469 2059 511 2082 est
518 2054 642 2090 pontifex
656 2062 781 2082 summus
798 2055 923 2091 “),idem
934 2055 1016 2083 vieti-

225 2109 280 2133 ma,
301 2109 330 2128 se
343 2101 433 2136 ipsum
453 2101 564 2133 obtulit,
580 2105 708 2136 tanquam
723 2102 751 2128 in
771 2102 862 2137 specie
880 2109 912 2130 ac
931 2101 1017 2137 ﬁgura

224 2147 304 2174 vituli
317 2146 484 2179 triturantis,
495 2150 524 2173 et
534 2146 622 2174 factus
635 2152 677 2174 est
687 2147 876 2175 holocaustum
891 2152 918 2174 et
928 2147 1018 2175 hostia

1025 1535 1045 1564 C

1065 911 1136 948 λέγω
1153 913 1237 948 ὐμῖνο
1264 913 1400 948 Ἐπάρατε
1421 913 1483 945 τοὺς
1509 912 1664 947 ὀφθαλμοὺς
1690 913 1781 948 ὑμῶν,
1811 913 1861 939 καὶ

1064 959 1198 986 θεάσασθε
1211 959 1262 991 τὰς
1280 959 1382 995 χώρας,
1402 960 1441 986 ὅτι
1462 958 1557 986 λευκαί
1571 960 1623 986 εἰσι
1642 959 1710 994 πρὸς
1723 959 1861 995 θερισμὸν

1063 1005 1126 1040 ήδη.
1152 1004 1181 1031 ⁸0
1199 1004 1313 1041 θερίζων
1324 1004 1419 1040 μισθὸν
1436 1004 1580 1039 λαμϐάνει,
1601 1005 1648 1031 καὶ
1662 1004 1776 1039 συνάγει
1787 1013 1859 1040 καρ-

1064 1051 1116 1077 πὸν
1132 1052 1172 1084 είς
1189 1051 1262 1087 ζωὴν
1281 1050 1401 1078 αἰώνιον.
1417 1059 1426 1076 ›
1444 1051 1499 1078 Καὶ
1519 1051 1614 1078 πάλιν
1632 1060 1641 1077 ι
1664 1051 1692 1078 '0
1716 1051 1766 1086 μὲν
1783 1051 1859 1086 θερι-

1064 1098 1133 1133 σμδς
1151 1097 1245 1130 πολὺς,
1264 1098 1288 1124 oi
1308 1098 1336 1125 δὲ
1354 1097 1469 1133 ἐργάται
1485 1098 1579 1132 ὀλίγοι.
1605 1098 1725 1134 Δεήθητε
1741 1095 1790 1124 οὖν
1811 1098 1860 1125 τοῦ

1064 1143 1166 1180 Κυρίου
1177 1143 1224 1171 τοῦ
1233 1143 1375 1180 θερισμοῦ,
1386 1144 1429 1171 ἵνα
1440 1143 1543 1180 ἐκϐάλῃ
1552 1144 1671 1179 ἐργάτας
1679 1145 1719 1175 είς
1726 1144 1861 1179 θερισμὸν

1063 1189 1157 1217 αὑτοῦ.
1189 1199 1198 1215 ι
1229 1189 1381 1225 Θερισμὸν,
1413 1187 1506 1225 οἶμαι,
1531 1190 1578 1217 τὸν
1604 1190 1698 1226 νοητὸν
1724 1191 1777 1226 τὴν
1805 1190 1860 1217 τῶν

1065 1233 1217 1269 μελλόντων
1240 1233 1380 1261 πιστεύειν
1402 1233 1544 1270 ὀνομάζων
1569 1234 1690 1270 πληθὺν,
1718 1235 1817 1269 ἁγίους
1831 1234 1860 1261 δὲ

1063 1280 1190 1316 θεριστὰς
1216 1278 1285 1307 εἶναι
1311 1280 1398 1314 λέγων
1421 1281 1485 1313 τοὺς
1510 1282 1550 1314 είς
1576 1281 1638 1309 νοῦν
1658 1282 1706 1308 καὶ
1731 1281 1860 1315 γλῶτταν

1062 1327 1109 1353 τὸν
1125 1326 1198 1353 θεῖον
1215 1326 1326 1361 ἔχοντας
1337 1326 1426 1360 λόγον,
1439 1327 1468 1358 ὃς
1486 1328 1545 1354 ἐστι
1556 1326 1609 1359 ζῶν
1621 1335 1650 1354 τε
1664 1327 1712 1353 καὶ
1725 1327 1860 1362 ἐναργὴς.

1063 1373 1110 1399 καὶ
1129 1372 1288 1408 τομώτατος
1305 1372 1376 1408 ὑπὲρ
1394 1373 1484 1399 πᾶσαν
1499 1373 1636 1408 μάχαιραν
1650 1372 1790 1408 δίστομον,
1812 1371 1861 1398 καὶ

1062 1418 1247 1453 διικνούμενος
1257 1418 1321 1454 ἀχρι
1336 1418 1470 1453 μερισμοῦ
1484 1417 1572 1453 ψυχῆς
1585 1426 1615 1444 τε
1627 1417 1675 1445 καὶ
1689 1417 1860 1452 πνεύματος,

1062 1463 1160 1499 ἁρμῶν
1173 1471 1203 1490 τε
1219 1463 1266 1489 καὶ
1283 1463 1401 1499 μυελῶν.
1421 1472 1429 1488 ι
1451 1463 1577 1497 ὐνόματι
1596 1462 1624 1488 δὲ
1648 1461 1696 1496 τῆς
1722 1461 1782 1488 ἅλω
1812 1461 1861 1487 καὶ

1063 1509 1078 1535 ό
1096 1508 1232 1544 μακάριος
1257 1508 1412 1542 Βαπτιστὴς
1432 1507 1580 1542 κατεδήλον
1604 1507 1653 1542 τὴν
1681 1506 1860 1541 Ἐκκλησίαν,

1061 1555 1109 1582 ὡδί
1117 1563 1169 1581 που
1179 1554 1340 1590 λέγωνκπερὶ
1351 1553 1497 1590 Χριστοῦ-ι
1508 1553 1579 1587 Ἐγὼ
1590 1552 1639 1588 μὲν
1649 1551 1725 1578 ὕδατι
1734 1551 1862 1587 βαπτίζω

1062 1603 1151 1638 ὑμᾶς,
1181 1601 1292 1637 ἔρχεται
1308 1600 1337 1627 δὲ
1355 1602 1369 1627 ὁ
1391 1599 1564 1635 ἰσχυρότερός
1579 1607 1648 1634 μου,
1670 1595 1701 1626 οὗ
1722 1598 1775 1625 οὐκ
1801 1597 1860 1632 είμὶ

1063 1648 1153 1680 ίκανὺς
1176 1648 1255 1674 λῦσαι
1280 1647 1325 1674 τὸν
1353 1647 1452 1681 ίμάντα
1471 1646 1526 1673 τῶν
1549 1645 1730 1681 ὑποδημάτων
1757 1644 1859 1671 αὑτοῦ·

1062 1694 1143 1726 αὐτὸς
1163 1694 1235 1730 ὑμᾶς
1261 1692 1387 1728 βαπτίσει
1406 1693 1435 1719 ὲν
1456 1692 1595 1728 Πνεύματι
1615 1691 1685 1725 ἁγίῳ
1706 1692 1755 1718 καὶ
1773 1691 1859 1726 πυρί·

1063 1737 1093 1768 οὗ
1108 1740 1139 1767 τὸ
1155 1740 1239 1767 πτύον
1257 1741 1286 1767 ὲν
1303 1741 1336 1775 τῇ
1353 1739 1426 1774 χειρὶ
1448 1738 1543 1769 αὑτοῦ,
1556 1738 1603 1764 καὶ
1619 1737 1797 1772 διακαθαριεῖ
1811 1736 1862 1772 τὴν

1064 1787 1155 1814 ἆλωνα
1175 1785 1270 1818 αὑτοῦ,
1294 1785 1342 1812 καὶ
1365 1783 1474 1816 συνάξει
1492 1783 1538 1810 τὸν
1560 1784 1633 1810 σῖτον
1648 1782 1732 1809 αὐτοῦ
1753 1783 1794 1814 εὶς
1812 1781 1861 1816 τὴν

1065 1833 1220 1868 ἀποθήκην,
1235 1832 1266 1858 τδ
1278 1831 1307 1859 δὲ
1317 1831 1418 1866 ἄχυρον
1430 1829 1599 1857 κατακαύσει
1614 1829 1682 1864 πυρὶ
1693 1827 1832 1862 ἀσϐέστῳ.
1850 1837 1859 1854 ι

1065 1880 1175 1915 Ταύτην
1192 1876 1240 1906 οὖν
1255 1879 1310 1914 ἄρα
1325 1879 1374 1913 τὴν
1393 1877 1449 1904 an.)
1471 1876 1520 1912 τὴν
1537 1876 1647 1911 νοητὴν,
1669 1875 1742 1909 φημὶ
1763 1874 1796 1909 δὴ
1813 1875 1862 1909 τήν

1073 1925 1247 1961 Ἐκκλησίαν,
1265 1923 1410 1959 ἑξεπρίατο
1427 1922 1544 1958 Χριστὸς
1561 1921 1731 1957 πεντήκοντα
1748 1920 1860 1952 σίκλων,

1065 1972 1137 1999 τοῦτ’
1157 1971 1240 2003 ἐστιν,
1264 1970 1314 1997 οὐκ
1339 1969 1465 2004 ἐλαφρῶν
1484 1967 1649 2004 τιμημάτων
1661 1974 1668 1981 '
1692 1966 1790 1992 ἑαυτὸν
1807 1965 1862 2001 γὰρ

1066 2018 1183 2045 δέδωκεν
1200 2017 1270 2052 ὑπὲρ
1291 2016 1388 2050 αὐτῆς,
1403 2015 1450 2041 καὶ
1468 2014 1567 2048 ἔπηξεν
1583 2015 1612 2039 ὲν
1626 2013 1695 2048 αὐτῇ
1713 2013 1746 2038 τὸ
1764 2012 1861 2038 ουσια-

1069 2065 1188 2100 στήριοψ
1201 2063 1248 2090 καὶ
1260 2062 1374 2098 ἐπείπερ
1386 2060 1465 2092 αὐτός
1478 2060 1551 2085 ἔστιν
1568 2059 1582 2084 ὸ
1597 2058 1738 2094 ίερουργὸς
1753 2057 1860 2092 (γέγονε

1067 2109 1122 2146 γὰρ
1146 2108 1317 2145 ἀρχιερεὺς),
1340 2108 1387 2134 καὶ
1413 2106 1493 2138 αὐτὸς
1519 2105 1550 2132 τδ
1565 2105 1639 2140 θῦμα
1658 2103 1861 2140 προσεκόμισεν

1069 2156 1174 2187 ἑαυτὸν,
1194 2155 1231 2187 ὡς
1245 2155 1274 2181 ὲν
1292 2154 1356 2180 εῖδει
1372 2153 1420 2180 καλ¹
1432 2152 1510 2187 τύπῳ
1525 2151 1571 2178 τοῦ
1592 2151 1727 2181 ἀλοῶντος
1747 2149 1860 2184 μόσχου,

226 2192 350 2228 paciﬁca.
372 2192 485 2220 Solutus
510 2197 552 2220 est
570 2192 645 2219 enim
665 2193 711 2220 ille
730 2193 838 2221 medius
856 2194 948 2229 paries
968 2201 1012 2229 per

1070 2202 1117 2230 καὶ
1131 2202 1244 2237 γέγονεν
1260 2200 1442 2235 ὁλοκαύτωμα
1463 2199 1511 2226 καὶ
1525 2198 1651 2234 εἰρηνικὴ
1669 2196 1758 2223 θυσία.
1777 2196 1862 2222 Λέλυ-

225 2238 376 2271 Christum,
392 2242 420 2266 et
437 2238 485 2273 qui
512 2237 577 2265 olim
597 2238 727 2274 disjuneti
750 2247 782 2267 ac
800 2240 933 2275 segregati
952 2247 1015 2267 era-

226 2291 288 2310 mus
307 2283 412 2319 peccati
426 2284 521 2318 culpa,
541 2291 591 2318 per
605 2283 694 2319 ipsum
715 2289 743 2312 et
758 2285 786 2312 in
803 2285 863 2320 ipso
876 2293 939 2313 cum
958 2285 1015 2312 Deo

226 2331 255 2354 et
272 2327 352 2355 Patre
371 2328 574 2364 conjungimur,
588 2329 710 2364 antiquis
726 2329 781 2357 illis
800 2330 953 2358 inimicitiis
965 2338 1015 2357 ex—

226 2373 351 2401 stinctis:
367 2383 376 2399 (
390 2373 450 2410 Ipse
459 2378 502 2402 est
515 2375 588 2402 enim
600 2382 651 2410 pax
661 2379 754 2404 nostra
765 2376 798 2409 ”,
806 2385 816 2414 ly
828 2379 859 2404 ut
867 2375 1016 2411 Scriptura:

226 2424 371 2448 testantur.

261 2492 359 2521 PALL.
376 2493 497 2522 Vitulnm
506 2493 588 2530 igitur
602 2495 777 2523 triturantcm
792 2495 957 2524 intellecturi
972 2503 1019 2524 su-

226 2546 287 2566 mus
296 2539 457 2568 Christum?
474 2548 592 2576 quonam
606 2540 634 2568 id
648 2540 730 2568 modo
747 2540 878 2568 tandem?

259 2583 338 2612 CYR.
347 2585 388 2612 An
400 2585 597 2618 vero,Palladi,
605 2593 661 2612 non
669 2584 818 2613 vitulorum
831 2586 1019 2615 triturantium

225 2629 336 2657 nomine
350 2630 393 2658 lex
409 2630 493 2666 Moysi
507 2630 661 2666 discipulos.
675 2635 784 2658 sanctos
796 2631 963 2666 appellavit?
979 2632 1020 2660 sic

226 2675 299 2702 enim
323 2683 372 2711 per
394 2677 508 2712 aenigma
533 2676 618 2703 dixit:
641 2685 650 2700 ι
671 2675 731 2704 Non
755 2676 880 2712 alligabis
900 2685 931 2705 os
953 2678 1017 2706 bovi

227 2720 363 2748 trituranti
373 2723 405 2749 ⁸⁵.
423 2731 432 2748 ι
447 2721 526 2755 Quod
538 2722 626 2756 ipsum
637 2728 701 2748 cum
714 2721 919 2750 evidentissime
932 2722 1013 2750 intel-

224 2764 335 2794 lexisset
359 2767 457 2794 beatus
472 2766 584 2798 Paulus,
613 2766 651 2793 ait
667 2774 673 2793 :
698 2775 706 2792 ι
724 2766 854 2802 Nunquid
872 2768 906 2796 de
927 2769 1015 2797 bobus

262 2844 282 2859 "‘
291 2844 370 2870 Joan.
381 2851 417 2875 tv.
428 2843 472 2874 55,
492 2843 536 2870 36.

226 2887 254 2911 ιιι
277 2879 319 2906 14.
356 2879 466 2906 “Deut.
480 2886 541 2912 xxv,
560 2878 586 2905 4.

1068 2257 1112 2274 ται
1133 2247 1188 2282 γὰρ
1211 2246 1241 2273 τὸ
1264 2245 1429 2281 μεσολασοῠν
1454 2245 1482 2271 ὲν
1510 2242 1632 2279 Χριστῷ,
1657 2242 1706 2269 καὶ
1728 2242 1754 2268 ol
1777 2241 1860 2268 πάλαι

1068 2293 1242 2328 διεστηκότες
1258 2301 1288 2319 τε
1305 2292 1352 2318 καὶ
1374 2290 1563 2326 ἀφωρισμένοι
1589 2289 1634 2315 διὰ
1652 2287 1702 2323 τὴν
1722 2287 1860 2323 ἁμαρτίαν

1069 2338 1279 2375 συνεισδυόμεθα
1294 2338 1328 2365 δι’
1347 2337 1429 2364 αὑτοῦ
1445 2345 1474 2364 τε
1488 2336 1535 2363 καὶ¹
1550 2337 1580 2362 ὲν
1597 2334 1672 2369 αὐτῷ
1683 2333 1723 2369 τῷ
1737 2333 1799 2368 Θεῷ
1814 2334 1860 2360 καὶ

1070 2386 1169 2422 Ila-:91,
1191 2386 1242 2421 τὴν
1259 2383 1377 2421 ἀρχαίαν
1398 2383 1505 2417 εκείνην
1527 2380 1728 2410 καταλύσαντες
1747 2378 1857 2414 ἔχθραν.

1071 2432 1156 2464 Αὐτὸς
1171 2432 1225 2467 γᾴρ
1239 2433 1312 2458 ἐστιν
1329 2431 1346 2465 ἡ
1368 2431 1463 2465 εἰρήνη
1483 2427 1573 2464 ήμῶν,
1587 2427 1660 2454 κατά
1671 2426 1720 2457 τὰς
1734 2425 1856 2461 Γραφάς.

1105 2479 1208 2506 ΠΛΛΛ.
1228 2477 1337 2512 Μόσχον
1359 2474 1406 2502 οὖν
1430 2475 1484 2510 ἀρα
1513 2475 1644 2509 νοήσομεν
1666 2471 1714 2498 τὸν
1735 2470 1858 2498 ἀλοῶντα

1070 2526 1186 2562 Χριστόν
1197 2534 1203 2558 ;
1214 2523 1275 2551 τίνα
1291 2523 1391 2559 τρόπον
1407 2523 1474 2558 (pile;

1104 2583 1186 2610 ΚΥΡ.
1216 2582 1254 2608 Οὐ
1276 2581 1347 2616 γὰρ,
1364 2577 1387 2607 ὧ
1409 2579 1535 2615 φιλότης,
1557 2577 1674 2613 μόσχους
1701 2576 1767 2611 ἡμῖν
1797 2574 1856 2605 τοὺς

1068 2630 1203 2660 ἁλοῶντας
1216 2629 1230 2655 ὁ
1244 2627 1288 2654 διὰ
1303 2626 1425 2658 Μωσέως
1440 2625 1520 2661 νόμος
1534 2625 1597 2655 τοὺς
1618 2623 1713 2657 ἁγίους
1732 2621 1855 2656 ὠνόμασε

1069 2676 1209 2712 μαθητάς;
1231 2674 1282 2710 ἔφη
1304 2674 1357 2708 γὰρ
1382 2670 1606 2707 αἰνιγματωδῶς·
1638 2679 1647 2696 ι
1669 2669 1705 2695 Οὐ
1724 2668 1856 2703 φιμώσεις

1068 2723 1132 2758 βοῦν
1148 2721 1278 2749 ἀλοῶντα.
1301 2730 1310 2746 ι
1329 2721 1361 2746 Ὂ
1371 2719 1404 2755 δὴ
1425 2719 1472 2746 καὶ
1486 2717 1558 2753 μάλα
1578 2715 1672 2750 σαφῶς
1692 2711 1855 2748 ὲννενοηκὼς

1067 2769 1082 2796 ὁ
1096 2768 1231 2805 μακάριος
1247 2767 1353 2800 Παῦλος
1363 2775 1371 2781 ·
1392 2776 1401 2792 ι
1424 2765 1470 2800 Μὴ
1490 2763 1542 2790 τῶν
1550 2762 1622 2798 βοῶν
1637 2761 1711 2797 μέλει
1724 2759 1763 2794 τῷ
1782 2758 1854 2793 eae;

576 2843 701 2871 "Matth.
713 2851 752 2894 ιιζ
761 2844 805 2878 57,
823 2845 866 2874 38.
904 2847 926 2863 ³ο
943 2847 1012 2875 llebt

1070 2867 1076 2880 ,
1091 2847 1133 2874 12.
1158 2846 1179 2863 ¹¹
1190 2845 1256 2874 Luc.
1269 2853 1308 2877 ιιι,
1321 2843 1364 2876 16,
1379 2843 1421 2870 i7.
1459 2842 1481 2857 "
1492 2840 1577 2868 Hebr.
1593 2845 1629 2869 η,
1641 2835 1686 2863 ‘20.
1719 2835 1852 2871 "Ephes.
