1924 3043
73 138 120 166 995
416 135 460 162 DE
480 132 699 162 A‘DORATIONE
720 131 753 158 IN
772 130 906 159 SPiRlTU
928 130 971 157 ET
992 130 1175 159 VERITATE.
1196 132 1259 160 LIB.
1281 133 1324 160 IIl.
1645 135 1700 164 ’,τοι

75 199 105 226 Ἣ
116 198 148 224 δι’
166 196 242 232 ἡμᾶς
254 195 366 227 πάντως
382 194 471 229 λέγει;
487 194 523 219 Δι’
535 194 609 229 ἡμᾶς
619 192 673 228 γὰρ
683 192 802 227 ἐγράφη,
816 191 853 217 ὅτε

911 197 976 217 cura
998 194 1041 217 est
1058 191 1133 218 Deo?
1150 199 1184 218 an
1201 196 1312 226 propter
1327 199 1377 219 nos
1407 191 1501 226 utique
1524 191 1612 219 dicit?
1635 201 1701 228 pth

73 242 164 278 ὀψείλει
175 241 219 268 ἐπ’
236 240 327 267 ἐλπίδι
337 241 351 266 ό
366 239 500 276 ἀροτριῶν
509 239 648 274 ἀροτριᾷν,
661 237 705 264 καὶ
719 235 804 262 ἀλοῶν
817 236 853 262 ὲπ

911 241 972 271 pter
985 243 1035 263 nos
1049 238 1122 264 enim
1134 238 1267 272 scriptum
1284 242 1336 270 cst,
1355 237 1490 272 Quoniam
1511 238 1593 266 debet
1606 239 1633 266 in
1652 247 1700 274 spe

75 288 154 316 ἑλπίδι
164 287 212 314 τοῦ
227 286 365 322 μετέχειν.
380 295 390 311 ι
407 286 510 320 Μόσχοι
522 283 675 319 τοιγαροῦν,
693 283 753 310 κατ’
769 282 853 308 εἰκόνσ

911 290 992 309 arans
1001 290 1089 314 arare,
1099 288 1126 310 et
1135 283 1268 311 triturans
1280 285 1306 311 in
1319 291 1366 318 spe
1377 283 1560 319 participandi
1570 284 1603 312 κ.
1612 284 1700 312 Vituli

74 332 114 358 τοῦ
127 330 246 366 πρώτου,
260 330 335 358 τοῦτ’
349 330 417 362 ἔστι,
426 329 557 365 Χριστοῦ,
573 329 620 356 καὶ
633 329 658 354 οἰ
675 327 803 363 μακάριοι
813 335 853 362 μα

912 329 1005 363 itaque
1031 329 1064 356 ad
1082 329 1228 364 imaginem
1249 330 1323 357 illius
1344 330 1437 364 primi,
1458 330 1484 358 id
1509 335 1561 363 est,
1585 330 1699 364 Christi,

77 377 155 412 θηταί.
170 377 284 410 Μόσχος
303 376 332 402 δὲ
343 375 390 402 καὶ
401 375 502 410 ἑτέρως
512 373 636 409 ὰλωητὴς
651 374 665 400 ὁ
682 372 811 408 Χριστός·
826 372 851 398 δι

911 374 996 400 sancti
1017 382 1127 409 quoque
1145 374 1274 409 discipuli
1298 379 1372 402 sunt.
1398 375 1459 402 Alia
1482 377 1566 403 etiam
1592 376 1699 404 ratione

75 422 146 450 αὑτοῦ
158 422 211 457 γὰρ
223 422 241 457 ἡ
253 421 389 457 κάθαρσις
398 421 468 456 καὶὴ
483 420 536 446 τῶν
547 419 682 455 περιττῶν
691 418 853 454 πριγμὰτωι

908 420 1012 446 vitulus
1033 420 1165 447 triturans
1182 425 1224 447 est
1241 420 1383 448 Christus:
1401 430 1450 457 per
1470 422 1559 457 ipsum
1580 430 1700 458 namque

76 468 204 499 ἀπόθεσις,
230 467 435 503 περισπασμῶν
456 467 486 493 τέ
521 474 594 501 φημι
625 465 674 492 καὶ
700 464 754 490 τῶν
789 464 853 490 κατό

910 464 1036 505 purgatio
1051 464 1091 497 ﬁt,
1106 469 1135 492 et
1160 473 1426 500 supervacaneorum
1442 475 1555 502 operum
1566 489 1573 501 ,
1596 469 1699 496 distra-

74 515 112 540 τὸν
126 513 226 548 κόσμον
237 512 423 548 φρονημάτων
440 511 590 546 σαρκικῶν,
609 510 626 537 ἃ
639 511 685 537 καὶ
695 510 793 545 φλογός
805 510 853 535 εἰσι

910 510 1042 542 ctionum.
1067 511 1188 546 inquam,
1215 516 1243 538 et
1265 512 1466 540 mundanorum
1492 515 1699 550 camaliumque

75 560 163 597 τροφὴ,
176 559 308 594 καθάπερ
323 559 369 585 καὶ
382 558 412 586 τὸ
425 558 536 594 ἄχυρον.
558 557 759 593 Ἐγηγερμένου
774 556 802 583 δὲ
812 556 853 583 τοῐ

908 562 1039 582 sensuum
1052 555 1199 590 depositio,
1212 564 1272 591 qua:
1285 561 1349 584 sunt
1363 561 1393 584 ut
1403 558 1487 592 palea:
1497 567 1607 594 quoque
1621 561 1699 588 ﬁam-

75 605 270 641 θυσιαστηρίου,
285 605 328 640 ἐφ’
375 605 422 631 καὶ
432 603 557 640 εἰρηνικὴ
567 604 614 630 καὶ
623 603 654 630 τὸ
668 602 853 637 ὀλοκαύτωμα1

909 609 1015 629 marum
1026 602 1165 629 alimenta.
1175 603 1298 629 Excitato
1311 607 1404 630 autem
1423 604 1515 637 altari,
1530 612 1613 640 super
1626 607 1698 641 quod

75 654 171 680 λέλυται
184 653 216 679 τὸ
235 651 351 679 λυποῦν·
369 651 505 686 ἐπήκουσε
518 650 572 685 γὰρ
588 649 688 688 Κύριος
704 650 737 684 τῇ
749 650 794 684 γῇ,
813 649 853 675 καί

909 654 937 677 et
963 650 1075 685 paciﬁca
1093 650 1215 682 victima,
1231 655 1259 678 et
1283 651 1476 678 holocaustum
1500 652 1698 687 imponeretur.

76 699 215 734 συνεσχέθη
236 700 253 733 ἡ
273 698 399 733 θραῦσις.
421 696 532 723 Ἑαυτὸν
543 696 596 731 γὰρ
609 696 680 730 ὑπὲρ
692 695 853 734 ήμῶν-ἱερα-

908 696 1046 723 sublatum
1058 699 1100 723 est
1113 704 1234 731 prmsens
1252 697 1318 724 illud
1331 697 1433 724 malum
1448 706 1454 724 :
1471 698 1549 733 100
1562 699 1701 727 exaudivit

74 745 209 776 τεύσαντος
232 743 282 771 τοῦ
312 744 448 779 Χριστοῦ,
477 742 639 778 κατηργήθη
665 730 788 774 θάνατοξ,
810 741 853 767 καί

908 748 1027 775 namque
1048 730 1181 769 Dominus
1194 745 1304 774 terram,
1317 745 1345 769 et
1356 742 1478 769 cohibita
1489 746 1531 769 est
1542 743 1700 771 ruina.Nam

75 791 204 827 ἀνετράπη
220 789 323 825 φθορὰ,
337 789 445 824 ἕτοιμον
462 788 513 824 ἢδη
524 797 582 819 πως
599 789 658 818 ταῖς
674 786 802 814 ἁπάντων
815 785 853 812 εὖ·

908 790 1084 822 posteaquam
1096 787 1216 822 seipsum
1230 788 1372 826 pro‘nobis
1384 787 1549 815 sacriﬁcavit
1563 788 1700 822 Christus,

74 838 127 874 χαῖς
155 834 324 871 ὑποσχόντος
345 835 376 862 τὸ
392 833 439 867 οὖς
453 834 500 861 τοῦ
517 834 607 862 πάντα
628 833 762 868 ἰσχύοντος
778 831 853 859 Θεοῦ·

908 832 1009 859 abolita
1022 840 1096 859 mors
1111 837 1163 865 est,
1178 833 1302 861 sublatus
1314 833 1453 863 interitus.
1471 841 1534 860 cum
1553 834 1626 862 Deus
1640 842 1700 862 om-

79 860 149 909 2-:E‘E'.
390 860 447 913 σου,
461 860 554 916 ιρησὶνγ,
563 860 637 916 νὲριῖν
651 860 682 906 ’ἶί
698 860 788 911 tertii;
804 879 853 905 »Τέ

910 879 1037 913 nipotens
1050 883 1161 914 paratas
1175 879 1231 914 jam
1249 879 1453 914 quodammodo
1469 880 1596 907 omnium
1612 881 1702 908 homi~

75 929 99 955 δέ
111 937 140 963 γε
158 928 255 964 μικρὸν
267 925 381 954 εἶναιτὸ
396 928 423 953 ὲν
436 927 534 963 ἀρχαῖς
553 926 756 962 θυσιαστήριον,
773 934 853 960 προσ-

910 932 976 951 num
987 924 1119 958 precibus
1127 931 1208 951 aures
1221 924 1342 958 praebeat
1354 933 1360 951 :
1374 933 1384 949 ‹
1397 924 1487 952 adhuc
1498 928 1524 952 te
1532 925 1673 960 loquente,
1688 936 1696 951 ι

76 974 199 1001 τεθεῖσθαι
215 973 244 1000 δὲ
257 973 351 1008 λέγειν
365 973 477 1009 ὕστερον
494 972 578 1008 αὐτῷ,
593 973 643 1008 τὴν
661 972 732 998 κατὰ
745 972 853 1007 καιροὺς

910 970 1010 1005 inquit,
1024 979 1033 995 ι
1047 970 1148 1002 dicam,
1162 969 1233 1003 Quid
1245 973 1288 997 est
1300 970 1322 986 “
1334 970 1346 997 ?
1364 979 1372 996 ›
1387 969 1467 1004 Quod
1484 974 1576 998 autem
1595 971 1701 999 dictum

77 1019 197 1056 ἐσομένην
212 1019 269 1049 τοῦ
284 1018 451 1054 Εὑαγγελίου
476 1018 617 1054 προκοπὴν
639 1017 723 1053 δηλοῖ,
738 1018 786 1044 καὶ
804 1016 853 1043 τῶι

909 1019 961 1047 est,
989 1015 1077 1042 altare
1102 1023 1216 1050 parvum
1239 1015 1351 1050 quidem
1374 1015 1408 1042 ab
1429 1015 1510 1043 initio
1527 1016 1630 1049 fuisse,
1651 1017 1700 1044 sed

77 1067 152 1100 ἁγίων
181 1065 354 1101 Ἐκκλησιῶν
384 1065 415 1091 τὺ
444 1063 656 1099 συνεσταλμένον
681 1064 711 1090 ὲν
741 1063 853 1098 ἀρχαῖς,

909 1060 1020 1088 auctum
1034 1068 1094 1088 esse
1113 1062 1218 1096 postea,
1237 1061 1358 1088 futuram
1371 1061 1430 1088 suis
1448 1061 1621 1096 temporibus
1634 1069 1699 1097 pro-

78 1113 165 1144 πὶάτος
178 1112 206 1139 δὲ
217 1112 317 1148 ὥσπερ
345 1111 391 1139 καὶ
404 1112 432 1138 ἐν
446 1112 502 1143 τοῖς
516 1110 625 1146 ἑφεξῆς.
641 1109 791 1145 Εὑρύνεται
804 1109 853 1145 γὰρ

909 1106 1079 1141 gressionem
1098 1106 1249 1141 Evangelii,
1278 1110 1306 1133 et
1331 1111 1486 1134 sanctarum
1513 1107 1700 1136 Ecclesiarum

77 1157 125 1186 οἷον
136 1160 176 1186 ἀεὶ
189 1159 224 1185 τὰ
238 1159 432 1195 θυσιαστήρια,
449 1157 669 1194 προστιθεμένων
689 1155 853 1191 Ἑκκλησιῶι

908 1151 943 1178 ab
967 1151 1046 1178 initio
1064 1151 1214 1186 angustias,
1238 1151 1396 1179 earumdem
1426 1153 1606 1188 consequenti
1631 1158 1700 1181 tem-

77 1205 112 1231 ἀεί
120 1213 174 1237 πως
184 1206 243 1236 ταῖς
256 1205 382 1241 πρώταις
392 1205 503 1240 ἐτέρων,
520 1204 567 1231 καὶ
578 1204 617 1235 εἰς
628 1202 859 1238 πληθὺν-ἀμέτρη-

78 1259 115 1277 τον
125 1251 320 1286 ἐκτεινομένων
334 1250 389 1278 τῶν
403 1249 485 1282 λαῶν,
496 1249 521 1276 οἳ
535 1249 579 1276 διὰ
589 1249 640 1284 τῆς
651 1249 679 1275 ὲν
690 1247 800 1284 Χριστῷ
810 1247 857 1273 θυο

79 1297 129 1327 σίας
141 1296 335 1332 λελύτρωνται,
354 1296 434 1323 αὑτὸν
449 1295 556 1331 ἔχοντες
569 1293 710 1330 ἰερουργδν
723 1293 770 1320 καὶ
784 1292 859 1327 θῦμα

78 1342 104 1368 τὺ
118 1342 198 1376 ἅγιον,
218 1343 267 1368 καὶ
288 1341 404 1378 εὔοσμον
421 1341 608 1376 διακαθαϊρον,
632 1340 679 1367 καὶ
695 1340 733 1370 ὡς
745 1338 858 1373 ἀξιάγα-

79 1397 131 1414 στον
140 1389 343 1425 θυσιαστήριον,
358 1389 405 1416 καὶ
418 1388 455 1420 ὡς
469 1389 497 1415 ἐν
510 1387 576 1415 εἴδει
590 1387 639 1422 τῆς
654 1386 711 1413 ἅλω
727 1385 778 1420 τῆς
795 1385 857 1412 Ἐκ-

79 1435 179 1471 κλησίας
195 1435 343 1470 δεσπότην.

108 1567 205 1594 ΠΔΛΛ.
233 1567 280 1600 Ὠς
294 1567 385 1602 σαφής
396 1567 469 1593 ἐστιν
483 1565 530 1593 καὶ
540 1565 657 1602 ἐναργὴς
670 1566 683 1593 ὁ
694 1565 772 1600 λόγος
783 1574 792 1582 ·
807 1573 856 1592 πε-

79 1613 174 1649 ποίηται
191 1613 245 1650 γὰρ
260 1613 405 1649 εὐτέχνως.

108 1700 182 1728 ΚΥΡ.
200 1701 236 1727 Ἢ
247 1700 303 1736 γὰρ
314 1701 373 1736 οὐχὶ
388 1701 439 1728 κᾶν
450 1701 531 1734 αὐτὸς
541 1702 679 1734 ἐνδοιάσας
690 1701 774 1734 οὐδὲν,
788 1701 856 1736 ἔφης

78 1746 109 1777 ὡς
121 1747 173 1773 ἔστι
188 1746 310 1782 Χριστὸς
324 1747 341 1782 ὴ
357 1747 464 1774 πάντων
482 1747 539 1783 ζωὴ
555 1748 600 1774 καὶ
616 1748 766 1782 λύτρωσις;

110 1792 203 1819 ΠΑΛΛ.
217 1793 303 1828 Φαίην
318 1793 361 1825 ἂν,
376 1792 488 1820 ῐσθιτοι.
500 1794 592 1829 Φρονῶ
606 1794 660 1830 γὰρ
673 1793 731 1821 ὼδί.

108 1838 183 1866 ΚΥΡ.
201 1838 248 1871 Εἷς
266 1839 322 1874 γὰρ
344 1839 414 1874 ὑπὲρ
434 1840 543 1867 πάντων
569 1839 704 1866 ἀπέθανεν
719 1841 732 1866 ὁ
747 1840 855 1867 πάντων

78 1883 188 1916 ἀντάξιος
197 1893 204 1899 ·
215 1884 264 1911 καὶ
274 1883 324 1920 τὴν
337 1883 404 1911 ἰδίαν
415 1883 505 1919 ψυχὴν
529 1883 707 1920 ἀντάλλαγμα
717 1886 766 1920 τῆς
777 1885 855 1920 ἡμῶν

79 1928 219 1964 ἐποιήσατο,
231 1929 282 1964 τὴν
296 1928 343 1955 τοῦ
360 1928 482 1956 διαϐόλου
497 1929 661 1965 δυστροπίαν
679 1930 854 1962 ὲκδυσωπῶν,

79 1974 117 2000 κσδ
133 1974 209 2001 οἱονεὶ
230 1984 289 2008 πως
315 1974 392 2007 ἰστὰς
410 1975 460 2010 τῆς
486 1975 546 2002 καθ’
570 1975 648 2010 ἡμῶν
670 1976 854 2012 τυραννούσης

80 2020 200 2056 ἁμαρτίας
210 2021 260 2057 τὴν
282 2021 463 2057 κατάρῤησιν,
478 2021 526 2048 καὶ⁸
539 2021 587 2057 τὴν
603 2021 649 2048 ἐπὶ
659 2022 715 2053 τοῖς
727 2022 854 2049 ἁπάντων

79 2066 231 2102 ἐγκλήμασιν
245 2066 418 2102 ἁθυρογλωττ
424 2066 476 2092 ἰαν.

108 2153 201 2181 ΠΑΛΛ.
222 2153 290 2179 Τίνα
307 2152 360 2187 φῂς
371 2152 485 2187 τρόπον;

908 1205 976 1232 pore
988 1198 1197 1233 amplitudinem
1211 1198 1357 1233 signiﬁcat.
1371 1199 1526 1226 Dilatantur
1540 1200 1613 1226 enim
1630 1208 1700 1235 quo-

909 1244 1056 1273 dammodo
1066 1246 1094 1273 in
1105 1246 1164 1273 dies
1178 1246 1285 1279 altaria,
1297 1254 1359 1273 cum
1375 1254 1485 1282 semper
1499 1247 1560 1275 aliae
1569 1247 1701 1276 Ecclesiae

908 1290 1047 1324 prioribus
1071 1291 1248 1326 adjiciuntur,
1274 1295 1356 1327 atque
1374 1292 1402 1319 iu
1418 1292 1580 1320 immensam
1604 1294 1700 1320 multi-

908 1335 1032 1362 tudinem
1057 1340 1222 1363 excrescunt
1233 1337 1343 1372 populi,
1363 1337 1410 1372 qui
1431 1345 1480 1372 per
1494 1337 1597 1365 Christi
1614 1338 1700 1365 sacri-

908 1381 1001 1409 ﬁcium
1017 1381 1151 1417 redempti
1166 1386 1239 1414 sunt,
1251 1383 1406 1418 quibusque
1421 1383 1467 1411 ille
1485 1383 1558 1411 idem
1571 1383 1702 1412 sacerdos

907 1430 950 1454 est
965 1431 993 1454 et
1007 1427 1098 1454 hostia
1118 1431 1221 1459 sancta,
1233 1431 1261 1454 et
1273 1427 1409 1455 odorifera
1426 1436 1556 1463 purgans,
1567 1433 1596 1456 et
1612 1432 1643 1455 ut
1660 1429 1701 1456 al~v

908 1477 965 1501 tare
981 1473 1166 1506 sanctiﬁcans,
1184 1477 1210 1501 et
1226 1478 1256 1501 ut
1275 1474 1303 1501 in
1322 1481 1393 1501 areae
1405 1474 1496 1509 specie
1509 1474 1638 1503 Ecclesiae
1650 1475 1703 1503 do-

908 1520 1009 1547 minus.
1401 1540 1406 1544 .

944 1566 1042 1593 PALL.
1056 1565 1196 1593 Manifesta
1214 1573 1279 1593 sane
1291 1570 1319 1593 et
1336 1565 1451 1593 evidens
1471 1565 1622 1601 expositio:
1636 1574 1701 1593 nam

908 1611 1055 1639 artiﬁciose
1080 1611 1230 1646 composita
1244 1614 1294 1638 cst.

941 1657 1022 1684 CYR.
1037 1656 1109 1689 Quid
1134 1656 1220 1688 enim,
1238 1663 1330 1683 nonne
1354 1660 1384 1682 tu
1418 1655 1477 1691 ipse
1500 1664 1610 1691 quoque
1629 1657 1699 1684 nihil

907 1706 1052 1730 cunctatus
1070 1701 1237 1729 conﬁtebere
1245 1701 1385 1729 Christum
1400 1709 1461 1729 esse
1479 1702 1602 1729 omnium
1613 1702 1698 1730 vitam

907 1751 989 1782 atque
1007 1747 1244 1782 redemptionem?

938 1793 1036 1821 PALL.
1051 1793 1150 1820 Fateor
1165 1792 1294 1827 equidem
1307 1801 1314 1825 ;
1329 1792 1369 1819 sic
1381 1792 1456 1819 enim
1469 1793 1570 1820 sentio.

939 1839 1019 1867 CYR.
1038 1838 1115 1866 Unus
1128 1839 1201 1866 enim
1221 1846 1273 1874 pro
1288 1839 1417 1866 omnibus
1436 1842 1562 1866 mortuus
1580 1843 1632 1871 est,
1648 1838 1695 1875 qui

905 1892 956 1920 pro
964 1884 1101 1912 universis
1111 1885 1215 1920 justum
1227 1884 1348 1919 pretium
1361 1887 1432 1916 erat;
1445 1889 1475 1912 et
1484 1884 1603 1911 animam
1618 1892 1696 1911 suam

905 1931 1135 1966 permutationem
1149 1938 1199 1966 pro
1210 1935 1304 1958 nostra
1315 1930 1392 1958 dedit
1404 1939 1410 1957 :
1424 1938 1479 1966 quo
1494 1930 1577 1963 facto,
1592 1930 1696 1959 diaboli

904 1977 1113 2012 perversitatem
1124 1977 1305 2012 compescuit,
1316 1985 1347 2004 ac
1357 1976 1439 2004 modo
1451 1977 1569 2011 quodam
1576 1977 1695 2012 peccati,

904 2025 978 2060 quod
998 2025 1079 2052 nobis
1096 2024 1301 2056 dominabatur,
1325 2024 1558 2057 criminationem,
1573 2028 1600 2051 et
1621 2024 1695 2052 illam

904 2071 934 2098 in
958 2069 1082 2097 omnium
1101 2069 1244 2097 hominum
1262 2069 1352 2104 culpis
1379 2069 1541 2097 accusandis
1561 2069 1696 2098 etfrenem

903 2115 1024 2150 linguam
1040 2115 1175 2143 cohibuit.

939 2161 1038 2189 PALL.
1056 2161 1219 2194 Quomodo?

108 2198 182 2225 ΚΥΡ.
208 2198 320 2233 Ἐπειδὴ
343 2198 397 2234 γὰρ
416 2198 661 2233 βεὸασὶλευκεξτῶν
680 2199 726 2226 ἐπὶ
739 2199 789 2235 τῆς
802 2200 853 2235 γῆς

939 2206 1018 2235 CYR.
1038 2207 1117 2239 Nam,
1132 2214 1165 2235 ex
1177 2215 1231 2242 quo
1243 2206 1368 2242 regnavit
1380 2210 1523 2242 peccatum
1539 2215 1622 2243 super
1636 2216 1694 2235 οη]-

79 2243 224 2279 ήὰμαρτία,
247 2244 316 2271 πολὺ
337 2244 546 2272 διανενευκότων
568 2245 616 2271 ἐπὶ
636 2245 671 2272 τὰ
692 2246 797 2281 πονηρὰ
819 2248 852 2274 ὲκ

79 2289 197 2324 νώτητος,
213 2289 285 2317 καθὰ
298 2289 464 2325 γέγραπται,
478 2290 526 2317 καὶ
537 2290 675 2326 ἐπιμελῶς
688 2291 852 2328 ἐγκειμένης

78 2335 119 2370 τῆς
143 2336 265 2363 ἁπάντων
288 2336 401 2373 καρδίας
420 2337 468 2363 ἐπὶ
480 2336 510 2363 τὸ
526 2337 625 2373 χρῆναι
640 2338 688 2364 καὶ
707 2338 850 2373 βούλεσθαι

78 2382 210 2418 κατορθοῦν
234 2383 316 2416 αὐτὰ,
336 2382 523 2419 πεπτώκαμεν
548 2383 703 2418 ἀναγκαίως
728 2386 776 2412 καὶ
797 2385 851 2413 ὑπὸ

79 2427 179 2456 θανάτου
201 2429 289 2465 δίκην.
312 2429 404 2465 Νόμου
430 2430 485 2465 γὰρ
508 2429 581 2457 θείου
608 2430 776 2466 παράϐασις,
801 2433 850 2459 καὶ

79 2472 220 2509 θελημάτων
239 2475 367 2511 ἀθέτησις
383 2475 438 2502 τῶν
451 2475 635 2509 Δεσποτικῶν,
654 2477 769 2505 θάνατον
792 2478 849 2515 ἔχει

79 2519 119 2554 τὴν
135 2519 218 2556 δίκην.
238 2521 472 2557 Κατεφθαρμένην
489 2522 517 2548 δὲ
541 2521 612 2549 οὕτω
633 2523 683 2559 τὴν
704 2524 847 2559 ἀνθρώπου

80 2565 156 2598 φύσιν,
174 2567 323 2603 ὲπῴκτειρε
339 2567 387 2602 μὲν
401 2569 416 2594 ὁ
432 2568 612 2604 Δημιουργὸς,
634 2568 731 2603 γέγονε
750 2570 779 2597 δὲ
798 2571 848 2598 ἄν·

80 2609 172 2645 ϐρωπος
184 2613 367 2648 ὀΜονογενὴς,
383 2614 431 2640 καὶ
443 2613 484 2649 τῷ
496 2613 603 2650 θανάτῳ
618 2615 742 2649 φυσικῶς
756 2617 848 2652 ἐνεχό-

82 2663 148 2688 μενον
161 2658 297 2694 πεφόρηκε
318 2658 407 2694 σῶμα,
426 2659 474 2686 καὶ
492 2660 679 2695 κεχρημάτικε
699 2661 777 2697 σὰρξ,
803 2663 847 2690 ἵνα

81 2700 138 2736 ὑπὲρ
156 2703 230 2738 ἡμῶν
249 2704 367 2736 ἀνατλὰς
387 2704 432 2731 τὺν
448 2704 476 2738 ἐξ
492 2705 629 2740 ἁμαρτίας
644 2707 711 2742 ἡμῖν
726 2707 847 2744 ὲπαρτη-

82 2744 147 2773 θέντα
162 2747 280 2783 θάνατον,
292 2751 453 2787 καταργήσῃ
469 2750 518 2786 τὴν
533 2751 680 2788 ἁμαρτίαν,
693 2754 741 2780 καί¹
755 2755 847 2793 παύσῃ

113 2847 221 2877 "lCor.
235 2858 270 2884 Ix,
285 2851 312 2884 9,
333 2852 374 2880 10.
415 2854 436 2871 ’⁸
455 2856 622 2890 Isai.t.xv,l.
659 2857 680 2873 "
693 2857 879 2894 Genesi-1,5.

904 2259 954 2280 nes
980 2253 1027 2287 qui
1046 2252 1076 2279 in
1095 2252 1178 2279 terris
1202 2255 1363 2285 versantur,
1384 2259 1447 2279 cum
1474 2252 1591 2280 maxime
1612 2253 1693 2288 proni

904 2298 960 2325 sint
978 2298 1012 2325 ad
1030 2297 1102 2325 mala
1125 2297 1160 2325 ab
1179 2297 1363 2325 adolescentia
1375 2298 1410 2331 ’⁷,
1431 2302 1461 2325 ut
1487 2298 1619 2333 scriptum
1638 2303 1691 2331 est,

903 2348 930 2372 et
957 2344 1081 2372 omnium
1102 2344 1188 2372 corda
1209 2344 1355 2380 diligenter
1374 2343 1533 2371 incumbant
1555 2343 1589 2372 ad
1609 2343 1692 2379 perﬁ-

903 2389 993 2418 ciendi
1003 2390 1183 2422 voluntatem,
1194 2389 1350 2417 necessario
1362 2388 1459 2416 mortis
1472 2396 1580 2424 pcenam
1595 2389 1692 2416 incur—

902 2436 999 2462 rimus.
1018 2435 1098 2471 Legis
1110 2442 1228 2470 namque
1244 2434 1344 2462 divinae
1357 2426 1510 2467 violationi,
1526 2435 1691 2463 Dominicaz—

903 2489 956 2517 que
969 2481 1118 2508 voluntatis
1128 2480 1297 2516 contemptui
1308 2487 1387 2514 poena
1398 2480 1546 2508 constituta
1553 2485 1596 2508 est
1606 2488 1690 2508 mors.

903 2527 956 2555 Sed
968 2531 1122 2562 corruptam
1137 2526 1256 2554 hominis
1272 2530 1397 2554 naturam
1408 2531 1503 2554 auctor
1519 2526 1576 2562 ipse
1592 2527 1691 2555 miser—

903 2577 947 2600 tus
960 2577 1019 2606 est;
1031 2573 1122 2608 itaque
1137 2573 1182 2601 ille
1190 2572 1353 2608 Unigenitus
1365 2572 1454 2600 factus
1469 2577 1512 2600 est
1525 2572 1617 2607 homo,
1631 2581 1693 2601 cor.

898 2627 1003 2654 pusque
1025 2623 1123 2646 natura
1148 2619 1229 2646 morti
1253 2619 1402 2647 obnoxium
1428 2619 1554 2655 gestavit,
1571 2622 1600 2647 et
1625 2627 1690 2647 caro

897 2664 986 2693 factus
997 2670 1049 2698 est,
1063 2670 1093 2693 ut
1108 2669 1196 2693 morte
1213 2666 1336 2699 tolerata,
1347 2673 1408 2701 qua:
1422 2665 1526 2701 peccati
1542 2666 1621 2701 culpa
1637 2673 1690 2694 no-

898 2711 941 2738 bis
951 2711 1007 2747 jam
1022 2712 1194 2746 imminebat,
1207 2712 1360 2740 destrueret
1369 2717 1522 2748 peccatum,
1534 2720 1566 2740 ac
1577 2711 1690 2741 demum

899 2757 1005 2786 Satanae
1021 2760 1260 2789 criminationibus
1279 2760 1361 2789 ﬁnem
1387 2761 1540 2796 imponeret
1558 2769 1564 2786 :
1587 2759 1698 2803 quippe.
