1924 3043
208 134 262 161 205

701 129 728 156 S.
750 129 889 157 CYRILLI
909 121 1145 158 ALEXANDRINI
1164 130 1321 157 ARClllEP.

1787 126 1838 154 επ

213 197 275 217 cum
287 189 313 216 in
328 188 387 223 ipso
399 187 518 220 Christo,
531 192 713 223 peccatorum,
729 187 763 214 de
777 188 879 223 quibus
890 195 1000 215 accusa-

1066 188 1142 215 οιπδν
1153 187 1320 222 ἐγκαλοίντα
1330 187 1375 213 τὸν
1387 187 1517 218 Σατανᾶν,
1527 186 1564 218 ὡς
1575 185 1755 212 ὲκτετικότων
1764 184 1840 221 ἡμῶν

212 235 314 266 bimur,
334 241 428 269 pceuas
442 233 655 266 exsolverimus;
675 243 684 258 ι
707 234 777 273 tollit
797 234 870 261 enim
891 238 1001 269 peccata

213 285 316 312 nostra,
329 283 358 306 et
379 286 429 314 pro
449 279 530 306 nobis
551 279 655 306 dolet"
668 289 678 305 ι
700 279 776 315 juxta
794 280 935 315 propheta:
952 287 1000 306 vo—

213 333 283 354 cem.
291 324 369 359 101
379 324 419 351 An
428 332 482 352 non
492 324 565 352 enim
575 332 625 353 nos
634 325 720 352 livore
727 326 787 361 ejus
795 325 882 353 sanati
891 325 1002 353 sumus?

247 420 345 449 PALL.
366 420 466 448 Verum
487 420 566 448 dicis.
586 430 594 446 ι
612 421 776 448 \‘ulneratus
791 425 833 449 est
853 421 925 448 enim
941 429 1003 456 pro-

213 471 274 503 pter
293 471 406 501 peccata
429 471 540 499 nostra,
560 471 590 494 et
617 467 669 494 fuit
696 467 723 494 in
751 467 897 494 afﬂictione
928 470 956 494 et
974 466 1003 493 in

214 512 290 546 plaga
307 511 340 537 “.
359 521 368 536 ι

248 557 327 584 CYR.
349 557 492 584 Sublatum
517 557 600 593 igitur
621 562 663 585 est
683 557 717 585 de
736 557 827 594 medio
843 562 1001 592 peccatum.

214 607 391 638 posteaquam
408 610 459 638 pro
475 603 555 630 nobis
573 611 670 638 passus
693 608 736 630 est
757 602 894 635 Christus,
914 610 1003 637 neque

216 648 348 682 posthac,
367 649 476 684 opinor,
499 649 634 676 violenter
653 648 785 676 adversus
813 656 860 675 eos
885 648 934 687 qui
955 655 1004 683 per

214 693 355 721 Christum
376 693 536 721 sanetiticati
564 697 645 726 sunt,
668 693 866 721 vociferabitur
889 703 895 720 2
922 693 1004 728 idque

216 739 391 775 perspicuum
414 739 494 766 nobis
510 739 590 767 faciet
611 740 746 774 propheta
766 740 911 767 Zacharias
930 739 1005 767 velut

216 792 265 819 per
281 784 415 811 visionem
428 783 538 811 dicens:
557 785 605 811 ιΕι
613 784 698 812 exivit
707 785 830 820 angelus,
847 784 894 819 qui
907 784 1004 819 loque-

216 830 297 858 batur
316 830 344 858 in
361 837 415 863 me,
433 835 461 858 et
474 831 543 858 dixit
560 831 593 858 ad
609 839 652 859 me
673 839 679 858 :
704 831 818 866 Respice
837 831 924 859 oeulis
938 831 1002 863 tuis,

1054 235 1083 260 έν
1097 233 1172 267 αὐτῷ
1194 233 1234 269 τῷ
1258 232 1367 268 Χριστῷ
1385 232 1438 259 τῶν
1452 233 1492 263 εἰς
1511 231 1646 267 ἁμαρτίαν
1670 231 1841 266 autem.»

1055 279 1104 311 τὰς
1120 279 1197 311 δίκας
1207 288 1213 294 ·
1230 289 1239 305 ι
1254 279 1327 314 αἴρει
1337 279 1390 314 γὰρ
1405 278 1484 314 ἡμῶν
1494 278 1543 309 τὰς
1555 278 1704 313 ἁμαρτίας,
1718 277 1767 304 καὶ
1779 278 1842 313 περὶ

1055 326 1134 361 ἡμῶν
1149 325 1285 358 ὀδυνᾶται,
1301 334 1310 351 ι
1334 325 1404 352 κατὰ
1421 324 1470 360 τὴν
1480 323 1525 351 τοῦ
1541 325 1680 360 προφήτου
1692 324 1798 360 φωνήν.
1808 325 1843 351 Ἦ

1055 369 1117 404 οὐχὶ
1130 368 1169 404 τῷ
1182 368 1296 403 μώλωπι
1313 367 1396 394 αὑτοῦ
1419 368 1499 403 ἡμεῖς
1511 366 1644 403 ίάθημενς

1091 414 1194 441 ΠΑΛΛ.
1222 413 1343 448 Ἀληθές.
1368 423 1377 439 ι
1398 413 1616 449 Ἐτραυματίσθη
1630 412 1686 448 γὰρ
1699 412 1772 448 ὑπὲρ
1790 413 1845 440 τῶν

1056 459 1198 496 ἁμαρτιῶν
1229 459 1317 495 ἡμῶν.
1346 459 1392 485 καὶ
1415 459 1527 494 γέγονεν
1556 459 1585 485 ὲν
1602 457 1733 493 κακώσει.
1747 457 1797 484 καὶ
1817 458 1844 484 ὲν

1056 506 1157 533 πληγῆ.
1178 515 1187 531 ›

1091 507 1308 578 ἒξῇέ.›Λέλυται
1323 549 1412 575 τοίνυν
1429 549 1446 584 ἡ
1467 547 1600 584 ἁμαρτία,
1613 545 1732 582 Χριστοῦ
1745 545 1846 573 παθόν-

1056 605 1101 628 τος
1113 596 1182 632 ὑπὲρ
1196 595 1288 631 ἡμῶν,
1302 595 1348 622 καὶ
1358 594 1408 622 οὐκ
1422 594 1455 621 ἂν
1467 591 1543 629 οἶμαι
1551 593 1750 628 καταϐοήσειεν
1761 593 1844 626 ἀναγ-

1057 641 1143 672 καίως
1151 640 1191 666 ἔτι
1198 640 1252 667 τῶν
1262 639 1434 676 ἡγιασμένων
1444 639 1487 665 διὰ
1495 638 1624 674 Χριστοῦ,
1637 638 1683 664 καὶ
1692 637 1775 664 τοῦτο
1783 638 1845 672 ἡμῖν

1057 685 1180 718 διαδείξει
1196 685 1288 720 σαφῶς
1307 686 1321 712 ὁ
1338 685 1480 721 προφήτης
1502 683 1639 719 Ζαχαρίας
1655 683 1693 715 ὡς
1708 684 1736 709 ὲν
1751 683 1845 718 ὁράσει

1058 732 1157 766 λέγων·
1175 741 1185 757 ι
1204 731 1260 758 Kal
1280 730 1392 765 ἐξῆλθεν
1413 731 1428 756 ὸ
1452 729 1565 764 ἄγγελος
1581 729 1596 755 ό
1609 728 1699 755 λαλῶν
1724 729 1754 754 ὲν
1774 727 1843 763 ἐμοὶ,

1059 779 1106 806 καὶ
1128 776 1272 813 εἷπε¹πρός
1288 785 1340 812 με·
1367 775 1530 811 ’Δνάσλεψον
1548 776 1604 806 τοῖς
1619 774 1769 810 ὀφθαλμοῖς
1789 782 1844 803 σου,

1058 825 1108 852 καὶ
1122 825 1159 852 ἴδε
1172 824 1201 851 τὸ
1216 823 1432 859 ἐκπορευόμενον
1447 822 1535 849 τοῦτο.
1552 822 1608 848 Kal
1621 819 1704 853 εἶπας
1721 821 1755 847 Τί
1769 822 1845 852 tm;

216 881 244 903 et
257 877 320 904 vide
335 877 388 904 hoc
400 877 473 912 quod
488 877 623 912 procedit.
647 878 682 905 Et
697 877 769 905 dixi:
781 877 852 911 Quid
864 878 931 905 illud
945 878 1005 906 est?

1065 872 1104 898 cal
1124 868 1202 897 εἶπε“
1219 869 1304 896 Τοῦτο
1316 869 1346 896 τὺ
1374 869 1472 904 μέτρον
1493 868 1524 894 τὸ
1546 867 1773 903 ὲκπορευόμενον.
1794 866 1848 892 Καὶ

216 927 245 950 et
261 923 331 950 dixit
347 932 353 950 :
367 923 431 951 Hiee
446 928 488 950 est
502 931 631 950 mensura
644 931 704 959 qua:
717 923 851 958 procedit.
868 924 903 951 Et
918 924 1003 951 dixit:

217 968 281 996 llaec
297 974 339 996 est
356 968 487 1003 iniquitas
500 976 597 995 eorum
610 968 637 995 in
653 969 780 996 universa
799 972 881 995 terra.
896 969 930 996 Et
943 976 1007 996 ecce

219 1014 353 1041 talentum
367 1013 475 1048 plumbi
491 1014 639 1046 elevatum,
655 1018 683 1041 et
694 1022 758 1041 ecce
774 1022 827 1041 una
847 1014 945 1041 mulier
962 1022 1006 1042 se-

218 1058 302 1086 debat
312 1059 339 1085 in
351 1058 441 1086 medio
450 1066 595 1091 mensum,
610 1062 638 1086 et
652 1058 894 1094 projecitlapidem
902 1059 1007 1094 plumbi

220 1105 248 1132 in
269 1112 300 1131 os
313 1105 374 1140 ejus
393 1113 399 1131 ε
421 1109 448 1132 et
462 1104 550 1131 levavi
565 1104 660 1131 oculos
682 1112 768 1137 meos,
780 1110 808 1132 et
824 1105 891 1138 vidi,
903 1109 931 1132 et
944 1113 1008 1132 ecce

220 1148 281 1176 dua:
291 1149 421 1176 mulieres
434 1148 623 1183 procedentes,
632 1153 661 1176 et
673 1149 785 1184 spiritus
793 1149 820 1177 in
837 1150 889 1177 alis
901 1158 1006 1183 earum,

219 1199 247 1221 et
260 1195 302 1222 hat
323 1195 461 1221 habebant
474 1194 531 1221 alas
545 1198 575 1221 ut
592 1194 650 1222 alas
665 1203 764 1230 upupa:
774 1215 782 1227 ,
797 1201 825 1223 et
835 1197 1009 1224 sustulerunt

220 1248 375 1267 mensuram
389 1240 461 1266 inter
483 1244 583 1268 terram
597 1245 625 1267 et
645 1241 744 1267 malum
763 1250 770 1267 ε
790 1246 818 1268 et
833 1241 888 1268 dixi
907 1241 940 1268 ad
959 1250 1009 1268 an-

219 1285 309 1317 gelum
323 1285 370 1320 qui
384 1285 549 1320 loquebatur
571 1285 598 1312 in
614 1293 658 1312 me
676 1295 682 1312 :
695 1285 754 1318 Quo
770 1287 811 1313 ha:
825 1286 916 1313 ferunt
931 1295 1008 1314 men-

220 1328 331 1355 suram?
347 1329 380 1355 Et
402 1328 471 1355 dixit
493 1328 527 1355 ad
549 1337 592 1356 me
614 1339 619 1356 :
641 1330 675 1357 Ut
693 1330 830 1358 aediﬁcent
849 1331 873 1358 ei
899 1331 1010 1358 domum

221 1374 248 1400 iu
267 1379 338 1401 terra
353 1374 508 1409 Babylonis,
526 1378 554 1400 et
565 1379 729 1409 praeparent,
748 1379 777 1402 et
789 1376 924 1403 collocent
936 1376 1010 1403 illam

221 1419 259 1446 ibi
278 1419 305 1446 in
327 1419 525 1454 prmparatione
547 1420 607 1454 ejus
623 1420 654 1446 ³ο.
681 1430 689 1446 ι
717 1421 797 1448 Visne
816 1424 845 1447 ut
866 1429 963 1448 rursus
977 1421 1011 1449 de

222 1463 337 1499 singulis
349 1463 535 1496 disseramus,
554 1468 592 1497 et,
611 1469 743 1500 quantum
756 1465 836 1493 nobis
851 1466 924 1498 licet,
943 1474 1012 1494 con—

221 1509 396 1537 sideremus?

256 1555 356 1583 PALL.
369 1556 484 1582 Maxime
499 1564 573 1583 vero.

257 1601 336 1629 CYR.
359 1602 515 1629 Mensuram
541 1602 704 1637 quamdam,
729 1611 790 1637 qua:
807 1603 841 1630 ab
859 1604 1012 1631 Jerusalem

222 1647 324 1678 exibat,
345 1646 413 1674 vidit
430 1647 574 1683 propheta,
593 1647 754 1683 rogantique
768 1649 833 1683 quid
850 1649 917 1676 illud
930 1653 1011 1682 esset,

223 1692 365 1727 respondit
382 1692 512 1727 angelus:
530 1703 538 1718 ‹
557 1692 620 1720 llzee
637 1698 677 1720 est
695 1693 825 1728 iniquitas
851 1694 972 1729 ipsorum
985 1694 1013 1721 in

226 1737 352 1765 universa
375 1742 449 1765 terra
462 1738 482 1753 ³¹
497 1747 503 1764 :
519 1748 526 1763 ι
545 1737 623 1771 Quod
641 1739 758 1773 perinde
778 1744 822 1766 est
845 1747 876 1766 ac
890 1739 912 1766 si
928 1739 1014 1766 dixis—

223 1788 276 1816 set,
289 1783 345 1811 Hac
360 1792 489 1812 mensura
503 1784 596 1811 omnia
605 1785 798 1820 appenduntur
807 1790 928 1821 peccata,
939 1793 1014 1820 quze-
1028 1788 1033 1798 ‘

223 1837 333 1865 cunque
351 1837 401 1864 per
424 1831 581 1858 universam
604 1835 706 1858 terram
728 1831 843 1866 singulis
858 1831 1015 1866 quibusque

225 1876 397 1911 temporibus
414 1881 615 1912 perpetrantur.
638 1877 689 1905 Ubi
705 1877 780 1904 enim
802 1882 895 1905 nostra
906 1883 1016 1913 peccata

225 1930 313 1958 usque
334 1923 368 1949 ad
393 1923 565 1958 manifestam
583 1924 759 1957 pervenerint
782 1923 1015 1958 magnitudinem,

225 1973 283 1996 tum
294 1976 361 1995 vero
376 1968 498 1994 oll‘ensus
508 1975 603 2002 poenas
617 1975 632 1994 a
644 1967 725 1994 nobis
740 1969 840 2002 repetit
851 1969 909 2004 ipse
927 1970 1016 2006 legum

226 2013 353 2041 conditor
370 2023 375 2039 :
395 2013 555 2048 frequenter
578 2017 669 2040 autem
697 2014 778 2041 insita
795 2015 914 2048 quadam
938 2016 1017 2044 beni-

226 2058 330 2094 gnitate
345 2059 453 2090 tolerat,
471 2062 671 2093 peccantesque
694 2059 827 2092 sustinet;
842 2068 940 2095 neque,
967 2070 1016 2089 an-

227 2110 336 2138 tequam
360 2103 396 2130 sit
417 2104 515 2131 modus
541 2104 704 2138 completus,
728 2106 881 2133 universam
903 2107 1018 2135 ell‘undit

229 2149 306 2175 iram.
319 2149 412 2183 Itaque
427 2149 637 2176 dixitAbrahze:
658 2158 666 2174 ί
681 2149 807 2177 Nondum
821 2151 894 2178 enim
906 2151 1016 2187 impleta

228 2199 292 2221 sunt
308 2198 418 2229 peccata
436 2195 656 2222 Amorrhazorum
673 2203 758 2231 usque
771 2197 861 2224 adhuc
872 2198 904 2224 ".
924 2207 932 2224 ι
946 2198 1017 2225 Pha-

230 2241 315 2268 risaeis
334 2245 436 2274 autem,
452 2241 639 2276 quieﬂ‘renate
656 2242 732 2270 illum
747 2242 938 2277 offendissent,
950 2245 1018 2272 dixit

229 2286 372 2314 Christus:
395 2297 403 2313 ε
426 2287 459 2315 Et
474 2295 522 2315 vos
538 2288 648 2323 implete
666 2281 823 2316 mensuram
844 2294 952 2325 patrum
970 2299 1018 2318 ve-

230 2337 349 2360 strorum
365 2333 397 2361 ³³.
419 2343 426 2358 ι
446 2333 615 2361 Procedente
632 2335 715 2369 igitur
725 2343 869 2368 mensura,
885 2336 1017 2364 talentum

230 2378 333 2414 plumbi
357 2379 502 2411 attollitur,
524 2379 700 2414 injiciturque
727 2380 754 2407 in
779 2381 899 2408 medium
921 2382 1020 2409 mulier

231 2432 291 2459 qua:
312 2431 468 2451 mensuram
493 2423 638 2457 impleret,
657 2432 718 2459 quae
742 2425 825 2452 etiam
847 2433 894 2452 ore
912 2426 1018 2460 plumbi

231 2469 348 2505 lapidem
358 2469 481 2504 excepit;
498 2469 597 2496 deinde
606 2470 814 2505 inquitdivinus
828 2471 873 2499 ille
888 2472 1017 2507 angelus:

231 2516 294 2543 "me
306 2519 349 2542 est
363 2514 503 2549 iniquitas.

269 2551 355 2594 102'
368 2558 467 2586 PAlrL.
483 2558 542 2587 Non
555 2565 596 2588 est
613 2561 702 2588 adhuc
718 2563 783 2590 satis
801 2562 963 2598 perspicuus
974 2563 1018 2591 hic

232 2605 378 2640 Scriptum
394 2605 481 2632 locus.

267 2650 345 2677 ΟΥΕ.
366 2649 420 2677 Sed
439 2650 491 2678 erit
521 2651 652 2687 profecto,
672 2659 754 2688 atque
776 2654 850 2682 haud
871 2655 910 2682 ita
931 2655 1017 2682 multo

233 2700 294 2732 post
307 2705 313 2722 :
328 2702 391 2722 nam
403 2696 507 2730 plumbi
526 2698 658 2726 talentum
673 2700 730 2734 ipse
746 2699 873 2728 Christus
888 2705 940 2734 est,
956 2701 1017 2735 opi-

233 2749 294 2774 nor,
309 2741 355 2775 qui
386 2742 520 2770 attollitur
536 2744 646 2778 quidem
660 2765 666 2776 ,
690 2745 716 2772 id
739 2745 789 2778 est,
811 2745 946 2773 exaltatur
969 2753 1018 2780 per

1056 917 1150 945 εἷπεν·
1177 917 1252 952 Αὕτη
1273 918 1290 952 ἡ
1313 915 1404 943 ἀδικία
1419 915 1507 943 αὐτῶν
1528 914 1558 941 ὲν
1574 914 1648 949 πάσῃ
1668 914 1701 948 τῇ
1721 914 1768 948 γῇ.
1792 912 1848 939 Kal

1059 964 1112 991 ἰδοὺ
1138 963 1269 990 τάλαντον
1297 961 1421 997 μολίϐδου
1443 960 1627 996 ἑξαιρόμενον,
1655 959 1701 986 καὶ
1726 958 1782 985 ἰδοὺ
1800 958 1847 993 μία

1057 1009 1125 1044 γυνὴ
1139 1008 1256 1043 ἐκάθητο
1277 1008 1306 1034 ὲν
1327 1007 1401 1043 μέσῳ
1419 1006 1465 1033 τοῦ
1487 1006 1586 1042 μέτρου
1597 1014 1603 1020 ·
1620 1006 1667 1036 καὶ
1683 1004 1780 1040 ἔρριψε
1802 1003 1847 1030 τὸν

1057 1054 1130 1081 λίθον
1145 1053 1191 1081 τοῦ
1207 1053 1331 1089 μολίϐδου
1344 1054 1384 1085 είς
1396 1053 1427 1080 τὺ
1440 1052 1527 1088 στόμα
1542 1051 1642 1086 αὑτῆς’
1655 1051 1702 1078 καὶ
1714 1048 1772 1086 ἦρα
1784 1051 1849 1082 τοὺς

1061 1100 1227 1136 ὀφθαλμοὺς,
1246 1100 1293 1126 καὶ
1308 1097 1376 1125 εῐδον
1389 1106 1396 1113 ·
1414 1099 1462 1125 καὶ
1477 1098 1531 1124 ἰδοὺ
1555 1097 1601 1124 δύο
1617 1097 1745 1131 γυναῖκες
1766 1096 1849 1122 ἐκπο-

1059 1145 1213 1182 ρευόμεναι,
1230 1144 1277 1171 καὶ
1294 1143 1402 1179 πνεῦμα
1413 1144 1443 1170 ὲν
1456 1144 1516 1174 ταῖς
1535 1141 1768 1177 πτέρυξιν,αὒτῶν
1779 1150 1786 1157 ι
1803 1142 1849 1168 καὶ

1058 1188 1137 1218 αὗται
1163 1191 1237 1226 εἶχον
1265 1190 1404 1225 πτέρυγας
1427 1188 1464 1220 ὡς
1490 1187 1624 1224 πτέρυγες
1650 1187 1772 1218 ἔποπος·
1802 1188 1850 1213 καὶ

1058 1235 1188 1263 ἀνέλαϐον
1211 1235 1242 1262 τὺ
1270 1234 1369 1270 μέτρον
1393 1233 1445 1260 ἀνὰ
1463 1233 1545 1267 μέσον
1570 1233 1619 1268 τῆς
1646 1233 1707 1267 γῆς,
1727 1232 1776 1259 καὶ
1797 1232 1850 1259 ἀνὰ

1060 1282 1142 1317 μέσον
1158 1281 1204 1308 τοῦ
1219 1280 1344 1317 οὐρανοῦ.
1359 1280 1413 1307 Kal
1429 1277 1494 1306 εἶπα
1515 1279 1582 1315 προς
1601 1278 1646 1305 τὸν
1669 1278 1786 1312 ἄγγελον
1806 1278 1849 1304 τον

1060 1326 1191 1353 λαλοῦντα
1204 1327 1231 1353 ὲν
1246 1325 1307 1361 ἐμοί
1318 1335 1324 1341 ·
1339 1325 1393 1353 Ποῦ
1407 1321 1487 1352 αὗται
1503 1324 1670 1360 ἀποφέρουσι
1685 1323 1715 1350 τὸ
1732 1324 1850 1359 μέτρον;

1061 1373 1117 1400 Kal
1135 1371 1195 1399 εἷπε
1210 1371 1278 1408 πρός
1295 1379 1343 1406 με·
1368 1370 1551 1406 Οἱκοδομῆσαι
1577 1369 1650 1405 αὑτῷ
1664 1369 1755 1396 οἰκίαν
1769 1370 1798 1394 ὲν
1815 1371 1850 1403 γῇ

1061 1419 1231 1450 Βαϐυλῶνος,
1256 1419 1301 1445 xal
1320 1418 1472 1453 ἑτοιμάσαι,
1490 1417 1536 1443 καὶ
1559 1417 1686 1451 θήσουσιν
1710 1416 1778 1442 αὐτὸ
1794 1417 1853 1442 ἐκεῖ

1062 1466 1108 1491 ἐπὶ
1122 1466 1171 1500 τὴν
1189 1465 1347 1500 ἐτοιμασίαν
1363 1464 1457 1491 αὐτοῦ.
1476 1473 1484 1489 ι
1498 1463 1592 1489 Βούλει
1615 1462 1740 1498 λέγωμεν
1760 1462 1796 1488 τὰ
1811 1463 1853 1496 ἐφ’

1063 1512 1171 1547 ἑκάστῳ
1184 1511 1274 1544 πάλιν,
1294 1511 1341 1538 xal
1360 1510 1506 1546 Θεωρῶμεν
1521 1509 1557 1542 ὡς
1572 1509 1628 1543 Evt;

1026 1548 1047 1577 ο
1099 1558 1203 1584 nam.
1221 1557 1294 1584 nam
1310 1556 1358 1592 μὲν
1371 1554 1428 1583 οὖν.

1098 1603 1181 1630 ΚΥΡ.
1203 1602 1310 1638 Μέτρον
1325 1599 1356 1628 ’τι
1376 1601 1426 1637 τῆς
1455 1601 1634 1636 Ἰερουσαλὴμ
1655 1599 1786 1636 έκτρέχον
1809 1608 1855 1626 τε·

1067 1648 1159 1675 θέαται
1177 1647 1226 1682 μὲν
1242 1647 1255 1672 ὁ
1269 1647 1422 1681 προφήτης,
1440 1646 1562 1681 ἐρομένῳ
1575 1645 1602 1672 δὲ
1619 1646 1632 1672 ὃ
1643 1646 1676 1679 τί,
1693 1646 1751 1671 ποτ’
1769 1646 1853 1677 ἐστιν,

1065 1696 1078 1722 ὁ
1097 1694 1212 1729 ἄγγελος
1228 1693 1280 1729 ἔφη
1291 1701 1298 1709 ·
1314 1703 1322 1719 ι
1341 1692 1414 1728 Αὕτη
1432 1693 1449 1728 ἡ
1466 1692 1557 1719 ἀδικία
1577 1691 1665 1718 αὐτῶν
1684 1693 1713 1718 ιν
1729 1692 1806 1727 πάσῃ
1820 1692 1854 1726 τῇ

1065 1743 1110 1776 γῇ.
1131 1750 1140 1766 ι
1158 1741 1270 1775 Ὅμοιον
1289 1740 1328 1772 δὲ,
1343 1740 1380 1771 ὼς
1405 1740 1429 1766 εί
1449 1739 1525 1773 λέγοι
1544 1738 1636 1774 τυχόνο
1663 1739 1708 1764 Ἐν
1731 1738 1801 1773 τῷδε
1817 1737 1855 1771 τῷ

1068 1788 1158 1823 μέτρῳ
1175 1787 1314 1822 μετρεῖται
1329 1786 1385 1812 τῶν
1401 1785 1453 1813 ἀνὰ
1468 1786 1558 1812 πᾶσαν
1581 1784 1629 1820 τὴν
1651 1785 1702 1819 γῆν
1721 1785 1757 1811 τὰ
1784 1785 1855 1811 κατὰ

1067 1832 1180 1868 καιροὺς
1203 1831 1437 1867 πλημμελήματα.
1464 1831 1553 1866 Μέχρι
1574 1830 1629 1866 γὰρ
1648 1830 1681 1865 δὴ
1704 1829 1855 1864 ποσότητος

1067 1879 1188 1914 φανερᾶς
1200 1877 1320 1913 ἡκούσης
1331 1877 1408 1912 ἡμῶν
1421 1878 1470 1912 τῆς
1483 1876 1630 1912 ἁμαρτίας,
1641 1875 1739 1910 ἐπάγει
1749 1875 1782 1912 δὴ
1793 1876 1854 1902 τότε

1067 1925 1116 1957 τὰς
1137 1925 1214 1956 δίκας
1230 1923 1415 1959 λελυπημένος
1428 1923 1443 1950 ό
1459 1923 1620 1958 νομοθέτης·
1637 1922 1814 1958 διακαρτερεῖ
1828 1922 1855 1948 δὲ

1068 1971 1198 2002 πολλάκις
1222 1970 1252 2004 ἑξ
1271 1970 1393 2005 ἐμφύτου
1415 1969 1627 2004 φιλανθρωπίας,
1654 1968 1702 1995 καὶ
1726 1967 1856 2004 πλημμε-

1067 2017 1184 2044 λούντων
1201 2017 1337 2051 ἀνέχεται,
1353 2016 1407 2051 πρὸ
1423 2015 1473 2050 τῆς
1494 2014 1714 2050 συμπληρώσεως
1733 2014 1784 2041 οὺκ
1800 2015 1856 2041 sta-

1068 2063 1141 2090 ἁπαν
1160 2061 1332 2096 ἀγανακτῶν.
1353 2061 1408 2088 Καὶ
1422 2060 1487 2094 γοῦν
1506 2060 1557 2095 ἔφη
1572 2060 1641 2094 πρὸς
1664 2058 1791 2094 Ἀϐραὰμ
1810 2059 1856 2085 τὸν

1070 2109 1156 2145 ἱερόν·
1184 2117 1193 2134 ι
1217 2107 1301 2134 Οὔπω
1321 2108 1374 2142 γὰρ
1397 2106 1643 2142 ἁναπεπλήρωνται
1666 2105 1695 2132 αι
1721 2105 1857 2140 ἁμαρτίαι

1067 2155 1122 2182 τῶν
1141 2154 1311 2189 Ἀμορραίων
1338 2153 1390 2184 ἕως
1407 2151 1455 2179 τοῦ
1467 2152 1524 2179 νῦν.
1543 2162 1551 2178 ι
1573 2151 1645 2187 Πρὸς
1663 2151 1691 2178 δὲ
1701 2152 1763 2183 τοὺς
1776 2152 1856 2186 Φαρι-

1034 2215 1055 2242 D
1070 2201 1163 2232 σαίους
1178 2200 1300 2235 ἀσχέτως
1313 2199 1542 2234 ὲκλελυττηκότας
1557 2198 1609 2233 ἔφη
1628 2197 1756 2234 Χριστός
1773 2207 1783 2223 α
1800 2198 1855 2224 Kal

1070 2247 1148 2282 ὑμεῖς
1170 2245 1331 2282 πληρώσατε
1347 2245 1378 2271 τὸ
1396 2245 1493 2280 μέτρον
1514 2244 1569 2271 τῶν
1588 2243 1713 2278 πατέρων
1737 2242 1827 2277 ὑμῶν.
1843 2251 1852 2268 ι

1075 2291 1309 2328 Ἐκπορευομένου
1331 2290 1475 2326 τοιγαροῦν
1499 2289 1546 2316 τοῦ
1577 2289 1688 2324 μέτρου,
1716 2287 1855 2324 ἐξαίρεται

1071 2339 1119 2374 μὲν
1133 2337 1179 2365 τοῦ
1196 2337 1320 2373 μολίϐδου
1334 2337 1365 2364 τὸ
1382 2336 1523 2368 τάλαντον,
1533 2335 1660 2371 ιρῥιπται
1672 2334 1701 2361 δί
1717 2335 1757 2366 είς
1773 2334 1857 2369 μέσον

1069 2385 1168 2421 ήγυνὴ
1191 2384 1332 2420 πληροῦσα
1351 2384 1381 2412 τὸ
1398 2384 1507 2419 μέτρον,
1528 2384 1546 2418 ἢ
1567 2383 1616 2410 καὶ
1633 2384 1662 2410 έν
1683 2382 1799 2417 στόματι
1819 2381 1856 2416 τῷ

1071 2431 1128 2466 ἰδίῳ
1143 2431 1188 2457 τὸν
1213 2430 1260 2457 τοῦ
1283 2429 1406 2466 μολίϐδου
1427 2429 1500 2456 λίθον
1519 2429 1642 2464 ιιιιὶέχετο⁸
1661 2426 1722 2456 εἶτά
1741 2436 1825 2464 φησιν
1844 2429 1857 2454 ό

1070 2475 1212 2507 θεσπέσιος
1232 2474 1346 2509 ἄγγελος
1357 2483 1364 2490 ·
1379 2473 1455 2509 Αὕτη
1470 2475 1544 2501 ἐστὶν
1557 2475 1574 2510 ἡ
1590 2473 1699 2510 ἀνομία.

1105 2566 1208 2593 ΠΔΛΛ.
1230 2565 1313 2592 Οὔπω
1325 2564 1385 2591 λίαν
1401 2563 1475 2590 ἔστιν
1489 2563 1607 2598 ἐναργὴς
1624 2563 1638 2589 ὸ
1651 2562 1740 2596 λόγος.

1104 2655 1186 2682 ΚΥΡ.
1217 2654 1321 2682 Οὐκοῦν
1351 2653 1438 2685 ἔσται,
1467 2653 1515 2680 καὶ
1527 2638 1582 2680 ὀὐκ
1607 2653 1647 2684 είς
1674 2651 1794 2687 μακράν.
1822 2650 1857 2678 Τὸ

1071 2700 1124 2736 γάρ
1138 2708 1180 2726 τοι
1195 2700 1241 2726 τοῦ
1258 2699 1382 2734 param
1396 2699 1526 2726 τάλαντον
1540 2697 1619 2729 αὐτὸς
1628 2696 1662 2723 ἂν
1673 2696 1716 2731 εἴη
1727 2695 1854 2731 Χριστὸς,

1071 2745 1100 2777 ὃς
1113 2745 1250 2780 ἐξαίρεται
1270 2745 1328 2779 μὲν,
1341 2744 1413 2771 τοῦτ’
1425 2743 1509 2777 ἐστιν,
1526 2741 1640 2778 ὑψοῦται
1651 2741 1694 2768 διὰ
1712 2741 1760 2768 τοῦ
1780 2749 1855 2768 σταν-

268 2834 290 2850 ¹⁸
303 2834 380 2862 Joan.
395 2844 414 2868 l,
430 2835 473 2862 29.
515 2835 597 2863 "15a.
619 2843 673 2867 LIII,
689 2835 714 2862 5.
746 2836 767 2852 ³⁰
779 2835 892 2863 Zachar.
905 2844 930 2869 ι’,
942 2835 987 2864 5-1
998 2836 1019 2862 l.
1033 2835 1060 2872 _”
1076 2835 1190 2864 Zachar.
1205 2844 1242 2870 vi,
1259 2836 1285 2864 5.
1314 2836 1335 2852 ³⁸
1349 2836 1561 2872 Genes.xv,16.
1599 2835 1730 2864 “Matth.
