1924 3043
58 194 101 223 297

401 195 444 221 DE
462 193 683 221 ADORATIONE
702 193 734 220 IN
756 192 890 220 SPIRITU
910 192 953 219 ET
974 192 1157 219 VERITATE.
1175 191 1237 218 ΗΒ.
1253 192 1297 219 Ill.

1614 190 1666 219 298

61 253 109 290 ροῦ,
122 252 165 279 καὶ
188 253 247 284 τοῖς
264 253 313 287 τῆς
337 252 462 288 θεότητος
485 251 635 287 ἀξιώμασιν
656 252 752 287 ὁρᾶται
771 251 830 277 δια-

893 258 1005 282 :ruccm,
1024 257 1055 277 ac
1071 250 1200 284 dignitate
1213 250 1363 277 divinitatis
1383 254 1521 284 spectatur
1535 249 1664 285 insignis:

61 300 163 335 πρεπής.
191 299 223 325 ὐ
234 299 290 334 γὰρ
302 299 368 330 Θεὸς
387 299 468 326 αὑτὸν
486 298 660 334 ὑπερύῲωσῖ,
680 297 728 324 καὶ
742 296 833 332 ἐχαρί-

61 354 115 372 σατο
131 344 204 380 αὐτῷ
222 345 307 379 δνομα
327 344 356 371 τὸ
377 344 445 380 ὑπὲρ
464 345 518 370 πᾶν
545 343 639 378 δνομα.
668 342 833 369 Κατακλείει

60 392 83 418 δὲ
104 391 149 426 τῆς
168 391 308 426 ἁμαρτίας
328 389 360 416 τδ
384 390 484 425 στόμα,
511 389 582 416 κατὰ
605 389 635 415 τὸ
659 390 688 416 ὲν
710 389 834 424 Ψαλμοῖς

60 435 227 471 ὑμνούμενον·
249 444 258 460 ι
280 435 334 462 Καὶ
351 435 424 462 πᾶσα
437 434 536 469 ἀνομία
554 433 727 470 ὲμφράξειτὸ
749 434 835 469 στόμα

59 482 132 517 αὐτῆς
143 491 149 497 ·
164 491 173 508 ι
190 481 323 517 εἰρημένη
336 480 477 507 καταϐοῶν
487 480 541 506 τῶν
555 479 585 512 ἐξ
596 479 735 510 ἀσθενείας
747 480 834 514 ἡμαρ-

58 527 179 562 τηκότων,
195 527 242 552 καὶ
252 527 281 553 ἐν
297 526 386 552 πίστει
399 525 626 559 δεδικαιωμένων.
647 533 655 549 ι
673 523 739 555 Θεὸς
753 524 805 558 γὰρ
822 524 836 549 ὁ

58 572 170 604 δικαιῶν,
186 572 228 603 τίς
245 572 259 598 ὁ
282 572 471 607 κατακρίνων;
498 568 641 606 (Χριστοῦ
659 570 687 597 δὲ
704 570 836 602 παθόντος

58 618 121 653 ὑπὲρ
132 617 220 652 ἡμῶν,
244 617 302 649 πῶς
315 615 350 653 ἦν
372 617 516 644 ἀκόλουθον
531 618 577 644 καὶ
594 618 666 652 ἡμᾶς
684 617 781 647 αὐτοὺς
796 616 835 643 ἔτι

58 662 101 693 τὰς
125 662 194 698 ὑπὲρ
220 662 275 688 τῶν
299 662 372 689 ἰδίων
399 662 641 698 πλημμελημάτων
673 662 836 694 ἐξαιτεῖσθαι

58 709 126 740 δίκας
136 717 142 740 ς

87 798 188 824 ΠΑΔΔ.
221 797 369 832 Ὀρθότατα
395 797 473 832 ἔφης.
500 797 702 832 Δεδικαιώμεθα
726 798 780 833 γὰρ
808 799 836 825 ὲν

56 843 170 879 Χριστῷ,
193 843 241 870 καὶ
269 843 317 878 τὴν
340 844 372 870 ὲκ
397 843 446 878 τῆς
472 843 608 879 ἁμαρτίας
636 843 773 879 καταϐοὴν
805 842 835 870 εὖ

57 889 123 924 μάλα
136 888 362 924 διεκρουσάμεθα.
374 889 490 917 Ἥδιστα
504 889 525 916 δ’
543 888 576 916 ἂν
590 888 757 924 ἀναμάθοιμί
773 897 836 922 σου,

885 297 957 324 Deus
970 296 1043 323 enim
1056 296 1134 323 illum
1162 304 1244 330 super
1265 296 1356 323 omnia
1372 296 1501 323 exaltavit
1515 301 1542 323 et
1553 296 1666 332 largitus

885 345 927 368 est
954 341 991 368 illi
1016 348 1124 372 nomen,
1147 340 1219 375 quod
1239 344 1280 367 est
1310 347 1392 375 super
1407 347 1487 367 omne
1513 348 1612 368 nomen
1633 342 1664 369 3‘.

885 387 1008 414 Obstruit
1026 391 1118 414 autem
1138 393 1168 413 os
1186 386 1346 420 iniquitatis,
1365 387 1439 421 juxta
1465 387 1530 414 illud
1549 387 1620 422 quod
1639 387 1666 415 in

890 433 1006 460 Psalmis
1026 432 1150 460 canitur:
1169 442 1178 457 ι
1193 432 1228 459 Et
1238 432 1326 459 omnis
1339 432 1467 467 iniquitas
1485 433 1617 468 oppilabit
1637 441 1668 460 os

886 487 966 506 suum
978 480 1016 512 ",'
1035 489 1044 505 ›
1062 478 1135 514 quod
1148 486 1180 506 ca
1204 478 1382 513 prohibeatur
1405 478 1535 506 adversus
1553 487 1599 506 eos
1615 480 1669 506 eia-

886 532 959 551 mare
974 524 1020 559 qui
1042 532 1076 551 ex
1088 523 1249 551 inﬁrmitate
1264 524 1449 558 peccaverint,
1463 527 1491 550 et
1503 523 1555 551 [ide
1571 525 1669 560 justiti-

886 570 939 597 eati
962 570 1027 596 sint.
1055 579 1063 594 ι
1081 570 1154 596 Deus
1164 568 1236 596 enim
1247 573 1289 596 est
1301 569 1357 601 ille,
1377 569 1424 604 qui
1444 569 1584 605 justiﬁcat,
1607 571 1669 605 quis

886 619 938 647 est,
959 615 1006 649 qui
1025 615 1190 642 condemnet
1200 614 1240 640 ³⁶⁴ῖ
1258 623 1267 639 ι
1285 614 1377 648 itaque
1391 621 1453 641 cum
1466 614 1591 642 Christus
1607 623 1669 650 pas—

887 668 934 688 sus
945 661 980 688 sit
990 668 1040 696 pro
1050 660 1140 692 nobis,
1158 659 1295 695 quomodo
1314 667 1484 694 consequens
1503 666 1574 687 esset
1589 662 1671 688 etiam

887 714 901 732 a
919 707 999 734 nobis
1023 706 1089 742 ipsis
1116 706 1202 741 repeti
1228 710 1386 734 nostrorum
1413 711 1586 741 peccatorum
1612 715 1670 741 pce-

887 753 955 780 nas?

922 798 1021 825 PALL.
1052 797 1213 825 Rectissime
1239 797 1353 825 dictum.
1385 797 1528 825 Justiiicati
1556 805 1673 832 namque

888 850 982 870 sumus
1008 842 1036 869 in
1062 842 1182 875 Christo,
1202 847 1283 878 atque
1297 843 1444 870 clamorem
1457 843 1604 870 adversum
1623 851 1673 871 nos

889 888 1160 923 criminationemque
1181 889 1285 923 peccati
1311 888 1470 923 repulimus.
1500 889 1672 916 Iucundissi-

55 935 94 962 διὰ
111 935 190 962 ποίαν
201 935 290 962 αἰτίαν
306 936 469 971 σημαίνεται
483 937 532 970 μὲν
542 935 579 967 ὡς
593 935 622 962 ὲν
640 935 756 970 μολίϐδῳ
772 935 839 971 Χρι-

893 941 965 960 mum
979 941 1045 961 vero
1070 933 1178 966 feceris,
1205 934 1228 961 si
1249 933 1376 961 docueris
1401 942 1482 969 quam
1505 934 1540 961 ob
1564 942 1674 963 causam

57 982 121 1014 στὸς,
134 981 172 1014 ὡς
185 982 214 1008 ὲν
228 981 368 1017 προσώπῳ
380 981 408 1009 δὲ
421 981 548 1016 γυναικὸς
560 982 576 1017 ὴ
590 981 689 1016 ἀνομία
703 981 837 1016 φαίνεται.

86 1077 167 1104 ΚΥΡ.
190 1078 245 1104 Καὶ
269 1077 323 1113 μὴν
344 1077 391 1105 καὶ
413 1077 491 1104 τοῦτό
508 1085 539 1112 γε
554 1077 627 1103 ἐστιν
641 1076 750 1104 εὖκολον
776 1077 839 1104 ἰδεῖν

54 1123 103 1149 ἀπό
117 1131 148 1157 γε
162 1123 217 1149 τῶν
232 1123 314 1159 ἱερῶν
330 1123 521 1159 Γραμμάτων·
538 1122 645 1154 πολλοῖς
660 1122 713 1157 γὰρ
729 1123 779 1158 ἤδη
791 1123 839 1149 καὶ

54 1167 152 1201 ἑτέροις
165 1167 283 1202 Χριστὸς
295 1168 502 1203 παρεικάζεται,
518 1167 562 1194 διὰ
575 1168 623 1203 τῆς
637 1167 690 1195 τῶν
709 1176 839 1203 σημαινο-

55 1214 139 1248 μένων
151 1213 304 1250 ποιότητος,
318 1214 372 1241 τῶν
388 1215 432 1240 ἐπ’
447 1213 521 1249 αὑτῷ
536 1213 696 1249 νοουμένων.

85 1302 190 1329 ΠΑΔΛ.
207 1301 270 1329 Οἶον
286 1302 312 1329 τί
326 1303 379 1338 φής
389 1323 398 1335 ,

85 1348 168 1375 ΚΥΡ.
195 1348 309 1383 Γέγονεν
336 1349 402 1384 ἡμῖν
427 1349 528 1385 κρηπὶς
554 1349 600 1377 καὶ
625 1349 769 1384 ἀσφάλεια,
794 1348 841 1376 καὶ

53 1393 199 1430 ἁκλόνητος
222 1393 377 1430 ὖποϐάθρα,
401 1395 449 1422 καὶ
469 1395 595 1430 θεμέλιος
610 1395 753 1432 ἀρραγής”
775 1395 841 1422 ὠνό-

56 1448 154 1474 μασται
169 1439 198 1466 δὲ
216 1439 261 1466 διὰ
272 1439 351 1466 τοῦτο
362 1440 446 1473 λίθος.
461 1451 470 1467 ‹
493 1442 558 1469 Ἰδοὺ
573 1442 636 1478 γὰρ,
654 1443 729 1478 φησὶ,
745 1442 840 1478 τίθημι

53 1486 90 1516 είς
103 1485 138 1512 τὰ
160 1485 277 1520 θεμέλια
295 1485 364 1512 Σιὼν
378 1485 450 1513 λίθον
473 1487 611 1521 ἐκλεκτὸν,
633 1488 840 1523 ἀκρογωνιαῖον,

53 1531 170 1566 ἔντιμον.
189 1531 245 1558 Καὶ
262 1532 276 1558 ὸ
299 1531 435 1559 πιστεύων
455 1533 500 1559 ἐπ’
518 1534 603 1569 αὐτῷ,
624 1534 654 1560 οὺ
682 1534 719 1570 μὴ
745 1543 841 1561 καται-

55 1576 165 1613 σχυνθῇ.
182 1587 192 1603 ι
211 1577 290 1604 Ἔστι
306 1577 335 1604 δὲ
350 1577 431 1604 πάλιν
450 1579 540 1611 αὐτὸς,
556 1580 586 1606 τὸ
602 1579 728 1616 λαμπρόν
742 1589 772 1606 τε
793 1580 841 1607 καὶ

53 1624 219 1658 ἀξιάγαστον
243 1623 294 1659 τῆς
322 1623 486 1659 Ἐκκλησίας
509 1625 663 1661 κειμήλιον,
692 1626 706 1652 ὁ
728 1624 841 1656 πλοῦτος

53 1670 129 1705 ἡμῶν
146 1670 160 1696 ὁ
174 1670 360 1705 πνευματικός
372 1677 378 1684 ·
394 1669 501 1705 εἴρηται
512 1671 539 1697 δὲ
550 1671 732 1707 μαργαρίτης.
748 1671 843 1706 Ὁμοία

53 1716 103 1752 γάρ
122 1716 193 1749 ἐστι,
216 1716 310 1751 φησὶν,
327 1716 344 1752 ἡ
367 1715 489 1751 βασιλεία
508 1717 562 1743 τῶν
587 1717 708 1752 οὐρανῶν
729 1717 842 1752 ἐμπόρῳ

52 1761 180 1796 ζητοῦντι
196 1761 297 1792 καλοὺς
320 1762 502 1798 μαργαρίτας.
518 1761 613 1798 Εὑρὼν
626 1762 653 1789 δὲ
670 1762 717 1788 ἕνα
735 1761 843 1788 πολύτι-

53 1815 101 1840 μον
128 1807 305 1842 μαργαρίτην
327 1807 467 1840 ἀπελθὼν,
495 1807 648 1843 ἐπίπρασκε
677 1807 766 1834 πάντα
793 1808 843 1835 ὅσα.

51 1850 117 1887 εἶχε,
132 1853 181 1879 καὶ
197 1853 334 1888 ἠγόρασεν
348 1853 438 1882 αὐτόν.
456 1863 466 1879 ι
485 1853 589 1889 Συνῆψε
600 1853 628 1880 δὲ
641 1855 713 1889 ἡμᾶς
729 1854 761 1880 δι’
779 1854 843 1880 ἐαυ-

50 1899 96 1926 τοῦ
120 1899 162 1934 τῷ
182 1898 242 1934 Θεῷ
262 1901 308 1926 καὶ
333 1899 429 1934 Πατρὶ,
453 1899 608 1931 καταλύσας
623 1899 671 1934 τὴν
698 1899 797 1936 ἔχθραν
814 1900 842 1926 ὲν

49 1945 87 1980 τῷ
102 1946 213 1980 σώματι
232 1945 327 1978 αὑτοῦ,
355 1946 426 1972 καθὰ
448 1946 616 1982 γέγραπται·
643 1947 689 1974 καὶ
709 1947 774 1981 γοῦν
789 1947 841 1983 ἔφη

51 1992 118 2027 πρὸς
140 1991 186 2018 τὸν
205 1993 235 2018 ὲν
252 1992 377 2027 οὐρανοῖς
388 1991 497 2027 Πατέρα
509 1991 556 2018 καὶ
573 1991 648 2024 Θεὸν,
663 1991 727 2027 περὶ
740 1991 793 2018 τῶν
813 1993 842 2019 ὲν

50 2037 140 2064 πίστει
153 2038 188 2073 τῇ
208 2038 247 2069 εἰς
270 2037 350 2064 αὑτὸν
369 2037 603 2073 δεδικαιωμένων·
622 2047 631 2063 ι
658 2038 758 2073 Πάτερ,
774 2038 843 2065 θέλω

50 2083 91 2109 ἴνα
108 2083 209 2118 ὥσπερ
222 2083 279 2118 ἐγὼ
299 2083 346 2109 καὶ
361 2084 392 2110 σὺ
407 2083 437 2109 ἓν
455 2084 549 2119 ἐσμεν,
568 2082 639 2110 οὕτω
655 2084 702 2110 καὶ
717 2084 795 2111 αὐτοὶ
813 2084 842 2110 ὲν

49 2129 115 2163 ἡμῖν
140 2128 170 2155 ἓν
193 2125 255 2155 ὦσι.
282 2137 292 2154 ›
318 2128 459 2164 Κέκληται
481 2128 565 2164 ταύτῃ
590 2138 632 2156 τοι
655 2130 842 2166 κασσιτέρινος

49 2174 135 2206 λίθος,
152 2174 311 2210 κασσιτέρῳ
325 2174 380 2210 γὰρ
395 2174 524 2202 κολλᾶται
537 2175 571 2202 τὰ
584 2174 750 2210 κολλώμενα.
769 2175 842 2212 Ἔφη

49 2217 75 2242 δέ
90 2225 143 2243 που
162 2216 229 2248 θεὸς
247 2216 294 2243 διὰ
309 2217 399 2252 φωνῆς
413 2217 559 2251 Ζαχαρίου,
573 2216 618 2243 τὸν
633 2217 697 2244 ἴδιον
714 2218 778 2253 ἡμῖν
794 2226 843 2244 κα-

891 980 996 1015 plumbi
1011 979 1098 1015 ﬁgura
1113 980 1282 1016 signiﬁcetur
1294 980 1436 1014 Christus;
1452 981 1575 1008 mulieris
1583 985 1674 1009 autem

889 1033 1005 1060 persona
1019 1026 1156 1054 indicetur
1176 1026 1315 1061 iniquitas.

923 1071 1000 1099 CYR.
1018 1072 1100 1107 Atqui
1114 1071 1186 1099 haud
1199 1071 1307 1100 ditllcile
1330 1076 1371 1100 est
1388 1073 1416 1100 id
1431 1081 1446 1101 e
1462 1073 1547 1101 sacris
1563 1073 1675 1101 Litteris

889 1117 1064 1152 perspicere;
1091 1118 1186 1145 multis
1203 1118 1276 1145 enim
1309 1118 1423 1146 aliarum
1449 1127 1557 1154 quoque
1581 1129 1675 1148 rerum

890 1163 1056 1198 imaginibus
1072 1163 1198 1191 Christus
1214 1164 1402 1197 adumbratur,
1425 1173 1487 1192 cum
1501 1173 1515 1193 e
1536 1166 1674 1202 signiﬁca-

890 1211 979 1235 tarum
1002 1209 1133 1243 qualitate
1158 1217 1250 1237 rerum
1272 1211 1471 1246 proprietates,
1492 1219 1552 1247 qua:
1580 1212 1608 1240 in
1627 1213 1675 1240 illo

891 1257 964 1285 sunt,
983 1253 1183 1289 intelligantur.

926 1298 1023 1325 PALL.
1037 1299 1066 1326 Id
1079 1307 1146 1327 vero
1163 1300 1243 1335 quale
1260 1305 1302 1328 est
1315 1301 1388 1336 quod
1401 1301 1459 1329 ais?

929 1344 1007 1372 CYR.
1025 1344 1124 1372 Factus
1140 1349 1180 1373 est
1196 1345 1275 1373 nobis
1287 1346 1361 1374 basis
1376 1348 1498 1382 quazdam
1514 1354 1541 1376 et
1551 1348 1675 1381 ﬁrmitas,

891 1394 918 1418 et
933 1390 1079 1418 immobilis
1093 1391 1202 1426 gradus,
1217 1395 1243 1419 et
1265 1392 1379 1419 solidum
1398 1393 1605 1422 fundamentum
1624 1404 1630 1422 :
1644 1403 1677 1422 ea

892 1436 926 1464 de
940 1445 1021 1465 causa
1037 1438 1188 1476 appellatus
1203 1442 1245 1466 est
1262 1438 1340 1474 lapis.
1359 1448 1368 1465 ι
1393 1439 1462 1467 Ecce
1475 1440 1559 1473 enim,
1578 1440 1676 1476 inquit.

892 1490 964 1517 pono
979 1482 1007 1510 in
1028 1475 1205 1510 fundamenta
1221 1483 1288 1511 Sion
1307 1484 1424 1520 lapidem
1441 1485 1569 1519 electum,
1590 1475 1677 1521 augu-

893 1528 988 1561 larem,
1002 1529 1161 1563 pretiosum.
1180 1529 1215 1556 Et
1228 1530 1276 1564 qui
1289 1530 1378 1557 credit
1391 1531 1417 1558 in
1433 1531 1533 1566 ipsum,
1543 1539 1597 1559 non
1610 1540 1677 1559 con-

893 1574 1023 1602 fundetur
1033 1575 1065 1602 ⁸⁷.
1082 1585 1091 1601 ›
1109 1575 1157 1602 Est
1169 1583 1264 1603 rursus
1287 1576 1358 1603 idem
1371 1577 1517 1612 praeclarus
1528 1581 1610 1612 atquc
1628 1577 1678 1605 ad-

893 1619 1025 1648 mirabilis
1044 1621 1173 1648 Ecclesiae
1190 1621 1346 1654 thesaurus,
1369 1622 1471 1650 divitia:
1501 1623 1553 1651 illa:
1578 1627 1679 1651 nostra:

893 1666 1062 1701 spirituales;
1081 1667 1172 1701 itaque
1189 1667 1333 1702 margarita
1354 1671 1395 1694 est
1414 1668 1573 1703 appellatus.
1602 1679 1611 1694 ι
1635 1669 1678 1696 Si-

893 1712 957 1739 mile
972 1712 1045 1739 cnim
1061 1718 1112 1745 est,
1122 1712 1220 1748 inquit,
1235 1721 1348 1748 regnum
1365 1713 1497 1740 cmlorum
1517 1715 1680 1750 negotiatori

893 1758 1026 1792 quaerenti
1038 1758 1124 1785 bonas
1138 1758 1311 1794 margaritas;
1327 1759 1438 1786 inventa
1448 1763 1540 1787 autem
1558 1768 1610 1787 una
1619 1768 1680 1795 pre-

894 1804 961 1831 tiosa
986 1806 1143 1841 margarita,
1180 1806 1276 1833 abiens
1305 1807 1429 1834 vendidit
1455 1807 1582 1835 universa
1619 1816 1679 1844 qua:

893 1851 999 1884 habuit,
1013 1855 1041 1879 et
1058 1852 1124 1879 emit
1139 1860 1199 1880 eam
1217 1852 1247 1880 ⁸⁸.
1267 1862 1275 1878 ι
1292 1852 1439 1888 Conjunxit
1463 1854 1545 1881 etiam
1563 1862 1612 1882 nos
1631 1863 1680 1890 per

893 1904 922 1924 se
935 1897 990 1924 Deo
1005 1900 1034 1924 et
1048 1897 1133 1930 Patri,
1147 1897 1244 1925 solutis
1262 1897 1412 1925 inimicitiis
1432 1899 1459 1925 in
1482 1907 1595 1934 corpore
1611 1907 1678 1931 suo,

894 1946 924 1969 ut
935 1943 1067 1978 scriptum
1080 1947 1123 1970 est
1131 1943 1163 1976 ³⁵;
1185 1943 1303 1979 ideoque
1313 1943 1346 1972 ad
1362 1944 1480 1977 Patrem,
1493 1945 1539 1980 qui
1559 1945 1585 1972 in
1604 1945 1681 1973 caelis

893 1994 944 2022 est,
965 1997 997 2017 ac
1006 1990 1092 2017 Deum
1106 1990 1140 2017 de
1157 1990 1191 2017 iis
1203 1991 1249 2025 qui
1261 1990 1402 2026 justiﬁcati
1412 1995 1490 2017 erant
1517 1999 1567 2026 per
1580 1991 1660 2019 iidem
1672 2012 1679 2023 ,
1722 2023 1726 2034 ἶ

893 2043 946 2071 qua
962 2035 990 2063 in
1004 2035 1093 2071 ipsum
1119 2036 1278 2068 credebant,
1296 2037 1364 2064 dixit
1382 2046 1388 2063 :
1411 2046 1420 2062 ‹
1440 2037 1530 2069 Pater,
1551 2036 1612 2064 volo
1633 2042 1676 2068 ut,

893 2081 965 2109 sicut
979 2089 1029 2117 ego
1043 2086 1070 2109 et
1086 2086 1114 2110 tu
1133 2090 1218 2110 unum
1233 2090 1338 2116 sumus,
1348 2083 1386 2109 sic
1399 2082 1449 2118 ipsi
1462 2090 1570 2118 quoque
1589 2083 1617 2110 in
1628 2091 1678 2110 no—

893 2127 935 2155 bis
951 2136 1037 2155 unum
1061 2128 1118 2156 sint
1131 2129 1167 2155 ⁵ο.
1186 2138 1195 2155 ι
1221 2129 1278 2157 Hac
1291 2129 1395 2157 ratione
1417 2135 1528 2157 vocatus
1546 2133 1587 2156 cst
1602 2129 1680 2165 103

893 2174 962 2209 lapis
990 2178 1138 2207 stanneus,
1161 2175 1234 2210 quod
1256 2179 1353 2203 stanno
1378 2175 1598 2211 conglutinantur
1620 2183 1681 2211 qua:

894 2220 1107 2255 conglutinanda
1122 2225 1196 2248 sunt.
1213 2220 1286 2248 Dixit
1305 2225 1396 2248 autem
1414 2217 1620 2256 profecto'Deus
1631 2229 1680 2256 pcr

49 2262 219 2289 ταδεικνὺων
234 2262 310 2295 Υῐὺν,
335 2262 372 2294 ὠς
396 2263 467 2290 κατὰ
491 2263 604 2297 καιροὺς
626 2262 724 2298 ἤξοντά
742 2272 771 2290 τε
795 2264 840 2291 καὶ

895 2272 924 2292 os
936 2265 1085 2298 Zachariae,
1105 2273 1168 2293 cum
1181 2265 1279 2293 Filium
1296 2274 1375 2294 suum
1386 2266 1467 2293 nobis
1480 2266 1682 2293 demonstraret

50 2307 270 2342 πορευσόμενον·
289 2316 298 2332 ι
320 2307 376 2333 Καὶ
400 2308 577 2346 χαρήσονται,
603 2307 650 2334 καὶ
676 2306 785 2343 ὄψονται
799 2309 845 2336 τὺν

48 2351 122 2378 λίθον
139 2353 187 2379 τὸν
209 2352 398 2388 κασσιτέρινον
412 2353 441 2379 ὲν
455 2353 526 2388 χειρὶ
549 2351 710 2388 Ζοροϐάϐελ.
730 2362 739 2379 ›
768 2353 845 2380 Οὕτω

48 2398 199 2432 τοιγαροῦν
216 2398 334 2425 κάνθάδε
355 2398 485 2426 τάλαντον
505 2398 631 2434 μολίϐδου
657 2400 738 2434 φησὶν
754 2401 843 2428 αὐτόν.

48 2443 103 2469 Καὶ
129 2444 174 2475 τίς
191 2444 205 2470 ὁ
222 2443 300 2470 τοῦδε
317 2443 405 2478 λόγος,
424 2443 479 2480 ἐρῶ
498 2443 529 2478 δὴ
553 2443 643 2471 πάλιν.
668 2444 696 2471 ’0
717 2445 845 2480 ἀδόκιμος

47 2488 173 2524 ἄργυρος
187 2488 291 2524 ἀναμὶξ
313 2489 428 2525 μολίόδῳ
442 2489 602 2525 τηκόμενος,
615 2487 644 2517 εὖ
661 2490 733 2525 μάλα
752 2491 846 2518 διακα-

48 2532 185 2570 θαίρέται,
201 2535 241 2566 εἱς
255 2535 351 2561 ἑαυτὸν
377 2534 545 2570 ἁρπάζοντος
561 2535 607 2562 τοῦ
626 2535 749 2571 μολίϐδου
767 2545 845 2572 φυσι-

47 2580 114 2613 κῶς,
132 2580 182 2607 τοῦ
202 2581 400 2617 συγκαιομένου
424 2581 468 2608 τὸν
494 2580 592 2617 ῥύπον·
611 2582 731 2609 τοιοῦτον
750 2592 774 2610 τι
798 2585 839 2609 καί

48 2627 86 2657 εἰς
100 2628 180 2662 ἡμᾶς
200 2628 302 2660 αὐτοὺς
315 2628 456 2664 ἐπλήρωσε
475 2628 601 2664 Χριστός.
622 2629 774 2664 Ἀδοκίμοις
790 2629 845 2664 γὰρ

46 2671 127 2700 οὖσιν
154 2674 255 2709 ἐμίχθη
276 2673 440 2709 σωματικῶς
453 2682 482 2700 τε
495 2673 554 2709 ἅμα
571 2673 618 2701 καὶ
638 2674 842 2710 πνευματικῶς,

47 2716 121 2745 οὕτω
138 2727 168 2745 τε
191 2719 286 2745 λοιπον
308 2719 353 2745 τὸν
374 2719 402 2746 ἐν
423 2719 490 2754 ἡμῖν
506 2718 637 2753 κατέτηξε
655 2719 750 2754 ῥύπον.
767 2719 844 2755 Αίρει

45 2764 102 2800 γὰρ
117 2766 200 2800 ἡμῶν
218 2765 268 2797 τὰς
290 2765 436 2801 ἁμαρτίας,
453 2765 486 2792 ἶν’
503 2766 583 2800 ἡμεῖς
601 2765 634 2791 δι’
653 2765 734 2792 αὐτόν
748 2773 778 2792 τε
797 2765 844 2792 καὶ

44 2808 81 2835 δι’
97 2810 184 2838 αὐτοῦ
203 2810 319 2847 καθαροί
328 2819 358 2837 τε
370 2808 444 2846 ὦμεν
457 2811 504 2837 καὶ
525 2811 774 2847 λελαμπρυσμένοι.
789 2812 844 2839 Καὶ

894 2310 1044 2345 aliquando
1063 2315 1208 2338 venturum
1232 2315 1314 2346 atque
1337 2311 1507 2343 adfuturum,
1527 2321 1537 2336 ι
1558 2311 1592 2338 Ει
1605 2311 1680 2338 heta—

894 2356 1008 2389 buntur,
1022 2361 1050 2384 et
1065 2356 1200 2384 videbunt
1211 2356 1329 2392 lapidem
1343 2362 1487 2384 stanneum
1500 2357 1528 2384 in
1537 2356 1680 2383 mannZo-

894 2402 1006 2430 robabel
1021 2403 1054 2430 “.
1079 2413 1088 2429 ›
1104 2402 1145 2430 Ad
1158 2403 1283 2430 eumdem
1309 2402 1418 2429 modum
1439 2403 1522 2438 igitur
1540 2402 1592 2429 hoc
1612 2410 1680 2436 quos

896 2456 948 2482 que
962 2448 1023 2476 loco
1039 2449 1143 2483 plumbi
1164 2449 1295 2475 talentum
1308 2447 1435 2475 eumdem
1450 2452 1538 2475 vocat.
1554 2448 1618 2481 Qua:
1630 2456 1680 2474 au-

895 2497 949 2521 tem
971 2495 1052 2529 hujus
1069 2494 1109 2521 rei
1129 2494 1164 2521 sit
1187 2494 1256 2522 ratio
1269 2514 1275 2526 ,
1295 2501 1391 2521 rursus
1413 2493 1512 2521 dicam.
1530 2494 1681 2528 Argentum

896 2539 1043 2575 reprobum
1064 2539 1145 2566 simul
1165 2548 1227 2567 cum
1244 2539 1357 2574 plumbo
1378 2539 1400 2566 si
1427 2538 1558 2574 liqueﬁat,
1580 2539 1681 2574 optime

896 2589 1028 2620 purgatur
1048 2594 1054 2612 :
1075 2585 1146 2621 rapit
1165 2585 1238 2613 enim
1258 2585 1400 2620 plumbum
1426 2585 1460 2612 ad
1482 2593 1510 2612 se
1531 2589 1635 2612 natura:
1655 2593 1681 2612 vr

896 2630 978 2658 simul
1001 2631 1107 2658 excocti
1127 2630 1230 2658 metalli
1251 2630 1346 2658 sordes
1364 2640 1370 2657 :
1394 2638 1448 2658 non
1470 2630 1602 2657 dissimile
1630 2629 1683 2657 fuit

898 2676 975 2709 illud,
987 2677 1060 2712 quod
1074 2677 1199 2705 Christus
1212 2685 1274 2713 erga
1290 2684 1341 2704 nos
1358 2677 1432 2712 ipsos
1451 2676 1582 2711 implevit.
1598 2676 1683 2703 Nobis

897 2722 981 2754 enim,
997 2730 1058 2750 cum
1071 2722 1180 2757 reprobi
1193 2730 1324 2755 essemus,
1335 2730 1390 2749 non
1405 2722 1581 2757 corporaliter
1590 2720 1682 2762 modo.

898 2769 946 2796 sed
960 2769 1139 2804 spiritualitcr
1160 2769 1295 2797 admistus
1312 2773 1372 2802 est;
1393 2768 1430 2796 ita
1450 2768 1566 2803 denique
1588 2766 1684 2794 sordes

897 2814 1081 2850 colliquel'ccit
1107 2823 1154 2843 cas
1172 2824 1233 2850 qua:
1255 2816 1335 2844 nobis
1354 2815 1470 2843 inerant.
1487 2815 1511 2842 ls
1529 2814 1602 2841 enim
1614 2812 1685 2840 tollit

80 2866 237 2904 gkhilipp.
247 2867 316 2904 11,9.
332 2867 377 2904 Ηυξ
395 2867 469 2894 Psal.
494 2867 603 2904 evndi
631 2867 663 2904 7':
673 2868 753 2904 Rom.
775 2875 833 2904 vm,

893 2869 906 2903 ἱ,
927 2870 972 2898 54.
1006 2871 1028 2887 ³⁷
1047 2871 1099 2899 lsa.
1131 2880 1212 2899 1mm
1227 2893 1233 2904 ,
1257 2872 1299 2899 16.
1334 2871 1356 2888 ³*
1374 2871 1469 2899 Matth.
1496 2878 1552 2902 XIII,
1570 2868 1614 2902 45,
1638 2867 1681 2896 £6-

50 2900 293 2936 ³⁹Ερ1ιεε.’ῐι,16.
331 2902 573 2935 ‘°Joan.xvu,24.
615 2903 635 2919 “
646 2903 761 2931 Zachar.
775 2910 812 2937 ιν,
824 2901 862 2941 to,

215 2949 353 2979 ΡΑτιιοιη
376 2949 434 2978 Gn.
456 2948 584 2979 LXVIII.

1448 2946 1483 2978 10
