1924 3043
232 181 283 208 291)

725 179 754 212 S,
774 179 912 207 CYRILLI
931 179 1170 210 ALEXANDRINI
1187 181 1345 210 ARCIIIEP.

1802 183 1850 211 500

232 242 343 274 peccata
359 241 461 268 nostra,
476 239 505 263 ut
519 243 569 262 nos
583 239 694 271 propter
710 236 798 270 ipsum
814 240 842 262 et
861 244 910 270 per
925 235 1014 270 ipsum

1068 237 1131 271 γοῦν
1147 239 1161 264 6
1176 237 1318 273 προφήτης
1335 236 1468 273 Ίερεμίας
1479 237 1542 270 τοὺς
1553 236 1607 265 τῶν
1627 237 1761 266 Ἰουδαίων
1772 239 1850 270 λαοὺς

200 296 204 301 -
231 284 293 319 puri
307 290 338 310 ac
350 281 485 316 splendidi
497 282 592 308 simus.
607 281 641 308 Et
654 286 727 308 certe
734 281 868 316 propheta
884 281 1016 308 Jeremias

231 328 265 354 de
292 325 448 353 Judatorum
471 325 580 360 populis
601 326 648 360 qui
673 326 862 360 purgationem
885 326 1015 361 repudia-

230 376 292 400 rent
309 378 370 398 eam
378 378 438 405 qum
447 379 497 405 per
507 370 646 398 Christum
659 370 811 406 perﬁcitur,
827 371 1015 406 conqueritur,

229 417 339 444 (licens:
360 416 478 444 «Deiecit
489 417 667 444 sulllatorium
680 417 714 444 ab
729 417 800 452 igne,
818 417 917 444 defecit
929 417 1018 452 plum-

231 463 305 494 bum,
331 461 431 489 frustra
451 462 622 498 argentarius
646 461 756 494 conﬁat,
775 462 904 497 nequitia:
919 470 1014 490 eorum

230 516 283 535 non
303 511 367 535 sunt
386 512 504 535 excocta:
523 516 529 535 Ζ
548 512 693 543 argentum
718 508 895 543 reprobatum
919 512 1018 536 vocate

230 553 299 585 illos,
309 553 374 588 quia
384 553 540 588 reprobavit
550 553 610 581 illos
621 553 753 580 Dominus
763 553 794 580 ".
802 563 810 579 ι
822 553 955 588 lntelligis
965 553 1017 589 igi-

230 603 274 625 tur
287 606 340 627 non
357 598 496 633 ignorasse
508 598 674 634 Scripturam
682 598 801 625 divinam
825 599 1017 634 purgationem

230 645 335 680 argenti
353 645 411 672 sine
422 644 533 680 plumbo
547 644 604 671 ﬁeri
620 653 674 672 non
687 652 777 680 posse.
789 645 869 680 Ergo,
879 645 943 680 quia
956 653 1016 677 nos,

231 699 293 718 cum
303 691 411 725 reprobi
421 698 555 722 essemus,
574 699 588 718 a
599 690 709 718 Christo
721 691 828 726 purgati
841 698 946 723 sumus,
957 691 1017 718 ideo

231 736 276 764 ille
294 744 343 771 per
365 737 507 771 plumbum
530 736 670 771 ﬁguratur.
692 737 824 772 Idemque
844 737 963 764 obstruit
987 745 1018 765 os

230 782 391 816 iniquitatis,
403 790 464 817 quae
472 782 561 816 specie
574 782 696 809 mulieris
707 782 844 810 indicatur
856 791 862 809 :
875 787 918 809 est
925 786 1017 809 autem

230 827 329 854 mulier
342 826 510 854 inﬁrmitatis
525 827 607 854 simul
623 831 651 854 et
664 827 812 862 voluptatis
828 833 901 854 nota.
916 828 1018 863 Iniqui-

230 877 271 899 tas
292 879 375 907 porro
401 872 490 899 omnis
510 879 560 907 per
582 872 640 899 hmc
668 871 722 899 duo
743 872 943 906 committitur;
970 873 1017 900 ubi

1067 284 1115 318 τὴν
1124 284 1167 310 διὰ
1182 283 1299 319 Χριστοῦ
1311 283 1443 319 κάθαρσιν
1453 284 1484 310 οὺ
1494 285 1700 320 προσιεμένους,
1709 286 1851 312 ἐποτνιᾶτο

1066 327 1169 362 λέγων’
1189 337 1197 354 ι
1219 327 1339 360 Ἐξέλιπε
1356 327 1481 364 φυσητὴρ
1497 328 1551 355 ἀπὺ
1567 329 1662 364 πυρὸς,
1680 329 1789 362 ἐξέλιπε
1807 330 1851 366 μό-

1067 373 1165 406 λιϐδος,
1179 374 1219 406 είς
1230 374 1307 401 κενὸν
1318 374 1506 410 ἀργυροκόπος
1517 374 1712 411 ἀργυροκοπεῖ,
1728 377 1851 412 πονηρίαι

1067 418 1157 445 αὐτῶν
1172 419 1222 445 οὐκ
1245 418 1383 453 ὲτάκησαν
1393 426 1400 433 ·
1410 444 1414 448 ,
1426 417 1557 454 ἀργύριον
1570 418 1852 454 ἀποδεδοκιμασμένον

1067 463 1200 490 καλέσατε
1214 464 1320 496 αὐτοὺς,
1336 464 1377 490 ὅτι
1392 463 1591 498 ἀπεδοκίμασεν
1600 463 1698 495 αὐτοὺς
1708 463 1820 499 Κύριος.
1840 474 1848 489 ι

1067 509 1163 544 Συνίης
1174 507 1220 536 οὖν
1236 509 1310 541 ὅπως
1322 509 1372 536 οὐκ
1386 509 1518 544 ἠγνόηκεν
1533 509 1550 544 ή
1566 509 1625 536 θεία
1637 509 1733 545 Γραφὴ
1748 509 1798 545 τὴν
1810 511 1850 536 ἐπ’

1066 554 1180 590 ἀργύρῳ
1191 555 1323 589 κάθαρσιν
1336 555 1366 581 οὐ
1381 555 1442 590 δίχα
1451 554 1577 590 μολίϐδου
1594 555 1761 591 πράττεσθαι
1775 556 1851 583 δυνα-

1069 600 1163 635 μένην.
1191 600 1296 627 Οὺκοῦν
1329 600 1478 636 ἐπειδήπερ
1501 600 1646 635 ἀδοκίμους
1673 600 1753 633 ὄντας
1780 602 1850 637 ἡμᾶς

1067 644 1233 681 ἐξεκάοηρεν
1249 646 1263 672 ὁ
1285 645 1412 680 Χριστὸς,
1435 645 1550 680 μολίϐδῳ
1574 646 1784 681 παρεικάζεται,
1807 648 1851 674 καὶ

1067 691 1147 723 αὐτὸς
1167 691 1316 727 ἐμφράττει
1329 691 1378 726 τῆς
1395 691 1531 726 ἁμαρτίας
1545 691 1575 718 τὸ
1593 691 1690 727 στόμα,
1704 694 1755 728 τῆς
1770 693 1806 725 ὡς
1824 696 1851 721 ἓν

1067 737 1132 763 εῖδει
1151 736 1290 770 γυναικός.
1307 735 1377 771 Γυνὴ
1398 735 1426 762 δὲ
1443 735 1578 771 σύμϐολον
1591 736 1732 769 ἀσθενείας
1747 746 1777 764 τε
1796 738 1851 773 ἅμα

1067 782 1115 809 καὶ
1128 782 1235 817 ἡδονῆς,
1251 781 1351 816 ἀνομία
1367 789 1397 807 τε
1416 781 1490 807 πᾶσα
1503 780 1547 808 διὰ
1568 781 1670 809 τούτων
1690 783 1849 817 πράττεται.

1073 828 1168 862 Ἡδονῇ
1181 827 1235 862 γὰρ
1247 826 1302 854 τινὶ
1315 828 1347 862 τῇ
1358 826 1398 857 είς
1407 826 1437 853 τὸ
1446 826 1536 861 τυχὸν,
1549 826 1565 862 ἢ
1580 826 1639 853 τόδε
1647 828 1853 866 προκατεφθαρ-

1070 873 1149 908 μένος
1174 873 1188 899 6
1204 872 1276 904 νοῦς,
1300 871 1371 898 οὕτω
1396 881 1426 898 τε
1450 872 1702 908 ἀπονευρούμενος,
1726 875 1790 906 τοὺς
1813 877 1852 906 εἰς

229 918 303 945 enim
317 917 393 953 prius
405 925 483 945 mens
493 918 633 953 voluptate
646 918 749 953 aliqua,
762 926 843 952 quam
857 926 890 946 ex
903 919 954 946 hac
971 923 1014 946 aut

1068 918 1168 954 ἀρετὴν
1186 917 1375 953 ἀποφέροντας
1393 917 1484 951 ἀνίησι
1500 918 1607 950 πόνους,
1625 919 1718 946 πίπτει
1741 920 1770 948 δὲ
1786 921 1851 956 πρὶς

230 964 276 991 illa
289 972 318 991 re
330 963 493 999 perceperit,
509 968 636 999 corrupta
644 964 738 996 fuerit,
756 968 814 991 tum
830 969 959 992 enervata
975 965 1016 992 la-

229 1008 311 1035 bores
326 1008 440 1036 remittit
451 1009 520 1041 illos,
541 1009 587 1044 qui
608 1009 643 1036 ad
662 1009 792 1036 virtutem
812 1009 914 1042 ferunt,
938 1014 965 1037 et
983 1010 1016 1037 ad

230 1058 371 1088 peccatum
384 1054 486 1081 labitur
497 1054 632 1082 humanus
646 1054 753 1081 animus
766 1063 771 1080 :
794 1054 885 1090 itaque
892 1055 1016 1090 volupta-

232 1100 266 1126 tis
277 1100 371 1134 potius
386 1104 522 1128 amatores
540 1108 622 1135 quam
643 1101 690 1128 Dei
711 1100 824 1136 quidam
838 1100 968 1127 dicuntur
984 1101 1015 1127 ".

229 1145 385 1180 Alloquitur
405 1144 486 1173 etiam
510 1146 643 1181 propheta
664 1153 711 1173 eos
741 1146 787 1181 qui
806 1154 839 1173 ex
860 1145 1016 1174 inﬁrmitate

229 1189 314 1216 animi
333 1189 437 1224 peccati
457 1197 488 1217 ac
506 1189 611 1218 vitiosae
632 1189 822 1218 dissolutionis
842 1191 937 1218 morbo
957 1192 1016 1219 lan-

230 1233 370 1268 guebant:
391 1244 400 1259 ι
421 1233 736 1268 C0nfortamini,manus
753 1235 881 1269 remissae,
894 1240 1018 1271 etgenua

229 1279 364 1307 dissoluta
380 1278 412 1307 “.
431 1290 440 1306 ι

266 1325 363 1352 PALL.
386 1325 438 1353 Sed
457 1326 490 1353 de
509 1326 562 1354 hoc
584 1327 660 1354 satis.
686 1326 756 1354 Illud
781 1335 846 1356 vero
872 1329 1017 1356 mulierum

230 1379 290 1406 par,
303 1379 405 1406 quaeso,
431 1380 491 1407 quae
511 1380 666 1401 mensuram
685 1378 766 1409 atque
793 1374 965 1410 iniquitatem
990 1376 1017 1403 in

231 1417 408 1452 Babyloniam
437 1418 577 1454 regionem
601 1419 748 1452 deferunt,
771 1421 837 1456 quid
866 1421 919 1448 sibi
941 1421 1022 1457 vult?‘

230 1463 330 1498 quidve
343 1463 496 1498 signiﬁcat?

261 1509 343 1536 ‘CYR.
359 1509 535 1537 Obstructum
555 1515 607 1543 est,
631 1511 742 1543 Palladi,
762 1520 811 1547 per
828 1512 968 1541 Christum
985 1521 1017 1541 os

231 1556 550 1592 lniquitatis;justiﬁcati
565 1565 683 1592 namque
704 1558 731 1585 in
748 1558 794 1585 illo
809 1566 914 1591 sumus,
933 1563 1015 1595 atque

230 1603 265 1629 ab
281 1599 360 1638 Ῑοῆ.
380 1603 454 1630 omni
478 1602 668 1631 criminatione
691 1604 814 1637 liberati,
837 1605 935 1640 illaque
959 1606 1014 1633 ini-

230 1648 342 1683 quitatis
358 1648 503 1675 adversum
523 1657 573 1676 nos
591 1649 729 1677 accusatio
748 1650 916 1685 conquievit.
936 1651 1014 1680 Hunc

229 1693 302 1719 enim
322 1693 406 1721 totius
427 1693 639 1729 dispensationis
659 1702 715 1722 suae
736 1694 817 1723 ﬁnem
843 1697 1014 1731 propositum

229 1739 325 1766 habuit
344 1739 377 1771 is,
392 1739 438 1774 qui
456 1744 567 1774 propter
584 1748 644 1773 nos,
666 1741 816 1768 secundum
839 1749 899 1774 nos,
917 1747 946 1770 et
963 1751 1014 1778 pro

229 1785 308 1811 nobis
321 1789 436 1812 mortem
449 1784 697 1817 subiit,etsidenuo
710 1787 823 1820 revixit;
840 1794 928 1822 neque
939 1788 1013 1815 enim

229 1831 270 1858 fas
281 1835 350 1863 erat,
372 1836 402 1858 ut
420 1831 476 1858 vita
498 1831 579 1858 morti
606 1833 808 1860 succumberet.
820 1832 874 1860 Sed
889 1834 1013 1861 nonnulli

229 1884 286 1903 non
298 1876 475 1916 crediderunt
482 1876 584 1904 Christi
597 1877 761 1912 Evangelio;
775 1878 902 1913 ideoque,
920 1886 982 1906 cum
998 1887 1013 1907 a

230 1927 343 1957 peccato
361 1922 460 1950 redimi
479 1924 629 1956 noluerint,
649 1924 688 1951 nil
700 1924 810 1958 mirum,
828 1924 850 1952 si
863 1925 923 1960 ejus
947 1934 1013 1961 pec-

229 1968 283 1994 cati
298 1968 433 1996 sarcinam
451 1968 541 1996 denuo
553 1969 655 2002 ferunt,
671 1978 752 2005 quam
763 1971 821 1998 suis
833 1971 885 2006 ipsi
896 1973 1012 2000 cervici-

229 2014 282 2040 bus
294 2013 452 2041 inﬁrmitate
471 2015 595 2048 rationis,
608 2020 635 2042 et
646 2015 775 2051 languore
785 2017 894 2050 mentis,
906 2022 934 2044 et
943 2018 1012 2046 mol-

228 2058 287 2085 litie
314 2058 397 2085 animi
430 2067 526 2094 parum
546 2060 634 2088 virilis
662 2061 858 2096 imposuerunt.
881 2062 913 2089 lli
939 2063 1012 2090 omni

228 2103 325 2138 spiritu
348 2103 472 2138 improbo
495 2105 735 2139 circumferuntur,
767 2111 794 2134 et
816 2107 849 2134 ad
869 2115 950 2135 omne
964 2116 1012 2144 ge-

228 2157 281 2176 nus
293 2149 474 2184 ’-impuritatis
497 2150 735 2178 vehementissime
764 2153 908 2187 compulsi,
939 2161 1013 2180 sum-

228 2202 302 2221 mum
329 2195 449 2232 studium
486 2195 568 2222 rebus
595 2195 702 2223 vitiosis
727 2195 896 2231 impendunt.
924 2198 1012 2226 Studii

227 2247 309 2275 porro
318 2240 422 2276 insigne
433 2246 497 2268 sunt
505 2248 609 2276 pennae,
619 2248 685 2276 quas
693 2241 775 2268 etiam
782 2249 842 2269 esse
849 2242 886 2269 ait
897 2251 1010 2278 upupze:
1029 2261 1052 2290 ο

226 2293 312 2321 genus
333 2291 374 2313 est
399 2292 490 2316 autem
518 2287 544 2314 id
574 2287 697 2320 avicula},
729 2295 789 2322 qua:
815 2295 923 2322 semper
940 2288 1012 2316 circa

226 2333 313 2359 lutum
329 2333 447 2367 pessime
459 2333 535 2360 olens
551 2333 633 2365 volat,
644 2337 726 2368 atque
742 2341 776 2361 ex
788 2340 867 2361 emno
881 2338 908 2361 et
922 2334 1012 2361 sordi-

226 2378 277 2405 bus
298 2383 404 2411 pastum
420 2377 498 2412 petit.
517 2376 601 2412 lgitur
624 2377 780 2412 quicunque
801 2385 850 2404 sua
873 2378 962 2405 studia
985 2378 1012 2405 in

227 2423 412 2458 impuritatem
443 2421 593 2453 insumunt,
621 2421 649 2448 bi
676 2421 772 2456 proeul
801 2421 886 2448 dubio
909 2429 1013 2457 pennas

226 2476 324 2504 upupce
335 2469 396 2503 jure
414 2467 518 2502 optimo
538 2467 640 2494 habere
659 2466 768 2494 dicendi
791 2471 864 2494 sunt.
881 2467 1012 2495 Muliebri

226 2515 308 2542 iidem
329 2513 420 2548 specie
443 2516 508 2540 sunt
527 2516 555 2540 et
571 2511 721 2539 eﬂ‘eminati
745 2521 752 2538 τ
775 2511 894 2547 denique
915 2512 1012 2539 eadem

225 2559 311 2586 forma
325 2563 391 2585 sunt
420 2565 473 2593 qua
487 2565 546 2585 esse
571 2556 673 2584 dicitur
694 2557 827 2592 iniquitas
845 2564 940 2584 eorum
961 2557 1011 2584 do-

225 2604 309 2631 mina.
322 2604 356 2631 Ut
371 2603 444 2630 enim
461 2602 615 2630 conformes
626 2601 735 2628 Christo
746 2609 795 2636 per
815 2601 1009 2628 sanctiﬁcatio-

226 2658 288 2678 nem
301 2650 368 2677 ﬁunt
384 2650 431 2684 qui
444 2649 495 2676 sub
518 2648 578 2682 ipso
595 2651 624 2674 et
639 2654 700 2674 cum
717 2647 776 2681 ipso
801 2651 865 2674 sunt
883 2656 890 2673 :
908 2647 947 2673 sic
958 2647 1009 2673 ini-

225 2695 321 2732 quitati
343 2695 496 2722 conformes
520 2701 552 2720 ac
569 2692 673 2720 similes
703 2697 767 2719 sunt
789 2692 835 2727 qni
858 2691 1010 2727 iniquitatis

225 2743 357 2770 sarcinam
378 2740 559 2770 sustulerunt,
579 2738 811 2773 instituernntque
843 2739 925 2765 vitam
948 2745 1010 2764 enm

224 2788 355 2816 vitiorum
388 2785 544 2820 impnritate
577 2784 730 2812 traducere.
761 2784 791 2811 In
820 2783 1009 2818 Babylonieam

1069 963 1205 999 ἁμαρτίαν
1217 964 1234 997 ή
1248 963 1295 989 τοῦ
1311 963 1454 998 ἀνθρώπου
1467 963 1539 999 ψυχή
1549 971 1556 979 ·
1566 964 1704 1000 τοιγάρτοι
1717 966 1852 1002 φιλήδονοι

1070 1007 1169 1044 μᾶλλον
1183 1007 1200 1044 ἢ
1215 1007 1332 1042 φιλόθεοι
1357 1007 1479 1041 λέγονταί
1496 1016 1578 1040 τινες.
1599 1009 1745 1044 Ἐπιφωνεῖ
1763 1010 1792 1037 δὲ
1809 1013 1852 1037 καὶ

1068 1054 1082 1079 ό
1099 1053 1243 1089 προφήτης
1253 1054 1309 1085 τοῖς
1325 1053 1354 1086 ἐξ
1369 1052 1509 1084 ἀσθενείας
1524 1053 1642 1088 ψυχικῆς
1656 1056 1851 1091 κατηρρωστη-

1068 1099 1128 1125 κόσι
1146 1098 1195 1134 τὴν
1206 1099 1353 1134 ἁμαρτίαν,
1365 1099 1412 1125 καὶ
1429 1098 1477 1133 τὴν
1490 1099 1530 1130 είς
1551 1098 1705 1135 φαυλότητα
1720 1100 1848 1136 πάρεσιν·

1071 1153 1080 1169 ι
1104 1143 1241 1179 ’ἰσχύσατε
1258 1145 1346 1180 χεῖρες
1363 1143 1514 1178 ἀνειμέναι,
1531 1144 1578 1171 καὶ
1588 1144 1687 1179 γόνατα
1699 1145 1853 1182 παραλελυ-

1070 1189 1146 1225 μένα.
1165 1200 1174 1216 ι

1103 1326 1206 1352 ΠΛΛΛ.
1232 1324 1301 1351 Ἀλλ’
1315 1321 1365 1352 ὦδε
1380 1324 1430 1359 μὲν
1445 1324 1514 1352 τόδε.
1535 1323 1707 1361 Ξυνωρίςτε,
1723 1325 1786 1353 είπέ
1798 1336 1851 1362 μοι,

1067 1369 1213 1403 γυναικῶν,
1231 1369 1259 1396 αἴ
1275 1369 1306 1395 τδ
1330 1369 1427 1404 μέτρον
1451 1368 1497 1396 καὶ
1525 1370 1576 1405 τὴν
1599 1370 1713 1405 ἀνομίαν
1737 1371 1779 1403 εἰς
1804 1373 1852 1407 γῆν

1067 1415 1234 1451 ἀποφέρουσι
1247 1415 1296 1449 τὴν
1311 1414 1498 1447 Βαϐυλωνίων,
1512 1415 1538 1441 τί
1555 1416 1587 1442 ἂν
1603 1416 1725 1451 βούλοιτο
1735 1416 1832 1453 δηλοῦν
1844 1427 1851 1450 ;

1099 1504 1181 1532 ΚΥΡ.
1205 1503 1413 1540 Ἐμπέφρακται
1434 1504 1493 1539 μὲν,
1511 1501 1534 1530 ὢ
1544 1506 1662 1538 γενναῖε,
1675 1505 1726 1540 τῆς
1740 1506 1854 1541 ἀνομίας

1067 1550 1097 1577 τδ
1112 1550 1198 1585 στόμα
1211 1549 1255 1577 διὰ
1277 1549 1394 1585 Χριστοῦ
1405 1558 1412 1564 ·
1429 1549 1625 1586 δεδικαιώμεθα
1644 1552 1699 1587 γάρ
1719 1553 1748 1578 ὲν
1770 1553 1853 1587 αὐτῷ.

1030 1584 1050 1613 c
1067 1584 1267 1631 ἀπηλλάγμεθά
1291 1584 1320 1622 τε
1340 1595 1440 1627 παντὸς
1456 1584 1626 1631 αἰτιάματος,
1715 1584 1853 1625 πέπαυται

1068 1642 1130 1669 καθ’
1153 1643 1260 1678 ἡμῶνὴ
1276 1643 1324 1677 τῆς
1345 1642 1460 1678 ἀνομίας
1481 1643 1663 1679 κατάῤῥησις.
1681 1644 1780 1678 Γέγονε
1801 1646 1854 1680 γὰρ

1067 1683 1145 1719 οὗτος
1160 1688 1209 1722 τῆς
1221 1688 1343 1723 είςὴμᾶς
1357 1688 1511 1723 οἰκονομίας
1523 1690 1537 1715 6
1552 1689 1662 1723 σκοπὸς,
1675 1689 1713 1725 τῷ
1724 1690 1759 1717 δι’
1771 1691 1852 1726 ἡμᾶς,

1068 1732 1129 1758 καθ’
1141 1732 1225 1767 ἡμᾶς,
1243 1732 1290 1758 καὶ
1306 1731 1376 1767 ὑπὲρ
1388 1732 1476 1766 ἡμῶν,
1491 1734 1531 1764 είς
1544 1732 1667 1766 θάνατον,
1683 1735 1707 1760 εἰ
1728 1735 1777 1761 καὶ
1791 1735 1854 1761 ἀνε-

1068 1776 1119 1804 ϐίω
1133 1777 1228 1804 πάλιν·
1241 1777 1271 1804 οὐ
1284 1777 1339 1813 γάρ
1354 1777 1490 1813 ἐνεδέχετο
1502 1778 1552 1814 τὴν
1567 1778 1639 1814 ζωὴν
1657 1779 1792 1815 ἡττᾶσθαι
1807 1779 1854 1806 θα-

1067 1822 1150 1858 νάτῳ.
1170 1823 1239 1849 Ἀλλ’
1252 1822 1405 1858 ὴπείθησάν
1416 1831 1488 1856 τινες
1500 1823 1540 1860 τῷ
1554 1824 1712 1861 Εὑαγγελίῳ
1724 1826 1772 1853 τοῦ
1787 1827 1854 1862 Χρι-

1067 1867 1142 1900 στοῦ,
1159 1869 1205 1894 καὶ
1216 1867 1265 1904 τὴν
1279 1869 1312 1895 ὲκ
1328 1869 1378 1903 τῆς
1392 1869 1527 1904 ἁμαρτίας
1545 1870 1575 1896 οὐ
1588 1872 1792 1907 προσηκάμενοι
1807 1872 1854 1899 λύ-

1066 1922 1178 1949 τρωσιν,
1198 1914 1378 1950 ἀχθοφοροῠσι
1390 1915 1472 1941 πάλιν
1486 1915 1581 1948 αὐτὴν,
1597 1917 1657 1949 ταῖς
1671 1917 1746 1952 σφῶν
1762 1918 1853 1944 αὐτῶν

1066 1961 1270 1997 έπαρτήσαντες
1278 1961 1410 1996 κεφαλαῖς
1421 1961 1466 1988 διὰ
1477 1962 1574 1998 φρενὸς
1588 1963 1741 1996 ἀσθένειαν,
1753 1966 1799 1992 καὶ
1807 1966 1854 1993 νοῦ

1068 2007 1205 2042 μαλακίαν
1229 2006 1277 2034 καὶ
1293 2007 1438 2043 ἀνανδρίαν
1454 2008 1554 2044 ψυχῆς.
1577 2007 1657 2037 Οὗτοι
1674 2011 1757 2038 παντὶ
1772 2014 1855 2040 πνεύ-

1068 2061 1133 2086 ματι
1152 2051 1347 2087 περιφέρονται
1367 2052 1489 2088 πονηρῷ,
1507 2054 1553 2080 καὶ
1577 2055 1617 2085 είς
1633 2056 1687 2082 πᾶν
1700 2054 1770 2090 εἶδος
1785 2059 1855 2085 ἀκα-

1067 2097 1181 2132 θαρσίας
1215 2097 1357 2132 βιαιότατα
1391 2098 1588 2134 συνωθούμενοι
1623 2101 1754 2138 πλείστην
1787 2104 1854 2139 ὅσην

1067 2142 1204 2169 ποιοῦνται
1216 2142 1265 2178 τὴν
1275 2143 1314 2175 είς
1325 2143 1359 2170 τὰ
1374 2143 1462 2178 φαῦλα
1473 2145 1604 2180 σπουδήν.
1623 2146 1745 2184 Σπουδῆς
1764 2149 1792 2175 δὲ
1806 2159 1855 2186 ση-

1068 2187 1143 2222 μεῖον
1156 2187 1172 2222 ἠ
1188 2186 1301 2222 πτέρυξ,
1317 2188 1350 2222 ἣν
1364 2188 1412 2214 καὶ
1426 2187 1527 2221 ἔποπος
1545 2187 1617 2216 εἶναί
1633 2199 1726 2226 φησιν,
1740 2191 1810 2226 εἴδος
1825 2195 1855 2222 δὲ

1065 2233 1144 2259 τοῦτο
1161 2233 1313 2268 στρουθίου,
1326 2232 1360 2259 τὰ
1374 2233 1428 2260 τῶν
1444 2234 1586 2269 τελμάτων
1602 2236 1645 2263 ἀεὶ
1665 2236 1855 2268 δυσωδέστατα

1065 2278 1248 2313 περιθέοντος,
1269 2279 1316 2306 καὶ
1339 2279 1373 2306 τὰ
1396 2281 1428 2307 ὲκ
1453 2279 1584 2316 βορϐόρου
1607 2282 1654 2309 καὶ
1682 2283 1856 2321 ἀκαθαρσίας

1067 2324 1240 2359 συλλέγοντος
1254 2326 1294 2357 είς
1311 2326 1426 2361 τροφήν.
1436 2326 1514 2354 Ὅσοι
1526 2328 1672 2363 τοιγαροῦν
1688 2329 1738 2361 τὰς
1750 2330 1857 2358 ἑαυτῶν

1066 2371 1183 2403 σπουδὰς
1201 2371 1355 2398 δαπανῶσιν
1372 2373 1412 2403 εἰς
1436 2371 1584 2409 μολυσμὸν,
1599 2370 1672 2401 οὗτοι
1693 2375 1726 2410 δὴ
1745 2377 1856 2409 πάντως

1065 2417 1115 2448 τὰς
1136 2417 1186 2452 μὲν
1200 2417 1340 2452 πτέρυγας
1352 2417 1455 2449 ἔποπος
1465 2418 1578 2450 εἰκότως
1592 2419 1625 2445 ἂν
1638 2419 1709 2455 ἔχειν
1720 2421 1855 2456 λέγοιντο.

1065 2462 1261 2494 Γυναικοειδεῖς
1289 2462 1317 2488 δὲ
1341 2463 1390 2489 καὶ
1419 2463 1507 2494 αὐτοὶ,
1530 2464 1578 2490 καὶ
1608 2465 1855 2503 ὲκτεθηλυμμένοι,

1066 2507 1224 2544 σύμμορφοί
1236 2517 1265 2536 τε
1278 2508 1370 2536 λοιπον
1393 2510 1425 2544 τῇ
1450 2509 1653 2547 τυραννευούσῃ
1677 2512 1750 2539 κατά
1779 2514 1856 2548 σφῶν

1064 2553 1198 2590 ἁμαρτία.
1216 2554 1319 2590 ’Όνπερ
1327 2554 1381 2591 γάρ
1395 2554 1504 2590 τρόπον,
1517 2549 1680 2591 ’σύμμορφοι
1690 2557 1730 2592 τῷ
1743 2558 1856 2596 Χριστῷ

1064 2599 1099 2626 δι’
1111 2599 1246 2635 ἁγιασμοῦ
1262 2600 1405 2634 γεγόνασιν
1420 2601 1444 2627 οί
1457 2601 1502 2628 ὑπ’
1513 2601 1587 2635 αὑτῴ
1594 2609 1624 2628 τε
1641 2602 1688 2629 καὶ
1699 2603 1749 2630 σὺν
1763 2605 1838 2640 αὐτῷ
1850 2614 1856 2620 ·

1064 2645 1136 2672 οὕτω
1153 2646 1200 2673 καὶ
1214 2647 1247 2682 τῇ
1272 2646 1372 2683 ἀνομίᾳ
1388 2646 1545 2682 σύμμορφοί
1560 2655 1590 2674 τε
1614 2647 1661 2674 καὶ
1675 2648 1811 2683 ὁμοειδεῖς
1831 2653 1855 2678 ot

1065 2693 1166 2728 ταύτην
1184 2692 1392 2729 ὲπηχθισμένοι,
1407 2693 1453 2719 καὶ
1473 2694 1506 2728 τῇ
1532 2692 1681 2728 ἀκαθάρτῳ
1703 2694 1854 2732 φαυλότητι

1066 2739 1149 2775 συζῇν
1164 2739 1307 2775 ᾑρημένοι.
1334 2738 1513 2774 Ἀποφέρουσι
1531 2738 1559 2765 δὲ
1574 2738 1604 2765 τὸ
1622 2739 1724 2776 μέτρον
1742 2741 1784 2774 είς
1799 2742 1854 2769 Βα-

1066 2783 1182 2817 ϐυλῶνα,
1199 2783 1245 2810 καὶ
1258 2780 1331 2811 οἶκον
1344 2783 1419 2818 αὐτῷ
1444 2781 1571 2818 ζητοῦσιν
1592 2783 1660 2817 ἐκεῖ,
1681 2785 1855 2822 αἰνιγματω-

259 2885 349 2914 “Jer.
362 2893 396 2917 vr,
409 2883 456 2916 $9,
474 2884 517 2910 50.
555 2884 609 2912 "ll
621 2884 692 2911 Tim.
711 2885 864 2920 rn,‘25eqq.
902 2884 924 2901 ⁸⁸
942 2885 992 2912 lsa.
1005 2892 1084 2919 xxxv,
1106 2885 1130 2913 3.
