1924 3043
103 157 150 184 501
455 156 500 184 DE
519 156 738 183 ADORATIONE
759 155 791 183 IN
813 155 947 184 SPlRlTU
970 156 1013 184 ET
1035 157 1220 185 \‘ERITATE.
1243 158 1307 185 LIB.
1329 157 1372 185 Ν.

1674 158 1726 195 sua

103 214 164 245 δὼς,
177 211 256 248 οἷ’μαὶ
272 222 335 244 που,
348 213 392 239 καὶ
405 212 478 239 τοῦδε
496 213 684 248 σημαίνοντος,
701 213 738 245 ὡς
753 215 777 240 εἰ
795 215 831 249 μή
850 223 891 245 τις

948 221 1025 249 porro
1045 215 1182 250 regionem
1194 224 1347 243 mensuram
1360 215 1495 248 deferunt,
1512 216 1603 250 ibique
1615 217 1727 246 domum

103 260 190 286 ἕλοιτο
204 259 238 285 τὰ
252 258 297 285 διὰ
317 258 445 293 Χριστοῦ,
460 259 507 285 καὶ
526 260 576 294 τῆς
595 259 732 294 ἁμαρτίας
754 259 892 294 ἀγαπήσει

103 306 149 340 τὴν
167 304 315 339 ἕμφραξιν,
337 303 381 330 διὰ
397 304 427 330 τὸ
445 304 511 339 πρὸς
532 304 614 340 μόνας
630 304 701 340 ἔχειν
722 305 892 341 ἀκαθαρσίας

103 351 131 377 τὸ
145 349 320 384 σπούδασμα,
342 349 510 385 ἐξοιχήσεται
532 349 581 385 μὲν
596 350 646 384 τῆς
662 349 742 384 ἁγίας
761 351 892 387 Ἰερουσα-

103 397 166 432 λὴμ,
182 395 256 422 τοῦτ’
272 396 341 427 ἔστι,
361 396 410 430 τῆς
424 395 478 422 τῶν
497 396 676 431 πρωτοτόκων
685 397 766 430 ἁγίας
779 398 891 433 μητρὸς,

103 441 288 473 καλλιπόλεως
313 441 342 468 δὲ
356 442 405 476 τῆς
422 441 494 468 ἄνω·
517 443 659 477 μονονουχὶ
674 442 702 469 δὲ
724 443 892 479 δυσφόρητον

103 487 171 522 ἔχων
183 487 233 521 τὴν
257 486 394 522 ἁμαρτίαν
417 486 537 521 φορτίον.
555 487 711 522 συνοικήσει
730 489 785 519 τοῖς
804 488 891 514 Βαϐυ-

103 532 221 563 λωνίοις,
237 531 310 558 τοῦτ’
323 531 392 563 ἔστι,
404 531 500 566 μερίδα
512 533 558 559 καὶ
573 533 672 568 κλῆρον
684 533 739 566 ἕξει
757 533 825 568 μετὰ
839 534 892 560 τῶν

103 577 192 605 ἀθέων
209 577 423 612 εἰδωλολατρῶν.
442 577 485 603 Ἑν
497 578 546 612 ἴσῳ
560 578 614 614 γὰρ
627 580 683 610 τοῖς
697 579 798 611 ἀθέοις,
808 580 832 606 οἱ
844 580 893 615 τὴν

103 623 146 649 διὰ
161 623 284 658 Χριστοῦ
300 623 433 658 λύτρωσιν
448 624 642 659 ἀτιμάσαντες.
660 625 715 652 Καὶ
728 626 794 660 γοῦν
809 627 823 652 ὁ
838 627 894 652 Σω-

102 669 164 703 τήρ·
181 678 190 693 ι
216 668 279 695 Ἐὰν
294 669 451 705 ἁμαρτήσῃ,
467 669 559 705 φησὶν,
570 670 585 696 ὁ
597 670 709 705 ἁδελφός
721 680 778 703 σου,
792 671 892 705 ὕπαγε,

103 714 213 748 ἔλεγξον
225 714 308 741 αὑτὸν
327 715 430 749 μεταξύ
447 723 493 741 σου
508 716 554 742 καὶ
568 716 650 742 αὐτοῦ
670 716 750 751 μόνου
762 725 768 733 ·
784 718 831 744 ἐάν
847 726 894 744 σου

103 760 220 796 ἀκούσῃ,
237 760 389 796 ἐκέρδησας
414 759 459 786 τὸν
473 760 587 795 ἀδελφόν
601 770 659 788 σοιν
681 762 728 788 ἐὰν
744 762 772 789 δὲ
793 764 829 798 μή
847 772 893 789 σου

103 805 219 841 ἀκούσῃ,
238 805 381 840 παράλαϐε
401 806 470 841 μετὰ
483 806 529 833 σοῦ
542 806 619 842 ἒναῆ
637 806 693 840 δύο,
709 807 752 834 ἴνα
772 808 817 834 ἐπὶ
833 809 893 835 στό-

111 860 198 887 ματος
213 851 261 878 δύο
276 852 292 887 ἢ
312 851 397 887 τριῶν
413 852 560 888 μαρτύρων
574 854 658 889 σταθῇ
680 855 733 880 πᾶν
749 854 833 890 ῥῆμα·
846 855 893 881 ἐὰν

943 259 969 286 ei
989 263 1115 293 quaerunt
1130 268 1135 285 :
1149 267 1209 294 qua:
1221 269 1275 293 res,
1288 262 1316 287 ni
1332 261 1419 293 fallor,
1441 261 1492 288 hoc
1507 261 1619 297 ﬁgurate
1641 263 1726 298 signi-

943 302 1015 336 ﬁcat,
1039 304 1085 338 qui
1104 312 1135 331 ea
1163 304 1232 331 bona
1256 307 1401 341 respuerit,
1433 315 1493 343 qua:
1520 315 1569 343 per
1587 307 1727 345 Christum

942 352 1019 383 parta
1034 349 1114 376 nobis
1143 354 1222 383 sunt;
1245 351 1466 389 adamaveritque
1489 354 1726 387 obstructionem,

942 401 1003 428 quae
1019 402 1053 421 ex
1067 399 1180 428 peccato
1195 400 1246 428 est,
1272 397 1300 424 in
1333 406 1366 426 eo
1387 400 1460 434 quod
1492 400 1613 427 studium
1647 389 1728 428 omne

943 440 970 467 in
988 440 1145 475 impuritate
1167 442 1327 470 collocatum
1355 444 1446 477 habet,
1473 445 1531 473 fore
1551 451 1582 474 ut
1604 447 1626 474 is
1649 452 1729 474 exeat

942 492 976 511 ex
1004 485 1115 513 civitate
1144 493 1237 514 sancta
1265 488 1427 521 Jerusalem,
1456 490 1508 517 hoc
1540 496 1591 523 est,
1624 499 1639 518 θ
1665 499 1727 518 san-

944 536 987 559 cta
1031 532 1078 559 illa
1109 538 1225 567 parente
1260 534 1523 571 primogenitorum,
1555 546 1729 573 super-Itaque

943 585 976 605 ac
1008 578 1194 613 pulcherrima
1231 580 1342 608 civitate
1359 600 1366 614 ,
1404 589 1437 609 ac
1471 583 1592 616 pondere
1624 584 1737 618 peccati,
1774 606 1778 611 .

943 631 1014 658 pene
1032 632 1087 652 non
1111 624 1225 653 ferendo
1252 634 1374 666 pressus,
1404 636 1458 654 una
1490 636 1552 655 eum
1575 629 1735 664 Babyloniis,

944 670 1057 703 habitet,
1089 670 1117 698 id
1148 675 1326 706 est,partem
1364 680 1395 700 ac
1426 678 1526 700 sortem
1544 682 1605 701 cum
1637 674 1729 709 impiis

944 715 1080 742 idolorum
1094 715 1248 743 cultoribus
1262 716 1370 743 habeat.
1395 715 1446 749 Qui
1460 717 1534 743 enim
1562 716 1664 744 Christi
1684 725 1729 744 rc-

944 761 1127 796 demptionem
1141 765 1330 795 contemnunt,
1342 762 1360 788 ii
1369 762 1404 789 ab
1420 762 1511 797 impiis
1523 770 1578 789 non
1589 762 1728 789 dill‘erunt.

943 807 1036 841 Itaque
1048 807 1198 839 Salvatom
1210 807 1238 835 Si
1256 808 1422 843 peccaverit.
1443 808 1542 842 inquit,
1561 808 1645 835 frater
1657 812 1730 840 tuus,

944 852 1022 883 vade,
1043 859 1125 887 argue
1145 851 1223 879 illum
1242 852 1314 879 inter
1333 856 1359 879 te
1384 856 1410 879 et
1423 852 1511 887 ipsum
1536 852 1644 885 solum;
1661 853 1682 879 si
1705 857 1731 880 te

109 897 139 923 δὲ
156 898 206 924 καὶ
218 897 321 924 τούτων
336 898 509 934 παρακούσῃ,
532 899 592 925 εἰπὲ
606 900 640 934 τῇ
666 899 829 936 Ὲκκλησίᾳ·
848 901 892 928 ἐὰν

948 897 1083 929 audierit,
1102 897 1225 924 lucratus
1255 898 1311 924 eris
1331 897 1442 924 fratrem
1471 901 1566 930 tuum;
1595 898 1618 925 si
1640 902 1731 925 autem

103 941 129 969 δὲ
145 943 193 969 καὶ
208 943 260 978 τῆς
282 942 446 978 Ἑκκλησίας
462 944 634 980 παρακούσῃ,
655 944 725 972 ἔστω
745 954 785 972 σοι
798 945 891 983 ὥσπερ

948 952 996 972 non
1011 944 1140 976 audierit,
1157 944 1258 971 adhibe
1273 948 1364 972 tecum
1385 952 1469 971 unum
1489 945 1533 971 vel
1554 944 1632 976 duos,
1651 948 1681 971 ut
1703 944 1731 970 in

104 989 118 1015 ὁ
131 988 241 1020 ἐθνικὸς
256 990 303 1016 καὶ
321 989 336 1015 ὁ
356 989 485 1024 τελώνης.
507 999 516 1016 ι
536 991 614 1017 Ἐστι
629 990 718 1017 τοίνυν
735 991 784 1017 οὐκ
805 992 893 1026 ἀσυμ-

103 1035 199 1069 φανὲς,
216 1036 317 1071 μᾶλλον
333 1035 360 1062 δὲ
371 1036 415 1062 διὰ
431 1036 520 1072 πάσης
538 1037 603 1072 ⁴ἡμῖν
618 1037 829 1073 μεμαρτύρηται
842 1038 892 1072 τῆς

104 1081 178 1114 Oeta;
190 1083 314 1118 Γραφῆς,
328 1084 370 1110 ὅτι
381 1085 456 1112 πᾶσα
466 1084 604 1115 δικαίωσις
615 1083 662 1110 καὶ
674 1084 749 1110 πᾶσα
759 1082 894 1120 λύτρωσις

103 1130 131 1154 ἐν
146 1128 271 1164 Χριστῷ.

941 998 990 1018 ore
1004 991 1122 1018 duorum
1138 990 1181 1017 vel
1203 990 1285 1017 trium
1304 990 1414 1017 testium
1430 993 1484 1017 stet
1498 998 1579 1017 omne
1602 989 1729 1017 verbum.

943 1036 971 1064 Si
980 1040 1071 1064 autem
1088 1044 1178 1072 neque
1189 1037 1240 1064 hos
1254 1036 1331 1071 105
1339 1036 1467 1068 audierit,
1482 1035 1527 1063 dic
1543 1036 1687 1068 Ecclesiae;
1708 1037 1732 1063 si

943 1087 1034 1110 autem
1041 1082 1123 1110 etiam
1132 1081 1282 1109 Ecclesiam
1291 1081 1494 1116 contempserit,
1503 1081 1538 1108 sit
1547 1080 1595 1108 tibi
1603 1085 1732 1116 tanquam

942 1128 1069 1155 ethnicus
1085 1132 1113 1156 et
1132 1129 1295 1163 publicanus
1308 1129 1339 1156 ⁸³.
1355 1139 1364 1154 ι
1386 1129 1434 1156 Est
1454 1129 1537 1164 igitur
1549 1128 1661 1156 minime
1679 1129 1730 1155 ob-

102 1181 226 1206 scurum,
261 1179 343 1210 atque
370 1175 438 1203 adeo
457 1175 540 1203 totius
561 1174 659 1202 divinze
678 1175 826 1210 Scripturae
849 1173 1004 1201 testimonio
1025 1173 1228 1206 conﬁrmatum,
1245 1181 1354 1202 omnem
1372 1173 1597 1210 justiticationem
1618 1179 1648 1202 et
1667 1174 1731 1201 red-

102 1222 272 1257 emptionem
283 1230 343 1250 esse
367 1223 395 1250 in
411 1222 526 1251 Christo.

137 1267 243 1294 ΠΛΛΛ.
261 1266 299 1295 Εὖ
317 1268 394 1303 ἔφης.

139 1354 162 1369 ⁸⁵
175 1353 280 1382 Matth.
301 1362 377 1387 xvm,
396 1355 490 1382 15-17.

981 1265 1079 1293 PALL.
1095 1266 1178 1293 Recte
1193 1265 1294 1293 dixisti.

419 1530 616 1595 ΠΕΡΙ
652 1530 823 1594 ΤΗΣ
861 1530 964 1592 ΕΝ
1004 1527 1444 1596 ΠΝΕΥΜΑΤΙ

729 1662 824 1703 ΚΑΙ
860 1660 1129 1705 ΑΛΗΘΕΙΑΙ

118 1787 152 1851 ,ἐ
321 1772 928 1832 ΠΡΟΣΚΥΝΗΣΕΩΣ
973 1772 1111 1827 ΚΑΙ
1157 1767 1524 1828 ΛΑΤΡΕΙΑΣ

119 1888 160 1903 --*
663 1883 844 1926 ΛΟΓΟΣ
883 1883 1177 1925 ΤΕΤΑΡΤΟΣ.

181 2065 278 2122 DE
322 2065 783 2124 ADORATIONE
831 2067 922 2123 ET
967 2066 1207 2125 CULTU
1253 2065 1324 2124 ΙΝ
1366 2065 1653 2125 SPIRITU

699 2201 781 2252 ET
827 2198 1155 2254 VEBITATE

662 2323 844 2363 LIBER
889 2323 1181 2369 QUARTUS.

102 2487 167 2513 Ὀτι
175 2485 234 2524 τὸν
246 2485 436 2524 κεκᾼημένονς
448 2485 489 2524 είς
501 2484 658 2524 δικαίωσιν
668 2485 748 2524 τζαρὰ
759 2485 834 2524 Θερῦ
846 2485 892 2524 iga}

949 2480 1031 2524 106’
1055 2484 1104 2518 Qui
1133 2485 1167 2511 ad
1176 2483 1401 2524 justi/icationem
1418 2492 1435 2510 α
1463 2483 1516 2524 ι)ςο
1529 2486 1634 2524 vocatus
1645 2484 1688 2515 sit,
1706 2488 1731 2511 et

135 2519 381 2556 λελυτρωμένον,
397 2519 481 2556 αὐτῷ
500 2520 735 2547 κατακολουθεῖν
753 2521 822 2556 χρὴ,
841 2519 890 2547 aiat

135 2555 350 2590 παραιτεῖσθαι
367 2555 425 2590 μὲν·
438 2556 491 2582 τὸν
508 2556 551 2588 εὶς
570 2555 892 2590 φαυλότηταμίιλακι-

136 2588 229 2626 (rubr,
244 2589 298 2629 ζῇν
314 2590 348 2616 δὲ
358 2588 476 2625 μᾶλλον
486 2588 656 2624 ὲπείγὲσθαι
669 2588 829 2625 σύν-νόμως
842 2591 891 2617 καὶ

135 2633 297 2657 νεανικως.

139 2670 283 2706 Σφαλερὸν
301 2671 351 2706 μὲν
370 2667 425 2703 οὖν,
445 2671 482 2702 ὡς
497 2670 594 2704 ἔοικεν,
608 2667 630 2697 ὦ
653 2670 796 2703 Παλλάδιε,
812 2671 895 2706 φαίην

103 2717 126 2743 δ’
141 2717 173 2743 ἂν
187 2717 229 2743 ὅτι
244 2716 293 2743 καὶ
310 2715 523 2752 βδελυρώτατον,
542 2716 607 2743 εἵσω
626 2724 654 2743 τε
669 2717 756 2752 πάσης
779 2716 897 2752 βεὸηκὺς

103 2762 232 2794 ἀτοπίας,
249 2763 287 2797 μὴ
302 2761 333 2788 ’τὸ
343 2762 568 2797 κατανδρίζεσθαι
582 2762 668 2797 φιλεῖν
685 2762 851 2797 φαυλότητός
865 2771 895 2789 τε

104 2808 151 2834 καὶ
169 2808 313 2844 ἁμαρτίας
325 2817 332 2824 ·
347 2807 548 2844 Θρυπτομένους
561 2808 588 2834 δὲ
601 2807 696 2844 ὥσπερ
710 2809 750 2840 εἰς
763 2808 896 2840 ἐκτύπους

104 2853 210 2888 ἡδονὰς,
232 2853 281 2880 καὶ
303 2852 486 2889 θηλυπρεπεῖς
507 2853 642 2888 μαλακίας
660 2853 837 2888 ὲγκαθιέντας
855 2853 895 2888 τῷ

982 2518 1140 2555 ἶαῖίεηιριιιδ,
1158 2520 1182 2545 ei
1198 2519 1282 2555 Deum
1297 2527 1360 2555 esse
1381 2518 1551 2555 sequendum,
1572 2523 1596 2544 ει
1623 2526 1731 2545 excussa

983 2553 1093 2584 mollitie
1109 2562 1168 2590 qua:
1183 2554 1218 2590 ad
1236 2554 1328 2590 vitium
1345 2554 1425 2586 ducit,
1450 2553 1484 2579 ad
1501 2554 1572 2588 piam
1585 2558 1608 2579 et
1624 2561 1733 2587 genera-

982 2601 1040 2619 sam
1058 2589 1137 2618 vitam
1153 2589 1312 2616 enitendum.

985 2671 1172 2700 Periculosum
1192 2670 1303 2705 quidem
1319 2673 1370 2702 est,
1390 2669 1502 2701 Palladi,
1523 2669 1639 2696 nimium
1650 2673 1732 2704 atque

949 2718 1042 2749 etiam,
1061 2717 1084 2744 si
1111 2717 1203 2744 dicere
1226 2716 1317 2748 liceat,
1336 2715 1482 2743 scelestum
1503 2715 1631 2745 maxime,
1657 2719 1684 2741 et
1704 2715 1731 2742 in

948 2763 1045 2798 primis
1069 2762 1265 2792 facinorosum,
1288 2761 1360 2788 nolle
1380 2760 1511 2788 adversus
1531 2759 1681 2794 nequitiam
1701 2767 1733 2786 ac

948 2814 1090 2843 peccatum
1110 2808 1217 2835 fortiter
1234 2815 1262 2835 se
1280 2815 1396 2842 gerere;
1412 2806 1470 2838 sed,
1487 2805 1578 2833 animo
1592 2805 1732 2833 indecoris

950 2854 1134 2889 voluptatibus
1154 2857 1283 2881 euervato
1305 2858 1332 2881 et
1357 2853 1390 2881 ad
1407 2852 1569 2881 muliebrem
1587 2851 1730 2879 mollitiem
