1924 3043
176 185 226 213 505

663 179 693 207 S.
714 179 851 208 CYRlLLl
871 179 1105 208 ALEXANDRINI
1124 179 1281 209 ARClllEP.

1742 181 1798 210 506

176 243 292 278 dejcclo,
318 241 426 269 virtutis
450 242 566 266 conatus
595 237 758 271 detrectare,
783 238 907 273 quamvis
933 239 957 265 in

1013 239 1122 274 νῷ,τῆς
1145 239 1184 270 εἰς
1207 238 1306 274 ἀρετὴν
1328 238 1473 273 εὐτολμίας
1496 238 1656 274 ἀποφοιτᾷν,
1682 241 1729 265 καί
1753 247 1798 266 τοι

175 292 301 324 promptu
313 287 347 314 sit
358 292 437 321 posse
446 284 548 312 Christi
560 291 610 318 ope
626 283 659 310 ad
670 284 852 318 quodcunque
867 291 958 310 rerum

176 332 372 360 laudandarum
398 337 483 365 genus
510 329 678 362 ascendere;
707 329 741 356 ad
759 337 875 364 eantque
900 336 958 356 rem

176 381 300 407 hortetur
310 385 360 405 nos
376 377 431 404 illis
452 375 545 403 verbis
562 375 738 403 beatissimus
760 375 871 407 Paulus,
892 384 901 400 ι
921 375 958 402 De
975 374 985 390 ’

176 430 274 452 «utero
286 421 364 458 107
375 422 566 450 confortamini
578 422 606 449 in
617 421 743 454 Domino,
759 425 788 448 et
799 421 825 448 in
836 421 957 456 potentia

175 469 284 496 virtutis
299 468 359 503 ejus
371 467 404 494 ".
427 476 437 492 ›

209 513 306 541 PALL.
327 513 435 548 Optime
450 512 529 540 dicis.

209 559 288 587 CVR.
300 559 330 586 in
343 558 454 587 Christo
468 565 586 593 namque
595 557 728 586 faciemus
738 558 886 589 virtutem;
907 562 957 584 nec

175 610 276 638 tamen,
296 605 407 640 opinor,
423 605 472 631 ulli
493 604 637 639 contingit,
660 607 691 631 ut
713 604 771 631 sine
794 603 889 630 labore
909 602 957 629 ad-

177 658 271 678 versus
287 651 354 678 vitia
369 651 476 678 fortiter
488 657 518 677 se
537 653 622 685 gerat,
638 649 672 677 ad
691 656 807 684 eamque
822 656 879 676 rem
897 647 957 675 ani-

174 703 249 724 mum
272 696 380 731 erigere
399 695 495 730 possit.

211 740 308 767 PALL.
328 740 479 768 Assentior.

210 785 288 814 CYll.
312 785 445 813 Praeclara
472 792 590 819 namque
608 791 641 812 ea
664 791 708 812 res
725 788 778 817 est,
802 787 830 811 et
849 783 877 811 in
903 789 958 818 qua

176 831 368 867 consequentia
387 839 476 867 operae
491 831 609 866 pretium
629 831 675 863 sit,
694 830 815 858 studium
838 837 958 866 ponere,

176 886 237 914 qum
254 886 268 905 a
287 877 392 913 supinis
410 876 568 904 hominibus
585 877 672 904 teneri
683 884 737 903 non
755 880 863 911 potest;
883 875 959 903 facil-

1011 285 1098 319 παρδν
1118 281 1147 311 εὖ
1164 284 1236 319 μάλα
1259 284 1304 310 διὰ
1321 283 1439 318 Χριστοῦ
1457 283 1525 318 πρὸς
1547 285 1601 310 πᾶν
1621 284 1711 311 ὁτιοῦν
1729 285 1795 311 ἀνα-

1010 329 1144 365 θρώσκειν
1161 329 1290 357 δύνασθαι
1305 329 1360 356 τῶν
1370 327 1590 366 ὶπαινουμένων,
1614 331 1661 356 καὶ
1681 331 1750 365 πρός
1763 338 1797 363 γε

1009 377 1107 411 τούτῳ,
1128 377 1204 412 ἡμᾶς
1222 375 1388 411 παραϐήγει,
1403 376 1498 410 λέγων,
1516 376 1529 402 ὁ
1554 375 1704 411 ἱερώτατος
1722 375 1797 402 Παῦ-

1009 421 1068 454 λος·
1087 432 1096 448 ι
1114 422 1166 448 Τοῦ
1179 421 1272 449 λοιποῦ
1285 421 1483 457 ἐνδυναμοῦσθε
1494 422 1522 448 ὲν
1534 422 1639 458 Κυρίῳ,
1657 423 1703 448 καὶ
1718 423 1747 449 ὲν
1757 421 1798 457 τῷ

1009 468 1105 503 κράτει
1118 468 1168 503 τῆς
1186 467 1278 502 ἰσχύος
1288 467 1381 494 αὑτοῦ.
1401 476 1411 493 ι

1045 514 1149 540 ΠΑΛΛ.
1168 511 1204 541 Εὖ
1221 514 1320 548 λέγεις.

1045 560 1125 586 ΚΥΡ.
1145 559 1297 594 Ποιήσομεν
1320 559 1374 595 γὰρ
1398 559 1512 595 δύναμιν
1536 559 1565 586 ὲν
1586 559 1706 595 Χριστῷ·
1725 560 1798 594 πλὴν

1008 605 1058 631 οὐκ
1077 605 1109 632 ἂν
1124 603 1199 640 οἶμαί
1215 613 1256 637 τις
1277 605 1404 641 ιῖινιδρωτῒ⁸
1419 605 1601 641 κατορθώσειε
1620 605 1649 632 τὸ
1664 613 1799 632 κατανεα-

1009 650 1143 677 νιεύεσθαι
1158 650 1261 684 παθῶν,
1275 651 1321 678 καὶ
1334 651 1470 686 ἀπορθοῦν
1492 651 1532 683 εἰς
1546 651 1625 678 τοῦτο
1637 650 1683 678 τὸν
1698 652 1799 678 οἰκεῖον

1011 696 1119 731 ἰσχῦσαι
1132 695 1203 723 νοῦν.

1044 741 1147 768 ΠΑΛΛ.
1163 741 1302 777 Σύμφημι.

1043 786 1124 814 ΚΥΡ.
1140 787 1284 822 Τοιγάρτοι
1307 787 1401 822 χρῆμα
1419 787 1549 822 διαφανὲς
1571 795 1601 813 τε
1621 787 1668 814 καὶ
1689 788 1799 823 ἀξιόλη-

1009 840 1087 865 πτον,
1104 833 1151 860 καὶ
1164 833 1345 860 ἀναπίπτουσι
1362 833 1410 868 μὲν
1424 833 1472 868 οὐχ
1490 833 1637 868 ἁλώσιμον,
1652 835 1800 869 ἐκτετιμη-

1010 879 1070 906 κόσι
1090 879 1117 905 δὲ
1132 878 1164 905 τδ
1182 880 1281 911 πονεῖν,
1310 879 1479 914 εὐπόριστον.
1510 878 1668 915 Γέγραπται
1689 879 1733 911 δὲ,
1755 880 1800 906 ὃτι

177 910 239 952 lime
248 910 338 951 autem
350 923 384 950 ab
393 923 427 950 iis
438 927 561 958 paratur,
574 923 621 958 qui
640 910 763 950 laborem
773 921 878 949 inertia
888 927 957 956 pra:-

1016 934 1025 951 l
1052 924 1133 960 Ἀνὴρ
1149 925 1178 951 ἔν
1194 910 1284 956 πόνοις
1301 910 1487 960 πονεῖ-ἐαυτῷ,
1504 910 1719 956 καὶ-ἐκϐιάζεται
1731 924 1798 950 ἐαυ-

178 970 308 997 tulerunt.
332 969 469 1005 Scriptum
495 972 538 995 est
556 968 648 995 enim:
672 977 681 993 ι
705 967 752 994 Vir
770 967 798 994 in
820 966 960 994 laboribus

176 1017 229 1043 sibi
244 1016 361 1047 laborat,
376 1010 467 1042 et’vim
483 1013 548 1041 facit
567 1021 625 1041 sua;
640 1011 788 1048 perditioni
804 1011 837 1039 ".
860 1020 870 1038 ι
893 1011 959 1039 Exi-

176 1063 236 1097 guis
249 1066 340 1089 autem
355 1060 497 1088 laboribus
509 1067 601 1087 rerum
614 1059 776 1087 eximiarum
795 1065 874 1093 posse
900 1056 958 1085 ﬁeri

176 1112 340 1143 compotem,
352 1106 465 1134 stultum
475 1110 526 1137 est,
543 1105 650 1140 opinor,
668 1104 711 1131 vel
726 1104 857 1139 cogitare.
868 1102 959 1136 Quid?

175 1161 265 1181 nonne
277 1153 398 1181 omnium
421 1159 514 1179 rerum
532 1150 765 1186 exoptatissimum
781 1154 823 1177 est
839 1150 957 1177 animam

174 1205 295 1231 scrvare,
313 1205 345 1226 ac
356 1205 406 1233 pro
416 1205 464 1225 sua
477 1203 614 1232 quemque
627 1196 683 1223 vita
696 1195 839 1223 retinenda
860 1195 956 1223 decer-

174 1250 232 1272 tare
241 1244 252 1270 ?

210 1288 308 1316 PALL.
324 1288 438 1315 Maxime
456 1294 532 1314 vero.

207 1334 285 1362 CYll.
298 1334 374 1361 illam
385 1341 450 1360 vero
458 1333 550 1368 gloriae
567 1332 718 1359 claritatem
730 1331 831 1367 quibus
847 1331 957 1359 athletis

173 1379 320 1407 convenire
340 1379 457 1406 maxime
471 1381 560 1413 putas,
587 1383 697 1405 rectene
718 1383 745 1405 et
759 1378 956 1406 exercitatione

171 1425 296 1452 adhibita
313 1423 492 1454 certantibus,
512 1427 540 1450 et
552 1422 600 1457 qui
613 1423 733 1451 victoriae
746 1423 893 1450 maximam
912 1432 955 1451 ra-

173 1473 275 1498 tionem
285 1469 405 1501 habent;
420 1476 454 1495 an
471 1468 515 1500 iis,
531 1469 577 1503 qui
592 1467 789 1503 iucundissime
811 1469 956 1504 voluptati-

172 1517 225 1544 bus
249 1515 386 1547 diﬂluunt,
404 1518 432 1542 et
446 1514 611 1542 desidiosam
631 1514 716 1542 vitam
743 1515 853 1550 optimae
874 1519 956 1550 atque

172 1561 404 1598 praestantissimae
417 1559 617 1595 praetulerunt?

1011 970 1059 997 τοῦ
1083 970 1133 1006 τὴν
1158 969 1304 997 ἀπώλειαν.
1332 980 1342 997 ι
1363 967 1479 1004 Μικροῖς
1501 969 1528 996 δὲ
1549 969 1642 1004 ἱδρῶσι
1666 968 1799 996 δύνασθαι

1012 1015 1162 1052 κατορθοῦν
1186 1015 1220 1042 τὰ
1246 1015 1374 1051 ἐξαίρετα
1398 1015 1452 1042 τῶν
1481 1014 1661 1050 πραγμάτων,
1691 1014 1800 1049 ἀμαθὲς

1011 1056 1088 1098 οἶμαί
1101 1070 1163 1093 που,
1178 1061 1225 1089 καὶ
1245 1061 1275 1088 τὸ
1295 1062 1375 1096 μόνον
1393 1062 1502 1088 ἐννοεῖν.
1519 1060 1555 1088 Ἦ
1569 1061 1629 1096 οὐχὶ
1644 1060 1699 1087 τῶν
1710 1061 1801 1087 ἄλλων

1011 1109 1138 1136 ἁπάντων
1157 1108 1222 1143 ἡμῖν
1234 1108 1275 1134 ὅτι
1292 1107 1407 1142 μάλιστα
1421 1106 1638 1143 τιμαλφέστατον
1650 1107 1692 1143 εἴη
1708 1108 1751 1139 ἂν,
1767 1107 1800 1134 τὸ

1009 1154 1140 1181 διασῶσαι
1164 1155 1214 1189 τὴν
1236 1153 1339 1189 ψυχὴν,
1370 1154 1417 1180 καὶ
1442 1153 1494 1188 τῆς
1518 1153 1586 1185 ἰδίας
1610 1153 1800 1190 ὑπεραθλῆσαι

1011 1199 1096 1236 ζωῆς

1046 1289 1148 1316 ΠΔΛΛ.
1166 1289 1292 1316 Μάλιστα
1306 1296 1348 1322 γε.

1046 1334 1124 1361 ΚΥΡ.
1145 1335 1181 1361 To
1195 1335 1223 1361 δὲ
1236 1335 1286 1369 ἤδη
1303 1333 1451 1369 περιφανὲς
1466 1334 1495 1360 ὲν
1509 1333 1586 1369 δόξῃ,
1605 1333 1659 1360 τίσι
1680 1333 1800 1367 μάλιστα

1010 1381 1064 1407 τῶν
1081 1379 1205 1415 ἀθλητῶν
1222 1380 1301 1415 οἰήσῃ
1321 1379 1447 1414 πρέπειν,
1469 1378 1571 1414 πότερα
1591 1380 1648 1410 τοῖς
1670 1378 1800 1406 ἀθλοῦσιν

1010 1424 1097 1461 ὀρθῶς
1107 1424 1153 1451 καὶ
1166 1423 1359 1460 ὲξησκημένως
1369 1444 1377 1456 ,
1397 1424 1443 1450 καὶ
1463 1422 1504 1455 οἷς
1523 1424 1552 1450 ἐν
1564 1423 1635 1459 λόγῳ
1651 1423 1681 1450 τὸ
1697 1424 1799 1459 χρῆναι
1814 1426 1823 1434 “

1010 1472 1097 1506 νικᾷν,
1114 1470 1131 1504 ἧ
1147 1471 1203 1501 τοῖς
1215 1470 1252 1502 ὡς
1264 1470 1359 1505 ἣδιστα
1373 1470 1554 1505 διαχεομένοις
1573 1469 1612 1501 είς
1623 1468 1739 1504 τρυφὰς,
1751 1470 1798 1496 καὶ

1009 1517 1058 1552 τὴν
1077 1517 1106 1544 ὲν
1119 1514 1244 1553 ῥᾳστώνῃ
1258 1515 1340 1551 ζωὴν,
1356 1516 1406 1551 τῆς
1419 1515 1533 1551 ἀρίστης
1549 1514 1764 1551 ἀνθῃρημένοις;

207 1607 305 1636 PALL.
328 1587 451 1640 Quonam
476 1601 557 1633 modo
585 1613 662 1638 vero,
689 1609 737 1633 aut
758 1605 894 1633 undenam
904 1605 957 1633 du-

1044 1603 1149 1631 IIAAA.
1165 1603 1220 1630 Kal
1235 1603 1309 1636 πῶς,
1326 1603 1342 1638 ἢ
1359 1603 1440 1630 πόθεν
1461 1603 1622 1638 ἀμφίλογον,
1642 1604 1679 1635 ὡς
1695 1604 1799 1638 ἥκιστα

174 1655 249 1681 bium
260 1654 387 1688 cuiquam
404 1652 491 1687 possit
504 1659 574 1684 esse,
594 1652 661 1686 quin
674 1652 785 1679 minime
801 1652 835 1679 iis
858 1659 958 1679 conve-

174 1700 231 1727 niat
253 1699 373 1730 vincere,
396 1697 442 1733 qui
456 1697 561 1725 desidia
571 1697 714 1729 laborant,
734 1697 782 1724 sed
802 1697 909 1732 aequius
923 1697 958 1725 sit

172 1745 286 1773 victoria
303 1744 385 1779 potiri
404 1743 452 1778 qui
471 1743 619 1770 alacriores
638 1742 763 1770 fuerint?

206 1790 283 1818 (ΠΒ.
299 1789 369 1817 Num
383 1789 465 1825 igitur
475 1789 608 1821 dicemus,
627 1788 675 1823 qui
690 1788 832 1815 laboribus
845 1787 957 1815 multam

172 1835 288 1863 salutem
305 1834 434 1866 dixerint,
457 1833 697 1867 remissioremque
720 1832 805 1859 vitam
828 1839 860 1859 ac
878 1832 958 1859 volu-

171 1887 296 1916 ptuosam
311 1879 426 1915 amplexi
441 1879 505 1911 sint,
521 1879 574 1905 hoc
592 1878 680 1913 ipsum
698 1878 752 1906 illis
768 1877 862 1914 gloriae
881 1877 958 1905 futu-

174 1926 255 1954 rum?
381 1931 383 1934 '

207 1970 306 1998 PALL.
323 1969 433 1997 Minime
443 1977 518 1996 vero.

207 2016 284 2043 (ΝΒ.
309 2015 393 2050 Igitur
414 2021 584 2048 consequens
602 2019 653 2047 est,
666 2019 696 2041 ut
713 2015 732 2042 ii
747 2014 828 2041 modo
848 2014 957 2041 laudem

173 2066 348 2093 mereantur,
372 2060 419 2095 qui
446 2060 554 2088 labores
583 2060 762 2088 libentissime
784 2060 955 2095 suscipiunt;

174 2116 261 2143 neque
275 2108 335 2135 sine
349 2106 498 2134 certamine
520 2106 664 2142 Contingat
683 2103 811 2141 cuiquam
837 2106 957 2133 nominis

173 2154 291 2181 claritas.

209 2198 306 2226 PALL.
317 2197 356 2225 lta
368 2205 518 2233 congruere
538 2196 655 2224 videtur.

207 2245 285 2272 CYR.
310 2244 394 2271 Recta
414 2244 507 2279 igitur,
534 2243 648 2288 Palladi,
675 2243 709 2269 ad
737 2250 781 2270 res
805 2241 955 2270 laudandas
972 2261 993 2288 υ

1006 1649 1059 1685 ,μὲν
1076 1649 1105 1676 τὺ
1119 1650 1197 1684 νιχᾷν
1213 1649 1313 1684 πρέποι
1329 1649 1363 1676 ἂν
1380 1650 1437 1681 τοῖς
1449 1649 1639 1686 ἡρρωστηκόσι
1658 1650 1690 1677 τὸ
1712 1650 1800 1686 ρᾳθυ-

1010 1697 1080 1731 μεῐν,
1092 1696 1123 1722 τό
1135 1703 1166 1730 γε
1181 1695 1236 1731 μὴν
1246 1695 1374 1723 δύνασθαι
1386 1697 1495 1732 κρατεῖν
1504 1697 1560 1728 τοῖς
1572 1697 1798 1733 ὲπιεικεστέροιςς

1042 1787 1124 1815 ΚΥΡ.
1145 1786 1200 1824 Ἆρ’
1222 1784 1269 1815 οὖν
1285 1788 1400 1824 ἐροῦμεν
1417 1787 1457 1820 ὡς
1471 1786 1519 1815 καὶ
1534 1789 1668 1825 προσήκοι
1681 1789 1721 1821 εις
1748 1790 1800 1816 εὐ-

1008 1833 1099 1866 κλείας
1113 1833 1228 1870 δύναμιν
1243 1834 1273 1861 τὺ
1283 1834 1376 1870 χρῆμα
1392 1833 1493 1867 αὐτοῖς,
1509 1833 1645 1870 ἐρρῶσθαι
1661 1835 1710 1871 μὲν
1726 1836 1800 1871 φρά-

1008 1890 1084 1908 σουσι
1095 1881 1126 1908 τὸ
1141 1881 1242 1917 χρῆναι
1259 1882 1360 1913 πονεῖν,
1375 1881 1438 1916 τόγε
1461 1881 1515 1916 μὴν
1529 1881 1649 1909 ἀνεῖσθαι
1668 1882 1716 1909 καὶ
1729 1891 1799 1918 τρυ-

1009 1928 1061 1962 φᾷν
1075 1927 1222 1962 ἑλομένοις.

1043 1972 1146 1998 ΠΔΛΔ.
1168 1972 1205 1998 οὐ
1226 1972 1274 2007 μὲν
1288 1969 1346 1999 οὗν.

1043 2018 1126 2044 ΚΥΡ.
1145 2017 1258 2052 Ἕψεται
1272 2017 1304 2052 δὴ
1319 2015 1365 2045 οὖν
1380 2019 1435 2050 τοῖς
1450 2018 1491 2045 ὅτι
1507 2018 1624 2054 μάλιστα
1645 2019 1798 2053 φιλοπονω-

1007 2064 1106 2095 τάτοις,
1123 2063 1154 2090 τὺ
1167 2064 1321 2099 εὐδοκιμεῖν
1334 2063 1382 2091 καὶ
1396 2064 1509 2099 ἀγώνων
1519 2065 1583 2101 δίχα
1596 2065 1798 2102 κατορθώσειεν

1007 2108 1040 2136 ἂν
1054 2109 1141 2141 οὐδεὶς
1149 2109 1179 2136 τὸ
1190 2107 1259 2136 εἶναι
1276 2111 1436 2146 περιφανής.

1041 2194 1144 2222 ΠΑΛΛ,
1163 2195 1291 2231 ’Δραρεν.

1047 2239 1128 2268 ΚΥΡ.
1157 2240 1240 2268 ’τιτέον
1265 2242 1296 2277 δὴ
1321 2240 1378 2276 οὖν,
1404 2243 1551 2276 Παλλάδιε,
1576 2244 1635 2271 κατ’
1650 2245 1714 2272 εὐθὺ
1740 2245 1798 2273 τῶν

172 2298 286 2324 pergere
304 2293 429 2324 oportet;
456 2296 488 2315 ac
509 2287 675 2320 fortitudini,
691 2295 752 2322 qua:
773 2288 806 2315 ad
825 2288 955 2315 virtutem

1013 2287 1219 2322 ἐπαινουμένων,
1233 2288 1280 2314 καὶ
1292 2288 1417 2324 ἀνδρείας
1431 2289 1481 2325 τῆς
1497 2290 1536 2322 εὶς
1552 2290 1652 2326 ἀρετὴν
1662 2292 1799 2328 ἐπιμεληο

172 2336 269 2367 tendit,
283 2334 518 2370 magnitudinique
531 2333 614 2360 animi
630 2333 670 2360 illi
681 2334 827 2361 excellenti
844 2333 956 2361 studen-

172 2380 237 2406 dum
250 2383 301 2411 est,
322 2385 404 2413 quam
419 2377 563 2412 Scriptura
583 2377 715 2405 divinitus
734 2378 866 2413 inspirata
888 2379 958 2406 solet

172 2424 311 2456 admirari,
333 2429 361 2452 et
379 2431 439 2458 qum
459 2428 615 2451 sanctorum
637 2424 759 2451 virorum
783 2424 882 2451 animis
915 2424 956 2451 fa-

172 2469 285 2496 miliaris
309 2473 337 2495 et
356 2469 442 2495 amica
465 2473 515 2496 est.
532 2468 625 2504 Itaque
643 2469 686 2496 vir
705 2469 750 2496 ille
778 2469 955 2496 admirandus

172 2514 266 2545 David,
284 2514 344 2548 ejus
354 2513 464 2541 virtutis
475 2513 612 2541 studiosos
625 2514 827 2548 alloquebatur,
839 2513 932 2541 dicens
944 2523 950 2540 :

175 2572 183 2586 ‹
200 2560 318 2588 Virilitcr
329 2561 412 2595 agite,
430 2564 457 2588 et
467 2561 637 2589 conl‘ortetur
651 2568 699 2587 cor
712 2564 843 2589 vestrum.
859 2568 954 2588 omnes

172 2606 217 2642 qui
228 2607 344 2642 speratis
355 2607 382 2633 in
400 2606 514 2633 Domino
524 2607 557 2633 ⁸⁸³.
580 2616 588 2632 ι
602 2607 636 2633 Et
644 2611 772 2640 tanquam
793 2605 845 2633 hoc
852 2606 953 2641 ipsum,

171 2658 197 2679 et
211 2652 320 2687 quidem
335 2660 389 2687 prae
400 2652 504 2679 caneris
518 2651 699 2687 praestitisset,
715 2651 772 2686 ipse
795 2651 829 2678 de
849 2658 878 2678 se
899 2659 954 2678 ma-

171 2697 267 2731 gnifice
281 2697 411 2732 loquitur,
421 2701 449 2724 et
458 2696 497 2723 ait
512 2704 518 2722 ε
541 2705 549 2720 ι
564 2695 695 2722 Dominus
708 2695 871 2722 illuminatio
880 2702 952 2728 mea,

171 2749 199 2772 et
217 2744 291 2772 salus
309 2751 387 2776 mea;
410 2749 492 2777 quem
518 2741 639 2769 timebo?
661 2742 793 2769 Dominus
814 2746 955 2777 protector

172 2789 232 2816 vitae
254 2788 333 2824 108
345 2795 422 2820 mete,
437 2795 452 2814 a
466 2795 520 2821 quo
539 2786 682 2820 trepidabo
697 2787 741 2814 ιη
763 2797 772 2813 ι
793 2786 953 2814 Innumera-

1006 2332 1077 2364 τέον,
1094 2332 1223 2369 εὐψυχίας
1235 2336 1265 2360 τε
1275 2334 1326 2369 τῆς
1338 2335 1407 2369 ἄγαν
1419 2336 1465 2362 καὶ
1478 2336 1703 2372 τεθαυμασμένης
1719 2340 1798 2374 παρά

1007 2385 1036 2403 τε
1047 2378 1079 2413 τῇ
1092 2378 1262 2414 Θεοπνεύστῳ
1271 2380 1378 2415 Γραφῇ,
1389 2380 1495 2416 καὶτῆς
1503 2381 1642 2416 ὲντριϐοῦς
1653 2383 1699 2409 καὶ
1714 2384 1798 2418 φίλης

1006 2423 1061 2450 τῶν
1079 2424 1163 2457 ἁγίων
1177 2424 1285 2460 ψυχαῖς.
1305 2426 1449 2461 Τοιγάρτοι
1465 2427 1511 2453 καὶ
1526 2427 1541 2452 ὁ
1555 2426 1696 2459 θεσπέσιος
1712 2428 1798 2455 Δαὸὶδ

1007 2470 1047 2500 είς
1061 2469 1139 2496 τοῦτο
1152 2470 1350 2498 διανενευκόσιν
1364 2470 1393 2498 εὖ
1409 2471 1492 2507 μάλα,
1511 2473 1680 2509 προσεφώνει
1694 2473 1795 2508 λέγων’

1011 2523 1019 2539 ι
1051 2514 1240 2550 ’Λνδρίζεσθε,
1258 2516 1305 2542 καὶ
1329 2517 1518 2552 κραταιούσθω
1538 2518 1555 2552 ἡ
1583 2518 1680 2553 καρδία
1703 2519 1797 2553 ὑμῶν,

1007 2561 1107 2592 πάντες
1122 2562 1146 2587 οἱ
1163 2561 1317 2594 ἐλπίζοντες
1332 2562 1378 2588 ἐπὶ
1402 2563 1513 2598 Κύριον.
1534 2572 1544 2589 ι
1567 2564 1612 2594 Ὧς
1630 2564 1658 2590 δὲ
1677 2564 1743 2590 αὑτὸ
1761 2565 1796 2600 δὴ

1004 2608 1078 2633 τουτὶ
1103 2608 1150 2634 καὶ
1174 2608 1227 2642 πρό
1247 2616 1279 2642 γε
1304 2609 1356 2635 τῶν
1379 2608 1466 2636 ἄλλων
1485 2610 1692 2646 κατωρθωκὼς,
1711 2612 1795 2643 αὐτὸς

1005 2652 1094 2688 ἑαυτῷ
1118 2653 1298 2687 σεμνύνεται,
1323 2653 1370 2680 καί
1386 2662 1469 2689 φησι·
1499 2664 1507 2680 ι
1533 2655 1634 2691 Κύριος
1652 2657 1796 2691 φωτισμός

1005 2707 1056 2733 μου
1078 2699 1126 2725 καὶ
1155 2699 1250 2735 Σωτήρ
1274 2708 1342 2735 μου,
1370 2700 1430 2726 τίνα.
1455 2700 1663 2737 φοϐηθήσομαι;
1689 2702 1796 2737 Κύριος

1003 2743 1207 2780 ὑπερασπιστὴς
1222 2745 1270 2780 τῆς
1283 2745 1355 2780 ζωῆς
1369 2754 1431 2781 μου,
1447 2746 1502 2773 ἀπὸ
1524 2747 1596 2778 τίνος
1611 2746 1755 2780 δει).ιὰσω;
1782 2758 1792 2774 ι

1002 2787 1096 2823 Μύρια
1110 2788 1164 2824 γὰρ
1180 2789 1229 2815 ὅσα
1249 2790 1313 2826 περὶ
1339 2791 1412 2826 ἡμᾶς
1431 2791 1465 2820 τὰ
1489 2792 1642 2827 σκάνδαλα,
1659 2793 1796 2829 κρείττων

206 2875 442 2910 "Ephes.vi,10.
483 2876 504 2892 ⁸⁷
523 2876 603 2903 Prov.
616 2884 669 2909 xvr,
691 2877 735 2904 26.
775 2876 879 2904 “Psal.
899 2883 957 2910 xxx,

1013 2877 1031 2904 ἰ.
1066 2878 1088 2894 ⁸³
1099 2878 1174 2907 Psal.
1194 2887 1265 2914 xxvt,
1285 2880 1311 2908 1.
