1924 3043
103 168 153 198 305

472 171 518 200 DE
534 168 757 198 ADOIIATIONE
776 169 810 197 IN
831 168 967 197 SPIIUTU
981 169 1025 198 ET
1045 171 1227 200 VERITATE.
1248 173 1311 200 LIB.
1333 174 1376 201 IV.

1675 175 1724 202 506

104 227 142 261 δὲ,
152 223 240 262 οἶμαι,
260 227 362 259 παντὸς
375 227 491 263 ἀριθμοῦ
505 228 607 264 πληθὺς
620 227 766 263 δαιμονίων
780 235 892 262 κατερε-

943 227 1008 256 bilia
1023 236 1141 264 namque
1157 232 1283 260 scandala
1297 240 1347 260 nos
1359 232 1537 261 circumstant
1554 241 1560 260 :
1580 234 1664 263 vincit
1678 243 1725 261 au-

104 271 171 303 θὶζει
187 271 257 306 πρὸς
272 272 419 308 ἁμαρτίαν,
432 272 479 299 καὶ
492 272 605 308 προσέτι
619 271 673 299 τῶν
688 271 815 307 ἐμφύτων
829 271 892 307 ἡδο·

104 317 155 344 νῶν
167 317 218 344 οὐκ
243 317 360 354 ἀγεννὴς
386 318 526 354 άγριότης,
550 317 764 354 φιλοχρηματίαι
788 326 817 345 τε
845 317 893 344 καὶ

104 362 254 398 ἁλαζονὶαι,
271 363 318 390 καὶ
342 364 367 390 oi
384 364 464 399 φόνου
480 364 600 399 γείτονες
615 363 813 399 ἐπισκήπτουσι
829 362 892 397 φθό-

104 417 152 442 νοι,
177 410 256 445 μῖσος
275 410 323 436 καὶ
349 410 528 442 χαταλαλιαὶ,
555 409 603 436 καὶ
624 409 650 436 τί
671 408 724 444 γὰρ
749 409 810 444 οὐχ).
838 408 892 436 τῶν

103 455 204 489 ὁμοίων
218 455 323 482 κακῶν.
345 456 414 482 Ἀλλ’
425 457 450 482 ot
465 456 514 491 μὲν
527 455 633 482 εῠκολοι
647 455 716 491 πρὸς
729 454 891 490 ἀπαγωγὴν,

103 501 158 528 οἰιδ⁹
173 501 235 528 ὅσον
249 502 335 529 εἰπεῖν
351 501 396 529 τοῦ
416 502 515 538 χρῆναι
534 501 665 536 γενναίως
685 501 720 528 τὰ
744 500 834 528 τοιάδε
854 500 893 526 δι-

104 547 226 580 ενεγκεῖν
251 547 328 582 ἄκρῳ
350 547 420 582 τάχα
446 556 497 574 που
523 547 645 581 δακτύλῳ
658 546 891 582 προσψαύσοντες,

103 594 221 628 ἀμελητὶ
239 593 270 620 τὸ
288 594 366 628 νικᾷν
379 593 542 630 ἀπονέμοντι
563 594 620 624 τοῖς
639 592 756 628 ἐχθροῖς,
772 591 899 618 σευτλίον

103 639 247 674 ἡμίεφθον,
265 639 335 666 κατὰ
349 639 397 675 τὴν
409 638 456 665 τοῦ
471 639 609 675 προφήτου
626 637 726 673 φωνὴν,
740 635 821 663 οἱονεί
834 644 892 668 πως

102 685 142 716 εἰς
156 684 210 719 γῆν
225 684 396 719 ἐρριμμένοι,
413 684 460 711 καὶ
473 683 575 719 ἀμαχεὶ
588 683 688 719 τρόπον
701 681 762 709 τινὰ
773 683 829 714 τοῖς
843 681 892 715 τῆς

103 728 487 765 φαυλὼητοςύπενηνεγμένοι
496 728 584 755 ποσίν.
593 728 623 755 Ol
632 727 659 754 δὲ
668 726 805 762 φιλάρετοί
811 726 892 753 τεκαὶ

102 774 315 810 ἀγαθοὶ,γ.αὶτῆς
323 774 425 802 άνωθεν
433 775 570 810 ἐφιέμενοι
580 774 668 809 δόξης,
676 774 747 809 ζωῆς
756 781 785 799 τε
794 772 843 808 τῆς
852 772 892 804 είς

102 820 188 846 αἰῶνα
205 820 366 856 μεταλαχεῖν
378 819 550 855 γλιχόμενοι,
562 819 738 853 γενναιότατα
748 818 794 845 καὶ
805 817 893 845 εὐτολ-

103 864 209 899 μότατα
214 865 272 896 ταῖς
277 864 331 891 τῶν
339 864 411 894 ίδιων
418 863 510 891 παθῶν
519 863 712 896 ὑπαντιάζουσι
719 862 890 899 προσϐολαῖς,

101 910 336 946 κατανεκροῦντες
355 910 404 946 τὴν
419 910 518 945 σάρκα,
531 910 578 937 καὶ
598 909 652 936 τῶν
671 910 700 936 ὲν
716 910 784 945 αὐτῇ
802 918 831 936 τε
845 908 892 935 καὶ
907 900 928 927 Β

101 956 131 990 ἐξ
145 956 230 991 αὐτῆς
242 956 498 991 κατεξανιστάμενοι
512 957 680 992 κινημάτων.
691 955 783 992 Ταύτῃ
794 963 834 982 τοι
845 955 892 982 καλ⁵

102 1003 157 1029 πᾶν
171 1001 242 1033 εἶδος
257 1002 422 1038 φαυλότητός
435 1011 466 1029 τε
482 1003 528 1030 καὶ
543 1003 679 1039 ἁμαρτίας
697 1002 891 1038 εὺτεχνέστατα

101 1048 328 1083 παρωθούμενοι,
341 1048 390 1084 τὴν
404 1049 479 1084 ἱεράν
498 1048 546 1075 καὶ
565 1047 715 1084 ἀμώμητον
730 1047 890 1084 κατορθοῦσι

100 1095 185 1129 ζωὴν,
201 1091 241 1126 οἷς
255 1094 304 1121 καὶ
317 1095 331 1122 ό
349 1094 491 1126 θεσπέσιος
508 1093 614 1126 Παῦλος
631 1094 777 1129 ὲπιφωνεί,
792 1093 890 1128 λέγων’

102 1151 112 1166 ι
130 1140 219 1175 Στῆτε
233 1138 279 1168 οὖν
295 1139 511 1177 περιζωσάμενοι
531 1139 580 1176 τὴν
591 1140 675 1175 ὀσφὺν
692 1139 769 1174 ὑμῶν
780 1139 809 1165 ἐν
823 1139 890 1174 άλη-

99 1186 174 1223 Θείᾳ,
191 1187 241 1213 καὶ
257 1186 433 1221 ἐνδυσάμενοι
447 1185 492 1213 τὸν
511 1185 624 1221 θώρακα
640 1184 690 1220 τῆς
707 1183 890 1219 δικαιοσύνης,

99 1232 148 1258 καὶ
163 1231 363 1266 ὑποδησάμενοι
377 1231 440 1262 τοὺς
453 1230 535 1262 πόδας
546 1231 575 1257 ἐν
588 1229 731 1265 ἑτοιμασίᾳ
743 1229 789 1256 τοῦ
802 1229 892 1263 Εὐαγ-

98 1277 193 1312 γελίου
211 1277 259 1313 τῆς
278 1277 405 1313 εἰρήνης·
423 1276 470 1302 ἐπὶ
485 1277 569 1303 πᾶσιν
587 1275 766 1306 ἀναλαϐόντες
781 1275 826 1302 τὸν
845 1275 892 1302 θυ-

100 1323 163 1358 ρεδν
181 1323 232 1358 τῆς
253 1322 372 1354 πίστεως
383 1343 391 1355 ,
409 1322 437 1348 ὲν
458 1318 481 1356 ᾧ
496 1321 642 1357 δυνήσεσθε
667 1321 756 1348 πάντα
777 1321 812 1347 τὰ
827 1320 891 1357 βέλη

98 1367 147 1394 τοῦ
170 1365 289 1403 πονηροῦ
311 1367 347 1394 τὰ
369 1366 558 1402 πεπυρωμένα
580 1366 685 1393 σϐέσαι.
708 1376 717 1392 ι
740 1366 892 1401 Παντευχία

99 1413 154 1448 γὰρ
177 1413 195 1447 ἡ
219 1413 391 1449 πνευματικὴ
413 1413 469 1444 τοῖς
493 1411 582 1446 ἁγίοις
605 1411 834 1447 πρεπωδεστάτη,
858 1410 892 1446 ἧς

99 1450 226 1492 ἐφίεσθαι
236 1458 290 1484 δεῖν
301 1459 386 1494 ἡμᾶς,
398 1458 421 1484 ει
433 1457 480 1484 καὶ
490 1457 551 1484 καθ’
561 1457 654 1492 ἕτερον
663 1456 773 1492 τρόπον,
786 1456 891 1484 κελεύει

99 1504 122 1529 δ’
140 1501 187 1530 οὖν
210 1505 287 1538 ὅμως
310 1504 358 1530 καὶ
377 1504 458 1535 αὐτὸς
482 1502 496 1530 ό
512 1503 622 1538 Σωτήρ·
649 1512 659 1528 ι
679 1502 821 1529 Ἔστωσαν
837 1502 890 1538 γὰρ

100 1549 179 1584 ὑμῶν
195 1551 222 1576 αἰ
240 1550 350 1584 ὀσφύες,
373 1549 450 1585 φησὶ,
468 1547 697 1583 περιεζωσμέναι,
711 1547 758 1574 καὶ
772 1547 807 1574 τὰ
823 1547 891 1574 ὑπο·
905 1564 926 1593 c

99 1595 209 1629 δήματα
221 1595 249 1620 ὲν
261 1596 318 1626 τοῖς
332 1595 410 1621 ποσὶν
420 1595 507 1630 ὑμῶν,
520 1595 566 1621 καὶ
577 1595 602 1621 οἱ
611 1595 703 1630 λύχνοι
716 1594 865 1630 καιόμενον
879 1604 889 1621 ι

99 1640 131 1667 τὸ
148 1640 196 1675 μὲν
210 1640 328 1672 εῦζωνόν
339 1649 368 1667 τε
386 1641 433 1667 καὶ
444 1640 526 1668 οἱονεί
540 1649 592 1667 που
608 1640 830 1675 συνεσταλμένον,
845 1641 892 1668 ἐπὶ

100 1686 131 1712 τὸ
148 1687 247 1722 χρῆναι
261 1686 409 1721 τληπαϐεἴν
425 1687 495 1722 ὑπὲρ
514 1694 546 1721 γε
568 1686 616 1713 τοῦ
639 1686 759 1721 ἀγαθοῦ,
777 1687 823 1713 καὶ
843 1687 892 1721 τῆς

102 1733 143 1763 είς
157 1732 223 1758 Θεὸν
238 1733 366 1766 ἀγάπης,
385 1733 432 1759 τοῦ
447 1732 590 1765 διεζῶσθαι
612 1733 805 1768 σημαίνοντος·
824 1733 855 1759 τὺ
870 1733 892 1760 δ’

101 1777 234 1812 εὐτρεπές
248 1787 277 1804 τε
292 1779 338 1804 καὶ
355 1778 492 1814 πρόθυμον
503 1799 510 1812 ,
530 1779 570 1812 είς
585 1778 636 1814 τὴν
652 1778 705 1806 ἀπὸ
720 1779 767 1805 τοῦ
788 1778 891 1814 κόσμου

102 1825 269 1851 κατάστασιν
279 1844 286 1857 ,
303 1824 351 1851 τού
368 1824 542 1851 ύποδεδέσθαι
558 1824 621 1856 τοὺς
639 1824 732 1856 πόδας,
744 1823 780 1856 ὼς
793 1823 892 1851 αὐτίκα

101 1870 133 1905 δὴ
150 1870 223 1905 μάλα
240 1870 441 1905 βαδιουμένους,
456 1868 536 1905 οἷπερ
552 1869 585 1897 ἃν
600 1870 674 1906 ἡμᾶς
701 1871 715 1896 ὀ
734 1869 805 1902 θεῖος
824 1870 891 1896 ιέναι

103 1915 224 1949 βούλοιτο
242 1915 340 1950 νόμον
365 1915 395 1942 τό
416 1915 445 1941 δὲ
469 1914 594 1942 καίεσθαι
619 1915 682 1946 τοὺς
695 1914 826 1950 λύχνους,
844 1913 890 1941 τοῦ

103 1961 141 1996 μὴ
159 1961 197 1992 ὡς
209 1961 238 1987 ἐν
254 1961 344 1988 σκότει
361 1969 390 1987 τε
405 1960 453 1987 καὶ
467 1960 572 1996 ἀμαθίᾳ
585 1960 635 1996 ζῇν
650 1959 792 1994 ἀνέχεσθαί
804 1968 892 1992 τινας,

102 2007 131 2033 ὲν
145 2006 216 2041 φωτὶ
225 2006 255 2033 δὲ
270 2007 370 2041 μᾶλλον
383 2005 421 2041 τῷ
434 2005 479 2032 διὰ
491 2004 609 2041 Χριστοῦ
623 2005 674 2040 τὴν
684 2006 723 2037 είς
738 2006 791 2032 πᾶν
803 2005 891 2032 ὁτιοῦν

102 2052 156 2080 τῶν
184 2052 418 2088 τεθαυμασμένων
443 2052 578 2079 ποιεῖσθαι
603 2051 726 2087 πορείαν.
757 2051 892 2083 Ἰουδαίοις

105 2098 154 2133 μὲν
170 2099 203 2125 ὲκ
226 2097 436 2134 φρενοὸλαὸείας
460 2097 539 2125 τοῦτο
553 2097 619 2133 δρᾷν
642 2097 692 2124 οὐκ
708 2097 890 2132 ἀνεχομένοις,

104 2143 276 2178 προσεφώνει
292 2143 425 2179 Χριστός·
447 2153 456 2169 ι
477 2143 551 2174 Ἕως
571 2143 601 2169 τὸ
615 2143 673 2177 φῶς
687 2142 762 2178 ἔχετε
775 2151 892 2178 περιπα-

103 2191 172 2215 τεῖτε
193 2190 223 2216 ὲν
239 2188 278 2224 τῷ
295 2189 374 2223 φωτὶ,
396 2189 441 2216 ἵνα
458 2189 495 2225 μὴ
512 2189 604 2215 σκοτία
621 2189 693 2223 ὑμᾶς
709 2188 858 2224 καταλάϐῃ.
879 2198 888 2213 ι

944 277 1009 306 tem,
1031 280 1061 302 ut
1083 275 1198 311 opinor,
1221 285 1365 305 numerum
1387 285 1497 306 omnem
1530 279 1725 307 daemoniorum

942 320 1102 354 multitudo,
1114 329 1175 357 qua
1188 330 1239 350 nos
1249 323 1283 350 ad
1300 325 1469 360 peccandum
1482 325 1572 354 irritat
1588 334 1593 352 :
1616 325 1650 352 ad
1668 325 1727 353 haec

943 366 1087 394 insitarum
1101 367 1130 394 in
1139 367 1220 395 nobis
1241 369 1410 404 voluptatum
1433 370 1589 399 immani-tas
1612 372 1726 400 minime

941 410 1073 446 vulgaris,
1098 412 1223 446 avaritia,
1244 413 1395 450 iactantia,
1418 414 1520 442 invidia
1544 424 1600 444 non
1618 417 1697 451 longe
1711 427 1726 444 a

942 456 1016 485 caede
1026 461 1143 489 remota,
1157 457 1353 493 odiaquoque,
1363 463 1393 486 et
1403 459 1589 489 detractiones
1603 462 1725 493 lrruunt,

942 504 1095 536 caeteraque
1109 502 1242 538 ejusmodi
1251 503 1327 531 vitia.
1346 503 1398 536 Qui
1415 504 1497 540 igitur
1519 510 1582 533 sunt
1597 507 1681 538 leves,
1695 516 1726 534 ac

941 552 1001 572 sese
1016 545 1095 573 facile
1107 546 1207 573 abduci
1229 546 1332 579 sinunt,
1349 555 1411 576 cum
1433 556 1467 576 ne
1483 549 1596 578 summis
1615 551 1727 585 quidem

941 590 1044 626 digitis,
1059 592 1132 626 quod
1151 591 1285 620 adversus
1307 593 1442 628 ejusmodi
1463 594 1529 622 vitia
1556 596 1705 631 suscipitur
1717 617 1724 628 ,

941 642 1081 664 certamen
1095 638 1240 673 attingant,
1261 638 1328 666 nihil
1354 640 1463 672 morati,
1488 641 1630 668 victoriam
1654 641 1726 669 hosti

942 682 1094 710 concedunt
1134 683 1215 719 (betae
1239 684 1325 712 instar
1351 685 1536 720 semicoctaa),
1560 686 1635 721 juxta
1661 695 1721 721 pro-

941 727 1030 762 phetat
1040 735 1146 761 vocem,
1164 728 1192 756 in
1216 733 1316 756 terram
1335 730 1446 766 abjecti,
1463 738 1497 758 ac
1520 731 1588 758 citra
1610 740 1726 766 pugnam

941 772 1142 807 quodammodo
1167 774 1219 802 sub
1237 775 1366 810 nequitia:
1389 775 1505 810 pedibus
1534 777 1671 810 prostrati.
1695 777 1728 803 At

940 826 1007 846 vero
1025 818 1137 847 virtutis
1154 825 1300 853 amatores,
1321 828 1353 848 ac
1371 821 1451 855 probi
1472 821 1536 854 viri,
1552 821 1654 856 quique
1671 830 1728 849 coe—

941 864 1038 893 lestem
1057 865 1130 892 illam
1143 865 1256 902 gloriam
1273 870 1413 901 exoptant,
1430 867 1546 902 viaeque
1568 867 1641 895 illius
1652 873 1730 894 reter—

941 917 984 937 ηαξ
1002 910 1151 946 participes
1175 919 1236 941 esse
1261 912 1386 947 cupiunt,
1415 911 1527 939 fortiter
1563 920 1595 941 ac
1618 918 1729 942 strenue

941 955 1197 990 perturbationibus
1217 957 1387 986 irruentibus
1411 963 1569 991 occurrunt,
1591 967 1653 986 cum
1667 967 1728 987 ραι-κ

941 1009 1006 1030 nem
1028 1002 1206 1035 mortiﬁcant,
1231 1002 1419 1038 adversusque
1442 1007 1535 1032 motus
1554 1012 1612 1037 eos,
1628 1005 1675 1040 qui
1702 1005 1730 1032 in

944 1047 1004 1082 ipsa
1029 1052 1058 1077 et
1072 1055 1105 1075 ex
1127 1047 1186 1083 ipsa
1202 1052 1277 1081 sunt,
1298 1049 1454 1086 insurgunt.
1472 1050 1565 1084 Itaque
1588 1051 1663 1078 omni
1680 1059 1729 1078 nc»

941 1093 1035 1127 quitize
1049 1100 1081 1120 ac
1093 1094 1198 1129 peccati
1212 1101 1311 1129 genere
1330 1102 1437 1122 summa
1457 1100 1514 1122 arte
1537 1100 1618 1130 atque
1646 1096 1729 1123 indu“

942 1139 1007 1168 stria
1026 1139 1149 1174 depulso,
1159 1143 1280 1169 sanctam
1296 1144 1377 1175 atque
1390 1140 1465 1168 omni
1479 1141 1541 1168 labe
1557 1149 1669 1169 vacuam
1690 1142 1733 1168 vi-

942 1189 998 1212 tam
1011 1184 1142 1220 exigunt:
1157 1192 1227 1220 quos
1248 1185 1331 1212 etiam
1352 1184 1463 1212 divinus
1482 1185 1524 1212 vir
1546 1186 1646 1214 Paulus
1661 1187 1729 1214 allo—

941 1230 1046 1265 quitur,
1062 1230 1157 1258 dicens
1172 1239 1179 1257 :
1194 1240 1204 1256 ‹
1226 1231 1301 1259 State
1314 1231 1397 1266 igitur
1409 1231 1542 1259 succincti
1564 1232 1672 1260 lumbos
1682 1241 1729 1260 vc—

941 1281 1013 1304 stros
1034 1277 1062 1305 in
1085 1279 1212 1311 veritate,
1233 1283 1261 1306 et
1284 1278 1374 1306 induti
1408 1279 1521 1307 loricam
1543 1280 1673 1315 iustitiae,
1702 1285 1731 1307 et

941 1322 1053 1349 calceati
1071 1322 1156 1358 pedes
1179 1323 1206 1351 in
1226 1323 1452 1359 praeparationem
1476 1325 1615 1360 Evangelii
1636 1326 1730 1360 pacis;

941 1367 975 1394 ad
996 1368 1053 1396 hinc
1065 1368 1158 1399 omnia
1165 1373 1305 1397 sumentes
1324 1375 1430 1397 scutum
1446 1369 1520 1403 ﬁdei,
1538 1370 1565 1398 in
1581 1378 1635 1405 quo
1655 1367 1742 1405 pote!

941 1412 1002 1440 ritis
1021 1413 1113 1443 omnia
1135 1414 1190 1441 tela
1209 1414 1373 1449 nequissimi
1388 1415 1467 1451 ignea
1480 1415 1654 1451 exstinguere
1670 1415 1703 1442 ⁷⁵⁸).
1718 1425 1726 1440 ι

941 1457 1087 1485 Armatura
1096 1465 1215 1495 namque
1233 1459 1383 1494 spititualis
1402 1464 1511 1487 sanctos
1523 1460 1600 1487 viros
1612 1459 1730 1487 maxime

941 1503 1030 1536 decet,
1040 1512 1123 1539 quam
1137 1512 1198 1538 nos,
1210 1505 1262 1533 etsi
1277 1505 1330 1535 alio
1341 1506 1432 1538 modo,
1444 1506 1523 1542 jubet
1536 1510 1632 1535 tamen
1650 1514 1732 1541 cxpe—

942 1551 1001 1576 tere
1012 1549 1094 1577 etiam
1122 1550 1180 1585 ipse
1205 1550 1357 1580 Salvator:
1391 1561 1400 1577 ι
1422 1552 1482 1579 Sint
1510 1551 1603 1585 enim,
1631 1552 1729 1586 inquit.

942 1594 1029 1622 lumbi
1045 1595 1129 1629 vestri
1144 1596 1296 1631 praecincti,
1316 1601 1345 1624 et
1356 1597 1440 1625 calcei
1452 1597 1480 1624 in
1492 1597 1610 1634 pedibus
1621 1597 1729 1625 vestris.

942 1644 972 1668 et
990 1640 1111 1668 lucerna
1134 1641 1262 1669 ardentes
1280 1642 1303 1659 "
1325 1651 1334 1669 :
1361 1652 1371 1669 ›
1405 1642 1589 1678 praecingendi
1613 1650 1732 1677 namque

943 1687 1028 1714 verbo
1043 1687 1213 1722 signiﬁcatur
1223 1689 1371 1721 accinctos,
1382 1696 1414 1716 ac
1427 1689 1512 1717 veluti
1527 1689 1641 1716 collecta
1652 1696 1730 1715 com-

943 1739 1091 1767 pressaque
1114 1736 1190 1760 veste
1210 1733 1354 1768 expeditos
1379 1733 1412 1760 ad
1430 1734 1500 1762 mala
1516 1741 1566 1768 pro
1580 1733 1681 1760 virtute
1704 1737 1732 1759 ct

942 1778 991 1806 Dei
1003 1778 1138 1806 charitate
1147 1772 1288 1806 toleranda
1299 1786 1359 1806 esse
1370 1783 1497 1814 oportere
1512 1779 1655 1814 :subligali
1664 1783 1731 1806 Vero

942 1822 1030 1858 pedes
1040 1823 1163 1850 indicant
1184 1828 1293 1859 paratos
1317 1824 1478 1859 alacresque
1499 1823 1532 1851 ad
1558 1824 1731 1859 migrandum
1760 1847 1763 1850 .

942 1876 977 1895 ex
987 1868 1040 1896 hoc
1055 1869 1168 1900 mundo,
1190 1873 1221 1896 ut
1244 1869 1446 1904 quamprimum
1472 1868 1642 1904 profecturos
1662 1878 1731 1903 quo-

943 1922 1052 1949 cunque
1072 1915 1113 1942 ire
1138 1915 1262 1942 divinum
1289 1914 1435 1950 imperium
1457 1914 1590 1951 jusserit;
1613 1914 1733 1941 lucernae

942 1959 1060 1994 denique
1074 1959 1201 1987 ardentes
1216 1959 1380 1995 signiﬁcant,
1398 1966 1452 1987 non
1476 1966 1537 1987 esse
1558 1959 1686 1993 cuiquam
1705 1960 1733 1985 in

944 2003 1065 2032 tenebris
1087 2008 1170 2039 atque
1193 2004 1301 2032 inscitia
1321 2005 1479 2036 vivendum,
1506 2005 1553 2032 sed
1578 2004 1604 2032 i'n
1630 2004 1733 2032 Christi

943 2049 1047 2078 lumine
1064 2049 1098 2077 ad
1117 2057 1149 2076 ea
1173 2049 1267 2077 omnia
1291 2057 1352 2084 quae
1370 2049 1519 2077 laudabilia
1531 2054 1596 2077 sunt
1617 2056 1732 2077 contem

942 2095 1072 2123 dendum.
1103 2095 1211 2123 Judzeos
1253 2095 1332 2130 109
1368 2095 1498 2130 quidem,
1526 2095 1600 2130 quod
1641 2101 1733 2122 essent

942 2149 1038 2176 parum
1063 2148 1128 2168 sana
1155 2144 1247 2168 mente
1262 2160 1269 2173 ,
1298 2141 1325 2167 id
1349 2139 1438 2168 facere
1461 2145 1643 2172 recusantes,
1669 2142 1729 2167 allo-

943 2187 1080 2223 quebatur
1089 2186 1224 2219 Christus,
1242 2196 1251 2211 σ
1268 2186 1447 2218 Dumlucem,
1458 2186 1595 2221 inquiens,
1615 2187 1731 2217 habetis,

105 2233 207 2260 Οὐκοῦν
232 2233 376 2268 ἑτοιμότης
390 2234 430 2264 είς
449 2233 550 2269 ἀρετὴν
568 2233 616 2259 καὶ
637 2233 748 2268 ἀνδρεία
766 2234 892 2269 φρονήσει

946 2233 1083 2260 ambulate
1109 2231 1137 2259 in
1167 2231 1239 2263 luce,
1264 2239 1299 2258 ne
1325 2239 1374 2258 vos
1406 2231 1525 2258 tenebrat
1550 2232 1727 2266 comprehcn—

105 2278 326 2314 συνεζευγμένη,
341 2278 466 2314 λαμπρὸν
503 2279 549 2306 καὶ
565 2278 711 2314 περίοπτον
729 2279 893 2314 άποφήνειεν

105 2323 136 2350 ἂν
152 2324 202 2360 τῆς
217 2323 359 2356 εύσεόείας
372 2325 418 2350 τδν
434 2325 562 2360 ἐραστήν.

139 2410 247 2437 ΠΑΔΛ.
265 2407 304 2436 Εὖ
319 2409 380 2444 λέγε
385 2418 419 2441 ις.

138 2456 223 2483 ΚΥΡ.
247 2456 286 2482 ού
297 2456 360 2491 ’γὰρ
373 2456 401 2482 ὲν
414 2455 454 2491 τῷ
474 2455 596 2482 ἀνεῖσθαι
615 2455 719 2490 φιλεῖν,
736 2455 766 2482 τὸ
787 2455 896 2487 εὐκλεὲς

104 2502 274 2537 εὑρήσομεν·
290 2501 349 2529 ἀλλ’
360 2501 439 2537 εῐπερ
457 2500 546 2536 ἱδροῦν
558 2501 646 2529 ἓλοιτό
660 2510 713 2534 τις,
729 2502 790 2528 τότε
801 2502 833 2537 δὴ
847 2502 896 2537 μό-

104 2548 144 2578 λις
163 2548 243 2574 ἕσται
266 2547 394 2583 λαμπρός
407 2556 437 2575 τε
454 2550 502 2576 καὶ
519 2549 743 2584 εὐδοκιμώτατος.
759 2549 813 2576 Καὶ
832 2549 899 2584 γοῦν

106 2595 279 2629 ποιουμένοις
294 2594 334 2620 ἔτι
349 2595 395 2626 τὰς
411 2595 441 2621 ἐν
457 2595 587 2631 Αἰγύπτῳ
604 2595 744 2630 διατριὸὰς
758 2596 815 2626 τοῖς
829 2596 895 2626 υἱοῖς

111 2639 231 2675 Ἰσραὴλ,
246 2640 373 2674 ἐφίστησι
389 2641 438 2675 μὲν
452 2641 599 2672 ἐπιστάτας
614 2641 668 2667 τῶν
688 2640 775 2676 ἔργων
792 2641 894 2672 δεινοὺς

107 2685 152 2710 καὶ
165 2685 284 2720 πικροὺς
294 2686 309 2711 ό
321 2684 435 2720 βέϐηλος
451 2685 551 2721 Φαραώ
563 2693 570 2701 ⁸
583 2686 606 2712 οἱ
620 2686 657 2716 δὲ.
673 2685 723 2720 τὴν
737 2685 894 2720 ἀνεθέλητόν

107 2737 135 2755 τε
146 2730 240 2761 αὐτοῖς
249 2750 257 2762 ,
270 2730 318 2756 καὶ
340 2730 376 2761 ὡς
390 2730 420 2762 ἐξ
436 2731 558 2766 ἀνάγκης
570 2731 775 2766 ὲπερῤιμμὲνην
795 2731 890 2765 σκληρ-

108 2775 229 2808 αγωγίαν
256 2775 407 2810 γύμνασμα
430 2776 583 2811 ποιούμενοι
610 2777 677 2812 προς
696 2777 724 2803 τὸ
742 2777 892 2812 τληπαθὲς,

947 2279 1013 2306 dant
1023 2279 1057 2304 ⁵⁸.
1074 2288 1083 2304 ι
1098 2277 1211 2305 Pietatis
1222 2277 1305 2312 igitur
1318 2280 1467 2304 amatorem
1483 2276 1609 2303 alacritas
1627 2277 1658 2303 ad
1680 2278 1737 2303 vir-

948 2329 1035 2352 tutem
1057 2323 1271 2358 capessendam,
1294 2329 1326 2349 ac
1348 2321 1482 2348 fortitudo
1501 2329 1563 2348 cum
1587 2322 1731 2356 prudentia

948 2370 1092 2404 conjuncta
1113 2368 1217 2396 clarum
1232 2372 1313 2402 atque
1335 2366 1513 2402 conspicuum
1528 2367 1626 2394 reddit.

983 2414 1082 2442 PALL.
1098 2413 1206 2448 Optime
1221 2412 1298 2439 dicis.

980 2459 1058 2486 ΟΥΕ.
1076 2457 1136 2485 Νοιι
1158 2456 1232 2484 enim
1252 2455 1386 2483 dissoluta
1407 2454 1575 2489 remissaquc
1597 2454 1650 2480 vita
1675 2456 1732 2488 glo«

946 2505 1014 2532 riam
1032 2502 1161 2537 consequi
1178 2502 1256 2533 licet;
1273 2500 1340 2536 quin
1356 2500 1457 2535 potius,
1473 2500 1580 2527 etiamsi
1597 2499 1733 2534 quispiam

946 2550 1054 2578 labores
1078 2556 1110 2576 ac
1132 2547 1247 2575 sudores
1265 2546 1387 2581 perferre
1410 2546 1547 2578 statuerit,
1573 2545 1618 2572 vix
1643 2548 1733 2571 tamen

948 2595 1120 2630 splendorem
1141 2593 1304 2627 laudemque
1324 2591 1457 2626 insignem
1480 2591 1654 2625 adipiscetur.
1680 2590 1734 2617 Ita—

948 2650 1002 2677 que
1023 2641 1086 2668 ﬁliis
1102 2640 1195 2671 Israel,
1214 2646 1276 2666 cum
1293 2637 1384 2664 adhuc
1404 2637 1432 2664 in
1454 2636 1570 2672 Egypto
1591 2636 1731 2671 degerent.

949 2687 1078 2722 imposuit
1101 2685 1211 2721 quidem
1236 2692 1350 2719 operum
1375 2683 1516 2718 praefectos
1536 2690 1631 2718 graves
1656 2689 1732 2708 acrr-

949 2731 1052 2766 bosque
1074 2730 1204 2765 profanus
1222 2729 1266 2756 ille
1287 2729 1392 2756 Pharao
1409 2737 1415 2754 ι
1434 2732 1461 2754 at
1486 2726 1535 2760 iiIi,
1553 2727 1615 2762 quia
1638 2726 1733 2753 duram

949 2776 1022 2803 illam
1039 2775 1147 2803 vivendi
1164 2775 1261 2809 legem,
1277 2773 1400 2808 quamvis
1418 2773 1510 2800 invitis
1528 2777 1555 2800 et
1571 2771 1734 2800 ncccssitate

144 2861 165 2877 '°
180 2862 285 2897 Eplics.
307 2870 342 2894 γι,
361 2862 451 2890 1446.
489 2863 509 2878 ⁸¹
530 2863 596 2891 Luc.
613 2872 659 2896 xu,
679 2865 721 2892 55.
762 2865 782 2881 ⁵³
797 2864 933 2896 Joan.xn,
954 2864 996 2891 55.
