1924 3043
164 187 216 214 507

657 187 685 216 S.
707 187 844 217 CYRlLLI
863 188 1097 217 ALEXANDRINI
1115 189 1273 218 AIlClllEP.

1734 192 1789 220 508

165 245 268 273 coactis
283 245 447 280 impositam,
463 252 514 280 pro
530 245 724 273 exercitatione
740 246 905 279 habuerunt,
918 245 952 273 ad

1011 246 1156 281 ἱδφέληνται
1174 247 1281 282 μᾶλλον,
1299 247 1370 282 ἥπερ
1384 246 1526 283 ἠδίκηνται
1541 248 1611 275 κατά
1629 248 1660 275 τὸ
1677 248 1789 284 ἀληθές,

165 291 300 318 tolerandi
314 291 538 318 consuetudinem
557 292 764 326 acquirendam;
787 293 848 320 ideo
863 292 949 320 bene-

164 336 228 363 licio
244 336 335 370 potius
351 343 455 368 revera,
470 343 552 371 quam
572 336 627 364 ulla
647 337 746 372 injuria
769 341 833 364 sunt
848 337 948 364 all‘ecti.

165 383 302 410 Metuebat
318 383 389 409 enim
412 382 540 410 llebrteos
554 383 669 417 Pharao,
684 392 746 411 cum
769 384 830 411 illos
846 384 951 411 videret

166 429 194 456 in
209 429 369 456 immensam
382 429 584 457 multitudinem
598 437 736 463 crescere;
756 438 872 465 cumque
893 437 951 457 ma-

165 475 288 510 lignitate
300 482 406 502 summa
421 479 568 502 conaretur
582 480 687 503 tantum
700 476 775 504 illius
788 477 877 511 gentis
890 484 953 511 pro-

165 525 278 548 ventum
293 525 374 555 atque
399 521 598 550 incrementum
614 522 743 549 cohibere
759 531 765 549 :
782 532 791 547 ι
809 522 951 557 Imposuit,

167 567 266 602 inquit,
288 567 328 594 eis
339 567 481 602 praefectos
495 575 618 602 operum,
629 572 658 594 ut
670 568 819 604 amigcrent
833 577 881 596 eos
890 576 954 604 ope-

166 613 244 641 ribus
258 613 281 629 "
295 623 300 639 :
318 623 327 639 ›
343 613 396 641 Sed
415 614 467 641 hoc
482 614 540 650 ejus
553 614 697 642 consilium
709 615 860 642 contrarios
873 623 954 642 even-

166 665 211 687 tus
229 659 342 692 habuit;
360 668 423 687 nam
440 668 472 688 ea
494 660 563 695 ipsa,
578 668 638 695 quae
651 660 818 688 inferebatur
835 662 953 694 vexatio,

166 706 275 733 occasio
288 705 342 733 illis
353 706 514 734 incrementi
526 706 594 738 fuit,
606 714 669 733 cum
678 707 751 734 Deus
761 714 821 733 eam
836 715 893 734 rem
905 715 955 734 sua

166 751 301 786 sapientia
313 752 511 785 moderaretur,
520 756 548 779 et
561 751 710 779 Pharaonis
726 752 831 779 astutiae
840 753 955 787 gratiam

166 805 244 824 suam
259 796 546 832 opponeret.cQuanto
558 805 675 832 namque
685 805 732 824 eos
744 798 951 830 liumiliabant,»

167 844 267 878 inquit,
288 853 297 868 ‹
315 847 391 870 tanto
411 843 503 878 plures
522 843 623 870 ﬂebant
637 848 664 871 et
678 844 920 872 invalescebant”.
943 854 952 870 ι

166 889 296 923 Quamvis
305 889 378 917 enim
389 889 580 923 tribulationes
589 889 687 917 inferat
696 889 820 922 Satanas,
827 890 958 918 dentibus

168 936 226 964 suis
236 936 261 962 in
271 939 427 962 sanctorum
436 943 522 971 genus
531 935 658 969 fremens;
668 940 694 963 ct
701 943 770 971 quos
778 936 849 964 Deus
858 943 887 964 ut
895 944 956 971 pro-

167 981 242 1016 prios
259 982 310 1009 sibi
322 981 479 1014 asseruerit,
491 982 518 1009 in
533 989 581 1008 eos
603 990 710 1017 semper
726 982 848 1017 egregios
862 982 956 1010 obser—

168 1037 235 1056 vans
255 1029 352 1061 irruat,
369 1039 377 1054 ι
392 1029 468 1056 Esca:
482 1037 600 1064 namque
618 1028 693 1056 illius
714 1029 808 1056 eiectat
823 1033 911 1061 sunt”
934 1029 957 1044 "

168 1075 274 1110 inquit:
288 1079 388 1107 tamen,
398 1076 445 1111 qui
456 1075 485 1102 in
498 1075 688 1111 hujuscemodi
700 1075 783 1103 rebus
797 1075 909 1110 impigre
920 1074 958 1102 la-

168 1120 276 1153 borant,
285 1129 318 1148 eo
330 1121 398 1157 ipso,
406 1129 460 1157 quo
469 1125 620 1155 tentantur,
627 1130 656 1149 se
665 1121 730 1156 ipsis
739 1121 866 1148 meliores
878 1120 956 1154 ﬁunt,

168 1174 270 1202 eosque
290 1167 469 1194 certaminum
486 1167 629 1195 tolerantia
648 1168 743 1205 procul
760 1166 844 1194 dubio
858 1167 957 1194 clario-

169 1221 214 1241 res
229 1213 335 1246 reddit,
357 1214 394 1241 ita
407 1218 438 1241 ut
456 1221 506 1248 per
519 1222 579 1248 quae
594 1214 640 1241 ille
657 1213 788 1241 molestus
803 1221 862 1241 esse
877 1217 959 1249 atque

169 1267 268 1287 vexare
289 1260 423 1295 cogitarit,
439 1268 489 1295 per
504 1268 536 1287 ea
557 1259 674 1287 maxime
694 1259 776 1286 etiam
798 1259 900 1286 invitus
913 1259 959 1295 ju-

170 1309 256 1337 vet,ct
265 1313 314 1340 per
321 1312 382 1339 qua:
393 1305 454 1332 illos
461 1305 571 1332 vincere
584 1305 750 1340 putarit,per
760 1305 856 1332 eadem
867 1305 959 1331 valen-

170 1352 255 1379 tiores
277 1350 382 1378 eﬂiciat.
400 1351 468 1379 Cum
480 1359 546 1379 vero
560 1352 667 1378 vafrum
691 1351 759 1378 illud
775 1356 960 1379 commentum

169 1397 276 1425 Pharao
288 1397 372 1424 alium
389 1406 471 1432 quam
486 1402 595 1432 putarat
609 1397 712 1424 exitum
736 1396 865 1425 habuisse
882 1397 960 1424 vide-

171 1448 223 1476 ret,
241 1448 269 1472 et
284 1444 311 1471 in
328 1452 362 1471 co
376 1443 445 1479 ipso,
467 1443 540 1479 quod
563 1444 660 1471 laedere
683 1451 711 1471 se
733 1443 856 1478 putabat,
878 1444 961 1472 etiam

170 1489 276 1523 juvare,
287 1497 359 1522 sero,
371 1497 402 1517 ac
413 1490 458 1518 vix
471 1489 580 1517 tandem
592 1489 694 1516 sentire
708 1489 845 1524 cmpisset,
861 1489 961 1516 immu-

171 1540 211 1562 tat
223 1536 296 1563 illico
310 1535 457 1562 insidiandi
473 1535 617 1563 rationem.
626 1534 771 1563 Aeccrsitis
782 1543 898 1570 namque
910 1535 962 1562 Ile-

172 1581 308 1608 brreorum
325 1580 531 1613 obstetricibus,
553 1590 561 1606 ι
577 1580 646 1608 Cum
669 1581 883 1610 obstetricabitis
906 1580 960 1608 lle-
975 1595 997 1625 ο

172 1627 269 1660 bracas,
282 1627 380 1663 inquit,
395 1631 422 1655 et
434 1631 528 1662 partus
541 1631 647 1662 tempus
658 1628 808 1660 advenerit,
826 1627 962 1663 siquidem

171 1673 311 1700 masculus
332 1672 425 1706 fuerit,
443 1672 588 1700 interficite
604 1672 698 1706 illum;
717 1674 795 1708 110
809 1673 851 1700 sin
871 1678 962 1700 autem

172 1719 285 1751 femina,
303 1723 409 1748 servate
424 1719 508 1746 illam.
521 1718 684 1747 Timuerunt
695 1725 786 1747 autem
799 1719 963 1747 obstetrices

172 1765 279 1795 Deum,
296 1768 324 1792 et
343 1772 398 1791 non
419 1763 546 1791 fecerunt
570 1765 641 1792 sicut
663 1769 831 1799 praeceperat
852 1764 892 1791 eis
915 1771 963 1791 rex

172 1809 292 1845 Egypti,
308 1813 336 1836 et
351 1809 525 1837 viviticabant
542 1810 677 1837 masculos
695 1810 728 1836 ⁵⁸.
746 1819 755 1835 ›
774 1809 897 1844 Cumque
917 1809 963 1836 illa

173 1856 306 1883 adversus
317 1855 494 1884 l-lebrmorum
507 1863 594 1890 genus
612 1855 747 1890 impietas,
763 1859 963 1890 cruentumque

173 1899 319 1928 consilium
343 1900 451 1927 irritum
471 1899 616 1927 cecidisset
633 1899 731 1935 (neque
744 1900 816 1927 enim
838 1899 963 1935 permisit

175 1946 247 1972 Deus
265 1945 428 1973 obstetrices
450 1948 556 1972 tantum
579 1944 668 1972 scelus
683 1944 878 1980 committere),
895 1953 963 1972 con-

174 1991 258 2018 vertit
269 1990 361 2026 sejam
373 1991 407 2017 ad
422 1995 543 2026 apertam
556 1990 610 2017 vim
625 1995 706 2025 atque
723 1990 860 2026 iniuriam,
875 1998 964 2025 neque

175 2036 266 2064 adhuc
282 2037 351 2064 clam
361 2044 460 2064 vexare
475 2040 629 2069 contentus,
645 2040 768 2071 apertum
785 2036 887 2063 bellum
902 2045 963 2064 sus-

175 2082 251 2118 cipit,
274 2090 425 2117 necemque
449 2082 626 2109 inhumanam
648 2082 691 2115 iis,
719 2082 767 2117 qui
786 2086 964 2109 nascerentur

175 2128 308 2156 decernit.
324 2138 332 2154 ι
351 2128 482 2164 Praecepit
498 2128 582 2161 enim,
598 2128 697 2163 inquit,
709 2129 814 2156 Pharao
830 2128 903 2156 omni
914 2135 963 2163 po-

175 2173 241 2207 pulo
252 2180 312 2205 suo,
328 2172 423 2201 dicens
441 2181 448 2199 :
469 2182 477 2198 ι
490 2172 576 2201 Omne
594 2173 757 2204 masculum,
773 2172 847 2207 quod
870 2177 963 2200 natum

175 2219 258 2246 fuerit
270 2218 401 2250 Hebraeis,
414 2218 538 2254 projicite
554 2219 582 2245 in
594 2217 695 2245 ﬂumen
706 2226 712 2250 ;
725 2222 754 2245 ct
764 2225 873 2245 omnem
887 2212 964 2245 femi-

1008 291 1117 318 Ἐδεδίει
1132 293 1180 327 μὲν
1193 294 1246 329 γὰρ
1258 294 1272 320 ὁ
1284 293 1383 328 Φαραὼ
1396 294 1458 326 τοῖος
1476 294 1615 330 Ἐϐραίους
1632 296 1671 327 εἰς
1685 295 1790 330 πληθὺν

1002 336 1155 373 ἀμέτρητον
1179 339 1381 374 ὲκτεινομένους
1408 340 1496 375 όρῶν”
1527 340 1732 376 κακουργότατα
1760 340 1790 368 δὲ

1002 381 1128 414 κολάζειν
1146 384 1290 419 ἐπιχειρῶν
1311 383 1360 420 τὴν
1377 384 1405 411 ἐν
1419 393 1449 419 γε
1468 385 1499 421 δὴ
1524 384 1610 421 τούτῳ
1634 385 1720 420 φορὰν
1743 386 1792 413 καὶ

1003 428 1120 455 ἐπίδοσιν
1129 447 1136 460 ,
1147 439 1156 455 ί
1179 430 1342 465 Ἐπέστησεν
1354 431 1455 463 αὐτοῖς,
1469 430 1560 466 φησὶν,
1573 431 1721 462 ἐπιστάτας
1736 430 1791 458 τῶν

1004 472 1102 508 ἔργων,
1117 474 1160 501 ἶνα
1175 474 1336 503 κακώσωσιν
1347 477 1444 508 αὐτοὺς
1456 477 1485 503 ὲν
1498 478 1552 508 τοῖς
1566 476 1666 512 ἔργοις.
1686 487 1695 502 ι
1711 478 1792 512 Περι-

1003 519 1131 556 τρὲπεται
1145 521 1173 547 δὲ
1188 522 1278 553 αὐτοῖς
1287 522 1353 557 πρὸς
1364 522 1395 549 τὸ
1409 523 1553 559 ὲναντίονή
1569 522 1673 558 σκέψις.
1690 523 1723 549 Ἡ
1737 523 1792 558 γὰρ

1004 567 1206 603 ἐπενηνεγμένη
1218 568 1337 600 κάκωσις
1354 569 1488 604 πρόφασις
1504 569 1594 604 αὐτοῖς
1606 569 1656 604 τῆς
1671 569 1710 600 είς
1724 569 1793 604 πλη-

1005 612 1052 639 οὺν
1066 614 1210 645 ἐπιδόσεως
1225 612 1268 649 ἦν,
1283 614 1349 640 Θεοῦ
1366 614 1395 640 τὸ
1412 615 1504 650 χρῆμα
1515 603 1730 650 οίκδνομόῦντος,
1747 616 1794 641 καὶ

1005 659 1064 690 ταῖς
1083 658 1186 685 ἐκείνου
1201 659 1385 695 ῥᾳδιουργίαις
1398 660 1448 695 τὴν
1462 660 1565 686 οἰκείαν
1579 659 1673 696 ὥσπερ
1683 660 1794 693 ἀντεξὰ-

1005 711 1099 737 γοντος
1110 703 1199 740 χάριν.
1215 714 1223 730 ι
1238 704 1337 732 Καοότι
1351 706 1403 741 γὰρ
1416 705 1512 737 αὐτοὺς
1530 706 1698 738 ὲταπείνουν,
1717 706 1794 740 φησὶ,

1005 750 1124 786 τοσούτῳ
1147 750 1255 782 πλείους
1275 750 1394 785 ἐγίνοντο
1418 751 1464 777 καὶ
1483 751 1584 786 ἴσχυον.
1616 762 1624 777 ι
1653 752 1796 786 Ἐπιφέρει

1008 795 1057 831 μὲν
1070 795 1122 831 γὰρ
1136 795 1184 827 τὰς
1198 795 1301 831 Θλίψεις
1316 797 1330 823 ό
1345 797 1476 829 Σατανᾶς,
1490 798 1552 829 τοὺς
1566 797 1673 829 ὀδόντας
1689 797 1796 832 ἐπιτρί-

1007 841 1061 874 ζων
1080 844 1136 874 τοῖς
1151 842 1249 877 ἁγίοις,
1264 843 1310 869 καί
1327 840 1418 879 ὦνπερ
1437 844 1469 870 ἂν
1484 844 1521 875 ὡς
1537 844 1608 870 ἰδίων
1627 845 1798 879 μετεποιεῖτο

1007 888 1084 920 Θεὸς,
1101 889 1206 920 τούτοις
1228 889 1271 915 ἀεί
1291 898 1349 921 πως
1365 889 1515 925 ἀπολὲγδην
1540 889 1699 925 ὲπιπηδῶνο
1722 899 1731 915 ‹
1755 889 1798 916 Τὰ

1008 933 1062 969 γὰρ
1076 933 1208 969 βρώματα
1222 934 1302 960 αὑτοῦ
1332 934 1458 966 ἐκλεκτὰ,
1478 943 1487 960 ι
1505 935 1586 970 φησίν
1599 943 1605 949 ·
1624 935 1682 961 ἀλλ’
1702 936 1726 961 οἱ
1747 943 1798 961 πο-

1007 980 1115 1012 νοῦντες
1131 981 1160 1006 ὲν
1174 979 1288 1012 τούτοις,
1303 980 1391 1007 αὐτῶν
1409 981 1536 1016 ἀμείνους
1550 981 1655 1008 ἔσονται
1670 981 1799 1016 πειραζό-

1010 1035 1098 1062 μενοι·
1112 1026 1158 1053 καὶ
1169 1026 1199 1053 τὸ
1217 1026 1349 1062 καρτερὸν
1362 1027 1391 1052 ἐν
1404 1026 1506 1061 ἀγῶσιν
1522 1026 1666 1062 ἀποφαίνει
1681 1027 1713 1062 δὴ
1731 1028 1798 1053 πάν-

1009 1081 1062 1105 τως
1072 1072 1289 1108 εὐκλεεστέρους,
1304 1073 1341 1104 ὣς
1356 1082 1385 1099 τε
1402 1073 1435 1099 δι’
1449 1069 1485 1099 ὧν
1499 1073 1531 1100 ἂν
1543 1074 1628 1100 νοοῖτο
1645 1074 1740 1100 λυπεῖν
1752 1073 1800 1099 καὶ

1009 1118 1122 1151 κακοῦν,
1140 1118 1183 1146 διὰ
1199 1118 1300 1145 τούτων
1317 1119 1433 1154 μάλιστα
1449 1119 1495 1145 καὶ
1515 1120 1563 1154 οὐχ
1584 1119 1664 1151 ἑκὼν,
1677 1119 1800 1154 ὀνήσειεν

1009 1166 1052 1198 ἂν,
1071 1165 1117 1193 καὶ
1137 1166 1172 1192 δι’
1190 1163 1227 1193 ὧν
1244 1166 1367 1202 αἱρήσειν
1386 1166 1548 1201 ὑπείληφεν,
1573 1167 1801 1201 εὖσθενεστέρους

1009 1213 1146 1239 ἀποτελεῖ.
1168 1212 1276 1248 Ἐπειδὴ
1294 1212 1322 1239 δὲ
1338 1213 1367 1239 τὸ
1388 1213 1540 1247 πανοῦργον
1556 1213 1677 1248 σόφισμα
1692 1213 1731 1247 τῷ
1746 1213 1801 1238 Φα-

1012 1258 1069 1294 ραὼ
1091 1258 1159 1294 πρὸς
1184 1258 1313 1294 ἀδόκητον
1340 1258 1426 1293 πέρας
1444 1258 1607 1294 ὲκτελευτᾷ,
1636 1259 1683 1285 καὶ
1704 1258 1738 1284 δι’
1762 1255 1801 1284 ὧν

1012 1305 1123 1338 ἐκάκου,
1137 1305 1183 1332 καὶ
1200 1305 1383 1341 προσωφελῶν
1397 1303 1441 1341 ἦν,
1455 1305 1504 1341 ὀψὲ
1519 1306 1566 1332 καὶ
1582 1305 1658 1341 μόλις
1672 1305 1802 1331 αἰσθάνε-

1010 1360 1067 1384 ται,
1092 1352 1139 1378 καί
1156 1351 1300 1387 μεθίστησι
1318 1352 1488 1388 παραχρῆμα
1511 1352 1561 1387 τῆς
1585 1351 1732 1385 ἐπιϐουλῆς
1755 1351 1802 1377 τὸν

1011 1398 1125 1433 τρόπον·
1155 1398 1404 1434 μεταπεμψάμενος
1431 1397 1485 1434 γὰρ
1509 1398 1562 1424 τῶν
1591 1397 1723 1433 Ἐὕραίων
1751 1396 1802 1428 τὰς

1014 1444 1105 1478 μαίας,
1125 1453 1134 1470 ι
1148 1444 1232 1471 Ὅταν
1247 1443 1377 1479 μαιοῦσοε
1403 1444 1452 1475 τὰς
1479 1443 1616 1478 Ἐϐραίας,
1636 1443 1734 1478 φησιν,
1754 1443 1804 1469 καὶ

1012 1486 1062 1516 ὦσι
1080 1489 1148 1525 πρὸς
1161 1490 1192 1515 τὸ
1207 1489 1326 1521 τίκτειν,
1340 1489 1386 1516 ἐὰν
1409 1489 1459 1524 μὲν
1478 1489 1560 1524 ἄρσεν
1577 1487 1604 1525 ᾗ,
1622 1489 1803 1515 ἀποκτείνατε

1013 1534 1088 1567 αὐτὸ,
1106 1535 1152 1562 ἐὰν
1168 1535 1196 1562 δὲ
1217 1535 1293 1570 θῆλυ,
1309 1535 1494 1570 περιποιεῖσοε
1511 1535 1585 1562 αὐτό.
1610 1544 1618 1561 ι
1645 1535 1801 1570 Ἑφοεήϐη-

1015 1588 1064 1606 σαν
1085 1580 1113 1606 δὲ
1130 1581 1158 1606 αἱ
1174 1581 1253 1616 μαῖαι
1269 1581 1314 1608 τὸν
1332 1581 1408 1614 Θεὸν,
1427 1582 1473 1608 καὶ
1489 1581 1538 1607 οὐκ
1557 1580 1688 1615 ἐποίησαν
1708 1581 1804 1607 καθότι

1014 1626 1156 1659 συνέταξεν
1171 1627 1262 1659 αὐτοῖς
1283 1628 1297 1653 ό
1317 1626 1442 1661 βασιλεὺς
1460 1627 1597 1661 Αἰγύπτου
1614 1627 1661 1654 καὶ
1685 1626 1804 1661 ὲζωογό-

1013 1679 1073 1698 νουν
1088 1671 1122 1698 τὰ
1139 1672 1250 1708 ἄρσενα.
1271 1682 1280 1699 ι
1304 1673 1510 1709 Ἀπρακτούσης
1527 1673 1555 1700 δὲ
1572 1673 1646 1708 αὺτῷ
1663 1674 1713 1708 τῆς
1734 1673 1806 1700 κατὰ

1013 1718 1059 1744 τοῦ
1080 1718 1174 1753 γένους
1196 1719 1377 1754 ἀνοσιότητος,
1405 1719 1452 1745 καὶ
1475 1719 1616 1753 μιαιφόνου
1641 1718 1756 1753 βουλῆς,
1773 1719 1804 1744 οὐ

1013 1763 1067 1799 γὰρ
1081 1763 1154 1798 ἠφίει
1171 1763 1236 1795 Θεὸς
1252 1763 1391 1790 δυσσεϐεῖν
1408 1764 1457 1794 τὰς
1474 1763 1567 1799 μαίας,
1591 1763 1696 1798 μέτεισι
1712 1763 1805 1789 λοιπὸν

1014 1809 1059 1836 ἐπὶ
1080 1809 1109 1835 τὸ
1123 1809 1259 1844 ὲκφὰνὸην
1274 1808 1375 1835 ἀδικεῖν
1386 1828 1392 1839 ,
1408 1809 1455 1835 καὶ
1469 1808 1620 1843 λεληοότως
1635 1808 1694 1843 μὲν,
1711 1807 1804 1833 οὐκέτι

1014 1856 1108 1882 λυπεῖν
1121 1855 1208 1889 ἠξίου,
1225 1854 1334 1890 γυμνῶς
1351 1855 1378 1882 δὲ
1395 1855 1445 1890 ήδη
1465 1863 1522 1885 πως
1540 1855 1656 1889 αἱρεῖται
1674 1853 1803 1888 πόλεμον,

1014 1901 1061 1927 καὶ
1077 1899 1189 1926 Θάνατον
1205 1899 1296 1935 ἀπηνῆ
1317 1899 1370 1926 τῶν
1386 1899 1553 1935 τικτομένων
1571 1898 1803 1934 καταψηφίζεται.

1017 1955 1026 1971 ι
1047 1945 1177 1978 Συνέταξε
1192 1946 1256 1981 γὰρ,
1275 1945 1351 1980 φησὶ,
1366 1945 1464 1981 Φαραὼ
1486 1946 1567 1972 παντὶ
1583 1945 1621 1980 τῷ
1642 1945 1700 1981 λαῷ
1721 1945 1803 1972 αὑτοῦ

1014 1991 1099 2026 λέγων
1109 1999 1115 2006 ·
1130 1992 1187 2018 Πᾶν
1198 1991 1280 2027 ἄρσεν
1292 1992 1306 2018 ὃ
1320 1992 1366 2018 ἐὰν
1380 1991 1464 2026 τεχθῇ
1475 1993 1530 2023 τοῖς
1547 1991 1693 2027 Ἑϐραίοις,
1708 1991 1747 2022 είς
1760 1991 1804 2017 τόν

1015 2037 1135 2073 ποταμὸν
1152 2037 1259 2073 ῥίψατε,
1277 2038 1324 2065 καὶ
1339 2039 1393 2064 πᾶν
1411 2037 1490 2073 θῆλυ,
1507 2037 1665 2070 ζωογονεῖτε
1689 2037 1766 2063 αὑτό.
1792 2046 1800 2062 ι

1014 2082 1097 2109 Μέλει
1117 2083 1169 2118 γὰρ
1190 2083 1264 2118 αὐτῷ
1276 2083 1322 2109 τοῦ
1336 2083 1438 2118 θήλεως
1454 2081 1586 2117 οὐδαμῶς,
1605 2081 1804 2116 ἁφιλοπόλεμον

1015 2128 1068 2164 γὰρ
1080 2128 1173 2164 χρῆμα
1189 2129 1268 2164 γυνὴ,
1286 2129 1332 2156 καὶ
1346 2130 1395 2156 οὐκ
1408 2130 1513 2156 ἀστεῖον
1527 2130 1567 2160 εἰς
1584 2127 1691 2154 σύνεσιν
1701 2137 1708 2144 ·
1724 2128 1804 2154 λυπεῖ

1014 2174 1042 2200 δὲ
1063 2176 1122 2201 κατ’
1136 2175 1219 2209 ἄμφω
1232 2175 1262 2201 τὸ
1283 2175 1376 2210 ἄρσεν,
1391 2175 1428 2206 ὼς
1446 2175 1527 2209 σοφόν
1539 2182 1567 2200 τε
1582 2174 1627 2200 καὶ
1643 2173 1803 2209 μαχιμώτα-

1015 2230 1070 2248 τον.
1088 2221 1192 2248 Οὑκοῠν
1206 2222 1313 2257 ἥδιστόν
1334 2230 1365 2256 γε
1387 2222 1433 2248 καὶ
1455 2220 1623 2256 καταθύμιόν
1644 2220 1743 2256 κομιδῆ
1766 2219 1804 2254 τῷ

174 2272 238 2292 nam
256 2265 392 2293 viviﬁcatc
406 2265 439 2292 ⁵⁷.
459 2275 468 2290 ι
481 2265 576 2300 Neque
593 2264 666 2291 enim
683 2263 717 2290 de
737 2263 901 2291 [extimarum
917 2273 959 2299 ge-

1018 2267 1152 2303 μιαιφόνῳ
1168 2267 1304 2303 δράκοντι,
1319 2268 1390 2303 φημὶ
1405 2267 1437 2303 δὴ
1450 2267 1489 2302 τῷ
1504 2267 1620 2302 Σατανᾷ,
1635 2266 1724 2302 ψυχῆς
1740 2267 1804 2302 φρό-

174 2319 240 2338 nere
256 2311 295 2338 illi
311 2319 377 2339 cura
393 2315 453 2339 erat
467 2311 539 2343 ulla;
560 2310 679 2338 imbellis
693 2315 735 2339 est
751 2318 868 2345 namque
885 2319 966 2338 sexus

175 2358 334 2391 muliebris,
352 2366 403 2386 nec
429 2357 463 2385 ad
487 2356 660 2392 prudentiam
680 2357 914 2390 accommodatus;
938 2357 964 2384 in

175 2408 292 2439 utroque
308 2409 401 2431 autem
415 2403 502 2431 virilis
516 2403 647 2431 molestus
660 2406 711 2435 est,
726 2407 756 2430 ut
771 2403 818 2438 qui
842 2407 899 2430 tum
921 2411 966 2430 sa-

175 2450 254 2484 piens
268 2451 313 2482 sit,
330 2455 387 2477 tum
402 2449 484 2477 etiam
499 2450 534 2476 ad
554 2449 657 2477 bellum
674 2450 841 2484 aptissimus.
861 2449 966 2477 Jucun-

175 2496 305 2524 dissimus
316 2500 359 2524 est
373 2496 455 2531 igitur
469 2500 549 2531 atque
565 2496 734 2530 gratissimus
752 2501 821 2523 tetro
839 2496 879 2524 illi
899 2496 964 2523 dra-

175 2541 248 2573 coni,
265 2542 372 2568 Satana:
391 2540 513 2576 inquam,
529 2542 671 2569 muliebris
689 2542 733 2569 ille
753 2542 838 2569 animi
852 2549 962 2574 sensus,

176 2586 349 2614 ell‘eminatus
364 2591 391 2614 et
407 2587 534 2620 imbellis,
553 2587 586 2615 ad
596 2588 654 2614 lnee
670 2588 703 2615 ad
717 2587 877 2622 sapientiam
894 2596 964 2623 quo-

176 2639 230 2666 que
242 2639 339 2666 parum
354 2637 433 2666 aptus
447 2641 452 2659 :
471 2632 581 2660 inimica
603 2640 685 2667 porro
701 2637 729 2660 et
745 2633 839 2660 odiosa
861 2633 907 2660 illa
931 2633 964 2660 ad

176 2676 364 2706 fortitudinem
378 2678 514 2710 alacritas,
531 2683 560 2705 et
576 2678 658 2704 animi
676 2678 716 2705 vis
729 2678 859 2713 languore
874 2683 965 2706 metu-

176 2731 229 2758 que
242 2725 377 2759 superior,
390 2732 468 2751 mens
481 2724 544 2751 item
559 2731 665 2750 summa
682 2724 825 2758 prudentia
839 2725 964 2760 praedita.

177 2770 322 2805 Propterea
336 2769 498 2798 muliebrem
513 2777 607 2796 sexum
622 2769 714 2797 vivum
733 2775 833 2803 servat,
847 2776 875 2799 et
889 2772 917 2798 in
932 2779 965 2800 eo

1017 2323 1090 2349 νημα
1104 2314 1333 2350 γυναικοπρεπὲς,
1347 2313 1583 2349 ἐκτεθηλυμμένον
1594 2322 1622 2340 τε
1638 2313 1684 2339 καὶ
1697 2313 1802 2339 ἄναλκι-

1017 2360 1064 2387 καὶ
1078 2359 1145 2395 πρός
1158 2368 1189 2393 γε
1202 2359 1287 2394 τούτῳ
1301 2358 1395 2385 νοσοῦν
1406 2359 1436 2384 τὸ
1446 2359 1487 2390 εἰς
1499 2358 1594 2392 σοφίαν
1606 2358 1803 2393 ἀνεπιτήδειον,

1017 2405 1113 2442 ἐχθρὸν
1127 2405 1155 2432 δὲ
1169 2405 1218 2432 καὶ
1238 2404 1477 2439 κατεστυγημένον
1491 2404 1521 2430 τὸ
1539 2404 1678 2440 πρόθυμον
1699 2405 1741 2435 εἰς
1759 2404 1804 2431 ἀν-

1017 2452 1061 2487 δρε
1067 2452 1117 2484 ίαν,
1131 2451 1177 2478 καὶ
1190 2449 1363 2486 μαλακισμοῦ
1376 2450 1425 2484 μὲν
1437 2449 1557 2484 ἄμεινον,
1569 2449 1669 2481 δειλίας
1681 2449 1710 2475 δὲ
1722 2449 1804 2475 καθυ-

1017 2496 1178 2533 περτεροῦν,
1206 2496 1254 2522 καὶ
1279 2495 1309 2522 τὸ
1335 2495 1404 2530 ἄγαν
1431 2495 1658 2530 ὲμφρονέστατον.
1686 2495 1737 2521 Διὰ
1764 2503 1803 2522 τοι

1017 2543 1105 2576 τοῦτο,
1122 2542 1251 2576 ξωογονεῖ
1266 2542 1314 2577 μὲν
1331 2541 1361 2568 τὸ
1376 2541 1454 2576 θῆλυ,
1474 2541 1521 2567 καὶ
1539 2540 1660 2575 ἐξίστησι
1676 2548 1735 2572 πως
1756 2540 1803 2575 τὴν

1017 2589 1060 2615 ἐπ’
1071 2588 1145 2623 αὺτῴ
1157 2587 1295 2623 μιαιφόνον
1307 2586 1402 2622 βουλήν
1413 2595 1441 2612 τε
1454 2587 1502 2612 καὶ
1513 2586 1619 2620 σκέψιν.
1634 2585 1738 2620 Εῧηθες
1750 2586 1803 2620 γὰρ

1016 2634 1092 2670 οἶμαι
1111 2634 1142 2661 τδ
1164 2633 1298 2669 μάχεσθαι
1316 2633 1406 2668 ζητεῖν
1422 2632 1478 2662 τοῖς
1497 2631 1609 2658 αὐτόθεν
1626 2631 1801 2667 ὑπεστρωμέ-

1016 2690 1082 2712 νοις,
1093 2680 1197 2707 οἴκοθέν
1211 2688 1241 2706 τε
1255 2678 1363 2705 νοσοῦσι
1375 2678 1406 2705 τὺ
1420 2676 1584 2712 ὑπεζεῠχθαι
1599 2677 1686 2711 φιλεῖν
1695 2697 1702 2708 ,
1721 2685 1802 2703 κατα-

1017 2727 1108 2760 πνίγει
1123 2726 1150 2752 δὲ
1162 2725 1255 2760 ὥσπερ
1271 2724 1302 2751 τὸ
1318 2724 1400 2760 ἄρσεν
1414 2725 1472 2755 ταῖς
1487 2723 1540 2749 τῶν
1554 2723 1715 2757 πειρασμῶν
1732 2731 1802 2756 περιρ

1018 2773 1144 2799 στάσεσιν
1155 2770 1193 2806 (Ι)
1208 2769 1299 2801 ὲνιείς.
1311 2769 1396 2796 Τοῦτό
1412 2778 1455 2804 μοι
1472 2770 1543 2796 δοκεῖ
1553 2769 1599 2795 καὶ
1609 2769 1623 2796 ὸ
1641 2767 1712 2800 θεῖος
1724 2767 1802 2794 Δαθιὶ

213 2845 235 2859 ⁵³
255 2843 340 2870 Exod.
355 2849 371 2874 I,
396 2842 436 2869 ll.
471 2842 572 2870 “ibid.
590 2843 629 2869 1‘2.
661 2843 826 2875 “Ilabacu,
852 2843 896 2870 16.
927 2844 949 2860 °"

1011 2842 1184 2874 »(1.1,16,17.
1222 2841 1384 2870 ⁸⁷11ιίι1.⁶22.

215 2916 253 2947 (l)
267 2915 359 2942 CO'IM
373 2915 475 2946 Sirlt‘li,
495 2915 690 2950 ’ῖῖριῑῖῖαηιῶν
704 2923 779 2950 2;:p23
790 2915 902 2948 ,πίει-«ι,
919 2915 957 2942 (Ιώ

1011 2915 1118 2940 ‘Iionum
1134 2912 1275 2939 ιιιοίπςειίίιδ.
