1924 3043
85 150 133 178 309
452 157 497 185 DE
513 157 733 186 ADOﬂATlONE
751 160 784 187 IN
806 160 940 190 SPIRITU
961 163 1005 191 ET
1025 163 1207 192 \‘ERITATE.
1230 163 1292 191 LIB.
1315 164 1357 192 IV.
1657 161 1721 189 510*

85 209 265 246 αναμελῳδεῖν
281 211 330 238 καὶ
350 211 440 247 λέγειν
452 220 458 226 '
477 223 486 240 ι
506 214 537 240 Et
557 215 594 250 μὴ
611 214 652 241 ὅτι
673 215 774 250 Κύριος
792 213 827 251 ἦν
845 217 872 243 ἐν

925 219 982 246 solo
996 219 1108 254 deponit
1133 225 1273 248 cruentam
1297 220 1369 247 illam
1388 219 1610 248 deliberationem
1630 225 1719 255 atque.

86 255 149 304 ⁷ημῖν
163 255 194 282 ἐν
212 255 253 291 τῷ
268 257 456 293 ἐπαναστῆναι
478 259 639 295 ἀνθρώπους
651 261 694 295 ἐφ’
716 262 799 296 ἡμᾶς,
819 263 872 298 ἄρα

925 264 1080 291 consilium.
1097 264 1216 291 Stultum
1234 265 1308 292 enim
1328 269 1379 297 est;
1402 265 1509 299 opinor,
1526 272 1588 291 eum
1606 264 1639 291 iis
1659 271 1710 299 pu-

86 299 187 345 ςῶντας
210 301 245 329 ἃν
268 304 398 332 κατέπιον
421 306 512 340 ἡμᾶς·
529 307 558 332 ἐν
580 307 620 342 τῷ
644 307 802 343 ὀργισθῆναι
826 309 872 336 τὸν

925 317 1008 344 gnare
1024 310 1103 340 velle,
1118 309 1165 344 qui
1179 309 1228 344 ipsi
1241 317 1288 344 per
1299 318 1327 337 se
1344 310 1471 345 prostrati
1487 314 1559 342 sunt,
1572 317 1602 336 ac
1615 313 1713 344 sponte

85 343 170 380 θυμὸν
180 347 270 375 αὐτῶν
281 350 324 383 ἐφ’
339 351 422 385 ἡμᾶς,
435 351 488 386 ἀρα
505 351 535 378 τὸ
550 352 620 389 ὕδωρ
634 352 666 380 ἂν
680 354 872 382 κατεπόντισεν

925 354 965 382 sie
979 354 1079 387 aﬂ‘ecti,
1095 359 1126 382 ut
1142 343 1257 389 subjecti
1278 343 1455 383 esse—malint
1469 364 1475 381 :
1491 354 1606 382 suﬂ‘ocat
1620 343 1711 382 autem

87 391 174 425 ἡμᾶς·
197 393 352 431 χείμαρρον
369 396 474 431 διῆλθεν
491 397 509 432 ἡ
531 397 602 434 ψυχὴ
617 399 705 434 ἡμῶν.
730 409 739 425 ι

925 399 1043 434 quodam
1055 399 1137 427 modo
1151 400 1313 432 masculum,
1326 408 1387 427 cum
1403 408 1467 427 eum
1485 400 1512 427 in
1531 401 1711 428 tentationum

86 437 206 471 pericula
223 440 344 475 conjicit.
364 441 421 469 Hoc
444 442 511 470 mihi
532 443 641 471 videtur
661 445 743 472 etiam
764 445 875 472 divinus
893 445 977 472 David
994 452 1103 477 canere,
1121 452 1183 473 cum
1200 445 1267 472 dicit
1285 453 1292 471 :
1311 454 1319 471 ι
1338 445 1395 472 Nisi
1412 445 1476 480 quia
1495 446 1625 473 Dominus
1653 450 1713 473 erat

86 483 112 510 in
124 484 216 517 nobis,
229 493 291 512 eum
303 491 481 522 exsurgerent
494 489 621 516 homines
635 490 662 516 in
677 498 737 523 nos,
752 491 822 518 forte
846 490 923 518 vivos
944 489 1126 526 degluti‘sscnt
1156 498 1222 523 nos;
1251 498 1313 518 cum
1329 491 1493 519 irasceretur
1507 492 1583 519 furor
1615 499 1712 519 eorum

84 528 111 556 in
132 536 194 561 nos,
212 529 328 557 forsitan
340 539 413 566 aqua
434 532 622 561 absorbuisset
643 541 707 567 nos;
723 538 872 561 torrentem
890 534 1068 569 pertransivit
1080 534 1170 561 anima
1183 538 1275 561 nostra
1287 534 1320 561 ⁸⁸.
1340 543 1348 559 ι

117 575 223 604 ΠΑΛΛ.
242 573 305 602 ’Ὧδε
324 576 391 612 ἔχει.

117 620 202 647 ΚΥΡ.
220 620 316 656 ’Δθρει
328 621 360 656 δὴ
374 622 423 658 τῆς
433 622 578 658 ἐπιϐουλῆς
589 624 634 652 τὸν
644 624 752 660 τρόπον.
765 625 874 662 Πρῶτον

85 666 133 700 μὲν
147 664 208 700 γὰρ
219 665 317 697 αὐτοὺς
332 666 439 702 ἀγρίοις
456 668 615 704 κατῃκίζετο
628 669 728 702 πόνοις,
739 670 770 696 τὸ
785 670 822 706 μὴ
835 671 875 702 είς

85 711 190 746 πληθὺν
211 711 282 738 ίέναι
295 712 406 748 πολλὴν,
420 714 630 749 κακουργότατα
643 716 828 751 σοφιζόμενος,
841 715 874 742 δι’

81 753 118 782 ὦν
130 755 210 790 ἠξίου
226 756 328 784 κακοῦν
339 765 345 771 ·
362 758 413 784 καὶ,
424 757 551 794 λαθραῖον
573 757 608 793 ἦν
627 759 667 786 ἐτι
686 760 717 786 τὺ
737 760 869 796 ἀδίκημα,

83 802 129 827 καὶ
140 802 172 828 οὒ
195 802 257 828 λίαν
276 802 399 838 ἐμφανὴς
420 804 435 830 ὁ
453 803 499 830 τοῦ
517 804 649 840 τυράννου
669 805 781 838 σκοπὸς,
807 806 871 833 ἀντ-

81 847 195 883 εφὲρετο
203 847 232 874 δέ
248 847 372 883 καοάπερ
383 848 451 883 ἔφην
462 849 572 885 ἀρτίως,
584 851 600 885 ἡ
611 850 658 877 τοῦ
670 851 871 886 κατοικτείρον-

81 901 126 924 τος
148 893 239 928 χάρις.
264 894 478 930 Ταπεινούμενοι
501 894 545 928 δὲ,
571 895 671 930 μᾶλλον
695 896 735 928 είς
757 896 872 933 αῠξησιν

82 938 172 970 ἵεσαν,
190 938 277 974 ἀλκῆς
298 947 328 965 τε
350 939 396 966 καὶ
415 939 542 974 ἀριθμοῦ.
562 938 628 968 Εἶτα
650 940 694 968 διὰ
716 941 800 977 μέσου
823 942 872 974 τάς

959 580 1057 608 PALL.
1079 580 1124 608 Sic
1138 588 1167 608 se
1182 589 1226 608 res
1239 581 1331 608 habet.

957 626 1035 654 CYR.
1050 626 1117 654 Vide
1130 626 1186 662 jam
1200 635 1253 661 qua
1266 626 1427 654 insidiarum
1442 631 1499 654 arte
1512 628 1547 655 sit
1562 637 1635 657 usus.
1651 627 1711 658 Pri-
1760 626 1764 629 ”

923 678 999 698 mum
1022 671 1133 706 quidem
1160 671 1239 699 saevis
1262 680 1309 700 eos
1336 672 1477 700 laboribus
1505 673 1656 707 divexavit.
1683 675 1717 703 id“

922 725 1006 753 agens
1019 716 1165 744 vaferrimo
1182 717 1229 744 illo
1242 722 1413 751 commento,
1433 723 1464 745 ut
1486 719 1541 746 illis
1561 720 1712 748 vexationi-

924 762 976 790 bus
987 770 1022 790 ne
1034 762 1142 797 generis
1154 763 1303 790 multitudo
1315 768 1520 798 propagaretur.
1538 763 1591 791 Sed
1604 765 1721 793 occultae

924 812 983 835 erat
1003 808 1094 835 adhuc
1116 808 1230 843 injuria,
1255 816 1345 844 neque
1362 809 1507 836 admodum
1528 814 1652 844 apertum
1668 813 1712 846 tyL

924 853 1002 880 ranni
1018 853 1197 888 propositum,
1211 854 1401 889 opponebatur
1415 858 1507 881 autem
1522 854 1571 887 illi,
1585 859 1616 882 ut
1631 855 1728 884 modo-~

923 898 990 932 dixi,
1005 899 1161 927 miserantis
1181 900 1277 935 gratia.
1303 900 1408 934 Itaque,
1431 907 1486 934 quo
1503 900 1589 935 magis
1608 900 1711 936 adlige-

924 944 1034 978 bantur,
1050 953 1085 972 eo
1105 946 1191 981 magis
1210 953 1306 973 eorum
1324 949 1382 973 tum
1401 946 1485 978 vires,
1502 942 1561 973 t‘ﬁm
1580 954 1712 974 numerus

83 984 167 1018 μαίας
188 986 249 1016 ταῖς
270 984 404 1021 Ἐϐραίων
425 986 564 1020 γυναιξὶν,
590 985 740 1019 ἐξοπλίζειν
763 987 868 1022 ἤθελεν.

925 990 1081 1025 augebatur.
1097 991 1171 1018 Inter
1182 991 1241 1018 baac
1258 991 1420 1019 obstetrices
1434 990 1565 1018 adversus
1579 990 1711 1018 mulieres

87 1029 157 1056 Ἀλλ’
169 1030 231 1056 οὐδὲ
245 1029 324 1057 τοῦτο
339 1031 449 1066 κρατεῖν
467 1031 542 1065 ἠφίει
561 1031 637 1063 Θεός.
659 1031 823 1067 Ἐπιϐουλῆς
843 1032 871 1059 δέ

82 1074 185 1106 λοιπὸν,
201 1075 239 1106 ὡς
254 1075 283 1101 ἐν
295 1075 381 1111 τρίτῳ
394 1084 424 1102 τε
445 1076 492 1103 καὶ
512 1076 660 1111 τελευταίῳ
679 1077 772 1113 τρόπῳ
791 1078 872 1105 παντὶ

80 1121 119 1155 τῷ
136 1120 195 1156 ἰδίῳ
216 1121 384 1157 προστέταχε
407 1122 463 1158 λαῷ
482 1123 659 1158 καταπνίγειν
673 1123 703 1150 τὸ
721 1123 823 1160 ἄρσεν,
842 1125 871 1151 τδ

81 1166 233 1201 λεληϐὀτως
258 1166 430 1194 πλεονεκτεῖν
453 1168 545 1195 οὐκέτι
569 1169 796 1205 παραιτούμενος.
819 1171 871 1198 Οὑ-

83 1211 147 1238 κοῧν
165 1213 222 1245 τοῖς
235 1212 436 1249 ἀνδριζομένοις
446 1233 454 1246 ,
473 1214 587 1250 πολεμεῖ
607 1215 656 1250 μὲν
670 1215 795 1251 ἀοράτως
808 1216 845 1252 (1)
858 1218 872 1243 ό

80 1257 219 1290 Σατανᾶς,
242 1257 382 1293 συντίθησι
400 1258 428 1284 δὲ
442 1258 476 1284 τὰ
492 1258 543 1294 τῆς
565 1258 725 1295 ἐπιϐουλῆς,
739 1260 776 1292 ὡς
795 1260 824 1287 ἕν
839 1268 872 1295 γε

81 1303 174 1338 τρόπῳ
194 1302 316 1339 τριπλῷ·
332 1304 379 1330 καὶ
401 1304 556 1339 ἀπάρχεται
579 1305 628 1340 μὲν
649 1305 698 1340 τῆς
721 1305 810 1341 μάχης
828 1306 872 1333 διὰ

57 1348 245 1385 «κακούργων
273 1348 456 1385 σκεμμάτων,
483 1349 533 1385 τὴν
559 1351 598 1381 είς
625 1350 725 1386 ἀρετὴν
753 1351 872 1378 ἐπίδοσιν

81 1394 253 1422 ἀποκωλύων
280 1394 328 1420 τοῦ
359 1394 418 1421 νοῦ·
453 1394 630 1430 ἐντρύχεσθαι
655 1397 708 1431 γὰρ
732 1395 871 1430 ἀδοκήτοις

83 1438 289 1476 παρασκευάζει
311 1439 402 1471 πόνοις
419 1440 466 1466 καὶ
486 1440 613 1475 σκληροῖς
633 1440 738 1474 ἀγῶσιν
755 1440 869 1475 ὁμιλεῖν.

88 1487 205 1513 Ἀδικεῖν
219 1486 248 1513 δὲ
272 1486 385 1521 ἰσχύσας
399 1486 443 1513 διὰ
460 1485 561 1512 τούτων
577 1486 652 1512 οὐδὲν
663 1506 669 1517 ,
687 1485 872 1521 ἐπαμύνοντος

82 1532 127 1559 τοῦ
146 1531 227 1566 Θεοῦ,
242 1532 305 1563 τοὺς
329 1531 399 1558 κατὰ
421 1531 511 1558 πίστιν
527 1532 592 1567 ἡμῖν
608 1532 688 1564 ἰδίους
710 1532 757 1559 καὶ
773 1540 872 1559 ταυτο-

82 1578 169 1609 εθνεῖς
184 1576 350 1612 παροτρύνει
364 1576 505 1609 πολλάκις,
520 1577 567 1603 καὶ
585 1577 750 1612 καταθήγειν
770 1577 872 1612 ἐπιχει-

83 1625 126 1658 ρεῖ
140 1623 210 1659 πρὸς
227 1622 376 1658 ἀπέχθειάν
396 1631 426 1649 τε
444 1623 491 1649 καὶ
512 1623 611 1658 μάχην.
627 1623 682 1649 Καὶ
703 1623 872 1658 μαρτυρήσει

81 1669 168 1704 λέγων
183 1670 197 1696 δ
212 1669 335 1700 Παῦλος·
356 1678 365 1695 ε
386 1669 526 1700 Κινδύνοις
541 1670 570 1695 ἐν
585 1668 794 1703 ψευδαδέλφοις,
816 1678 873 1696 κιν-
887 1660 907 1689 C

81 1715 169 1746 δύνοις
186 1715 219 1741 ἐκ
236 1713 341 1748 γένους.
362 1723 372 1740 ι
392 1714 423 1741 Ei
435 1713 463 1740 δὲ
479 1713 512 1749 δὴ
526 1714 630 1749 γένοιτο
644 1714 692 1740 καὶ
704 1714 800 1740 τούτου
815 1715 873 1741 δια-

83 1762 214 1796 μαρτεῖν,
237 1760 283 1787 τὸν
308 1760 378 1787 θεῖον
399 1760 490 1791 αὐτοῖς
513 1759 630 1791 ἐνιέντος
646 1759 727 1794 φόϐον
751 1759 798 1787 τοῦ
818 1760 873 1787 τῶν

83 1808 167 1842 ἁγίων
184 1807 395 1843 προεστηκότος,
404 1806 477 1833 καθά
489 1807 537 1833 καὶ
549 1806 584 1833 τὰ
601 1807 682 1833 πάλαι
692 1807 753 1838 ταῖς
767 1807 871 1842 μαίαιςθ

82 1853 235 1888 ἀναφανδὸν
242 1854 344 1890 ἐγείρει
354 1853 447 1880 λοιπὸν
456 1853 519 1884 τοὺς
528 1853 675 1888 σφετέρους
686 1853 869 1886 ὑπασπιστὰς,

83 1902 122 1932 εἷς
140 1900 291 1936 ἀγριότητα
312 1900 358 1926 καὶ
381 1899 545 1935 μιαιφονίαν.
581 1899 760 1935 Ἀνθεξόμεθα
779 1900 808 1926 δὲ
825 1900 872 1926 καὶ

82 1947 168 1978 οὕτως
179 1946 230 1981 τῆς
240 1946 280 1977 είς
292 1946 437 1981 εὐτολμίαν
448 1945 568 1980 ἀγάπης,
582 1945 630 1972 καὶ
638 1945 688 1980 τῆς
698 1947 738 1977 είς
747 1945 872 1982 ἀνδρείαν

84 1992 204 2027 σπουδῆς
215 2011 223 2023 ,
238 1992 287 2018 οὐκ
299 1991 465 2027 ἠγνοηκότες
475 2011 482 2023 ,
497 1991 538 2018 ὄτι
554 1991 585 2018 τδ
599 1991 792 2027 ἀπηχθημένον
809 1993 872 2027 παρ’

84 2038 198 2073 ἐκείνῳ,
216 2037 275 2072 Θεῷ
295 2037 395 2073 τίμιον.
411 2036 535 2064 Τέθειται
550 2037 604 2073 γὰρ
623 2038 651 2063 ἐν
671 2037 742 2072 λόγῳ
755 2037 802 2065 καὶ
814 2046 872 2072 φει-

84 2084 144 2116 δοῦς
157 2083 239 2117 ἀξιοῖ,
253 2082 285 2110 τδ
298 2082 426 2118 ἀνωτέρω
443 2081 625 2117 μαλακισμοῦ.

119 2128 225 2155 IIAAA.
237 2127 380 2163 Πείθομαι.
394 2127 484 2163 [Iapr
493 2128 522 2154 δὲ
532 2126 609 2163 οἶμαι
625 2128 672 2154 καὶ
684 2128 762 2155 τοῦτο
779 2129 870 2161 πάλιν,

84 2175 132 2201 καὶ
153 2174 183 2207 ἐξ
198 2173 283 2209 αὐτῆς
304 2174 370 2209 ἡμῖν
385 2173 436 2208 τῆς
447 2174 528 2208 ἁγίας
546 2173 733 2201 καταοεᾶσοαι
749 2175 870 2210 Γραφῆς.

90 2219 239 2255 Ἀτυόρησις
253 2219 307 2255 γὰρ
321 2218 440 2251 ἐννοιῶν,
455 2218 513 2246 οΰτι
530 2228 590 2260 ποι).
708 2216 716 2223 ’

119 2308 203 2335 ΚΥΡ.
222 2308 326 2335 Οὐκοῦν
343 2307 410 2334 Θεοῦ
429 2307 546 2339 διδόντος
567 2307 691 2342 λέγομεν,
718 2309 755 2339 ὡς
772 2310 801 2336 ὲν
816 2311 872 2342 τοῖς

922 1034 1098 1067 Hebraeorum
1117 1043 1224 1064 armare
1236 1036 1345 1064 volebat
1359 1045 1365 1062 :
1381 1043 1416 1063 ne
1432 1036 1483 1063 hoc
1497 1036 1608 1071 quidem
1620 1041 1650 1064 ut
1661 1044 1709 1064 va-

921 1081 992 1108 leret
1006 1081 1140 1116 permittit
1155 1081 1236 1109 Deus.
1253 1083 1329 1116 111
1345 1082 1468 1117 Denique
1490 1082 1571 1109 tertio
1590 1081 1721 1117 quodam,

922 1130 950 1153 et
965 1126 1062 1154 ultimo
1086 1127 1247 1155 insidiarum
1269 1135 1369 1163 genere
1392 1128 1519 1155 universo
1541 1135 1592 1155 suo
1607 1127 1725 1163 populo-

923 1172 1078 1208 imperavit,
1100 1177 1130 1200 ut
1152 1174 1289 1202 masculos
1310 1173 1492 1206 suﬂocarent,
1515 1173 1645 1201 latentem
1666 1172 1711 1209 ty'—

922 1218 1066 1246 rannidem
1077 1226 1133 1246 non
1145 1219 1262 1254 amplius
1271 1219 1457 1246 dissimulans.
1473 1219 1557 1254 Igitur
1569 1226 1631 1246 cum
1643 1218 1715 1246 viris

922 1264 1040 1292 fortibus
1061 1265 1165 1293 bellum
1188 1265 1258 1302 gerit
1281 1265 1388 1293 occulte
1412 1264 1540 1296 Satanas,
1562 1269 1590 1292 ct
1609 1263 1720 1300 triplici-

922 1308 1009 1336 forma
1024 1310 1164 1345 componit
1175 1310 1289 1339 insidias
1302 1319 1308 1337 :
1320 1318 1352 1337 ac
1362 1317 1459 1346 pugnae
1474 1309 1585 1345 quidem
1602 1309 1713 1337 initium

922 1354 997 1387 facit,
1012 1362 1074 1383 eum
1092 1355 1198 1383 callidis
1212 1355 1335 1383 consiliis
1350 1355 1384 1382 ab
1398 1355 1489 1383 animo
1502 1355 1611 1382 virtutis
1623 1355 1713 1382 incre-

922 1405 1045 1428 mentum
1058 1401 1156 1429 avertit
1170 1410 1177 1428 ι
1189 1401 1245 1437 agit
1271 1401 1344 1428 enim
1361 1406 1392 1429 ut
1407 1401 1555 1436 inopinatis
1570 1401 1716 1429 laboribus

923 1451 1081 1475 conteratur
1103 1451 1185 1482 atque
1207 1447 1235 1474 in
1252 1447 1407 1475 durissimis
1426 1451 1551 1474 versetur
1572 1446 1712 1473 :erunmis.

922 1494 958 1520 At
973 1493 1020 1520 ubi
1039 1501 1089 1528 per
1106 1493 1163 1521 haec
1179 1493 1218 1520 nil
1233 1493 1355 1529 potuerit
1373 1492 1483 1525 laedere,
1500 1499 1581 1527 opem
1601 1492 1657 1519 Deo
1671 1491 1712 1518 fe-

924 1541 1010 1570 rente,
1027 1544 1074 1565 eos
1087 1538 1136 1572 qui
1152 1537 1205 1565 Ilde
1219 1537 1300 1565 nobis
1315 1537 1421 1573 cognati
1453 1542 1517 1564 sunt
1535 1537 1713 1573 ejusdemque

923 1583 1012 1616 gentis
1034 1582 1130 1609 incitat
1141 1589 1222 1617 saepe,
1236 1587 1318 1617 atque
1332 1581 1366 1609 ad
1381 1581 1533 1609 simultates
1547 1588 1580 1608 ac
1594 1589 1723 1616 pugnam.

924 1634 1057 1655 exacuere
1081 1627 1189 1655 nititur.
1211 1627 1241 1655 Id
1266 1631 1382 1656 testatur
1403 1627 1504 1655 Paulus
1526 1627 1582 1655 illis
1602 1627 1711 1654 verbis:

928 1682 937 1698 ‹
951 1672 1084 1700 Periculis
1091 1672 1119 1699 in
1127 1672 1204 1700 falsis
1214 1671 1354 1705 fratribus,
1364 1672 1494 1707 periculis
1502 1679 1536 1699 ex
1544 1679 1643 1707 genere
1653 1672 1686 1699 υ,
1699 1681 1709 1697 ι

923 1717 1068 1750 Caeterum,
1082 1718 1105 1745 si
1119 1717 1178 1745 haec
1192 1715 1261 1745 vana
1278 1722 1359 1752 atque
1371 1717 1449 1745 irrita
1458 1718 1571 1750 fuerint,
1584 1718 1641 1745 Deo
1650 1725 1715 1745 san-

923 1767 1029 1791 ctorum
1040 1767 1243 1799 propugnatore
1252 1763 1376 1791 divinum
1384 1763 1439 1791 illis
1446 1767 1549 1790 metum
1559 1763 1710 1799 injiciente,

922 1812 954 1835 ut
965 1809 1031 1836 olim
1045 1808 1256 1841 obstetricibus;
1271 1812 1328 1836 tum
1340 1816 1406 1836 vero
1420 1813 1513 1844 aperte
1530 1816 1595 1836 suos
1610 1808 1713 1836 satelli-

923 1857 964 1880 tes
977 1853 1077 1880 excitat
1096 1853 1130 1880 ad
1147 1854 1279 1881 saavitiam
1294 1858 1376 1888 atque
1395 1853 1507 1881 caedem.
1523 1853 1557 1880 At
1569 1860 1635 1880 vero
1653 1856 1712 1880 tum

921 1906 1031 1934 quoque
1044 1906 1094 1926 nos
1104 1906 1225 1926 amorem
1237 1899 1314 1926 illum
1326 1899 1489 1927 conlidentis
1500 1899 1595 1932 animi,
1608 1906 1640 1926 ac
1652 1898 1710 1925 for-

923 1944 1048 1972 titudinis
1061 1945 1183 1972 studium
1194 1945 1385 1978 retinebimus,
1400 1953 1454 1972 non
1468 1945 1565 1980 ignari,
1582 1943 1655 1979 quod
1671 1943 1710 1971 illi

921 1991 985 2018 odio
996 1991 1042 2024 sit,
1061 1991 1088 2018 id
1101 1999 1162 2019 esse
1176 1992 1232 2019 Deo
1244 1992 1435 2019 charissimum
1451 2001 1457 2017 :
1474 1999 1522 2018 eos
1539 1991 1640 2025 quippe
1658 1990 1709 2017 ali—

922 2045 977 2072 quo
986 2045 1110 2069 numero,
1123 2042 1152 2065 et
1169 2045 1219 2064 sua
1234 2045 1299 2065 cura
1310 2037 1408 2073 dignos
1424 2037 1516 2069 habet,
1531 2035 1578 2072 qui
1595 2037 1709 2071 langu0<

922 2090 978 2109 rem
991 2090 1024 2110 ac
1039 2083 1181 2110 mollitiem
1196 2082 1280 2110 animi
1295 2082 1457 2117 superarint.

956 2129 1054 2156 PALL.
1071 2129 1222 2157 Assentior.
1237 2129 1267 2156 In
1283 2132 1468 2164 promptu.cst
1481 2132 1583 2160 autem,
1601 2131 1632 2154 ut
1647 2125 1709 2161 opi-

922 2182 981 2206 nor,
999 2175 1025 2202 id
1042 2183 1152 2210 quoque
1165 2175 1245 2202 nobis
1259 2182 1292 2202 ex
1309 2175 1366 2209 ipsa
1390 2182 1466 2202 sacra
1484 2173 1624 2208 Scriptura
1646 2179 1709 2207 per—

921 2220 1027 2255 spicere
1042 2229 1048 2247 :
1065 2228 1154 2255 neque
1166 2220 1239 2247 enim
1255 2220 1303 2248 tibi
1318 2220 1413 2247 deesse
1431 2223 1560 2254 poterunt
1574 2217 1710 2253 ejusmodi

922 2268 1073 2295 sententiae.

956 2312 1034 2341 ΕΥΒ-
1050 2313 1143 2349 Igitur,
1165 2315 1220 2342 Deo
1243 2314 1375 2346 donante,
1394 2313 1518 2340 dicamus
1538 2311 1611 2346 quod
1633 2311 1661 2337 in
1677 2318 1712 2337 eo

82 2354 200 2388 ἐπίκλην
229 2353 387 2390 ’Δριθμοίς.
421 2353 566 2380 Μωσαῖκὺν
602 2353 632 2380 δέ
654 2353 733 2380 τοῦτο
759 2354 868 2389 βιϐλίον·

925 2359 995 2386 libro
1010 2359 1135 2392 habetur,
1151 2360 1231 2395 cujus
1245 2360 1386 2395 inscriptio
1401 2363 1443 2386 est
1454 2358 1653 2389 Numerorum;
1668 2361 1711 2384 est

86 2411 96 2427 ε
123 2401 179 2427 Καὶ
208 2399 341 2435 ἐλάλησε,
367 2399 453 2435 φησὶ,
481 2399 582 2435 Κύριος
605 2399 673 2435 πρὸς
696 2399 820 2435 Μωσῆν,
842 2401 871 2427 ἐν

83 2447 116 2482 τῇ
137 2446 237 2482 ἐρήμῳ
263 2446 338 2476 Σινᾶ,
359 2445 388 2470 ὲν
400 2445 432 2480 τῇ
445 2445 531 2480 σκηνῇ
544 2443 591 2470 τοῦ
604 2445 765 2480 μαρτυρίου,
780 2446 810 2472 ἐν
823 2447 872 2482 μιᾷ

83 2492 130 2519 τοῦ
150 2491 237 2527 μηνὸς
252 2490 299 2517 τοῦ
316 2490 442 2525 δευτέρου
458 2490 545 2522 ἔτους,
555 2490 716 2522 ἐξελθόντων
729 2491 819 2519 αὐτῶν
840 2493 872 2518 ἐκ

84 2540 134 2574 γῆς
161 2537 314 2572 Αἰγύπτου,
335 2536 420 2571 λέγων
430 2545 437 2553 ο
454 2536 557 2563 Λάϐετε
572 2536 659 2572 ἀρχὴν
670 2536 760 2571 πάσης
773 2545 872 2571 συγγε-

84 2585 159 2616 νείας
178 2584 245 2610 υἱῶν
257 2583 380 2619 Ἰσραὴλ,
393 2583 440 2610 καὶ
453 2583 522 2610 κατὰ
537 2583 698 2617 συγγενείας
704 2583 794 2609 αὐτῶν
803 2603 811 2616 ,
825 2584 871 2610 καὶ

86 2631 145 2656 κατ’
161 2629 254 2661 οἴκους
272 2630 397 2665 πατριῶν
410 2629 509 2662 αὐτῶν,
527 2629 598 2656 κατά
610 2629 726 2665 ἀριθμὸν
736 2630 766 2663 ἐξ
776 2630 874 2665 ὀνόμα-

85 2685 129 2706 τος
141 2675 242 2708 αὐτῶν,
258 2676 329 2702 κατὰ
345 2674 466 2710 κεφαλὴν
484 2675 588 2701 αὐτῶν·
607 2676 661 2706 πᾶς
674 2676 760 2711 ἄρσην
767 2676 820 2703 ἀπὺ
834 2677 873 2703 εί-

87 2723 233 2752 κοταετοῦς
256 2721 305 2749 καὶ
314 2721 473 2753 ἐπάνω,πᾶς
483 2722 496 2748 ὁ
505 2721 719 2756 ἐκπορευόμενος
727 2723 754 2748 ἐν
763 2723 873 2758 δυνάμει

122 2791 143 2806 ⁵³
154 2791 328 2822 Psal.cxxm,
343 2790 398 2817 [-5.
434 2791 454 2807 ⁵³
470 2790 491 2817 II
507 2790 568 2818 Cor.
590 2799 614 2823 κ,
627 2792 670 2819 26.

123 2860 221 2894 (“Sic
237 2859 301 2888 cod.
333 2859 418 2886 Vatic.
453 2860 512 2887 eod.
541 2860 644 2891 Sirleti.
677 2861 827 2896 ἀραρότως,
847 2866 916 2895 apte.

925 2410 1015 2432 autem
1039 2404 1062 2431 is
1076 2404 1160 2440 Moysi
1177 2405 1287 2432 libellus
1307 2414 1314 2431 :
1334 2414 1344 2430 ι
1358 2404 1392 2431 Ει
1412 2403 1520 2430 locutus
1532 2406 1582 2434 est,
1609 2401 1708 2436 inquit.

925 2449 1056 2476 Dominus
1075 2450 1108 2476 ad
1125 2449 1233 2484 Moysen
1245 2449 1273 2476 in
1287 2449 1395 2476 deserto
1407 2448 1481 2479 Sina,
1499 2447 1526 2473 in
1535 2446 1714 2473 tabernaculo

924 2493 1084 2526 testimonii,
1099 2494 1126 2521 in
1139 2502 1193 2521 una
1211 2493 1323 2524 mensis.
1343 2493 1406 2524 anni
1426 2490 1550 2522 secundi,
1566 2495 1710 2525 postquam

925 2539 1028 2575 egressi
1037 2543 1100 2566 sunt
1111 2539 1146 2566 de
1158 2544 1230 2566 terra
1242 2538 1361 2574 ASgypti,
1373 2537 1468 2565 dicens
1482 2546 1488 2563 ε
1506 2535 1625 2570 Accipite
1636 2542 1711 2562 sum-

927 2585 1103 2613 mam.omnis
1119 2584 1289 2620 cognationis
1306 2584 1423 2611 ﬁliorum
1444 2582 1525 2610 Israel
1542 2589 1591 2616 per
1609 2588 1709 2615 cogna-

927 2630 1015 2658 tiones
1028 2638 1100 2663 suas,
1122 2635 1151 2658 et
1165 2638 1214 2665 per
1235 2630 1331 2657 domos
1346 2628 1510 2656 familiarum
1526 2633 1646 2658 suarum,
1662 2633 1711 2660 per

927 2684 1070 2704 numerum
1091 2684 1124 2704 ex
1145 2676 1255 2704 nomine
1277 2676 1399 2711 ipsorum
1426 2681 1474 2709 per
1494 2673 1581 2708 capita
1597 2679 1691 2705 eorum
1701 2679 1715 2703 ς

928 2732 1009 2752 omne
1032 2724 1211 2752 masculinum
1228 2732 1242 2751 a
1256 2723 1352 2760 viginti
1374 2721 1454 2750 annis
1471 2725 1497 2748 (-t
1512 2727 1603 2755 supra,
1619 2718 1717 2748 omnis.
