  <div class='ocr_page' id='page_1' title='image "/cluster/home/n/w/nwhite01/storage/ocr_20150623/68/njp.32101077772711/171.png"; bbox 0 0 1924 3043; ppageno 0'>
   <div class='ocr_carea' id='block_1_1' title="bbox 208 128 260 158">
    <p class='ocr_par' dir='ltr' id='par_1_1' title="bbox 208 128 260 158">
     <span class='ocr_line' id='line_1_1' title="bbox 208 128 260 158; baseline -0.019 0"><span class='ocrx_word' id='word_1_1' title='bbox 208 128 260 158; x_wconf 67' lang='lat' dir='ltr'><strong>5M</strong></span> 
     </span>
    </p>
   </div>
   <div class='ocr_carea' id='block_1_2' title="bbox 701 127 1320 157">
    <p class='ocr_par' dir='ltr' id='par_1_2' title="bbox 701 127 1320 157">
     <span class='ocr_line' id='line_1_2' title="bbox 701 127 1320 157; baseline 0 -2"><span class='ocrx_word' id='word_1_2' title='bbox 701 127 728 155; x_wconf 88' lang='lat' dir='ltr'><strong>S.</strong></span> <span class='ocrx_word' id='word_1_3' title='bbox 749 127 887 156; x_wconf 71' lang='lat' dir='ltr'><strong>CYltlLLl</strong></span> <span class='ocrx_word' id='word_1_4' title='bbox 906 128 1141 156; x_wconf 74' lang='lat' dir='ltr'><strong>ALEXANDRINI</strong></span> <span class='ocrx_word' id='word_1_5' title='bbox 1162 127 1320 157; x_wconf 70' lang='lat' dir='ltr'><strong>AliClllEP.</strong></span> 
     </span>
    </p>
   </div>
   <div class='ocr_carea' id='block_1_3' title="bbox 1779 124 1831 153">
    <p class='ocr_par' dir='ltr' id='par_1_3' title="bbox 1779 124 1831 153">
     <span class='ocr_line' id='line_1_3' title="bbox 1779 124 1831 153; baseline -0.058 0"><span class='ocrx_word' id='word_1_6' title='bbox 1779 124 1831 153; x_wconf 68' lang='grc'><strong>312</strong></span> 
     </span>
    </p>
   </div>
   <div class='ocr_carea' id='block_1_4' title="bbox 207 181 978 222">
    <p class='ocr_par' dir='ltr' id='par_1_4' title="bbox 207 183 978 222">
     <span class='ocr_line' id='line_1_4' title="bbox 207 183 978 222; baseline -0.005 -8"><span class='ocrx_word' id='word_1_7' title='bbox 207 186 254 222; x_wconf 87' lang='lat' dir='ltr'><strong>qui</strong></span> <span class='ocrx_word' id='word_1_8' title='bbox 272 184 411 221; x_wconf 72' lang='lat' dir='ltr'><strong>egreditur</strong></span> <span class='ocrx_word' id='word_1_9' title='bbox 425 184 454 211; x_wconf 91' lang='lat' dir='ltr'><strong>in</strong></span> <span class='ocrx_word' id='word_1_10' title='bbox 470 183 589 211; x_wconf 77' lang='lat' dir='ltr'><strong>exercitu</strong></span> <span class='ocrx_word' id='word_1_11' title='bbox 604 183 696 215; x_wconf 84' lang='lat' dir='ltr'><strong>Israel,</strong></span> <span class='ocrx_word' id='word_1_12' title='bbox 709 187 851 210; x_wconf 75' lang='lat' dir='ltr'><strong>numerate</strong></span> <span class='ocrx_word' id='word_1_13' title='bbox 866 190 913 210; x_wconf 87' lang='lat' dir='ltr'><strong>eos</strong></span> <span class='ocrx_word' id='word_1_14' title='bbox 929 191 978 210; x_wconf 82' lang='lat' dir='ltr'><strong>eun</strong></span> 
     </span>
    </p>
   </div>
   <div class='ocr_carea' id='block_1_5' title="bbox 1031 181 1831 222">
    <p class='ocr_par' dir='ltr' id='par_1_5' title="bbox 1049 181 1831 218">
     <span class='ocr_line' id='line_1_5' title="bbox 1049 181 1831 218; baseline 0 -9"><span class='ocrx_word' id='word_1_15' title='bbox 1049 182 1171 218; x_wconf 80' lang='grc' dir='ltr'>Ἰσραὴλ,</span> <span class='ocrx_word' id='word_1_16' title='bbox 1188 181 1374 218; x_wconf 73' lang='grc' dir='ltr'><strong>ἐπισκέψασθε</strong></span> <span class='ocrx_word' id='word_1_17' title='bbox 1388 182 1484 214; x_wconf 74' lang='grc' dir='ltr'>αὐτοὺς</span> <span class='ocrx_word' id='word_1_18' title='bbox 1503 182 1532 209; x_wconf 70' lang='grc' dir='ltr'>ἐν</span> <span class='ocrx_word' id='word_1_19' title='bbox 1545 181 1659 217; x_wconf 81' lang='grc' dir='ltr'><strong>δυνάμει</strong></span> <span class='ocrx_word' id='word_1_20' title='bbox 1679 181 1782 213; x_wconf 78' lang='grc' dir='ltr'>αὐτῶν,</span> <span class='ocrx_word' id='word_1_21' title='bbox 1799 182 1831 209; x_wconf 79' lang='grc' dir='ltr'><strong>σὺ</strong></span> 
     </span>
    </p>
   </div>
   <div class='ocr_carea' id='block_1_6' title="bbox 205 227 991 261">
    <p class='ocr_par' dir='ltr' id='par_1_6' title="bbox 205 227 991 261">
     <span class='ocr_line' id='line_1_6' title="bbox 205 227 991 261; baseline -0.005 -3"><span class='ocrx_word' id='word_1_22' title='bbox 205 230 329 258; x_wconf 77' lang='lat' dir='ltr'><strong>exercitu</strong></span> <span class='ocrx_word' id='word_1_23' title='bbox 339 236 432 256; x_wconf 90' lang='lat' dir='ltr'><strong>eorum</strong></span> <span class='ocrx_word' id='word_1_24' title='bbox 447 238 452 254; x_wconf 68' lang='grc' dir='ltr'>ι</span> <span class='ocrx_word' id='word_1_25' title='bbox 467 232 495 255; x_wconf 84' lang='grc' dir='ltr'><strong>ιιι</strong></span> <span class='ocrx_word' id='word_1_26' title='bbox 508 231 537 255; x_wconf 94' lang='lat' dir='ltr'><strong>et</strong></span> <span class='ocrx_word' id='word_1_27' title='bbox 548 227 636 254; x_wconf 82' lang='lat' dir='ltr'><strong>Aaron</strong></span> <span class='ocrx_word' id='word_1_28' title='bbox 651 232 794 255; x_wconf 87' lang='lat' dir='ltr'><strong>numerate</strong></span> <span class='ocrx_word' id='word_1_29' title='bbox 806 235 853 255; x_wconf 87' lang='lat' dir='ltr'><strong>eos</strong></span> <span class='ocrx_word' id='word_1_30' title='bbox 865 228 898 254; x_wconf 75' lang='grc' dir='ltr'><strong>⁸ο.</strong></span> <span class='ocrx_word' id='word_1_31' title='bbox 917 238 926 253; x_wconf 75' lang='grc' dir='ltr'><strong>ι</strong></span> <span class='ocrx_word' id='word_1_32' title='bbox 940 227 991 261; x_wconf 85' lang='lat' dir='ltr'><strong>Qui</strong></span> 
     </span>
    </p>
   </div>
   <div class='ocr_carea' id='block_1_7' title="bbox 206 273 990 312">
    <p class='ocr_par' dir='ltr' id='par_1_7' title="bbox 206 273 990 312">
     <span class='ocr_line' id='line_1_7' title="bbox 206 273 990 312; baseline -0.004 -9"><span class='ocrx_word' id='word_1_33' title='bbox 206 276 290 312; x_wconf 74' lang='lat' dir='ltr'><strong>igitur</strong></span> <span class='ocrx_word' id='word_1_34' title='bbox 303 282 362 302; x_wconf 88' lang='lat' dir='ltr'><strong>mas</strong></span> <span class='ocrx_word' id='word_1_35' title='bbox 379 275 424 306; x_wconf 86' lang='lat' dir='ltr'><strong>sit,</strong></span> <span class='ocrx_word' id='word_1_36' title='bbox 444 277 471 301; x_wconf 91' lang='lat' dir='ltr'><strong>et</strong></span> <span class='ocrx_word' id='word_1_37' title='bbox 485 273 519 301; x_wconf 91' lang='lat' dir='ltr'><strong>ad</strong></span> <span class='ocrx_word' id='word_1_38' title='bbox 532 280 649 308; x_wconf 80' lang='lat' dir='ltr'><strong>pugnam</strong></span> <span class='ocrx_word' id='word_1_39' title='bbox 664 273 832 308; x_wconf 90' lang='lat' dir='ltr'><strong>aptissimus,</strong></span> <span class='ocrx_word' id='word_1_40' title='bbox 848 277 876 301; x_wconf 88' lang='lat' dir='ltr'><strong>et</strong></span> <span class='ocrx_word' id='word_1_41' title='bbox 890 273 923 300; x_wconf 88' lang='lat' dir='ltr'><strong>ad</strong></span> <span class='ocrx_word' id='word_1_42' title='bbox 939 282 990 309; x_wconf 88' lang='lat' dir='ltr'><strong>pu—</strong></span> 
     </span>
    </p>
   </div>
   <div class='ocr_carea' id='block_1_8' title="bbox 207 319 989 356">
    <p class='ocr_par' dir='ltr' id='par_1_8' title="bbox 207 319 989 356">
     <span class='ocr_line' id='line_1_8' title="bbox 207 319 989 356; baseline -0.004 -7"><span class='ocrx_word' id='word_1_43' title='bbox 207 322 339 349; x_wconf 90' lang='lat' dir='ltr'><strong>bertatem</strong></span> <span class='ocrx_word' id='word_1_44' title='bbox 345 320 510 356; x_wconf 74' lang='lat' dir='ltr'><strong>pervenerit,</strong></span> <span class='ocrx_word' id='word_1_45' title='bbox 519 319 545 347; x_wconf 95' lang='lat' dir='ltr'><strong>id</strong></span> <span class='ocrx_word' id='word_1_46' title='bbox 553 323 595 347; x_wconf 89' lang='lat' dir='ltr'><strong>est</strong></span> <span class='ocrx_word' id='word_1_47' title='bbox 606 319 639 347; x_wconf 91' lang='lat' dir='ltr'><strong>ad</strong></span> <span class='ocrx_word' id='word_1_48' title='bbox 646 319 802 347; x_wconf 81' lang='lat' dir='ltr'><strong>ﬁrmitatem</strong></span> <span class='ocrx_word' id='word_1_49' title='bbox 810 320 989 355; x_wconf 88' lang='lat' dir='ltr'><strong>spiritualem,</strong></span> 
     </span>
    </p>
   </div>
   <div class='ocr_carea' id='block_1_9' title="bbox 205 366 989 402">
    <p class='ocr_par' dir='ltr' id='par_1_9' title="bbox 205 366 989 402">
     <span class='ocr_line' id='line_1_9' title="bbox 205 366 989 402; baseline -0.003 -7"><span class='ocrx_word' id='word_1_50' title='bbox 205 372 233 395; x_wconf 89' lang='lat' dir='ltr'><strong>et</strong></span> <span class='ocrx_word' id='word_1_51' title='bbox 247 367 280 394; x_wconf 93' lang='lat' dir='ltr'><strong>ad</strong></span> <span class='ocrx_word' id='word_1_52' title='bbox 300 374 455 394; x_wconf 85' lang='lat' dir='ltr'><strong>mensuram</strong></span> <span class='ocrx_word' id='word_1_53' title='bbox 470 366 557 394; x_wconf 66' lang='lat' dir='ltr'><strong>aetatis</strong></span> <span class='ocrx_word' id='word_1_54' title='bbox 568 366 746 402; x_wconf 87' lang='lat' dir='ltr'><strong>plenitudinis</strong></span> <span class='ocrx_word' id='word_1_55' title='bbox 760 366 870 400; x_wconf 83' lang='lat' dir='ltr'><strong>Christi,</strong></span> <span class='ocrx_word' id='word_1_56' title='bbox 886 374 949 394; x_wconf 90' lang='lat' dir='ltr'><strong>eum</strong></span> <span class='ocrx_word' id='word_1_57' title='bbox 963 367 989 393; x_wconf 89' lang='lat' dir='ltr'><strong>in</strong></span> 
     </span>
    </p>
   </div>
   <div class='ocr_carea' id='block_1_10' title="bbox 205 411 989 448">
    <p class='ocr_par' dir='ltr' id='par_1_10' title="bbox 205 411 989 448">
     <span class='ocr_line' id='line_1_10' title="bbox 205 411 989 448; baseline -0.001 -8"><span class='ocrx_word' id='word_1_58' title='bbox 205 412 418 448; x_wconf 83' lang='lat' dir='ltr'><strong>descriptionem</strong></span> <span class='ocrx_word' id='word_1_59' title='bbox 432 411 562 444; x_wconf 81' lang='lat' dir='ltr'><strong>divinam,</strong></span> <span class='ocrx_word' id='word_1_60' title='bbox 580 416 608 439; x_wconf 87' lang='lat' dir='ltr'><strong>et</strong></span> <span class='ocrx_word' id='word_1_61' title='bbox 631 411 659 440; x_wconf 90' lang='lat' dir='ltr'><strong>in</strong></span> <span class='ocrx_word' id='word_1_62' title='bbox 681 412 781 439; x_wconf 90' lang='lat' dir='ltr'><strong>librum</strong></span> <span class='ocrx_word' id='word_1_63' title='bbox 803 412 851 439; x_wconf 86' lang='lat' dir='ltr'><strong>Dei</strong></span> <span class='ocrx_word' id='word_1_64' title='bbox 874 412 989 439; x_wconf 88' lang='lat' dir='ltr'><strong>relatum</strong></span> 
     </span>
    </p>
   </div>
   <div class='ocr_carea' id='block_1_11' title="bbox 203 457 990 494">
    <p class='ocr_par' dir='ltr' id='par_1_11' title="bbox 203 457 990 494">
     <span class='ocr_line' id='line_1_11' title="bbox 203 457 990 494; baseline -0.001 -8"><span class='ocrx_word' id='word_1_65' title='bbox 203 467 263 486; x_wconf 83' lang='lat' dir='ltr'><strong>esse</strong></span> <span class='ocrx_word' id='word_1_66' title='bbox 276 459 451 494; x_wconf 82' lang='lat' dir='ltr'><strong>perspicuum</strong></span> <span class='ocrx_word' id='word_1_67' title='bbox 465 466 524 486; x_wconf 85' lang='lat' dir='ltr'><strong>esse</strong></span> <span class='ocrx_word' id='word_1_68' title='bbox 538 457 637 493; x_wconf 86' lang='lat' dir='ltr'><strong>poterit</strong></span> <span class='ocrx_word' id='word_1_69' title='bbox 647 458 689 485; x_wconf 89' lang='lat' dir='ltr'><strong>vel</strong></span> <span class='ocrx_word' id='word_1_70' title='bbox 702 457 818 486; x_wconf 80' lang='lat' dir='ltr'><strong>maxime</strong></span> <span class='ocrx_word' id='word_1_71' title='bbox 830 466 863 484; x_wconf 82' lang='lat' dir='ltr'><strong>ex</strong></span> <span class='ocrx_word' id='word_1_72' title='bbox 875 458 918 485; x_wconf 87' lang='lat' dir='ltr'><strong>bis</strong></span> <span class='ocrx_word' id='word_1_73' title='bbox 929 466 990 485; x_wconf 84' lang='lat' dir='ltr'><strong>ver-</strong></span> 
     </span>
    </p>
   </div>
   <div class='ocr_carea' id='block_1_12' title="bbox 202 504 987 539">
    <p class='ocr_par' dir='ltr' id='par_1_12' title="bbox 202 504 987 539">
     <span class='ocr_line' id='line_1_12' title="bbox 202 504 987 539; baseline 0 -8"><span class='ocrx_word' id='word_1_74' title='bbox 202 504 245 532; x_wconf 91' lang='lat' dir='ltr'><strong>bis</strong></span> <span class='ocrx_word' id='word_1_75' title='bbox 263 514 269 530; x_wconf 93' lang='lat'>:</span> <span class='ocrx_word' id='word_1_76' title='bbox 284 512 374 539; x_wconf 88' lang='lat' dir='ltr'><strong>neque</strong></span> <span class='ocrx_word' id='word_1_77' title='bbox 390 504 463 532; x_wconf 90' lang='lat' dir='ltr'><strong>enim</strong></span> <span class='ocrx_word' id='word_1_78' title='bbox 481 504 533 532; x_wconf 89' lang='lat' dir='ltr'><strong>alia</strong></span> <span class='ocrx_word' id='word_1_79' title='bbox 552 504 586 532; x_wconf 83' lang='lat' dir='ltr'><strong>de</strong></span> <span class='ocrx_word' id='word_1_80' title='bbox 601 512 682 531; x_wconf 90' lang='lat' dir='ltr'><strong>causa</strong></span> <span class='ocrx_word' id='word_1_81' title='bbox 697 508 866 536; x_wconf 76' lang='lat' dir='ltr'><strong>numeratur,</strong></span> <span class='ocrx_word' id='word_1_82' title='bbox 883 508 912 532; x_wconf 92' lang='lat' dir='ltr'><strong>ut</strong></span> <span class='ocrx_word' id='word_1_83' title='bbox 928 504 987 539; x_wconf 84' lang='lat' dir='ltr'><strong>opi~</strong></span> 
     </span>
    </p>
   </div>
   <div class='ocr_carea' id='block_1_13' title="bbox 202 550 986 586">
    <p class='ocr_par' dir='ltr' id='par_1_13' title="bbox 202 550 986 586">
     <span class='ocr_line' id='line_1_13' title="bbox 202 550 986 586; baseline 0.001 -9"><span class='ocrx_word' id='word_1_84' title='bbox 202 558 263 583; x_wconf 91' lang='lat' dir='ltr'><strong>nor,</strong></span> <span class='ocrx_word' id='word_1_85' title='bbox 282 551 419 578; x_wconf 85' lang='lat' dir='ltr'><strong>masculus</strong></span> <span class='ocrx_word' id='word_1_86' title='bbox 430 571 437 583; x_wconf 93' lang='lat'><strong>,</strong></span> <span class='ocrx_word' id='word_1_87' title='bbox 450 556 477 578; x_wconf 90' lang='lat' dir='ltr'><strong>et</strong></span> <span class='ocrx_word' id='word_1_88' title='bbox 491 550 652 586; x_wconf 82' lang='lat' dir='ltr'><strong>vigesimum</strong></span> <span class='ocrx_word' id='word_1_89' title='bbox 663 558 765 578; x_wconf 90' lang='lat' dir='ltr'><strong>annum</strong></span> <span class='ocrx_word' id='word_1_90' title='bbox 783 551 860 585; x_wconf 72' lang='grc'><strong>112</strong></span> <span class='ocrx_word' id='word_1_91' title='bbox 876 554 924 577; x_wconf 89' lang='lat' dir='ltr'><strong>aut</strong></span> <span class='ocrx_word' id='word_1_92' title='bbox 940 558 986 578; x_wconf 86' lang='lat' dir='ltr'><strong>su—</strong></span> 
     </span>
    </p>
   </div>
   <div class='ocr_carea' id='block_1_14' title="bbox 202 596 988 631">
    <p class='ocr_par' dir='ltr' id='par_1_14' title="bbox 202 596 988 631">
     <span class='ocr_line' id='line_1_14' title="bbox 202 596 988 631; baseline 0.001 -9"><span class='ocrx_word' id='word_1_93' title='bbox 202 603 250 631; x_wconf 93' lang='lat' dir='ltr'><strong>pra</strong></span> <span class='ocrx_word' id='word_1_94' title='bbox 267 601 357 628; x_wconf 88' lang='lat' dir='ltr'><strong>natus,</strong></span> <span class='ocrx_word' id='word_1_95' title='bbox 376 604 457 631; x_wconf 87' lang='lat' dir='ltr'><strong>quam</strong></span> <span class='ocrx_word' id='word_1_96' title='bbox 475 600 505 623; x_wconf 88' lang='lat' dir='ltr'><strong>ut</strong></span> <span class='ocrx_word' id='word_1_97' title='bbox 527 604 576 623; x_wconf 90' lang='lat' dir='ltr'><strong>nos</strong></span> <span class='ocrx_word' id='word_1_98' title='bbox 600 604 708 631; x_wconf 89' lang='lat' dir='ltr'><strong>quoque</strong></span> <span class='ocrx_word' id='word_1_99' title='bbox 731 596 782 630; x_wconf 87' lang='lat' dir='ltr'><strong>ipsi</strong></span> <span class='ocrx_word' id='word_1_100' title='bbox 803 596 988 631; x_wconf 80' lang='lat' dir='ltr'><strong>intelligamus</strong></span> 
     </span>
    </p>
   </div>
   <div class='ocr_carea' id='block_1_15' title="bbox 201 642 987 677">
    <p class='ocr_par' dir='ltr' id='par_1_15' title="bbox 201 642 987 677">
     <span class='ocr_line' id='line_1_15' title="bbox 201 642 987 677; baseline 0.003 -9"><span class='ocrx_word' id='word_1_101' title='bbox 201 642 277 677; x_wconf 86' lang='lat' dir='ltr'><strong>rejici</strong></span> <span class='ocrx_word' id='word_1_102' title='bbox 294 650 308 669; x_wconf 90' lang='lat' dir='ltr'><strong>a</strong></span> <span class='ocrx_word' id='word_1_103' title='bbox 323 642 389 675; x_wconf 90' lang='lat' dir='ltr'><strong>Deo,</strong></span> <span class='ocrx_word' id='word_1_104' title='bbox 404 647 485 677; x_wconf 86' lang='lat' dir='ltr'><strong>atque</strong></span> <span class='ocrx_word' id='word_1_105' title='bbox 503 642 662 677; x_wconf 87' lang='lat' dir='ltr'><strong>improbari,</strong></span> <span class='ocrx_word' id='word_1_106' title='bbox 679 643 751 677; x_wconf 93' lang='lat' dir='ltr'><strong>quod</strong></span> <span class='ocrx_word' id='word_1_107' title='bbox 769 642 877 670; x_wconf 81' lang='lat' dir='ltr'><strong>imbelle</strong></span> <span class='ocrx_word' id='word_1_108' title='bbox 896 643 940 675; x_wconf 88' lang='lat' dir='ltr'><strong>sit,</strong></span> <span class='ocrx_word' id='word_1_109' title='bbox 956 650 987 670; x_wconf 88' lang='lat' dir='ltr'><strong>ac</strong></span> 
     </span>
    </p>
   </div>
   <div class='ocr_carea' id='block_1_16' title="bbox 201 688 986 724">
    <p class='ocr_par' dir='ltr' id='par_1_16' title="bbox 201 688 986 724">
     <span class='ocr_line' id='line_1_16' title="bbox 201 688 986 724; baseline 0.001 -9"><span class='ocrx_word' id='word_1_110' title='bbox 201 695 282 715; x_wconf 88' lang='lat' dir='ltr'><strong>sensu</strong></span> <span class='ocrx_word' id='word_1_111' title='bbox 305 689 416 716; x_wconf 89' lang='lat' dir='ltr'><strong>minime</strong></span> <span class='ocrx_word' id='word_1_112' title='bbox 437 689 568 724; x_wconf 81' lang='lat' dir='ltr'><strong>perfecto,</strong></span> <span class='ocrx_word' id='word_1_113' title='bbox 590 696 707 723; x_wconf 92' lang='lat' dir='ltr'><strong>quorum</strong></span> <span class='ocrx_word' id='word_1_114' title='bbox 731 693 877 724; x_wconf 83' lang='lat' dir='ltr'><strong>utrumque</strong></span> <span class='ocrx_word' id='word_1_115' title='bbox 897 688 986 716; x_wconf 87' lang='lat' dir='ltr'><strong>inesse</strong></span> 
     </span>
    </p>
   </div>
   <div class='ocr_carea' id='block_1_17' title="bbox 200 733 986 769">
    <p class='ocr_par' dir='ltr' id='par_1_17' title="bbox 200 733 986 769">
     <span class='ocr_line' id='line_1_17' title="bbox 200 733 986 769; baseline 0.003 -9"><span class='ocrx_word' id='word_1_116' title='bbox 200 733 318 761; x_wconf 85' lang='lat' dir='ltr'><strong>dicimus</strong></span> <span class='ocrx_word' id='word_1_117' title='bbox 334 734 378 766; x_wconf 90' lang='lat' dir='ltr'><strong>iis,</strong></span> <span class='ocrx_word' id='word_1_118' title='bbox 395 735 442 769; x_wconf 86' lang='lat' dir='ltr'><strong>qui</strong></span> <span class='ocrx_word' id='word_1_119' title='bbox 456 735 546 762; x_wconf 82' lang='lat' dir='ltr'><strong>adhuc</strong></span> <span class='ocrx_word' id='word_1_120' title='bbox 561 742 625 762; x_wconf 82' lang='lat' dir='ltr'><strong>sane</strong></span> <span class='ocrx_word' id='word_1_121' title='bbox 634 734 822 762; x_wconf 86' lang='lat' dir='ltr'><strong>adolescentes</strong></span> <span class='ocrx_word' id='word_1_122' title='bbox 835 739 909 767; x_wconf 89' lang='lat' dir='ltr'><strong>sunt,</strong></span> <span class='ocrx_word' id='word_1_123' title='bbox 924 742 986 762; x_wconf 90' lang='lat' dir='ltr'><strong>nec-</strong></span> 
     </span>
    </p>
   </div>
   <div class='ocr_carea' id='block_1_18' title="bbox 199 779 985 817">
    <p class='ocr_par' dir='ltr' id='par_1_18' title="bbox 199 779 985 817">
     <span class='ocr_line' id='line_1_18' title="bbox 199 779 985 817; baseline 0.004 -13"><span class='ocrx_word' id='word_1_124' title='bbox 199 779 264 806; x_wconf 84' lang='lat' dir='ltr'><strong>dum</strong></span> <span class='ocrx_word' id='word_1_125' title='bbox 280 779 313 806; x_wconf 88' lang='lat' dir='ltr'><strong>ad</strong></span> <span class='ocrx_word' id='word_1_126' title='bbox 329 779 482 814; x_wconf 82' lang='lat' dir='ltr'><strong>pubertatis</strong></span> <span class='ocrx_word' id='word_1_127' title='bbox 495 787 653 806; x_wconf 78' lang='lat' dir='ltr'><strong>mensuram</strong></span> <span class='ocrx_word' id='word_1_128' title='bbox 667 784 853 817; x_wconf 85' lang='lat' dir='ltr'><strong>pervenerunt</strong></span> <span class='ocrx_word' id='word_1_129' title='bbox 876 788 882 806; x_wconf 78' lang='lat'><strong>2</strong></span> <span class='ocrx_word' id='word_1_130' title='bbox 904 788 985 816; x_wconf 83' lang='lat' dir='ltr'><strong>quam</strong></span> 
     </span>
    </p>
   </div>
   <div class='ocr_carea' id='block_1_19' title="bbox 198 825 984 859">
    <p class='ocr_par' dir='ltr' id='par_1_19' title="bbox 198 825 984 859">
     <span class='ocr_line' id='line_1_19' title="bbox 198 825 984 859; baseline 0.001 -7"><span class='ocrx_word' id='word_1_131' title='bbox 198 825 309 859; x_wconf 84' lang='lat' dir='ltr'><strong>quidem</strong></span> <span class='ocrx_word' id='word_1_132' title='bbox 331 833 486 853; x_wconf 84' lang='lat' dir='ltr'><strong>mensuram</strong></span> <span class='ocrx_word' id='word_1_133' title='bbox 509 825 600 853; x_wconf 87' lang='lat' dir='ltr'><strong>divina</strong></span> <span class='ocrx_word' id='word_1_134' title='bbox 620 826 663 852; x_wconf 82' lang='lat' dir='ltr'><strong>lex</strong></span> <span class='ocrx_word' id='word_1_135' title='bbox 684 829 713 852; x_wconf 91' lang='lat' dir='ltr'><strong>et</strong></span> <span class='ocrx_word' id='word_1_136' title='bbox 731 825 807 853; x_wconf 84' lang='lat' dir='ltr'><strong>novit</strong></span> <span class='ocrx_word' id='word_1_137' title='bbox 826 830 854 853; x_wconf 89' lang='lat' dir='ltr'><strong>et</strong></span> <span class='ocrx_word' id='word_1_138' title='bbox 869 825 984 859; x_wconf 87' lang='lat' dir='ltr'><strong>desinit,</strong></span> 
     </span>
    </p>
   </div>
   <div class='ocr_carea' id='block_1_20' title="bbox 1044 225 1833 264">
    <p class='ocr_par' dir='ltr' id='par_1_20' title="bbox 1044 225 1833 264">
     <span class='ocr_line' id='line_1_20' title="bbox 1044 225 1833 264; baseline -0.003 -9"><span class='ocrx_word' id='word_1_139' title='bbox 1044 229 1091 255; x_wconf 76' lang='grc' dir='ltr'>καὶ</span> <span class='ocrx_word' id='word_1_140' title='bbox 1110 228 1216 264; x_wconf 83' lang='grc' dir='ltr'>Ἀαρὼν</span> <span class='ocrx_word' id='word_1_141' title='bbox 1235 229 1418 264; x_wconf 66' lang='grc' dir='ltr'><strong>ἐπισκέψασθε</strong></span> <span class='ocrx_word' id='word_1_142' title='bbox 1434 228 1542 259; x_wconf 76' lang='grc' dir='ltr'>αὐτούς.</span> <span class='ocrx_word' id='word_1_143' title='bbox 1566 237 1574 253; x_wconf 76' lang='grc' dir='ltr'><strong>ι</strong></span> <span class='ocrx_word' id='word_1_144' title='bbox 1595 229 1656 254; x_wconf 84' lang='grc' dir='ltr'><strong>’Ότι</strong></span> <span class='ocrx_word' id='word_1_145' title='bbox 1678 227 1727 262; x_wconf 77' lang='grc' dir='ltr'>μὲν</span> <span class='ocrx_word' id='word_1_146' title='bbox 1742 225 1833 254; x_wconf 73' lang='grc' dir='ltr'>οὖντὸ</span> 
     </span>
    </p>
   </div>
   <div class='ocr_carea' id='block_1_21' title="bbox 1044 273 1831 310">
    <p class='ocr_par' dir='ltr' id='par_1_21' title="bbox 1044 273 1831 310">
     <span class='ocr_line' id='line_1_21' title="bbox 1044 273 1831 310; baseline -0.001 -9"><span class='ocrx_word' id='word_1_147' title='bbox 1044 274 1125 309; x_wconf 74' lang='grc' dir='ltr'>ἄρπν</span> <span class='ocrx_word' id='word_1_148' title='bbox 1141 275 1187 301; x_wconf 75' lang='grc' dir='ltr'>καὶ</span> <span class='ocrx_word' id='word_1_149' title='bbox 1211 274 1413 310; x_wconf 79' lang='grc' dir='ltr'><strong>μαχιμώτατον,</strong></span> <span class='ocrx_word' id='word_1_150' title='bbox 1433 275 1479 302; x_wconf 75' lang='grc' dir='ltr'>καὶ</span> <span class='ocrx_word' id='word_1_151' title='bbox 1500 275 1539 307; x_wconf 83' lang='grc' dir='ltr'><strong>είς</strong></span> <span class='ocrx_word' id='word_1_152' title='bbox 1558 274 1628 310; x_wconf 69' lang='grc' dir='ltr'>ἥϐην</span> <span class='ocrx_word' id='word_1_153' title='bbox 1648 273 1831 309; x_wconf 72' lang='grc' dir='ltr'>ἀναϐεϐηκὺς,</span> 
     </span>
    </p>
   </div>
   <div class='ocr_carea' id='block_1_22' title="bbox 1042 319 1832 356">
    <p class='ocr_par' dir='ltr' id='par_1_22' title="bbox 1042 319 1832 356">
     <span class='ocr_line' id='line_1_22' title="bbox 1042 319 1832 356; baseline 0 -10"><span class='ocrx_word' id='word_1_154' title='bbox 1042 320 1196 352; x_wconf 82' lang='grc' dir='ltr'><strong>τουτέστιν,</strong></span> <span class='ocrx_word' id='word_1_155' title='bbox 1223 321 1263 352; x_wconf 88' lang='grc' dir='ltr'><strong>είς</strong></span> <span class='ocrx_word' id='word_1_156' title='bbox 1289 321 1396 354; x_wconf 69' lang='grc' dir='ltr'>εὐεξίαν</span> <span class='ocrx_word' id='word_1_157' title='bbox 1420 320 1469 356; x_wconf 81' lang='grc' dir='ltr'>τὴν</span> <span class='ocrx_word' id='word_1_158' title='bbox 1499 319 1687 355; x_wconf 83' lang='grc' dir='ltr'>πνευματικὴν</span> <span class='ocrx_word' id='word_1_159' title='bbox 1717 319 1765 346; x_wconf 74' lang='grc' dir='ltr'>καὶ</span> <span class='ocrx_word' id='word_1_160' title='bbox 1792 319 1832 350; x_wconf 84' lang='grc' dir='ltr'>εἰς</span> 
     </span>
    </p>
   </div>
   <div class='ocr_carea' id='block_1_23' title="bbox 1044 364 1831 402">
    <p class='ocr_par' dir='ltr' id='par_1_23' title="bbox 1044 364 1831 402">
     <span class='ocr_line' id='line_1_23' title="bbox 1044 364 1831 402; baseline 0 -11"><span class='ocrx_word' id='word_1_161' title='bbox 1044 366 1142 400; x_wconf 73' lang='grc' dir='ltr'>μέτρον</span> <span class='ocrx_word' id='word_1_162' title='bbox 1167 366 1275 401; x_wconf 83' lang='grc' dir='ltr'>ἡλικίας</span> <span class='ocrx_word' id='word_1_163' title='bbox 1295 366 1340 393; x_wconf 81' lang='grc' dir='ltr'>τοῦ</span> <span class='ocrx_word' id='word_1_164' title='bbox 1368 366 1549 402; x_wconf 81' lang='grc' dir='ltr'><strong>πληρώματος</strong></span> <span class='ocrx_word' id='word_1_165' title='bbox 1575 364 1622 392; x_wconf 77' lang='grc' dir='ltr'>τοῦ</span> <span class='ocrx_word' id='word_1_166' title='bbox 1644 366 1781 401; x_wconf 78' lang='grc' dir='ltr'><strong>Χριστοῦ,</strong></span> <span class='ocrx_word' id='word_1_167' title='bbox 1802 366 1831 391; x_wconf 81' lang='grc' dir='ltr'>ἐν</span> 
     </span>
    </p>
   </div>
   <div class='ocr_carea' id='block_1_24' title="bbox 1041 411 1829 449">
    <p class='ocr_par' dir='ltr' id='par_1_24' title="bbox 1041 411 1829 449">
     <span class='ocr_line' id='line_1_24' title="bbox 1041 411 1829 449; baseline 0 -11"><span class='ocrx_word' id='word_1_168' title='bbox 1041 412 1187 447; x_wconf 71' lang='grc' dir='ltr'>ἀπογραφῇ</span> <span class='ocrx_word' id='word_1_169' title='bbox 1214 413 1246 448; x_wconf 88' lang='grc' dir='ltr'>τῇ</span> <span class='ocrx_word' id='word_1_170' title='bbox 1270 412 1345 447; x_wconf 76' lang='grc' dir='ltr'>θείᾳ,</span> <span class='ocrx_word' id='word_1_171' title='bbox 1362 413 1409 439; x_wconf 81' lang='grc' dir='ltr'>καὶ</span> <span class='ocrx_word' id='word_1_172' title='bbox 1424 413 1453 439; x_wconf 78' lang='grc' dir='ltr'>ὲν</span> <span class='ocrx_word' id='word_1_173' title='bbox 1479 413 1573 449; x_wconf 79' lang='grc' dir='ltr'>βιϐλίῳ</span> <span class='ocrx_word' id='word_1_174' title='bbox 1594 412 1721 439; x_wconf 79' lang='grc' dir='ltr'>τέτακται</span> <span class='ocrx_word' id='word_1_175' title='bbox 1742 411 1829 443; x_wconf 81' lang='grc' dir='ltr'>Θεοῦ,</span> 
     </span>
    </p>
   </div>
   <div class='ocr_carea' id='block_1_25' title="bbox 1043 454 1829 492">
    <p class='ocr_par' dir='ltr' id='par_1_25' title="bbox 1043 454 1829 492">
     <span class='ocr_line' id='line_1_25' title="bbox 1043 454 1829 492; baseline 0.001 -10"><span class='ocrx_word' id='word_1_176' title='bbox 1043 456 1124 490; x_wconf 69' lang='grc' dir='ltr'>σαφὲς</span> <span class='ocrx_word' id='word_1_177' title='bbox 1140 456 1172 483; x_wconf 85' lang='grc' dir='ltr'>ἂν</span> <span class='ocrx_word' id='word_1_178' title='bbox 1184 455 1288 490; x_wconf 78' lang='grc' dir='ltr'>γένοιτο</span> <span class='ocrx_word' id='word_1_179' title='bbox 1303 458 1349 483; x_wconf 74' lang='grc' dir='ltr'>καὶ</span> <span class='ocrx_word' id='word_1_180' title='bbox 1360 457 1403 484; x_wconf 68' lang='grc' dir='ltr'><strong>διὰ</strong></span> <span class='ocrx_word' id='word_1_181' title='bbox 1418 457 1520 484; x_wconf 75' lang='grc' dir='ltr'>τούτων</span> <span class='ocrx_word' id='word_1_182' title='bbox 1531 454 1560 483; x_wconf 76' lang='grc' dir='ltr'>εὖ</span> <span class='ocrx_word' id='word_1_183' title='bbox 1577 457 1658 492; x_wconf 81' lang='grc' dir='ltr'>μάλα·</span> <span class='ocrx_word' id='word_1_184' title='bbox 1671 456 1829 492; x_wconf 74' lang='grc' dir='ltr'><strong>ἀριθμεῖται</strong></span> 
     </span>
    </p>
   </div>
   <div class='ocr_carea' id='block_1_26' title="bbox 1042 499 1830 539">
    <p class='ocr_par' dir='ltr' id='par_1_26' title="bbox 1042 499 1830 539">
     <span class='ocr_line' id='line_1_26' title="bbox 1042 499 1830 539; baseline 0 -11"><span class='ocrx_word' id='word_1_185' title='bbox 1042 501 1095 537; x_wconf 78' lang='grc' dir='ltr'>γὰρ</span> <span class='ocrx_word' id='word_1_186' title='bbox 1120 502 1169 537; x_wconf 75' lang='grc' dir='ltr'>οὐχ</span> <span class='ocrx_word' id='word_1_187' title='bbox 1196 502 1288 537; x_wconf 80' lang='grc' dir='ltr'>ἑτέρου</span> <span class='ocrx_word' id='word_1_188' title='bbox 1316 512 1362 530; x_wconf 85' lang='grc' dir='ltr'><strong>του</strong></span> <span class='ocrx_word' id='word_1_189' title='bbox 1386 503 1481 538; x_wconf 80' lang='grc' dir='ltr'>χάριν,</span> <span class='ocrx_word' id='word_1_190' title='bbox 1508 503 1631 539; x_wconf 77' lang='grc' dir='ltr'>καθάπερ</span> <span class='ocrx_word' id='word_1_191' title='bbox 1657 499 1774 537; x_wconf 70' lang='grc' dir='ltr'>ἐγῷμαι,</span> <span class='ocrx_word' id='word_1_192' title='bbox 1798 501 1830 528; x_wconf 79' lang='grc' dir='ltr'><strong>τὸ</strong></span> 
     </span>
    </p>
   </div>
   <div class='ocr_carea' id='block_1_27' title="bbox 1040 546 1828 582">
    <p class='ocr_par' dir='ltr' id='par_1_27' title="bbox 1040 546 1828 582">
     <span class='ocr_line' id='line_1_27' title="bbox 1040 546 1828 582; baseline 0 -10"><span class='ocrx_word' id='word_1_193' title='bbox 1040 546 1122 581; x_wconf 78' lang='grc' dir='ltr'>ἄρσεν</span> <span class='ocrx_word' id='word_1_194' title='bbox 1133 548 1160 573; x_wconf 77' lang='grc' dir='ltr'><strong>ἐν</strong></span> <span class='ocrx_word' id='word_1_195' title='bbox 1175 547 1289 582; x_wconf 76' lang='grc' dir='ltr'>εἰκοστῷ</span> <span class='ocrx_word' id='word_1_196' title='bbox 1297 556 1327 574; x_wconf 79' lang='grc' dir='ltr'><strong>τε</strong></span> <span class='ocrx_word' id='word_1_197' title='bbox 1344 548 1389 575; x_wconf 75' lang='grc' dir='ltr'><strong>καὶ</strong></span> <span class='ocrx_word' id='word_1_198' title='bbox 1408 548 1446 574; x_wconf 78' lang='grc' dir='ltr'><strong>ἔτι</strong></span> <span class='ocrx_word' id='word_1_199' title='bbox 1464 548 1574 582; x_wconf 79' lang='grc' dir='ltr'>γεγονὸς</span> <span class='ocrx_word' id='word_1_200' title='bbox 1587 547 1739 582; x_wconf 79' lang='grc' dir='ltr'>ἑνιαυτῷ,ἦ</span> <span class='ocrx_word' id='word_1_201' title='bbox 1757 546 1828 572; x_wconf 80' lang='grc' dir='ltr'>ὥστε</span> 
     </span>
    </p>
   </div>
   <div class='ocr_carea' id='block_1_28' title="bbox 1039 591 1828 629">
    <p class='ocr_par' dir='ltr' id='par_1_28' title="bbox 1039 591 1828 629">
     <span class='ocr_line' id='line_1_28' title="bbox 1039 591 1828 629; baseline -0.003 -11"><span class='ocrx_word' id='word_1_202' title='bbox 1039 591 1168 619; x_wconf 78' lang='grc' dir='ltr'>δύνασθαι</span> <span class='ocrx_word' id='word_1_203' title='bbox 1184 594 1252 622; x_wconf 84' lang='grc' dir='ltr'>νοεῖν</span> <span class='ocrx_word' id='word_1_204' title='bbox 1268 593 1315 619; x_wconf 74' lang='grc' dir='ltr'>καὶ</span> <span class='ocrx_word' id='word_1_205' title='bbox 1335 594 1408 629; x_wconf 77' lang='grc' dir='ltr'>ἡμᾶς</span> <span class='ocrx_word' id='word_1_206' title='bbox 1425 593 1533 624; x_wconf 70' lang='grc' dir='ltr'>αὐτοὺς,</span> <span class='ocrx_word' id='word_1_207' title='bbox 1549 593 1586 624; x_wconf 84' lang='grc' dir='ltr'><strong>ὡς</strong></span> <span class='ocrx_word' id='word_1_208' title='bbox 1610 592 1763 627; x_wconf 72' lang='grc' dir='ltr'>ἁπόὸλητον</span> <span class='ocrx_word' id='word_1_209' title='bbox 1779 591 1828 626; x_wconf 74' lang='grc' dir='ltr'>μὲν</span> 
     </span>
    </p>
   </div>
   <div class='ocr_carea' id='block_1_29' title="bbox 1039 636 1828 672">
    <p class='ocr_par' dir='ltr' id='par_1_29' title="bbox 1039 636 1828 672">
     <span class='ocr_line' id='line_1_29' title="bbox 1039 636 1828 672; baseline 0 -10"><span class='ocrx_word' id='word_1_210' title='bbox 1039 636 1086 663; x_wconf 73' lang='grc' dir='ltr'><strong>καὶ</strong></span> <span class='ocrx_word' id='word_1_211' title='bbox 1100 636 1226 672; x_wconf 83' lang='grc' dir='ltr'>ἀδόκιμον</span> <span class='ocrx_word' id='word_1_212' title='bbox 1240 638 1269 664; x_wconf 79' lang='grc' dir='ltr'><strong>τὸ</strong></span> <span class='ocrx_word' id='word_1_213' title='bbox 1291 638 1388 666; x_wconf 82' lang='grc' dir='ltr'>ἄναλκί</span> <span class='ocrx_word' id='word_1_214' title='bbox 1405 647 1434 664; x_wconf 83' lang='grc' dir='ltr'><strong>τε</strong></span> <span class='ocrx_word' id='word_1_215' title='bbox 1453 638 1498 664; x_wconf 69' lang='grc' dir='ltr'><strong>καὶ</strong></span> <span class='ocrx_word' id='word_1_216' title='bbox 1511 638 1604 669; x_wconf 80' lang='grc' dir='ltr'>ἀτελὲς</span> <span class='ocrx_word' id='word_1_217' title='bbox 1619 638 1658 669; x_wconf 85' lang='grc' dir='ltr'>εἰς</span> <span class='ocrx_word' id='word_1_218' title='bbox 1675 637 1794 668; x_wconf 68' lang='grc' dir='ltr'>σύνεσιν,</span> <span class='ocrx_word' id='word_1_219' title='bbox 1811 637 1828 663; x_wconf 85' lang='grc' dir='ltr'>ἂ</span> 
     </span>
    </p>
   </div>
   <div class='ocr_carea' id='block_1_30' title="bbox 1037 682 1828 719">
    <p class='ocr_par' dir='ltr' id='par_1_30' title="bbox 1037 682 1828 719">
     <span class='ocr_line' id='line_1_30' title="bbox 1037 682 1828 719; baseline 0 -11"><span class='ocrx_word' id='word_1_220' title='bbox 1037 682 1069 716; x_wconf 83' lang='grc' dir='ltr'><strong>δὴ</strong></span> <span class='ocrx_word' id='word_1_221' title='bbox 1082 682 1221 718; x_wconf 73' lang='grc' dir='ltr'>προσεῖναί</span> <span class='ocrx_word' id='word_1_222' title='bbox 1249 691 1338 718; x_wconf 81' lang='grc' dir='ltr'>φαμεν</span> <span class='ocrx_word' id='word_1_223' title='bbox 1357 683 1413 714; x_wconf 86' lang='grc' dir='ltr'>τοῖς</span> <span class='ocrx_word' id='word_1_224' title='bbox 1437 683 1477 709; x_wconf 73' lang='grc' dir='ltr'>ἔτι</span> <span class='ocrx_word' id='word_1_225' title='bbox 1502 683 1550 719; x_wconf 79' lang='grc' dir='ltr'>μὲν</span> <span class='ocrx_word' id='word_1_226' title='bbox 1571 683 1641 714; x_wconf 79' lang='grc' dir='ltr'>νέοις</span> <span class='ocrx_word' id='word_1_227' title='bbox 1654 682 1769 717; x_wconf 71' lang='grc' dir='ltr'>κομιδῆ,</span> <span class='ocrx_word' id='word_1_228' title='bbox 1782 682 1828 708; x_wconf 82' lang='grc' dir='ltr'>καὶ</span> 
     </span>
    </p>
   </div>
   <div class='ocr_carea' id='block_1_31' title="bbox 1038 727 1828 765">
    <p class='ocr_par' dir='ltr' id='par_1_31' title="bbox 1038 727 1828 765">
     <span class='ocr_line' id='line_1_31' title="bbox 1038 727 1828 765; baseline -0.001 -11"><span class='ocrx_word' id='word_1_229' title='bbox 1038 727 1113 754; x_wconf 76' lang='grc' dir='ltr'>οὔπω</span> <span class='ocrx_word' id='word_1_230' title='bbox 1128 728 1195 764; x_wconf 76' lang='grc' dir='ltr'>πρὸς</span> <span class='ocrx_word' id='word_1_231' title='bbox 1211 729 1280 764; x_wconf 72' lang='grc' dir='ltr'>ἥσης</span> <span class='ocrx_word' id='word_1_232' title='bbox 1296 729 1391 764; x_wconf 77' lang='grc' dir='ltr'>ἥκουσι</span> <span class='ocrx_word' id='word_1_233' title='bbox 1411 729 1519 765; x_wconf 78' lang='grc' dir='ltr'>μέτρον,</span> <span class='ocrx_word' id='word_1_234' title='bbox 1531 730 1544 756; x_wconf 82' lang='grc' dir='ltr'>ὅ</span> <span class='ocrx_word' id='word_1_235' title='bbox 1558 738 1610 765; x_wconf 76' lang='grc' dir='ltr'><strong>περ</strong></span> <span class='ocrx_word' id='word_1_236' title='bbox 1621 731 1635 756; x_wconf 83' lang='grc' dir='ltr'>ὁ</span> <span class='ocrx_word' id='word_1_237' title='bbox 1650 729 1719 760; x_wconf 85' lang='grc' dir='ltr'>θεῖος</span> <span class='ocrx_word' id='word_1_238' title='bbox 1731 727 1786 754; x_wconf 78' lang='grc' dir='ltr'><strong>οἷδὲ</strong></span> <span class='ocrx_word' id='word_1_239' title='bbox 1798 736 1828 754; x_wconf 88' lang='grc' dir='ltr'><strong>τε</strong></span> 
     </span>
    </p>
   </div>
   <div class='ocr_carea' id='block_1_32' title="bbox 1037 773 1826 810">
    <p class='ocr_par' dir='ltr' id='par_1_32' title="bbox 1037 773 1826 810">
     <span class='ocr_line' id='line_1_32' title="bbox 1037 773 1826 810; baseline 0.003 -10"><span class='ocrx_word' id='word_1_240' title='bbox 1037 774 1084 800; x_wconf 73' lang='grc' dir='ltr'><strong>καὶ</strong></span> <span class='ocrx_word' id='word_1_241' title='bbox 1107 774 1191 809; x_wconf 78' lang='grc' dir='ltr'>ὁρίζει</span> <span class='ocrx_word' id='word_1_242' title='bbox 1223 775 1320 810; x_wconf 75' lang='grc' dir='ltr'>νόμος,</span> <span class='ocrx_word' id='word_1_243' title='bbox 1347 775 1469 802; x_wconf 76' lang='grc' dir='ltr'><strong>τουτέστι</strong></span> <span class='ocrx_word' id='word_1_244' title='bbox 1498 776 1528 802; x_wconf 75' lang='grc' dir='ltr'>τὸ</span> <span class='ocrx_word' id='word_1_245' title='bbox 1559 776 1616 807; x_wconf 74' lang='grc' dir='ltr'>ἔτος</span> <span class='ocrx_word' id='word_1_246' title='bbox 1639 775 1668 802; x_wconf 79' lang='grc' dir='ltr'>τὸ</span> <span class='ocrx_word' id='word_1_247' title='bbox 1692 773 1826 802; x_wconf 59' lang='grc' dir='ltr'>εἰκοστόν</span> 
     </span>
    </p>
   </div>
   <div class='ocr_carea' id='block_1_33' title="bbox 1036 819 1825 858">
    <p class='ocr_par' dir='ltr' id='par_1_33' title="bbox 1036 819 1825 858">
     <span class='ocr_line' id='line_1_33' title="bbox 1036 819 1825 858; baseline 0.005 -14"><span class='ocrx_word' id='word_1_248' title='bbox 1036 819 1125 854; x_wconf 81' lang='grc' dir='ltr'>τίμιον</span> <span class='ocrx_word' id='word_1_249' title='bbox 1142 819 1169 846; x_wconf 79' lang='grc' dir='ltr'><strong>δὲ</strong></span> <span class='ocrx_word' id='word_1_250' title='bbox 1181 820 1227 846; x_wconf 71' lang='grc' dir='ltr'>καὶ</span> <span class='ocrx_word' id='word_1_251' title='bbox 1239 820 1267 846; x_wconf 79' lang='grc' dir='ltr'>ἐν</span> <span class='ocrx_word' id='word_1_252' title='bbox 1285 820 1394 855; x_wconf 82' lang='grc' dir='ltr'>ἀριθμῷ</span> <span class='ocrx_word' id='word_1_253' title='bbox 1410 821 1456 848; x_wconf 78' lang='grc' dir='ltr'>καὶ</span> <span class='ocrx_word' id='word_1_254' title='bbox 1477 821 1648 856; x_wconf 82' lang='grc' dir='ltr'>ἐγνωσμένον</span> <span class='ocrx_word' id='word_1_255' title='bbox 1663 821 1738 856; x_wconf 81' lang='grc' dir='ltr'><strong>παρᾶ</strong></span> <span class='ocrx_word' id='word_1_256' title='bbox 1753 821 1825 858; x_wconf 83' lang='grc' dir='ltr'>Θεῷ,</span> 
     </span>
    </p>
   </div>
   <div class='ocr_carea' id='block_1_34' title="bbox 197 865 978 906">
    <p class='ocr_par' dir='ltr' id='par_1_34' title="bbox 197 870 978 906">
     <span class='ocr_line' id='line_1_34' title="bbox 197 870 978 906; baseline 0 -9"><span class='ocrx_word' id='word_1_257' title='bbox 197 870 285 904; x_wconf 86' lang='lat' dir='ltr'><strong>iisque</strong></span> <span class='ocrx_word' id='word_1_258' title='bbox 294 874 336 897; x_wconf 89' lang='lat' dir='ltr'><strong>est</strong></span> <span class='ocrx_word' id='word_1_259' title='bbox 345 878 434 898; x_wconf 88' lang='lat' dir='ltr'><strong>annus</strong></span> <span class='ocrx_word' id='word_1_260' title='bbox 443 871 592 906; x_wconf 78' lang='lat' dir='ltr'><strong>vigesimus</strong></span> <span class='ocrx_word' id='word_1_261' title='bbox 604 880 609 897; x_wconf 90' lang='lat'><strong>:</strong></span> <span class='ocrx_word' id='word_1_262' title='bbox 623 871 651 898; x_wconf 87' lang='lat' dir='ltr'><strong>in</strong></span> <span class='ocrx_word' id='word_1_263' title='bbox 660 871 749 906; x_wconf 90' lang='lat' dir='ltr'><strong>pretio</strong></span> <span class='ocrx_word' id='word_1_264' title='bbox 761 876 851 898; x_wconf 90' lang='lat' dir='ltr'><strong>autem</strong></span> <span class='ocrx_word' id='word_1_265' title='bbox 864 871 886 899; x_wconf 89' lang='lat' dir='ltr'><strong>is</strong></span> <span class='ocrx_word' id='word_1_266' title='bbox 895 875 946 903; x_wconf 86' lang='lat' dir='ltr'><strong>est,</strong></span> <span class='ocrx_word' id='word_1_267' title='bbox 956 877 978 898; x_wconf 87' lang='lat' dir='ltr'><strong>el</strong></span> 
     </span>
    </p>
   </div>
   <div class='ocr_carea' id='block_1_35' title="bbox 1031 865 1828 906">
    <p class='ocr_par' dir='ltr' id='par_1_35' title="bbox 1036 865 1828 904">
     <span class='ocr_line' id='line_1_35' title="bbox 1036 865 1828 904; baseline 0.004 -13"><span class='ocrx_word' id='word_1_268' title='bbox 1036 865 1107 892; x_wconf 85' lang='grc' dir='ltr'><strong>κατά</strong></span> <span class='ocrx_word' id='word_1_269' title='bbox 1119 874 1148 892; x_wconf 88' lang='grc' dir='ltr'><strong>τε</strong></span> <span class='ocrx_word' id='word_1_270' title='bbox 1161 865 1264 901; x_wconf 78' lang='grc' dir='ltr'>πληθὺν</span> <span class='ocrx_word' id='word_1_271' title='bbox 1274 885 1282 899; x_wconf 86' lang='grc'><strong>,</strong></span> <span class='ocrx_word' id='word_1_272' title='bbox 1295 867 1341 893; x_wconf 79' lang='grc' dir='ltr'>καὶ</span> <span class='ocrx_word' id='word_1_273' title='bbox 1358 867 1423 903; x_wconf 81' lang='grc' dir='ltr'>γένη</span> <span class='ocrx_word' id='word_1_274' title='bbox 1440 868 1487 894; x_wconf 63' lang='grc' dir='ltr'><strong>καλ¹</strong></span> <span class='ocrx_word' id='word_1_275' title='bbox 1503 867 1621 902; x_wconf 77' lang='grc' dir='ltr'>κεφαλὰς</span> <span class='ocrx_word' id='word_1_276' title='bbox 1632 887 1638 899; x_wconf 89' lang='grc'><strong>,</strong></span> <span class='ocrx_word' id='word_1_277' title='bbox 1662 868 1708 894; x_wconf 74' lang='grc' dir='ltr'>καὶ</span> <span class='ocrx_word' id='word_1_278' title='bbox 1728 868 1828 904; x_wconf 81' lang='grc' dir='ltr'>ὀνομα-</span> 
     </span>
    </p>
   </div>
   <div class='ocr_carea' id='block_1_36' title="bbox 196 913 984 952">
    <p class='ocr_par' dir='ltr' id='par_1_36' title="bbox 196 913 984 952">
     <span class='ocr_line' id='line_1_36' title="bbox 196 913 984 952; baseline 0.005 -12"><span class='ocrx_word' id='word_1_279' title='bbox 196 913 224 941; x_wconf 83' lang='grc' dir='ltr'><strong>ὶιι</strong></span> <span class='ocrx_word' id='word_1_280' title='bbox 241 922 354 942; x_wconf 90' lang='lat' dir='ltr'><strong>numero</strong></span> <span class='ocrx_word' id='word_1_281' title='bbox 366 915 493 947; x_wconf 78' lang='lat' dir='ltr'><strong>habetur,</strong></span> <span class='ocrx_word' id='word_1_282' title='bbox 509 919 536 944; x_wconf 82' lang='lat' dir='ltr'><strong>et</strong></span> <span class='ocrx_word' id='word_1_283' title='bbox 552 923 567 942; x_wconf 92' lang='lat' dir='ltr'><strong>a</strong></span> <span class='ocrx_word' id='word_1_284' title='bbox 580 915 635 943; x_wconf 84' lang='lat' dir='ltr'><strong>Deo</strong></span> <span class='ocrx_word' id='word_1_285' title='bbox 647 916 820 951; x_wconf 80' lang='lat' dir='ltr'><strong>cognoscitur</strong></span> <span class='ocrx_word' id='word_1_286' title='bbox 832 924 880 951; x_wconf 91' lang='lat' dir='ltr'><strong>per</strong></span> <span class='ocrx_word' id='word_1_287' title='bbox 897 924 984 952; x_wconf 89' lang='lat' dir='ltr'><strong>popu—</strong></span> 
     </span>
    </p>
   </div>
   <div class='ocr_carea' id='block_1_37' title="bbox 194 959 985 997">
    <p class='ocr_par' dir='ltr' id='par_1_37' title="bbox 194 959 985 997">
     <span class='ocr_line' id='line_1_37' title="bbox 194 959 985 997; baseline 0.005 -11"><span class='ocrx_word' id='word_1_288' title='bbox 194 959 252 986; x_wconf 87' lang='lat' dir='ltr'><strong>lum</strong></span> <span class='ocrx_word' id='word_1_289' title='bbox 266 964 294 986; x_wconf 90' lang='lat' dir='ltr'><strong>et</strong></span> <span class='ocrx_word' id='word_1_290' title='bbox 309 967 404 994; x_wconf 79' lang='lat' dir='ltr'><strong>genus,</strong></span> <span class='ocrx_word' id='word_1_291' title='bbox 421 965 449 987; x_wconf 91' lang='lat' dir='ltr'><strong>et</strong></span> <span class='ocrx_word' id='word_1_292' title='bbox 461 961 561 996; x_wconf 84' lang='lat' dir='ltr'><strong>capita,</strong></span> <span class='ocrx_word' id='word_1_293' title='bbox 580 965 607 989; x_wconf 89' lang='lat' dir='ltr'><strong>et</strong></span> <span class='ocrx_word' id='word_1_294' title='bbox 625 969 735 994; x_wconf 85' lang='lat' dir='ltr'><strong>nomen,</strong></span> <span class='ocrx_word' id='word_1_295' title='bbox 753 962 877 997; x_wconf 84' lang='lat' dir='ltr'><strong>quisquis</strong></span> <span class='ocrx_word' id='word_1_296' title='bbox 893 962 985 990; x_wconf 90' lang='lat' dir='ltr'><strong>adulta</strong></span> 
     </span>
    </p>
   </div>
   <div class='ocr_carea' id='block_1_38' title="bbox 190 1006 982 1044">
    <p class='ocr_par' dir='ltr' id='par_1_38' title="bbox 190 1006 982 1044">
     <span class='ocr_line' id='line_1_38' title="bbox 190 1006 982 1044; baseline 0.005 -12"><span class='ocrx_word' id='word_1_297' title='bbox 190 1006 247 1040; x_wconf 87' lang='lat' dir='ltr'><strong>jam</strong></span> <span class='ocrx_word' id='word_1_298' title='bbox 259 1010 349 1039; x_wconf 82' lang='lat' dir='ltr'><strong>aetate,</strong></span> <span class='ocrx_word' id='word_1_299' title='bbox 362 1010 391 1034; x_wconf 89' lang='lat' dir='ltr'><strong>et</strong></span> <span class='ocrx_word' id='word_1_300' title='bbox 405 1007 543 1035; x_wconf 84' lang='lat' dir='ltr'><strong>masculus</strong></span> <span class='ocrx_word' id='word_1_301' title='bbox 559 1012 610 1035; x_wconf 89' lang='lat' dir='ltr'><strong>est.</strong></span> <span class='ocrx_word' id='word_1_302' title='bbox 627 1007 733 1036; x_wconf 85' lang='lat' dir='ltr'><strong>Sanctis</strong></span> <span class='ocrx_word' id='word_1_303' title='bbox 753 1008 826 1036; x_wconf 92' lang='lat' dir='ltr'><strong>enim</strong></span> <span class='ocrx_word' id='word_1_304' title='bbox 843 1009 982 1044; x_wconf 82' lang='lat' dir='ltr'><strong>apostolis,</strong></span> 
     </span>
    </p>
   </div>
   <div class='ocr_carea' id='block_1_39' title="bbox 193 1051 982 1090">
    <p class='ocr_par' dir='ltr' id='par_1_39' title="bbox 193 1051 982 1090">
     <span class='ocr_line' id='line_1_39' title="bbox 193 1051 982 1090; baseline 0.008 -13"><span class='ocrx_word' id='word_1_305' title='bbox 193 1051 240 1085; x_wconf 85' lang='lat' dir='ltr'><strong>qui</strong></span> <span class='ocrx_word' id='word_1_306' title='bbox 254 1051 389 1086; x_wconf 86' lang='lat' dir='ltr'><strong>ejusmodi</strong></span> <span class='ocrx_word' id='word_1_307' title='bbox 404 1053 477 1080; x_wconf 83' lang='lat' dir='ltr'><strong>virili</strong></span> <span class='ocrx_word' id='word_1_308' title='bbox 488 1057 568 1081; x_wconf 60' lang='lat' dir='ltr'><strong>astate</strong></span> <span class='ocrx_word' id='word_1_309' title='bbox 576 1054 633 1089; x_wconf 86' lang='lat' dir='ltr'><strong>jam</strong></span> <span class='ocrx_word' id='word_1_310' title='bbox 646 1059 747 1088; x_wconf 87' lang='lat' dir='ltr'><strong>essent,</strong></span> <span class='ocrx_word' id='word_1_311' title='bbox 762 1059 791 1081; x_wconf 87' lang='lat' dir='ltr'><strong>et</strong></span> <span class='ocrx_word' id='word_1_312' title='bbox 802 1054 830 1082; x_wconf 85' lang='lat' dir='ltr'><strong>in</strong></span> <span class='ocrx_word' id='word_1_313' title='bbox 845 1062 904 1082; x_wconf 89' lang='lat' dir='ltr'><strong>eam</strong></span> <span class='ocrx_word' id='word_1_314' title='bbox 919 1063 982 1090; x_wconf 89' lang='lat' dir='ltr'><strong>per-</strong></span> 
     </span>
    </p>
   </div>
   <div class='ocr_carea' id='block_1_40' title="bbox 192 1097 983 1133">
    <p class='ocr_par' dir='ltr' id='par_1_40' title="bbox 192 1097 983 1133">
     <span class='ocr_line' id='line_1_40' title="bbox 192 1097 983 1133; baseline 0.008 -10"><span class='ocrx_word' id='word_1_315' title='bbox 192 1097 332 1125; x_wconf 79' lang='lat' dir='ltr'><strong>venissent</strong></span> <span class='ocrx_word' id='word_1_316' title='bbox 349 1098 463 1127; x_wconf 85' lang='lat' dir='ltr'><strong>rationis</strong></span> <span class='ocrx_word' id='word_1_317' title='bbox 481 1107 649 1133; x_wconf 87' lang='lat' dir='ltr'><strong>mensuram,</strong></span> <span class='ocrx_word' id='word_1_318' title='bbox 663 1100 767 1128; x_wconf 87' lang='lat' dir='ltr'><strong>dictum</strong></span> <span class='ocrx_word' id='word_1_319' title='bbox 785 1108 800 1127; x_wconf 87' lang='lat' dir='ltr'><strong>a</strong></span> <span class='ocrx_word' id='word_1_320' title='bbox 818 1100 928 1129; x_wconf 83' lang='lat' dir='ltr'><strong>Christo</strong></span> <span class='ocrx_word' id='word_1_321' title='bbox 941 1105 983 1129; x_wconf 82' lang='lat' dir='ltr'><strong>est</strong></span> 
     </span>
    </p>
   </div>
   <div class='ocr_carea' id='block_1_41' title="bbox 192 1142 982 1182">
    <p class='ocr_par' dir='ltr' id='par_1_41' title="bbox 192 1142 982 1182">
     <span class='ocr_line' id='line_1_41' title="bbox 192 1142 982 1182; baseline 0.008 -14"><span class='ocrx_word' id='word_1_322' title='bbox 192 1142 339 1177; x_wconf 86' lang='lat' dir='ltr'><strong>aliquando</strong></span> <span class='ocrx_word' id='word_1_323' title='bbox 366 1144 477 1179; x_wconf 80' lang='lat' dir='ltr'><strong>quidem</strong></span> <span class='ocrx_word' id='word_1_324' title='bbox 508 1155 514 1172; x_wconf 91' lang='lat'><strong>:</strong></span> <span class='ocrx_word' id='word_1_325' title='bbox 538 1155 546 1172; x_wconf 73' lang='grc' dir='ltr'>ι</span> <span class='ocrx_word' id='word_1_326' title='bbox 570 1146 660 1174; x_wconf 85' lang='lat' dir='ltr'><strong>Nolite</strong></span> <span class='ocrx_word' id='word_1_327' title='bbox 687 1146 806 1182; x_wconf 81' lang='lat' dir='ltr'><strong>gaudere</strong></span> <span class='ocrx_word' id='word_1_328' title='bbox 837 1147 901 1182; x_wconf 87' lang='lat' dir='ltr'><strong>quia</strong></span> <span class='ocrx_word' id='word_1_329' title='bbox 926 1146 982 1174; x_wconf 77' lang='lat' dir='ltr'><strong>da:-</strong></span> 
     </span>
    </p>
   </div>
   <div class='ocr_carea' id='block_1_42' title="bbox 191 1189 982 1229">
    <p class='ocr_par' dir='ltr' id='par_1_42' title="bbox 191 1189 982 1229">
     <span class='ocr_line' id='line_1_42' title="bbox 191 1189 982 1229; baseline 0.008 -15"><span class='ocrx_word' id='word_1_330' title='bbox 191 1189 283 1216; x_wconf 86' lang='lat' dir='ltr'><strong>monia</strong></span> <span class='ocrx_word' id='word_1_331' title='bbox 297 1190 482 1226; x_wconf 82' lang='lat' dir='ltr'><strong>subjiciuntur</strong></span> <span class='ocrx_word' id='word_1_332' title='bbox 498 1191 590 1225; x_wconf 82' lang='lat' dir='ltr'><strong>vobis;</strong></span> <span class='ocrx_word' id='word_1_333' title='bbox 605 1192 654 1220; x_wconf 88' lang='lat' dir='ltr'><strong>sed</strong></span> <span class='ocrx_word' id='word_1_334' title='bbox 669 1192 760 1227; x_wconf 82' lang='lat' dir='ltr'><strong>potius</strong></span> <span class='ocrx_word' id='word_1_335' title='bbox 776 1193 902 1227; x_wconf 79' lang='lat' dir='ltr'><strong>gaudete,</strong></span> <span class='ocrx_word' id='word_1_336' title='bbox 918 1194 982 1229; x_wconf 86' lang='lat' dir='ltr'><strong>quia</strong></span> 
     </span>
    </p>
   </div>
   <div class='ocr_carea' id='block_1_43' title="bbox 191 1233 981 1274">
    <p class='ocr_par' dir='ltr' id='par_1_43' title="bbox 191 1233 981 1274">
     <span class='ocr_line' id='line_1_43' title="bbox 191 1233 981 1274; baseline 0.006 -14"><span class='ocrx_word' id='word_1_337' title='bbox 191 1233 302 1261; x_wconf 84' lang='lat' dir='ltr'><strong>nomina</strong></span> <span class='ocrx_word' id='word_1_338' title='bbox 316 1239 406 1262; x_wconf 80' lang='lat' dir='ltr'><strong>vestra</strong></span> <span class='ocrx_word' id='word_1_339' title='bbox 419 1236 521 1271; x_wconf 87' lang='lat' dir='ltr'><strong>scripta</strong></span> <span class='ocrx_word' id='word_1_340' title='bbox 537 1241 601 1264; x_wconf 86' lang='lat' dir='ltr'><strong>sunt</strong></span> <span class='ocrx_word' id='word_1_341' title='bbox 620 1237 648 1264; x_wconf 90' lang='lat' dir='ltr'><strong>in</strong></span> <span class='ocrx_word' id='word_1_342' title='bbox 669 1237 738 1265; x_wconf 68' lang='lat' dir='ltr'><strong>eoalo</strong></span> <span class='ocrx_word' id='word_1_343' title='bbox 756 1238 788 1264; x_wconf 69' lang='grc' dir='ltr'><strong>ει.</strong></span> <span class='ocrx_word' id='word_1_344' title='bbox 806 1247 815 1264; x_wconf 73' lang='grc' dir='ltr'><strong>ι</strong></span> <span class='ocrx_word' id='word_1_345' title='bbox 828 1237 981 1274; x_wconf 81' lang='lat' dir='ltr'><strong>Aliquando</strong></span> 
     </span>
    </p>
   </div>
   <div class='ocr_carea' id='block_1_44' title="bbox 191 1281 980 1317">
    <p class='ocr_par' dir='ltr' id='par_1_44' title="bbox 191 1281 980 1317">
     <span class='ocr_line' id='line_1_44' title="bbox 191 1281 980 1317; baseline 0.006 -11"><span class='ocrx_word' id='word_1_346' title='bbox 191 1287 304 1308; x_wconf 83' lang='lat' dir='ltr'><strong>rursus:</strong></span> <span class='ocrx_word' id='word_1_347' title='bbox 318 1290 326 1306; x_wconf 89' lang='grc'><strong>‹</strong></span> <span class='ocrx_word' id='word_1_348' title='bbox 339 1281 434 1308; x_wconf 89' lang='lat' dir='ltr'><strong>Nonne</strong></span> <span class='ocrx_word' id='word_1_349' title='bbox 446 1281 502 1309; x_wconf 89' lang='lat' dir='ltr'><strong>duo</strong></span> <span class='ocrx_word' id='word_1_350' title='bbox 515 1290 639 1317; x_wconf 82' lang='lat' dir='ltr'><strong>passeres</strong></span> <span class='ocrx_word' id='word_1_351' title='bbox 650 1291 709 1310; x_wconf 88' lang='lat' dir='ltr'><strong>asse</strong></span> <span class='ocrx_word' id='word_1_352' title='bbox 718 1284 857 1311; x_wconf 84' lang='lat' dir='ltr'><strong>veneunt?</strong></span> <span class='ocrx_word' id='word_1_353' title='bbox 872 1288 899 1311; x_wconf 83' lang='lat' dir='ltr'><strong>et</strong></span> <span class='ocrx_word' id='word_1_354' title='bbox 910 1293 980 1312; x_wconf 85' lang='lat' dir='ltr'><strong>unus</strong></span> 
     </span>
    </p>
   </div>
   <div class='ocr_carea' id='block_1_45' title="bbox 189 1326 980 1365">
    <p class='ocr_par' dir='ltr' id='par_1_45' title="bbox 189 1326 980 1365">
     <span class='ocr_line' id='line_1_45' title="bbox 189 1326 980 1365; baseline 0.005 -12"><span class='ocrx_word' id='word_1_355' title='bbox 189 1334 222 1353; x_wconf 80' lang='lat' dir='ltr'><strong>ex</strong></span> <span class='ocrx_word' id='word_1_356' title='bbox 234 1326 288 1354; x_wconf 89' lang='lat' dir='ltr'><strong>illis</strong></span> <span class='ocrx_word' id='word_1_357' title='bbox 301 1334 356 1354; x_wconf 90' lang='lat' dir='ltr'><strong>non</strong></span> <span class='ocrx_word' id='word_1_358' title='bbox 369 1327 449 1355; x_wconf 85' lang='lat' dir='ltr'><strong>cadet</strong></span> <span class='ocrx_word' id='word_1_359' title='bbox 463 1335 546 1363; x_wconf 84' lang='lat' dir='ltr'><strong>super</strong></span> <span class='ocrx_word' id='word_1_360' title='bbox 560 1332 660 1355; x_wconf 86' lang='lat' dir='ltr'><strong>terram</strong></span> <span class='ocrx_word' id='word_1_361' title='bbox 676 1329 736 1356; x_wconf 88' lang='lat' dir='ltr'><strong>sine</strong></span> <span class='ocrx_word' id='word_1_362' title='bbox 751 1327 831 1356; x_wconf 84' lang='lat' dir='ltr'><strong>Patre</strong></span> <span class='ocrx_word' id='word_1_363' title='bbox 847 1337 918 1361; x_wconf 87' lang='lat' dir='ltr'><strong>meo,</strong></span> <span class='ocrx_word' id='word_1_364' title='bbox 933 1330 980 1365; x_wconf 89' lang='lat' dir='ltr'><strong>qui</strong></span> 
     </span>
    </p>
   </div>
   <div class='ocr_carea' id='block_1_46' title="bbox 189 1371 980 1410">
    <p class='ocr_par' dir='ltr' id='par_1_46' title="bbox 189 1371 980 1410">
     <span class='ocr_line' id='line_1_46' title="bbox 189 1371 980 1410; baseline 0.006 -12"><span class='ocrx_word' id='word_1_365' title='bbox 189 1375 232 1399; x_wconf 87' lang='lat' dir='ltr'><strong>est</strong></span> <span class='ocrx_word' id='word_1_366' title='bbox 246 1371 274 1399; x_wconf 89' lang='lat' dir='ltr'><strong>in</strong></span> <span class='ocrx_word' id='word_1_367' title='bbox 292 1372 385 1400; x_wconf 84' lang='lat' dir='ltr'><strong>ccelis?</strong></span> <span class='ocrx_word' id='word_1_368' title='bbox 399 1372 488 1400; x_wconf 86' lang='lat' dir='ltr'><strong>Vestri</strong></span> <span class='ocrx_word' id='word_1_369' title='bbox 507 1377 600 1401; x_wconf 86' lang='lat' dir='ltr'><strong>autem</strong></span> <span class='ocrx_word' id='word_1_370' title='bbox 613 1377 641 1401; x_wconf 92' lang='lat' dir='ltr'><strong>et</strong></span> <span class='ocrx_word' id='word_1_371' title='bbox 656 1374 746 1410; x_wconf 87' lang='lat' dir='ltr'><strong>capilli</strong></span> <span class='ocrx_word' id='word_1_372' title='bbox 769 1374 866 1409; x_wconf 85' lang='lat' dir='ltr'><strong>capitis</strong></span> <span class='ocrx_word' id='word_1_373' title='bbox 882 1383 980 1403; x_wconf 86' lang='lat' dir='ltr'><strong>nume-</strong></span> 
     </span>
    </p>
   </div>
   <div class='ocr_carea' id='block_1_47' title="bbox 190 1417 979 1454">
    <p class='ocr_par' dir='ltr' id='par_1_47' title="bbox 190 1417 979 1454">
     <span class='ocr_line' id='line_1_47' title="bbox 190 1417 979 1454; baseline 0.005 -10"><span class='ocrx_word' id='word_1_374' title='bbox 190 1417 242 1446; x_wconf 86' lang='lat' dir='ltr'><strong>rati</strong></span> <span class='ocrx_word' id='word_1_375' title='bbox 256 1422 320 1445; x_wconf 89' lang='lat' dir='ltr'><strong>sunt</strong></span> <span class='ocrx_word' id='word_1_376' title='bbox 332 1419 363 1445; x_wconf 69' lang='grc' dir='ltr'><strong>ε’.</strong></span> <span class='ocrx_word' id='word_1_377' title='bbox 381 1427 390 1444; x_wconf 82' lang='grc' dir='ltr'><strong>ι</strong></span> <span class='ocrx_word' id='word_1_378' title='bbox 405 1419 435 1447; x_wconf 84' lang='grc' dir='ltr'><strong>Ιιι</strong></span> <span class='ocrx_word' id='word_1_379' title='bbox 454 1427 510 1454; x_wconf 88' lang='lat' dir='ltr'><strong>quo</strong></span> <span class='ocrx_word' id='word_1_380' title='bbox 522 1427 586 1447; x_wconf 89' lang='lat' dir='ltr'><strong>eum</strong></span> <span class='ocrx_word' id='word_1_381' title='bbox 602 1419 671 1447; x_wconf 82' lang='lat' dir='ltr'><strong>dixit</strong></span> <span class='ocrx_word' id='word_1_382' title='bbox 683 1424 843 1448; x_wconf 89' lang='lat' dir='ltr'><strong>numeratos</strong></span> <span class='ocrx_word' id='word_1_383' title='bbox 859 1429 918 1448; x_wconf 91' lang='lat' dir='ltr'><strong>esse</strong></span> <span class='ocrx_word' id='word_1_384' title='bbox 934 1429 979 1448; x_wconf 87' lang='lat' dir='ltr'><strong>ea-</strong></span> 
     </span>
    </p>
   </div>
   <div class='ocr_carea' id='block_1_48' title="bbox 188 1463 979 1503">
    <p class='ocr_par' dir='ltr' id='par_1_48' title="bbox 188 1463 979 1503">
     <span class='ocr_line' id='line_1_48' title="bbox 188 1463 979 1503; baseline 0.005 -12"><span class='ocrx_word' id='word_1_385' title='bbox 188 1463 280 1498; x_wconf 86' lang='lat' dir='ltr'><strong>pillos,</strong></span> <span class='ocrx_word' id='word_1_386' title='bbox 291 1463 394 1492; x_wconf 85' lang='lat' dir='ltr'><strong>diserte</strong></span> <span class='ocrx_word' id='word_1_387' title='bbox 408 1465 582 1500; x_wconf 72' lang='lat' dir='ltr'><strong>signiﬁcavit,</strong></span> <span class='ocrx_word' id='word_1_388' title='bbox 596 1471 626 1493; x_wconf 92' lang='lat' dir='ltr'><strong>ut</strong></span> <span class='ocrx_word' id='word_1_389' title='bbox 643 1466 752 1501; x_wconf 89' lang='lat' dir='ltr'><strong>opinor,</strong></span> <span class='ocrx_word' id='word_1_390' title='bbox 763 1475 844 1502; x_wconf 81' lang='lat' dir='ltr'><strong>quam</strong></span> <span class='ocrx_word' id='word_1_391' title='bbox 856 1467 979 1503; x_wconf 78' lang='lat' dir='ltr'><strong>diligenti</strong></span> 
     </span>
    </p>
   </div>
   <div class='ocr_carea' id='block_1_49' title="bbox 188 1511 979 1548">
    <p class='ocr_par' dir='ltr' id='par_1_49' title="bbox 188 1511 979 1548">
     <span class='ocr_line' id='line_1_49' title="bbox 188 1511 979 1548; baseline 0.006 -13"><span class='ocrx_word' id='word_1_392' title='bbox 188 1516 254 1536; x_wconf 88' lang='lat' dir='ltr'><strong>cura</strong></span> <span class='ocrx_word' id='word_1_393' title='bbox 277 1516 324 1536; x_wconf 89' lang='lat' dir='ltr'><strong>eos</strong></span> <span class='ocrx_word' id='word_1_394' title='bbox 345 1515 568 1545; x_wconf 83' lang='lat' dir='ltr'><strong>prosequeretur.</strong></span> <span class='ocrx_word' id='word_1_395' title='bbox 592 1512 622 1539; x_wconf 87' lang='lat' dir='ltr'><strong>In</strong></span> <span class='ocrx_word' id='word_1_396' title='bbox 638 1511 740 1539; x_wconf 90' lang='lat' dir='ltr'><strong>librum</strong></span> <span class='ocrx_word' id='word_1_397' title='bbox 758 1512 842 1548; x_wconf 79' lang='lat' dir='ltr'><strong>igitur</strong></span> <span class='ocrx_word' id='word_1_398' title='bbox 855 1513 913 1545; x_wconf 86' lang='lat' dir='ltr'><strong>Dei,</strong></span> <span class='ocrx_word' id='word_1_399' title='bbox 931 1514 979 1548; x_wconf 86' lang='lat' dir='ltr'><strong>qui</strong></span> 
     </span>
    </p>
   </div>
   <div class='ocr_carea' id='block_1_50' title="bbox 188 1554 978 1589">
    <p class='ocr_par' dir='ltr' id='par_1_50' title="bbox 188 1554 978 1589">
     <span class='ocr_line' id='line_1_50' title="bbox 188 1554 978 1589; baseline 0.006 -8"><span class='ocrx_word' id='word_1_400' title='bbox 188 1554 282 1582; x_wconf 91' lang='lat' dir='ltr'><strong>adulta</strong></span> <span class='ocrx_word' id='word_1_401' title='bbox 297 1560 361 1583; x_wconf 89' lang='lat' dir='ltr'><strong>sunt</strong></span> <span class='ocrx_word' id='word_1_402' title='bbox 376 1560 465 1589; x_wconf 58' lang='lat' dir='ltr'><strong>astate,</strong></span> <span class='ocrx_word' id='word_1_403' title='bbox 485 1564 517 1584; x_wconf 83' lang='lat' dir='ltr'><strong>ac</strong></span> <span class='ocrx_word' id='word_1_404' title='bbox 537 1564 626 1585; x_wconf 87' lang='lat' dir='ltr'><strong>mares</strong></span> <span class='ocrx_word' id='word_1_405' title='bbox 644 1557 811 1584; x_wconf 85' lang='lat' dir='ltr'><strong>referuntur.</strong></span> <span class='ocrx_word' id='word_1_406' title='bbox 828 1558 866 1585; x_wconf 85' lang='lat' dir='ltr'><strong>Ea</strong></span> <span class='ocrx_word' id='word_1_407' title='bbox 888 1563 978 1586; x_wconf 88' lang='lat' dir='ltr'><strong>autem</strong></span> 
     </span>
    </p>
   </div>
   <div class='ocr_carea' id='block_1_51' title="bbox 188 1601 979 1638">
    <p class='ocr_par' dir='ltr' id='par_1_51' title="bbox 188 1601 979 1638">
     <span class='ocr_line' id='line_1_51' title="bbox 188 1601 979 1638; baseline 0.005 -10"><span class='ocrx_word' id='word_1_408' title='bbox 188 1608 288 1629; x_wconf 84' lang='lat' dir='ltr'><strong>census</strong></span> <span class='ocrx_word' id='word_1_409' title='bbox 302 1601 450 1637; x_wconf 83' lang='lat' dir='ltr'><strong>descriptio</strong></span> <span class='ocrx_word' id='word_1_410' title='bbox 471 1610 521 1637; x_wconf 85' lang='lat' dir='ltr'><strong>per</strong></span> <span class='ocrx_word' id='word_1_411' title='bbox 544 1603 656 1638; x_wconf 77' lang='lat' dir='ltr'><strong>Moysen</strong></span> <span class='ocrx_word' id='word_1_412' title='bbox 678 1607 707 1631; x_wconf 86' lang='lat' dir='ltr'><strong>et</strong></span> <span class='ocrx_word' id='word_1_413' title='bbox 725 1604 816 1632; x_wconf 80' lang='lat' dir='ltr'><strong>Aaron</strong></span> <span class='ocrx_word' id='word_1_414' title='bbox 838 1604 930 1637; x_wconf 84' lang='lat' dir='ltr'><strong>ﬂebat,</strong></span> <span class='ocrx_word' id='word_1_415' title='bbox 949 1610 979 1632; x_wconf 90' lang='lat' dir='ltr'><strong>ut</strong></span> 
     </span>
    </p>
   </div>
   <div class='ocr_carea' id='block_1_52' title="bbox 187 1648 979 1685">
    <p class='ocr_par' dir='ltr' id='par_1_52' title="bbox 187 1648 979 1685">
     <span class='ocr_line' id='line_1_52' title="bbox 187 1648 979 1685; baseline 0.008 -12"><span class='ocrx_word' id='word_1_416' title='bbox 187 1654 237 1682; x_wconf 89' lang='lat' dir='ltr'><strong>per</strong></span> <span class='ocrx_word' id='word_1_417' title='bbox 256 1652 403 1684; x_wconf 89' lang='lat' dir='ltr'><strong>utrumque</strong></span> <span class='ocrx_word' id='word_1_418' title='bbox 420 1656 505 1677; x_wconf 88' lang='lat' dir='ltr'><strong>unum</strong></span> <span class='ocrx_word' id='word_1_419' title='bbox 526 1648 708 1685; x_wconf 78' lang='lat' dir='ltr'><strong>intelligamus</strong></span> <span class='ocrx_word' id='word_1_420' title='bbox 726 1650 877 1683; x_wconf 87' lang='lat' dir='ltr'><strong>Christum,</strong></span> <span class='ocrx_word' id='word_1_421' title='bbox 899 1656 929 1679; x_wconf 90' lang='lat' dir='ltr'><strong>ut</strong></span> <span class='ocrx_word' id='word_1_422' title='bbox 950 1652 979 1679; x_wconf 92' lang='lat' dir='ltr'><strong>in</strong></span> 
     </span>
    </p>
   </div>
   <div class='ocr_carea' id='block_1_53' title="bbox 185 1693 977 1730">
    <p class='ocr_par' dir='ltr' id='par_1_53' title="bbox 185 1693 977 1730">
     <span class='ocr_line' id='line_1_53' title="bbox 185 1693 977 1730; baseline 0.005 -9"><span class='ocrx_word' id='word_1_423' title='bbox 185 1693 277 1730; x_wconf 78' lang='lat' dir='ltr'><strong>Moyse</strong></span> <span class='ocrx_word' id='word_1_424' title='bbox 300 1695 367 1730; x_wconf 81' lang='lat' dir='ltr'><strong>legis</strong></span> <span class='ocrx_word' id='word_1_425' title='bbox 381 1695 564 1729; x_wconf 87' lang='lat' dir='ltr'><strong>conditorem,</strong></span> <span class='ocrx_word' id='word_1_426' title='bbox 578 1700 608 1723; x_wconf 90' lang='lat' dir='ltr'><strong>ut</strong></span> <span class='ocrx_word' id='word_1_427' title='bbox 625 1696 654 1723; x_wconf 90' lang='lat' dir='ltr'><strong>in</strong></span> <span class='ocrx_word' id='word_1_428' title='bbox 674 1697 766 1724; x_wconf 81' lang='lat' dir='ltr'><strong>Aaron</strong></span> <span class='ocrx_word' id='word_1_429' title='bbox 780 1705 917 1725; x_wconf 85' lang='lat' dir='ltr'><strong>summum</strong></span> <span class='ocrx_word' id='word_1_430' title='bbox 933 1705 977 1726; x_wconf 84' lang='lat' dir='ltr'><strong>sa-</strong></span> 
     </span>
    </p>
   </div>
   <div class='ocr_carea' id='block_1_54' title="bbox 187 1741 978 1779">
    <p class='ocr_par' dir='ltr' id='par_1_54' title="bbox 187 1741 978 1779">
     <span class='ocr_line' id='line_1_54' title="bbox 187 1741 978 1779; baseline 0.005 -12"><span class='ocrx_word' id='word_1_431' title='bbox 187 1741 326 1768; x_wconf 83' lang='lat' dir='ltr'><strong>cerdotem</strong></span> <span class='ocrx_word' id='word_1_432' title='bbox 344 1741 453 1770; x_wconf 86' lang='lat' dir='ltr'><strong>:t&#39;aetus</strong></span> <span class='ocrx_word' id='word_1_433' title='bbox 467 1746 510 1770; x_wconf 87' lang='lat' dir='ltr'><strong>est</strong></span> <span class='ocrx_word' id='word_1_434' title='bbox 524 1742 598 1770; x_wconf 86' lang='lat' dir='ltr'><strong>enim</strong></span> <span class='ocrx_word' id='word_1_435' title='bbox 619 1746 714 1770; x_wconf 85' lang='lat' dir='ltr'><strong>noster</strong></span> <span class='ocrx_word' id='word_1_436' title='bbox 737 1743 876 1779; x_wconf 70' lang='lat' dir='ltr'><strong>legislator</strong></span> <span class='ocrx_word' id='word_1_437' title='bbox 895 1744 978 1771; x_wconf 88' lang='lat' dir='ltr'><strong>simul</strong></span> 
     </span>
    </p>
   </div>
   <div class='ocr_carea' id='block_1_55' title="bbox 186 1788 977 1826">
    <p class='ocr_par' dir='ltr' id='par_1_55' title="bbox 186 1788 977 1826">
     <span class='ocr_line' id='line_1_55' title="bbox 186 1788 977 1826; baseline 0.006 -13"><span class='ocrx_word' id='word_1_438' title='bbox 186 1791 215 1813; x_wconf 89' lang='lat' dir='ltr'><strong>et</strong></span> <span class='ocrx_word' id='word_1_439' title='bbox 229 1792 340 1814; x_wconf 87' lang='lat' dir='ltr'><strong>sanctus</strong></span> <span class='ocrx_word' id='word_1_440' title='bbox 360 1791 387 1814; x_wconf 87' lang='lat' dir='ltr'><strong>et</strong></span> <span class='ocrx_word' id='word_1_441' title='bbox 411 1788 544 1815; x_wconf 85' lang='lat' dir='ltr'><strong>innocens</strong></span> <span class='ocrx_word' id='word_1_442' title='bbox 566 1796 691 1816; x_wconf 84' lang='lat' dir='ltr'><strong>summus</strong></span> <span class='ocrx_word' id='word_1_443' title='bbox 711 1789 849 1822; x_wconf 83' lang='lat' dir='ltr'><strong>sacerdos,</strong></span> <span class='ocrx_word' id='word_1_444' title='bbox 864 1790 977 1826; x_wconf 83' lang='lat' dir='ltr'><strong>ejusque</strong></span> 
     </span>
    </p>
   </div>
   <div class='ocr_carea' id='block_1_56' title="bbox 186 1833 978 1869">
    <p class='ocr_par' dir='ltr' id='par_1_56' title="bbox 186 1833 978 1869">
     <span class='ocr_line' id='line_1_56' title="bbox 186 1833 978 1869; baseline 0.004 -9"><span class='ocrx_word' id='word_1_445' title='bbox 186 1833 345 1861; x_wconf 85' lang='lat' dir='ltr'><strong>mediatoris</strong></span> <span class='ocrx_word' id='word_1_446' title='bbox 363 1842 446 1868; x_wconf 83' lang='lat' dir='ltr'><strong>opera</strong></span> <span class='ocrx_word' id='word_1_447' title='bbox 463 1842 559 1862; x_wconf 88' lang='lat' dir='ltr'><strong>eorum</strong></span> <span class='ocrx_word' id='word_1_448' title='bbox 572 1834 620 1869; x_wconf 90' lang='lat' dir='ltr'><strong>qui</strong></span> <span class='ocrx_word' id='word_1_449' title='bbox 631 1835 704 1862; x_wconf 87' lang='lat' dir='ltr'><strong>virili</strong></span> <span class='ocrx_word' id='word_1_450' title='bbox 717 1840 781 1863; x_wconf 85' lang='lat' dir='ltr'><strong>sunt</strong></span> <span class='ocrx_word' id='word_1_451' title='bbox 793 1840 872 1863; x_wconf 65' lang='lat' dir='ltr'><strong>aetate</strong></span> <span class='ocrx_word' id='word_1_452' title='bbox 887 1840 915 1864; x_wconf 93' lang='lat' dir='ltr'><strong>et</strong></span> <span class='ocrx_word' id='word_1_453' title='bbox 923 1835 978 1863; x_wconf 87' lang='lat' dir='ltr'><strong>vir-</strong></span> 
     </span>
    </p>
   </div>
   <div class='ocr_carea' id='block_1_57' title="bbox 186 1880 977 1916">
    <p class='ocr_par' dir='ltr' id='par_1_57' title="bbox 186 1880 977 1916">
     <span class='ocr_line' id='line_1_57' title="bbox 186 1880 977 1916; baseline 0.005 -10"><span class='ocrx_word' id='word_1_454' title='bbox 186 1882 244 1907; x_wconf 74' lang='lat' dir='ltr'><strong>tute</strong></span> <span class='ocrx_word' id='word_1_455' title='bbox 257 1887 314 1915; x_wconf 77' lang='lat' dir='ltr'><strong>pra:</strong></span> <span class='ocrx_word' id='word_1_456' title='bbox 327 1880 435 1908; x_wconf 55' lang='lat' dir='ltr'><strong>exteris</strong></span> <span class='ocrx_word' id='word_1_457' title='bbox 449 1881 607 1916; x_wconf 84' lang='lat' dir='ltr'><strong>conspicua,</strong></span> <span class='ocrx_word' id='word_1_458' title='bbox 621 1881 650 1908; x_wconf 87' lang='lat' dir='ltr'><strong>in</strong></span> <span class='ocrx_word' id='word_1_459' title='bbox 664 1881 766 1909; x_wconf 83' lang='lat' dir='ltr'><strong>divinis</strong></span> <span class='ocrx_word' id='word_1_460' title='bbox 776 1882 868 1910; x_wconf 89' lang='lat' dir='ltr'><strong>Libris</strong></span> <span class='ocrx_word' id='word_1_461' title='bbox 874 1882 977 1910; x_wconf 82' lang='lat' dir='ltr'><strong>deseri-</strong></span> 
     </span>
    </p>
   </div>
   <div class='ocr_carea' id='block_1_58' title="bbox 186 1925 975 1963">
    <p class='ocr_par' dir='ltr' id='par_1_58' title="bbox 186 1925 975 1963">
     <span class='ocr_line' id='line_1_58' title="bbox 186 1925 975 1963; baseline 0.005 -11"><span class='ocrx_word' id='word_1_462' title='bbox 186 1925 261 1953; x_wconf 83' lang='lat' dir='ltr'><strong>bitur</strong></span> <span class='ocrx_word' id='word_1_463' title='bbox 277 1931 390 1954; x_wconf 72' lang='lat' dir='ltr'><strong>census.’</strong></span> <span class='ocrx_word' id='word_1_464' title='bbox 407 1926 482 1961; x_wconf 85' lang='lat' dir='ltr'><strong>Quos</strong></span> <span class='ocrx_word' id='word_1_465' title='bbox 496 1927 687 1962; x_wconf 82' lang='lat' dir='ltr'><strong>alloquebatur</strong></span> <span class='ocrx_word' id='word_1_466' title='bbox 705 1927 787 1955; x_wconf 88' lang='lat' dir='ltr'><strong>etiam</strong></span> <span class='ocrx_word' id='word_1_467' title='bbox 804 1928 975 1963; x_wconf 87' lang='lat' dir='ltr'><strong>sapientissi-</strong></span> 
     </span>
    </p>
   </div>
   <div class='ocr_carea' id='block_1_59' title="bbox 184 1973 974 2007">
    <p class='ocr_par' dir='ltr' id='par_1_59' title="bbox 184 1973 974 2007">
     <span class='ocr_line' id='line_1_59' title="bbox 184 1973 974 2007; baseline 0.004 -8"><span class='ocrx_word' id='word_1_468' title='bbox 184 1980 246 2000; x_wconf 89' lang='lat' dir='ltr'><strong>mus</strong></span> <span class='ocrx_word' id='word_1_469' title='bbox 268 1973 313 2000; x_wconf 94' lang='lat' dir='ltr'><strong>ille</strong></span> <span class='ocrx_word' id='word_1_470' title='bbox 327 1973 455 2006; x_wconf 84' lang='lat' dir='ltr'><strong>Joannes,</strong></span> <span class='ocrx_word' id='word_1_471' title='bbox 471 1982 535 2001; x_wconf 92' lang='lat' dir='ltr'><strong>eum</strong></span> <span class='ocrx_word' id='word_1_472' title='bbox 553 1974 659 2002; x_wconf 89' lang='lat' dir='ltr'><strong>diceret</strong></span> <span class='ocrx_word' id='word_1_473' title='bbox 671 1974 693 1989; x_wconf 81' lang='lat'><strong>&quot;</strong></span> <span class='ocrx_word' id='word_1_474' title='bbox 714 1995 719 2000; x_wconf 98' lang='lat'><strong><em>.</em></strong></span> <span class='ocrx_word' id='word_1_475' title='bbox 738 1984 747 1999; x_wconf 77' lang='grc' dir='ltr'><strong>ι</strong></span> <span class='ocrx_word' id='word_1_476' title='bbox 773 1974 870 2002; x_wconf 83' lang='lat' dir='ltr'><strong>Scribe</strong></span> <span class='ocrx_word' id='word_1_477' title='bbox 885 1974 974 2007; x_wconf 84' lang='lat' dir='ltr'><strong>vobis,</strong></span> 
     </span>
    </p>
   </div>
   <div class='ocr_carea' id='block_1_60' title="bbox 182 2018 971 2056">
    <p class='ocr_par' dir='ltr' id='par_1_60' title="bbox 182 2018 971 2056">
     <span class='ocr_line' id='line_1_60' title="bbox 182 2018 971 2056; baseline 0.001 -11"><span class='ocrx_word' id='word_1_478' title='bbox 182 2018 309 2053; x_wconf 74' lang='lat' dir='ltr'><strong>juvenes,</strong></span> <span class='ocrx_word' id='word_1_479' title='bbox 331 2019 395 2054; x_wconf 89' lang='lat' dir='ltr'><strong>quia</strong></span> <span class='ocrx_word' id='word_1_480' title='bbox 419 2018 505 2047; x_wconf 81' lang='lat' dir='ltr'><strong>fortes</strong></span> <span class='ocrx_word' id='word_1_481' title='bbox 521 2020 588 2047; x_wconf 87' lang='lat' dir='ltr'><strong>estis</strong></span> <span class='ocrx_word' id='word_1_482' title='bbox 605 2023 634 2047; x_wconf 92' lang='lat' dir='ltr'><strong>et</strong></span> <span class='ocrx_word' id='word_1_483' title='bbox 650 2020 755 2047; x_wconf 83' lang='lat' dir='ltr'><strong>vicistis</strong></span> <span class='ocrx_word' id='word_1_484' title='bbox 778 2020 937 2056; x_wconf 78' lang='lat' dir='ltr'><strong>malignum.</strong></span> <span class='ocrx_word' id='word_1_485' title='bbox 962 2031 971 2046; x_wconf 80' lang='grc' dir='ltr'><strong>ι</strong></span> 
     </span>
    </p>
   </div>
   <div class='ocr_carea' id='block_1_61' title="bbox 185 2064 972 2101">
    <p class='ocr_par' dir='ltr' id='par_1_61' title="bbox 185 2064 972 2101">
     <span class='ocr_line' id='line_1_61' title="bbox 185 2064 972 2101; baseline 0.004 -10"><span class='ocrx_word' id='word_1_486' title='bbox 185 2064 346 2099; x_wconf 86' lang='lat' dir='ltr'><strong>llujusmodi</strong></span> <span class='ocrx_word' id='word_1_487' title='bbox 360 2070 451 2092; x_wconf 87' lang='lat' dir='ltr'><strong>autem</strong></span> <span class='ocrx_word' id='word_1_488' title='bbox 463 2065 553 2093; x_wconf 89' lang='lat' dir='ltr'><strong>suntii</strong></span> <span class='ocrx_word' id='word_1_489' title='bbox 576 2065 609 2093; x_wconf 93' lang='lat' dir='ltr'><strong>de</strong></span> <span class='ocrx_word' id='word_1_490' title='bbox 622 2066 723 2101; x_wconf 86' lang='lat' dir='ltr'><strong>quibus</strong></span> <span class='ocrx_word' id='word_1_491' title='bbox 737 2067 819 2094; x_wconf 90' lang='lat' dir='ltr'><strong>modo</strong></span> <span class='ocrx_word' id='word_1_492' title='bbox 833 2067 954 2095; x_wconf 84' lang='lat' dir='ltr'><strong>diximus</strong></span> <span class='ocrx_word' id='word_1_493' title='bbox 966 2077 972 2094; x_wconf 89' lang='lat'>:</span> 
     </span>
    </p>
   </div>
   <div class='ocr_carea' id='block_1_62' title="bbox 187 2109 974 2148">
    <p class='ocr_par' dir='ltr' id='par_1_62' title="bbox 187 2109 974 2148">
     <span class='ocr_line' id='line_1_62' title="bbox 187 2109 974 2148; baseline 0.006 -12"><span class='ocrx_word' id='word_1_494' title='bbox 187 2120 196 2134; x_wconf 74' lang='grc' dir='ltr'><strong><em>ε</em></strong></span> <span class='ocrx_word' id='word_1_495' title='bbox 213 2109 309 2137; x_wconf 87' lang='lat' dir='ltr'><strong>Omnis</strong></span> <span class='ocrx_word' id='word_1_496' title='bbox 323 2111 461 2138; x_wconf 87' lang='lat' dir='ltr'><strong>masculus</strong></span> <span class='ocrx_word' id='word_1_497' title='bbox 483 2119 498 2138; x_wconf 89' lang='lat' dir='ltr'><strong>a</strong></span> <span class='ocrx_word' id='word_1_498' title='bbox 514 2111 610 2146; x_wconf 75' lang='lat' dir='ltr'><strong>viginti</strong></span> <span class='ocrx_word' id='word_1_499' title='bbox 633 2112 711 2139; x_wconf 88' lang='lat' dir='ltr'><strong>annis</strong></span> <span class='ocrx_word' id='word_1_500' title='bbox 727 2117 756 2140; x_wconf 89' lang='lat' dir='ltr'><strong>et</strong></span> <span class='ocrx_word' id='word_1_501' title='bbox 771 2121 863 2148; x_wconf 88' lang='lat' dir='ltr'><strong>supra,</strong></span> <span class='ocrx_word' id='word_1_502' title='bbox 884 2114 974 2141; x_wconf 88' lang='lat' dir='ltr'><strong>omnis</strong></span> 
     </span>
    </p>
   </div>
   <div class='ocr_carea' id='block_1_63' title="bbox 183 2156 972 2191">
    <p class='ocr_par' dir='ltr' id='par_1_63' title="bbox 183 2156 972 2191">
     <span class='ocr_line' id='line_1_63' title="bbox 183 2156 972 2191; baseline 0.006 -9"><span class='ocrx_word' id='word_1_503' title='bbox 183 2156 230 2190; x_wconf 89' lang='lat' dir='ltr'><strong>qui</strong></span> <span class='ocrx_word' id='word_1_504' title='bbox 244 2156 383 2191; x_wconf 81' lang='lat' dir='ltr'><strong>egreditur</strong></span> <span class='ocrx_word' id='word_1_505' title='bbox 396 2157 423 2184; x_wconf 90' lang='lat' dir='ltr'><strong>in</strong></span> <span class='ocrx_word' id='word_1_506' title='bbox 439 2157 560 2185; x_wconf 77' lang='lat' dir='ltr'><strong>exercitu</strong></span> <span class='ocrx_word' id='word_1_507' title='bbox 580 2159 660 2187; x_wconf 86' lang='lat' dir='ltr'><strong>Israel</strong></span> <span class='ocrx_word' id='word_1_508' title='bbox 676 2158 708 2185; x_wconf 78' lang='lat'><strong>“.</strong></span> <span class='ocrx_word' id='word_1_509' title='bbox 728 2169 737 2184; x_wconf 78' lang='grc' dir='ltr'><strong>ι</strong></span> <span class='ocrx_word' id='word_1_510' title='bbox 754 2159 802 2187; x_wconf 81' lang='lat' dir='ltr'><strong>His</strong></span> <span class='ocrx_word' id='word_1_511' title='bbox 822 2160 857 2187; x_wconf 90' lang='lat' dir='ltr'><strong>ab</strong></span> <span class='ocrx_word' id='word_1_512' title='bbox 877 2168 972 2188; x_wconf 87' lang='lat' dir='ltr'><strong>eorum</strong></span> 
     </span>
    </p>
   </div>
   <div class='ocr_carea' id='block_1_64' title="bbox 183 2201 972 2239">
    <p class='ocr_par' dir='ltr' id='par_1_64' title="bbox 183 2201 972 2239">
     <span class='ocr_line' id='line_1_64' title="bbox 183 2201 972 2239; baseline 0.008 -12"><span class='ocrx_word' id='word_1_513' title='bbox 183 2201 280 2237; x_wconf 82' lang='lat' dir='ltr'><strong>opiﬁce</strong></span> <span class='ocrx_word' id='word_1_514' title='bbox 296 2202 353 2229; x_wconf 86' lang='lat' dir='ltr'><strong>Deo</strong></span> <span class='ocrx_word' id='word_1_515' title='bbox 367 2203 514 2237; x_wconf 86' lang='lat' dir='ltr'><strong>provideri,</strong></span> <span class='ocrx_word' id='word_1_516' title='bbox 533 2212 683 2239; x_wconf 86' lang='lat' dir='ltr'><strong>eorumque</strong></span> <span class='ocrx_word' id='word_1_517' title='bbox 699 2205 736 2232; x_wconf 91' lang='lat' dir='ltr'><strong>illi</strong></span> <span class='ocrx_word' id='word_1_518' title='bbox 750 2213 843 2232; x_wconf 86' lang='lat' dir='ltr'><strong>curam</strong></span> <span class='ocrx_word' id='word_1_519' title='bbox 858 2213 927 2238; x_wconf 87' lang='lat' dir='ltr'><strong>esse,</strong></span> <span class='ocrx_word' id='word_1_520' title='bbox 942 2210 972 2233; x_wconf 93' lang='lat' dir='ltr'><strong>ut</strong></span> 
     </span>
    </p>
   </div>
   <div class='ocr_carea' id='block_1_65' title="bbox 183 2248 970 2286">
    <p class='ocr_par' dir='ltr' id='par_1_65' title="bbox 183 2248 970 2286">
     <span class='ocr_line' id='line_1_65' title="bbox 183 2248 970 2286; baseline 0.009 -13"><span class='ocrx_word' id='word_1_521' title='bbox 183 2248 229 2282; x_wconf 90' lang='lat' dir='ltr'><strong>qui</strong></span> <span class='ocrx_word' id='word_1_522' title='bbox 252 2248 287 2274; x_wconf 87' lang='lat' dir='ltr'><strong>sit</strong></span> <span class='ocrx_word' id='word_1_523' title='bbox 312 2249 422 2276; x_wconf 85' lang='lat' dir='ltr'><strong>virtutis</strong></span> <span class='ocrx_word' id='word_1_524' title='bbox 442 2254 558 2282; x_wconf 87' lang='lat' dir='ltr'><strong>amator,</strong></span> <span class='ocrx_word' id='word_1_525' title='bbox 579 2251 661 2278; x_wconf 85' lang='lat' dir='ltr'><strong>ctiam</strong></span> <span class='ocrx_word' id='word_1_526' title='bbox 683 2259 732 2286; x_wconf 88' lang='lat' dir='ltr'><strong>per</strong></span> <span class='ocrx_word' id='word_1_527' title='bbox 747 2259 778 2278; x_wconf 87' lang='lat' dir='ltr'><strong>ea</strong></span> <span class='ocrx_word' id='word_1_528' title='bbox 798 2259 858 2286; x_wconf 68' lang='lat' dir='ltr'><strong>qua:</strong></span> <span class='ocrx_word' id='word_1_529' title='bbox 872 2259 970 2280; x_wconf 87' lang='lat' dir='ltr'><strong>conse-</strong></span> 
     </span>
    </p>
   </div>
   <div class='ocr_carea' id='block_1_66' title="bbox 127 2294 969 2333">
    <p class='ocr_par' dir='ltr' id='par_1_66' title="bbox 127 2294 969 2333">
     <span class='ocr_line' id='line_1_66' title="bbox 127 2294 969 2333; baseline 0.008 -14"><span class='ocrx_word' id='word_1_530' title='bbox 127 2302 130 2304; x_wconf 96' lang='grc'><strong>·</strong></span> <span class='ocrx_word' id='word_1_531' title='bbox 181 2298 297 2328; x_wconf 82' lang='lat' dir='ltr'><strong>quenter</strong></span> <span class='ocrx_word' id='word_1_532' title='bbox 313 2294 413 2330; x_wconf 79' lang='lat' dir='ltr'><strong>scripta</strong></span> <span class='ocrx_word' id='word_1_533' title='bbox 429 2299 502 2328; x_wconf 79' lang='lat' dir='ltr'><strong>sunt,</strong></span> <span class='ocrx_word' id='word_1_534' title='bbox 519 2297 684 2331; x_wconf 83' lang='lat' dir='ltr'><strong>perspicere,</strong></span> <span class='ocrx_word' id='word_1_535' title='bbox 701 2297 814 2329; x_wconf 86' lang='lat' dir='ltr'><strong>Palladi,</strong></span> <span class='ocrx_word' id='word_1_536' title='bbox 829 2298 907 2325; x_wconf 81' lang='lat' dir='ltr'><strong>facile</strong></span> <span class='ocrx_word' id='word_1_537' title='bbox 919 2306 969 2333; x_wconf 85' lang='lat' dir='ltr'><strong>po-</strong></span> 
     </span>
    </p>
   </div>
   <div class='ocr_carea' id='block_1_67' title="bbox 182 2340 970 2379">
    <p class='ocr_par' dir='ltr' id='par_1_67' title="bbox 182 2340 970 2379">
     <span class='ocr_line' id='line_1_67' title="bbox 182 2340 970 2379; baseline 0.006 -12"><span class='ocrx_word' id='word_1_538' title='bbox 182 2340 255 2367; x_wconf 81' lang='lat' dir='ltr'><strong>teris.</strong></span> <span class='ocrx_word' id='word_1_539' title='bbox 271 2341 315 2369; x_wconf 79' lang='lat' dir='ltr'><strong>Ait</strong></span> <span class='ocrx_word' id='word_1_540' title='bbox 326 2342 399 2368; x_wconf 89' lang='lat' dir='ltr'><strong>enim</strong></span> <span class='ocrx_word' id='word_1_541' title='bbox 413 2342 511 2369; x_wconf 84' lang='lat' dir='ltr'><strong>iterum</strong></span> <span class='ocrx_word' id='word_1_542' title='bbox 525 2343 607 2378; x_wconf 77' lang='lat' dir='ltr'><strong>Moysi</strong></span> <span class='ocrx_word' id='word_1_543' title='bbox 619 2348 647 2370; x_wconf 91' lang='lat' dir='ltr'><strong>et</strong></span> <span class='ocrx_word' id='word_1_544' title='bbox 660 2343 760 2375; x_wconf 81' lang='lat' dir='ltr'><strong>Aaron,</strong></span> <span class='ocrx_word' id='word_1_545' title='bbox 776 2343 848 2371; x_wconf 86' lang='lat' dir='ltr'><strong>Deus</strong></span> <span class='ocrx_word' id='word_1_546' title='bbox 875 2345 970 2379; x_wconf 85' lang='lat' dir='ltr'><strong>procul</strong></span> 
     </span>
    </p>
   </div>
   <div class='ocr_carea' id='block_1_68' title="bbox 181 2384 969 2423">
    <p class='ocr_par' dir='ltr' id='par_1_68' title="bbox 181 2384 969 2423">
     <span class='ocr_line' id='line_1_68' title="bbox 181 2384 969 2423; baseline 0.006 -12"><span class='ocrx_word' id='word_1_547' title='bbox 181 2384 280 2417; x_wconf 87' lang='lat' dir='ltr'><strong>dubio,</strong></span> <span class='ocrx_word' id='word_1_548' title='bbox 310 2396 318 2411; x_wconf 75' lang='grc' dir='ltr'><strong>ι</strong></span> <span class='ocrx_word' id='word_1_549' title='bbox 346 2387 380 2413; x_wconf 90' lang='grc' dir='ltr'>Ει</span> <span class='ocrx_word' id='word_1_550' title='bbox 402 2387 543 2414; x_wconf 86' lang='lat' dir='ltr'><strong>vobiscum</strong></span> <span class='ocrx_word' id='word_1_551' title='bbox 569 2392 650 2414; x_wconf 89' lang='lat' dir='ltr'><strong>erunt</strong></span> <span class='ocrx_word' id='word_1_552' title='bbox 673 2388 771 2423; x_wconf 81' lang='lat' dir='ltr'><strong>singuli</strong></span> <span class='ocrx_word' id='word_1_553' title='bbox 794 2395 842 2422; x_wconf 87' lang='lat' dir='ltr'><strong>per</strong></span> <span class='ocrx_word' id='word_1_554' title='bbox 867 2388 969 2416; x_wconf 89' lang='lat' dir='ltr'><strong>tribum</strong></span> 
     </span>
    </p>
   </div>
   <div class='ocr_carea' id='block_1_69' title="bbox 181 2431 968 2469">
    <p class='ocr_par' dir='ltr' id='par_1_69' title="bbox 181 2431 968 2469">
     <span class='ocr_line' id='line_1_69' title="bbox 181 2431 968 2469; baseline 0.005 -11"><span class='ocrx_word' id='word_1_555' title='bbox 181 2431 394 2467; x_wconf 86' lang='lat' dir='ltr'><strong>uniuscujusque</strong></span> <span class='ocrx_word' id='word_1_556' title='bbox 427 2433 573 2468; x_wconf 88' lang='lat' dir='ltr'><strong>principis,</strong></span> <span class='ocrx_word' id='word_1_557' title='bbox 608 2441 656 2469; x_wconf 83' lang='lat' dir='ltr'><strong>per</strong></span> <span class='ocrx_word' id='word_1_558' title='bbox 683 2434 778 2461; x_wconf 90' lang='lat' dir='ltr'><strong>domos</strong></span> <span class='ocrx_word' id='word_1_559' title='bbox 804 2434 968 2462; x_wconf 80' lang='lat' dir='ltr'><strong>familiarum</strong></span> 
     </span>
    </p>
   </div>
   <div class='ocr_carea' id='block_1_70' title="bbox 180 2478 967 2514">
    <p class='ocr_par' dir='ltr' id='par_1_70' title="bbox 180 2478 967 2514">
     <span class='ocr_line' id='line_1_70' title="bbox 180 2478 967 2514; baseline 0.004 -10"><span class='ocrx_word' id='word_1_560' title='bbox 180 2481 261 2504; x_wconf 89' lang='lat' dir='ltr'><strong>erunt</strong></span> <span class='ocrx_word' id='word_1_561' title='bbox 277 2487 282 2503; x_wconf 92' lang='lat'>:</span> <span class='ocrx_word' id='word_1_562' title='bbox 302 2482 330 2505; x_wconf 87' lang='lat' dir='ltr'><strong>et</strong></span> <span class='ocrx_word' id='word_1_563' title='bbox 344 2478 402 2505; x_wconf 69' lang='lat' dir='ltr'><strong>haze</strong></span> <span class='ocrx_word' id='word_1_564' title='bbox 416 2479 527 2506; x_wconf 89' lang='lat' dir='ltr'><strong>nomina</strong></span> <span class='ocrx_word' id='word_1_565' title='bbox 544 2479 667 2506; x_wconf 86' lang='lat' dir='ltr'><strong>virorum</strong></span> <span class='ocrx_word' id='word_1_566' title='bbox 677 2480 723 2514; x_wconf 92' lang='lat' dir='ltr'><strong>qui</strong></span> <span class='ocrx_word' id='word_1_567' title='bbox 742 2479 856 2507; x_wconf 83' lang='lat' dir='ltr'><strong>stabunt</strong></span> <span class='ocrx_word' id='word_1_568' title='bbox 873 2481 967 2508; x_wconf 87' lang='lat' dir='ltr'><strong>vobis-</strong></span> 
     </span>
    </p>
   </div>
   <div class='ocr_carea' id='block_1_71' title="bbox 180 2524 968 2562">
    <p class='ocr_par' dir='ltr' id='par_1_71' title="bbox 180 2524 968 2562">
     <span class='ocr_line' id='line_1_71' title="bbox 180 2524 968 2562; baseline 0.005 -12"><span class='ocrx_word' id='word_1_569' title='bbox 180 2531 243 2551; x_wconf 89' lang='lat' dir='ltr'><strong>cum</strong></span> <span class='ocrx_word' id='word_1_570' title='bbox 265 2524 309 2550; x_wconf 68' lang='lat'><strong>“:</strong></span> <span class='ocrx_word' id='word_1_571' title='bbox 337 2533 346 2549; x_wconf 77' lang='grc' dir='ltr'><strong>ι</strong></span> <span class='ocrx_word' id='word_1_572' title='bbox 370 2532 540 2560; x_wconf 85' lang='lat' dir='ltr'><strong>unaquaeque</strong></span> <span class='ocrx_word' id='word_1_573' title='bbox 567 2526 640 2553; x_wconf 89' lang='lat' dir='ltr'><strong>enim</strong></span> <span class='ocrx_word' id='word_1_574' title='bbox 668 2526 756 2553; x_wconf 82' lang='lat' dir='ltr'><strong>tribus</strong></span> <span class='ocrx_word' id='word_1_575' title='bbox 773 2534 847 2559; x_wconf 91' lang='lat' dir='ltr'><strong>eum,</strong></span> <span class='ocrx_word' id='word_1_576' title='bbox 870 2528 916 2562; x_wconf 91' lang='lat' dir='ltr'><strong>qui</strong></span> <span class='ocrx_word' id='word_1_577' title='bbox 940 2532 968 2554; x_wconf 88' lang='lat' dir='ltr'><strong>et</strong></span> 
     </span>
    </p>
   </div>
   <div class='ocr_carea' id='block_1_72' title="bbox 180 2569 967 2606">
    <p class='ocr_par' dir='ltr' id='par_1_72' title="bbox 180 2569 967 2606">
     <span class='ocr_line' id='line_1_72' title="bbox 180 2569 967 2606; baseline 0.006 -11"><span class='ocrx_word' id='word_1_578' title='bbox 180 2569 266 2604; x_wconf 77' lang='lat' dir='ltr'><strong>gloria</strong></span> <span class='ocrx_word' id='word_1_579' title='bbox 280 2573 307 2596; x_wconf 88' lang='lat' dir='ltr'><strong>ct</strong></span> <span class='ocrx_word' id='word_1_580' title='bbox 320 2570 421 2597; x_wconf 83' lang='lat' dir='ltr'><strong>virtute</strong></span> <span class='ocrx_word' id='word_1_581' title='bbox 440 2571 577 2606; x_wconf 78' lang='lat' dir='ltr'><strong>pugnandi</strong></span> <span class='ocrx_word' id='word_1_582' title='bbox 599 2576 712 2598; x_wconf 64' lang='lat' dir='ltr'><strong>caatcros</strong></span> <span class='ocrx_word' id='word_1_583' title='bbox 727 2571 853 2604; x_wconf 87' lang='lat' dir='ltr'><strong>anteiret,</strong></span> <span class='ocrx_word' id='word_1_584' title='bbox 869 2572 967 2600; x_wconf 88' lang='lat' dir='ltr'><strong>ducem</strong></span> 
     </span>
    </p>
   </div>
   <div class='ocr_carea' id='block_1_73' title="bbox 181 2614 967 2652">
    <p class='ocr_par' dir='ltr' id='par_1_73' title="bbox 181 2614 967 2652">
     <span class='ocr_line' id='line_1_73' title="bbox 181 2614 967 2652; baseline 0.004 -11"><span class='ocrx_word' id='word_1_585' title='bbox 181 2614 301 2642; x_wconf 87' lang='lat' dir='ltr'><strong>instituit</strong></span> <span class='ocrx_word' id='word_1_586' title='bbox 315 2623 346 2642; x_wconf 88' lang='lat' dir='ltr'><strong>ac</strong></span> <span class='ocrx_word' id='word_1_587' title='bbox 358 2621 598 2651; x_wconf 81' lang='lat' dir='ltr'><strong>propugnatorem,</strong></span> <span class='ocrx_word' id='word_1_588' title='bbox 611 2620 639 2643; x_wconf 87' lang='lat' dir='ltr'><strong>et</strong></span> <span class='ocrx_word' id='word_1_589' title='bbox 651 2617 792 2644; x_wconf 70' lang='lat' dir='ltr'><strong>sententiae</strong></span> <span class='ocrx_word' id='word_1_590' title='bbox 804 2617 967 2652; x_wconf 86' lang='lat' dir='ltr'><strong>principem,</strong></span> 
     </span>
    </p>
   </div>
   <div class='ocr_carea' id='block_1_74' title="bbox 180 2661 967 2698">
    <p class='ocr_par' dir='ltr' id='par_1_74' title="bbox 180 2661 967 2698">
     <span class='ocr_line' id='line_1_74' title="bbox 180 2661 967 2698; baseline 0.005 -12"><span class='ocrx_word' id='word_1_591' title='bbox 180 2664 207 2687; x_wconf 87' lang='lat' dir='ltr'><strong>et</strong></span> <span class='ocrx_word' id='word_1_592' title='bbox 227 2667 318 2686; x_wconf 86' lang='lat' dir='ltr'><strong>rerum</strong></span> <span class='ocrx_word' id='word_1_593' title='bbox 335 2661 516 2696; x_wconf 75' lang='lat' dir='ltr'><strong>gerendarum</strong></span> <span class='ocrx_word' id='word_1_594' title='bbox 533 2666 672 2688; x_wconf 86' lang='lat' dir='ltr'><strong>auctorem</strong></span> <span class='ocrx_word' id='word_1_595' title='bbox 694 2670 700 2687; x_wconf 87' lang='lat'><strong>:</strong></span> <span class='ocrx_word' id='word_1_596' title='bbox 717 2670 834 2696; x_wconf 91' lang='lat' dir='ltr'><strong>quorum</strong></span> <span class='ocrx_word' id='word_1_597' title='bbox 852 2663 967 2698; x_wconf 80' lang='lat' dir='ltr'><strong>ﬁguram</strong></span> 
     </span>
    </p>
   </div>
   <div class='ocr_carea' id='block_1_75' title="bbox 179 2705 966 2742">
    <p class='ocr_par' dir='ltr' id='par_1_75' title="bbox 179 2705 966 2742">
     <span class='ocr_line' id='line_1_75' title="bbox 179 2705 966 2742; baseline 0.005 -10"><span class='ocrx_word' id='word_1_598' title='bbox 179 2705 329 2741; x_wconf 78' lang='lat' dir='ltr'><strong>praeferunt</strong></span> <span class='ocrx_word' id='word_1_599' title='bbox 342 2707 441 2742; x_wconf 79' lang='lat' dir='ltr'><strong>angeli,</strong></span> <span class='ocrx_word' id='word_1_600' title='bbox 453 2707 500 2742; x_wconf 86' lang='lat' dir='ltr'><strong>qui</strong></span> <span class='ocrx_word' id='word_1_601' title='bbox 514 2708 623 2734; x_wconf 85' lang='lat' dir='ltr'><strong>selectis</strong></span> <span class='ocrx_word' id='word_1_602' title='bbox 636 2708 691 2734; x_wconf 84' lang='lat' dir='ltr'><strong>illis</strong></span> <span class='ocrx_word' id='word_1_603' title='bbox 705 2708 781 2740; x_wconf 89' lang='lat' dir='ltr'><strong>viris,</strong></span> <span class='ocrx_word' id='word_1_604' title='bbox 796 2713 823 2736; x_wconf 92' lang='lat' dir='ltr'><strong>ct</strong></span> <span class='ocrx_word' id='word_1_605' title='bbox 836 2709 864 2736; x_wconf 92' lang='lat' dir='ltr'><strong>in</strong></span> <span class='ocrx_word' id='word_1_606' title='bbox 894 2709 966 2736; x_wconf 88' lang='lat' dir='ltr'><strong>libro</strong></span> 
     </span>
    </p>
   </div>
   <div class='ocr_carea' id='block_1_76' title="bbox 179 2745 966 2789">
    <p class='ocr_par' dir='ltr' id='par_1_76' title="bbox 179 2745 966 2789">
     <span class='ocr_line' id='line_1_76' title="bbox 179 2745 966 2789; baseline 0.004 -10"><span class='ocrx_word' id='word_1_607' title='bbox 179 2752 242 2780; x_wconf 72' lang='lat' dir='ltr'><strong>\‘itze</strong></span> <span class='ocrx_word' id='word_1_608' title='bbox 250 2752 395 2788; x_wconf 83' lang='lat' dir='ltr'><strong>descriptis</strong></span> <span class='ocrx_word' id='word_1_609' title='bbox 404 2753 523 2788; x_wconf 68' lang='lat' dir='ltr'><strong>przel&#39;ccti</strong></span> <span class='ocrx_word' id='word_1_610' title='bbox 533 2757 605 2780; x_wconf 84' lang='lat' dir='ltr'><strong>sunt.</strong></span> <span class='ocrx_word' id='word_1_611' title='bbox 615 2754 636 2787; x_wconf 82' lang='lat'>1</span> <span class='ocrx_word' id='word_1_612' title='bbox 643 2753 693 2789; x_wconf 78' lang='lat' dir='ltr'><strong>l3</strong></span> <span class='ocrx_word' id='word_1_613' title='bbox 701 2753 837 2788; x_wconf 78' lang='lat' dir='ltr'><strong>Scriptura</strong></span> <span class='ocrx_word' id='word_1_614' title='bbox 844 2745 966 2782; x_wconf 72' lang='lat' dir='ltr'><strong>estnam-</strong></span> 
     </span>
    </p>
   </div>
   <div class='ocr_carea' id='block_1_77' title="bbox 216 2841 978 2877">
    <p class='ocr_par' dir='ltr' id='par_1_77' title="bbox 216 2841 954 2877">
     <span class='ocr_line' id='line_1_77' title="bbox 216 2841 954 2877; baseline 0.001 -9"><span class='ocrx_word' id='word_1_615' title='bbox 216 2841 237 2857; x_wconf 68' lang='lat'>“</span> <span class='ocrx_word' id='word_1_616' title='bbox 255 2841 336 2868; x_wconf 65' lang='lat' dir='ltr'><strong>Num.</strong></span> <span class='ocrx_word' id='word_1_617' title='bbox 356 2850 373 2872; x_wconf 87' lang='grc' dir='ltr'><strong>ι,</strong></span> <span class='ocrx_word' id='word_1_618' title='bbox 389 2842 443 2868; x_wconf 73' lang='lat'><strong>1—5.</strong></span> <span class='ocrx_word' id='word_1_619' title='bbox 459 2841 479 2857; x_wconf 75' lang='lat'><em>&quot;‘</em></span> <span class='ocrx_word' id='word_1_620' title='bbox 492 2841 557 2869; x_wconf 87' lang='lat' dir='ltr'><strong>Luc.</strong></span> <span class='ocrx_word' id='word_1_621' title='bbox 572 2850 597 2876; x_wconf 70' lang='grc' dir='ltr'>χ,</span> <span class='ocrx_word' id='word_1_622' title='bbox 610 2843 654 2870; x_wconf 78' lang='grc'><strong>20.</strong></span> <span class='ocrx_word' id='word_1_623' title='bbox 672 2843 692 2860; x_wconf 86' lang='lat'>”</span> <span class='ocrx_word' id='word_1_624' title='bbox 705 2843 798 2871; x_wconf 83' lang='lat' dir='ltr'><strong>Matth.</strong></span> <span class='ocrx_word' id='word_1_625' title='bbox 816 2852 840 2877; x_wconf 69' lang='grc' dir='ltr'><strong>ι,</strong></span> <span class='ocrx_word' id='word_1_626' title='bbox 855 2843 900 2876; x_wconf 78' lang='lat'><strong>‘29,</strong></span> <span class='ocrx_word' id='word_1_627' title='bbox 912 2843 954 2870; x_wconf 75' lang='lat'><strong>.30.</strong></span> 
     </span>
    </p>
   </div>
   <div class='ocr_carea' id='block_1_78' title="bbox 1031 2841 1240 2877">
    <p class='ocr_par' dir='ltr' id='par_1_78' title="bbox 1031 2842 1240 2876">
     <span class='ocr_line' id='line_1_78' title="bbox 1031 2842 1240 2876; baseline -0.005 -6"><span class='ocrx_word' id='word_1_628' title='bbox 1031 2842 1128 2870; x_wconf 78' lang='lat' dir='ltr'><strong>lJoan.</strong></span> <span class='ocrx_word' id='word_1_629' title='bbox 1148 2850 1184 2876; x_wconf 90' lang='grc' dir='ltr'><strong>ιι,</strong></span> <span class='ocrx_word' id='word_1_630' title='bbox 1201 2843 1240 2869; x_wconf 78' lang='lat'><strong>15.</strong></span> 
     </span>
    </p>
   </div>
   <div class='ocr_carea' id='block_1_79' title="bbox 1038 910 1826 950">
    <p class='ocr_par' dir='ltr' id='par_1_79' title="bbox 1038 910 1826 950">
     <span class='ocr_line' id='line_1_79' title="bbox 1038 910 1826 950; baseline 0.005 -14"><span class='ocrx_word' id='word_1_631' title='bbox 1038 911 1090 942; x_wconf 73' lang='grc' dir='ltr'>στὶ,</span> <span class='ocrx_word' id='word_1_632' title='bbox 1108 910 1138 937; x_wconf 79' lang='grc' dir='ltr'>τὸ</span> <span class='ocrx_word' id='word_1_633' title='bbox 1148 912 1176 938; x_wconf 86' lang='grc' dir='ltr'>ὲν</span> <span class='ocrx_word' id='word_1_634' title='bbox 1193 912 1295 947; x_wconf 77' lang='grc' dir='ltr'><strong>ἀκμαῖς</strong></span> <span class='ocrx_word' id='word_1_635' title='bbox 1310 921 1339 939; x_wconf 85' lang='grc' dir='ltr'><strong>τε</strong></span> <span class='ocrx_word' id='word_1_636' title='bbox 1361 913 1407 939; x_wconf 79' lang='grc' dir='ltr'>καὶ</span> <span class='ocrx_word' id='word_1_637' title='bbox 1424 913 1517 948; x_wconf 78' lang='grc' dir='ltr'>ἄρσεν.</span> <span class='ocrx_word' id='word_1_638' title='bbox 1540 912 1755 949; x_wconf 78' lang='grc' dir='ltr'>Ἀνδριζομένοις</span> <span class='ocrx_word' id='word_1_639' title='bbox 1771 916 1826 950; x_wconf 75' lang='grc' dir='ltr'><strong>γὰρ</strong></span> 
     </span>
    </p>
   </div>
   <div class='ocr_carea' id='block_1_80' title="bbox 1035 956 1823 995">
    <p class='ocr_par' dir='ltr' id='par_1_80' title="bbox 1035 956 1823 995">
     <span class='ocr_line' id='line_1_80' title="bbox 1035 956 1823 995; baseline 0.003 -12"><span class='ocrx_word' id='word_1_640' title='bbox 1035 956 1122 989; x_wconf 82' lang='grc' dir='ltr'>οὕτω,</span> <span class='ocrx_word' id='word_1_641' title='bbox 1145 958 1192 984; x_wconf 71' lang='grc' dir='ltr'><strong>καὶ</strong></span> <span class='ocrx_word' id='word_1_642' title='bbox 1217 958 1256 990; x_wconf 86' lang='grc' dir='ltr'><strong>είς</strong></span> <span class='ocrx_word' id='word_1_643' title='bbox 1281 957 1359 985; x_wconf 81' lang='grc' dir='ltr'>τοῦτο</span> <span class='ocrx_word' id='word_1_644' title='bbox 1385 959 1537 994; x_wconf 82' lang='grc' dir='ltr'>προήκουσι</span> <span class='ocrx_word' id='word_1_645' title='bbox 1562 959 1681 991; x_wconf 74' lang='grc' dir='ltr'>διανοίας</span> <span class='ocrx_word' id='word_1_646' title='bbox 1712 960 1823 995; x_wconf 77' lang='grc' dir='ltr'>μέτρον,</span> 
     </span>
    </p>
   </div>
   <div class='ocr_carea' id='block_1_81' title="bbox 1035 1007 1824 1045">
    <p class='ocr_par' dir='ltr' id='par_1_81' title="bbox 1035 1007 1824 1045">
     <span class='ocr_line' id='line_1_81' title="bbox 1035 1007 1824 1045; baseline 0.006 -13"><span class='ocrx_word' id='word_1_647' title='bbox 1035 1007 1090 1038; x_wconf 82' lang='grc' dir='ltr'>τοῖς</span> <span class='ocrx_word' id='word_1_648' title='bbox 1110 1007 1199 1040; x_wconf 80' lang='grc' dir='ltr'><strong>ἁγίοις</strong></span> <span class='ocrx_word' id='word_1_649' title='bbox 1221 1008 1381 1040; x_wconf 84' lang='grc' dir='ltr'>ἀποστόλοις</span> <span class='ocrx_word' id='word_1_650' title='bbox 1398 1008 1506 1044; x_wconf 80' lang='grc' dir='ltr'>εἴρηται</span> <span class='ocrx_word' id='word_1_651' title='bbox 1531 1009 1573 1035; x_wconf 79' lang='grc' dir='ltr'><strong>διὰ</strong></span> <span class='ocrx_word' id='word_1_652' title='bbox 1599 1010 1736 1045; x_wconf 71' lang='grc' dir='ltr'>Χριστοῦ,</span> <span class='ocrx_word' id='word_1_653' title='bbox 1759 1011 1824 1038; x_wconf 77' lang='grc' dir='ltr'>ποτὲ</span> 
     </span>
    </p>
   </div>
   <div class='ocr_carea' id='block_1_82' title="bbox 1036 1051 1825 1090">
    <p class='ocr_par' dir='ltr' id='par_1_82' title="bbox 1036 1051 1825 1090">
     <span class='ocr_line' id='line_1_82' title="bbox 1036 1051 1825 1090; baseline 0.005 -12"><span class='ocrx_word' id='word_1_654' title='bbox 1036 1051 1101 1086; x_wconf 75' lang='grc' dir='ltr'>μὲν,</span> <span class='ocrx_word' id='word_1_655' title='bbox 1119 1052 1170 1084; x_wconf 79' lang='grc' dir='ltr'>ὅτι,</span> <span class='ocrx_word' id='word_1_656' title='bbox 1189 1061 1197 1078; x_wconf 77' lang='grc' dir='ltr'>ι</span> <span class='ocrx_word' id='word_1_657' title='bbox 1215 1052 1258 1088; x_wconf 78' lang='grc' dir='ltr'><strong>Μὴ</strong></span> <span class='ocrx_word' id='word_1_658' title='bbox 1275 1053 1384 1089; x_wconf 81' lang='grc' dir='ltr'>χαίρετε</span> <span class='ocrx_word' id='word_1_659' title='bbox 1400 1055 1440 1081; x_wconf 80' lang='grc' dir='ltr'>ὃτι</span> <span class='ocrx_word' id='word_1_660' title='bbox 1454 1054 1490 1080; x_wconf 78' lang='grc' dir='ltr'>τὰ</span> <span class='ocrx_word' id='word_1_661' title='bbox 1504 1055 1629 1090; x_wconf 76' lang='grc' dir='ltr'>δαιμόνια</span> <span class='ocrx_word' id='word_1_662' title='bbox 1641 1055 1825 1083; x_wconf 69' lang='grc' dir='ltr'>ὑποτάσσεται</span> 
     </span>
    </p>
   </div>
   <div class='ocr_carea' id='block_1_83' title="bbox 1034 1098 1823 1138">
    <p class='ocr_par' dir='ltr' id='par_1_83' title="bbox 1034 1098 1823 1138">
     <span class='ocr_line' id='line_1_83' title="bbox 1034 1098 1823 1138; baseline 0.008 -15"><span class='ocrx_word' id='word_1_663' title='bbox 1034 1098 1109 1133; x_wconf 80' lang='grc' dir='ltr'>ὑμῖν,</span> <span class='ocrx_word' id='word_1_664' title='bbox 1123 1098 1233 1134; x_wconf 77' lang='grc' dir='ltr'>χαίρετε</span> <span class='ocrx_word' id='word_1_665' title='bbox 1245 1099 1273 1125; x_wconf 79' lang='grc' dir='ltr'><strong>δὲ</strong></span> <span class='ocrx_word' id='word_1_666' title='bbox 1289 1100 1389 1134; x_wconf 76' lang='grc' dir='ltr'>μᾶλλον</span> <span class='ocrx_word' id='word_1_667' title='bbox 1401 1101 1441 1127; x_wconf 80' lang='grc' dir='ltr'>ὃτι</span> <span class='ocrx_word' id='word_1_668' title='bbox 1453 1101 1487 1128; x_wconf 78' lang='grc' dir='ltr'>τὰ</span> <span class='ocrx_word' id='word_1_669' title='bbox 1500 1101 1620 1137; x_wconf 78' lang='grc' dir='ltr'>ὀνόματα</span> <span class='ocrx_word' id='word_1_670' title='bbox 1632 1102 1708 1137; x_wconf 84' lang='grc' dir='ltr'>ὑμῶν</span> <span class='ocrx_word' id='word_1_671' title='bbox 1720 1103 1823 1138; x_wconf 73' lang='grc' dir='ltr'>γέγρα-</span> 
     </span>
    </p>
   </div>
   <div class='ocr_carea' id='block_1_84' title="bbox 1034 1145 1824 1184">
    <p class='ocr_par' dir='ltr' id='par_1_84' title="bbox 1034 1145 1824 1184">
     <span class='ocr_line' id='line_1_84' title="bbox 1034 1145 1824 1184; baseline 0.006 -14"><span class='ocrx_word' id='word_1_672' title='bbox 1034 1152 1098 1170; x_wconf 81' lang='grc' dir='ltr'>πται</span> <span class='ocrx_word' id='word_1_673' title='bbox 1115 1145 1143 1170; x_wconf 89' lang='grc' dir='ltr'>ὲν</span> <span class='ocrx_word' id='word_1_674' title='bbox 1163 1146 1220 1177; x_wconf 80' lang='grc' dir='ltr'>τοῖς</span> <span class='ocrx_word' id='word_1_675' title='bbox 1235 1146 1361 1181; x_wconf 71' lang='grc' dir='ltr'>οὐρανοῖς</span> <span class='ocrx_word' id='word_1_676' title='bbox 1376 1154 1382 1161; x_wconf 88' lang='grc'><em>’</em></span> <span class='ocrx_word' id='word_1_677' title='bbox 1399 1157 1407 1172; x_wconf 75' lang='grc' dir='ltr'><strong>ι</strong></span> <span class='ocrx_word' id='word_1_678' title='bbox 1425 1148 1489 1173; x_wconf 79' lang='grc' dir='ltr'>ποτὲ</span> <span class='ocrx_word' id='word_1_679' title='bbox 1511 1147 1539 1174; x_wconf 81' lang='grc' dir='ltr'><strong>δὲ</strong></span> <span class='ocrx_word' id='word_1_680' title='bbox 1560 1148 1650 1174; x_wconf 74' lang='grc' dir='ltr'>πάλιν·</span> <span class='ocrx_word' id='word_1_681' title='bbox 1669 1159 1677 1174; x_wconf 80' lang='grc' dir='ltr'><strong>ι</strong></span> <span class='ocrx_word' id='word_1_682' title='bbox 1697 1149 1765 1184; x_wconf 72' lang='grc' dir='ltr'><strong>Οὐχὶ</strong></span> <span class='ocrx_word' id='word_1_683' title='bbox 1778 1149 1824 1175; x_wconf 70' lang='grc' dir='ltr'><strong>δύο</strong></span> 
     </span>
    </p>
   </div>
   <div class='ocr_carea' id='block_1_85' title="bbox 1034 1190 1822 1226">
    <p class='ocr_par' dir='ltr' id='par_1_85' title="bbox 1034 1190 1822 1226">
     <span class='ocr_line' id='line_1_85' title="bbox 1034 1190 1822 1226; baseline 0.006 -11"><span class='ocrx_word' id='word_1_684' title='bbox 1034 1190 1162 1225; x_wconf 79' lang='grc' dir='ltr'>στρουθία</span> <span class='ocrx_word' id='word_1_685' title='bbox 1188 1191 1318 1226; x_wconf 77' lang='grc' dir='ltr'>ἀσσαρίου</span> <span class='ocrx_word' id='word_1_686' title='bbox 1342 1192 1491 1224; x_wconf 80' lang='grc' dir='ltr'>πωλεῖται.</span> <span class='ocrx_word' id='word_1_687' title='bbox 1510 1194 1556 1219; x_wconf 75' lang='grc' dir='ltr'>καὶ</span> <span class='ocrx_word' id='word_1_688' title='bbox 1572 1192 1600 1220; x_wconf 83' lang='grc' dir='ltr'>ἓν</span> <span class='ocrx_word' id='word_1_689' title='bbox 1625 1193 1655 1225; x_wconf 77' lang='grc' dir='ltr'><strong>ἐξ</strong></span> <span class='ocrx_word' id='word_1_690' title='bbox 1677 1194 1768 1220; x_wconf 77' lang='grc' dir='ltr'>αὐτῶν</span> <span class='ocrx_word' id='word_1_691' title='bbox 1792 1195 1822 1220; x_wconf 77' lang='grc' dir='ltr'>οὐ</span> 
     </span>
    </p>
   </div>
   <div class='ocr_carea' id='block_1_86' title="bbox 1033 1237 1824 1274">
    <p class='ocr_par' dir='ltr' id='par_1_86' title="bbox 1033 1237 1824 1274">
     <span class='ocr_line' id='line_1_86' title="bbox 1033 1237 1824 1274; baseline 0.004 -13"><span class='ocrx_word' id='word_1_692' title='bbox 1033 1237 1155 1262; x_wconf 80' lang='grc' dir='ltr'>πεσεῖται</span> <span class='ocrx_word' id='word_1_693' title='bbox 1172 1237 1219 1264; x_wconf 76' lang='grc' dir='ltr'><strong>ἐπὶ</strong></span> <span class='ocrx_word' id='word_1_694' title='bbox 1233 1237 1282 1272; x_wconf 84' lang='grc' dir='ltr'><strong>τὴν</strong></span> <span class='ocrx_word' id='word_1_695' title='bbox 1297 1237 1364 1273; x_wconf 85' lang='grc' dir='ltr'><strong>γῆν,</strong></span> <span class='ocrx_word' id='word_1_696' title='bbox 1381 1238 1445 1265; x_wconf 74' lang='grc' dir='ltr'>ἄνευ</span> <span class='ocrx_word' id='word_1_697' title='bbox 1470 1238 1517 1265; x_wconf 80' lang='grc' dir='ltr'>τοῦ</span> <span class='ocrx_word' id='word_1_698' title='bbox 1538 1238 1640 1274; x_wconf 75' lang='grc' dir='ltr'>πατρός</span> <span class='ocrx_word' id='word_1_699' title='bbox 1664 1247 1714 1273; x_wconf 88' lang='grc' dir='ltr'><strong>μου</strong></span> <span class='ocrx_word' id='word_1_700' title='bbox 1730 1238 1778 1265; x_wconf 72' lang='grc' dir='ltr'>τοῦ</span> <span class='ocrx_word' id='word_1_701' title='bbox 1795 1240 1824 1265; x_wconf 76' lang='grc' dir='ltr'>ἐν</span> 
     </span>
    </p>
   </div>
   <div class='ocr_carea' id='block_1_87' title="bbox 1032 1281 1823 1318">
    <p class='ocr_par' dir='ltr' id='par_1_87' title="bbox 1032 1281 1823 1318">
     <span class='ocr_line' id='line_1_87' title="bbox 1032 1281 1823 1318; baseline 0.005 -12"><span class='ocrx_word' id='word_1_702' title='bbox 1032 1281 1174 1316; x_wconf 73' lang='grc' dir='ltr'>οὐρανοῖςς</span> <span class='ocrx_word' id='word_1_703' title='bbox 1196 1281 1288 1316; x_wconf 85' lang='grc' dir='ltr'><strong>’Υμῶν</strong></span> <span class='ocrx_word' id='word_1_704' title='bbox 1302 1282 1330 1308; x_wconf 82' lang='grc' dir='ltr'><strong>δὲ</strong></span> <span class='ocrx_word' id='word_1_705' title='bbox 1344 1282 1391 1308; x_wconf 82' lang='grc' dir='ltr'><strong>καὶ</strong></span> <span class='ocrx_word' id='word_1_706' title='bbox 1406 1283 1433 1309; x_wconf 84' lang='grc' dir='ltr'>αἱ</span> <span class='ocrx_word' id='word_1_707' title='bbox 1450 1283 1543 1318; x_wconf 79' lang='grc' dir='ltr'>τρίχες</span> <span class='ocrx_word' id='word_1_708' title='bbox 1559 1283 1609 1318; x_wconf 81' lang='grc' dir='ltr'>τῆς</span> <span class='ocrx_word' id='word_1_709' title='bbox 1623 1283 1745 1317; x_wconf 76' lang='grc' dir='ltr'>κεφαλῆς</span> <span class='ocrx_word' id='word_1_710' title='bbox 1762 1284 1823 1318; x_wconf 73' lang='grc' dir='ltr'>ἠρι-</span> 
     </span>
    </p>
   </div>
   <div class='ocr_carea' id='block_1_88' title="bbox 1033 1326 1822 1365">
    <p class='ocr_par' dir='ltr' id='par_1_88' title="bbox 1033 1326 1822 1365">
     <span class='ocr_line' id='line_1_88' title="bbox 1033 1326 1822 1365; baseline 0.004 -13"><span class='ocrx_word' id='word_1_711' title='bbox 1033 1326 1171 1362; x_wconf 81' lang='grc' dir='ltr'>θμημέναι</span> <span class='ocrx_word' id='word_1_712' title='bbox 1195 1326 1273 1354; x_wconf 83' lang='grc' dir='ltr'>εἰσίν.</span> <span class='ocrx_word' id='word_1_713' title='bbox 1304 1337 1313 1353; x_wconf 75' lang='grc' dir='ltr'><strong>ι</strong></span> <span class='ocrx_word' id='word_1_714' title='bbox 1339 1327 1376 1353; x_wconf 86' lang='grc' dir='ltr'>Τὸ</span> <span class='ocrx_word' id='word_1_715' title='bbox 1403 1328 1515 1363; x_wconf 72' lang='grc' dir='ltr'>ἀκριϐὲς</span> <span class='ocrx_word' id='word_1_716' title='bbox 1537 1327 1613 1363; x_wconf 74' lang='grc' dir='ltr'>οἶμαί</span> <span class='ocrx_word' id='word_1_717' title='bbox 1633 1338 1683 1355; x_wconf 85' lang='grc' dir='ltr'><strong>που</strong></span> <span class='ocrx_word' id='word_1_718' title='bbox 1705 1330 1755 1365; x_wconf 78' lang='grc' dir='ltr'><strong>τῆς</strong></span> <span class='ocrx_word' id='word_1_719' title='bbox 1779 1330 1822 1356; x_wconf 73' lang='grc' dir='ltr'><strong>ἐπ’</strong></span> 
     </span>
    </p>
   </div>
   <div class='ocr_carea' id='block_1_89' title="bbox 1032 1373 1822 1410">
    <p class='ocr_par' dir='ltr' id='par_1_89' title="bbox 1032 1373 1822 1410">
     <span class='ocr_line' id='line_1_89' title="bbox 1032 1373 1822 1410; baseline 0.005 -12"><span class='ocrx_word' id='word_1_720' title='bbox 1032 1373 1124 1404; x_wconf 82' lang='grc' dir='ltr'>αὐτοῖς</span> <span class='ocrx_word' id='word_1_721' title='bbox 1142 1373 1298 1408; x_wconf 84' lang='grc' dir='ltr'>φροντίδος,</span> <span class='ocrx_word' id='word_1_722' title='bbox 1322 1374 1368 1401; x_wconf 77' lang='grc' dir='ltr'><strong>τοῦ</strong></span> <span class='ocrx_word' id='word_1_723' title='bbox 1392 1374 1477 1406; x_wconf 76' lang='grc' dir='ltr'>αὐτὰς</span> <span class='ocrx_word' id='word_1_724' title='bbox 1498 1375 1584 1403; x_wconf 75' lang='grc' dir='ltr'>εἰπεῖν</span> <span class='ocrx_word' id='word_1_725' title='bbox 1605 1375 1822 1410; x_wconf 79' lang='grc' dir='ltr'>ἀπαριθμεῑσοαι</span> 
     </span>
    </p>
   </div>
   <div class='ocr_carea' id='block_1_90' title="bbox 1031 1418 1823 1456">
    <p class='ocr_par' dir='ltr' id='par_1_90' title="bbox 1031 1418 1823 1456">
     <span class='ocr_line' id='line_1_90' title="bbox 1031 1418 1823 1456; baseline 0.003 -12"><span class='ocrx_word' id='word_1_726' title='bbox 1031 1418 1081 1450; x_wconf 74' lang='grc' dir='ltr'>τὰς</span> <span class='ocrx_word' id='word_1_727' title='bbox 1092 1418 1187 1454; x_wconf 79' lang='grc' dir='ltr'>τρίχας</span> <span class='ocrx_word' id='word_1_728' title='bbox 1203 1419 1417 1454; x_wconf 83' lang='grc' dir='ltr'>καταδηλοῦντος</span> <span class='ocrx_word' id='word_1_729' title='bbox 1432 1418 1461 1447; x_wconf 81' lang='grc' dir='ltr'>εὖ</span> <span class='ocrx_word' id='word_1_730' title='bbox 1479 1419 1559 1455; x_wconf 73' lang='grc' dir='ltr'>μάλα.</span> <span class='ocrx_word' id='word_1_731' title='bbox 1569 1420 1672 1447; x_wconf 70' lang='grc' dir='ltr'>Οὐκοῦν</span> <span class='ocrx_word' id='word_1_732' title='bbox 1685 1422 1713 1447; x_wconf 73' lang='grc' dir='ltr'>ἐν</span> <span class='ocrx_word' id='word_1_733' title='bbox 1727 1421 1823 1456; x_wconf 72' lang='grc' dir='ltr'>βιϐλίῳ</span> 
     </span>
    </p>
   </div>
   <div class='ocr_carea' id='block_1_91' title="bbox 1030 1463 1823 1501">
    <p class='ocr_par' dir='ltr' id='par_1_91' title="bbox 1030 1463 1823 1501">
     <span class='ocr_line' id='line_1_91' title="bbox 1030 1463 1823 1501; baseline 0.004 -11"><span class='ocrx_word' id='word_1_734' title='bbox 1030 1463 1098 1490; x_wconf 86' lang='grc' dir='ltr'><strong>Θεοῦ</strong></span> <span class='ocrx_word' id='word_1_735' title='bbox 1116 1464 1147 1490; x_wconf 86' lang='grc' dir='ltr'><strong>τὸ</strong></span> <span class='ocrx_word' id='word_1_736' title='bbox 1165 1465 1194 1491; x_wconf 79' lang='grc' dir='ltr'><strong>ὲν</strong></span> <span class='ocrx_word' id='word_1_737' title='bbox 1216 1465 1319 1500; x_wconf 84' lang='grc' dir='ltr'>ἀκμαῖς</span> <span class='ocrx_word' id='word_1_738' title='bbox 1338 1473 1367 1491; x_wconf 84' lang='grc' dir='ltr'><strong>τε</strong></span> <span class='ocrx_word' id='word_1_739' title='bbox 1388 1466 1434 1492; x_wconf 73' lang='grc' dir='ltr'>καὶ</span> <span class='ocrx_word' id='word_1_740' title='bbox 1449 1465 1543 1501; x_wconf 80' lang='grc' dir='ltr'>ἄρσεν.</span> <span class='ocrx_word' id='word_1_741' title='bbox 1567 1466 1732 1501; x_wconf 80' lang='grc' dir='ltr'>Ἐπράττετο</span> <span class='ocrx_word' id='word_1_742' title='bbox 1745 1466 1774 1492; x_wconf 81' lang='grc' dir='ltr'><strong>δὲ</strong></span> <span class='ocrx_word' id='word_1_743' title='bbox 1788 1467 1823 1493; x_wconf 73' lang='grc' dir='ltr'>τὰ</span> 
     </span>
    </p>
   </div>
   <div class='ocr_carea' id='block_1_92' title="bbox 1030 1510 1822 1548">
    <p class='ocr_par' dir='ltr' id='par_1_92' title="bbox 1030 1510 1822 1548">
     <span class='ocr_line' id='line_1_92' title="bbox 1030 1510 1822 1548; baseline 0.005 -12"><span class='ocrx_word' id='word_1_744' title='bbox 1030 1510 1079 1545; x_wconf 81' lang='grc' dir='ltr'>τῆς</span> <span class='ocrx_word' id='word_1_745' title='bbox 1092 1511 1271 1546; x_wconf 82' lang='grc' dir='ltr'><strong>ἀπογραφῆς,</strong></span> <span class='ocrx_word' id='word_1_746' title='bbox 1299 1511 1345 1538; x_wconf 81' lang='grc' dir='ltr'><strong>διά</strong></span> <span class='ocrx_word' id='word_1_747' title='bbox 1363 1520 1393 1538; x_wconf 82' lang='grc' dir='ltr'><strong>τε</strong></span> <span class='ocrx_word' id='word_1_748' title='bbox 1416 1512 1538 1544; x_wconf 81' lang='grc' dir='ltr'>Μωσέως</span> <span class='ocrx_word' id='word_1_749' title='bbox 1558 1513 1604 1538; x_wconf 68' lang='grc' dir='ltr'><strong>καὶ</strong></span> <span class='ocrx_word' id='word_1_750' title='bbox 1628 1512 1753 1548; x_wconf 70' lang='grc' dir='ltr'>Ἀαρὼν,</span> <span class='ocrx_word' id='word_1_751' title='bbox 1778 1513 1822 1540; x_wconf 82' lang='grc' dir='ltr'><strong>ἵνα</strong></span> 
     </span>
    </p>
   </div>
   <div class='ocr_carea' id='block_1_93' title="bbox 994 1549 1821 1596">
    <p class='ocr_par' dir='ltr' id='par_1_93' title="bbox 994 1549 1821 1596">
     <span class='ocr_line' id='line_1_93' title="bbox 994 1549 1821 1596; baseline 0.005 -14"><span class='ocrx_word' id='word_1_752' title='bbox 994 1549 1016 1580; x_wconf 82' lang='lat' dir='ltr'><strong>C</strong></span> <span class='ocrx_word' id='word_1_753' title='bbox 1031 1556 1065 1584; x_wconf 85' lang='grc' dir='ltr'><strong>δι’</strong></span> <span class='ocrx_word' id='word_1_754' title='bbox 1088 1558 1189 1593; x_wconf 85' lang='grc' dir='ltr'>ἀμφοῖν</span> <span class='ocrx_word' id='word_1_755' title='bbox 1216 1558 1261 1585; x_wconf 82' lang='grc' dir='ltr'><strong>τὸν</strong></span> <span class='ocrx_word' id='word_1_756' title='bbox 1286 1558 1334 1585; x_wconf 70' lang='grc' dir='ltr'><strong>ἕνα</strong></span> <span class='ocrx_word' id='word_1_757' title='bbox 1355 1558 1459 1594; x_wconf 83' lang='grc' dir='ltr'>νοῶμεν</span> <span class='ocrx_word' id='word_1_758' title='bbox 1476 1557 1605 1594; x_wconf 77' lang='grc' dir='ltr'>Χριστὸν,</span> <span class='ocrx_word' id='word_1_759' title='bbox 1621 1559 1659 1590; x_wconf 81' lang='grc' dir='ltr'>ὡς</span> <span class='ocrx_word' id='word_1_760' title='bbox 1677 1561 1706 1586; x_wconf 83' lang='grc' dir='ltr'>ὲν</span> <span class='ocrx_word' id='word_1_761' title='bbox 1721 1561 1821 1596; x_wconf 80' lang='grc' dir='ltr'>Μωσῇ,</span> 
     </span>
    </p>
   </div>
   <div class='ocr_carea' id='block_1_94' title="bbox 1030 1603 1822 1642">
    <p class='ocr_par' dir='ltr' id='par_1_94' title="bbox 1030 1603 1822 1642">
     <span class='ocr_line' id='line_1_94' title="bbox 1030 1603 1822 1642; baseline 0.005 -13"><span class='ocrx_word' id='word_1_762' title='bbox 1030 1603 1195 1639; x_wconf 79' lang='grc' dir='ltr'><strong>νομοθέτην,</strong></span> <span class='ocrx_word' id='word_1_763' title='bbox 1216 1604 1254 1636; x_wconf 79' lang='grc' dir='ltr'>ὡς</span> <span class='ocrx_word' id='word_1_764' title='bbox 1280 1606 1309 1631; x_wconf 70' lang='grc' dir='ltr'>ἐν</span> <span class='ocrx_word' id='word_1_765' title='bbox 1333 1604 1455 1640; x_wconf 76' lang='grc' dir='ltr'>Ἀαρὼν,</span> <span class='ocrx_word' id='word_1_766' title='bbox 1480 1605 1620 1641; x_wconf 82' lang='grc' dir='ltr'>ἀρχιερέα.</span> <span class='ocrx_word' id='word_1_767' title='bbox 1645 1606 1746 1640; x_wconf 81' lang='grc' dir='ltr'>Γέγονε</span> <span class='ocrx_word' id='word_1_768' title='bbox 1767 1607 1822 1642; x_wconf 78' lang='grc' dir='ltr'>γὰρ</span> 
     </span>
    </p>
   </div>
   <div class='ocr_carea' id='block_1_95' title="bbox 1029 1650 1822 1687">
    <p class='ocr_par' dir='ltr' id='par_1_95' title="bbox 1029 1650 1822 1687">
     <span class='ocr_line' id='line_1_95' title="bbox 1029 1650 1822 1687; baseline 0.003 -11"><span class='ocrx_word' id='word_1_769' title='bbox 1029 1650 1071 1684; x_wconf 77' lang='grc' dir='ltr'><strong>ἐφ’</strong></span> <span class='ocrx_word' id='word_1_770' title='bbox 1089 1651 1163 1685; x_wconf 80' lang='grc' dir='ltr'>ἡμᾶς</span> <span class='ocrx_word' id='word_1_771' title='bbox 1182 1650 1329 1686; x_wconf 78' lang='grc' dir='ltr'>νομοθέτης</span> <span class='ocrx_word' id='word_1_772' title='bbox 1353 1660 1383 1678; x_wconf 85' lang='grc' dir='ltr'><strong>τε</strong></span> <span class='ocrx_word' id='word_1_773' title='bbox 1400 1651 1474 1687; x_wconf 77' lang='grc' dir='ltr'>ἅμα,</span> <span class='ocrx_word' id='word_1_774' title='bbox 1498 1652 1545 1678; x_wconf 78' lang='grc' dir='ltr'><strong>καὶ</strong></span> <span class='ocrx_word' id='word_1_775' title='bbox 1560 1651 1633 1684; x_wconf 79' lang='grc' dir='ltr'>ὅσιος</span> <span class='ocrx_word' id='word_1_776' title='bbox 1648 1652 1696 1678; x_wconf 76' lang='grc' dir='ltr'>καὶ</span> <span class='ocrx_word' id='word_1_777' title='bbox 1718 1652 1822 1683; x_wconf 79' lang='grc' dir='ltr'>ἄκακος</span> 
     </span>
    </p>
   </div>
   <div class='ocr_carea' id='block_1_96' title="bbox 1028 1697 1822 1734">
    <p class='ocr_par' dir='ltr' id='par_1_96' title="bbox 1028 1697 1822 1734">
     <span class='ocr_line' id='line_1_96' title="bbox 1028 1697 1822 1734; baseline 0.004 -12"><span class='ocrx_word' id='word_1_778' title='bbox 1028 1697 1183 1732; x_wconf 79' lang='grc' dir='ltr'>ἀρχιερεὺς,</span> <span class='ocrx_word' id='word_1_779' title='bbox 1200 1697 1247 1723; x_wconf 71' lang='grc' dir='ltr'>καὶ</span> <span class='ocrx_word' id='word_1_780' title='bbox 1266 1697 1310 1724; x_wconf 80' lang='grc' dir='ltr'><strong>διὰ</strong></span> <span class='ocrx_word' id='word_1_781' title='bbox 1323 1697 1373 1732; x_wconf 82' lang='grc' dir='ltr'><strong>τῆς</strong></span> <span class='ocrx_word' id='word_1_782' title='bbox 1387 1697 1469 1724; x_wconf 73' lang='grc' dir='ltr'>αὑτοῦ</span> <span class='ocrx_word' id='word_1_783' title='bbox 1483 1697 1638 1733; x_wconf 81' lang='grc' dir='ltr'>μεσιτείας,</span> <span class='ocrx_word' id='word_1_784' title='bbox 1660 1698 1715 1725; x_wconf 83' lang='grc' dir='ltr'>τῶν</span> <span class='ocrx_word' id='word_1_785' title='bbox 1731 1699 1822 1734; x_wconf 86' lang='grc' dir='ltr'>ἀνδρι-</span> 
     </span>
    </p>
   </div>
   <div class='ocr_carea' id='block_1_97' title="bbox 1029 1742 1822 1779">
    <p class='ocr_par' dir='ltr' id='par_1_97' title="bbox 1029 1742 1822 1779">
     <span class='ocr_line' id='line_1_97' title="bbox 1029 1742 1822 1779; baseline 0.004 -11"><span class='ocrx_word' id='word_1_786' title='bbox 1029 1742 1150 1776; x_wconf 79' lang='grc' dir='ltr'>ζομένων</span> <span class='ocrx_word' id='word_1_787' title='bbox 1167 1742 1216 1769; x_wconf 79' lang='grc' dir='ltr'>καὶ</span> <span class='ocrx_word' id='word_1_788' title='bbox 1232 1743 1461 1778; x_wconf 81' lang='grc' dir='ltr'>ἐκπρεπεστέρων</span> <span class='ocrx_word' id='word_1_789' title='bbox 1490 1743 1530 1774; x_wconf 83' lang='grc' dir='ltr'><strong>εἰς</strong></span> <span class='ocrx_word' id='word_1_790' title='bbox 1549 1743 1666 1779; x_wconf 82' lang='grc' dir='ltr'>ἀρετὴν,</span> <span class='ocrx_word' id='word_1_791' title='bbox 1688 1744 1717 1770; x_wconf 81' lang='grc' dir='ltr'>ὲν</span> <span class='ocrx_word' id='word_1_792' title='bbox 1734 1744 1822 1776; x_wconf 73' lang='grc' dir='ltr'>θείαις</span> 
     </span>
    </p>
   </div>
   <div class='ocr_carea' id='block_1_98' title="bbox 1029 1787 1821 1825">
    <p class='ocr_par' dir='ltr' id='par_1_98' title="bbox 1029 1787 1821 1825">
     <span class='ocr_line' id='line_1_98' title="bbox 1029 1787 1821 1825; baseline 0.005 -11"><span class='ocrx_word' id='word_1_793' title='bbox 1029 1787 1131 1823; x_wconf 76' lang='grc' dir='ltr'>βίϐλοις</span> <span class='ocrx_word' id='word_1_794' title='bbox 1147 1789 1304 1824; x_wconf 86' lang='grc' dir='ltr'>ἀπογραφή.</span> <span class='ocrx_word' id='word_1_795' title='bbox 1321 1789 1495 1825; x_wconf 82' lang='grc' dir='ltr'>Προσεφὼνει</span> <span class='ocrx_word' id='word_1_796' title='bbox 1510 1790 1539 1816; x_wconf 79' lang='grc' dir='ltr'><strong>δὲ</strong></span> <span class='ocrx_word' id='word_1_797' title='bbox 1554 1790 1660 1823; x_wconf 80' lang='grc' dir='ltr'>τούτοις</span> <span class='ocrx_word' id='word_1_798' title='bbox 1674 1791 1720 1817; x_wconf 69' lang='grc' dir='ltr'>καὶ</span> <span class='ocrx_word' id='word_1_799' title='bbox 1739 1791 1821 1825; x_wconf 78' lang='grc' dir='ltr'>σοφὸς</span> 
     </span>
    </p>
   </div>
   <div class='ocr_carea' id='block_1_99' title="bbox 1035 1834 1820 1872">
    <p class='ocr_par' dir='ltr' id='par_1_99' title="bbox 1035 1834 1820 1872">
     <span class='ocr_line' id='line_1_99' title="bbox 1035 1834 1820 1872; baseline 0.003 -11"><span class='ocrx_word' id='word_1_800' title='bbox 1035 1834 1161 1870; x_wconf 81' lang='grc' dir='ltr'>Ἰωάννης</span> <span class='ocrx_word' id='word_1_801' title='bbox 1175 1835 1269 1869; x_wconf 73' lang='grc' dir='ltr'>λέγων’</span> <span class='ocrx_word' id='word_1_802' title='bbox 1287 1845 1296 1861; x_wconf 86' lang='grc'><strong><em>‹</em></strong></span> <span class='ocrx_word' id='word_1_803' title='bbox 1314 1836 1415 1871; x_wconf 80' lang='grc' dir='ltr'>Γράφω</span> <span class='ocrx_word' id='word_1_804' title='bbox 1430 1836 1506 1871; x_wconf 87' lang='grc' dir='ltr'>ὑμῖν,</span> <span class='ocrx_word' id='word_1_805' title='bbox 1523 1836 1673 1869; x_wconf 86' lang='grc' dir='ltr'>νεανίσκοι,</span> <span class='ocrx_word' id='word_1_806' title='bbox 1686 1836 1727 1864; x_wconf 83' lang='grc' dir='ltr'><strong>ὅτι</strong></span> <span class='ocrx_word' id='word_1_807' title='bbox 1749 1839 1820 1872; x_wconf 83' lang='grc' dir='ltr'>ἰσχυ-</span> 
     </span>
    </p>
   </div>
   <div class='ocr_carea' id='block_1_100' title="bbox 1029 1881 1818 1917">
    <p class='ocr_par' dir='ltr' id='par_1_100' title="bbox 1029 1881 1818 1917">
     <span class='ocr_line' id='line_1_100' title="bbox 1029 1881 1818 1917; baseline 0.004 -11"><span class='ocrx_word' id='word_1_808' title='bbox 1029 1881 1070 1916; x_wconf 90' lang='grc' dir='ltr'><strong>ροί</strong></span> <span class='ocrx_word' id='word_1_809' title='bbox 1097 1881 1173 1913; x_wconf 77' lang='grc' dir='ltr'>ἔστε,</span> <span class='ocrx_word' id='word_1_810' title='bbox 1191 1882 1237 1907; x_wconf 78' lang='grc' dir='ltr'>καὶ</span> <span class='ocrx_word' id='word_1_811' title='bbox 1261 1881 1423 1916; x_wconf 82' lang='grc' dir='ltr'>νενικήκατε</span> <span class='ocrx_word' id='word_1_812' title='bbox 1445 1881 1491 1908; x_wconf 78' lang='grc' dir='ltr'>τὸν</span> <span class='ocrx_word' id='word_1_813' title='bbox 1515 1882 1643 1917; x_wconf 74' lang='grc' dir='ltr'>πονηρόν.</span> <span class='ocrx_word' id='word_1_814' title='bbox 1675 1891 1685 1907; x_wconf 75' lang='grc' dir='ltr'><strong>ι</strong></span> <span class='ocrx_word' id='word_1_815' title='bbox 1711 1883 1818 1909; x_wconf 75' lang='grc' dir='ltr'>Οὐκοῦν</span> 
     </span>
    </p>
   </div>
   <div class='ocr_carea' id='block_1_101' title="bbox 1028 1923 1818 1962">
    <p class='ocr_par' dir='ltr' id='par_1_101' title="bbox 1028 1923 1818 1962">
     <span class='ocr_line' id='line_1_101' title="bbox 1028 1923 1818 1962; baseline 0.004 -10"><span class='ocrx_word' id='word_1_816' title='bbox 1028 1925 1082 1954; x_wconf 78' lang='grc' dir='ltr'>εἷεν</span> <span class='ocrx_word' id='word_1_817' title='bbox 1102 1926 1134 1954; x_wconf 81' lang='grc' dir='ltr'><strong>ἂν</strong></span> <span class='ocrx_word' id='word_1_818' title='bbox 1148 1923 1239 1958; x_wconf 74' lang='grc' dir='ltr'>οὗτοι,</span> <span class='ocrx_word' id='word_1_819' title='bbox 1261 1927 1323 1962; x_wconf 75' lang='grc' dir='ltr'>περὶ</span> <span class='ocrx_word' id='word_1_820' title='bbox 1347 1923 1385 1954; x_wconf 82' lang='grc' dir='ltr'>ὧν</span> <span class='ocrx_word' id='word_1_821' title='bbox 1408 1927 1512 1962; x_wconf 65' lang='grc' dir='ltr'>ἔφαμεν</span> <span class='ocrx_word' id='word_1_822' title='bbox 1533 1928 1651 1962; x_wconf 49' lang='grc' dir='ltr'>ἀρτίως</span> <span class='ocrx_word' id='word_1_823' title='bbox 1668 1928 1710 1954; x_wconf 84' lang='grc' dir='ltr'><strong>ὅτι</strong></span> <span class='ocrx_word' id='word_1_824' title='bbox 1729 1937 1737 1954; x_wconf 86' lang='grc' dir='ltr'><strong>ι</strong></span> <span class='ocrx_word' id='word_1_825' title='bbox 1761 1929 1818 1955; x_wconf 76' lang='grc' dir='ltr'><strong>Πᾶν</strong></span> 
     </span>
    </p>
   </div>
   <div class='ocr_carea' id='block_1_102' title="bbox 1027 1972 1817 2009">
    <p class='ocr_par' dir='ltr' id='par_1_102' title="bbox 1027 1972 1817 2009">
     <span class='ocr_line' id='line_1_102' title="bbox 1027 1972 1817 2009; baseline 0.003 -11"><span class='ocrx_word' id='word_1_826' title='bbox 1027 1972 1109 2008; x_wconf 80' lang='grc' dir='ltr'>ἄρσεν</span> <span class='ocrx_word' id='word_1_827' title='bbox 1123 1973 1177 2000; x_wconf 81' lang='grc' dir='ltr'>ἀπὸ</span> <span class='ocrx_word' id='word_1_828' title='bbox 1191 1972 1363 2004; x_wconf 81' lang='grc' dir='ltr'>είκοσαετοῦς</span> <span class='ocrx_word' id='word_1_829' title='bbox 1392 1973 1438 1999; x_wconf 79' lang='grc' dir='ltr'><strong>καὶ</strong></span> <span class='ocrx_word' id='word_1_830' title='bbox 1453 1973 1556 2006; x_wconf 79' lang='grc' dir='ltr'>ὲπάνω,</span> <span class='ocrx_word' id='word_1_831' title='bbox 1571 1974 1626 2005; x_wconf 83' lang='grc' dir='ltr'>πᾶς</span> <span class='ocrx_word' id='word_1_832' title='bbox 1637 1973 1651 1999; x_wconf 83' lang='grc' dir='ltr'><strong>ό</strong></span> <span class='ocrx_word' id='word_1_833' title='bbox 1668 1974 1817 2009; x_wconf 82' lang='grc' dir='ltr'>ἐκπορευό-</span> 
     </span>
    </p>
   </div>
   <div class='ocr_carea' id='block_1_103' title="bbox 1027 2018 1817 2055">
    <p class='ocr_par' dir='ltr' id='par_1_103' title="bbox 1027 2018 1817 2055">
     <span class='ocr_line' id='line_1_103' title="bbox 1027 2018 1817 2055; baseline 0.003 -10"><span class='ocrx_word' id='word_1_834' title='bbox 1027 2027 1106 2054; x_wconf 84' lang='grc' dir='ltr'>μενος</span> <span class='ocrx_word' id='word_1_835' title='bbox 1129 2019 1158 2046; x_wconf 81' lang='grc' dir='ltr'>ὲν</span> <span class='ocrx_word' id='word_1_836' title='bbox 1178 2019 1292 2054; x_wconf 82' lang='grc' dir='ltr'>δυνάμει</span> <span class='ocrx_word' id='word_1_837' title='bbox 1322 2018 1446 2055; x_wconf 84' lang='grc' dir='ltr'>Ἰσραήλ·</span> <span class='ocrx_word' id='word_1_838' title='bbox 1468 2028 1477 2046; x_wconf 70' lang='grc' dir='ltr'><strong>ι</strong></span> <span class='ocrx_word' id='word_1_839' title='bbox 1500 2019 1546 2051; x_wconf 81' lang='grc' dir='ltr'><strong>οὓς</strong></span> <span class='ocrx_word' id='word_1_840' title='bbox 1566 2020 1607 2046; x_wconf 82' lang='grc' dir='ltr'><strong>ὅτι</strong></span> <span class='ocrx_word' id='word_1_841' title='bbox 1630 2022 1750 2046; x_wconf 87' lang='grc' dir='ltr'>ποιεῖται</span> <span class='ocrx_word' id='word_1_842' title='bbox 1773 2020 1817 2047; x_wconf 78' lang='grc' dir='ltr'><strong>διὰ</strong></span> 
     </span>
    </p>
   </div>
   <div class='ocr_carea' id='block_1_104' title="bbox 1026 2063 1818 2101">
    <p class='ocr_par' dir='ltr' id='par_1_104' title="bbox 1026 2063 1818 2101">
     <span class='ocr_line' id='line_1_104' title="bbox 1026 2063 1818 2101; baseline 0.001 -11"><span class='ocrx_word' id='word_1_843' title='bbox 1026 2063 1144 2098; x_wconf 82' lang='grc' dir='ltr'><strong>φειδοῦς,</strong></span> <span class='ocrx_word' id='word_1_844' title='bbox 1157 2064 1204 2091; x_wconf 68' lang='grc' dir='ltr'>καὶ</span> <span class='ocrx_word' id='word_1_845' title='bbox 1217 2063 1356 2100; x_wconf 74' lang='grc' dir='ltr'>φροντίδος</span> <span class='ocrx_word' id='word_1_846' title='bbox 1368 2063 1447 2096; x_wconf 79' lang='grc' dir='ltr'>ἀξιοῖ,</span> <span class='ocrx_word' id='word_1_847' title='bbox 1460 2063 1604 2099; x_wconf 73' lang='grc' dir='ltr'>φιλάρετος</span> <span class='ocrx_word' id='word_1_848' title='bbox 1615 2064 1652 2091; x_wconf 81' lang='grc' dir='ltr'>ὢν</span> <span class='ocrx_word' id='word_1_849' title='bbox 1664 2065 1678 2091; x_wconf 87' lang='grc' dir='ltr'>ὁ</span> <span class='ocrx_word' id='word_1_850' title='bbox 1689 2065 1818 2101; x_wconf 83' lang='grc' dir='ltr'>δημιουρ-</span> 
     </span>
    </p>
   </div>
   <div class='ocr_carea' id='block_1_105' title="bbox 1025 2107 1816 2146">
    <p class='ocr_par' dir='ltr' id='par_1_105' title="bbox 1025 2107 1816 2146">
     <span class='ocr_line' id='line_1_105' title="bbox 1025 2107 1816 2146; baseline 0.001 -10"><span class='ocrx_word' id='word_1_851' title='bbox 1025 2110 1072 2145; x_wconf 75' lang='grc' dir='ltr'><strong>γὸς</strong></span> <span class='ocrx_word' id='word_1_852' title='bbox 1083 2131 1090 2143; x_wconf 89' lang='lat'><strong>,</strong></span> <span class='ocrx_word' id='word_1_853' title='bbox 1105 2110 1225 2142; x_wconf 74' lang='grc' dir='ltr'>κατίδοις</span> <span class='ocrx_word' id='word_1_854' title='bbox 1235 2131 1242 2142; x_wconf 90' lang='grc'><strong>,</strong></span> <span class='ocrx_word' id='word_1_855' title='bbox 1259 2107 1282 2137; x_wconf 77' lang='grc' dir='ltr'>ὦ</span> <span class='ocrx_word' id='word_1_856' title='bbox 1299 2110 1431 2137; x_wconf 83' lang='grc' dir='ltr'>Παλλάδιε</span> <span class='ocrx_word' id='word_1_857' title='bbox 1441 2131 1447 2143; x_wconf 88' lang='grc'><strong>,</strong></span> <span class='ocrx_word' id='word_1_858' title='bbox 1462 2111 1509 2137; x_wconf 83' lang='grc' dir='ltr'><strong>καὶ</strong></span> <span class='ocrx_word' id='word_1_859' title='bbox 1521 2110 1564 2138; x_wconf 83' lang='grc' dir='ltr'><strong>διὰ</strong></span> <span class='ocrx_word' id='word_1_860' title='bbox 1577 2110 1631 2137; x_wconf 85' lang='grc' dir='ltr'>τῶν</span> <span class='ocrx_word' id='word_1_861' title='bbox 1651 2109 1754 2146; x_wconf 69' lang='grc' dir='ltr'>ἑφεξῆς</span> <span class='ocrx_word' id='word_1_862' title='bbox 1768 2119 1816 2145; x_wconf 67' lang='grc' dir='ltr'><strong>γει</strong></span> 
     </span>
    </p>
   </div>
   <div class='ocr_carea' id='block_1_106' title="bbox 1025 2155 1816 2191">
    <p class='ocr_par' dir='ltr' id='par_1_106' title="bbox 1025 2155 1816 2191">
     <span class='ocr_line' id='line_1_106' title="bbox 1025 2155 1816 2191; baseline 0 -9"><span class='ocrx_word' id='word_1_863' title='bbox 1025 2156 1202 2191; x_wconf 82' lang='grc' dir='ltr'>γραμμένων.</span> <span class='ocrx_word' id='word_1_864' title='bbox 1221 2156 1296 2191; x_wconf 84' lang='grc' dir='ltr'>Ἔφη</span> <span class='ocrx_word' id='word_1_865' title='bbox 1314 2156 1369 2191; x_wconf 80' lang='grc' dir='ltr'><strong>γὰρ</strong></span> <span class='ocrx_word' id='word_1_866' title='bbox 1390 2155 1471 2183; x_wconf 81' lang='grc' dir='ltr'>πάλιν</span> <span class='ocrx_word' id='word_1_867' title='bbox 1485 2157 1541 2187; x_wconf 81' lang='grc' dir='ltr'>τοῖς</span> <span class='ocrx_word' id='word_1_868' title='bbox 1562 2156 1633 2190; x_wconf 69' lang='grc' dir='ltr'>ἀμφὶ</span> <span class='ocrx_word' id='word_1_869' title='bbox 1649 2156 1753 2182; x_wconf 81' lang='grc' dir='ltr'><strong>Μωσέα</strong></span> <span class='ocrx_word' id='word_1_870' title='bbox 1770 2157 1816 2182; x_wconf 83' lang='grc' dir='ltr'><strong>καὶ</strong></span> 
     </span>
    </p>
   </div>
   <div class='ocr_carea' id='block_1_107' title="bbox 1031 2201 1816 2238">
    <p class='ocr_par' dir='ltr' id='par_1_107' title="bbox 1031 2201 1816 2238">
     <span class='ocr_line' id='line_1_107' title="bbox 1031 2201 1816 2238; baseline 0 -9"><span class='ocrx_word' id='word_1_871' title='bbox 1031 2201 1145 2237; x_wconf 79' lang='grc' dir='ltr'>Ἀαρὼν,</span> <span class='ocrx_word' id='word_1_872' title='bbox 1159 2202 1236 2237; x_wconf 69' lang='grc' dir='ltr'>δῆλον</span> <span class='ocrx_word' id='word_1_873' title='bbox 1249 2202 1276 2228; x_wconf 74' lang='grc' dir='ltr'><strong>δὲ</strong></span> <span class='ocrx_word' id='word_1_874' title='bbox 1291 2203 1332 2228; x_wconf 81' lang='grc' dir='ltr'>ὅτι</span> <span class='ocrx_word' id='word_1_875' title='bbox 1347 2202 1423 2234; x_wconf 79' lang='grc' dir='ltr'>Θεὸς,</span> <span class='ocrx_word' id='word_1_876' title='bbox 1444 2212 1452 2228; x_wconf 82' lang='grc' dir='ltr'>ι</span> <span class='ocrx_word' id='word_1_877' title='bbox 1472 2202 1527 2229; x_wconf 71' lang='grc' dir='ltr'><strong>Καὶ</strong></span> <span class='ocrx_word' id='word_1_878' title='bbox 1545 2201 1603 2238; x_wconf 78' lang='grc' dir='ltr'>μεθ’</span> <span class='ocrx_word' id='word_1_879' title='bbox 1615 2201 1692 2236; x_wconf 84' lang='grc' dir='ltr'>ὑμῶν</span> <span class='ocrx_word' id='word_1_880' title='bbox 1706 2202 1816 2229; x_wconf 75' lang='grc' dir='ltr'>ἔσονται</span> 
     </span>
    </p>
   </div>
   <div class='ocr_carea' id='block_1_108' title="bbox 1024 2247 1815 2283">
    <p class='ocr_par' dir='ltr' id='par_1_108' title="bbox 1024 2247 1815 2283">
     <span class='ocr_line' id='line_1_108' title="bbox 1024 2247 1815 2283; baseline 0.003 -10"><span class='ocrx_word' id='word_1_881' title='bbox 1024 2247 1138 2278; x_wconf 70' lang='grc' dir='ltr'>ἕκαστος</span> <span class='ocrx_word' id='word_1_882' title='bbox 1153 2247 1223 2274; x_wconf 77' lang='grc' dir='ltr'>κατὰ</span> <span class='ocrx_word' id='word_1_883' title='bbox 1241 2247 1327 2282; x_wconf 88' lang='grc' dir='ltr'>φυλὴν</span> <span class='ocrx_word' id='word_1_884' title='bbox 1345 2247 1462 2273; x_wconf 75' lang='grc' dir='ltr'>ἑκάστου</span> <span class='ocrx_word' id='word_1_885' title='bbox 1477 2247 1624 2283; x_wconf 81' lang='grc' dir='ltr'>ἄρχοντος.</span> <span class='ocrx_word' id='word_1_886' title='bbox 1646 2249 1706 2274; x_wconf 90' lang='grc' dir='ltr'>κατ’</span> <span class='ocrx_word' id='word_1_887' title='bbox 1723 2249 1815 2281; x_wconf 81' lang='grc' dir='ltr'>οἴκους</span> 
     </span>
    </p>
   </div>
   <div class='ocr_carea' id='block_1_109' title="bbox 1026 2292 1814 2330">
    <p class='ocr_par' dir='ltr' id='par_1_109' title="bbox 1026 2292 1814 2330">
     <span class='ocr_line' id='line_1_109' title="bbox 1026 2292 1814 2330; baseline -0.001 -10"><span class='ocrx_word' id='word_1_888' title='bbox 1026 2293 1147 2329; x_wconf 79' lang='grc' dir='ltr'>πατριῶν</span> <span class='ocrx_word' id='word_1_889' title='bbox 1157 2293 1275 2325; x_wconf 77' lang='grc' dir='ltr'>ἔσονται,</span> <span class='ocrx_word' id='word_1_890' title='bbox 1288 2293 1335 2320; x_wconf 75' lang='grc' dir='ltr'>καὶ</span> <span class='ocrx_word' id='word_1_891' title='bbox 1348 2293 1434 2320; x_wconf 77' lang='grc' dir='ltr'>ταῦτα</span> <span class='ocrx_word' id='word_1_892' title='bbox 1450 2292 1485 2319; x_wconf 77' lang='grc' dir='ltr'>τὰ</span> <span class='ocrx_word' id='word_1_893' title='bbox 1497 2293 1618 2328; x_wconf 82' lang='grc' dir='ltr'>ὀνόματα</span> <span class='ocrx_word' id='word_1_894' title='bbox 1631 2293 1686 2319; x_wconf 85' lang='grc' dir='ltr'><strong>τῶν</strong></span> <span class='ocrx_word' id='word_1_895' title='bbox 1697 2294 1814 2330; x_wconf 82' lang='grc' dir='ltr'>ἀνδρῶν,</span> 
     </span>
    </p>
   </div>
   <div class='ocr_carea' id='block_1_110' title="bbox 1024 2338 1815 2376">
    <p class='ocr_par' dir='ltr' id='par_1_110' title="bbox 1024 2338 1815 2376">
     <span class='ocr_line' id='line_1_110' title="bbox 1024 2338 1815 2376; baseline 0.001 -10"><span class='ocrx_word' id='word_1_896' title='bbox 1024 2340 1121 2371; x_wconf 77' lang='grc' dir='ltr'>οἵτινες</span> <span class='ocrx_word' id='word_1_897' title='bbox 1159 2339 1379 2374; x_wconf 81' lang='grc' dir='ltr'>παραστήσονται</span> <span class='ocrx_word' id='word_1_898' title='bbox 1407 2338 1467 2374; x_wconf 82' lang='grc' dir='ltr'>μεθ’</span> <span class='ocrx_word' id='word_1_899' title='bbox 1493 2339 1582 2374; x_wconf 82' lang='grc' dir='ltr'>ὑμῶν.</span> <span class='ocrx_word' id='word_1_900' title='bbox 1611 2349 1621 2365; x_wconf 76' lang='grc' dir='ltr'><strong>ι</strong></span> <span class='ocrx_word' id='word_1_901' title='bbox 1647 2339 1721 2374; x_wconf 82' lang='grc' dir='ltr'>Φυλὴ</span> <span class='ocrx_word' id='word_1_902' title='bbox 1760 2340 1815 2376; x_wconf 75' lang='grc' dir='ltr'><strong>γὰρ</strong></span> 
     </span>
    </p>
   </div>
   <div class='ocr_carea' id='block_1_111' title="bbox 1025 2385 1812 2421">
    <p class='ocr_par' dir='ltr' id='par_1_111' title="bbox 1025 2385 1812 2421">
     <span class='ocr_line' id='line_1_111' title="bbox 1025 2385 1812 2421; baseline 0 -9"><span class='ocrx_word' id='word_1_903' title='bbox 1025 2386 1126 2421; x_wconf 73' lang='grc' dir='ltr'>ἑκάστη</span> <span class='ocrx_word' id='word_1_904' title='bbox 1143 2385 1190 2412; x_wconf 80' lang='grc' dir='ltr'>τὸν</span> <span class='ocrx_word' id='word_1_905' title='bbox 1207 2385 1398 2419; x_wconf 79' lang='grc' dir='ltr'>εὐκλεέστερον</span> <span class='ocrx_word' id='word_1_906' title='bbox 1419 2386 1466 2411; x_wconf 76' lang='grc' dir='ltr'>καὶ</span> <span class='ocrx_word' id='word_1_907' title='bbox 1487 2385 1681 2420; x_wconf 82' lang='grc' dir='ltr'>μαχιμώτατον</span> <span class='ocrx_word' id='word_1_908' title='bbox 1699 2386 1812 2420; x_wconf 76' lang='grc' dir='ltr'>ἐφίστη-</span> 
     </span>
    </p>
   </div>
   <div class='ocr_carea' id='block_1_112' title="bbox 1026 2430 1814 2467">
    <p class='ocr_par' dir='ltr' id='par_1_112' title="bbox 1026 2430 1814 2467">
     <span class='ocr_line' id='line_1_112' title="bbox 1026 2430 1814 2467; baseline -0.004 -8"><span class='ocrx_word' id='word_1_909' title='bbox 1026 2441 1069 2459; x_wconf 84' lang='grc' dir='ltr'><strong>σιν</strong></span> <span class='ocrx_word' id='word_1_910' title='bbox 1089 2432 1226 2467; x_wconf 84' lang='grc' dir='ltr'>ἡγεμόνα,</span> <span class='ocrx_word' id='word_1_911' title='bbox 1249 2431 1296 2458; x_wconf 77' lang='grc' dir='ltr'>καὶ</span> <span class='ocrx_word' id='word_1_912' title='bbox 1317 2431 1522 2466; x_wconf 82' lang='grc' dir='ltr'>προασπιστὴν,</span> <span class='ocrx_word' id='word_1_913' title='bbox 1539 2431 1586 2457; x_wconf 69' lang='grc' dir='ltr'><strong>καὶ</strong></span> <span class='ocrx_word' id='word_1_914' title='bbox 1612 2430 1711 2466; x_wconf 82' lang='grc' dir='ltr'>βουλῆς</span> <span class='ocrx_word' id='word_1_915' title='bbox 1733 2431 1814 2467; x_wconf 75' lang='grc' dir='ltr'>ἑξάρ-</span> 
     </span>
    </p>
   </div>
   <div class='ocr_carea' id='block_1_113' title="bbox 1022 2474 1812 2513">
    <p class='ocr_par' dir='ltr' id='par_1_113' title="bbox 1022 2474 1812 2513">
     <span class='ocr_line' id='line_1_113' title="bbox 1022 2474 1812 2513; baseline 0 -9"><span class='ocrx_word' id='word_1_916' title='bbox 1022 2487 1112 2513; x_wconf 84' lang='grc' dir='ltr'>χοντα,</span> <span class='ocrx_word' id='word_1_917' title='bbox 1130 2478 1178 2505; x_wconf 80' lang='grc' dir='ltr'>καὶ</span> <span class='ocrx_word' id='word_1_918' title='bbox 1191 2477 1244 2504; x_wconf 84' lang='grc' dir='ltr'>τῶν</span> <span class='ocrx_word' id='word_1_919' title='bbox 1257 2477 1402 2513; x_wconf 75' lang='grc' dir='ltr'>πρακτέων</span> <span class='ocrx_word' id='word_1_920' title='bbox 1416 2478 1577 2512; x_wconf 81' lang='grc' dir='ltr'>είσηγητὴν,</span> <span class='ocrx_word' id='word_1_921' title='bbox 1595 2474 1632 2504; x_wconf 85' lang='grc' dir='ltr'>ὧν</span> <span class='ocrx_word' id='word_1_922' title='bbox 1649 2477 1682 2504; x_wconf 85' lang='grc' dir='ltr'><strong>ἂν</strong></span> <span class='ocrx_word' id='word_1_923' title='bbox 1702 2476 1758 2504; x_wconf 81' lang='grc' dir='ltr'>εἶεν</span> <span class='ocrx_word' id='word_1_924' title='bbox 1774 2479 1812 2510; x_wconf 79' lang='grc' dir='ltr'>εις</span> 
     </span>
    </p>
   </div>
   <div class='ocr_carea' id='block_1_114' title="bbox 1022 2522 1812 2558">
    <p class='ocr_par' dir='ltr' id='par_1_114' title="bbox 1022 2522 1812 2558">
     <span class='ocr_line' id='line_1_114' title="bbox 1022 2522 1812 2558; baseline 0 -8"><span class='ocrx_word' id='word_1_925' title='bbox 1022 2524 1116 2556; x_wconf 79' lang='grc' dir='ltr'>τύπον,</span> <span class='ocrx_word' id='word_1_926' title='bbox 1129 2524 1153 2550; x_wconf 76' lang='grc' dir='ltr'>οἱ</span> <span class='ocrx_word' id='word_1_927' title='bbox 1164 2525 1219 2555; x_wconf 84' lang='grc' dir='ltr'>τοῖς</span> <span class='ocrx_word' id='word_1_928' title='bbox 1234 2523 1396 2554; x_wconf 83' lang='grc' dir='ltr'>ἀπολέκτοις</span> <span class='ocrx_word' id='word_1_929' title='bbox 1416 2523 1464 2550; x_wconf 82' lang='grc' dir='ltr'><strong>καὶ</strong></span> <span class='ocrx_word' id='word_1_930' title='bbox 1481 2524 1510 2549; x_wconf 81' lang='grc' dir='ltr'>ὲν</span> <span class='ocrx_word' id='word_1_931' title='bbox 1524 2522 1608 2557; x_wconf 73' lang='grc' dir='ltr'><strong>βίὂλῳ</strong></span> <span class='ocrx_word' id='word_1_932' title='bbox 1629 2522 1702 2558; x_wconf 74' lang='grc' dir='ltr'><strong>ζωῆς</strong></span> <span class='ocrx_word' id='word_1_933' title='bbox 1715 2524 1812 2558; x_wconf 81' lang='grc' dir='ltr'>κειμέ-</span> 
     </span>
    </p>
   </div>
   <div class='ocr_carea' id='block_1_115' title="bbox 1023 2568 1812 2604">
    <p class='ocr_par' dir='ltr' id='par_1_115' title="bbox 1023 2568 1812 2604">
     <span class='ocr_line' id='line_1_115' title="bbox 1023 2568 1812 2604; baseline -0.003 -8"><span class='ocrx_word' id='word_1_934' title='bbox 1023 2578 1094 2602; x_wconf 85' lang='grc' dir='ltr'>νοις,</span> <span class='ocrx_word' id='word_1_935' title='bbox 1123 2569 1302 2604; x_wconf 72' lang='grc' dir='ltr'>ἐφεστηκότες</span> <span class='ocrx_word' id='word_1_936' title='bbox 1329 2568 1450 2603; x_wconf 75' lang='grc' dir='ltr'>ἀγγελοι.</span> <span class='ocrx_word' id='word_1_937' title='bbox 1481 2568 1640 2604; x_wconf 82' lang='grc' dir='ltr'>Γέγραπται</span> <span class='ocrx_word' id='word_1_938' title='bbox 1663 2569 1719 2603; x_wconf 80' lang='grc' dir='ltr'><strong>γὰρ</strong></span> <span class='ocrx_word' id='word_1_939' title='bbox 1748 2569 1812 2604; x_wconf 84' lang='grc' dir='ltr'>περὶ</span> 
     </span>
    </p>
   </div>
   <div class='ocr_carea' id='block_1_116' title="bbox 1022 2613 1809 2650">
    <p class='ocr_par' dir='ltr' id='par_1_116' title="bbox 1022 2613 1809 2650">
     <span class='ocr_line' id='line_1_116' title="bbox 1022 2613 1809 2650; baseline -0.001 -8"><span class='ocrx_word' id='word_1_940' title='bbox 1022 2615 1121 2647; x_wconf 80' lang='grc' dir='ltr'>παντὸς</span> <span class='ocrx_word' id='word_1_941' title='bbox 1136 2615 1249 2642; x_wconf 82' lang='grc' dir='ltr'>δικαίου·</span> <span class='ocrx_word' id='word_1_942' title='bbox 1275 2624 1284 2639; x_wconf 79' lang='grc' dir='ltr'><strong>ο</strong></span> <span class='ocrx_word' id='word_1_943' title='bbox 1307 2615 1482 2650; x_wconf 76' lang='grc' dir='ltr'>Παρεμϐαλεῖ</span> <span class='ocrx_word' id='word_1_944' title='bbox 1499 2614 1615 2648; x_wconf 81' lang='grc' dir='ltr'>ἄγγελος</span> <span class='ocrx_word' id='word_1_945' title='bbox 1639 2613 1744 2650; x_wconf 82' lang='grc' dir='ltr'>Κυρίου</span> <span class='ocrx_word' id='word_1_946' title='bbox 1761 2615 1809 2641; x_wconf 84' lang='grc' dir='ltr'><strong>κὺ-</strong></span> 
     </span>
    </p>
   </div>
   <div class='ocr_carea' id='block_1_117' title="bbox 1023 2658 1807 2696">
    <p class='ocr_par' dir='ltr' id='par_1_117' title="bbox 1023 2658 1807 2696">
     <span class='ocr_line' id='line_1_117' title="bbox 1023 2658 1807 2696; baseline -0.004 -8"><span class='ocrx_word' id='word_1_947' title='bbox 1023 2661 1077 2696; x_wconf 81' lang='grc' dir='ltr'>κλῳ</span> <span class='ocrx_word' id='word_1_948' title='bbox 1092 2661 1146 2688; x_wconf 83' lang='grc' dir='ltr'><strong>τῶν</strong></span> <span class='ocrx_word' id='word_1_949' title='bbox 1167 2661 1343 2696; x_wconf 73' lang='grc' dir='ltr'>φοϐουμένων</span> <span class='ocrx_word' id='word_1_950' title='bbox 1357 2660 1453 2692; x_wconf 73' lang='grc' dir='ltr'>αὑτὸν,</span> <span class='ocrx_word' id='word_1_951' title='bbox 1469 2659 1516 2686; x_wconf 73' lang='grc' dir='ltr'><strong>καὶ</strong></span> <span class='ocrx_word' id='word_1_952' title='bbox 1536 2658 1647 2695; x_wconf 77' lang='grc' dir='ltr'>ῥύσεται</span> <span class='ocrx_word' id='word_1_953' title='bbox 1669 2659 1781 2691; x_wconf 83' lang='grc' dir='ltr'>αὐτούς.</span> <span class='ocrx_word' id='word_1_954' title='bbox 1798 2669 1807 2685; x_wconf 74' lang='grc' dir='ltr'><strong>ι</strong></span> 
     </span>
    </p>
   </div>
   <div class='ocr_carea' id='block_1_118' title="bbox 1022 2704 1809 2740">
    <p class='ocr_par' dir='ltr' id='par_1_118' title="bbox 1022 2704 1809 2740">
     <span class='ocr_line' id='line_1_118' title="bbox 1022 2704 1809 2740; baseline -0.003 -6"><span class='ocrx_word' id='word_1_955' title='bbox 1022 2708 1081 2734; x_wconf 88' lang='grc' dir='ltr'>’Ὀτι</span> <span class='ocrx_word' id='word_1_956' title='bbox 1098 2707 1126 2733; x_wconf 85' lang='grc' dir='ltr'><strong>δὲ</strong></span> <span class='ocrx_word' id='word_1_957' title='bbox 1148 2706 1306 2740; x_wconf 78' lang='grc' dir='ltr'>ἀγγελικαῖς</span> <span class='ocrx_word' id='word_1_958' title='bbox 1329 2705 1499 2740; x_wconf 75' lang='grc' dir='ltr'>ἐπικουρίαις</span> <span class='ocrx_word' id='word_1_959' title='bbox 1513 2704 1722 2740; x_wconf 79' lang='grc' dir='ltr'>διασεσώσμεθα</span> <span class='ocrx_word' id='word_1_960' title='bbox 1739 2706 1809 2732; x_wconf 80' lang='grc' dir='ltr'><strong>κατὰ</strong></span> 
     </span>
    </p>
   </div>
   <div class='ocr_carea' id='block_1_119' title="bbox 1021 2751 1808 2788">
    <p class='ocr_par' dir='ltr' id='par_1_119' title="bbox 1021 2751 1808 2788">
     <span class='ocr_line' id='line_1_119' title="bbox 1021 2751 1808 2788; baseline -0.001 -8"><span class='ocrx_word' id='word_1_961' title='bbox 1021 2753 1144 2788; x_wconf 79' lang='grc' dir='ltr'>βούλησιν</span> <span class='ocrx_word' id='word_1_962' title='bbox 1166 2751 1249 2784; x_wconf 75' lang='grc' dir='ltr'>Θεοῦ,</span> <span class='ocrx_word' id='word_1_963' title='bbox 1273 2751 1441 2787; x_wconf 78' lang='grc' dir='ltr'>πανταχόθεν</span> <span class='ocrx_word' id='word_1_964' title='bbox 1459 2751 1491 2777; x_wconf 77' lang='grc' dir='ltr'><strong>ἂν</strong></span> <span class='ocrx_word' id='word_1_965' title='bbox 1508 2751 1611 2785; x_wconf 79' lang='grc' dir='ltr'>γένοιτο</span> <span class='ocrx_word' id='word_1_966' title='bbox 1636 2751 1738 2785; x_wconf 77' lang='grc' dir='ltr'>σαφὲς,</span> <span class='ocrx_word' id='word_1_967' title='bbox 1762 2751 1808 2779; x_wconf 75' lang='grc' dir='ltr'>καὶ</span> 
     </span>
    </p>
   </div>
   <div class='ocr_carea' id='block_1_120' title="bbox 1281 2841 1804 2875">
    <p class='ocr_par' dir='ltr' id='par_1_120' title="bbox 1281 2841 1804 2875">
     <span class='ocr_line' id='line_1_120' title="bbox 1281 2841 1804 2875; baseline 0 -5"><span class='ocrx_word' id='word_1_968' title='bbox 1281 2843 1301 2859; x_wconf 63' lang='grc'><strong>⁸³</strong></span> <span class='ocrx_word' id='word_1_969' title='bbox 1320 2843 1489 2875; x_wconf 65' lang='lat' dir='ltr'><strong>Exodxxx,</strong></span> <span class='ocrx_word' id='word_1_970' title='bbox 1512 2842 1553 2870; x_wconf 68' lang='lat' dir='ltr'><strong>li.</strong></span> <span class='ocrx_word' id='word_1_971' title='bbox 1593 2842 1739 2872; x_wconf 68' lang='lat' dir='ltr'><strong>“Suum.</strong></span> <span class='ocrx_word' id='word_1_972' title='bbox 1760 2841 1804 2870; x_wconf 78' lang='grc'><strong>18.</strong></span> 
     </span>
    </p>
   </div>
  </div>
