1924 3043
78 135 136 172 ’3ίῦ

455 141 500 170 DE
519 141 738 170 ADORATIONE
757 142 791 170 IN
810 141 945 171 SPIRITU
966 143 1009 171 ET
1030 145 1214 175 VElllTATE.
1242 147 1307 174 LIB.
1329 147 1372 175 IV.

1656 150 1709 179 5H

85 198 208 234 περιττὸν
228 196 306 236 οῒμαι
325 200 461 235 συλλέγειν
475 201 514 232 et;
529 202 559 227 τδ
577 200 673 236 παρὸν,
692 200 741 232 τὰς
756 200 862 233 δείξεις·

932 209 969 236 _ue
978 201 1012 230 de
1017 210 1183 238 unoquoque
1189 204 1262 239 justo
1278 205 1418 239 proboque
1426 203 1484 232 viro
1494 213 1500 232 '.
1512 215 1521 231 ι
1532 205 1711 234 Castrameta-

85 245 173 271 καίτοι
184 245 241 275 τοῖς
258 244 382 272 ἐθέλουσι
405 245 483 281 μετδν
507 245 554 272 καὶ
575 244 634 272 λίαν
650 246 768 278 εὐκόλως
789 246 868 282 εἴπερ

84 290 185 317 ἕλοιντο
196 289 279 316 τοῦτο
294 291 372 326 δρᾷν.

923 248 998 275 bitur
1013 249 1125 284 angelus
1141 250 1249 278 Domini
1269 250 1298 278 in
1320 251 1437 280 circuitu
1457 251 1612 280 timentium
1633 261 1708 287 eum,

923 299 952 321 et
964 294 1064 329 eripiet
1077 302 1125 323 eos
1145 295 1178 322 “.
1198 304 1207 321 ι
1220 295 1298 328 Quod
1314 301 1405 324 autem
1424 297 1580 332 angelorum
1596 298 1708 331 auxilio,

86 335 124 364 sic
137 336 194 364 Deo
210 337 331 370 volente,
347 337 428 365 cincti
449 338 543 370 simus,
562 337 735 366 manifestum
753 339 873 374 undique
892 339 951 369 ﬁeri
971 346 1072 376 potest,
1104 351 1136 370 ae
1169 350 1402 378 supervacaneum
1421 348 1488 378 puto
1503 344 1532 372 in
1547 350 1709 380 praesentem

86 382 175 409 locum
188 390 340 418 congerere
353 383 412 418 ejus
423 383 463 411 rei
476 383 651 418 probationes
661 405 668 418 ,
681 393 743 413 cum
757 387 909 421 praesertim
924 388 1081 417 volentibus
1107 389 1135 416 id
1149 387 1240 416 facere
1256 389 1284 416 in
1315 393 1443 424 promptu
1476 390 1521 423 sit,
1538 394 1567 417 et
1598 391 1709 426 quidem

86 429 226 462 facillime,
244 431 268 457 si
281 431 363 458 modo
378 431 415 458 ita
429 431 611 460 decreverint.

122 476 228 503 HAAA.
241 476 346 503 Οὐκοῦν
365 477 403 508 ὡς
419 478 448 504 ἐν
464 476 541 512 τύπῳ
560 477 600 512 τῷ
614 478 686 505 κατὰ
711 478 813 506 Μωσέα
825 480 872 506 καὶ

92 522 197 558 ’Δαρὼν
211 522 255 549 διὰ
273 523 391 558 Χριστοῦ
408 523 506 557 γένοιτ’
521 523 554 550 ἂν
570 523 624 551 τῶν
637 524 836 561 ἀνδριζομένων
855 526 872 561 ὴ

85 568 245 602 ἀπογραφή-

121 614 205 641 ΚΥΡ.
232 614 310 641 Οὕτω
336 615 417 650 φημί·
441 615 573 651 ἀποφέρει
597 615 652 652 γὰρ
676 617 751 652 ἡμᾶς
772 617 812 649 είς
828 617 874 644 τὸν

86 659 133 686 ἐπὶ
159 660 229 696 τῷδε
249 660 327 695 λόγον
337 681 344 693 ,
360 661 410 687 οὐκ
425 661 557 689 ἀπίθανον
571 661 631 697 ἔχον
649 662 698 698 τὴν
714 663 832 700 ὑποψίαν
843 663 874 690 τὸ

87 706 166 742 παρὰ
179 707 219 742 τῷ
236 706 363 742 μακαρίῳ
378 707 489 742 Δανιήλ.

122 753 229 780 ΠΑΛΛ.
247 753 283 779 Τὸ
301 754 376 779 ποῖον
393 753 418 779 τί
435 754 506 788 φήςς

121 799 206 826 ΚΥΡ.
219 799 240 825 Τ
242 799 351 826 εθέαται
368 800 417 834 μὲν
429 799 494 835 γὰρ,
510 800 548 832 ὡς
560 800 589 827 ἐν
603 801 697 837 ἡλικίᾳ
708 802 741 837 τῇ
756 801 875 837 πρεσϐυ-

87 845 149 879 τικῇ
159 844 206 870 τὸν
222 844 350 880 Πατέρα,
368 843 450 880 λευκῇ
476 845 525 880 μὲν
546 845 626 881 πολιᾷ
646 846 873 881 κατεστεμμένον,

87 889 220 925 ἐνδύμασι
250 889 278 916 δὲ
299 890 355 922 τοῖς
373 891 402 917 ἐν
427 890 491 917 εῖδει
514 891 602 926 χιόνος
623 892 762 926 ἐκπρεπῆ,
779 891 831 926 ἐφη
847 891 876 918 δὲ

88 936 127 962 ὅτι
144 945 153 960 ι
168 936 224 962 Καὶ
240 935 326 970 βίϐλοι
342 935 528 971 ἠνεῴχθησαν,
537 937 585 964 καὶ
596 937 736 972 κριτήριον
748 937 874 969 ἐκάθισε,

89 982 135 1007 καὶ
151 979 233 1008 εἶδον.
248 982 303 1007 Καὶ
318 981 371 1008 ἰδοὺ
394 981 463 1017 μετὰ
483 981 537 1008 τῶν
554 982 673 1016 νεφελῶν
695 982 742 1009 τοῦ
761 982 875 1018 οὐρανοῦ

89 1027 126 1058 ὡς
141 1027 207 1059 Υἱὸς
225 1026 368 1062 ἀνθρώπου
386 1027 543 1063 ἐρχόμενος,
560 1028 606 1055 καὶ
625 1028 677 1060 ἐως
689 1028 735 1055 τοῦ
755 1027 874 1056 Παλαιοῦ

88 1072 143 1099 τῶν
155 1073 270 1108 ἡμερῶν
283 1073 395 1108 ἔφθασε,
407 1074 454 1100 καὶ
466 1073 580 1101 ἐνώπιον
594 1074 676 1102 αὑτοῦ
692 1074 873 1110 προσηνέχθη·

89 1119 136 1144 καὶ
149 1118 224 1153 αὐτῷ
235 1118 313 1154 ἐδόθη
329 1119 346 1154 ή
360 1119 441 1155 ἀρχὴ,
456 1121 502 1147 καὶ
516 1120 532 1155 ἡ
547 1120 614 1156 τιμὴ
626 1120 673 1147 καὶ
685 1121 701 1155 ἠ
718 1120 848 1155 βασιλεία.
862 1130 871 1146 ι

90 1164 156 1190 ὀτε
170 1164 227 1198 γὰρ
237 1165 267 1190 ἐν
281 1164 389 1200 εἴδειτῷ
401 1164 461 1191 καθ’
474 1165 548 1200 ἡμᾶς
557 1165 667 1200 γέγονεν
681 1166 695 1192 ὁ
709 1166 873 1200 Μονογενὴς,

89 1210 150 1236 τότε
169 1210 218 1237 καὶ
240 1209 349 1245 βίϐλους
365 1209 483 1245 ὴνέῳξεν
500 1211 514 1236 ὁ
530 1211 636 1246 Πατὴρ,
653 1211 701 1238 καὶ
723 1210 807 1246 ἀνῆκε
826 1211 876 1245 μὲν

89 1256 136 1282 τοῦ
152 1255 296 1291 κρίνεσθαι
309 1256 372 1287 τοὺς
388 1256 496 1291 ἐνόχους
509 1257 666 1292 ἁμαρτίαις·
679 1257 764 1292 ἐφῆκε
779 1257 807 1283 δὲ
820 1257 875 1288 τοῖς

90 1301 295 1336 ἀνδριζομένοις
310 1301 340 1327 τὸ
359 1301 546 1336 ὲγγράφεσθαί
562 1310 592 1328 τε
613 1301 659 1329 καὶ
673 1301 875 1337 ἐναριθμεϊσθαι

89 1348 183 1374 λοιπὸν
199 1348 256 1378 τοῖς
273 1346 329 1374 ἄνω
341 1347 442 1382 χοροῖς,
459 1347 506 1373 καὶ
523 1347 552 1374 ἐν
566 1347 660 1382 μνήμῃ
677 1346 783 1374 κεῖσθαι
797 1346 875 1374 Θεοῦ.

96 1394 202 1420 Ἀκούω
222 1393 251 1419 δὲ
269 1392 415 1427 ψάλλοντος
433 1392 480 1419 τοῦ
495 1393 630 1428 μακαρίου
647 1392 729 1419 Δασὶδ
743 1391 806 1428 περὶ
822 1391 876 1418 τῶν

90 1440 130 1471 εἰς
154 1438 274 1474 Χριστὸν
303 1438 551 1474 πεπαρῳνηκότων·
579 1447 589 1463 ι
626 1438 876 1473 Ἐξαλειφθήτωσαν

90 1486 123 1511 ἐκ
139 1485 232 1520 βίῦλου
247 1483 370 1516 ζώντων,
389 1484 437 1511 καὶ
459 1484 529 1519 μετὰ
548 1484 661 1511 δικαίων
680 1485 711 1511 οὑ
727 1484 876 1519 γραφήτω-

92 1541 151 1559 σαν.
172 1542 181 1557 ι
209 1531 373 1558 Πεπτώκασι
396 1531 446 1566 μὲν
471 1531 525 1566 γὰρ
542 1531 572 1564 ἐξ
597 1530 726 1563 ἀσθενοῦς
747 1530 877 1566 λογισμοῦ

92 1578 138 1604 καὶ
153 1577 202 1612 τῆς
217 1579 256 1609 είς
272 1577 388 1612 Χριστὸν
406 1576 541 1608 πολιτείας
553 1576 583 1608 ἐξ
601 1576 743 1612 ἀνανδρίας
753 1577 878 1612 ἡμαρτη-

92 1624 189 1656 κότες,
204 1624 229 1650 οἱ
244 1622 353 1659 χρηστῷ
367 1631 398 1649 τε
422 1622 468 1649 καὶ
493 1621 676 1657 φιλανθρώπῳ
697 1621 809 1657 νεύματι
830 1621 878 1649 τοῦ

91 1669 160 1696 Θεοῦ
174 1670 222 1696 καὶ
243 1669 349 1704 Πατρὸς
365 1668 583 1704 ἐκτετιμημένον
598 1667 746 1703 κέκληνται
763 1667 812 1703 μὲν
824 1667 878 1703 γὰρ

93 1716 133 1746 είς
145 1715 209 1746 τοὺς
227 1714 350 1750 γάμους,
366 1712 495 1749 μαλακῶς
515 1713 543 1740 δὲ
562 1713 609 1739 καὶ¹
629 1713 801 1748 παρειμένως
822 1713 878 1744 τοῖς
891 1731 912 1759 C

93 1762 181 1795 ἁγίοις
206 1760 440 1795 δειπνοκλήτορσιν
470 1758 669 1794 ἀπεκρίναντο,
697 1758 835 1792 λέγοντες·
862 1758 877 1783 ὁ

95 1808 160 1843 μὲν,
176 1807 217 1833 ὅτι
237 1806 321 1840 ἀγρὸν
341 1806 475 1841 ἠγόρασα·
493 1805 507 1830 ὁ
527 1804 571 1836 δὲ,
586 1805 626 1831 ὅτι
641 1804 758 1838 γυναῖκα
775 1803 876 1838 ἔγημα,

93 1855 141 1880 καί
154 1853 186 1879 οὐ
207 1852 325 1887 δύναμαι
340 1852 435 1878 ἐλθεῖν.
457 1850 578 1882 Ἀκούεις
594 1850 726 1884 λεγόντων
741 1849 876 1884 πανταχῆ,

93 1900 134 1925 ὅτι
150 1898 188 1924 Οὐ
203 1898 329 1932 δύναμαι·
345 1897 405 1929 νοῦς
421 1896 476 1932 γὰρ
491 1897 505 1922 ό
524 1896 693 1931 ἀνθρώπινος
710 1896 750 1927 είς
770 1894 878 1930 φιληδο-

94 1946 154 1972 νίαν
177 1945 314 1979 κοσμικὴν
337 1942 541 1975 ἁπονενευκὼς,
560 1942 678 1977 ἀδρανής
701 1941 730 1967 τέ
750 1942 807 1967 ἐστι
832 1940 878 1967 καὶ

95 1990 209 2021 ἄναλκις
234 1991 274 2021 είς
294 1989 324 2015 τὸ
344 1988 508 2025 ἐργάξεσθαι
529 1987 564 2014 τὰ
583 1987 628 2014 τοῦ
651 1986 730 2014 Θεοῦ·
750 1986 827 2013 ἔσται
851 1986 879 2012 δὲ

95 2034 173 2068 οὗτος
188 2036 238 2063 καὶ
258 2035 307 2071 τῆς
321 2035 445 2071 οὐρανίου
460 2034 506 2061 καὶ
522 2033 597 2065 θείας
621 2033 754 2068 ἀμέτοχος
771 2032 878 2068 ἑορτῆς.

129 2082 237 2108 ΠΔΛΔ.
257 2080 346 2108 Μόνον
366 2077 413 2106 οὖν
435 2080 488 2115 ἄρα
505 2079 535 2105 τὺ
554 2079 658 2114 ὴὸηκὸς
682 2078 730 2105 καὶ
747 2078 877 2113 ἀνδρεῖον,

96 2128 142 2154 καὶ
157 2127 264 2162 ἔμφρον
282 2126 332 2161 ἤδη
341 2129 422 2157 πως,¹
431 2126 458 2151 ἐν
473 2125 619 2160 ἀπογραφῇ
634 2123 718 2156 Θεοῦ,
734 2123 781 2150 καὶ
795 2123 823 2148 ὲν
839 2122 879 2157 βίτ

96 2173 152 2208 σλῳ
170 2171 296 2204 ζώντων,
316 2171 348 2198 τὸ
359 2171 387 2198 δὲ
402 2170 439 2207 μὴ
459 2170 580 2197 τοιοῦτον
597 2170 687 2202 ἅπαν,
699 2168 828 2204 ἀδόκιμον
860 2167 877 2204 ἢ

96 2227 171 2251 πωςὲ

130 2264 215 2291 ΚΥΡ.
242 2262 356 2298 Ἀκριῦἧ
378 2262 423 2288 καὶ
439 2260 623 2297 ἐγηγερμένον
647 2259 728 2292 ἐνιεὶς
752 2259 797 2286 τὸν
817 2258 879 2286 νοῦν

96 2311 152 2340 τοῖς
170 2307 389 2343 Γεγραμμένοις,
406 2307 467 2342 εῐσῃ
478 2315 520 2332 τοι
534 2305 564 2332 τὺ
579 2305 689 2340 ἀληθές.
713 2305 881 2339 Ἀπογρὰφε-

95 2363 139 2380 ται
151 2354 207 2389 γὰρ
224 2353 284 2388 οὐχὶ
294 2353 325 2379 τὺ
337 2354 366 2379 ὲν
376 2352 432 2388 ἤδη
445 2352 533 2387 μόνον,
549 2351 596 2377 κα¹ι
608 2352 637 2377 ἑν
648 2350 702 2376 ἔτει
715 2350 753 2385 τῷ
768 2349 881 2384 εἰκοστῷ

957 479 1054 508 PALL.
1070 480 1142 515 Ergo
1160 480 1186 507 in
1202 480 1287 516 ﬁgura
1309 480 1393 516 Moysi
1407 484 1434 508 et
1455 481 1557 514 Aaron,
1569 490 1617 517 per
1632 482 1709 510 Chri-

923 529 995 553 stum
1011 525 1070 553 ﬁeri
1086 529 1167 560 putas
1180 525 1391 561 descriptionem
1416 533 1449 553 ac
1464 533 1576 554 censum
1589 528 1709 555 virorum

923 571 1055 598 fortium?

958 617 1036 644 ΟΥΕ.
1054 617 1092 644 [ta
1111 624 1210 644 censeo
1227 625 1233 644 :
1251 617 1285 644 ad
1301 617 1371 644 hanc
1384 624 1503 652 namque
1517 618 1652 652 eponendi
1664 626 1708 645 ra-

924 661 1025 690 tionem
1044 663 1116 690 haud
1133 663 1307 698 improbabili
1331 663 1488 699 conjectura
1513 671 1563 691 nos
1585 664 1710 698 perducit

924 708 992 736 illud
1006 708 1079 743 quod
1094 713 1136 736 est
1151 708 1224 743 apud
1240 708 1390 736 Danielem.

959 753 1057 780 PALL.
1073 753 1214 786 Quodnam
1230 753 1298 781 illud
1313 754 1375 781 est?

958 798 1038 826 ΟΥΕ.
1053 799 1259 834 Contemplatus
1274 802 1317 828 est
1330 799 1404 827 enim
1420 800 1464 827 ille
1483 803 1611 834 tanquam
1631 800 1709 827 senili

924 847 1004 871 aetate
1019 845 1143 877 Patrem,
1160 845 1274 872 candida
1295 845 1407 873 caesarie
1427 849 1566 880 comptum
1577 865 1584 878 ,
1609 846 1710 873 vestitu

925 889 995 918 nivis
1013 889 1099 918 instar
1112 889 1229 917 candido
1251 891 1404 926 insignem,
1432 890 1558 925 dixitque
1574 899 1581 918 :
1601 900 1610 916 ι
1634 882 1709 918 Libri

929 935 1016 970 aperti
1032 940 1096 963 sunt
1109 937 1280 972 etjudieium
1295 937 1377 970 sedit,
1395 937 1498 965 etvidi.
1510 937 1543 964 Et
1562 944 1625 965 ecce
1645 945 1707 965 eum

925 981 1046 1009 nubibus
1057 982 1120 1009 cteli
1138 987 1168 1010 ut
1181 983 1266 1010 Filius
1278 983 1400 1010 hominis
1414 983 1552 1016 veniebat,
1577 987 1605 1010 et
1623 991 1709 1018 usque

928 1027 962 1054 ad
973 1027 1122 1062 Antiquom
1137 1028 1246 1056 dierum
1266 1029 1403 1064 pervenit,
1433 1033 1461 1056 et
1485 1029 1512 1056 in
1533 1032 1709 1064 conspectum

925 1074 984 1109 ejus
992 1073 1141 1108 perductus
1150 1079 1202 1106 est,
1215 1078 1244 1102 et
1264 1074 1316 1109 ipsi
1342 1074 1422 1102 datus
1439 1079 1481 1102 est
1496 1074 1667 1109 principatus
1683 1078 1711 1101 et

925 1119 1022 1151 honor,
1032 1123 1061 1147 et
1078 1119 1233 1154 regnum".
1248 1129 1257 1144 ι
1275 1119 1342 1147 Cum
1352 1119 1426 1146 enim
1441 1120 1487 1146 ille
1502 1119 1663 1154 Unigenitus
1682 1118 1710 1146 in

925 1169 1018 1192 nostra
1026 1165 1117 1200 specie
1123 1165 1210 1192 factus
1220 1168 1271 1197 est,
1281 1169 1347 1192 tunc
1361 1170 1390 1192 et
1399 1165 1484 1192 libros
1497 1164 1603 1200 aperuit
1619 1165 1708 1197 Pater,

926 1214 952 1238 et
967 1210 1001 1237 ab
1012 1210 1045 1238 iis
1052 1210 1219 1246 iudicandis.
1234 1211 1281 1245 qui
1292 1211 1332 1238 rei
1344 1215 1519 1246 peccatorum
1536 1216 1624 1244 erant,
1643 1219 1709 1239 con-

926 1256 1030 1291 quievit
1049 1265 1056 1283 :
1076 1260 1238 1291 potestatem
1264 1264 1374 1291 quoque
1399 1257 1463 1284 fecit
1487 1256 1606 1285 fortibus
1627 1256 1706 1289 viris,

926 1309 979 1337 qua
1007 1301 1062 1329 illis
1078 1302 1176 1329 liceret
1201 1301 1331 1334 describi,
1350 1309 1382 1329 ac
1418 1301 1527 1336 superis
1544 1300 1599 1328 illis
1618 1300 1710 1328 choris

926 1347 1111 1380 annumerari,
1123 1352 1152 1375 et
1167 1347 1216 1375 Dei
1230 1347 1363 1374 memoria
1372 1347 1519 1375 contineri.
1537 1346 1607 1374 Audi
1627 1346 1710 1374 etiam

926 1393 1036 1420 beatum
1055 1393 1140 1420 David
1158 1393 1320 1428 psallentem
1338 1392 1373 1420 de
1396 1393 1440 1425 iis,
1464 1393 1511 1427 qui
1527 1392 1555 1420 in
1571 1392 1710 1420 Christum

927 1439 1086 1467 debacchati
1105 1442 1170 1466 sunt
1190 1447 1196 1464 :
1219 1447 1228 1464 ι
1247 1438 1396 1466 Deleantur
1414 1437 1448 1465 de
1468 1437 1540 1465 libro
1549 1437 1710 1469 viventium,

927 1489 956 1512 et
973 1485 1126 1520 cumjustis
1143 1491 1199 1511 non
1218 1483 1373 1511 scribantur
1382 1483 1413 1509 ⁸⁸.
1429 1493 1438 1509 ι
1456 1483 1623 1511 Exciderunt
1638 1481 1711 1510 enim

928 1531 1086 1559 inﬁrmitate
1101 1530 1227 1562 rationis,
1249 1533 1276 1557 et
1293 1537 1308 1556 a
1326 1529 1427 1557 Christi
1436 1528 1643 1557 conversatione
1656 1535 1713 1563 prae

928 1577 1035 1613 ignavia
1053 1580 1175 1604 extorres
1192 1574 1258 1603 facti
1284 1578 1358 1607 sunt,
1378 1582 1441 1602 cum
1468 1573 1566 1601 iisdem
1596 1573 1712 1608 benigna

929 1623 1111 1657 elementique
1129 1621 1176 1649 Dei
1186 1625 1214 1649 et
1232 1621 1321 1649 Patris
1345 1621 1485 1648 voluntate
1499 1619 1588 1647 honor
1605 1619 1713 1646 delatus

928 1674 1018 1698 esset:
1035 1669 1124 1697 vocati
1142 1676 1260 1703 namque
1279 1670 1343 1694 sunt
1352 1666 1386 1694 ad
1403 1665 1526 1702 nuptias,
1545 1665 1713 1700 negligenter

929 1720 1020 1744 autem
1039 1715 1207 1749 remissoque
1228 1713 1330 1740 sanctis
1353 1711 1546 1739 invitatoribus
1566 1710 1713 1746 responde-

929 1764 1004 1793 runt,
1021 1760 1153 1792 dicentes,
1173 1766 1244 1786 unus
1260 1757 1372 1792 quidem
1384 1777 1391 1790 ,
1413 1764 1508 1791 agrum
1525 1763 1554 1783 se
1569 1755 1712 1787 coemisse,

929 1808 998 1835 alter
1011 1814 1076 1834 vero
1100 1813 1213 1833 uxorem
1230 1803 1351 1835 duxisse,
1366 1810 1418 1830 nec
1435 1809 1515 1837 posse
1530 1802 1635 1829 venire.
1655 1801 1713 1828 Au-

929 1851 972 1878 dis
986 1851 1087 1885 ubique
1103 1857 1150 1877 eos
1160 1849 1250 1876 dicere
1263 1857 1269 1874 :
1280 1847 1340 1875 Non
1362 1854 1473 1882 possum
1483 1846 1504 1862 "
1524 1845 1642 1873 :elenim
1659 1845 1711 1872 hu-

929 1905 1026 1924 manus
1035 1896 1141 1924 animus
1160 1894 1194 1922 ad
1213 1893 1307 1921 mundi
1326 1893 1480 1928 voluptates
1496 1898 1651 1927 propensus
1670 1890 1711 1918 in-

930 1943 1024 1970 ﬁrmus
1042 1946 1084 1969 est
1107 1946 1134 1968 et
1163 1940 1300 1967 invalidus
1329 1939 1362 1965 ad
1391 1946 1423 1966 ea
1453 1937 1627 1973 exsequenda
1651 1945 1713 1972 quae

929 1989 977 2016 Dei
988 1992 1052 2016 sunt
1068 1996 1074 2014 :
1095 1987 1168 2015 idem
1180 1994 1263 2021 porro
1279 1986 1333 2013 erit
1348 1984 1435 2013 divini
1451 1983 1626 2018 cmlestisque
1646 1991 1712 2011 eon-

929 2033 995 2062 vivii
1014 2040 1123 2068 expers.

964 2079 1063 2106 PALL.
1074 2078 1131 2105 Soli
1144 2078 1227 2113 igitur
1236 2076 1323 2104 adulti
1336 2080 1365 2103 et
1373 2075 1459 2104 fortes
1471 2074 1534 2107 viri,
1551 2077 1579 2101 et
1592 2073 1712 2109 proderi—

931 2125 1031 2160 tiajam
1039 2123 1140 2156 ornati,
1151 2123 1179 2150 in
1192 2122 1242 2150 Dei
1258 2121 1443 2156 descriptione
1461 2124 1621 2151 censentur,
1640 2122 1668 2146 et
1686 2119 1712 2145 in

931 2171 1001 2197 libro
1009 2170 1082 2202 vitae;
1092 2169 1192 2204 quique
1203 2166 1315 2194 minime
1323 2166 1458 2202 ejusmodi
1468 2169 1541 2198 sunt,
1559 2171 1655 2192 omnes
1665 2163 1714 2190 im-

931 2215 1091 2250 probantur,
1102 2222 1135 2241 an
1147 2213 1247 2241 secus?

970 2260 1050 2296 [[4
1065 2259 1144 2288 CYR.
1170 2259 1199 2286 Si
1215 2262 1342 2285 accurate
1359 2257 1559 2292 vigilanterque
1574 2254 1609 2282 ad
1621 2253 1714 2288 Scrip-

933 2312 960 2335 tu
965 2315 1020 2334 ram
1025 2306 1144 2333 animum
1152 2304 1314 2336 intenderis,
1322 2303 1459 2337 intelliges
1465 2301 1587 2337 profecto
1595 2299 1661 2336 quid
1669 2307 1715 2326 ve-

933 2360 994 2380 rum
1010 2352 1055 2380 sit.
1065 2351 1234 2380 Describitur
1243 2356 1361 2383 namque
1377 2355 1431 2375 non
1442 2347 1529 2374 solum
1548 2345 1594 2380 qui
1605 2345 1714 2372 adultus

96 2400 211 2434 γεγονδς
222 2419 229 2431 ,
245 2398 444 2434 προστέτακται
459 2397 487 2424 δὲ
516 2398 571 2429 ὅτι,
591 2398 643 2423 πᾶν
663 2396 757 2431 ἄρσεν.
780 2397 816 2423 Ἦ
829 2397 876 2422 οὐκ

932 2402 1069 2432 cst,atque
1075 2399 1263 2423 annumnatus
1271 2393 1441 2428 vigesimum,
1448 2391 1496 2418 sed
1504 2390 1593 2417 omnis
1599 2389 1714 2417 masculi

96 2446 197 2476 ἐννοεῖς
213 2444 231 2470 ἃ
241 2443 313 2478 λέγω
320 2454 327 2478 ς

130 2533 235 2560 ΠΔΛΛ.
248 2532 374 2567 Συνίημι.

130 2583 213 2608 ΚΥΡ.
232 2582 354 2614 Οὐκοῦν,
374 2583 399 2608 εἰ
422 2582 470 2616 μὲν
484 2582 533 2617 τῆς
556 2583 584 2608 ἐν
602 2581 713 2616 Χριστῷ
735 2579 881 2614 νοουμένης

96 2628 216 2663 ἀνδρίας,
232 2629 280 2655 καὶ
293 2629 306 2654 ὸ
316 2628 370 2654 τῶν
385 2628 544 2662 ἐπιτηδείων
555 2628 594 2658 είς
602 2627 633 2653 τὸ
644 2626 771 2653 δύνασθαι
783 2634 882 2660 κατορ-

98 2674 158 2700 θοῦν
185 2672 215 2700 εὖ
244 2673 318 2708 μάλα
341 2673 391 2708 τὴν
413 2674 514 2708 ἀρετὴν
536 2673 743 2707 περιεργάξοιτο
764 2671 880 2706 τρόπος,

100 2719 167 2746 ἰδίαν
182 2719 273 2751 ἕξουσι
300 2719 349 2752 τὴν
372 2719 551 2754 ἀπογραφὴν,
568 2719 592 2744 οι
615 2718 683 2753 πρὺς
709 2718 788 2744 τοῦτο
802 2716 882 2751 δόξης

99 2767 255 2799 ἐλάσαντες,
271 2767 309 2798 ὡς
322 2766 436 2801 ἀνδρεῖοί
449 2775 478 2792 τε
499 2766 548 2801 ἤδη
560 2766 606 2791 καὶ
622 2763 818 2800 μαχιμώτατοι,
834 2763 880 2789 καὶ

933 2444 1065 2478 imperata
1083 2445 1126 2469 est
1137 2439 1297 2475 descriptio.
1316 2438 1358 2466 An
1379 2441 1408 2465 tu
1425 2444 1520 2472 parum
1541 2436 1607 2471 quid
1625 2436 1713 2463 dicam

932 2487 1085 2523 intelligis?

968 2533 1065 2560 PALL.
1077 2531 1209 2566 Intelligo.

967 2579 1045 2607 ΟΥΕ.
1066 2578 1094 2605 Si
1113 2577 1196 2612 igitur
1213 2584 1275 2603 cum
1288 2573 1459 2602 fortitudinis
1485 2573 1615 2601 duntaxat
1641 2572 1714 2599 illius

931 2632 991 2660 quae
1001 2625 1029 2651 in
1036 2623 1145 2651 Christo
1156 2621 1329 2657 intelligitur,
1343 2625 1372 2648 et
1382 2627 1477 2648 eorum
1490 2620 1536 2654 qui
1551 2619 1640 2646 idonei
1650 2624 1715 2646 sunt

931 2671 965 2698 ad
976 2677 1086 2698 munera
1104 2668 1217 2696 virtutis
1235 2667 1409 2702 exsequenda
1427 2666 1526 2694 modus
1543 2665 1712 2701 exquiritur,

930 2725 1005 2744 suam
1020 2714 1278 2749 illideseriptionem
1297 2713 1418 2740 habituri
1438 2716 1511 2744 sunt,
1529 2712 1576 2747 qui
1595 2711 1627 2738 ad
1644 2711 1713 2737 hanc

930 2763 1042 2798 gloriam
1052 2759 1339 2796 pervenerint,quippe
1349 2759 1396 2794 qui
1407 2759 1490 2786 fortes
1498 2759 1553 2793 jam
1564 2757 1628 2791 sint,
1640 2759 1666 2784 et
1676 2755 1711 2783 ad

134 2855 236 2884 "Psal.
252 2863 348 2888 xxxui,
368 2855 393 2883 8.
433 2856 453 2871 ⁸⁷
469 2854 563 2883 Daniel
579 2863 628 2888 vn,
651 2855 690 2888 l0,
705 2855 746 2887 l5,
762 2854 804 2881 l-l.
842 2854 863 2870 “
883 2853 953 2881 Psal.
973 2852 1117 2886 vam,“29.
1156 2852 1177 2868 στ’
1193 2851 1259 2878 Luc.
1284 2859 1336 2886 xxv,
1356 2850 1402 2878 20.
