1924 3043
207 121 261 152 319

699 125 727 153 S.
747 125 885 154 CYRILLI
903 125 1137 154 ALEXANDRINI
1153 125 1313 155 ARClllEP.

1781 126 1840 157 σοι)

208 188 280 216 erat,
306 187 363 210 tum
391 183 597 211 describebatur
619 184 789 214 masculinus
818 193 900 213 sexus
916 205 924 218 ,
946 185 993 220 qui

1048 185 1134 221 ἀφανῆ
1153 185 1202 221 τὴν
1222 185 1268 213 τοῦ
1294 185 1418 220 σώματος
1444 185 1550 220 ἡλικίαν
1565 185 1638 221 ἔχον.
1670 186 1783 220 Ἐπειδὴ
1804 187 1840 213 δὲ

210 229 283 256 haud
295 228 433 256 imbecilla
443 233 515 256 esset
528 229 652 265 corporis
669 234 760 258 relate.
777 229 831 258 Sed
843 231 908 266 quia
923 238 993 267 pra:-

211 279 285 302 terea
301 281 371 309 opus
382 278 442 302 erat
454 274 528 302 illam
540 282 650 310 quoque
682 275 907 311 descriptionem,
932 283 994 312 quae

210 328 258 354 per
270 320 348 347 fidem
361 324 389 347 et
402 320 565 348 charitatem
577 320 605 348 in
618 320 758 348 Christum
775 321 816 355 fit,
841 326 936 357 aperte
954 321 993 349 si-

210 363 343 400 gnificari,
360 364 441 392 simul
459 365 660 401 comprehenso
673 366 721 394 illo
735 366 992 403 discrimine,quod

209 410 238 437 in
251 410 285 437 iis
301 410 347 445 qui
373 410 491 438 credunt
512 411 688 446 perspicitur,
705 420 740 440 ex
764 412 865 448 quibus
891 412 938 440 alii
952 413 992 440 si-

209 456 266 483 mul
292 460 372 491 atque
396 456 477 483 fidem
496 461 673 492 acceperunt,
696 457 782 485 sacris
807 457 938 493 operibus
961 465 994 486 ac

210 501 256 529 Dei
273 502 413 537 obsequiis
433 503 605 535 incumbunt,
621 503 669 530 alii
684 511 713 531 se
726 511 782 531 non
802 503 923 539 integros
936 503 994 531 Deo

209 547 311 580 dicant,
333 548 380 575 sed
394 548 475 576 divisi
488 553 562 582 sunt,
576 557 608 577 ac
618 549 660 576 sui
677 553 783 584 partem
807 550 890 577 rebus
910 557 995 578 sarcu-

209 593 315 620 laribus
335 593 480 627 tribuunt;
502 602 535 622 ea
564 594 599 622 de
623 602 706 623 causa
719 595 780 629 jure
806 595 910 630 optimo
927 595 996 631 legis

209 638 336 666 conditor
347 647 454 666 sacrum
467 639 535 667 illud
548 640 689 668 hominum
703 640 864 673 discrimen,
876 641 950 676 quod
966 641 995 671 in

210 692 311 720 genere
328 685 451 713 chitieo
466 691 595 721 tanquam
614 687 641 713 in
655 686 743 722 ﬁgura
767 687 940 722 intelligitur,
965 693 997 719 ut

209 731 289 758 alteri
311 731 489 764 anteferatur,
503 731 603 768 jussit;
616 732 792 767 primumque
809 732 900 760 locum
913 737 944 760 ut
967 733 996 760 in

210 777 393 812 descriptione
408 782 507 809 teneat,
519 777 732 812 imperavit.Hac
744 777 777 806 de
786 786 867 806 causa
876 779 996 813 primum

210 821 326 849 Levitici
348 823 457 858 generis
471 823 638 850 mentionem
651 823 726 851 fecit.
747 823 877 859 Sequitur
891 828 994 857 autem,

1046 230 1114 266 πρὸς
1120 229 1225 262 τούτοις
1237 230 1321 266 ἐχρῆν
1335 231 1382 257 καὶ
1392 230 1441 266 τὴν
1452 231 1489 262 ὼς
1499 231 1528 257 ὲν
1535 231 1625 259 πίστει
1639 239 1669 258 τε
1680 231 1728 258 καὶ
1738 231 1841 267 ἀγάπῃ

1046 276 1080 310 τῇ
1105 276 1145 308 εἰς
1162 275 1278 310 Χριστὸν
1294 275 1443 311 γενομένην
1459 276 1623 311 ἀπογραφὴν
1643 273 1675 302 εὗ
1692 275 1767 310 μάλα
1784 283 1842 302 κα·

1045 330 1114 357 ταση
1118 321 1269 357 μαίνεσθαι,
1278 321 1524 357 συμπεπλεγμένης
1529 322 1669 357 διαφορᾶς,
1677 322 1712 357 ἢν
1718 322 1759 354 ὡς
1765 321 1796 348 ιν
1808 329 1842 355 τε

1045 370 1101 401 τοῖς
1127 369 1300 398 πιστεύουσιν
1316 369 1390 399 ἐστιν
1413 369 1486 397 ἰδεῖν.
1506 371 1537 397 Οἱ
1554 369 1602 405 μὶν
1621 370 1687 405 γὰρ,
1702 370 1774 404 ὁμοῦ
1796 368 1842 403 τῷ

1047 414 1246 450 παραδέχεσθαι
1260 414 1309 449 τὴν
1322 415 1422 446 πίστιν,
1437 415 1482 442 καὶ
1494 415 1524 443 τὺ
1537 415 1566 442 ἐν
1578 415 1668 449 ἔργοις
1686 414 1773 450 ἱερὸν,
1788 415 1843 440 καὶ

1045 459 1095 494 τὴν
1120 459 1172 486 ὑπὸ
1192 459 1252 494 Θεῷ
1274 460 1395 487 δουλείαν
1422 459 1646 495 ἐπιτηδεύουσιν·
1675 460 1700 487 οἱ
1729 459 1759 486 δὲ
1785 459 1841 494 οὐχ

1045 505 1190 540 ὁλόκληρον
1211 504 1350 532 ποιοῦνται
1373 505 1424 541 τὴν
1446 505 1614 541 ἀφιέρωσιν.
1635 505 1843 541 μεμερισμένοι

1046 550 1114 586 πρὸς
1130 550 1164 577 τὰ
1189 552 1218 579 ὲν
1242 551 1336 586 κόσμῳ
1348 559 1356 566 ·
1371 550 1458 587 ταύτῃ
1470 559 1511 578 τοι
1527 551 1639 582 δικαίως
1655 552 1670 577 ό
1683 550 1842 586 νομοθέτης

1047 595 1232 631 προτιμᾶσθαι
1246 595 1360 630 θατέρου
1385 596 1490 626 κελεύει
1505 596 1534 623 τὸ
1553 596 1636 631 ἱερὸν,
1653 596 1690 627 ὡς
1712 597 1742 622 ὲν
1755 595 1843 630 τύπῳ

1046 641 1191 676 νοούμενον
1205 641 1279 676 γένει
1293 641 1332 676 τῷ
1345 641 1480 676 Λευιτικῷ
1491 650 1497 656 ·
1512 641 1558 669 καὶ
1572 641 1618 669 τὸν
1635 641 1744 676 πρῶτον
1762 641 1842 676 ἔχειν

1045 688 1074 714 ἐν
1091 687 1248 722 ἀπογραφῇ,
1265 687 1432 722 προστέταχε
1446 687 1537 714 τόπον.
1552 686 1664 722 Πρώτου
1680 687 1713 722 δὴ
1725 686 1776 714 οὖν
1793 687 1844 713 διὰ

1046 732 1124 759 τοῦτο
1142 731 1306 769 μνημονεύει
1320 731 1367 758 τοῦ
1379 731 1532 764 Λευιτικοῦ,
1546 732 1642 758 ἕπεται
1656 731 1686 759 δὲ
1700 731 1780 766 αὐτῷ
1791 732 1844 758 καὶ

1048 777 1230 813 παρέζευκταί
1252 786 1310 809 πως
1323 797 1330 810 ,
1344 777 1375 803 τὸ
1388 777 1470 812 ἄρσεν
1483 785 1513 806 τε
1530 777 1576 805 καὶ
1598 777 1627 803 τὸ
1642 777 1822 812 πρωτότοκον
1832 795 1842 804 .

1053 823 1244 858 Ὲκτετίμηται
1260 823 1315 858 γὰρ
1330 822 1406 858 παρὰ
1419 822 1478 858 Θεῷ
1491 821 1560 855 λίαν.
1578 822 1607 850 τὸ
1626 823 1664 854 ὡς
1680 823 1710 849 ἐν
1724 822 1844 857 ἀνδρείᾳ

213 867 307 903 illique
323 868 452 903 adjuncta
466 873 509 896 est
534 869 719 897 masculorum
739 877 770 897 ac
800 870 996 905 primogenita-

1048 870 1081 904 τῇ
1108 869 1279 904 πνευματικῇ
1305 869 1352 897 καὶ
1379 869 1408 897 ὲν
1434 869 1596 904 συμμορφίᾳ
1617 869 1776 904 νοούμενον,
1806 870 1842 903 τῇ

212 922 273 940 rum
287 914 422 941 recensio.
443 915 521 949 117
537 915 647 943 Etenim
660 915 689 942 in
708 916 797 950 pretio
821 915 893 950 apud
908 916 996 943 Deum

210 960 328 987 estillud
345 960 487 987 hominum
503 969 599 996 genus,
618 961 691 996 quod
715 966 844 997 tanquam
860 962 997 997 spirituali

211 1006 372 1033 fortitudine
386 1007 541 1041 praeditum,
556 1011 585 1035 et
599 1007 720 1039 Christo,
733 1008 780 1042 qui
803 1011 846 1035 est
858 1008 996 1043 primoge-

210 1053 295 1085 nitus,
310 1052 449 1080 conforme
464 1057 612 1088 spectatur.
627 1053 721 1090 Itaque
733 1053 829 1081 beatus
850 1053 951 1081 Paulus
963 1053 997 1081 ad

211 1099 355 1133 quosdam,
369 1099 414 1134 qui
429 1099 617 1126 claudicarent
627 1099 699 1127 circa
715 1099 806 1131 fidem,
821 1104 850 1127 et
873 1100 902 1128 in
919 1099 997 1135 frigi-

211 1144 260 1172 das
272 1145 418 1180 opiniones
441 1145 591 1172 effeminati
618 1149 721 1177 essent,
747 1145 859 1173 scribit:
882 1155 891 1171 ι
907 1145 997 1177 Filioli

211 1191 275 1223 mei,
288 1199 357 1225 quos
368 1191 467 1218 iterum
481 1191 616 1226 parturio,
643 1191 733 1218 donec
757 1190 892 1218 formetur
914 1191 997 1218 Chri—

210 1241 268 1264 stus
287 1237 315 1264 in
327 1237 404 1264 vobis
412 1237 455 1263 "'.
468 1247 477 1262 ι
492 1237 656 1264 Admittitur
667 1244 732 1272 ergo
758 1236 787 1263 in
807 1236 856 1263 Dei
881 1236 996 1270 librum,

209 1280 336 1316 quisquis
358 1281 557 1316 primogenitus
586 1281 678 1314 fuerit,
705 1285 737 1308 ut
760 1281 807 1316 qui
831 1281 867 1310 sit
887 1281 998 1310 Christo

210 1325 360 1352 conformis
376 1334 382 1351 :
406 1326 544 1353 masculus
560 1326 626 1354 item
651 1330 679 1354 et
695 1325 843 1361 prudentia
871 1330 994 1354 ornatus.

209 1371 279 1398 lllud
291 1379 356 1398 vero
371 1371 573 1399 animadvertas
580 1372 672 1403 velim,
686 1371 721 1400 ab
744 1372 806 1399 aliis
821 1372 932 1408 quidem
947 1371 997 1399 tri-

211 1418 312 1449 bubus,
333 1422 363 1444 ut
375 1417 456 1444 modo
473 1417 541 1450 dixi,
555 1425 611 1444 non
624 1425 734 1444 omnem
752 1417 904 1445 masculum
921 1417 998 1445 nullo

210 1462 369 1489 discrimine
382 1462 530 1494 reccnseri,
539 1461 586 1489 sed
597 1462 686 1489 solum
699 1463 911 1498 primogenitum
925 1471 931 1489 2
947 1470 996 1490 ne-

211 1515 265 1542 que
290 1507 364 1535 enim
386 1515 482 1535 omnes
510 1507 635 1535 homines
654 1507 707 1535 fide
733 1508 855 1543 insignes
870 1513 943 1540 sunt,
968 1513 997 1536 et

1047 915 1118 942 κατὰ
1133 914 1260 948 Χριστὸν,
1283 915 1312 946 ὃς
1325 915 1383 944 ἐστι
1396 915 1579 950 πρωτότοκος.
1598 915 1653 943 Καὶ
1669 914 1736 948 γοῦν
1750 916 1765 942 ὁ
1780 915 1847 941 θεσ-

1047 959 1140 990 πέσιος
1155 959 1260 991 Παῦλος
1273 959 1424 989 ἐπιστέλλει
1440 959 1495 989 τισὶ
1510 960 1565 986 τῶν
1584 959 1754 992 ὀκλαζόντων
1771 961 1842 996 περὶ

1046 1005 1096 1040 τὴν
1113 1005 1215 1038 πίστιν,
1227 1005 1272 1032 καὶ
1286 1006 1325 1038 εἷς
1337 1005 1441 1038 ἐννοίας
1453 1006 1559 1042 ψυχρὰς
1575 1006 1839 1042 ἑκτεθηλυμμένων·

1050 1061 1060 1077 ‹
1080 1051 1179 1078 Τεκνία
1202 1059 1265 1086 μου,
1287 1051 1333 1084 οὓς
1351 1052 1431 1081 πάλιν
1443 1051 1547 1086 ὠδίνω,
1560 1052 1638 1088 ἄχρις
1653 1050 1684 1079 οὗ
1704 1051 1841 1087 μιαρςιωθῇ

1047 1097 1164 1134 Χριστὸς
1179 1098 1209 1124 ὲν
1222 1098 1295 1133 ὑμῖν.
1313 1108 1322 1124 ›
1336 1098 1435 1130 Δικτὺς
1447 1097 1494 1126 οὖν
1504 1099 1557 1134 ἀρα
1568 1100 1614 1125 καὶ
1628 1099 1657 1124 ὲν
1672 1097 1758 1132 βίϐλῳ
1769 1097 1843 1124 Θεοῦ

1047 1145 1112 1176 πᾶς,
1124 1144 1138 1170 ὁ
1151 1143 1188 1175 ὡς
1196 1144 1225 1172 ἐν
1244 1143 1382 1180 μορφώσει
1395 1146 1429 1180 τῇ
1441 1145 1511 1172 κατά
1521 1143 1636 1179 Χριστὸν
1652 1143 1842 1178 πρωτότοκος,

1047 1189 1135 1225 ἄρσην
1145 1198 1174 1216 τε
1192 1190 1237 1218 καὶ
1251 1189 1480 1226 ἐμφρονέστατος.
1501 1190 1641 1225 Ἐπιτήρει
1655 1190 1683 1216 δὲ
1695 1189 1737 1215 ὃτι
1753 1188 1842 1215 καθὰ-

1048 1243 1100 1270 περ
1120 1235 1188 1270 ἔφην
1204 1235 1314 1270 ἀρτίως.
1334 1236 1388 1262 ἀπὸ
1404 1236 1454 1270 μὲν
1467 1235 1522 1262 τῶν
1542 1234 1719 1270 ὲτεροφύλων,
1735 1235 1766 1261 οὐ
1784 1235 1842 1260 πᾶν

1047 1281 1129 1316 ἄρσεν
1145 1282 1236 1313 ἁπλῶς
1251 1281 1418 1317 ἐναρίθμιον,
1432 1281 1500 1309 ἀλλὰ
1511 1282 1591 1317 μόνον
1606 1281 1636 1308 τὸ
1650 1281 1838 1317 πρωτότοκον·

1047 1326 1077 1355 οὐ
1092 1326 1146 1361 γάρ
1159 1335 1201 1353 τοι
1219 1327 1273 1358 πᾶς
1289 1326 1432 1361 ἄνθρωπος
1454 1327 1483 1353 ὲν
1499 1326 1589 1353 πίστει
1604 1326 1773 1362 διαπρεπὴς,
1789 1326 1840 1353 καὶ

1047 1372 1076 1399 ὲν
1092 1372 1253 1407 συμμορφίᾳ
1273 1373 1306 1408 τῇ
1327 1372 1399 1398 κατά
1414 1372 1543 1408 Χριστὸν,
1562 1373 1655 1400 πολλοὶ
1679 1373 1734 1407 γὰρ
1750 1374 1775 1399 οἱ
1801 1373 1840 1408 μὴ

1047 1416 1255 1449 πιστεύσαντες,
1274 1416 1449 1452 ἀνάγραπτον
1465 1417 1494 1444 δὲ
1513 1418 1560 1444 καὶ
1575 1418 1603 1444 ἐν
1618 1418 1728 1453 ἀριθμῷ
1757 1418 1840 1453 μόνον

1047 1461 1104 1488 Earl.
1111 1461 1140 1488 τὺ
1148 1461 1328 1497 πρωτότοκον,
1338 1461 1383 1488 διὰ
1389 1461 1434 1488 τὸν
1441 1462 1471 1488 ὲν
1479 1463 1545 1497 ἡμῖν
1554 1462 1735 1497 πρωτότοκον,
1748 1463 1797 1488 καὶ
1809 1463 1838 1488 ἐν

1047 1505 1155 1538 πολλοῖς
1167 1506 1301 1540 ἀδελφοῖς.
1315 1507 1405 1533 ’Ἅπαν
1417 1506 1445 1533 δὲ
1455 1506 1538 1542 ἄρσεν
1551 1507 1643 1538 ἁπλῶς
1656 1509 1703 1538 καὶ
1713 1507 1840 1543 ἀδιακρί-

210 1541 321 1581 Christo
337 1553 507 1587 conformcs;
541 1557 605 1581 sunt
619 1553 693 1580 enim
706 1541 831 1588 plerique
842 1553 993 1581 .inﬁdeles:

1048 1561 1101 1584 τως
1117 1551 1146 1579 εν
1162 1560 1194 1586 γε
1207 1553 1264 1584 τοῖς
1280 1553 1433 1584 Λευιτικοῑς
1448 1541 1480 1579 ἐν
1489 1553 1635 1588 ἀπογραφῇ
1652 1553 1699 1580 καὶ
1717 1553 1747 1580 ἐν
1762 1541 1839 1580 ἐκλο-

212 1598 259 1625 sed
279 1598 323 1625 ille
352 1597 519 1626 describitur
545 1599 633 1626 solum
650 1603 731 1634 atque
755 1604 928 1632 numeratur,
949 1600 997 1635 qui

213 1643 412 1678 primogenitus
422 1643 516 1676 fuerit,
529 1648 641 1679 propter
660 1653 734 1677 eum,
751 1645 798 1680 qui
820 1645 848 1672 in
872 1645 952 1673 nobis
969 1645 997 1673 in

212 1688 358 1723 multisque
370 1688 503 1717 fratribus
513 1689 715 1725 Primogenitus
727 1694 769 1718 est
781 1690 815 1717 ⁷⁸.
841 1690 876 1718 At
890 1698 955 1718 vero
969 1691 997 1718 in

212 1734 368 1762 Levitarum
394 1742 478 1763 censu
500 1743 582 1763 omne
612 1736 795 1764 masculinum
821 1737 995 1772 promiscue,

211 1779 286 1806 nullo
303 1779 409 1807 delectu
421 1780 449 1807 in
466 1780 670 1816 descriptiones
681 1781 813 1815 refertur,
828 1786 856 1810 et
868 1782 896 1809 in
921 1790 998 1810 sum-

213 1832 283 1852 mam
305 1825 459 1861 colligitur:
472 1834 547 1859 nam,
572 1827 647 1862 quod
669 1832 795 1856 sanctum
809 1832 861 1861 est,
876 1828 905 1856 id
924 1829 998 1856 omni

211 1881 244 1900 ex
260 1878 336 1908 parte
357 1877 400 1902 est
423 1874 480 1901 Deo
493 1878 649 1909 cognatum.
662 1874 704 1902 Ab
716 1883 772 1902 uno
783 1883 850 1902 vero
863 1882 957 1902 mense
971 1878 1000 1902 et

212 1926 296 1954 supra
311 1919 506 1947 describuntur
527 1920 664 1954 :ejusque
689 1920 729 1947 rei
751 1928 877 1955 quaenam
906 1920 999 1949 afferri

212 1965 282 1992 ratio
295 1966 403 1999 potest?
416 1965 455 1992 Ea
467 1973 577 2001 nempe,
595 1965 669 2001 quod
679 1966 725 1994 illa
738 1966 859 1995 fidelium
871 1967 899 1995 in
919 1966 999 1994 Chri-

212 2014 254 2036 sto
267 2010 379 2037 infantia
392 2010 505 2037 minime
520 2018 535 2037 a
552 2011 607 2038 Deo
620 2011 763 2046 rejicitur;
788 2019 851 2040 nam
873 2012 918 2040 illa
932 2016 998 2040 atta-

213 2055 248 2081 tis
267 2055 401 2090 exiguitas
414 2056 499 2083 veluti
512 2060 577 2084 nota
595 2060 638 2084 est
661 2057 735 2085 illius
757 2058 786 2084 in
807 2057 919 2085 Christo
934 2058 999 2085 sini-

211 2101 342 2136 plicitatis
354 2108 386 2129 ac
394 2102 545 2136 spiritualis
561 2102 691 2130 infantiae.
704 2103 740 2131 Ut
752 2103 826 2131 enim
838 2103 999 2131 dicebamus

212 2151 340 2181 tanquam
352 2154 458 2179 eorum,
481 2148 528 2182 qui
545 2151 637 2176 essent
652 2148 687 2176 ad
706 2156 823 2184 pugnam
847 2149 997 2184 promptis-

1047 1598 1157 1633 γισμοϊς
1167 1605 1174 1613 ·
1192 1597 1252 1632 θεῷ
1268 1597 1322 1633 γὰρ
1335 1598 1435 1624 οἰκεῖον
1450 1597 1604 1633 ὁλοκλήρως
1623 1598 1653 1624 τὺ
1668 1598 1756 1631 ἅγιον.
1774 1599 1837 1633 Μη-

1047 1644 1120 1671 νιαία
1127 1642 1155 1669 δὲ
1172 1643 1218 1669 καὶ
1232 1642 1323 1669 ὲπάνω
1333 1641 1367 1668 τὰ
1382 1643 1607 1678 ἀπογραφόμενα·
1624 1643 1670 1669 καὶ
1683 1643 1726 1674 τίς
1743 1644 1761 1678 ἡ
1773 1643 1838 1678 πρό-

1049 1696 1149 1723 φασιςς
1169 1688 1230 1716 Ὅτι
1240 1687 1293 1714 τῶν
1308 1688 1529 1715 πεπιστευκότων
1545 1689 1560 1723 ἡ
1575 1689 1604 1715 ὲν
1615 1689 1726 1724 Χριστῷ
1741 1689 1836 1724 νηπιό-

1048 1743 1112 1769 της,
1130 1734 1179 1761 οὐκ
1194 1733 1345 1768 ἀπόϐλητος
1365 1733 1442 1768 παρὰ
1455 1733 1524 1769 Θεῷ,
1546 1733 1680 1770 σύμϐολος
1699 1735 1729 1765 δὲ
1743 1735 1837 1770 ὥσπερ

1048 1781 1098 1815 τῆς
1116 1780 1266 1815 ἁπλότητος
1280 1779 1331 1814 τῆς
1346 1779 1375 1806 ὲν
1391 1779 1512 1815 Χριστῷ,
1528 1779 1574 1806 κάι
1590 1781 1780 1816 πνευματικῆς
1791 1790 1836 1815 νη-

1050 1826 1186 1860 πιότητος,
1201 1826 1231 1852 τδ
1248 1826 1297 1860 τῆς
1316 1825 1424 1861 ἡλικίας
1434 1825 1529 1861 κομιδῆ
1545 1825 1641 1861 βραχύ.
1662 1827 1770 1861 Ὠσπερ
1784 1827 1836 1862 γὰρ

1050 1873 1179 1907 ἐλέγομεν
1200 1871 1237 1902 ὡς
1258 1872 1287 1898 ὲν
1310 1873 1366 1903 τοῖς
1390 1871 1596 1907 μαχιμωτάτοις
1608 1891 1616 1904 ,
1632 1872 1722 1903 καλῶς
1742 1880 1775 1898 τε
1790 1873 1835 1899 καὶ

1050 1919 1207 1954 ἀμωμήτως
1220 1918 1384 1953 γεγενῆσθαι
1402 1918 1450 1953 τὴν
1464 1918 1626 1954 ἀπογραφὴν
1642 1918 1696 1944 ἀπὸ
1713 1919 1835 1945 εἰκοσαε-

1050 1964 1113 1995 τοῦς
1125 1964 1172 1991 καὶ
1183 1964 1286 1996 ἐπάνω,
1301 1963 1373 1991 οὕτω
1385 1964 1484 1999 φαμὲν,
1502 1965 1543 1991 ὅτι
1557 1964 1607 1999 τῆς
1619 1965 1648 1990 ὲν
1662 1964 1774 1999 Χριστῷ
1788 1973 1833 1999 νη-

1051 2010 1175 2046 πιότητος
1188 2030 1196 2041 ,
1215 2011 1328 2045 σημεῖον
1344 2010 1377 2037 ἂν
1391 2009 1495 2044 γένοιτο
1514 2010 1615 2045 σαφὲς,
1629 2011 1644 2036 ό
1661 2010 1693 2036 ἢκ
1709 2011 1836 2045 μηνιαίου

1049 2056 1153 2091 καιρός.
1169 2055 1306 2082 Τοιουτονὶ
1319 2055 1348 2082 δὲ
1357 2055 1405 2082 καὶ
1417 2056 1432 2081 ὁ
1446 2055 1552 2087 uana;
1565 2063 1658 2091 φησιν’
1672 2065 1682 2082 ί
1702 2056 1833 2090 nemo.

1050 2101 1088 2137 μὴ
1098 2101 1194 2128 παιδία
1209 2099 1317 2135 γίνεσθε
1329 2102 1387 2132 ταῖς
1399 2101 1506 2136 φρεσὶν,
1518 2100 1587 2127 ἀλλὰ
1597 2103 1630 2136 τῇ
1642 2101 1728 2137 κακία
1742 2102 1835 2137 νηπιά-

1049 2147 1124 2178 ζετε·
1142 2147 1200 2178 ταῖς
1212 2146 1241 2172 δὲ
1257 2146 1363 2181 φρεσὶν,
1376 2146 1473 2173 τέλειοι
1489 2146 1606 2180 γίνεσθε.
1624 2156 1633 2172 ι

211 2195 273 2222 simi
287 2199 360 2223 recte
374 2200 455 2230 atque
473 2196 578 2224 ratione
589 2196 687 2224 factam
701 2204 762 2224 esse
778 2197 991 2232 descriptionem
1005 2204 1020 2223 a
1032 2194 1162 2230 vigesimo
1185 2201 1258 2221 anno
1282 2197 1311 2221 et
1326 2200 1418 2228 supra,
1446 2194 1486 2221 sic
1514 2193 1633 2222 dicimus
1651 2194 1719 2222 illud
1735 2195 1834 2224 mensis

212 2242 293 2270 unius
311 2246 429 2277 tempus,
452 2243 525 2270 illius
544 2244 572 2270 in
597 2243 709 2271 Christo
735 2244 856 2272 infantia:
881 2245 989 2280 signum
1007 2251 1067 2271 esse
1095 2241 1282 2276 perspicuum.
1298 2242 1363 2270 Tale
1392 2241 1522 2276 quiddam
1550 2243 1633 2270 etiam
1649 2244 1747 2272 beatus
1768 2245 1834 2271 Pau-

187 2310 191 2322 ,
212 2287 254 2314 lus
265 2288 323 2315 ait:
340 2288 477 2321 «Fratres,
493 2290 576 2318 nolite
593 2291 671 2325 pueri
693 2290 762 2318 efﬁci
786 2292 924 2324 sensibus,
942 2291 990 2319 sed
1011 2290 1115 2317 malitia
1127 2289 1234 2324 parvuli
1250 2293 1350 2321 estote,
1367 2288 1495 2316 sensibus
1525 2293 1617 2317 autem
1650 2291 1766 2326 perfecti
1778 2291 1828 2318 ⁷⁸.»

246 2334 344 2363 PALL.
364 2335 409 2363 Sic
422 2335 505 2371 igitur
516 2336 570 2364 erit
582 2337 664 2364 nobis
685 2338 907 2372 existimandum,
932 2346 996 2373 par-

1085 2336 1188 2362 llAAA.
1205 2334 1359 2370 οἰησόμεθα
1380 2334 1411 2369 δὴ
1430 2332 1488 2366 οὖν,
1507 2334 1544 2367 ὼς
1560 2336 1767 2371 συμμεθέξομεν
1780 2338 1830 2368 τοῖς

212 2381 308 2416 ticipes
322 2389 373 2409 nos
383 2382 491 2409 futuros
501 2390 596 2410 eorum
617 2391 678 2419 quae
687 2385 775 2412 sancti
791 2385 843 2412 viri
852 2393 903 2412 suo
918 2385 996 2420 quis-

1048 2381 1152 2415 ἁγίοις,
1183 2377 1275 2416 ὧνπερ
1298 2381 1330 2409 ἂν
1353 2380 1446 2412 αὐτοὶ,
1466 2382 1526 2412 ταῖς
1542 2389 1574 2415 γε
1598 2381 1630 2417 δὴ
1647 2382 1722 2416 σφῶν
1746 2382 1830 2409 αὐτῶν

211 2435 264 2461 que
277 2428 399 2462 periculo
407 2428 525 2456 feliciter
536 2430 680 2464 gesserint,
698 2431 727 2458 in
737 2439 771 2458 eo
789 2431 863 2466 quod
876 2431 951 2458 viros
966 2439 996 2459 se

1048 2426 1249 2463 κατορθώσειαν
1265 2426 1297 2454 ἂν
1315 2427 1460 2460 κεφαλαῖς,
1477 2427 1665 2462 ἁνδριζόμενοῐ
1679 2436 1709 2454 τε
1731 2428 1777 2455 καὶ
1790 2428 1829 2454 εὑ·

212 2472 400 2506 [ιι-ωειίιθτὶηί,
427 2481 589 2510 summoque
611 2475 706 2504 studio
716 2477 850 2509 eurarint,
883 2481 914 2504 ut
935 2477 996 2504 lau-

211 2516 272 2543 dem
285 2517 385 2544 mereri
399 2523 520 2552 possent.

245 2561 324 2588 CYR.
341 2562 456 2589 Maxime
471 2571 536 2590 vero
556 2571 562 2590 :
581 2564 705 2598 quamvis
729 2565 802 2594 enim
827 2571 922 2592 revera
943 2563 994 2599 ipsi

211 2606 312 2635 divinis
323 2608 397 2642 pleni
409 2613 474 2637 sunt
485 2609 667 2641 charismatis,
687 2609 882 2644 laboribusque
902 2617 933 2637 ac
948 2618 995 2637 su-

211 2650 325 2679 doribus
335 2652 387 2680 hoc
400 2652 502 2682 donum
522 2654 703 2688 perceperint,
720 2654 880 2688 inﬁnitaque
906 2659 995 2682 certa-

212 2697 286 2725 mina
299 2698 490 2732 percurrerint
504 2707 510 2732 ;
535 2703 624 2727 tamen
638 2699 665 2726 in
681 2706 731 2726 nos
748 2707 856 2734 quoque
878 2708 912 2727 ex
931 2700 996 2727 cha-

212 2742 293 2770 ritate
313 2743 360 2769 Dei
378 2752 426 2770 sua
440 2744 510 2771 dona
529 2744 687 2772 refundunt.
709 2743 802 2778 Itaque
815 2745 911 2773 beatus
924 2746 995 2774 Pau-

247 2833 278 2852 ⁷³⁸
297 2833 382 2860 Galat.
404 2842 439 2866 iv,
468 2834 507 2861 ll).
547 2834 659 2861 “Rom.
689 2842 746 2867 \‘lll,
767 2834 812 2861 ‘29.

1046 2472 1167 2509 δοκιμεϊν
1180 2473 1221 2500 ὅτι
1239 2472 1356 2507 μάλιστα
1370 2472 1604 2505 διεσπουδακότες.

1083 2561 1162 2589 ΚΥΡ.
1185 2561 1259 2588 Πάνυ
1288 2562 1337 2596 μὲν
1353 2559 1399 2588 οὖν
1410 2581 1417 2594 ,
1436 2562 1515 2597 εἴπερ
1530 2562 1597 2588 εἰσὶν
1612 2561 1719 2596 ἀληθῶς
1730 2583 1737 2593 ,
1758 2562 1828 2587 αὐτοὶ

1049 2608 1097 2643 μὲν
1108 2607 1187 2634 θείων
1199 2608 1345 2643 ἀνάμεστοι
1360 2608 1547 2643 χαρισμάτων,
1562 2607 1651 2638 πόνοις
1664 2607 1711 2633 καὶ
1725 2606 1827 2642 ἱδρῶσιν

1048 2653 1153 2685 ἑλόντες
1165 2653 1196 2680 τὸ
1212 2653 1307 2689 δῶρον,
1324 2654 1371 2680 καὶ
1387 2654 1430 2680 διὰ
1447 2653 1550 2688 μυρίων
1561 2654 1631 2680 ὅσων
1647 2653 1761 2687 ἀγώνων
1772 2652 1826 2679 ἐλά-

1051 2707 1161 2730 σαντες·
1182 2699 1372 2734 ἀναπιμπλᾶσι
1390 2699 1417 2726 δὲ
1437 2699 1483 2726 καὶ
1498 2699 1570 2733 ἡμᾶς
1591 2698 1645 2724 τῶν
1661 2698 1738 2732 σφίσι
1755 2698 1826 2724 δεδω-

1054 2745 1176 2780 ρημὲνων
1201 2745 1229 2777 ἐξ
1251 2746 1359 2780 ἀγάπης
1379 2746 1455 2772 Θεοῦ.
1483 2746 1537 2772 Καὶ
1563 2746 1627 2779 γοῦν
1651 2746 1666 2771 ό
1691 2745 1825 2776 Θεσπέσιος

866 2835 888 2851 ⁷³
899 2835 982 2863 lCor.
997 2842 1051 2867 xiv,
1062 2833 1104 2860 20.
