1924 3043
401 164 445 192 DE
465 162 687 192 ADORATIONE
705 163 740 190 IN
758 161 894 191 SPIRITU
915 162 960 190 ET
978 160 1166 191 VERITATE.
1181 163 1245 191 LIB.
1259 164 1302 192 IV.

1604 166 1657 195 ’522

93 233 128 256 ,ος
139 224 314 260 προσεφώνει
327 225 382 252 τισὶ
395 224 448 251 τῶν
458 225 679 252 πεπιστευκότων
691 233 697 240 ·
712 233 721 250 ι
743 223 818 250 Ἐπι-

881 230 913 250 us
924 222 1067 257 quosdam,
1091 222 1137 257 qui
1150 222 1335 254 crediderant,
1349 223 1540 258 alloquebatur
1555 235 1561 252 ι
1582 235 1591 251 ι
1606 226 1657 254 De-

66 272 102 299 Δῶ
114 271 168 307 γὰρ
192 271 262 298 ἰδεῖν
281 271 353 307 ὑμᾶς
373 271 416 297 ἵνα
440 279 466 297 τι
486 270 593 306 μεταδῶ
614 271 678 306 ὑμῖν
695 270 818 305 χάρισμα

38 317 221 351 πνευματικόν.
243 326 254 342 ι
278 317 314 343 Ἦ
329 317 383 353 γὰρ
395 336 403 348 ,
420 316 481 351 οὐχὶ
505 315 593 348 ξένιον
612 316 748 351 οὐράνιον,
770 315 819 350 χά-

40 363 114 401 ριςμά
131 371 160 389 τε
173 362 364 398 πνευματικὸν
381 358 450 389 εἶναι
470 361 533 398 φὴς,
551 362 601 397 τὴν
622 359 772 396 ἁμώμητόν
789 367 818 386 τε

40 411 78 437 καὶ
89 408 190 444 ἀπλανῆ
204 409 273 444 περὶ
283 408 352 435 Θεοῦ
363 407 473 442 γνῶσιν,
486 408 532 434 καὶ
546 407 594 443 τὴν
607 407 650 442 ἐφ’
662 407 748 434 ἅπασι
763 407 819 438 τοῖς

39 456 142 491 ἀρίστοις
160 454 267 489 εἴδησιν
276 453 396 490 ἀκριδῆς

67 543 163 570 ΠᾹΛΛ.
179 542 247 569 Ναί.
266 542 353 577 Εἴπερ
369 542 427 568 ἐστὶ
445 541 476 568 τὺ
492 541 586 578 χρῆμα
601 540 742 574 ζωοποιόν.
758 541 820 568 Τοι-

40 591 120 624 γάρτοι
131 588 225 622 σαφῶς
239 587 365 615 διειδέναι
380 587 422 619 τίς
436 587 484 623 μὲν
499 587 599 621 ὁφύσει
610 596 639 614 τε
652 587 698 614 καὶ
713 586 820 623 ἀληθῶς

40 636 82 662 τῶν
90 635 153 661 ὅλων
163 634 342 670 δημιουργδς,
358 633 404 660 καὶ
414 633 491 666 Θεὸς,
505 633 569 659 ποία
581 632 609 659 δὲ
617 632 683 669 ζωὴ,
695 633 712 668 ή
721 633 818 668 ἀρίστη

40 681 127 717 τρίεος,
141 682 181 712 είς
196 680 364 716 μακραίωνὰ
377 687 406 706 τε
424 680 470 706 καὶ
487 678 666 715 ἀτελεύτητον
683 677 819 714 ἀποκομί-

40 728 73 759 {at
88 727 167 762 00’1"-

69 773 142 799 ΚΥΡ.
163 770 269 807 Ὀρθῶς
282 771 360 806 ἔφης.
377 770 470 799 Ταῦτά
481 779 521 798 τοι
535 770 669 798 διδάσκων
683 771 758 806 ἡμᾶς
773 771 820 797 καὶ

41 818 108 849 αὐτὸς
121 818 135 844 6
147 816 279 852 Χριστὸς,
295 819 351 849 τοῖς
367 817 454 852 ἁγίοις
468 817 626 848 ἀποστόλοις
643 816 819 850 διεκελεύετο,

42 865 114 898 λέγων
126 872 132 879 -
153 873 162 890 ι
182 863 296 899 Δωρεὰν
315 863 436 896 ἐλάϐετε,
452 864 555 899 δωρεὰν
571 864 640 890 δότε.
660 871 669 888 ι
688 863 738 898 Εῖη
749 863 770 889 δ’
788 863 821 890 ἃν

96 909 194 945 ἑτέρως
211 897 264 936 οῦκ
288 909 406 946 ἀκερδὴς
432 897 595 944 τοῖς-ἀλλοις
616 910 633 945 ἡ
655 909 711 937 τῶν
732 897 820 945 γάγίων
837 897 858 925 Β

44 955 197 991 λαμπρότης
206 956 237 982 ὲν
246 954 302 990 γὰρ
311 956 371 986 ταῖς
381 955 494 981 ἐκείνων
501 952 818 991 εὐδοκιμήσεσιν,ἁφανί-

44 1001 105 1033 {sui
115 1009 163 1028 που
174 1001 208 1027 τὰ
218 1001 235 1036 ἠ
241 1001 300 1036 μῶν
310 1001 377 1038 ἡττή
381 1009 464 1036 ματα,
475 1001 522 1028 καὶ
532 1003 592 1034 ταῖς
601 1002 655 1028 τῶν
666 1002 809 1029 εὐκλεεστέ
816 1018 822 1023 -

46 1057 90 1084 ρων
99 1046 294 1082 προσεσχηκὼς
307 1047 461 1082 εὐψυχίαις,
472 1047 487 1074 ὁ
500 1047 646 1083 φιλάρετος
656 1048 734 1084 ἡμῶν
744 1048 821 1081 Θεδς,

49 1095 95 1125 τοῖς
107 1093 315 1129 ἀσθενεστέροις
334 1093 425 1129 ἀνίησι
440 1093 475 1120 τὰ
495 1089 668 1130 ἐγκλήματα.
688 1094 743 1121 Καὶ
757 1094 823 1129 γοῦν

46 1141 65 1166 οἱ
77 1140 102 1173 ἐξ
115 1139 221 1175 Ἰσραὴλ
229 1139 606 1172 ὰκαθέκτωςάπονενευκότες
617 1141 655 1173 είς
670 1141 822 1177 παρακοὴν,

46 1186 145 1212 καὶτῶν
161 1185 275 1220 φαύλων
289 1185 367 1212 οὐδὲν
384 1185 483 1217 ἐῶντες
512 1186 731 1221 ἀνεπιτήδευτον,
754 1195 824 1222 παρ-

23 1238 36 1254 ο
48 1231 151 1267 ἁπρυναν
165 1231 325 1265 ἀναγκαίως
333 1231 379 1257 τὴν
388 1230 534 1266 νομοθέτην
547 1231 588 1266 ἐφ’
600 1232 714 1263 ἑαυτοῖς·
730 1232 823 1266 ἐπειδὴ

47 1278 70 1303 δὲ
79 1277 149 1309 δίκας
162 1277 213 1312 ἤδη
226 1277 283 1303 τῶν
297 1277 507 1313 τετολμημένων
520 1278 650 1312 πράττειν
667 1277 746 1312 ήοελε
761 1277 826 1309 τοὺς

49 1323 135 1358 ἀγρίως
149 1322 220 1349 οὕτω
233 1322 431 1358 λελυπηκότας,
448 1323 629 1358 προσεκόμιζε
648 1323 697 1358 μὲν
708 1322 756 1354 τὰς
770 1323 825 1349 ἱκε-

48 1369 132 1405 τηρίας
154 1369 169 1396 δ
193 1369 339 1404 προφήτης
372 1368 519 1404 Ἱερεμίας.
545 1369 578 1395 Τί
602 1369 629 1395 δὲ
651 1369 720 1404 πρὸς
747 1368 826 1396 τοῦτο

49 1414 120 1446 Θεήςς
135 1423 144 1440 ι
171 1414 381 1450 Περιδράμετε,
400 1415 492 1450 φησιν,
514 1415 543 1441 ὲν
557 1415 618 1446 ταῖς
636 1415 704 1446 ὁδοῖς
726 1415 825 1450 Ὶερουι

51 1461 139 1496 σαλὴμ.
161 1461 207 1487 καὶ
231 1460 305 1487 ἴδετε
330 1461 377 1487 καὶ
394 1461 492 1494 γνῶτε,
510 1461 556 1487 καὶ
573 1461 707 1496 ζητήσατε
723 1461 751 1488 ὲν
767 1461 826 1492 ταῖς

51 1507 177 1539 πλατείαις
193 1507 299 1542 αὐτῆς,
316 1507 364 1534 ἐὰν
389 1507 488 1543 εὕρητε
515 1508 598 1543 ἄνδρα
622 1508 645 1534 εί
660 1507 717 1533 ἐστι
742 1507 826 1534 ποιῶν

870 267 962 296 sidero
974 268 1048 295 enim
1060 268 1153 296 videre
1166 277 1224 301 vos,
1240 274 1269 296 ut
1295 265 1407 304 aliquod
1422 270 1501 298 vobis
1515 271 1657 307 impertiar

869 313 1010 342 charisma
1037 313 1182 349 spirituale
1206 315 1238 342 ⁷⁸.
1270 322 1279 341 ι
1302 315 1342 342 An
1359 320 1388 343 ιιι
1425 317 1535 344 caeleste
1558 326 1658 346 munus

868 360 1060 396 eharismaqne
1083 358 1224 395 spirituale
1236 367 1296 388 esse
1310 368 1393 397 negas
1417 363 1491 390 illam
1507 363 1659 398 reprehen-

869 406 946 434 sione
981 412 1129 441 erroreque
1153 410 1294 433 vacantem
1324 407 1358 434 de
1375 407 1431 434 Deo
1462 409 1656 444 cognitionem.

869 451 1110 486 certissimamque
1137 451 1170 479 de
1201 450 1285 479 rebus
1320 453 1554 488 prmstantissimis
1578 454 1660 490 118

870 496 1080 533 intelligentiam
1088 497 1101 524 ?

902 543 1002 572 PALL.
1018 543 1075 572 imo
1089 543 1193 572 fateor:
1208 543 1344 579 siquidem
1356 548 1398 572 est
1410 553 1442 572 ea
1457 553 1501 573 res
1513 546 1575 574 vitae
1590 546 1658 575 eﬂ‘e-

873 591 954 618 ctrix.
968 590 1076 618 Etenim
1087 598 1169 618 nosse
1191 591 1254 626 quis
1270 595 1368 618 natura
1392 599 1423 618 ac
1451 599 1546 619 revera
1570 593 1606 620 sit
1618 601 1661 620 re-

870 643 931 664 rum
944 636 1067 663 omnium
1086 636 1178 671 opifex
1192 643 1223 664 ac
1237 635 1320 672 Deus,
1331 636 1405 671 quod
1432 635 1498 663 item
1526 638 1659 672 optimum

869 680 934 714 iter,
949 681 976 709 id
994 689 1060 709 vero
1073 682 1107 709 ad
1128 685 1292 717 perpetuam
1320 682 1394 709 illam
1409 684 1595 717 aeternamque
1621 683 1661 710 vi—

872 733 926 756 tam
940 729 1075 763 perducit.

906 773 984 801 CYR.
998 774 1083 801 Recte
1099 774 1149 801 ais.
1172 774 1262 809 Atque
1276 773 1330 802 hoc
1349 781 1401 801 nos
1422 773 1516 801 docuit
1536 773 1662 802 Christus

872 815 940 854 ipse,
959 824 1022 846 eum
1036 820 1138 847 sanctis
1150 820 1282 855 apostolis
1289 819 1429 855 praecepit,
1447 819 1560 847 dicens:
1576 829 1585 845 ‹
1596 819 1662 847 Gra-

874 866 909 893 tis
923 865 1079 900 accepistis,
1098 865 1182 901 gratis
1193 865 1256 892 date
1268 865 1301 892 ⁷⁷.
1317 875 1326 891 ι
1343 865 1403 892 Alia
1420 872 1531 899 quoque
1556 864 1662 891 ratione

873 917 929 938 non
942 911 1048 938 inutilis
1064 915 1106 938 est
1126 911 1232 938 caeteris
1245 911 1407 938 hominibus
1427 910 1473 937 ille
1503 914 1662 938 sanctorum

875 958 999 986 virorum
1015 957 1161 992 splendor:
1173 957 1282 984 illorum
1299 965 1416 992 namque
1438 956 1521 984 rebus
1532 956 1603 984 bene
1615 964 1662 992 ge—

873 1003 933 1036 stis,
954 1006 1055 1031 nostra:
1072 1002 1219 1030 infeliciter
1244 1007 1326 1038 gesta:
1353 1001 1520 1035 obruuntur,
1546 1007 1574 1030 et
1599 1010 1663 1030 cum

874 1048 1040 1076 nobiliorum
1066 1047 1191 1076 virorum
1219 1048 1303 1076 animi
1333 1048 1524 1077 fortitudinem
1546 1048 1664 1076 attendit

873 1099 968 1122 noster
983 1093 1029 1122 ille
1042 1093 1155 1121 virtutis
1168 1099 1275 1122 amator
1298 1095 1380 1127 Deus,
1398 1094 1597 1122 infirmioribus
1608 1095 1663 1122 cri-

874 1141 950 1168 mina
967 1139 1113 1168 condonat.
1128 1139 1224 1175 Itaque
1244 1140 1383 1173 lsraclitae,
1401 1148 1464 1168 cum
1484 1141 1616 1168 effrenate
1629 1140 1663 1168 ad

875 1186 1076 1214 contemnenda
1096 1186 1189 1213 divina
1204 1185 1332 1214 mandata
1351 1187 1487 1222 proclives
1509 1186 1662 1219 ferrentur,

875 1232 1033 1267 nullamque
1046 1232 1175 1267 nequitia:
1203 1236 1308 1267 partem
1332 1233 1502 1265 omitterent,
1531 1232 1558 1259 in
1581 1240 1663 1267 quam

875 1287 930 1306 non
941 1279 1063 1306 studium
1077 1276 1280 1313 impenderent,
1303 1278 1469 1314 legislatoris
1481 1278 1549 1305 iram
1565 1278 1663 1306 adver-

876 1330 936 1350 sum
952 1331 981 1351 SO
997 1323 1155 1350 necessario
1178 1328 1400 1350 commoverunt:
1489 1331 1550 1351 cum
1570 1331 1665 1358 pcenas

875 1369 1029 1396 facinorum
1043 1368 1077 1396 ab
1092 1369 1136 1401 iis,
1153 1369 1201 1404 qui
1213 1377 1242 1396 se
1269 1370 1338 1396 adeo
1354 1369 1511 1396 immaniter
1532 1369 1664 1396 offendis-

876 1419 948 1446 sent,
961 1422 1071 1442 sumere
1086 1412 1180 1447 vellet,
1196 1414 1413 1449 supplicationes
1438 1414 1464 1441 ei
1478 1414 1577 1441 detulit
1599 1421 1665 1448 pro-

876 1460 960 1496 pheta
973 1460 1116 1488 Jeremias.
1130 1459 1201 1493 Quid
1213 1468 1279 1487 vero
1292 1460 1326 1487 ad
1339 1460 1396 1487 haec
1405 1459 1497 1487 Deus?
1515 1470 1524 1485 ι
1533 1458 1666 1492 Circuitc,

877 1506 976 1542 inquit,
996 1506 1024 1533 in
1038 1506 1089 1533 viis
1100 1506 1263 1538 Jerusalem,
1277 1510 1305 1533 et
1322 1505 1413 1533 videte
1427 1510 1455 1533 et
1468 1505 1624 1541 intelligite,
1639 1509 1668 1533 ct

52 1553 135 1588 κρίμα.
152 1554 199 1580 καὶ
213 1552 305 1589 ζητῶν
329 1553 431 1586 πίστιν,
449 1553 496 1580 καὶ
516 1554 596 1586 ἵλεως
611 1553 708 1589 ἔσομαι
723 1554 824 1586 αὐτοῖς,

878 1551 992 1586 quaerite
1008 1551 1035 1578 in
1050 1550 1150 1586 plateis
1175 1550 1252 1586 ejus;
1274 1554 1312 1583 et,
1327 1550 1350 1578 si
1371 1549 1533 1577 inveneritis
1557 1549 1666 1583 virum;

52 1598 112 1632 λέγει
133 1598 244 1634 Κύριος.
267 1607 276 1624 ι
299 1598 421 1634 Ἀνήσειν
440 1598 470 1625 δὲ
493 1599 538 1625 καὶ
564 1598 692 1633 Σοδόμοις
717 1599 766 1635 τὴν
782 1599 827 1626 διὰ

53 1645 124 1680 πυρὸς
135 1645 187 1680 ἔφη
206 1645 298 1681 δίκην,
315 1646 339 1671 εί
359 1644 437 1671 πέντε
452 1646 525 1676 τινὲς
541 1642 597 1671 εἷεν
609 1645 638 1672 ὲν
651 1645 742 1677 αὐτοῖς
757 1645 826 1672 ὅσιοι

54 1689 90 1714 ul
99 1689 200 1723 ἀγαθοί.
211 1689 318 1716 οὐκοῦν
331 1689 410 1724 ἡτῶν
425 1689 511 1723 ἁγίων
523 1689 696 1726 λαμπρότης,
712 1691 759 1717 καὶ
771 1691 827 1723 τοῖς

54 1735 111 1768 ἄγαν
129 1734 300 1771 ἁμαρτωλοῖς
310 1755 318 1768 ,
341 1734 398 1762 ἔσο*
411 1735 457 1762 ὅτε
469 1755 476 1766 ,
490 1735 522 1761 τὸ
537 1736 575 1770 μὴ
595 1735 757 1768 κολάζεσθαι
772 1736 826 1764 δεῖν

54 1781 207 1816 παραχρῆμα
224 1779 365 1818 προξενεῖ,
378 1781 425 1807 τὸν
437 1781 508 1808 θεῖον
527 1781 620 1818 ὥσπερ
633 1781 827 1809 ὲκδυσωποῦσα

55 1825 126 1861 θυμδν
150 1827 195 1853 καὶ
218 1826 437 1862 ἀνασειράζουσα
456 1826 504 1862 τὴν
525 1827 609 1863 ὀργήν
622 1835 629 1843 ·
651 1829 709 1860 τοῖς
729 1828 758 1855 δὲ
776 1828 827 1864 τὴν

55 1871 132 1900 πίστιν
145 1873 263 1908 γνησίως
287 1872 508 1908 είσδεδεγμένοις,
525 1873 656 1909 εὐψυχίας
667 1883 698 1908 γε
715 1875 768 1910 μὴν
786 1875 826 1907 είς

55 1916 121 1943 τοῦτο
130 1917 195 1944 ἰέναι
207 1918 247 1954 μὴ
262 1918 431 1954 δυναμένοις,
447 1918 484 1950 ὡς
499 1919 588 1951 πόνοις
603 1919 674 1946 ἑλεῖν
687 1919 826 1954 δύνασθαι,

56 1962 94 1994 τδ,
118 1963 161 1990 καὶ
188 1964 270 1991 θείων
301 1965 399 1996 αὐτοὺς
427 1965 612 2000 ἐμπίπλασθαι
638 1966 827 2001 χαρισμάτων,

59 2010 183 2045 μονονουχὶ
207 2010 425 2046 συμμερίζονται
442 2011 490 2042 τὰς
508 2011 698 2047 εὐδοκιμήσεις
709 2033 716 2044 ,
731 2013 827 2040 παιδαν

57 2054 201 2089 γωγοῦντες,
216 2055 255 2088 ὡς
265 2056 314 2088 ἔνι,
329 2056 376 2082 καὶ
386 2057 455 2092 πρὸς
470 2058 523 2083 πᾶν
542 2057 630 2084 ὁτιοῦν
646 2058 828 2094 ἀποφέροντες

57 2099 101 2125 τῶν
117 2100 285 2136 ἀρεσκόντων
303 2100 379 2137 Θεῷ,
397 2102 443 2128 καὶ
457 2101 511 2128 τῶν
527 2101 602 2128 ίδίων
617 2102 715 2134 αὐτοὺς
728 2103 827 2139 ἀνδρα-

57 2143 207 2180 γαθημάτων
230 2146 428 2181 ἀποφαίνοντες
451 2146 595 2180 κοινωνούς
608 2156 614 2163 ·
640 2148 687 2175 καὶ
709 2148 726 2176 ἃ
752 2149 828 2184 μόλις

58 2191 121 2218 οὗτοὶ
133 2191 175 2219 διὰ
191 2193 328 2219 πλείστων
351 2193 597 2229 δσωνηεῦρίσκουσι
620 2194 720 2226 πόνων,
741 2194 829 2222 ταῦτα

879 1598 902 1625 si
921 1597 1005 1625 fuerit
1018 1596 1066 1632 qui
1079 1595 1315 1632 faciatjudicium,
1333 1599 1361 1623 et
1377 1603 1502 1630 qumrens
1525 1594 1606 1622 fidem
1621 1604 1628 1627 ;
1641 1599 1669 1622 et

879 1642 1017 1679 propitius
1040 1650 1089 1670 ero
1106 1641 1183 1677 ipsis,
1212 1634 1435 1670 dicit'Dominus
1458 1640 1490 1667 ⁷⁸.
1506 1650 1515 1666 ι
1542 1639 1669 1668 Sodomis

879 1695 989 1723 quoque
1010 1687 1229 1715 condonaturum
1250 1694 1279 1714 se
1299 1693 1394 1721 poenas
1425 1685 1529 1721 ignium
1551 1685 1629 1717 dixit,
1644 1684 1669 1712 si

879 1735 1003 1770 quinque
1010 1733 1091 1761 modo
1102 1733 1140 1761 ibi
1153 1736 1245 1761 essent
1255 1731 1293 1768 pii
1307 1737 1390 1767 atque
1403 1731 1482 1768 probi
1494 1731 1667 1758 homines”.

880 1776 952 1816 Ergo
965 1783 1132 1807 sanctorum
1142 1778 1265 1806 virorum
1278 1777 1408 1805 nobilitas
1419 1776 1546 1804 maximis
1558 1783 1669 1811 quoque

879 1824 1070 1860 peccatoribus
1081 1822 1300 1858 quandoque,ne
1327 1821 1419 1849 statim
1441 1820 1603 1856 puniantur,
1615 1820 1668 1847 im-

880 1875 980 1907 petrat,
993 1879 1055 1898 cum
1067 1870 1189 1898 divinam
1214 1869 1431 1906 indignationem
1445 1869 1537 1896 ﬂectat
1548 1873 1577 1896 et
1599 1869 1668 1896 iram

881 1921 1009 1946 revocet:
1028 1924 1090 1945 cum
1104 1916 1137 1944 iis
1152 1925 1230 1950 vero,
1243 1917 1291 1952 qui
1307 1917 1388 1945 ﬁdem
1409 1917 1516 1945 sincere
1538 1925 1669 1953 suscepe-

881 1967 957 1996 runt,
970 1971 1022 1991 nec
1038 1967 1128 1991 tamen
1141 1962 1175 1990 ad
1201 1970 1262 1990 eam
1275 1963 1495 1998 magnitudinem
1523 1963 1669 1999 pervenire

881 2014 1041 2046 potuerunt,
1066 2014 1098 2037 ut
1119 2009 1215 2037 labore
1232 2009 1389 2037 divinorum
1411 2009 1610 2037 charismatum
1621 2017 1669 2037 co-

881 2057 953 2093 piam
964 2057 1016 2084 sibi
1032 2060 1233 2092 compararent.
1245 2055 1445 2091 propemodum
1452 2063 1565 2084 suarum
1577 2063 1670 2084 rerum

881 2107 1018 2139 gestarum
1031 2102 1140 2130 laudem
1151 2103 1366 2136 communicant,
1380 2102 1408 2130 in
1419 2110 1454 2130 eo
1469 2101 1544 2137 quod
1559 2109 1618 2135 eos,
1640 2106 1671 2129 ut

882 2148 942 2176 ﬁeri
954 2152 1053 2184 potest,
1067 2147 1223 2181 instituunt,
1238 2148 1272 2175 ad
1283 2156 1369 2183 eaque
1381 2149 1483 2182 omnia,
1495 2155 1668 2184 quacunque

881 2196 937 2223 Deo
949 2195 1067 2230 placent,
1080 2194 1253 2230 perducunt;
1281 2199 1363 2228 atque
1380 2193 1408 2220 in
1429 2194 1589 2221 societatem
1605 2201 1670 2221 suo-

58 2238 107 2268 ταῖς
120 2238 218 2273 ἐτέρων
231 2238 345 2270 ἐνιέντες
360 2238 469 2273 ψυχαῖς.
482 2238 542 2265 ’Ὁτι
557 2238 611 2274 γὰρ
626 2239 824 2277 συμμεθέξομει

885 2246 946 2266 rum
956 2237 1069 2266 fortium
1082 2238 1216 2266 factorum
1238 2238 1300 2265 illos
1322 2238 1482 2271 asciscant;
1498 2242 1527 2265 et
1539 2246 1600 2273 quae
1618 2238 1670 2273 ipsi

59 2282 104 2314 τοῖς
118 2283 199 2318 ἁγίοις
210 2285 260 2311 καὶ
274 2285 323 2319 τῆς
339 2283 452 2319 ἐνούσης
467 2282 559 2316 αὐτοῖς
570 2283 771 2321 λαμπρότητος,
784 2287 832 2314 καὶ

59 2327 103 2354 τῶν
116 2330 366 2365 ἀνδραγαθημάτων
388 2329 508 2365 ἐσόμεθα
525 2330 648 2357 κοινωνοὶ
662 2352 669 2364 '
689 2331 719 2364 ἐξ
733 2331 832 2369 ἡμερά

58 2381 125 2408 τητος
143 2376 187 2402 καὶ
209 2375 430 2411 φιλανθρωπίας,
454 2375 488 2402 τὰ
512 2376 590 2412 ἡμῶν
606 2377 750 2412 ἡττήματα
775 2380 831 2411 τοῖς

59 2419 155 2448 ἐκείνων
175 2422 396 2458 γατσροώμασιν,
417 2422 498 2448 οἱονεὶ
527 2423 715 2459 συμφύροντός
737 2433 766 2450 τε
783 2426 830 2453 καὶ

59 2464 242 2501 ἀνακιρνῶντος
259 2466 347 2498 Θεοῦ,
368 2468 415 2494 καλ¹
436 2468 466 2494 τὸ
494 2467 583 2499 ἐνδεὲς
606 2466 645 2504 τῷ
671 2468 830 2505 τελειοτέρῳ

61 2511 227 2548 συνείροντος,
243 2513 277 2539 ἶν’
291 2513 335 2548 εἴη
357 2513 449 2540 δεκτόν
463 2522 470 2528 ι
488 2513 573 2548 σαφὲς
602 2513 635 2540 ἂν
650 2513 754 2548 γένοιτο
783 2515 830 2541 καὶ

61 2555 96 2582 διὰ
107 2558 194 2585 τούτου
207 2559 302 2586 πάλιν.

882 2286 927 2313 vix
945 2286 1060 2313 summis
1079 2285 1220 2313 laboribus
1247 2289 1424 2320 pepererunt,
1448 2291 1481 2312 ea
1505 2284 1533 2310 in
1552 2284 1669 2311 aliorum

883 2328 1029 2359 hominum
1038 2330 1137 2358 animis
1148 2330 1282 2357 inserunt.
1297 2327 1367 2356 Fore
1380 2333 1483 2360 autem,
1494 2333 1524 2355 ut
1539 2336 1592 2354 una
1607 2335 1669 2355 cum

882 2378 984 2405 sanctis
999 2377 1067 2404 viris
1075 2376 1240 2408 claritatem,
1255 2383 1315 2410 quae
1333 2374 1388 2401 illis
1412 2374 1495 2406 inest,
1521 2373 1668 2409 participe-
1684 2409 1687 2413 τ

882 2431 953 2455 mus,
968 2427 1103 2450 eteorum
1118 2421 1246 2457 praeiere
1257 2425 1397 2456 gestorum
1418 2419 1485 2448 socii
1501 2420 1598 2452 simus,
1614 2419 1670 2447 Deo

883 2477 917 2496 ex
931 2468 1100 2503 benignitate
1111 2472 1192 2502 atque
1209 2466 1353 2494 clementia
1362 2470 1470 2493 nostras
1481 2466 1576 2500 culpas
1590 2470 1618 2492 et
1630 2465 1671 2493 in-

883 2514 954 2542 ﬁrmi
959 2519 1027 2542 tates
1037 2523 1098 2542 cum
1111 2515 1220 2541 illorum
1232 2517 1305 2540 recte
1313 2513 1382 2540 actis
1392 2512 1476 2539 veluti
1484 2511 1670 2540 confundente

883 2568 916 2588 ac
929 2561 1125 2596 permiscente,
1142 2560 1223 2595 idque
1241 2558 1315 2594 quod
1333 2558 1491 2586 hiematum
1515 2561 1559 2585 est
1572 2561 1601 2584 et
1616 2557 1669 2584 im-

63 2602 204 2637 perfectum,
224 2613 287 2632 eum
319 2613 353 2632 eo
384 2605 456 2640 quod
482 2610 524 2633 est
546 2605 704 2640 perfectius,
724 2609 755 2633 ut
770 2610 876 2641 gratum
905 2611 1103 2642 acceptumque
1132 2605 1188 2638 fiat,
1222 2605 1402 2637 conferente;
1418 2603 1447 2632 id
1481 2604 1535 2631 hoc
1559 2609 1670 2639 quoque

64 2648 201 2677 testimonio
221 2651 302 2686 119
313 2650 488 2678 manifestum
509 2650 566 2678 fieri
585 2655 685 2686 potest.

92 2694 182 2723 nm.
201 2697 281 2723 Ποίου
292 2697 324 2732 δή
337 2705 407 2728 τινος
420 2697 487 2732 quis;

92 2740 164 2768 ΚΥΡ.
178 2742 320 2769 Μωαϐῖται
335 2742 381 2769 καὶ
404 2742 575 2777 Μαδιηναῖοι,
600 2741 664 2776 ἔθνη
682 2741 731 2777 μὲν
746 2742 832 2777 ἤστην

67 2785 144 2814 ἀνόσιά
153 2796 180 2815 τε
185 2789 232 2816 καὶ
241 2789 376 2824 βάρϐαρα,
386 2789 564 2824 κατενέμοντο
576 2788 604 2815 δὲ
611 2788 661 2823 τῆς
668 2788 833 2822 ἐπαγγελίας

95 2875 114 2891 ’⁸
127 2875 228 2911 Rom.r,
243 2878 288 2905 ll.
325 2878 347 2898 ""
368 2877 463 2911 Matth,
475 2885 499 2909 κ,
512 2876 538 2903 8.
577 2876 600 2892 ⁷⁸
609 2876 699 2910 Jer.v,
716 2877 740 2905 ί.

924 2695 1023 2723 PALL.
1041 2693 1153 2729 Ecquod
1171 2693 1237 2720 illud
1252 2693 1313 2720 est?

922 2740 1001 2770 (ΠΒ.
1027 2741 1152 2768 Moabitae
1176 2747 1207 2767 ac
1232 2739 1395 2771 Madianitze,
1424 2735 1515 2773 impiae
1547 2734 1681 2787 quaedam;

886 2791 967 2815 erant
992 2794 1023 2814 ac
1040 2787 1164 2814 barbarae
1185 2789 1293 2821 gentes;
1319 2783 1476 2814 incolebant
1490 2786 1585 2812 autem
1604 2783 1680 2818 pro-,1

790 2877 823 2893 ⁷⁵⁴
851 2876 919 2905 Gen.
932 2876 1063 2908 “111,52.
