1924 3043
232 133 285 162 523

740 129 768 156 S.
789 127 926 156 CYRILLI
948 125 1184 154 ALEXANDRINI
1204 124 1361 153 ARCHIEP.

1822 120 1871 145 ξῆν
1875 139 1883 142 μ

234 189 372 218 missionis
381 192 491 219 terram,
500 195 581 222 quam
593 192 671 215 erant
682 186 730 213 filii
743 186 825 213 Israel
835 185 990 221 possessuri
1008 192 1014 210 :

1085 184 1116 219 ὴν
1129 183 1180 218 γῆν
1191 203 1198 214 ,
1215 184 1248 218 ἣν
1270 180 1476 218 κληρονομίζειν
1492 179 1602 216 ἔμελλον
1624 178 1649 205 οἱ
1663 177 1720 204 υἱοὶ
1740 175 1851 212 Ἰσραή
1859 173 1913 198 λο

233 231 351 270 eumque
366 235 518 269 proximum
543 238 617 261 esset
631 234 687 269 jam
713 233 890 268 vicinumque
904 232 1017 264 bellum,

235 289 265 308 ac
280 288 360 315 quam
371 280 490 315 primum
506 284 597 307 essent
608 280 736 315 perituri,
747 284 775 307 et
789 279 823 306 ad
839 279 1018 314 congredien-

234 325 297 353 dum
308 333 368 352 cum
379 325 561 352 Israelitarum
570 325 691 353 exercitu
702 326 829 360 impares,
844 327 1020 352 tentaverunt

234 371 346 406 magicis
366 371 482 402 artibus,
509 370 677 406 nefariisque
702 370 810 402 studiis,
840 369 941 404 quibus
968 367 1020 402 ipsi

232 416 318 444 dediti
332 420 428 449 erant,
445 416 551 444 hostem
568 417 740 451 propulsare.
761 415 829 444 Cum
845 423 910 443 vero
930 414 1021 442 omnia

234 462 404 494 molirentur,
422 462 544 497 nihilque
558 461 793 489 incommodarent
815 461 887 488 hosti
910 460 1021 496 (quippe

233 509 310 543 cujus
335 509 408 535 Deus
426 512 499 536 esset
527 514 723 544 propugnator,
754 508 912 542 falsumque
930 511 1021 534 vatem

233 553 352 585 Balaam,
364 554 421 588 qui,
433 558 463 580 ut
471 554 539 581 male
550 557 719 590 precaretur,
731 553 882 581 conductus
894 552 1022 580 mercede

233 597 333 631 fuerat,
356 599 390 626 ad
403 599 622 626 benedicendum
646 598 849 633 convertisset),
869 603 899 625 ut
918 598 966 632 qui
987 597 1022 625 ad

234 651 369 671 summam
382 644 489 671 consilii
504 644 623 679 inopiam
639 648 732 671 essent
741 645 797 679 jam
813 643 936 677 adducti,
952 643 1023 671 hanc

234 689 286 724 ipsi
298 695 393 716 secum
407 690 540 717 rationem
554 690 685 721 inierunt,
706 697 761 716 non
777 697 806 716 se
822 689 875 716 alia
886 689 930 716 via
941 697 1022 723 posse

233 734 371 762 Israelitas
385 734 493 767 laedere,
506 735 558 762 nisi
569 735 666 766 Deum,
677 734 705 761 in
719 742 774 769 quo
784 734 941 770 praesidium
956 734 1023 769 ipsis

234 784 294 807 erat
311 781 509 812 constitutum,
531 779 722 812 offendissent,
743 787 775 807 ac
791 780 887 807 nudati
904 787 1023 814 superno

236 825 350 858 auxilio,
361 833 478 861 pugnam
488 824 620 852 adversus
632 825 707 860 ipsos
718 824 866 852 ineundam
875 824 1021 852 ducerent.

235 871 339 906 Itaque,
349 878 411 898 cum
421 870 523 898 scirent
531 869 667 897 fervidum
679 878 738 897 esse
750 869 929 897 masculinum
938 877 1024 904 genus

235 923 267 942 ac
280 922 401 950 praeceps
412 915 440 942 in
450 914 583 947 feminas;
596 919 624 942 et
637 914 769 941 adversus
780 913 914 950 ejusmodi
926 914 1024 941 obsce-

235 960 363 987 nissimas
379 960 535 995 voluptates
551 967 607 986 non
619 967 679 987 esse
699 964 784 987 tutam
800 959 1023 991 adolescentiam,

236 1005 414 1034 mulierculas
437 1005 625 1032 submiserunt
653 1008 809 1037 exornatas,
831 1012 892 1040 quae
905 1003 1024 1032 ﬁliosls-

237 1051 292 1078 rael
306 1051 340 1078 ad
361 1054 469 1086 turpem
483 1049 710 1078 consuetudinem
726 1050 933 1084 pertraherent;
956 1056 1024 1084 qua—

241 1105 303 1124 rum
335 1097 426 1132 specie
453 1096 581 1123 facillime
605 1095 784 1131 capiebantur
810 1095 966 1130 quicunque
991 1094 1025 1122 ad

238 1143 328 1172 carnis
342 1143 408 1169 vitia
428 1142 564 1177 proclives
576 1145 673 1175 erant;
691 1146 720 1168 et
732 1141 842 1169 illarum
860 1141 1026 1168 sententiam

239 1192 385 1223 sequentes
394 1187 496 1215 sensim
509 1195 524 1214 a
538 1187 586 1214 Dei
603 1186 679 1214 cultu
698 1186 913 1214 deducebantur.
931 1186 1025 1220 Itaque

239 1234 293 1261 illis
315 1233 349 1260 ad
375 1232 565 1260 fornicationis
593 1232 720 1260 morbum
743 1231 884 1267 apostasia:
911 1232 1025 1267 languor

239 1278 395 1306 accedebat.
410 1277 548 1313 Scriptum
560 1282 602 1305 est
613 1278 687 1305 enim
701 1286 708 1304 :
730 1278 778 1305 «Et
790 1277 915 1304 initiatus
926 1281 967 1304 est
976 1285 1026 1312 po-

240 1325 320 1360 pulus
331 1324 499 1359 Beelphegor
511 1325 560 1351 ⁷⁸.»
574 1323 603 1351 ld
617 1324 706 1359 ipsum
719 1324 913 1359 prophetarum
920 1331 1028 1359 quoque

240 1377 306 1397 voce
326 1369 365 1396 sic
378 1368 446 1396 dixit
464 1369 536 1395 Deus
555 1377 561 1394 :
581 1378 590 1395 ι
607 1369 642 1396 Et
659 1369 778 1404 populus
791 1368 945 1404 intelligens
962 1375 1028 1395 cou-

239 1417 350 1452 junctus
363 1420 404 1443 est
410 1423 472 1444 cum
481 1416 623 1443 meretrice
631 1417 678 1442 ³ο.»
690 1416 752 1443 Ilaec
761 1415 859 1452 flagitia
869 1415 1027 1451 gravissime

242 1463 315 1495 tulit,
343 1469 395 1490 nec
417 1461 573 1494 immerito,
598 1461 754 1497 legislator;
783 1469 871 1495 neque
895 1461 1027 1496 impunita

242 1509 371 1536 Israelitis
380 1516 411 1536 ea
421 1515 465 1535 res
483 1507 550 1540 fuit;
566 1507 638 1534 illico
646 1515 762 1542 namque
775 1507 834 1542 ejus
842 1507 935 1542 ﬂagitii
947 1514 1027 1534 causa

244 1555 313 1582 mala
337 1554 409 1589 passi
430 1558 495 1581 sunt
518 1561 573 1581 non
596 1553 725 1580 ferenda:
751 1560 813 1579 cum
831 1552 879 1587 qui
902 1551 1029 1579 fornicati

244 1600 370 1632 fuissent,
382 1599 474 1626 fratris
493 1607 524 1626 ac
535 1598 652 1634 proximi
664 1598 706 1625 sui
716 1597 832 1632 quisque
850 1605 932 1625 manu
947 1597 1030 1624 inter-

245 1646 398 1673 ficerentur.
415 1646 546 1680 Przecepit
561 1648 650 1672 autem
669 1644 740 1672 Deus
747 1644 876 1672 continuo
887 1648 917 1672 ut
933 1644 1029 1672 adver-

244 1698 291 1717 sus
305 1690 464 1718 Madianitas
476 1690 577 1717 bellum
593 1688 788 1724 susciperetur,
799 1689 895 1717 dicens
912 1689 944 1716 ad
956 1689 1029 1726 llon-

245 1743 303 1767 sen,
321 1735 398 1764 illum
413 1743 551 1762 sacrorum
564 1735 742 1770 interpretem
755 1744 762 1762 :
777 1745 785 1760 ι
800 1735 938 1764 Ulciscere
950 1735 1031 1762 ultio-

246 1789 307 1808 nem
318 1780 436 1808 filiorum
448 1781 529 1808 Israel
542 1781 575 1808 de
593 1781 765 1814 Madianitis;
784 1785 812 1808 et
828 1781 862 1808 ad
877 1786 1031 1809 extremum

246 1827 356 1855 adderis
368 1827 401 1854 ad
412 1827 542 1862 populum
558 1831 646 1854 tuum.
665 1826 699 1854 Et
711 1827 820 1854 locutus
829 1832 871 1855 est
881 1827 987 1863 Moyses
998 1828 1031 1855 ad

246 1873 389 1908 populum,
399 1872 494 1899 dicens
506 1880 511 1897 ε
524 1870 634 1899 Armate
646 1879 679 1898 ex
690 1871 768 1899 vobis
781 1873 865 1905 viros,
881 1876 1031 1908 etpugnate

247 1925 338 1944 coram
357 1917 472 1944 Domino
495 1921 590 1944 contra
604 1916 720 1949 Madian,
744 1917 859 1945 reddere
883 1918 1031 1945 vindictam

247 1962 364 1989 Domino
375 1962 408 1989 de
419 1961 537 1993 Madian,
549 1961 623 1988 mille
638 1969 672 1988 ex
686 1962 770 1994 tribu,
785 1966 813 1990 et
824 1962 897 1990 mille
908 1971 942 1990 ex
959 1963 1031 1990 tribu

248 2014 280 2034 ex
292 2007 419 2034 omnibus
432 2006 558 2033 tribubus
575 2006 657 2033 Israel
676 2006 777 2033 mittite
797 2007 830 2034 ad
845 2008 1030 2042 pugnandum.

251 2052 331 2086 120
338 2051 371 2078 Et
378 2054 556 2078 numerarunt
566 2058 599 2078 ex
608 2051 729 2078 millibus
738 2051 819 2078 Israel
827 2052 939 2079 milleex
949 2053 1019 2080 tribu
1025 2074 1031 2086 ,

249 2096 395 2123 duodecim
421 2096 507 2123 millia
527 2099 694 2123 armatorum
713 2096 741 2123 in
763 2104 895 2132 pugnam,
913 2101 941 2125 et
960 2098 1034 2125 misit

249 2148 298 2169 eos
323 2141 429 2176 Moyses
449 2141 523 2168 mille
544 2141 578 2168 de
595 2141 680 2173 tribu,
699 2144 726 2168 et
742 2141 816 2168 mille
839 2141 872 2169 de
885 2142 956 2170 tribu
971 2151 1033 2171 cum

249 2185 372 2214 exercitu
401 2194 496 2213 eorum
517 2194 524 2213 ι
553 2190 582 2213 et
601 2186 720 2214 Pliinees
746 2186 818 2215 ﬁlius
851 2188 963 2216 Eleazar
985 2189 1034 2216 filii

255 2233 345 2260 Aaron
358 2232 517 2265 sacerdotis,
539 2237 567 2260 et
577 2241 642 2260 vasa
655 2237 757 2266 sancta,
775 2237 803 2260 et
815 2234 887 2262 tuba:
897 2235 1035 2270 signorum

250 2279 279 2306 in
292 2279 420 2306 manibus
435 2286 541 2306 eorum.
559 2278 592 2306 Et
607 2284 797 2314 pugnaverunt
807 2285 901 2307 contra
917 2280 1034 2313 Madian,

251 2325 322 2352 sicut
341 2324 470 2359 praecepit
486 2324 618 2351 Dominus
632 2324 726 2360 Moysi,
738 2329 766 2352 et
779 2325 941 2353 occiderunt
954 2333 1035 2353 omne

250 2371 442 2402 masculinum,
465 2374 493 2397 et
517 2377 595 2404 reges
629 2370 736 2398 Madian
769 2371 930 2398 occiderunt
954 2372 1035 2399 simul

251 2415 470 2442 cumvulneratis
482 2423 588 2447 eorum,
603 2421 631 2443 ct
646 2416 706 2448 Evi,
721 2420 749 2443 et
764 2417 877 2449 Rocom,
892 2421 919 2444 et
934 2417 996 2449 Sur,
1008 2411 1050 2445 et.

251 2461 300 2493 Ur,
322 2466 351 2488 et
375 2461 480 2493 Roboc,
502 2461 624 2496 quinque
650 2469 729 2497 reges
745 2462 861 2494 Madian,
881 2466 908 2489 et
932 2462 1038 2489 Balaam

252 2506 339 2533 tilium
358 2505 428 2533 Beor
443 2506 605 2533 occiderunt
623 2506 713 2542 gladio
727 2507 807 2534 simul
818 2515 880 2534 cum
888 2508 1041 2535 vulneratis

252 2559 366 2584 eorum;
390 2556 419 2578 et
432 2551 553 2586 captivas
573 2552 711 2579 duxerunt
732 2552 861 2580 mulieres
881 2553 997 2586 Madian,
1012 2558 1041 2580 et

254 2596 450 2631 supellectilem
466 2604 573 2630 eorum,
590 2602 618 2625 et
631 2605 729 2631 pecora
746 2604 852 2629 eorum,
864 2606 929 2633 opes
941 2606 1036 2626 eorum

253 2647 281 2670 et
294 2643 449 2671 facultatem
471 2651 566 2671 eorum
581 2643 737 2678 depopulati
759 2648 832 2675 sunt,
846 2648 873 2671 et
885 2651 980 2671 omnes
996 2645 1036 2671 ci-

257 2689 354 2718 vitates
363 2698 468 2724 eorum,
480 2692 628 2727 quaerant
644 2688 671 2715 in
689 2688 906 2717 habitationibus
925 2698 1033 2723 eorum,

292 2759 313 2774 ⁷³³
323 2759 403 2787 Num.
425 2768 486 2793 xxv,
497 2760 524 2786 5.
561 2759 584 2774 ¹⁰
593 2758 661 2786 Osee
674 2766 710 2790 γι,
724 2759 767 2785 14.

293 2831 329 2866 (I)
344 2831 410 2859 Cod.
428 2832 531 2862 Vatia,
551 2828 757 2864 πολεμούμενοι,
779 2827 910 2856 bellaturi.

1076 228 1186 264 Ἐπειδὴ
1201 229 1229 254 δὲ
1248 227 1333 263 ἀγχοῦ
1355 236 1384 254 τε
1412 226 1505 252 λοιπον
1528 225 1576 252 καὶ
1595 223 1697 259 γείτων
1715 224 1729 249 ὁ
1742 222 1907 255 πόλεμος

1069 273 1103 311 ἦν
1120 275 1170 310 ήδη
1191 283 1248 306 πως
1260 295 1267 306 ,
1293 273 1331 305 ὡς
1345 273 1444 300 αὐτίκα
1460 271 1493 307 δὴ
1510 271 1581 306 μάλα
1598 268 1786 303 ἀπολούμενοι
1810 266 1868 311 (LI
1887 284 1899 293 .

1071 321 1118 348 καὶ
1131 322 1190 352 ταῖς
1207 319 1253 346 τοῦ
1272 319 1379 354 Ἰσραὴλ
1394 318 1539 353 δυνάμεσιν
1560 315 1721 349 άντεξάγειν
1744 313 1800 348 οὐχ
1819 308 1901 338 οἶοί

1069 376 1111 399 τε,
1126 365 1344 403 προσεπειρῶντο
1360 365 1420 400 μὲν,
1435 363 1531 399 μάγων
1545 362 1637 397 τέχνῃ,
1652 362 1701 387 καὶ
1717 361 1776 390 τοῖς
1791 358 1898 392 παρὶ

1072 412 1162 447 σφίσιν
1179 411 1298 441 ἀνοσίοις
1309 409 1516 444 ἐπιτηδεύμασι,
1534 405 1790 443 προσαποσείεσθαι
1806 403 1898 432 τοὺς

1072 458 1195 493 ἐχθρούς.
1218 456 1327 492 Ἐπειδὴ
1342 455 1370 482 δὲ
1386 455 1474 482 πάντα
1495 453 1612 489 δρῶντες
1625 472 1633 484 ,
1649 451 1760 486 ἠδίκουν
1776 449 1893 477 οὐδὲν,

1072 503 1138 530 Θεοῦ
1160 502 1393 538 προασπίζοντος,
1417 501 1463 527 καὶ
1478 499 1524 526 τὸν
1547 498 1730 534 ψευδόμαντιν
1746 495 1895 528 Βαλαὰμ

1073 547 1113 579 εἰς
1127 547 1158 573 τὸ
1174 547 1295 581 εὐλογεῖν
1309 545 1531 581 περιτρέποντος,
1550 543 1597 570 καί
1608 551 1649 568 τοι
1663 541 1731 576 πρὸς
1748 541 1782 567 τὸ
1800 541 1891 565 ἐπα-

1074 594 1172 630 ρᾶσθαι
1189 594 1244 620 δεῖν
1262 590 1504 628 μεμισθαρνηκότα
1516 589 1554 620 ὡς
1564 589 1592 615 ὲν
1606 587 1738 623 ἀπορίαις
1753 586 1812 622 ἠδη
1829 593 1893 618 γε-

1073 641 1180 676 νόμενοι
1196 640 1255 671 ταῖς
1267 639 1406 673 ἐσχάταις,
1420 635 1573 670 ἐλογίζοντο
1585 634 1658 662 κατὰ
1671 634 1743 668 σφᾶς
1753 632 1890 662 αὐτοὺς.

1076 687 1113 722 μὴ
1128 686 1160 713 ἂν
1175 685 1274 720 ἑτέρως
1290 684 1410 718 ἰσχύσειν
1423 681 1550 716 ἀδικῆσαι
1569 680 1615 706 τὸν
1637 678 1759 714 Ἰσραὴλ,
1784 677 1814 703 εἱ
1836 676 1891 711 μὴ

1075 731 1135 766 Θεῷ
1149 730 1187 766 τῷ
1199 728 1377 765 προεστηκότι
1392 725 1618 762 προσκρούσειαν,
1635 724 1681 751 καὶ
1695 723 1803 758 γυμνοὶ
1823 723 1889 756 τῆς

1074 776 1177 804 ἄνωθεν
1195 774 1354 810 ἐπικουρίας
1367 773 1417 808 τῆς
1434 772 1502 809 πρὸς
1522 770 1619 802 αὐτοὺς
1633 791 1640 802 ,
1656 770 1735 804 εἴπερ
1749 769 1885 798 ἕλοιντο,

1075 822 1249 856 συγκροτοίεν
1270 820 1369 855 μάχην.
1397 818 1503 850 Εἰδότες
1531 817 1554 843 δ’
1572 817 1613 843 ὅτι
1637 816 1740 852 θερμόν
1765 823 1799 841 τε
1827 814 1886 840 καὶ

1075 868 1192 904 προαλὲς
1207 867 1246 899 εἴς
1265 875 1296 901 γε
1310 866 1342 892 τδ
1356 865 1421 901 Θῆλυ
1436 864 1467 891 τὸ
1480 864 1574 899 ἄρσεν,
1590 863 1637 890 καὶ
1657 863 1715 893 ταῖς
1731 862 1772 893 είς
1787 859 1886 887 τοῦτο

1077 913 1285 950 μυσαρωτάταις
1299 911 1406 947 ἡδοναῖς
1421 911 1470 937 οὐκ
1481 909 1604 944 ἀσφαλὴς
1615 910 1631 944 ὴ
1644 908 1749 943 νεότης,
1766 906 1884 941 γύναια

1075 960 1205 987 καθίεσαν
1224 958 1429 994 ὲξωραῖσμένα,
1454 957 1522 992 πρὸς
1541 955 1651 992 ὁμιλίαν
1666 954 1716 981 οὒκ
1736 951 1883 988 εὐπρεπῆ

1075 1007 1133 1037 τοῖς
1150 1004 1181 1038 ἐξ
1203 1004 1321 1040 Ἰσραὴλ,
1342 1000 1379 1030 ὧν
1394 1004 1455 1034 ταῖς
1478 1002 1563 1038 ὥραις
1580 1000 1743 1035 έτοιμότατα
1764 1006 1883 1033 συνηρ-

1076 1051 1177 1083 πάξετο
1189 1050 1241 1077 πᾶν
1253 1050 1315 1076 ὅσον
1326 1046 1359 1084 ἦν
1371 1048 1482 1079 εὐπετὲς
1500 1048 1540 1079 εἰς
1553 1047 1584 1073 τδ
1601 1046 1688 1073 νοσεῖν
1702 1044 1737 1071 τά
1752 1043 1880 1079 σαρκὸς,

1076 1095 1275 1132 παρεκομίζετό
1286 1103 1316 1122 τε
1333 1094 1404 1122 κατά
1415 1093 1502 1129 βραχῦ
1522 1092 1572 1127 τῆς
1584 1093 1623 1123 εἰς
1642 1090 1709 1118 Θεδν
1724 1089 1879 1125 λατρείας.

1076 1142 1135 1174 ταῖς
1149 1141 1260 1168 ἐκείνων
1274 1141 1400 1176 ἑπόμενοι
1415 1139 1548 1174 γνώμαις.
1562 1137 1781 1174 Συνηρῥώστουν
1791 1143 1825 1161 τε
1840 1136 1878 1169 τῇ

1080 1187 1192 1223 πορνείᾳ
1216 1187 1266 1222 τὴν
1281 1186 1440 1213 ἀπόστασιν.
1455 1185 1611 1220 Γέγραπται
1622 1184 1676 1218 γάρ
1686 1190 1693 1196 ·
1712 1191 1722 1207 ι
1739 1182 1797 1207 Καὶ
1811 1181 1879 1206 ἐτε-
1903 1202 1919 1218 ⁸

1080 1233 1163 1269 λέσϐη
1177 1233 1191 1259 ὁ
1204 1233 1268 1264 λαὸς
1281 1232 1320 1267 τῷ
1333 1231 1503 1266 Βεελφεγώρ.
1519 1240 1528 1256 ι
1546 1229 1616 1256 Αὐτὸ
1630 1228 1658 1254 δὲ
1671 1227 1747 1254 τουτὶ⁸
1761 1227 1813 1254 καὶ
1829 1226 1879 1252 διὰ

1078 1280 1170 1315 φωνῆς
1187 1278 1335 1315 προφητῶν
1360 1277 1412 1313 ἔφη
1430 1277 1513 1309 Θεός·
1531 1286 1539 1302 ι
1561 1275 1616 1302 Καὶ
1632 1276 1646 1301 ο
1658 1274 1722 1306 λαὸς
1734 1274 1749 1300 ὀ
1767 1272 1877 1300 συνιὼν

1079 1326 1257 1353 συνεπλέκετο
1275 1324 1344 1360 μετὰ
1358 1323 1471 1359 πόρνης.
1489 1332 1499 1348 ι
1524 1321 1686 1356 Ἠγανάκτει
1698 1321 1748 1356 μὲν
1760 1316 1809 1346 οὖν
1824 1318 1876 1345 καὶ

1081 1372 1198 1408 μάλιστα
1215 1371 1327 1403 εἰκότως
1345 1370 1390 1397 ἐπὶ
1403 1369 1508 1400 τούτοις
1524 1369 1537 1394 ὁ
1550 1367 1714 1403 νομοθέτης,
1731 1365 1781 1392 καὶ
1790 1362 1829 1399 ἦν
1842 1363 1876 1390 τὸ

1082 1419 1176 1454 χρῆμα
1188 1419 1244 1449 τοῖς
1258 1417 1289 1450 ἐξ
1314 1415 1421 1452 Ἰσραὴλ
1435 1415 1485 1442 οὐκ
1507 1414 1632 1449 ἀζήμιον.
1655 1412 1698 1439 Ἐν
1717 1411 1875 1446 ἀφορήτοις

1081 1464 1136 1498 γάρ
1152 1462 1221 1499 ἦσαν
1243 1463 1323 1494 εὐθὺς
1339 1463 1383 1489 διά
1397 1461 1476 1488 τοῦτο
1500 1461 1669 1496 συμφοραῖς,
1685 1457 1804 1492 ἀδελφοῦ
1823 1457 1873 1483 καὶ

1081 1510 1200 1545 γείτονος
1225 1509 1428 1544 δαπανωμένων
1452 1507 1524 1542 χειρὶ
1548 1507 1602 1533 τῶν
1630 1504 1872 1541 πεπορνευκότων.

1082 1555 1223 1592 Αίρεῖσθαι
1241 1555 1270 1581 δὲ
1286 1554 1353 1589 πρὸς
1373 1552 1556 1588 Μαδιηναίους
1572 1551 1652 1583 εὐθὺς
1667 1550 1797 1577 διετύπου
1821 1549 1874 1575 πό-

1083 1603 1164 1638 λεμον
1191 1601 1278 1636 λέγων
1299 1600 1366 1636 πρὸς
1380 1599 1426 1626 τὸν
1445 1598 1608 1635 ἱεροφάντην
1631 1597 1734 1625 Μωσέα
1751 1596 1838 1628 Θεός·

1074 1648 1205 1675 ιῈκδίκει
1226 1647 1277 1683 τὴν
1302 1646 1441 1682 ἐκδίκησιν
1459 1645 1511 1673 τῶν
1539 1645 1604 1672 υἱῶν
1625 1643 1735 1680 Ἰσραὴλ
1761 1644 1793 1669 ὲκ
1817 1642 1874 1668 τῶν

1083 1693 1273 1726 Μαδιανιτῶν,
1290 1693 1338 1720 καὶ
1360 1692 1471 1728 ἔσχατον
1495 1690 1636 1727 προσθήσῃ
1658 1689 1726 1725 πρὸς
1747 1689 1793 1716 τὸν
1807 1688 1874 1715 λαόν

1086 1749 1142 1767 σου.
1158 1739 1213 1766 Καὶ
1229 1739 1342 1774 ὲλὰλησε
1352 1739 1454 1774 Μωσῆς
1469 1738 1537 1773 πρὸς
1549 1737 1593 1764 τὸν
1603 1736 1675 1768 λαὸν,
1690 1735 1790 1769 λέγων·
1799 1735 1873 1767 Ἐξο-

1085 1785 1197 1811 πλίσατε
1221 1784 1285 1816 τοὺς
1307 1784 1406 1819 ἄνδρας
1434 1782 1464 1815 ἐξ
1487 1782 1574 1818 ὑμῶν,
1598 1781 1646 1809 καὶ
1675 1779 1873 1816 παρατάξασθε

1085 1831 1175 1858 ἔναντι
1193 1830 1295 1865 Κυρίου
1317 1830 1362 1856 ἐπὶ
1377 1828 1500 1865 Μαδιάμ,
1519 1826 1663 1855 ἀποδοῦναι
1678 1826 1818 1862 ἐκδίκησιν
1834 1825 1873 1860 τῷ

1085 1876 1180 1912 Κυρίῳ
1196 1877 1228 1911 τῇ
1246 1874 1359 1910 Μαδιάμ
1370 1894 1378 1906 ,
1395 1875 1497 1910 χιλίους
1512 1874 1545 1900 ὲκ
1559 1872 1647 1908 φυλῆς
1660 1893 1668 1905 ,
1694 1872 1743 1898 καὶ
1767 1871 1872 1907 χιλίους

1086 1922 1118 1948 ὲκ
1130 1921 1225 1956 φυλῆς,
1243 1921 1275 1946 ὲκ
1294 1919 1389 1946 πασῶν
1409 1918 1499 1953 φυλῶν
1514 1917 1579 1944 υἱῶν
1603 1915 1722 1952 Ἰσραὴλ,
1744 1914 1873 1941 ἀποστεί-

1085 1967 1149 1994 λατε
1173 1965 1390 2002 παρατάξασθαι.
1417 1965 1472 1991 Καὶ
1496 1963 1685 1999 ἐξηρίθμησαν
1709 1962 1742 1988 ὲκ
1760 1961 1814 1988 τῶν
1831 1970 1872 1995 χι-

1086 2013 1182 2040 λιάδων
1201 2012 1309 2048 Ἰσραὴλ
1335 2011 1436 2047 χιλίους
1461 2011 1494 2038 ὲκ
1515 2009 1601 2045 φυλῆς
1622 2008 1726 2035 δώδεκα
1749 2007 1871 2042 χιλιάδας

1086 2058 1304 2094 ἐνωπλισμένους
1317 2059 1357 2090 είς
1368 2056 1531 2092 παράταξιν,
1542 2055 1589 2082 καὶ
1601 2054 1763 2082 ἀπέστειλεν
1774 2053 1870 2084 αὐτοὺς

1086 2103 1187 2139 Μωσῆς
1201 2103 1303 2138 χιλίους
1316 2104 1348 2130 ὲκ
1365 2102 1464 2137 φυλῆς,
1478 2102 1524 2129 καὶ
1539 2101 1640 2136 χιλίους
1659 2101 1692 2126 ἐκ
1709 2100 1808 2135 φυλῆς,
1824 2100 1871 2125 σὺν

1086 2149 1199 2184 δυνάμει
1222 2148 1311 2175 αὐτῶν
1323 2156 1330 2163 ·
1347 2148 1394 2175 καὶ
1415 2148 1461 2175 τὸν
1481 2147 1574 2179 Φινεὲς
1588 2146 1645 2173 υίδν
1666 2145 1798 2180 Ἐλεάζαρ
1814 2143 1870 2171 υἱοῦ

1052 2204 1074 2231 ι)
1094 2194 1200 2230 Ἀαρὼν
1213 2193 1260 2221 τοῦ
1278 2194 1390 2230 ἱερέως,
1407 2194 1454 2221 καὶ
1477 2193 1511 2220 τὰ
1529 2193 1612 2228 σκεύη
1629 2193 1663 2219 τά
1680 2193 1764 2226 ἅγια,
1783 2192 1829 2217 καὶ
1843 2191 1870 2216 αι

1090 2241 1238 2275 σάλπιγγες
1249 2241 1303 2267 τῶν
1319 2240 1461 2276 σημασιῶν
1477 2240 1506 2266 ὲν
1519 2240 1579 2270 ταῖς
1596 2239 1690 2274 χερσὶν
1704 2237 1794 2264 αὐτῶν
1803 2256 1811 2268 ,
1825 2237 1870 2263 καὶ

1088 2283 1276 2319 παρετάξαντο
1292 2284 1339 2310 ἐπὶ
1366 2284 1495 2319 Μαδιάμ,
1513 2283 1586 2310 καθά
1602 2282 1755 2309 ἐνετείλατο
1771 2281 1869 2316 Κύριος

1087 2329 1127 2365 τῷ
1140 2330 1244 2362 Μωσεῖ,
1264 2329 1311 2356 κα)⁵
1328 2329 1491 2357 ἀπέκτειναν
1506 2329 1560 2356 πᾶν
1575 2328 1730 2364 ἀρσενικὸν,
1750 2327 1798 2354 καὶ⁵
1811 2327 1869 2357 τοὺς

1088 2374 1207 2409 βασιλεῖς
1225 2374 1338 2410 Μαδιάμ
1350 2394 1357 2405 ,
1373 2374 1538 2402 ἀπέκτειναν
1552 2374 1609 2408 ἆμα
1625 2375 1679 2404 τοῖς
1691 2372 1869 2408 τραυματίαις

1088 2420 1187 2447 αὐτῶν·
1203 2420 1304 2446 καὶτὸν
1317 2420 1425 2452 Νευεὶν,
1437 2420 1484 2446 καὶ
1496 2420 1541 2447 τδν
1558 2419 1660 2453 Ῥοκδν,
1673 2420 1719 2446 καὶ
1732 2419 1779 2446 τὸν
1794 2419 1867 2453 Σοὺρ,

1088 2465 1135 2492 καὶ
1147 2465 1192 2492 τὸν
1204 2465 1271 2501 υῦρ,
1286 2466 1387 2492 καὶτὸν
1408 2466 1513 2498 Ῥοϐδκ,
1529 2466 1609 2492 πέντε
1625 2465 1743 2500 βασιλεῖς
1751 2465 1867 2499 Μαδιάμ,

1089 2512 1136 2538 καὶ
1152 2511 1197 2538 τὸν
1213 2510 1328 2546 Βαλαὰμ
1346 2511 1403 2538 υίὺν
1418 2511 1505 2546 Βεὼρ,
1526 2510 1689 2538 ἀπέκτειναν
1705 2510 1735 2536 ὲν
1751 2509 1868 2545 ῥομφαίᾳ

1090 2555 1140 2581 σὺν
1155 2556 1212 2587 τοῖς
1227 2556 1410 2591 τραυματίαις
1425 2555 1513 2582 αὐτῶν
1525 2563 1531 2570 ·
1547 2555 1594 2582 καὶ
1606 2555 1809 2590 προενόμευσαν
1825 2554 1867 2584 τὰς

1091 2602 1222 2634 γυναῖκας
1238 2601 1360 2637 Μαδιάμ,
1379 2602 1424 2628 καὶ
1437 2601 1485 2637 τὴν
1498 2600 1653 2634 ἀποσκευὴν
1666 2599 1757 2626 αὐτῶν
1767 2620 1774 2631 ,
1787 2599 1827 2626 καί
1837 2599 1866 2625 τά

1090 2646 1175 2682 κτήνη
1188 2646 1288 2678 αὐτῶν,
1301 2647 1348 2673 καὶ
1359 2647 1446 2674 πάντα
1465 2647 1498 2673 τά
1513 2646 1632 2680 ἕγκτητα
1648 2644 1749 2678 αὐτῶν,
1765 2645 1811 2671 καὶ
1824 2645 1865 2679 τὴν

1089 2691 1202 2726 δύναμιν
1220 2692 1309 2720 αὐτῶν
1328 2693 1538 2728 προενόμευσαν,
1555 2692 1601 2719 καὶ
1614 2691 1703 2723 πάσας
1718 2691 1769 2722 τὰς
1786 2691 1866 2723 πόλεις
