  <div class='ocr_page' id='page_1' title='image "/cluster/home/n/w/nwhite01/storage/ocr_20150623/68/njp.32101077772711/176.png"; bbox 0 0 1924 3043; ppageno 0'>
   <div class='ocr_carea' id='block_1_1' title="bbox 46 163 1719 195">
    <p class='ocr_par' dir='ltr' id='par_1_1' title="bbox 46 163 1719 195">
     <span class='ocr_line' id='line_1_1' title="bbox 46 163 1719 195; baseline 0 -2"><span class='ocrx_word' id='word_1_1' title='bbox 46 164 63 179; x_wconf 60' lang='grc' dir='ltr'><strong>’λ</strong></span> <span class='ocrx_word' id='word_1_2' title='bbox 84 164 144 194; x_wconf 69' lang='grc'><strong>525</strong></span> <span class='ocrx_word' id='word_1_3' title='bbox 467 166 511 194; x_wconf 81' lang='lat' dir='ltr'><strong>DE</strong></span> <span class='ocrx_word' id='word_1_4' title='bbox 532 166 752 195; x_wconf 74' lang='lat' dir='ltr'><strong>ADORATIONE</strong></span> <span class='ocrx_word' id='word_1_5' title='bbox 771 165 803 194; x_wconf 77' lang='lat' dir='ltr'><strong>IN</strong></span> <span class='ocrx_word' id='word_1_6' title='bbox 822 163 956 192; x_wconf 82' lang='lat' dir='ltr'><strong>SPIRITU</strong></span> <span class='ocrx_word' id='word_1_7' title='bbox 976 164 1021 192; x_wconf 86' lang='lat' dir='ltr'><strong>ET</strong></span> <span class='ocrx_word' id='word_1_8' title='bbox 1040 164 1226 193; x_wconf 72' lang='lat' dir='ltr'><strong>VERITATE.</strong></span> <span class='ocrx_word' id='word_1_9' title='bbox 1244 164 1306 192; x_wconf 84' lang='lat' dir='ltr'><strong>LIB.</strong></span> <span class='ocrx_word' id='word_1_10' title='bbox 1325 164 1368 192; x_wconf 73' lang='lat' dir='ltr'><strong>IV.</strong></span> <span class='ocrx_word' id='word_1_11' title='bbox 1667 164 1719 194; x_wconf 65' lang='lat'><strong>536</strong></span> 
     </span>
    </p>
   </div>
   <div class='ocr_carea' id='block_1_2' title="bbox 39 194 880 265">
    <p class='ocr_par' dir='ltr' id='par_1_2' title="bbox 39 194 880 265">
     <span class='ocr_line' id='line_1_2' title="bbox 39 194 880 265; baseline -0.002 -15"><span class='ocrx_word' id='word_1_12' title='bbox 39 194 53 265; x_wconf 49' lang='grc' dir='ltr'><strong>ί</strong></span> <span class='ocrx_word' id='word_1_13' title='bbox 88 224 185 250; x_wconf 68' lang='grc' dir='ltr'>αὐτῶν</span> <span class='ocrx_word' id='word_1_14' title='bbox 201 222 249 254; x_wconf 76' lang='grc' dir='ltr'><strong>τὰς</strong></span> <span class='ocrx_word' id='word_1_15' title='bbox 266 222 295 248; x_wconf 82' lang='grc' dir='ltr'>ὲν</span> <span class='ocrx_word' id='word_1_16' title='bbox 311 223 371 254; x_wconf 83' lang='grc' dir='ltr'>ταῖς</span> <span class='ocrx_word' id='word_1_17' title='bbox 386 223 538 255; x_wconf 78' lang='grc' dir='ltr'>κατοικίαις</span> <span class='ocrx_word' id='word_1_18' title='bbox 551 223 651 254; x_wconf 80' lang='grc' dir='ltr'>αὐτῶν,</span> <span class='ocrx_word' id='word_1_19' title='bbox 672 223 718 250; x_wconf 72' lang='grc' dir='ltr'><strong>καὶ</strong></span> <span class='ocrx_word' id='word_1_20' title='bbox 733 223 782 255; x_wconf 80' lang='grc' dir='ltr'><strong>τὰς</strong></span> <span class='ocrx_word' id='word_1_21' title='bbox 799 222 880 250; x_wconf 76' lang='grc' dir='ltr'>ἐπαύ-</span> 
     </span>
    </p>
   </div>
   <div class='ocr_carea' id='block_1_3' title="bbox 933 194 1717 265">
    <p class='ocr_par' dir='ltr' id='par_1_3' title="bbox 936 221 1717 256">
     <span class='ocr_line' id='line_1_3' title="bbox 936 221 1717 256; baseline 0 -7"><span class='ocrx_word' id='word_1_22' title='bbox 936 226 962 249; x_wconf 91' lang='lat' dir='ltr'><strong>et</strong></span> <span class='ocrx_word' id='word_1_23' title='bbox 972 221 1048 248; x_wconf 86' lang='lat' dir='ltr'><strong>vicos</strong></span> <span class='ocrx_word' id='word_1_24' title='bbox 1057 229 1151 248; x_wconf 84' lang='lat' dir='ltr'><strong>eorum</strong></span> <span class='ocrx_word' id='word_1_25' title='bbox 1163 222 1373 250; x_wconf 86' lang='lat' dir='ltr'><strong>combusserunt</strong></span> <span class='ocrx_word' id='word_1_26' title='bbox 1385 221 1450 256; x_wconf 73' lang='lat' dir='ltr'><strong>igni,</strong></span> <span class='ocrx_word' id='word_1_27' title='bbox 1465 225 1492 249; x_wconf 80' lang='lat' dir='ltr'><strong>et</strong></span> <span class='ocrx_word' id='word_1_28' title='bbox 1508 226 1639 256; x_wconf 79' lang='lat' dir='ltr'><strong>ceperunt</strong></span> <span class='ocrx_word' id='word_1_29' title='bbox 1651 223 1717 249; x_wconf 72' lang='lat' dir='ltr'><strong>&#39;om—</strong></span> 
     </span>
    </p>
   </div>
   <div class='ocr_carea' id='block_1_4' title="bbox 88 267 885 303">
    <p class='ocr_par' dir='ltr' id='par_1_4' title="bbox 88 267 885 303">
     <span class='ocr_line' id='line_1_4' title="bbox 88 267 885 303; baseline 0 -9"><span class='ocrx_word' id='word_1_30' title='bbox 88 269 147 300; x_wconf 81' lang='grc' dir='ltr'>λεις</span> <span class='ocrx_word' id='word_1_31' title='bbox 159 267 250 294; x_wconf 83' lang='grc' dir='ltr'>αὐτῶν</span> <span class='ocrx_word' id='word_1_32' title='bbox 260 267 414 303; x_wconf 76' lang='grc' dir='ltr'><strong>ἐνέπρησαν</strong></span> <span class='ocrx_word' id='word_1_33' title='bbox 429 268 458 294; x_wconf 81' lang='grc' dir='ltr'>ὲν</span> <span class='ocrx_word' id='word_1_34' title='bbox 470 268 535 303; x_wconf 76' lang='grc' dir='ltr'>πυρὶ</span> <span class='ocrx_word' id='word_1_35' title='bbox 545 287 553 299; x_wconf 85' lang='grc'><em>,</em></span> <span class='ocrx_word' id='word_1_36' title='bbox 564 269 610 295; x_wconf 74' lang='grc' dir='ltr'><strong>καὶ</strong></span> <span class='ocrx_word' id='word_1_37' title='bbox 621 268 715 294; x_wconf 75' lang='grc' dir='ltr'>ἔλαϐον</span> <span class='ocrx_word' id='word_1_38' title='bbox 733 269 822 294; x_wconf 79' lang='grc' dir='ltr'>πᾶσαν</span> <span class='ocrx_word' id='word_1_39' title='bbox 837 269 885 302; x_wconf 87' lang='grc' dir='ltr'>τὴν</span> 
     </span>
    </p>
   </div>
   <div class='ocr_carea' id='block_1_5' title="bbox 92 312 885 348">
    <p class='ocr_par' dir='ltr' id='par_1_5' title="bbox 92 312 885 348">
     <span class='ocr_line' id='line_1_5' title="bbox 92 312 885 348; baseline 0 -10"><span class='ocrx_word' id='word_1_40' title='bbox 92 312 236 348; x_wconf 80' lang='grc' dir='ltr'>προνομὴν</span> <span class='ocrx_word' id='word_1_41' title='bbox 251 312 355 338; x_wconf 75' lang='grc' dir='ltr'>αὐτῶν-</span> <span class='ocrx_word' id='word_1_42' title='bbox 370 313 415 339; x_wconf 79' lang='grc' dir='ltr'><strong>καὶ</strong></span> <span class='ocrx_word' id='word_1_43' title='bbox 430 313 517 339; x_wconf 83' lang='grc' dir='ltr'>πάντα</span> <span class='ocrx_word' id='word_1_44' title='bbox 527 312 560 339; x_wconf 78' lang='grc' dir='ltr'><strong>τὰ</strong></span> <span class='ocrx_word' id='word_1_45' title='bbox 572 313 656 340; x_wconf 79' lang='grc' dir='ltr'>σκῦλα</span> <span class='ocrx_word' id='word_1_46' title='bbox 669 313 758 340; x_wconf 83' lang='grc' dir='ltr'>αὐτῶν</span> <span class='ocrx_word' id='word_1_47' title='bbox 771 313 825 340; x_wconf 74' lang='grc' dir='ltr'><strong>ἀπὸ</strong></span> <span class='ocrx_word' id='word_1_48' title='bbox 840 314 885 339; x_wconf 88' lang='grc' dir='ltr'><strong>ἀν-</strong></span> 
     </span>
    </p>
   </div>
   <div class='ocr_carea' id='block_1_6' title="bbox 92 357 884 394">
    <p class='ocr_par' dir='ltr' id='par_1_6' title="bbox 92 357 884 394">
     <span class='ocr_line' id='line_1_6' title="bbox 92 357 884 394; baseline 0 -10"><span class='ocrx_word' id='word_1_49' title='bbox 92 357 204 392; x_wconf 82' lang='grc' dir='ltr'>θρώπου</span> <span class='ocrx_word' id='word_1_50' title='bbox 213 357 266 388; x_wconf 78' lang='grc' dir='ltr'>ἕως</span> <span class='ocrx_word' id='word_1_51' title='bbox 274 358 398 393; x_wconf 78' lang='grc' dir='ltr'><strong>κτήνους,</strong></span> <span class='ocrx_word' id='word_1_52' title='bbox 409 358 454 384; x_wconf 82' lang='grc' dir='ltr'>καὶ</span> <span class='ocrx_word' id='word_1_53' title='bbox 466 357 567 393; x_wconf 75' lang='grc' dir='ltr'>ἤγαγον</span> <span class='ocrx_word' id='word_1_54' title='bbox 574 359 641 394; x_wconf 79' lang='grc' dir='ltr'>πρὸς</span> <span class='ocrx_word' id='word_1_55' title='bbox 651 358 752 394; x_wconf 84' lang='grc' dir='ltr'>Μωσῆν</span> <span class='ocrx_word' id='word_1_56' title='bbox 762 358 884 394; x_wconf 74' lang='grc' dir='ltr'>καὶπρὸς</span> 
     </span>
    </p>
   </div>
   <div class='ocr_carea' id='block_1_7' title="bbox 98 402 884 439">
    <p class='ocr_par' dir='ltr' id='par_1_7' title="bbox 98 402 884 439">
     <span class='ocr_line' id='line_1_7' title="bbox 98 402 884 439; baseline 0 -10"><span class='ocrx_word' id='word_1_57' title='bbox 98 402 231 438; x_wconf 74' lang='grc' dir='ltr'>Ἐλεάζαρ</span> <span class='ocrx_word' id='word_1_58' title='bbox 246 403 290 429; x_wconf 82' lang='grc' dir='ltr'>τὸν</span> <span class='ocrx_word' id='word_1_59' title='bbox 307 403 392 439; x_wconf 77' lang='grc' dir='ltr'>ἱερέα,</span> <span class='ocrx_word' id='word_1_60' title='bbox 407 404 453 430; x_wconf 75' lang='grc' dir='ltr'>καὶ</span> <span class='ocrx_word' id='word_1_61' title='bbox 466 404 534 439; x_wconf 83' lang='grc' dir='ltr'>πρὸς</span> <span class='ocrx_word' id='word_1_62' title='bbox 550 404 654 436; x_wconf 86' lang='grc' dir='ltr'><strong>πάντας</strong></span> <span class='ocrx_word' id='word_1_63' title='bbox 666 405 728 435; x_wconf 85' lang='grc' dir='ltr'>τοὺς</span> <span class='ocrx_word' id='word_1_64' title='bbox 742 404 815 436; x_wconf 81' lang='grc' dir='ltr'>υἱοὺς</span> <span class='ocrx_word' id='word_1_65' title='bbox 835 404 884 430; x_wconf 84' lang='grc' dir='ltr'>Ἰσ-</span> 
     </span>
    </p>
   </div>
   <div class='ocr_carea' id='block_1_8' title="bbox 91 448 884 484">
    <p class='ocr_par' dir='ltr' id='par_1_8' title="bbox 91 448 884 484">
     <span class='ocr_line' id='line_1_8' title="bbox 91 448 884 484; baseline 0.001 -10"><span class='ocrx_word' id='word_1_66' title='bbox 91 448 162 484; x_wconf 82' lang='grc' dir='ltr'>ραὴλ</span> <span class='ocrx_word' id='word_1_67' title='bbox 170 448 220 483; x_wconf 82' lang='grc' dir='ltr'>τὴν</span> <span class='ocrx_word' id='word_1_68' title='bbox 227 448 413 483; x_wconf 72' lang='grc' dir='ltr'>αίχμαλωσίαν</span> <span class='ocrx_word' id='word_1_69' title='bbox 424 449 473 476; x_wconf 80' lang='grc' dir='ltr'>καὶ</span> <span class='ocrx_word' id='word_1_70' title='bbox 487 449 520 475; x_wconf 77' lang='grc' dir='ltr'>τὰ</span> <span class='ocrx_word' id='word_1_71' title='bbox 530 448 616 475; x_wconf 86' lang='grc' dir='ltr'>σκῦλα</span> <span class='ocrx_word' id='word_1_72' title='bbox 629 449 675 475; x_wconf 78' lang='grc' dir='ltr'>καὶ</span> <span class='ocrx_word' id='word_1_73' title='bbox 685 449 734 484; x_wconf 81' lang='grc' dir='ltr'>τὴν</span> <span class='ocrx_word' id='word_1_74' title='bbox 745 449 884 484; x_wconf 83' lang='grc' dir='ltr'>προνομὴν</span> 
     </span>
    </p>
   </div>
   <div class='ocr_carea' id='block_1_9' title="bbox 90 493 883 530">
    <p class='ocr_par' dir='ltr' id='par_1_9' title="bbox 90 493 883 530">
     <span class='ocr_line' id='line_1_9' title="bbox 90 493 883 530; baseline -0.001 -9"><span class='ocrx_word' id='word_1_75' title='bbox 90 496 129 526; x_wconf 77' lang='grc' dir='ltr'><strong>είς</strong></span> <span class='ocrx_word' id='word_1_76' title='bbox 137 494 189 530; x_wconf 77' lang='grc' dir='ltr'>τὴν</span> <span class='ocrx_word' id='word_1_77' title='bbox 197 494 372 529; x_wconf 75' lang='grc' dir='ltr'>παρεμϐολὴν</span> <span class='ocrx_word' id='word_1_78' title='bbox 380 495 418 525; x_wconf 82' lang='grc' dir='ltr'><strong>εἰς</strong></span> <span class='ocrx_word' id='word_1_79' title='bbox 435 494 557 529; x_wconf 77' lang='grc' dir='ltr'><strong>’Δραὸὼθ</strong></span> <span class='ocrx_word' id='word_1_80' title='bbox 566 494 660 526; x_wconf 76' lang='grc' dir='ltr'><strong>Μωὰΰ,</strong></span> <span class='ocrx_word' id='word_1_81' title='bbox 671 495 688 529; x_wconf 87' lang='grc' dir='ltr'>ἦ</span> <span class='ocrx_word' id='word_1_82' title='bbox 700 495 772 520; x_wconf 79' lang='grc' dir='ltr'>ἔστιν</span> <span class='ocrx_word' id='word_1_83' title='bbox 784 494 830 520; x_wconf 76' lang='grc' dir='ltr'><strong>ἐπὶ</strong></span> <span class='ocrx_word' id='word_1_84' title='bbox 836 493 883 521; x_wconf 86' lang='grc' dir='ltr'>τοῦ</span> 
     </span>
    </p>
   </div>
   <div class='ocr_carea' id='block_1_10' title="bbox 96 539 884 575">
    <p class='ocr_par' dir='ltr' id='par_1_10' title="bbox 96 539 884 575">
     <span class='ocr_line' id='line_1_10' title="bbox 96 539 884 575; baseline 0.001 -10"><span class='ocrx_word' id='word_1_85' title='bbox 96 540 232 575; x_wconf 72' lang='grc' dir='ltr'><strong>Ἰορδάνου</strong></span> <span class='ocrx_word' id='word_1_86' title='bbox 244 539 314 566; x_wconf 79' lang='grc' dir='ltr'>κατὰ</span> <span class='ocrx_word' id='word_1_87' title='bbox 326 539 439 574; x_wconf 82' lang='grc' dir='ltr'>Ἱεριχώ.</span> <span class='ocrx_word' id='word_1_88' title='bbox 449 539 504 566; x_wconf 76' lang='grc' dir='ltr'>Καὶ</span> <span class='ocrx_word' id='word_1_89' title='bbox 515 539 609 574; x_wconf 78' lang='grc' dir='ltr'><strong>ἐξῆλθε</strong></span> <span class='ocrx_word' id='word_1_90' title='bbox 617 540 719 575; x_wconf 84' lang='grc' dir='ltr'>Μωσῆς</span> <span class='ocrx_word' id='word_1_91' title='bbox 727 540 775 566; x_wconf 73' lang='grc' dir='ltr'><strong>καὶ</strong></span> <span class='ocrx_word' id='word_1_92' title='bbox 793 539 884 567; x_wconf 79' lang='grc' dir='ltr'>Ἐλεά-</span> 
     </span>
    </p>
   </div>
   <div class='ocr_carea' id='block_1_11' title="bbox 89 585 883 622">
    <p class='ocr_par' dir='ltr' id='par_1_11' title="bbox 89 585 883 622">
     <span class='ocr_line' id='line_1_11' title="bbox 89 585 883 622; baseline 0.001 -11"><span class='ocrx_word' id='word_1_93' title='bbox 89 585 142 618; x_wconf 73' lang='grc' dir='ltr'>ζαρ</span> <span class='ocrx_word' id='word_1_94' title='bbox 153 587 168 612; x_wconf 84' lang='grc' dir='ltr'>ὁ</span> <span class='ocrx_word' id='word_1_95' title='bbox 180 586 270 621; x_wconf 73' lang='grc' dir='ltr'>ἱερεὺς</span> <span class='ocrx_word' id='word_1_96' title='bbox 281 605 289 617; x_wconf 87' lang='grc'><em>,</em></span> <span class='ocrx_word' id='word_1_97' title='bbox 309 585 355 611; x_wconf 71' lang='grc' dir='ltr'>καὶ</span> <span class='ocrx_word' id='word_1_98' title='bbox 368 586 468 617; x_wconf 80' lang='grc' dir='ltr'>πάντες</span> <span class='ocrx_word' id='word_1_99' title='bbox 477 586 502 612; x_wconf 83' lang='grc' dir='ltr'>οἱ</span> <span class='ocrx_word' id='word_1_100' title='bbox 519 585 647 620; x_wconf 79' lang='grc' dir='ltr'>ἄρχοντες</span> <span class='ocrx_word' id='word_1_101' title='bbox 658 586 707 620; x_wconf 78' lang='grc' dir='ltr'>τῆς</span> <span class='ocrx_word' id='word_1_102' title='bbox 723 586 883 622; x_wconf 74' lang='grc' dir='ltr'><strong>συναγωγῆς</strong></span> 
     </span>
    </p>
   </div>
   <div class='ocr_carea' id='block_1_12' title="bbox 89 630 880 667">
    <p class='ocr_par' dir='ltr' id='par_1_12' title="bbox 89 630 880 667">
     <span class='ocr_line' id='line_1_12' title="bbox 89 630 880 667; baseline -0.001 -9"><span class='ocrx_word' id='word_1_103' title='bbox 89 632 129 662; x_wconf 80' lang='grc' dir='ltr'>εἰς</span> <span class='ocrx_word' id='word_1_104' title='bbox 137 632 302 667; x_wconf 74' lang='grc' dir='ltr'><strong>συνάντησιν</strong></span> <span class='ocrx_word' id='word_1_105' title='bbox 308 631 399 662; x_wconf 80' lang='grc' dir='ltr'>αὐτοῖς</span> <span class='ocrx_word' id='word_1_106' title='bbox 405 630 457 663; x_wconf 77' lang='grc' dir='ltr'><strong>ἔξω</strong></span> <span class='ocrx_word' id='word_1_107' title='bbox 464 631 511 666; x_wconf 85' lang='grc' dir='ltr'>τῆς</span> <span class='ocrx_word' id='word_1_108' title='bbox 521 630 755 666; x_wconf 75' lang='grc' dir='ltr'>παρεμϐολῆς,κα“ι</span> <span class='ocrx_word' id='word_1_109' title='bbox 760 630 880 666; x_wconf 80' lang='grc' dir='ltr'><strong>ὠργίσθη</strong></span> 
     </span>
    </p>
   </div>
   <div class='ocr_carea' id='block_1_13' title="bbox 90 676 882 712">
    <p class='ocr_par' dir='ltr' id='par_1_13' title="bbox 90 676 882 712">
     <span class='ocr_line' id='line_1_13' title="bbox 90 676 882 712; baseline 0 -9"><span class='ocrx_word' id='word_1_110' title='bbox 90 677 196 711; x_wconf 78' lang='grc' dir='ltr'>Μωσῆς</span> <span class='ocrx_word' id='word_1_111' title='bbox 208 677 256 703; x_wconf 76' lang='grc' dir='ltr'><strong>ἐπὶ</strong></span> <span class='ocrx_word' id='word_1_112' title='bbox 274 678 331 708; x_wconf 79' lang='grc' dir='ltr'>τοῖς</span> <span class='ocrx_word' id='word_1_113' title='bbox 346 677 503 708; x_wconf 77' lang='grc' dir='ltr'>ἐπισκόποις</span> <span class='ocrx_word' id='word_1_114' title='bbox 517 677 566 712; x_wconf 85' lang='grc' dir='ltr'>τῆς</span> <span class='ocrx_word' id='word_1_115' title='bbox 581 676 722 712; x_wconf 78' lang='grc' dir='ltr'>δυνάμεως</span> <span class='ocrx_word' id='word_1_116' title='bbox 732 676 882 712; x_wconf 79' lang='grc' dir='ltr'><strong>χιλιάρχοις</strong></span> 
     </span>
    </p>
   </div>
   <div class='ocr_carea' id='block_1_14' title="bbox 50 722 883 759">
    <p class='ocr_par' dir='ltr' id='par_1_14' title="bbox 50 722 883 759">
     <span class='ocr_line' id='line_1_14' title="bbox 50 722 883 759; baseline 0 -10"><span class='ocrx_word' id='word_1_117' title='bbox 50 737 53 740; x_wconf 93' lang='grc'><strong>-</strong></span> <span class='ocrx_word' id='word_1_118' title='bbox 91 723 142 749; x_wconf 61' lang='grc' dir='ltr'><strong>καὶ⁵</strong></span> <span class='ocrx_word' id='word_1_119' title='bbox 168 723 381 759; x_wconf 77' lang='grc' dir='ltr'><strong>ἑκατοντάρχοις</strong></span> <span class='ocrx_word' id='word_1_120' title='bbox 396 724 451 754; x_wconf 83' lang='grc' dir='ltr'>τοῖς</span> <span class='ocrx_word' id='word_1_121' title='bbox 472 722 630 758; x_wconf 80' lang='grc' dir='ltr'><strong>ἐρχομένοις</strong></span> <span class='ocrx_word' id='word_1_122' title='bbox 645 723 678 749; x_wconf 81' lang='grc' dir='ltr'>ὲκ</span> <span class='ocrx_word' id='word_1_123' title='bbox 696 724 744 758; x_wconf 82' lang='grc' dir='ltr'>τῆς</span> <span class='ocrx_word' id='word_1_124' title='bbox 759 722 883 758; x_wconf 82' lang='grc' dir='ltr'>παρατά-</span> 
     </span>
    </p>
   </div>
   <div class='ocr_carea' id='block_1_15' title="bbox 90 766 881 803">
    <p class='ocr_par' dir='ltr' id='par_1_15' title="bbox 90 766 881 803">
     <span class='ocr_line' id='line_1_15' title="bbox 90 766 881 803; baseline 0 -9"><span class='ocrx_word' id='word_1_125' title='bbox 90 768 159 800; x_wconf 80' lang='grc' dir='ltr'>ξεως</span> <span class='ocrx_word' id='word_1_126' title='bbox 177 767 226 794; x_wconf 77' lang='grc' dir='ltr'><strong>τοῦ</strong></span> <span class='ocrx_word' id='word_1_127' title='bbox 243 768 380 803; x_wconf 82' lang='grc' dir='ltr'>πολέμου·</span> <span class='ocrx_word' id='word_1_128' title='bbox 409 768 457 794; x_wconf 78' lang='grc' dir='ltr'><strong>καὶ</strong></span> <span class='ocrx_word' id='word_1_129' title='bbox 471 766 548 794; x_wconf 72' lang='grc' dir='ltr'>εἶπεν</span> <span class='ocrx_word' id='word_1_130' title='bbox 569 769 661 800; x_wconf 84' lang='grc' dir='ltr'>αὐτοῖς</span> <span class='ocrx_word' id='word_1_131' title='bbox 675 768 777 803; x_wconf 85' lang='grc' dir='ltr'><strong>Μωσῆς</strong></span> <span class='ocrx_word' id='word_1_132' title='bbox 789 776 796 783; x_wconf 80' lang='lat'>&#39;</span> <span class='ocrx_word' id='word_1_133' title='bbox 823 769 881 794; x_wconf 83' lang='lat' dir='ltr'><strong>&quot;lva.</strong></span> 
     </span>
    </p>
   </div>
   <div class='ocr_carea' id='block_1_16' title="bbox 88 811 881 850">
    <p class='ocr_par' dir='ltr' id='par_1_16' title="bbox 88 811 881 850">
     <span class='ocr_line' id='line_1_16' title="bbox 88 811 881 850; baseline 0 -10"><span class='ocrx_word' id='word_1_134' title='bbox 88 815 115 840; x_wconf 76' lang='grc' dir='ltr'><strong>τί</strong></span> <span class='ocrx_word' id='word_1_135' title='bbox 127 815 307 849; x_wconf 80' lang='grc' dir='ltr'>ἐζωγρήσατε</span> <span class='ocrx_word' id='word_1_136' title='bbox 328 814 383 841; x_wconf 79' lang='grc' dir='ltr'><strong>πᾶν</strong></span> <span class='ocrx_word' id='word_1_137' title='bbox 397 813 463 849; x_wconf 81' lang='grc' dir='ltr'>θῆλυ</span> <span class='ocrx_word' id='word_1_138' title='bbox 477 823 484 846; x_wconf 88' lang='grc'>;</span> <span class='ocrx_word' id='word_1_139' title='bbox 498 811 578 841; x_wconf 73' lang='grc' dir='ltr'>αὗται</span> <span class='ocrx_word' id='word_1_140' title='bbox 592 814 645 850; x_wconf 86' lang='grc' dir='ltr'><strong>γὰρ</strong></span> <span class='ocrx_word' id='word_1_141' title='bbox 659 811 730 850; x_wconf 76' lang='grc' dir='ltr'>ἦσαν</span> <span class='ocrx_word' id='word_1_142' title='bbox 743 814 798 845; x_wconf 84' lang='grc' dir='ltr'>τοῖς</span> <span class='ocrx_word' id='word_1_143' title='bbox 814 814 881 846; x_wconf 77' lang='grc' dir='ltr'>υἱοῖς</span> 
     </span>
    </p>
   </div>
   <div class='ocr_carea' id='block_1_17' title="bbox 95 858 881 894">
    <p class='ocr_par' dir='ltr' id='par_1_17' title="bbox 95 858 881 894">
     <span class='ocr_line' id='line_1_17' title="bbox 95 858 881 894; baseline 0 -9"><span class='ocrx_word' id='word_1_144' title='bbox 95 859 208 894; x_wconf 66' lang='grc' dir='ltr'>Ἰσραὴλ</span> <span class='ocrx_word' id='word_1_145' title='bbox 223 859 294 886; x_wconf 75' lang='grc' dir='ltr'>κατὰ</span> <span class='ocrx_word' id='word_1_146' title='bbox 305 859 335 885; x_wconf 71' lang='grc' dir='ltr'><strong>τὸ</strong></span> <span class='ocrx_word' id='word_1_147' title='bbox 347 859 421 894; x_wconf 80' lang='grc' dir='ltr'>ῥῆμα</span> <span class='ocrx_word' id='word_1_148' title='bbox 435 859 558 894; x_wconf 78' lang='grc' dir='ltr'>Βαλαὰμ,</span> <span class='ocrx_word' id='word_1_149' title='bbox 571 858 618 886; x_wconf 75' lang='grc' dir='ltr'>τοῦ</span> <span class='ocrx_word' id='word_1_150' title='bbox 630 858 819 894; x_wconf 65' lang='grc' dir='ltr'>ἀποστατήσαι</span> <span class='ocrx_word' id='word_1_151' title='bbox 833 859 881 885; x_wconf 72' lang='grc' dir='ltr'>καὶ</span> 
     </span>
    </p>
   </div>
   <div class='ocr_carea' id='block_1_18' title="bbox 937 267 1720 302">
    <p class='ocr_par' dir='ltr' id='par_1_18' title="bbox 937 267 1720 302">
     <span class='ocr_line' id='line_1_18' title="bbox 937 267 1720 302; baseline 0.001 -8"><span class='ocrx_word' id='word_1_152' title='bbox 937 275 999 294; x_wconf 89' lang='lat' dir='ltr'><strong>nem</strong></span> <span class='ocrx_word' id='word_1_153' title='bbox 1024 267 1144 302; x_wconf 68' lang='lat' dir='ltr'><strong>praedam</strong></span> <span class='ocrx_word' id='word_1_154' title='bbox 1167 275 1273 300; x_wconf 85' lang='lat' dir='ltr'><strong>eorum,</strong></span> <span class='ocrx_word' id='word_1_155' title='bbox 1297 273 1324 296; x_wconf 89' lang='lat' dir='ltr'><strong>et</strong></span> <span class='ocrx_word' id='word_1_156' title='bbox 1343 268 1434 295; x_wconf 85' lang='lat' dir='ltr'><strong>omnia</strong></span> <span class='ocrx_word' id='word_1_157' title='bbox 1454 268 1540 302; x_wconf 88' lang='lat' dir='ltr'><strong>spolia</strong></span> <span class='ocrx_word' id='word_1_158' title='bbox 1561 276 1657 296; x_wconf 90' lang='lat' dir='ltr'><strong>eorum</strong></span> <span class='ocrx_word' id='word_1_159' title='bbox 1685 269 1720 295; x_wconf 90' lang='lat' dir='ltr'><strong>ab</strong></span> 
     </span>
    </p>
   </div>
   <div class='ocr_carea' id='block_1_19' title="bbox 937 311 1720 348">
    <p class='ocr_par' dir='ltr' id='par_1_19' title="bbox 937 311 1720 348">
     <span class='ocr_line' id='line_1_19' title="bbox 937 311 1720 348; baseline 0.003 -10"><span class='ocrx_word' id='word_1_160' title='bbox 937 311 1046 338; x_wconf 85' lang='lat' dir='ltr'><strong>homine</strong></span> <span class='ocrx_word' id='word_1_161' title='bbox 1060 319 1145 346; x_wconf 88' lang='lat' dir='ltr'><strong>usque</strong></span> <span class='ocrx_word' id='word_1_162' title='bbox 1156 311 1189 339; x_wconf 85' lang='lat' dir='ltr'><strong>ad</strong></span> <span class='ocrx_word' id='word_1_163' title='bbox 1210 319 1302 346; x_wconf 84' lang='lat' dir='ltr'><strong>pecus,</strong></span> <span class='ocrx_word' id='word_1_164' title='bbox 1316 317 1344 339; x_wconf 89' lang='lat' dir='ltr'><strong>et</strong></span> <span class='ocrx_word' id='word_1_165' title='bbox 1366 312 1503 339; x_wconf 84' lang='lat' dir='ltr'><strong>duxerunt</strong></span> <span class='ocrx_word' id='word_1_166' title='bbox 1520 311 1555 339; x_wconf 89' lang='lat' dir='ltr'><strong>ad</strong></span> <span class='ocrx_word' id='word_1_167' title='bbox 1572 312 1680 348; x_wconf 82' lang='lat' dir='ltr'><strong>Moysen</strong></span> <span class='ocrx_word' id='word_1_168' title='bbox 1692 320 1720 340; x_wconf 79' lang='lat' dir='ltr'><strong>et</strong></span> 
     </span>
    </p>
   </div>
   <div class='ocr_carea' id='block_1_20' title="bbox 935 357 1718 389">
    <p class='ocr_par' dir='ltr' id='par_1_20' title="bbox 935 357 1718 389">
     <span class='ocr_line' id='line_1_20' title="bbox 935 357 1718 389; baseline 0.003 -6"><span class='ocrx_word' id='word_1_169' title='bbox 935 357 969 384; x_wconf 88' lang='lat' dir='ltr'><strong>ad</strong></span> <span class='ocrx_word' id='word_1_170' title='bbox 992 357 1104 384; x_wconf 84' lang='lat' dir='ltr'><strong>Eleazar</strong></span> <span class='ocrx_word' id='word_1_171' title='bbox 1122 357 1304 389; x_wconf 77' lang='lat' dir='ltr'><strong>sacerdotem,</strong></span> <span class='ocrx_word' id='word_1_172' title='bbox 1324 361 1352 384; x_wconf 86' lang='lat' dir='ltr'><strong>et</strong></span> <span class='ocrx_word' id='word_1_173' title='bbox 1373 357 1407 384; x_wconf 89' lang='lat' dir='ltr'><strong>ad</strong></span> <span class='ocrx_word' id='word_1_174' title='bbox 1428 365 1524 384; x_wconf 89' lang='lat' dir='ltr'><strong>omnes</strong></span> <span class='ocrx_word' id='word_1_175' title='bbox 1543 357 1614 385; x_wconf 87' lang='lat' dir='ltr'><strong>ﬁlios</strong></span> <span class='ocrx_word' id='word_1_176' title='bbox 1636 358 1718 386; x_wconf 84' lang='lat' dir='ltr'><strong>Israel</strong></span> 
     </span>
    </p>
   </div>
   <div class='ocr_carea' id='block_1_21' title="bbox 935 402 1718 437">
    <p class='ocr_par' dir='ltr' id='par_1_21' title="bbox 935 402 1718 437">
     <span class='ocr_line' id='line_1_21' title="bbox 935 402 1718 437; baseline 0.004 -9"><span class='ocrx_word' id='word_1_177' title='bbox 935 402 1131 437; x_wconf 74' lang='lat' dir='ltr'><strong>captivitatem,</strong></span> <span class='ocrx_word' id='word_1_178' title='bbox 1142 406 1171 428; x_wconf 89' lang='lat' dir='ltr'><strong>et</strong></span> <span class='ocrx_word' id='word_1_179' title='bbox 1182 402 1268 436; x_wconf 91' lang='lat' dir='ltr'><strong>spolia</strong></span> <span class='ocrx_word' id='word_1_180' title='bbox 1280 405 1308 428; x_wconf 77' lang='lat' dir='ltr'><strong>et</strong></span> <span class='ocrx_word' id='word_1_181' title='bbox 1319 403 1438 437; x_wconf 58' lang='lat' dir='ltr'><strong>praedam</strong></span> <span class='ocrx_word' id='word_1_182' title='bbox 1454 403 1481 430; x_wconf 85' lang='lat' dir='ltr'><strong>in</strong></span> <span class='ocrx_word' id='word_1_183' title='bbox 1495 408 1592 435; x_wconf 82' lang='lat' dir='ltr'><strong>castra,</strong></span> <span class='ocrx_word' id='word_1_184' title='bbox 1605 404 1631 430; x_wconf 86' lang='lat' dir='ltr'><strong>in</strong></span> <span class='ocrx_word' id='word_1_185' title='bbox 1650 403 1718 431; x_wconf 80' lang='lat' dir='ltr'><strong>Ara-</strong></span> 
     </span>
    </p>
   </div>
   <div class='ocr_carea' id='block_1_22' title="bbox 935 448 1719 483">
    <p class='ocr_par' dir='ltr' id='par_1_22' title="bbox 935 448 1719 483">
     <span class='ocr_line' id='line_1_22' title="bbox 935 448 1719 483; baseline 0.003 -8"><span class='ocrx_word' id='word_1_186' title='bbox 935 448 1002 476; x_wconf 91' lang='lat' dir='ltr'><strong>both</strong></span> <span class='ocrx_word' id='word_1_187' title='bbox 1016 448 1104 480; x_wconf 82' lang='lat' dir='ltr'><strong>Moab,</strong></span> <span class='ocrx_word' id='word_1_188' title='bbox 1125 456 1185 483; x_wconf 79' lang='lat' dir='ltr'><strong>quae</strong></span> <span class='ocrx_word' id='word_1_189' title='bbox 1201 453 1243 475; x_wconf 88' lang='lat' dir='ltr'><strong>est</strong></span> <span class='ocrx_word' id='word_1_190' title='bbox 1256 448 1283 475; x_wconf 92' lang='lat' dir='ltr'><strong>in</strong></span> <span class='ocrx_word' id='word_1_191' title='bbox 1299 449 1417 476; x_wconf 86' lang='lat' dir='ltr'><strong>Jordane</strong></span> <span class='ocrx_word' id='word_1_192' title='bbox 1440 453 1534 476; x_wconf 87' lang='lat' dir='ltr'><strong>contra</strong></span> <span class='ocrx_word' id='word_1_193' title='bbox 1546 450 1666 477; x_wconf 87' lang='lat' dir='ltr'><strong>Jericho.</strong></span> <span class='ocrx_word' id='word_1_194' title='bbox 1684 450 1719 478; x_wconf 86' lang='lat' dir='ltr'><strong>Et</strong></span> 
     </span>
    </p>
   </div>
   <div class='ocr_carea' id='block_1_23' title="bbox 933 493 1718 530">
    <p class='ocr_par' dir='ltr' id='par_1_23' title="bbox 933 493 1718 530">
     <span class='ocr_line' id='line_1_23' title="bbox 933 493 1718 530; baseline 0.003 -9"><span class='ocrx_word' id='word_1_195' title='bbox 933 495 1002 522; x_wconf 82' lang='lat' dir='ltr'><strong>exiit</strong></span> <span class='ocrx_word' id='word_1_196' title='bbox 1013 493 1117 530; x_wconf 79' lang='lat' dir='ltr'><strong>Moyses</strong></span> <span class='ocrx_word' id='word_1_197' title='bbox 1129 499 1157 522; x_wconf 88' lang='lat' dir='ltr'><strong>et</strong></span> <span class='ocrx_word' id='word_1_198' title='bbox 1165 494 1277 522; x_wconf 82' lang='lat' dir='ltr'><strong>Eleazar</strong></span> <span class='ocrx_word' id='word_1_199' title='bbox 1289 494 1425 527; x_wconf 83' lang='lat' dir='ltr'><strong>sacerdos,</strong></span> <span class='ocrx_word' id='word_1_200' title='bbox 1434 499 1462 522; x_wconf 88' lang='lat' dir='ltr'><strong>et</strong></span> <span class='ocrx_word' id='word_1_201' title='bbox 1476 503 1571 523; x_wconf 89' lang='lat' dir='ltr'><strong>omnes</strong></span> <span class='ocrx_word' id='word_1_202' title='bbox 1580 495 1718 530; x_wconf 86' lang='lat' dir='ltr'><strong>principes</strong></span> 
     </span>
    </p>
   </div>
   <div class='ocr_carea' id='block_1_24' title="bbox 933 539 1718 575">
    <p class='ocr_par' dir='ltr' id='par_1_24' title="bbox 933 539 1718 575">
     <span class='ocr_line' id='line_1_24' title="bbox 933 539 1718 575; baseline 0.001 -8"><span class='ocrx_word' id='word_1_203' title='bbox 933 547 1074 575; x_wconf 71' lang='lat' dir='ltr'><strong>synagoga:</strong></span> <span class='ocrx_word' id='word_1_204' title='bbox 1089 539 1115 567; x_wconf 91' lang='lat' dir='ltr'><strong>in</strong></span> <span class='ocrx_word' id='word_1_205' title='bbox 1128 547 1274 567; x_wconf 84' lang='lat' dir='ltr'><strong>oecursum</strong></span> <span class='ocrx_word' id='word_1_206' title='bbox 1281 547 1376 567; x_wconf 88' lang='lat' dir='ltr'><strong>eorum</strong></span> <span class='ocrx_word' id='word_1_207' title='bbox 1393 544 1469 567; x_wconf 85' lang='lat' dir='ltr'><strong>extra</strong></span> <span class='ocrx_word' id='word_1_208' title='bbox 1481 544 1580 573; x_wconf 85' lang='lat' dir='ltr'><strong>castra,</strong></span> <span class='ocrx_word' id='word_1_209' title='bbox 1594 544 1621 568; x_wconf 89' lang='lat' dir='ltr'><strong>et</strong></span> <span class='ocrx_word' id='word_1_210' title='bbox 1633 541 1718 568; x_wconf 85' lang='lat' dir='ltr'><strong>iratus</strong></span> 
     </span>
    </p>
   </div>
   <div class='ocr_carea' id='block_1_25' title="bbox 933 584 1717 620">
    <p class='ocr_par' dir='ltr' id='par_1_25' title="bbox 933 584 1717 620">
     <span class='ocr_line' id='line_1_25' title="bbox 933 584 1717 620; baseline 0.003 -9"><span class='ocrx_word' id='word_1_211' title='bbox 933 589 974 612; x_wconf 79' lang='lat' dir='ltr'><strong>est</strong></span> <span class='ocrx_word' id='word_1_212' title='bbox 989 584 1079 612; x_wconf 88' lang='lat' dir='ltr'><strong>furore</strong></span> <span class='ocrx_word' id='word_1_213' title='bbox 1095 584 1198 620; x_wconf 89' lang='lat' dir='ltr'><strong>Moyses</strong></span> <span class='ocrx_word' id='word_1_214' title='bbox 1207 588 1304 611; x_wconf 83' lang='lat' dir='ltr'><strong>contra</strong></span> <span class='ocrx_word' id='word_1_215' title='bbox 1315 585 1493 619; x_wconf 77' lang='lat' dir='ltr'><strong>imperatores</strong></span> <span class='ocrx_word' id='word_1_216' title='bbox 1502 586 1638 613; x_wconf 90' lang='lat' dir='ltr'><strong>exercitus</strong></span> <span class='ocrx_word' id='word_1_217' title='bbox 1654 587 1717 614; x_wconf 90' lang='lat' dir='ltr'><strong>mil-</strong></span> 
     </span>
    </p>
   </div>
   <div class='ocr_carea' id='block_1_26' title="bbox 932 629 1716 666">
    <p class='ocr_par' dir='ltr' id='par_1_26' title="bbox 932 629 1716 666">
     <span class='ocr_line' id='line_1_26' title="bbox 932 629 1716 666; baseline 0.004 -10"><span class='ocrx_word' id='word_1_218' title='bbox 932 629 1052 657; x_wconf 88' lang='lat' dir='ltr'><strong>lenarios</strong></span> <span class='ocrx_word' id='word_1_219' title='bbox 1068 633 1097 657; x_wconf 89' lang='lat' dir='ltr'><strong>et</strong></span> <span class='ocrx_word' id='word_1_220' title='bbox 1111 630 1288 658; x_wconf 78' lang='lat' dir='ltr'><strong>centuriones</strong></span> <span class='ocrx_word' id='word_1_221' title='bbox 1307 630 1452 657; x_wconf 88' lang='lat' dir='ltr'><strong>venientes</strong></span> <span class='ocrx_word' id='word_1_222' title='bbox 1473 638 1507 657; x_wconf 82' lang='lat' dir='ltr'><strong>ex</strong></span> <span class='ocrx_word' id='word_1_223' title='bbox 1523 639 1613 666; x_wconf 84' lang='lat' dir='ltr'><strong>pugna</strong></span> <span class='ocrx_word' id='word_1_224' title='bbox 1633 631 1716 663; x_wconf 82' lang='lat' dir='ltr'><strong>belli;</strong></span> 
     </span>
    </p>
   </div>
   <div class='ocr_carea' id='block_1_27' title="bbox 932 675 1718 712">
    <p class='ocr_par' dir='ltr' id='par_1_27' title="bbox 932 675 1718 712">
     <span class='ocr_line' id='line_1_27' title="bbox 932 675 1718 712; baseline 0.003 -9"><span class='ocrx_word' id='word_1_225' title='bbox 932 680 960 704; x_wconf 90' lang='lat' dir='ltr'><strong>et</strong></span> <span class='ocrx_word' id='word_1_226' title='bbox 978 675 1047 703; x_wconf 90' lang='lat' dir='ltr'><strong>dixit</strong></span> <span class='ocrx_word' id='word_1_227' title='bbox 1061 675 1101 703; x_wconf 89' lang='lat' dir='ltr'><strong>eis</strong></span> <span class='ocrx_word' id='word_1_228' title='bbox 1124 676 1242 712; x_wconf 80' lang='lat' dir='ltr'><strong>Moyses:</strong></span> <span class='ocrx_word' id='word_1_229' title='bbox 1260 676 1296 704; x_wconf 90' lang='lat' dir='ltr'><strong>Ut</strong></span> <span class='ocrx_word' id='word_1_230' title='bbox 1320 676 1386 711; x_wconf 90' lang='lat' dir='ltr'><strong>quid</strong></span> <span class='ocrx_word' id='word_1_231' title='bbox 1399 676 1491 703; x_wconf 92' lang='lat' dir='ltr'><strong>vivum</strong></span> <span class='ocrx_word' id='word_1_232' title='bbox 1506 677 1617 711; x_wconf 87' lang='lat' dir='ltr'><strong>cepistis</strong></span> <span class='ocrx_word' id='word_1_233' title='bbox 1637 685 1718 705; x_wconf 87' lang='lat' dir='ltr'><strong>omne</strong></span> 
     </span>
    </p>
   </div>
   <div class='ocr_carea' id='block_1_28' title="bbox 921 721 1718 758">
    <p class='ocr_par' dir='ltr' id='par_1_28' title="bbox 921 721 1718 758">
     <span class='ocr_line' id='line_1_28' title="bbox 921 721 1718 758; baseline -0.001 -7"><span class='ocrx_word' id='word_1_234' title='bbox 921 721 1115 751; x_wconf 85' lang='lat' dir='ltr'><strong>femininum?</strong></span> <span class='ocrx_word' id='word_1_235' title='bbox 1131 722 1264 750; x_wconf 66' lang='lat' dir='ltr'><strong>Haa‘enim</strong></span> <span class='ocrx_word' id='word_1_236' title='bbox 1276 722 1387 750; x_wconf 85' lang='lat' dir='ltr'><strong>fuerunt</strong></span> <span class='ocrx_word' id='word_1_237' title='bbox 1400 722 1464 750; x_wconf 91' lang='lat' dir='ltr'><strong>ﬁliis</strong></span> <span class='ocrx_word' id='word_1_238' title='bbox 1482 722 1563 750; x_wconf 84' lang='lat' dir='ltr'><strong>Israel</strong></span> <span class='ocrx_word' id='word_1_239' title='bbox 1573 723 1648 758; x_wconf 83' lang='lat' dir='ltr'><strong>juxta</strong></span> <span class='ocrx_word' id='word_1_240' title='bbox 1657 731 1718 751; x_wconf 77' lang='lat' dir='ltr'><strong>ver-</strong></span> 
     </span>
    </p>
   </div>
   <div class='ocr_carea' id='block_1_29' title="bbox 937 767 1718 803">
    <p class='ocr_par' dir='ltr' id='par_1_29' title="bbox 937 767 1718 803">
     <span class='ocr_line' id='line_1_29' title="bbox 937 767 1718 803; baseline 0.003 -8"><span class='ocrx_word' id='word_1_241' title='bbox 937 767 1003 795; x_wconf 91' lang='lat' dir='ltr'><strong>bum</strong></span> <span class='ocrx_word' id='word_1_242' title='bbox 1031 768 1151 801; x_wconf 82' lang='lat' dir='ltr'><strong>Balaam,</strong></span> <span class='ocrx_word' id='word_1_243' title='bbox 1179 772 1210 796; x_wconf 88' lang='lat' dir='ltr'><strong>ut</strong></span> <span class='ocrx_word' id='word_1_244' title='bbox 1237 769 1438 803; x_wconf 84' lang='lat' dir='ltr'><strong>apostataretis,</strong></span> <span class='ocrx_word' id='word_1_245' title='bbox 1454 772 1483 796; x_wconf 86' lang='lat' dir='ltr'><strong>et</strong></span> <span class='ocrx_word' id='word_1_246' title='bbox 1508 771 1718 797; x_wconf 86' lang='lat' dir='ltr'><strong>contemneretis</strong></span> 
     </span>
    </p>
   </div>
   <div class='ocr_carea' id='block_1_30' title="bbox 931 813 1717 850">
    <p class='ocr_par' dir='ltr' id='par_1_30' title="bbox 931 813 1717 850">
     <span class='ocr_line' id='line_1_30' title="bbox 931 813 1717 850; baseline 0 -8"><span class='ocrx_word' id='word_1_247' title='bbox 931 816 1046 844; x_wconf 80' lang='lat' dir='ltr'><strong>verbum</strong></span> <span class='ocrx_word' id='word_1_248' title='bbox 1063 813 1172 842; x_wconf 90' lang='lat' dir='ltr'><strong>Domini</strong></span> <span class='ocrx_word' id='word_1_249' title='bbox 1187 818 1301 849; x_wconf 86' lang='lat' dir='ltr'><strong>propter</strong></span> <span class='ocrx_word' id='word_1_250' title='bbox 1319 814 1444 849; x_wconf 79' lang='lat' dir='ltr'><strong>Phogor:</strong></span> <span class='ocrx_word' id='word_1_251' title='bbox 1463 818 1491 841; x_wconf 91' lang='lat' dir='ltr'><strong>et</strong></span> <span class='ocrx_word' id='word_1_252' title='bbox 1502 813 1573 841; x_wconf 86' lang='lat' dir='ltr'><strong>facta</strong></span> <span class='ocrx_word' id='word_1_253' title='bbox 1589 819 1631 842; x_wconf 89' lang='lat' dir='ltr'><strong>est</strong></span> <span class='ocrx_word' id='word_1_254' title='bbox 1641 815 1717 850; x_wconf 79' lang='lat' dir='ltr'><strong>plaga</strong></span> 
     </span>
    </p>
   </div>
   <div class='ocr_carea' id='block_1_31' title="bbox 932 859 1717 898">
    <p class='ocr_par' dir='ltr' id='par_1_31' title="bbox 932 859 1717 898">
     <span class='ocr_line' id='line_1_31' title="bbox 932 859 1717 898; baseline -0.003 -9"><span class='ocrx_word' id='word_1_255' title='bbox 932 862 959 889; x_wconf 89' lang='lat' dir='ltr'><strong>in</strong></span> <span class='ocrx_word' id='word_1_256' title='bbox 972 868 1106 898; x_wconf 76' lang='lat' dir='ltr'><strong>synagoga</strong></span> <span class='ocrx_word' id='word_1_257' title='bbox 1117 859 1224 887; x_wconf 90' lang='lat' dir='ltr'><strong>Domini</strong></span> <span class='ocrx_word' id='word_1_258' title='bbox 1238 864 1283 887; x_wconf 86' lang='lat' dir='ltr'><strong>:et</strong></span> <span class='ocrx_word' id='word_1_259' title='bbox 1297 867 1370 886; x_wconf 91' lang='lat' dir='ltr'><strong>nunc</strong></span> <span class='ocrx_word' id='word_1_260' title='bbox 1387 859 1503 886; x_wconf 85' lang='lat' dir='ltr'><strong>occidite</strong></span> <span class='ocrx_word' id='word_1_261' title='bbox 1517 867 1598 888; x_wconf 89' lang='lat' dir='ltr'><strong>omne</strong></span> <span class='ocrx_word' id='word_1_262' title='bbox 1610 867 1717 887; x_wconf 86' lang='lat' dir='ltr'><strong>mascu-</strong></span> 
     </span>
    </p>
   </div>
   <div class='ocr_carea' id='block_1_32' title="bbox 90 895 880 940">
    <p class='ocr_par' dir='ltr' id='par_1_32' title="bbox 90 903 879 939">
     <span class='ocr_line' id='line_1_32' title="bbox 90 903 879 939; baseline 0 -9"><span class='ocrx_word' id='word_1_263' title='bbox 90 905 231 939; x_wconf 80' lang='grc' dir='ltr'>ὑπεριδεῖν</span> <span class='ocrx_word' id='word_1_264' title='bbox 243 903 274 930; x_wconf 83' lang='grc' dir='ltr'>τὸ</span> <span class='ocrx_word' id='word_1_265' title='bbox 294 903 369 939; x_wconf 75' lang='grc' dir='ltr'>ῥῆμα</span> <span class='ocrx_word' id='word_1_266' title='bbox 384 904 486 939; x_wconf 79' lang='grc' dir='ltr'>Κυρίου</span> <span class='ocrx_word' id='word_1_267' title='bbox 496 923 503 935; x_wconf 83' lang='grc'>,</span> <span class='ocrx_word' id='word_1_268' title='bbox 516 903 608 930; x_wconf 71' lang='grc' dir='ltr'>ἕνεκεν</span> <span class='ocrx_word' id='word_1_269' title='bbox 624 903 720 939; x_wconf 79' lang='grc' dir='ltr'>Φογώρ</span> <span class='ocrx_word' id='word_1_270' title='bbox 730 910 738 918; x_wconf 84' lang='grc'><em>’</em></span> <span class='ocrx_word' id='word_1_271' title='bbox 753 905 799 930; x_wconf 80' lang='grc' dir='ltr'>καὶ</span> <span class='ocrx_word' id='word_1_272' title='bbox 817 903 879 938; x_wconf 77' lang='grc' dir='ltr'>ἐγέ-</span> 
     </span>
    </p>
   </div>
   <div class='ocr_carea' id='block_1_33' title="bbox 933 895 1718 940">
    <p class='ocr_par' dir='ltr' id='par_1_33' title="bbox 933 905 1718 940">
     <span class='ocr_line' id='line_1_33' title="bbox 933 905 1718 940; baseline -0.004 -5"><span class='ocrx_word' id='word_1_273' title='bbox 933 908 1019 935; x_wconf 90' lang='lat' dir='ltr'><strong>linum</strong></span> <span class='ocrx_word' id='word_1_274' title='bbox 1036 907 1064 934; x_wconf 92' lang='lat' dir='ltr'><strong>in</strong></span> <span class='ocrx_word' id='word_1_275' title='bbox 1074 906 1148 934; x_wconf 90' lang='lat' dir='ltr'><strong>omni</strong></span> <span class='ocrx_word' id='word_1_276' title='bbox 1162 913 1267 933; x_wconf 87' lang='lat' dir='ltr'><strong>summa</strong></span> <span class='ocrx_word' id='word_1_277' title='bbox 1278 908 1307 932; x_wconf 89' lang='lat' dir='ltr'><strong>et</strong></span> <span class='ocrx_word' id='word_1_278' title='bbox 1319 913 1428 932; x_wconf 91' lang='lat' dir='ltr'><strong>omnem</strong></span> <span class='ocrx_word' id='word_1_279' title='bbox 1439 905 1658 940; x_wconf 68' lang='lat' dir='ltr'><strong>mulierem,quae</strong></span> <span class='ocrx_word' id='word_1_280' title='bbox 1667 913 1718 933; x_wconf 90' lang='lat' dir='ltr'><strong>no-</strong></span> 
     </span>
    </p>
   </div>
   <div class='ocr_carea' id='block_1_34' title="bbox 90 950 879 986">
    <p class='ocr_par' dir='ltr' id='par_1_34' title="bbox 90 950 879 986">
     <span class='ocr_line' id='line_1_34' title="bbox 90 950 879 986; baseline 0.003 -10"><span class='ocrx_word' id='word_1_281' title='bbox 90 959 151 977; x_wconf 83' lang='grc' dir='ltr'>νετο</span> <span class='ocrx_word' id='word_1_282' title='bbox 172 951 188 986; x_wconf 79' lang='grc' dir='ltr'>ἡ</span> <span class='ocrx_word' id='word_1_283' title='bbox 205 950 298 985; x_wconf 79' lang='grc' dir='ltr'>πληγὴ</span> <span class='ocrx_word' id='word_1_284' title='bbox 317 951 346 976; x_wconf 84' lang='grc' dir='ltr'>ὲν</span> <span class='ocrx_word' id='word_1_285' title='bbox 366 951 398 985; x_wconf 85' lang='grc' dir='ltr'>τῇ</span> <span class='ocrx_word' id='word_1_286' title='bbox 418 951 564 985; x_wconf 80' lang='grc' dir='ltr'><strong>συναγωγῇ</strong></span> <span class='ocrx_word' id='word_1_287' title='bbox 588 950 711 985; x_wconf 77' lang='grc' dir='ltr'><strong>Κυρίου⁵</strong></span> <span class='ocrx_word' id='word_1_288' title='bbox 742 950 789 977; x_wconf 81' lang='grc' dir='ltr'><strong>νῦν</strong></span> <span class='ocrx_word' id='word_1_289' title='bbox 809 951 879 978; x_wconf 81' lang='grc' dir='ltr'>ἁπο-</span> 
     </span>
    </p>
   </div>
   <div class='ocr_carea' id='block_1_35' title="bbox 91 995 879 1032">
    <p class='ocr_par' dir='ltr' id='par_1_35' title="bbox 91 995 879 1032">
     <span class='ocr_line' id='line_1_35' title="bbox 91 995 879 1032; baseline 0.001 -9"><span class='ocrx_word' id='word_1_290' title='bbox 91 997 217 1023; x_wconf 76' lang='grc' dir='ltr'>κτείνατε</span> <span class='ocrx_word' id='word_1_291' title='bbox 227 997 282 1023; x_wconf 78' lang='grc' dir='ltr'>πᾶν</span> <span class='ocrx_word' id='word_1_292' title='bbox 297 996 450 1032; x_wconf 74' lang='grc' dir='ltr'>ἀρσενικὸν,</span> <span class='ocrx_word' id='word_1_293' title='bbox 461 997 490 1023; x_wconf 83' lang='grc' dir='ltr'>ὲν</span> <span class='ocrx_word' id='word_1_294' title='bbox 503 997 577 1031; x_wconf 83' lang='grc' dir='ltr'>πάσῃ</span> <span class='ocrx_word' id='word_1_295' title='bbox 589 995 722 1032; x_wconf 80' lang='grc' dir='ltr'>ἀπαρτίᾳ,</span> <span class='ocrx_word' id='word_1_296' title='bbox 731 995 779 1023; x_wconf 75' lang='grc' dir='ltr'>καὶ</span> <span class='ocrx_word' id='word_1_297' title='bbox 789 997 879 1024; x_wconf 76' lang='grc' dir='ltr'>πᾶσαν</span> 
     </span>
    </p>
   </div>
   <div class='ocr_carea' id='block_1_36' title="bbox 90 1041 880 1076">
    <p class='ocr_par' dir='ltr' id='par_1_36' title="bbox 90 1041 880 1076">
     <span class='ocr_line' id='line_1_36' title="bbox 90 1041 880 1076; baseline 0.001 -9"><span class='ocrx_word' id='word_1_298' title='bbox 90 1042 220 1075; x_wconf 85' lang='grc' dir='ltr'>γυναῖκα,</span> <span class='ocrx_word' id='word_1_299' title='bbox 233 1041 294 1076; x_wconf 69' lang='grc' dir='ltr'>ἥτις</span> <span class='ocrx_word' id='word_1_300' title='bbox 310 1041 380 1075; x_wconf 76' lang='grc' dir='ltr'>ἔγνω</span> <span class='ocrx_word' id='word_1_301' title='bbox 390 1041 483 1076; x_wconf 78' lang='grc' dir='ltr'>κοίτην</span> <span class='ocrx_word' id='word_1_302' title='bbox 491 1041 613 1076; x_wconf 75' lang='grc' dir='ltr'>ἄρσενος,</span> <span class='ocrx_word' id='word_1_303' title='bbox 628 1041 817 1068; x_wconf 76' lang='grc' dir='ltr'>ἀποκτείνατε·</span> <span class='ocrx_word' id='word_1_304' title='bbox 832 1041 880 1068; x_wconf 80' lang='grc' dir='ltr'>καὶ</span> 
     </span>
    </p>
   </div>
   <div class='ocr_carea' id='block_1_37' title="bbox 89 1084 879 1122">
    <p class='ocr_par' dir='ltr' id='par_1_37' title="bbox 89 1084 879 1122">
     <span class='ocr_line' id='line_1_37' title="bbox 89 1084 879 1122; baseline 0 -9"><span class='ocrx_word' id='word_1_305' title='bbox 89 1086 181 1113; x_wconf 76' lang='grc' dir='ltr'>πᾶσαν</span> <span class='ocrx_word' id='word_1_306' title='bbox 205 1085 256 1122; x_wconf 76' lang='grc' dir='ltr'>τὴν</span> <span class='ocrx_word' id='word_1_307' title='bbox 279 1085 416 1121; x_wconf 81' lang='grc' dir='ltr'>ἁπαρτίαν</span> <span class='ocrx_word' id='word_1_308' title='bbox 432 1085 486 1112; x_wconf 87' lang='grc' dir='ltr'><strong>τῶν</strong></span> <span class='ocrx_word' id='word_1_309' title='bbox 500 1086 651 1120; x_wconf 85' lang='grc' dir='ltr'>γυναικῶν,</span> <span class='ocrx_word' id='word_1_310' title='bbox 671 1086 733 1122; x_wconf 78' lang='grc' dir='ltr'>ἥτις</span> <span class='ocrx_word' id='word_1_311' title='bbox 754 1087 805 1114; x_wconf 81' lang='grc' dir='ltr'>οὐκ</span> <span class='ocrx_word' id='word_1_312' title='bbox 826 1084 879 1114; x_wconf 72' lang='grc' dir='ltr'>οἶδε</span> 
     </span>
    </p>
   </div>
   <div class='ocr_carea' id='block_1_38' title="bbox 89 1131 879 1168">
    <p class='ocr_par' dir='ltr' id='par_1_38' title="bbox 89 1131 879 1168">
     <span class='ocr_line' id='line_1_38' title="bbox 89 1131 879 1168; baseline 0.003 -10"><span class='ocrx_word' id='word_1_313' title='bbox 89 1132 186 1168; x_wconf 79' lang='grc' dir='ltr'>κοίτην</span> <span class='ocrx_word' id='word_1_314' title='bbox 208 1131 345 1167; x_wconf 79' lang='grc' dir='ltr'>ἄρσενος,</span> <span class='ocrx_word' id='word_1_315' title='bbox 368 1131 526 1167; x_wconf 79' lang='grc' dir='ltr'>ζωγρήσατε</span> <span class='ocrx_word' id='word_1_316' title='bbox 552 1132 647 1164; x_wconf 82' lang='grc' dir='ltr'>αὑτάς.</span> <span class='ocrx_word' id='word_1_317' title='bbox 670 1141 679 1158; x_wconf 74' lang='grc' dir='ltr'><strong>ι</strong></span> <span class='ocrx_word' id='word_1_318' title='bbox 703 1132 796 1159; x_wconf 85' lang='grc' dir='ltr'>Ταῦτα</span> <span class='ocrx_word' id='word_1_319' title='bbox 811 1133 879 1160; x_wconf 84' lang='grc' dir='ltr'><strong>Θεοῦ</strong></span> 
     </span>
    </p>
   </div>
   <div class='ocr_carea' id='block_1_39' title="bbox 89 1177 878 1215">
    <p class='ocr_par' dir='ltr' id='par_1_39' title="bbox 89 1177 878 1215">
     <span class='ocr_line' id='line_1_39' title="bbox 89 1177 878 1215; baseline 0.003 -11"><span class='ocrx_word' id='word_1_320' title='bbox 89 1178 374 1213; x_wconf 79' lang='grc' dir='ltr'>κεχρησμῳδηκότος,</span> <span class='ocrx_word' id='word_1_321' title='bbox 394 1177 539 1204; x_wconf 82' lang='grc' dir='ltr'><strong>ἀπόλεκτοι</strong></span> <span class='ocrx_word' id='word_1_322' title='bbox 558 1177 661 1205; x_wconf 82' lang='grc' dir='ltr'>νεανίαι</span> <span class='ocrx_word' id='word_1_323' title='bbox 678 1178 747 1214; x_wconf 62' lang='grc' dir='ltr'>πρὸς</span> <span class='ocrx_word' id='word_1_324' title='bbox 762 1179 812 1215; x_wconf 86' lang='grc' dir='ltr'><strong>τὴν</strong></span> <span class='ocrx_word' id='word_1_325' title='bbox 830 1179 878 1206; x_wconf 84' lang='grc' dir='ltr'>τοῦ</span> 
     </span>
    </p>
   </div>
   <div class='ocr_carea' id='block_1_40' title="bbox 90 1223 878 1260">
    <p class='ocr_par' dir='ltr' id='par_1_40' title="bbox 90 1223 878 1260">
     <span class='ocr_line' id='line_1_40' title="bbox 90 1223 878 1260; baseline 0.003 -10"><span class='ocrx_word' id='word_1_326' title='bbox 90 1224 212 1259; x_wconf 79' lang='grc' dir='ltr'>πολέμου</span> <span class='ocrx_word' id='word_1_327' title='bbox 230 1223 438 1259; x_wconf 78' lang='grc' dir='ltr'>συνεκομίζοντο</span> <span class='ocrx_word' id='word_1_328' title='bbox 455 1224 550 1259; x_wconf 83' lang='grc' dir='ltr'>χρείαν</span> <span class='ocrx_word' id='word_1_329' title='bbox 561 1231 568 1240; x_wconf 89' lang='grc'><strong>·</strong></span> <span class='ocrx_word' id='word_1_330' title='bbox 585 1224 633 1251; x_wconf 74' lang='grc' dir='ltr'>καὶ</span> <span class='ocrx_word' id='word_1_331' title='bbox 643 1224 697 1252; x_wconf 79' lang='grc' dir='ltr'>ἀπὺ</span> <span class='ocrx_word' id='word_1_332' title='bbox 708 1225 799 1260; x_wconf 82' lang='grc' dir='ltr'>πάσης</span> <span class='ocrx_word' id='word_1_333' title='bbox 815 1234 878 1252; x_wconf 87' lang='grc' dir='ltr'>συν-</span> 
     </span>
    </p>
   </div>
   <div class='ocr_carea' id='block_1_41' title="bbox 89 1270 879 1307">
    <p class='ocr_par' dir='ltr' id='par_1_41' title="bbox 89 1270 879 1307">
     <span class='ocr_line' id='line_1_41' title="bbox 89 1270 879 1307; baseline 0.001 -10"><span class='ocrx_word' id='word_1_334' title='bbox 89 1272 165 1307; x_wconf 77' lang='grc' dir='ltr'>ἐρῤει</span> <span class='ocrx_word' id='word_1_335' title='bbox 182 1270 272 1305; x_wconf 84' lang='grc' dir='ltr'>φυλῆς</span> <span class='ocrx_word' id='word_1_336' title='bbox 283 1290 291 1302; x_wconf 86' lang='grc'><em>,</em></span> <span class='ocrx_word' id='word_1_337' title='bbox 304 1270 336 1297; x_wconf 76' lang='grc' dir='ltr'>τὸ</span> <span class='ocrx_word' id='word_1_338' title='bbox 349 1271 390 1297; x_wconf 83' lang='grc' dir='ltr'>ὅτι</span> <span class='ocrx_word' id='word_1_339' title='bbox 407 1270 527 1306; x_wconf 80' lang='grc' dir='ltr'>μάλιστα</span> <span class='ocrx_word' id='word_1_340' title='bbox 551 1270 688 1306; x_wconf 75' lang='grc' dir='ltr'>τληπαθὲς</span> <span class='ocrx_word' id='word_1_341' title='bbox 702 1271 749 1298; x_wconf 69' lang='grc' dir='ltr'>καὶ</span> <span class='ocrx_word' id='word_1_342' title='bbox 763 1271 879 1307; x_wconf 72' lang='grc' dir='ltr'>δοκιμώ-</span> 
     </span>
    </p>
   </div>
   <div class='ocr_carea' id='block_1_42' title="bbox 89 1316 878 1354">
    <p class='ocr_par' dir='ltr' id='par_1_42' title="bbox 89 1316 878 1354">
     <span class='ocr_line' id='line_1_42' title="bbox 89 1316 878 1354; baseline 0.001 -11"><span class='ocrx_word' id='word_1_343' title='bbox 89 1325 182 1349; x_wconf 81' lang='grc' dir='ltr'>τατον,</span> <span class='ocrx_word' id='word_1_344' title='bbox 199 1317 244 1344; x_wconf 84' lang='grc' dir='ltr'>ἵνα</span> <span class='ocrx_word' id='word_1_345' title='bbox 253 1317 283 1343; x_wconf 81' lang='grc' dir='ltr'>τὸ</span> <span class='ocrx_word' id='word_1_346' title='bbox 297 1316 343 1351; x_wconf 80' lang='grc' dir='ltr'>ἀφ’</span> <span class='ocrx_word' id='word_1_347' title='bbox 355 1317 474 1351; x_wconf 79' lang='grc' dir='ltr'>ἑκάστης</span> <span class='ocrx_word' id='word_1_348' title='bbox 489 1317 658 1353; x_wconf 83' lang='grc' dir='ltr'>εὐδοκιμοῦν,</span> <span class='ocrx_word' id='word_1_349' title='bbox 674 1317 785 1353; x_wconf 76' lang='grc' dir='ltr'>αὔχημα</span> <span class='ocrx_word' id='word_1_350' title='bbox 798 1318 878 1354; x_wconf 86' lang='grc' dir='ltr'>γένη-</span> 
     </span>
    </p>
   </div>
   <div class='ocr_carea' id='block_1_43' title="bbox 90 1362 879 1399">
    <p class='ocr_par' dir='ltr' id='par_1_43' title="bbox 90 1362 879 1399">
     <span class='ocr_line' id='line_1_43' title="bbox 90 1362 879 1399; baseline 0.003 -10"><span class='ocrx_word' id='word_1_351' title='bbox 90 1372 134 1389; x_wconf 82' lang='grc' dir='ltr'><strong>ται</strong></span> <span class='ocrx_word' id='word_1_352' title='bbox 155 1363 205 1390; x_wconf 78' lang='grc' dir='ltr'><strong>τοῦ</strong></span> <span class='ocrx_word' id='word_1_353' title='bbox 227 1362 346 1395; x_wconf 85' lang='grc' dir='ltr'>παντὸς,</span> <span class='ocrx_word' id='word_1_354' title='bbox 371 1363 419 1390; x_wconf 77' lang='grc' dir='ltr'>καὶ</span> <span class='ocrx_word' id='word_1_355' title='bbox 434 1363 451 1398; x_wconf 78' lang='grc' dir='ltr'>ἡ</span> <span class='ocrx_word' id='word_1_356' title='bbox 473 1363 522 1389; x_wconf 80' lang='grc' dir='ltr'><strong>τοῦ</strong></span> <span class='ocrx_word' id='word_1_357' title='bbox 540 1364 638 1399; x_wconf 86' lang='grc' dir='ltr'>μέρους</span> <span class='ocrx_word' id='word_1_358' title='bbox 663 1363 824 1399; x_wconf 83' lang='grc' dir='ltr'>λαμπρότης</span> <span class='ocrx_word' id='word_1_359' title='bbox 840 1365 879 1396; x_wconf 86' lang='grc' dir='ltr'><strong>είς</strong></span> 
     </span>
    </p>
   </div>
   <div class='ocr_carea' id='block_1_44' title="bbox 91 1408 880 1444">
    <p class='ocr_par' dir='ltr' id='par_1_44' title="bbox 91 1408 880 1444">
     <span class='ocr_line' id='line_1_44' title="bbox 91 1408 880 1444; baseline 0.001 -9"><span class='ocrx_word' id='word_1_360' title='bbox 91 1409 150 1435; x_wconf 75' lang='grc' dir='ltr'>ὅλον</span> <span class='ocrx_word' id='word_1_361' title='bbox 166 1409 202 1436; x_wconf 80' lang='grc' dir='ltr'>τοι</span> <span class='ocrx_word' id='word_1_362' title='bbox 220 1409 251 1435; x_wconf 77' lang='grc' dir='ltr'><strong>τὸ</strong></span> <span class='ocrx_word' id='word_1_363' title='bbox 265 1408 414 1444; x_wconf 78' lang='grc' dir='ltr'>πλήρωμα,</span> <span class='ocrx_word' id='word_1_364' title='bbox 430 1408 501 1435; x_wconf 77' lang='grc' dir='ltr'>κατά</span> <span class='ocrx_word' id='word_1_365' title='bbox 516 1417 547 1443; x_wconf 86' lang='grc' dir='ltr'><strong>γε</strong></span> <span class='ocrx_word' id='word_1_366' title='bbox 560 1409 591 1436; x_wconf 85' lang='grc' dir='ltr'><strong>τὺ</strong></span> <span class='ocrx_word' id='word_1_367' title='bbox 605 1409 658 1436; x_wconf 81' lang='grc' dir='ltr'><strong>ὑπὸ</strong></span> <span class='ocrx_word' id='word_1_368' title='bbox 672 1409 779 1437; x_wconf 83' lang='grc' dir='ltr'>Παύλου</span> <span class='ocrx_word' id='word_1_369' title='bbox 791 1409 880 1444; x_wconf 81' lang='grc' dir='ltr'>σοφῶς</span> 
     </span>
    </p>
   </div>
   <div class='ocr_carea' id='block_1_45' title="bbox 94 1454 879 1491">
    <p class='ocr_par' dir='ltr' id='par_1_45' title="bbox 94 1454 879 1491">
     <span class='ocr_line' id='line_1_45' title="bbox 94 1454 879 1491; baseline 0.001 -10"><span class='ocrx_word' id='word_1_370' title='bbox 94 1455 252 1490; x_wconf 76' lang='grc' dir='ltr'>εἰρημένον·</span> <span class='ocrx_word' id='word_1_371' title='bbox 274 1464 283 1480; x_wconf 78' lang='grc' dir='ltr'><strong>ι</strong></span> <span class='ocrx_word' id='word_1_372' title='bbox 307 1454 368 1481; x_wconf 69' lang='lat' dir='ltr'><strong>Ehe</strong></span> <span class='ocrx_word' id='word_1_373' title='bbox 386 1454 440 1489; x_wconf 85' lang='grc' dir='ltr'><strong>γὰρ</strong></span> <span class='ocrx_word' id='word_1_374' title='bbox 459 1454 557 1489; x_wconf 81' lang='grc' dir='ltr'>πάσχει</span> <span class='ocrx_word' id='word_1_375' title='bbox 573 1454 602 1481; x_wconf 75' lang='grc' dir='ltr'>ἓν</span> <span class='ocrx_word' id='word_1_376' title='bbox 616 1455 706 1490; x_wconf 87' lang='grc' dir='ltr'>μέλος,</span> <span class='ocrx_word' id='word_1_377' title='bbox 724 1455 879 1491; x_wconf 78' lang='grc' dir='ltr'>συμπάσχει</span> 
     </span>
    </p>
   </div>
   <div class='ocr_carea' id='block_1_46' title="bbox 96 1500 877 1538">
    <p class='ocr_par' dir='ltr' id='par_1_46' title="bbox 96 1500 877 1538">
     <span class='ocr_line' id='line_1_46' title="bbox 96 1500 877 1538; baseline 0 -10"><span class='ocrx_word' id='word_1_378' title='bbox 96 1502 185 1528; x_wconf 80' lang='grc' dir='ltr'>πάντα</span> <span class='ocrx_word' id='word_1_379' title='bbox 206 1501 241 1528; x_wconf 77' lang='grc' dir='ltr'><strong>τὰ</strong></span> <span class='ocrx_word' id='word_1_380' title='bbox 257 1501 343 1536; x_wconf 83' lang='grc' dir='ltr'>μέλη·</span> <span class='ocrx_word' id='word_1_381' title='bbox 360 1501 414 1527; x_wconf 82' lang='grc' dir='ltr'>εἴτε</span> <span class='ocrx_word' id='word_1_382' title='bbox 427 1500 567 1534; x_wconf 74' lang='grc' dir='ltr'>δοξάζεται</span> <span class='ocrx_word' id='word_1_383' title='bbox 580 1501 608 1527; x_wconf 82' lang='grc' dir='ltr'>ἓν</span> <span class='ocrx_word' id='word_1_384' title='bbox 626 1501 716 1536; x_wconf 80' lang='grc' dir='ltr'>μέλος,</span> <span class='ocrx_word' id='word_1_385' title='bbox 735 1502 877 1538; x_wconf 83' lang='grc' dir='ltr'>συγχαίρει</span> 
     </span>
    </p>
   </div>
   <div class='ocr_carea' id='block_1_47' title="bbox 94 1547 325 1583">
    <p class='ocr_par' dir='ltr' id='par_1_47' title="bbox 94 1547 325 1583">
     <span class='ocr_line' id='line_1_47' title="bbox 94 1547 325 1583; baseline 0 -9"><span class='ocrx_word' id='word_1_386' title='bbox 94 1547 183 1574; x_wconf 78' lang='grc' dir='ltr'>πάντα</span> <span class='ocrx_word' id='word_1_387' title='bbox 198 1547 233 1574; x_wconf 78' lang='grc' dir='ltr'>τὰ</span> <span class='ocrx_word' id='word_1_388' title='bbox 246 1548 325 1583; x_wconf 86' lang='grc' dir='ltr'>μέλη.</span> 
     </span>
    </p>
   </div>
   <div class='ocr_carea' id='block_1_48' title="bbox 128 1593 475 1629">
    <p class='ocr_par' dir='ltr' id='par_1_48' title="bbox 128 1593 475 1629">
     <span class='ocr_line' id='line_1_48' title="bbox 128 1593 475 1629; baseline 0 -9"><span class='ocrx_word' id='word_1_389' title='bbox 128 1594 235 1620; x_wconf 81' lang='grc' dir='ltr'><strong>ΠΛΛΛ.</strong></span> <span class='ocrx_word' id='word_1_390' title='bbox 257 1593 359 1629; x_wconf 80' lang='grc' dir='ltr'>Ὀρθῶς</span> <span class='ocrx_word' id='word_1_391' title='bbox 373 1594 475 1629; x_wconf 81' lang='grc' dir='ltr'>διανοῇ.</span> 
     </span>
    </p>
   </div>
   <div class='ocr_carea' id='block_1_49' title="bbox 128 1638 880 1674">
    <p class='ocr_par' dir='ltr' id='par_1_49' title="bbox 128 1638 880 1674">
     <span class='ocr_line' id='line_1_49' title="bbox 128 1638 880 1674; baseline 0 -9"><span class='ocrx_word' id='word_1_392' title='bbox 128 1639 212 1666; x_wconf 78' lang='grc' dir='ltr'><strong>ΚιῬ.</strong></span> <span class='ocrx_word' id='word_1_393' title='bbox 234 1639 474 1674; x_wconf 81' lang='grc' dir='ltr'>Κατεστρατεύετο</span> <span class='ocrx_word' id='word_1_394' title='bbox 489 1638 580 1665; x_wconf 88' lang='grc' dir='ltr'>τοίνυν</span> <span class='ocrx_word' id='word_1_395' title='bbox 599 1639 654 1665; x_wconf 83' lang='grc' dir='ltr'><strong>τῶν</strong></span> <span class='ocrx_word' id='word_1_396' title='bbox 671 1638 844 1673; x_wconf 72' lang='grc' dir='ltr'>Μαδιηναίων</span> <span class='ocrx_word' id='word_1_397' title='bbox 863 1639 880 1674; x_wconf 76' lang='grc' dir='ltr'><strong>ὴ</strong></span> 
     </span>
    </p>
   </div>
   <div class='ocr_carea' id='block_1_50' title="bbox 94 1685 881 1722">
    <p class='ocr_par' dir='ltr' id='par_1_50' title="bbox 94 1685 881 1722">
     <span class='ocr_line' id='line_1_50' title="bbox 94 1685 881 1722; baseline 0 -10"><span class='ocrx_word' id='word_1_398' title='bbox 94 1687 146 1713; x_wconf 76' lang='grc' dir='ltr'><strong>τῶν</strong></span> <span class='ocrx_word' id='word_1_399' title='bbox 163 1687 323 1714; x_wconf 86' lang='grc' dir='ltr'>ἀπολέκτων</span> <span class='ocrx_word' id='word_1_400' title='bbox 348 1686 526 1722; x_wconf 83' lang='grc' dir='ltr'>ὰλκιμωτάτη</span> <span class='ocrx_word' id='word_1_401' title='bbox 546 1685 651 1722; x_wconf 75' lang='grc' dir='ltr'>πληθὺς</span> <span class='ocrx_word' id='word_1_402' title='bbox 662 1706 670 1717; x_wconf 86' lang='grc'><em>,</em></span> <span class='ocrx_word' id='word_1_403' title='bbox 690 1685 814 1717; x_wconf 79' lang='grc' dir='ltr'>συνόντος</span> <span class='ocrx_word' id='word_1_404' title='bbox 832 1685 881 1713; x_wconf 80' lang='grc' dir='ltr'><strong>αὐ-</strong></span> 
     </span>
    </p>
   </div>
   <div class='ocr_carea' id='block_1_51' title="bbox 95 1731 880 1769">
    <p class='ocr_par' dir='ltr' id='par_1_51' title="bbox 95 1731 880 1769">
     <span class='ocr_line' id='line_1_51' title="bbox 95 1731 880 1769; baseline -0.003 -10"><span class='ocrx_word' id='word_1_405' title='bbox 95 1735 150 1764; x_wconf 76' lang='grc' dir='ltr'>τοῖς</span> <span class='ocrx_word' id='word_1_406' title='bbox 166 1733 259 1765; x_wconf 75' lang='grc' dir='ltr'>Φινεές</span> <span class='ocrx_word' id='word_1_407' title='bbox 274 1741 304 1760; x_wconf 86' lang='grc' dir='ltr'><strong>τε</strong></span> <span class='ocrx_word' id='word_1_408' title='bbox 320 1733 367 1760; x_wconf 82' lang='grc' dir='ltr'>τοῦ</span> <span class='ocrx_word' id='word_1_409' title='bbox 382 1733 477 1769; x_wconf 77' lang='grc' dir='ltr'>ἱερέως</span> <span class='ocrx_word' id='word_1_410' title='bbox 487 1753 494 1765; x_wconf 87' lang='grc'><em>,</em></span> <span class='ocrx_word' id='word_1_411' title='bbox 521 1732 566 1759; x_wconf 81' lang='grc' dir='ltr'>καὶ</span> <span class='ocrx_word' id='word_1_412' title='bbox 585 1732 639 1758; x_wconf 84' lang='grc' dir='ltr'><strong>τῶν</strong></span> <span class='ocrx_word' id='word_1_413' title='bbox 656 1732 740 1766; x_wconf 84' lang='grc' dir='ltr'>ἁγίων</span> <span class='ocrx_word' id='word_1_414' title='bbox 755 1731 859 1758; x_wconf 82' lang='grc' dir='ltr'>σκευῶν</span> <span class='ocrx_word' id='word_1_415' title='bbox 872 1751 880 1764; x_wconf 83' lang='lat'><strong>,</strong></span> 
     </span>
    </p>
   </div>
   <div class='ocr_carea' id='block_1_52' title="bbox 95 1777 880 1815">
    <p class='ocr_par' dir='ltr' id='par_1_52' title="bbox 95 1777 880 1815">
     <span class='ocr_line' id='line_1_52' title="bbox 95 1777 880 1815; baseline -0.003 -9"><span class='ocrx_word' id='word_1_416' title='bbox 95 1781 141 1806; x_wconf 71' lang='grc' dir='ltr'>καὶ</span> <span class='ocrx_word' id='word_1_417' title='bbox 155 1779 208 1815; x_wconf 82' lang='grc' dir='ltr'>μὴν</span> <span class='ocrx_word' id='word_1_418' title='bbox 225 1779 272 1806; x_wconf 73' lang='grc' dir='ltr'>καὶ</span> <span class='ocrx_word' id='word_1_419' title='bbox 287 1779 454 1814; x_wconf 79' lang='grc' dir='ltr'>σαλπίγγων,</span> <span class='ocrx_word' id='word_1_420' title='bbox 472 1779 526 1806; x_wconf 81' lang='grc' dir='ltr'><strong>τῶν</strong></span> <span class='ocrx_word' id='word_1_421' title='bbox 539 1778 712 1813; x_wconf 83' lang='grc' dir='ltr'>καλουμένων</span> <span class='ocrx_word' id='word_1_422' title='bbox 728 1777 880 1813; x_wconf 82' lang='grc' dir='ltr'>σημασιῶν.</span> 
     </span>
    </p>
   </div>
   <div class='ocr_carea' id='block_1_53' title="bbox 63 1822 882 1860">
    <p class='ocr_par' dir='ltr' id='par_1_53' title="bbox 63 1822 882 1860">
     <span class='ocr_line' id='line_1_53' title="bbox 63 1822 882 1860; baseline -0.006 -8"><span class='ocrx_word' id='word_1_423' title='bbox 63 1836 69 1842; x_wconf 89' lang='grc'><strong>·</strong></span> <span class='ocrx_word' id='word_1_424' title='bbox 94 1825 149 1852; x_wconf 74' lang='grc' dir='ltr'><strong>Καὶ</strong></span> <span class='ocrx_word' id='word_1_425' title='bbox 166 1825 221 1860; x_wconf 80' lang='grc' dir='ltr'>γάρ</span> <span class='ocrx_word' id='word_1_426' title='bbox 240 1825 314 1851; x_wconf 80' lang='grc' dir='ltr'>ἐστιν</span> <span class='ocrx_word' id='word_1_427' title='bbox 330 1824 374 1851; x_wconf 69' lang='grc' dir='ltr'><strong>ἀεὶ</strong></span> <span class='ocrx_word' id='word_1_428' title='bbox 391 1824 522 1855; x_wconf 81' lang='grc' dir='ltr'>σύνοπλός</span> <span class='ocrx_word' id='word_1_429' title='bbox 538 1832 568 1850; x_wconf 89' lang='grc' dir='ltr'><strong>τε</strong></span> <span class='ocrx_word' id='word_1_430' title='bbox 585 1823 632 1849; x_wconf 74' lang='grc' dir='ltr'>καὶ</span> <span class='ocrx_word' id='word_1_431' title='bbox 649 1822 882 1857; x_wconf 81' lang='grc' dir='ltr'>συμπαραστάτης</span> 
     </span>
    </p>
   </div>
   <div class='ocr_carea' id='block_1_54' title="bbox 95 1868 882 1908">
    <p class='ocr_par' dir='ltr' id='par_1_54' title="bbox 95 1868 882 1908">
     <span class='ocr_line' id='line_1_54' title="bbox 95 1868 882 1908; baseline -0.006 -10"><span class='ocrx_word' id='word_1_432' title='bbox 95 1874 149 1904; x_wconf 76' lang='grc' dir='ltr'>τοῖς</span> <span class='ocrx_word' id='word_1_433' title='bbox 166 1871 369 1908; x_wconf 75' lang='grc' dir='ltr'>ἀνδριζομένοις</span> <span class='ocrx_word' id='word_1_434' title='bbox 382 1871 396 1897; x_wconf 80' lang='grc' dir='ltr'><strong>ὁ</strong></span> <span class='ocrx_word' id='word_1_435' title='bbox 414 1870 530 1906; x_wconf 79' lang='grc' dir='ltr'>Χριστὸς</span> <span class='ocrx_word' id='word_1_436' title='bbox 543 1890 550 1902; x_wconf 85' lang='grc'><em>,</em></span> <span class='ocrx_word' id='word_1_437' title='bbox 567 1870 582 1896; x_wconf 84' lang='grc' dir='ltr'><strong>ὸ</strong></span> <span class='ocrx_word' id='word_1_438' title='bbox 597 1869 683 1905; x_wconf 79' lang='grc' dir='ltr'>μέγας</span> <span class='ocrx_word' id='word_1_439' title='bbox 700 1868 777 1903; x_wconf 80' lang='grc' dir='ltr'>ἡμῶν</span> <span class='ocrx_word' id='word_1_440' title='bbox 789 1868 882 1903; x_wconf 85' lang='grc' dir='ltr'>ἀρχιε-</span> 
     </span>
    </p>
   </div>
   <div class='ocr_carea' id='block_1_55' title="bbox 95 1915 881 1953">
    <p class='ocr_par' dir='ltr' id='par_1_55' title="bbox 95 1915 881 1953">
     <span class='ocr_line' id='line_1_55' title="bbox 95 1915 881 1953; baseline -0.006 -8"><span class='ocrx_word' id='word_1_441' title='bbox 95 1918 170 1953; x_wconf 79' lang='grc' dir='ltr'>ρεύς·</span> <span class='ocrx_word' id='word_1_442' title='bbox 190 1917 351 1944; x_wconf 73' lang='grc' dir='ltr'>συναθλοῦσι</span> <span class='ocrx_word' id='word_1_443' title='bbox 364 1917 391 1944; x_wconf 78' lang='grc' dir='ltr'><strong>δὲ</strong></span> <span class='ocrx_word' id='word_1_444' title='bbox 402 1917 449 1943; x_wconf 81' lang='grc' dir='ltr'>καὶ</span> <span class='ocrx_word' id='word_1_445' title='bbox 458 1916 579 1950; x_wconf 79' lang='grc' dir='ltr'>ἄγγελοι,</span> <span class='ocrx_word' id='word_1_446' title='bbox 595 1915 720 1950; x_wconf 81' lang='grc' dir='ltr'>καθάπερ</span> <span class='ocrx_word' id='word_1_447' title='bbox 731 1915 761 1941; x_wconf 80' lang='grc' dir='ltr'>ὲν</span> <span class='ocrx_word' id='word_1_448' title='bbox 773 1915 881 1941; x_wconf 83' lang='grc' dir='ltr'>σκεύεσι</span> 
     </span>
    </p>
   </div>
   <div class='ocr_carea' id='block_1_56' title="bbox 94 1960 881 1998">
    <p class='ocr_par' dir='ltr' id='par_1_56' title="bbox 94 1960 881 1998">
     <span class='ocr_line' id='line_1_56' title="bbox 94 1960 881 1998; baseline -0.005 -8"><span class='ocrx_word' id='word_1_449' title='bbox 94 1966 150 1996; x_wconf 76' lang='grc' dir='ltr'>τοῖς</span> <span class='ocrx_word' id='word_1_450' title='bbox 165 1964 254 1998; x_wconf 78' lang='grc' dir='ltr'>ἁγίοις</span> <span class='ocrx_word' id='word_1_451' title='bbox 270 1962 490 1998; x_wconf 80' lang='grc' dir='ltr'>ὑποδηλούμενοι.</span> <span class='ocrx_word' id='word_1_452' title='bbox 512 1961 601 1997; x_wconf 87' lang='grc' dir='ltr'>Σκεύη</span> <span class='ocrx_word' id='word_1_453' title='bbox 616 1961 669 1997; x_wconf 83' lang='grc' dir='ltr'><strong>γὰρ</strong></span> <span class='ocrx_word' id='word_1_454' title='bbox 684 1961 749 1995; x_wconf 79' lang='grc' dir='ltr'>ἆγια</span> <span class='ocrx_word' id='word_1_455' title='bbox 764 1961 811 1987; x_wconf 79' lang='grc' dir='ltr'>καὶ</span> <span class='ocrx_word' id='word_1_456' title='bbox 827 1960 881 1986; x_wconf 87' lang='grc' dir='ltr'>λει-</span> 
     </span>
    </p>
   </div>
   <div class='ocr_carea' id='block_1_57' title="bbox 85 2006 881 2047">
    <p class='ocr_par' dir='ltr' id='par_1_57' title="bbox 85 2006 881 2047">
     <span class='ocr_line' id='line_1_57' title="bbox 85 2006 881 2047; baseline -0.008 -9"><span class='ocrx_word' id='word_1_457' title='bbox 85 2011 239 2047; x_wconf 77' lang='grc' dir='ltr'>’τουργικά,</span> <span class='ocrx_word' id='word_1_458' title='bbox 260 2010 295 2036; x_wconf 83' lang='grc' dir='ltr'>τὰ</span> <span class='ocrx_word' id='word_1_459' title='bbox 309 2011 338 2036; x_wconf 85' lang='grc' dir='ltr'>ὲν</span> <span class='ocrx_word' id='word_1_460' title='bbox 352 2009 460 2045; x_wconf 83' lang='grc' dir='ltr'>οὐρανῷ</span> <span class='ocrx_word' id='word_1_461' title='bbox 473 2008 570 2042; x_wconf 87' lang='grc' dir='ltr'>λογικὰ</span> <span class='ocrx_word' id='word_1_462' title='bbox 585 2007 738 2042; x_wconf 82' lang='grc' dir='ltr'>πνεύματα”</span> <span class='ocrx_word' id='word_1_463' title='bbox 754 2006 881 2033; x_wconf 85' lang='grc' dir='ltr'>τέτακται</span> 
     </span>
    </p>
   </div>
   <div class='ocr_carea' id='block_1_58' title="bbox 93 2051 881 2092">
    <p class='ocr_par' dir='ltr' id='par_1_58' title="bbox 93 2051 881 2092">
     <span class='ocr_line' id='line_1_58' title="bbox 93 2051 881 2092; baseline -0.008 -9"><span class='ocrx_word' id='word_1_464' title='bbox 93 2057 148 2092; x_wconf 78' lang='grc' dir='ltr'><strong>γὰρ</strong></span> <span class='ocrx_word' id='word_1_465' title='bbox 168 2056 246 2092; x_wconf 80' lang='grc' dir='ltr'>παρὰ</span> <span class='ocrx_word' id='word_1_466' title='bbox 265 2055 332 2082; x_wconf 77' lang='grc' dir='ltr'>Θεοῦ</span> <span class='ocrx_word' id='word_1_467' title='bbox 356 2055 425 2089; x_wconf 75' lang='grc' dir='ltr'>πρὸς</span> <span class='ocrx_word' id='word_1_468' title='bbox 441 2053 601 2090; x_wconf 79' lang='grc' dir='ltr'>ἐπικουρίαν</span> <span class='ocrx_word' id='word_1_469' title='bbox 616 2052 705 2089; x_wconf 81' lang='grc' dir='ltr'>ἡμῶν.</span> <span class='ocrx_word' id='word_1_470' title='bbox 724 2052 838 2087; x_wconf 79' lang='grc' dir='ltr'>Πάρεισι</span> <span class='ocrx_word' id='word_1_471' title='bbox 853 2051 881 2077; x_wconf 80' lang='grc' dir='ltr'><strong>δὲ</strong></span> 
     </span>
    </p>
   </div>
   <div class='ocr_carea' id='block_1_59' title="bbox 92 2097 882 2139">
    <p class='ocr_par' dir='ltr' id='par_1_59' title="bbox 92 2097 882 2139">
     <span class='ocr_line' id='line_1_59' title="bbox 92 2097 882 2139; baseline -0.011 -9"><span class='ocrx_word' id='word_1_472' title='bbox 92 2104 170 2130; x_wconf 78' lang='grc' dir='ltr'>οὐδὲν</span> <span class='ocrx_word' id='word_1_473' title='bbox 188 2100 270 2139; x_wconf 81' lang='grc' dir='ltr'>ἧττον</span> <span class='ocrx_word' id='word_1_474' title='bbox 289 2102 335 2129; x_wconf 79' lang='grc' dir='ltr'>καὶ</span> <span class='ocrx_word' id='word_1_475' title='bbox 349 2101 377 2128; x_wconf 82' lang='grc' dir='ltr'>αι</span> <span class='ocrx_word' id='word_1_476' title='bbox 396 2100 546 2134; x_wconf 85' lang='grc' dir='ltr'>σάλπιγγες</span> <span class='ocrx_word' id='word_1_477' title='bbox 560 2099 615 2125; x_wconf 85' lang='grc' dir='ltr'><strong>τῶν</strong></span> <span class='ocrx_word' id='word_1_478' title='bbox 628 2097 771 2134; x_wconf 86' lang='grc' dir='ltr'>σημασιῶν</span> <span class='ocrx_word' id='word_1_479' title='bbox 781 2119 787 2130; x_wconf 84' lang='grc'>,</span> <span class='ocrx_word' id='word_1_480' title='bbox 804 2105 882 2123; x_wconf 73' lang='grc' dir='ltr'>τουτ-</span> 
     </span>
    </p>
   </div>
   <div class='ocr_carea' id='block_1_60' title="bbox 94 2143 881 2184">
    <p class='ocr_par' dir='ltr' id='par_1_60' title="bbox 94 2143 881 2184">
     <span class='ocr_line' id='line_1_60' title="bbox 94 2143 881 2184; baseline -0.011 -7"><span class='ocrx_word' id='word_1_481' title='bbox 94 2150 152 2177; x_wconf 74' lang='grc' dir='ltr'>έστι</span> <span class='ocrx_word' id='word_1_482' title='bbox 171 2149 227 2176; x_wconf 85' lang='grc' dir='ltr'><strong>τῶν</strong></span> <span class='ocrx_word' id='word_1_483' title='bbox 246 2148 385 2184; x_wconf 79' lang='grc' dir='ltr'>θεηγόρων</span> <span class='ocrx_word' id='word_1_484' title='bbox 406 2147 431 2173; x_wconf 86' lang='lat' dir='ltr'><strong>ol</strong></span> <span class='ocrx_word' id='word_1_485' title='bbox 455 2146 546 2180; x_wconf 85' lang='grc' dir='ltr'>λόγοι,</span> <span class='ocrx_word' id='word_1_486' title='bbox 571 2144 602 2171; x_wconf 80' lang='grc' dir='ltr'>τὸ</span> <span class='ocrx_word' id='word_1_487' title='bbox 621 2145 682 2171; x_wconf 86' lang='grc' dir='ltr'>τίνα</span> <span class='ocrx_word' id='word_1_488' title='bbox 704 2143 758 2179; x_wconf 81' lang='grc' dir='ltr'><strong>χρὴ</strong></span> <span class='ocrx_word' id='word_1_489' title='bbox 781 2143 881 2178; x_wconf 83' lang='grc' dir='ltr'>τρόπον</span> 
     </span>
    </p>
   </div>
   <div class='ocr_carea' id='block_1_61' title="bbox 93 2187 880 2230">
    <p class='ocr_par' dir='ltr' id='par_1_61' title="bbox 93 2187 880 2230">
     <span class='ocr_line' id='line_1_61' title="bbox 93 2187 880 2230; baseline -0.011 -8"><span class='ocrx_word' id='word_1_490' title='bbox 93 2194 326 2230; x_wconf 71' lang='grc' dir='ltr'>κατανδρίζεσθαι</span> <span class='ocrx_word' id='word_1_491' title='bbox 341 2193 396 2220; x_wconf 84' lang='grc' dir='ltr'><strong>τῶν</strong></span> <span class='ocrx_word' id='word_1_492' title='bbox 407 2191 523 2228; x_wconf 77' lang='grc' dir='ltr'>ἐχθρῶν,</span> <span class='ocrx_word' id='word_1_493' title='bbox 538 2191 598 2225; x_wconf 75' lang='grc' dir='ltr'>ἦτοι</span> <span class='ocrx_word' id='word_1_494' title='bbox 608 2189 662 2216; x_wconf 88' lang='grc' dir='ltr'><strong>τῶν</strong></span> <span class='ocrx_word' id='word_1_495' title='bbox 673 2189 701 2216; x_wconf 75' lang='grc' dir='ltr'>ἑν</span> <span class='ocrx_word' id='word_1_496' title='bbox 715 2189 781 2224; x_wconf 77' lang='grc' dir='ltr'>ἡμῖν</span> <span class='ocrx_word' id='word_1_497' title='bbox 797 2187 880 2214; x_wconf 75' lang='grc' dir='ltr'>ὄντων</span> 
     </span>
    </p>
   </div>
   <div class='ocr_carea' id='block_1_62' title="bbox 933 952 1717 985">
    <p class='ocr_par' dir='ltr' id='par_1_62' title="bbox 933 952 1717 985">
     <span class='ocr_line' id='line_1_62' title="bbox 933 952 1717 985; baseline 0 -5"><span class='ocrx_word' id='word_1_498' title='bbox 933 954 973 980; x_wconf 79' lang='lat' dir='ltr'><strong>vit</strong></span> <span class='ocrx_word' id='word_1_499' title='bbox 991 954 1094 981; x_wconf 85' lang='lat' dir='ltr'><strong>lectum</strong></span> <span class='ocrx_word' id='word_1_500' title='bbox 1113 952 1246 985; x_wconf 85' lang='lat' dir='ltr'><strong>masculi;</strong></span> <span class='ocrx_word' id='word_1_501' title='bbox 1269 952 1387 980; x_wconf 86' lang='lat' dir='ltr'><strong>occidite</strong></span> <span class='ocrx_word' id='word_1_502' title='bbox 1406 956 1434 979; x_wconf 83' lang='lat' dir='ltr'><strong>et</strong></span> <span class='ocrx_word' id='word_1_503' title='bbox 1459 959 1569 979; x_wconf 89' lang='lat' dir='ltr'><strong>omnem</strong></span> <span class='ocrx_word' id='word_1_504' title='bbox 1584 960 1717 980; x_wconf 87' lang='lat' dir='ltr'><strong>summam</strong></span> 
     </span>
    </p>
   </div>
   <div class='ocr_carea' id='block_1_63' title="bbox 933 999 1718 1034">
    <p class='ocr_par' dir='ltr' id='par_1_63' title="bbox 933 999 1718 1034">
     <span class='ocr_line' id='line_1_63' title="bbox 933 999 1718 1034; baseline 0 -7"><span class='ocrx_word' id='word_1_505' title='bbox 933 1000 1098 1028; x_wconf 82' lang='lat' dir='ltr'><strong>feminarum</strong></span> <span class='ocrx_word' id='word_1_506' title='bbox 1110 1019 1118 1032; x_wconf 94' lang='lat'><strong>,</strong></span> <span class='ocrx_word' id='word_1_507' title='bbox 1134 1000 1200 1034; x_wconf 69' lang='lat' dir='ltr'><strong>quaa&#39;i</strong></span> <span class='ocrx_word' id='word_1_508' title='bbox 1214 1006 1269 1026; x_wconf 94' lang='lat' dir='ltr'><strong>non</strong></span> <span class='ocrx_word' id='word_1_509' title='bbox 1286 999 1362 1026; x_wconf 83' lang='lat' dir='ltr'><strong>novit</strong></span> <span class='ocrx_word' id='word_1_510' title='bbox 1380 999 1483 1026; x_wconf 89' lang='lat' dir='ltr'><strong>lectum</strong></span> <span class='ocrx_word' id='word_1_511' title='bbox 1498 999 1623 1032; x_wconf 86' lang='lat' dir='ltr'><strong>masculi,</strong></span> <span class='ocrx_word' id='word_1_512' title='bbox 1643 999 1718 1027; x_wconf 84' lang='lat' dir='ltr'><strong>vivas</strong></span> 
     </span>
    </p>
   </div>
   <div class='ocr_carea' id='block_1_64' title="bbox 933 1045 1720 1082">
    <p class='ocr_par' dir='ltr' id='par_1_64' title="bbox 933 1045 1720 1082">
     <span class='ocr_line' id='line_1_64' title="bbox 933 1045 1720 1082; baseline -0.004 -7"><span class='ocrx_word' id='word_1_513' title='bbox 933 1047 1027 1082; x_wconf 88' lang='lat' dir='ltr'><strong>capite</strong></span> <span class='ocrx_word' id='word_1_514' title='bbox 1036 1053 1083 1074; x_wconf 86' lang='lat' dir='ltr'><strong>eas</strong></span> <span class='ocrx_word' id='word_1_515' title='bbox 1100 1046 1133 1072; x_wconf 75' lang='grc'><strong>⁸⁸.</strong></span> <span class='ocrx_word' id='word_1_516' title='bbox 1148 1045 1211 1072; x_wconf 73' lang='lat' dir='ltr'><strong>Ilaec</strong></span> <span class='ocrx_word' id='word_1_517' title='bbox 1221 1052 1283 1072; x_wconf 91' lang='lat' dir='ltr'><strong>cum</strong></span> <span class='ocrx_word' id='word_1_518' title='bbox 1294 1045 1418 1080; x_wconf 73' lang='lat' dir='ltr'><strong>iussisset</strong></span> <span class='ocrx_word' id='word_1_519' title='bbox 1430 1045 1512 1077; x_wconf 89' lang='lat' dir='ltr'><strong>Deus,</strong></span> <span class='ocrx_word' id='word_1_520' title='bbox 1524 1045 1586 1072; x_wconf 80' lang='lat' dir='ltr'><strong>lecti</strong></span> <span class='ocrx_word' id='word_1_521' title='bbox 1604 1045 1720 1080; x_wconf 81' lang='lat' dir='ltr'><strong>juvenes</strong></span> 
     </span>
    </p>
   </div>
   <div class='ocr_carea' id='block_1_65' title="bbox 932 1090 1719 1127">
    <p class='ocr_par' dir='ltr' id='par_1_65' title="bbox 932 1090 1719 1127">
     <span class='ocr_line' id='line_1_65' title="bbox 932 1090 1719 1127; baseline -0.005 -6"><span class='ocrx_word' id='word_1_522' title='bbox 932 1093 967 1121; x_wconf 84' lang='lat' dir='ltr'><strong>ad</strong></span> <span class='ocrx_word' id='word_1_523' title='bbox 990 1093 1094 1121; x_wconf 87' lang='lat' dir='ltr'><strong>bellum</strong></span> <span class='ocrx_word' id='word_1_524' title='bbox 1121 1091 1272 1127; x_wconf 83' lang='lat' dir='ltr'><strong>gerendum</strong></span> <span class='ocrx_word' id='word_1_525' title='bbox 1299 1090 1508 1123; x_wconf 80' lang='lat' dir='ltr'><strong>conveniebant,</strong></span> <span class='ocrx_word' id='word_1_526' title='bbox 1524 1095 1552 1118; x_wconf 91' lang='lat' dir='ltr'><strong>et</strong></span> <span class='ocrx_word' id='word_1_527' title='bbox 1571 1099 1587 1118; x_wconf 86' lang='lat' dir='ltr'><strong>a</strong></span> <span class='ocrx_word' id='word_1_528' title='bbox 1606 1091 1719 1126; x_wconf 73' lang='lat' dir='ltr'><strong>singulis</strong></span> 
     </span>
    </p>
   </div>
   <div class='ocr_carea' id='block_1_66' title="bbox 942 1137 1716 1174">
    <p class='ocr_par' dir='ltr' id='par_1_66' title="bbox 942 1137 1716 1174">
     <span class='ocr_line' id='line_1_66' title="bbox 942 1137 1716 1174; baseline -0.005 -7"><span class='ocrx_word' id='word_1_529' title='bbox 942 1139 1082 1172; x_wconf 88' lang='lat' dir='ltr'><strong>tribubus,</strong></span> <span class='ocrx_word' id='word_1_530' title='bbox 1104 1138 1150 1174; x_wconf 88' lang='lat' dir='ltr'><strong>qui</strong></span> <span class='ocrx_word' id='word_1_531' title='bbox 1167 1138 1284 1165; x_wconf 82' lang='lat' dir='ltr'><strong>maxime</strong></span> <span class='ocrx_word' id='word_1_532' title='bbox 1298 1137 1438 1164; x_wconf 87' lang='lat' dir='ltr'><strong>laboribus</strong></span> <span class='ocrx_word' id='word_1_533' title='bbox 1453 1137 1601 1165; x_wconf 78' lang='lat' dir='ltr'><strong>tolerandis</strong></span> <span class='ocrx_word' id='word_1_534' title='bbox 1616 1138 1716 1164; x_wconf 86' lang='lat' dir='ltr'><strong>assueti</strong></span> 
     </span>
    </p>
   </div>
   <div class='ocr_carea' id='block_1_67' title="bbox 932 1182 1715 1219">
    <p class='ocr_par' dir='ltr' id='par_1_67' title="bbox 932 1182 1715 1219">
     <span class='ocr_line' id='line_1_67' title="bbox 932 1182 1715 1219; baseline -0.003 -6"><span class='ocrx_word' id='word_1_535' title='bbox 932 1189 1022 1218; x_wconf 86' lang='lat' dir='ltr'><strong>erant,</strong></span> <span class='ocrx_word' id='word_1_536' title='bbox 1040 1189 1068 1212; x_wconf 88' lang='lat' dir='ltr'><strong>et</strong></span> <span class='ocrx_word' id='word_1_537' title='bbox 1083 1184 1115 1212; x_wconf 88' lang='lat' dir='ltr'><strong>ad</strong></span> <span class='ocrx_word' id='word_1_538' title='bbox 1134 1183 1310 1219; x_wconf 84' lang='lat' dir='ltr'><strong>pugnandum</strong></span> <span class='ocrx_word' id='word_1_539' title='bbox 1323 1182 1518 1218; x_wconf 83' lang='lat' dir='ltr'><strong>probatissimi,</strong></span> <span class='ocrx_word' id='word_1_540' title='bbox 1533 1182 1715 1211; x_wconf 85' lang='lat' dir='ltr'><strong>conﬂuebant.</strong></span> 
     </span>
    </p>
   </div>
   <div class='ocr_carea' id='block_1_68' title="bbox 933 1228 1717 1264">
    <p class='ocr_par' dir='ltr' id='par_1_68' title="bbox 933 1228 1717 1264">
     <span class='ocr_line' id='line_1_68' title="bbox 933 1228 1717 1264; baseline -0.001 -7"><span class='ocrx_word' id='word_1_541' title='bbox 933 1233 964 1257; x_wconf 88' lang='lat' dir='ltr'><strong>ut</strong></span> <span class='ocrx_word' id='word_1_542' title='bbox 983 1229 1142 1264; x_wconf 81' lang='lat' dir='ltr'><strong>quicunque</strong></span> <span class='ocrx_word' id='word_1_543' title='bbox 1153 1229 1186 1256; x_wconf 92' lang='lat' dir='ltr'><strong>de</strong></span> <span class='ocrx_word' id='word_1_544' title='bbox 1208 1228 1322 1264; x_wconf 82' lang='lat' dir='ltr'><strong>singulis</strong></span> <span class='ocrx_word' id='word_1_545' title='bbox 1339 1228 1467 1255; x_wconf 86' lang='lat' dir='ltr'><strong>tribubus</strong></span> <span class='ocrx_word' id='word_1_546' title='bbox 1480 1228 1684 1261; x_wconf 86' lang='lat' dir='ltr'><strong>excelluissent,</strong></span> <span class='ocrx_word' id='word_1_547' title='bbox 1698 1229 1717 1256; x_wconf 89' lang='lat' dir='ltr'><strong>ii</strong></span> 
     </span>
    </p>
   </div>
   <div class='ocr_carea' id='block_1_69' title="bbox 933 1273 1716 1310">
    <p class='ocr_par' dir='ltr' id='par_1_69' title="bbox 933 1273 1716 1310">
     <span class='ocr_line' id='line_1_69' title="bbox 933 1273 1716 1310; baseline -0.001 -8"><span class='ocrx_word' id='word_1_548' title='bbox 933 1275 1025 1310; x_wconf 64' lang='lat' dir='ltr'><strong>gloriae</strong></span> <span class='ocrx_word' id='word_1_549' title='bbox 1036 1275 1137 1310; x_wconf 90' lang='lat' dir='ltr'><strong>populo</strong></span> <span class='ocrx_word' id='word_1_550' title='bbox 1154 1274 1282 1301; x_wconf 90' lang='lat' dir='ltr'><strong>universo</strong></span> <span class='ocrx_word' id='word_1_551' title='bbox 1292 1277 1394 1306; x_wconf 82' lang='lat' dir='ltr'><strong>essent,</strong></span> <span class='ocrx_word' id='word_1_552' title='bbox 1405 1277 1433 1301; x_wconf 91' lang='lat' dir='ltr'><strong>et</strong></span> <span class='ocrx_word' id='word_1_553' title='bbox 1443 1273 1530 1308; x_wconf 87' lang='lat' dir='ltr'><strong>partis</strong></span> <span class='ocrx_word' id='word_1_554' title='bbox 1544 1273 1625 1301; x_wconf 91' lang='lat' dir='ltr'><strong>unius</strong></span> <span class='ocrx_word' id='word_1_555' title='bbox 1636 1274 1716 1301; x_wconf 88' lang='lat' dir='ltr'><strong>nobi-</strong></span> 
     </span>
    </p>
   </div>
   <div class='ocr_carea' id='block_1_70' title="bbox 933 1319 1717 1355">
    <p class='ocr_par' dir='ltr' id='par_1_70' title="bbox 933 1319 1717 1355">
     <span class='ocr_line' id='line_1_70' title="bbox 933 1319 1717 1355; baseline -0.003 -7"><span class='ocrx_word' id='word_1_556' title='bbox 933 1321 996 1348; x_wconf 90' lang='lat' dir='ltr'><strong>litas</strong></span> <span class='ocrx_word' id='word_1_557' title='bbox 1013 1321 1047 1348; x_wconf 87' lang='lat' dir='ltr'><strong>ad</strong></span> <span class='ocrx_word' id='word_1_558' title='bbox 1070 1320 1270 1355; x_wconf 88' lang='lat' dir='ltr'><strong>plenitudinem</strong></span> <span class='ocrx_word' id='word_1_559' title='bbox 1292 1323 1377 1347; x_wconf 88' lang='lat' dir='ltr'><strong>totam</strong></span> <span class='ocrx_word' id='word_1_560' title='bbox 1397 1320 1564 1354; x_wconf 84' lang='lat' dir='ltr'><strong>pertineret;</strong></span> <span class='ocrx_word' id='word_1_561' title='bbox 1589 1319 1717 1347; x_wconf 72' lang='lat' dir='ltr'><strong>similiter</strong></span> 
     </span>
    </p>
   </div>
   <div class='ocr_carea' id='block_1_71' title="bbox 933 1364 1717 1401">
    <p class='ocr_par' dir='ltr' id='par_1_71' title="bbox 933 1364 1717 1401">
     <span class='ocr_line' id='line_1_71' title="bbox 933 1364 1717 1401; baseline 0 -8"><span class='ocrx_word' id='word_1_562' title='bbox 933 1370 1015 1401; x_wconf 84' lang='lat' dir='ltr'><strong>atque</strong></span> <span class='ocrx_word' id='word_1_563' title='bbox 1032 1370 1076 1393; x_wconf 91' lang='lat' dir='ltr'><strong>est</strong></span> <span class='ocrx_word' id='word_1_564' title='bbox 1101 1374 1116 1393; x_wconf 89' lang='lat' dir='ltr'><strong>a</strong></span> <span class='ocrx_word' id='word_1_565' title='bbox 1140 1366 1224 1394; x_wconf 87' lang='lat' dir='ltr'><strong>Paulo</strong></span> <span class='ocrx_word' id='word_1_566' title='bbox 1247 1364 1448 1400; x_wconf 83' lang='lat' dir='ltr'><strong>sapientissime</strong></span> <span class='ocrx_word' id='word_1_567' title='bbox 1470 1365 1596 1392; x_wconf 84' lang='lat' dir='ltr'><strong>dictum:</strong></span> <span class='ocrx_word' id='word_1_568' title='bbox 1626 1375 1635 1391; x_wconf 84' lang='grc' dir='ltr'><strong>ι</strong></span> <span class='ocrx_word' id='word_1_569' title='bbox 1653 1364 1717 1393; x_wconf 72' lang='lat' dir='ltr'><strong>Sive</strong></span> 
     </span>
    </p>
   </div>
   <div class='ocr_carea' id='block_1_72' title="bbox 933 1409 1717 1446">
    <p class='ocr_par' dir='ltr' id='par_1_72' title="bbox 933 1409 1717 1446">
     <span class='ocr_line' id='line_1_72' title="bbox 933 1409 1717 1446; baseline 0 -8"><span class='ocrx_word' id='word_1_570' title='bbox 933 1411 1007 1438; x_wconf 90' lang='lat' dir='ltr'><strong>enim</strong></span> <span class='ocrx_word' id='word_1_571' title='bbox 1016 1411 1119 1446; x_wconf 86' lang='lat' dir='ltr'><strong>patitur</strong></span> <span class='ocrx_word' id='word_1_572' title='bbox 1131 1418 1215 1438; x_wconf 90' lang='lat' dir='ltr'><strong>unum</strong></span> <span class='ocrx_word' id='word_1_573' title='bbox 1227 1409 1390 1441; x_wconf 84' lang='lat' dir='ltr'><strong>membrum,</strong></span> <span class='ocrx_word' id='word_1_574' title='bbox 1405 1410 1609 1444; x_wconf 86' lang='lat' dir='ltr'><strong>compatiuntur</strong></span> <span class='ocrx_word' id='word_1_575' title='bbox 1625 1410 1717 1438; x_wconf 85' lang='lat' dir='ltr'><strong>omnia</strong></span> 
     </span>
    </p>
   </div>
   <div class='ocr_carea' id='block_1_73' title="bbox 934 1455 1717 1492">
    <p class='ocr_par' dir='ltr' id='par_1_73' title="bbox 934 1455 1717 1492">
     <span class='ocr_line' id='line_1_73' title="bbox 934 1455 1717 1492; baseline -0.001 -8"><span class='ocrx_word' id='word_1_576' title='bbox 934 1457 1073 1489; x_wconf 84' lang='lat' dir='ltr'><strong>membra;</strong></span> <span class='ocrx_word' id='word_1_577' title='bbox 1094 1457 1152 1484; x_wconf 85' lang='lat' dir='ltr'><strong>sive</strong></span> <span class='ocrx_word' id='word_1_578' title='bbox 1175 1456 1343 1492; x_wconf 82' lang='lat' dir='ltr'><strong>gloriﬁcatur</strong></span> <span class='ocrx_word' id='word_1_579' title='bbox 1366 1463 1450 1482; x_wconf 88' lang='lat' dir='ltr'><strong>unum</strong></span> <span class='ocrx_word' id='word_1_580' title='bbox 1468 1455 1631 1488; x_wconf 82' lang='lat' dir='ltr'><strong>membrum,</strong></span> <span class='ocrx_word' id='word_1_581' title='bbox 1650 1463 1717 1483; x_wconf 87' lang='lat' dir='ltr'><strong>con-</strong></span> 
     </span>
    </p>
   </div>
   <div class='ocr_carea' id='block_1_74' title="bbox 933 1501 1461 1536">
    <p class='ocr_par' dir='ltr' id='par_1_74' title="bbox 933 1501 1461 1536">
     <span class='ocr_line' id='line_1_74' title="bbox 933 1501 1461 1536; baseline -0.004 -8"><span class='ocrx_word' id='word_1_582' title='bbox 933 1502 1052 1536; x_wconf 78' lang='lat' dir='ltr'><strong>gaudent</strong></span> <span class='ocrx_word' id='word_1_583' title='bbox 1068 1502 1144 1536; x_wconf 45' lang='lat'><strong>].21</strong></span> <span class='ocrx_word' id='word_1_584' title='bbox 1157 1501 1248 1528; x_wconf 82' lang='lat' dir='ltr'><strong>omnia</strong></span> <span class='ocrx_word' id='word_1_585' title='bbox 1266 1501 1389 1528; x_wconf 88' lang='lat' dir='ltr'><strong>membra</strong></span> <span class='ocrx_word' id='word_1_586' title='bbox 1402 1501 1435 1527; x_wconf 71' lang='grc' dir='ltr'><strong>θ’.</strong></span> <span class='ocrx_word' id='word_1_587' title='bbox 1453 1510 1461 1526; x_wconf 74' lang='grc' dir='ltr'><strong>ι</strong></span> 
     </span>
    </p>
   </div>
   <div class='ocr_carea' id='block_1_75' title="bbox 969 1545 1312 1581">
    <p class='ocr_par' dir='ltr' id='par_1_75' title="bbox 969 1545 1312 1581">
     <span class='ocr_line' id='line_1_75' title="bbox 969 1545 1312 1581; baseline -0.003 -7"><span class='ocrx_word' id='word_1_588' title='bbox 969 1545 1068 1574; x_wconf 81' lang='lat' dir='ltr'><strong>PALL.</strong></span> <span class='ocrx_word' id='word_1_589' title='bbox 1081 1547 1163 1574; x_wconf 76' lang='lat' dir='ltr'><strong>[lecte</strong></span> <span class='ocrx_word' id='word_1_590' title='bbox 1175 1546 1312 1581; x_wconf 78' lang='lat' dir='ltr'><strong>intelligis.</strong></span> 
     </span>
    </p>
   </div>
   <div class='ocr_carea' id='block_1_76' title="bbox 966 1591 1718 1628">
    <p class='ocr_par' dir='ltr' id='par_1_76' title="bbox 966 1591 1718 1628">
     <span class='ocr_line' id='line_1_76' title="bbox 966 1591 1718 1628; baseline 0 -8"><span class='ocrx_word' id='word_1_591' title='bbox 966 1592 1044 1620; x_wconf 79' lang='lat' dir='ltr'><strong>CYR.</strong></span> <span class='ocrx_word' id='word_1_592' title='bbox 1074 1591 1263 1620; x_wconf 84' lang='lat' dir='ltr'><strong>Contendebat</strong></span> <span class='ocrx_word' id='word_1_593' title='bbox 1291 1592 1374 1628; x_wconf 80' lang='lat' dir='ltr'><strong>igitur</strong></span> <span class='ocrx_word' id='word_1_594' title='bbox 1402 1592 1532 1620; x_wconf 86' lang='lat' dir='ltr'><strong>adversus</strong></span> <span class='ocrx_word' id='word_1_595' title='bbox 1560 1593 1718 1621; x_wconf 87' lang='lat' dir='ltr'><strong>Madianitas</strong></span> 
     </span>
    </p>
   </div>
   <div class='ocr_carea' id='block_1_77' title="bbox 932 1638 1718 1674">
    <p class='ocr_par' dir='ltr' id='par_1_77' title="bbox 932 1638 1718 1674">
     <span class='ocr_line' id='line_1_77' title="bbox 932 1638 1718 1674; baseline 0.001 -9"><span class='ocrx_word' id='word_1_596' title='bbox 932 1638 1080 1666; x_wconf 83' lang='lat' dir='ltr'><strong>fortissima</strong></span> <span class='ocrx_word' id='word_1_597' title='bbox 1093 1638 1304 1666; x_wconf 86' lang='lat' dir='ltr'><strong>lectissimorum</strong></span> <span class='ocrx_word' id='word_1_598' title='bbox 1316 1639 1447 1674; x_wconf 74' lang='lat' dir='ltr'><strong>iuvenum</strong></span> <span class='ocrx_word' id='word_1_599' title='bbox 1467 1639 1540 1666; x_wconf 86' lang='lat' dir='ltr'><strong>acies</strong></span> <span class='ocrx_word' id='word_1_600' title='bbox 1549 1659 1556 1672; x_wconf 92' lang='lat'><strong>,</strong></span> <span class='ocrx_word' id='word_1_601' title='bbox 1570 1639 1718 1674; x_wconf 86' lang='lat' dir='ltr'><strong>aderatque</strong></span> 
     </span>
    </p>
   </div>
   <div class='ocr_carea' id='block_1_78' title="bbox 932 1684 1718 1717">
    <p class='ocr_par' dir='ltr' id='par_1_78' title="bbox 932 1684 1718 1717">
     <span class='ocr_line' id='line_1_78' title="bbox 932 1684 1718 1717; baseline -0.003 -4"><span class='ocrx_word' id='word_1_602' title='bbox 932 1694 986 1713; x_wconf 89' lang='lat' dir='ltr'><strong>una</strong></span> <span class='ocrx_word' id='word_1_603' title='bbox 996 1685 1115 1713; x_wconf 86' lang='lat' dir='ltr'><strong>Phlnees</strong></span> <span class='ocrx_word' id='word_1_604' title='bbox 1133 1684 1265 1712; x_wconf 88' lang='lat' dir='ltr'><strong>sacerdos</strong></span> <span class='ocrx_word' id='word_1_605' title='bbox 1275 1705 1282 1717; x_wconf 92' lang='lat'><strong>,</strong></span> <span class='ocrx_word' id='word_1_606' title='bbox 1298 1684 1412 1712; x_wconf 87' lang='lat' dir='ltr'><strong>aderant</strong></span> <span class='ocrx_word' id='word_1_607' title='bbox 1422 1685 1503 1712; x_wconf 81' lang='lat' dir='ltr'><strong>etiam</strong></span> <span class='ocrx_word' id='word_1_608' title='bbox 1518 1692 1582 1712; x_wconf 74' lang='lat' dir='ltr'><strong>vasa</strong></span> <span class='ocrx_word' id='word_1_609' title='bbox 1597 1692 1673 1712; x_wconf 87' lang='lat' dir='ltr'><strong>sacra</strong></span> <span class='ocrx_word' id='word_1_610' title='bbox 1687 1692 1718 1712; x_wconf 89' lang='lat' dir='ltr'><strong>ac</strong></span> 
     </span>
    </p>
   </div>
   <div class='ocr_carea' id='block_1_79' title="bbox 933 1729 1717 1766">
    <p class='ocr_par' dir='ltr' id='par_1_79' title="bbox 933 1729 1717 1766">
     <span class='ocr_line' id='line_1_79' title="bbox 933 1729 1717 1766; baseline -0.003 -8"><span class='ocrx_word' id='word_1_611' title='bbox 933 1731 1014 1763; x_wconf 66' lang='lat' dir='ltr'><strong>tubaa,</strong></span> <span class='ocrx_word' id='word_1_612' title='bbox 1030 1738 1091 1765; x_wconf 70' lang='lat' dir='ltr'><strong>quae</strong></span> <span class='ocrx_word' id='word_1_613' title='bbox 1105 1730 1245 1766; x_wconf 83' lang='lat' dir='ltr'><strong>signorum</strong></span> <span class='ocrx_word' id='word_1_614' title='bbox 1258 1729 1430 1757; x_wconf 87' lang='lat' dir='ltr'><strong>dicebantur.</strong></span> <span class='ocrx_word' id='word_1_615' title='bbox 1449 1729 1562 1765; x_wconf 89' lang='lat' dir='ltr'><strong>Semper</strong></span> <span class='ocrx_word' id='word_1_616' title='bbox 1577 1730 1650 1756; x_wconf 90' lang='lat' dir='ltr'><strong>enim</strong></span> <span class='ocrx_word' id='word_1_617' title='bbox 1664 1738 1717 1757; x_wconf 89' lang='lat' dir='ltr'><strong>una</strong></span> 
     </span>
    </p>
   </div>
   <div class='ocr_carea' id='block_1_80' title="bbox 931 1774 1717 1811">
    <p class='ocr_par' dir='ltr' id='par_1_80' title="bbox 931 1774 1717 1811">
     <span class='ocr_line' id='line_1_80' title="bbox 931 1774 1717 1811; baseline -0.004 -7"><span class='ocrx_word' id='word_1_618' title='bbox 931 1785 994 1805; x_wconf 93' lang='lat' dir='ltr'><strong>cum</strong></span> <span class='ocrx_word' id='word_1_619' title='bbox 1008 1777 1051 1808; x_wconf 89' lang='lat' dir='ltr'><strong>iis,</strong></span> <span class='ocrx_word' id='word_1_620' title='bbox 1063 1776 1110 1811; x_wconf 90' lang='lat' dir='ltr'><strong>qui</strong></span> <span class='ocrx_word' id='word_1_621' title='bbox 1123 1783 1152 1803; x_wconf 88' lang='lat' dir='ltr'><strong>se</strong></span> <span class='ocrx_word' id='word_1_622' title='bbox 1163 1775 1271 1803; x_wconf 79' lang='lat' dir='ltr'><strong>fortiter</strong></span> <span class='ocrx_word' id='word_1_623' title='bbox 1283 1779 1391 1810; x_wconf 84' lang='lat' dir='ltr'><strong>gerunt,</strong></span> <span class='ocrx_word' id='word_1_624' title='bbox 1405 1774 1485 1802; x_wconf 92' lang='lat' dir='ltr'><strong>simul</strong></span> <span class='ocrx_word' id='word_1_625' title='bbox 1500 1775 1528 1801; x_wconf 91' lang='lat' dir='ltr'><strong>in</strong></span> <span class='ocrx_word' id='word_1_626' title='bbox 1542 1775 1671 1806; x_wconf 80' lang='lat' dir='ltr'><strong>armis,et</strong></span> <span class='ocrx_word' id='word_1_627' title='bbox 1684 1775 1717 1802; x_wconf 88' lang='lat' dir='ltr'><strong>ad</strong></span> 
     </span>
    </p>
   </div>
   <div class='ocr_carea' id='block_1_81' title="bbox 931 1820 1718 1858">
    <p class='ocr_par' dir='ltr' id='par_1_81' title="bbox 931 1820 1718 1858">
     <span class='ocr_line' id='line_1_81' title="bbox 931 1820 1718 1858; baseline -0.006 -7"><span class='ocrx_word' id='word_1_628' title='bbox 931 1831 1012 1858; x_wconf 89' lang='lat' dir='ltr'><strong>opem</strong></span> <span class='ocrx_word' id='word_1_629' title='bbox 1038 1822 1176 1850; x_wconf 83' lang='lat' dir='ltr'><strong>ferendam</strong></span> <span class='ocrx_word' id='word_1_630' title='bbox 1193 1826 1293 1856; x_wconf 68' lang='lat' dir='ltr'><strong>praesto</strong></span> <span class='ocrx_word' id='word_1_631' title='bbox 1312 1826 1355 1848; x_wconf 91' lang='lat' dir='ltr'><strong>est</strong></span> <span class='ocrx_word' id='word_1_632' title='bbox 1379 1820 1515 1853; x_wconf 85' lang='lat' dir='ltr'><strong>Christus,</strong></span> <span class='ocrx_word' id='word_1_633' title='bbox 1536 1827 1650 1855; x_wconf 77' lang='lat' dir='ltr'><strong>magnus</strong></span> <span class='ocrx_word' id='word_1_634' title='bbox 1672 1820 1718 1847; x_wconf 89' lang='lat' dir='ltr'><strong>ille</strong></span> 
     </span>
    </p>
   </div>
   <div class='ocr_carea' id='block_1_82' title="bbox 932 1865 1717 1904">
    <p class='ocr_par' dir='ltr' id='par_1_82' title="bbox 932 1865 1717 1904">
     <span class='ocr_line' id='line_1_82' title="bbox 932 1865 1717 1904; baseline -0.006 -8"><span class='ocrx_word' id='word_1_635' title='bbox 932 1867 1054 1904; x_wconf 80' lang='lat' dir='ltr'><strong>pontifex</strong></span> <span class='ocrx_word' id='word_1_636' title='bbox 1077 1870 1187 1894; x_wconf 85' lang='lat' dir='ltr'><strong>noster:</strong></span> <span class='ocrx_word' id='word_1_637' title='bbox 1205 1866 1287 1894; x_wconf 90' lang='lat' dir='ltr'><strong>simul</strong></span> <span class='ocrx_word' id='word_1_638' title='bbox 1306 1873 1415 1901; x_wconf 90' lang='lat' dir='ltr'><strong>quoque</strong></span> <span class='ocrx_word' id='word_1_639' title='bbox 1432 1865 1519 1900; x_wconf 84' lang='lat' dir='ltr'><strong>angeli</strong></span> <span class='ocrx_word' id='word_1_640' title='bbox 1537 1868 1657 1896; x_wconf 85' lang='lat' dir='ltr'><strong>certant,</strong></span> <span class='ocrx_word' id='word_1_641' title='bbox 1669 1865 1717 1899; x_wconf 91' lang='lat' dir='ltr'><strong>qui</strong></span> 
     </span>
    </p>
   </div>
   <div class='ocr_carea' id='block_1_83' title="bbox 932 1909 1719 1950">
    <p class='ocr_par' dir='ltr' id='par_1_83' title="bbox 932 1909 1719 1950">
     <span class='ocr_line' id='line_1_83' title="bbox 932 1909 1719 1950; baseline -0.008 -8"><span class='ocrx_word' id='word_1_642' title='bbox 932 1913 1016 1942; x_wconf 88' lang='lat' dir='ltr'><strong>sacris</strong></span> <span class='ocrx_word' id='word_1_643' title='bbox 1028 1913 1100 1940; x_wconf 89' lang='lat' dir='ltr'><strong>vasis</strong></span> <span class='ocrx_word' id='word_1_644' title='bbox 1115 1912 1313 1948; x_wconf 85' lang='lat' dir='ltr'><strong>signiﬁcantur.</strong></span> <span class='ocrx_word' id='word_1_645' title='bbox 1324 1911 1423 1938; x_wconf 89' lang='lat' dir='ltr'><strong>Sancta</strong></span> <span class='ocrx_word' id='word_1_646' title='bbox 1439 1910 1540 1945; x_wconf 89' lang='lat' dir='ltr'><strong>quippe</strong></span> <span class='ocrx_word' id='word_1_647' title='bbox 1555 1917 1618 1937; x_wconf 89' lang='lat' dir='ltr'><strong>vasa</strong></span> <span class='ocrx_word' id='word_1_648' title='bbox 1629 1909 1719 1950; x_wconf 76' lang='lat' dir='ltr'><strong>,_divi-</strong></span> 
     </span>
    </p>
   </div>
   <div class='ocr_carea' id='block_1_84' title="bbox 932 1948 1732 1994">
    <p class='ocr_par' dir='ltr' id='par_1_84' title="bbox 932 1948 1732 1994">
     <span class='ocr_line' id='line_1_84' title="bbox 932 1948 1732 1994; baseline -0.006 -7"><span class='ocrx_word' id='word_1_649' title='bbox 932 1961 1030 1994; x_wconf 90' lang='lat' dir='ltr'><strong>nisque</strong></span> <span class='ocrx_word' id='word_1_650' title='bbox 1047 1958 1207 1986; x_wconf 78' lang='lat' dir='ltr'><strong>ministeriis</strong></span> <span class='ocrx_word' id='word_1_651' title='bbox 1218 1961 1290 1992; x_wconf 80' lang='lat' dir='ltr'><strong>apta.</strong></span> <span class='ocrx_word' id='word_1_652' title='bbox 1304 1960 1367 1984; x_wconf 90' lang='lat' dir='ltr'><strong>sunt</strong></span> <span class='ocrx_word' id='word_1_653' title='bbox 1387 1956 1534 1983; x_wconf 84' lang='lat' dir='ltr'><strong>rationales</strong></span> <span class='ocrx_word' id='word_1_654' title='bbox 1551 1956 1590 1983; x_wconf 89' lang='lat' dir='ltr'><strong>illi</strong></span> <span class='ocrx_word' id='word_1_655' title='bbox 1606 1948 1732 1983; x_wconf 33' lang='lat' dir='ltr'><strong>in‘cwlo&#39;</strong></span> 
     </span>
    </p>
   </div>
   <div class='ocr_carea' id='block_1_85' title="bbox 932 2001 1718 2040">
    <p class='ocr_par' dir='ltr' id='par_1_85' title="bbox 932 2001 1718 2040">
     <span class='ocr_line' id='line_1_85' title="bbox 932 2001 1718 2040; baseline -0.006 -7"><span class='ocrx_word' id='word_1_656' title='bbox 932 2005 1044 2040; x_wconf 90' lang='lat' dir='ltr'><strong>spiritus</strong></span> <span class='ocrx_word' id='word_1_657' title='bbox 1058 2013 1064 2030; x_wconf 90' lang='lat'>:</span> <span class='ocrx_word' id='word_1_658' title='bbox 1081 2008 1145 2032; x_wconf 89' lang='lat' dir='ltr'><strong>sunt</strong></span> <span class='ocrx_word' id='word_1_659' title='bbox 1159 2003 1231 2031; x_wconf 89' lang='lat' dir='ltr'><strong>enim</strong></span> <span class='ocrx_word' id='word_1_660' title='bbox 1244 2011 1259 2030; x_wconf 91' lang='lat' dir='ltr'><strong>a</strong></span> <span class='ocrx_word' id='word_1_661' title='bbox 1272 2003 1328 2030; x_wconf 91' lang='lat' dir='ltr'><strong>Deo</strong></span> <span class='ocrx_word' id='word_1_662' title='bbox 1341 2002 1373 2030; x_wconf 88' lang='lat' dir='ltr'><strong>ad</strong></span> <span class='ocrx_word' id='word_1_663' title='bbox 1387 2009 1467 2037; x_wconf 91' lang='lat' dir='ltr'><strong>opem</strong></span> <span class='ocrx_word' id='word_1_664' title='bbox 1482 2001 1563 2029; x_wconf 89' lang='lat' dir='ltr'><strong>nobis</strong></span> <span class='ocrx_word' id='word_1_665' title='bbox 1577 2001 1718 2029; x_wconf 84' lang='lat' dir='ltr'><strong>ferendam</strong></span> 
     </span>
    </p>
   </div>
   <div class='ocr_carea' id='block_1_86' title="bbox 932 2046 1716 2081">
    <p class='ocr_par' dir='ltr' id='par_1_86' title="bbox 932 2046 1716 2081">
     <span class='ocr_line' id='line_1_86' title="bbox 932 2046 1716 2081; baseline -0.008 -3"><span class='ocrx_word' id='word_1_666' title='bbox 932 2050 1065 2078; x_wconf 84' lang='lat' dir='ltr'><strong>collocati.</strong></span> <span class='ocrx_word' id='word_1_667' title='bbox 1075 2049 1180 2076; x_wconf 82' lang='lat' dir='ltr'><strong>Adsunt</strong></span> <span class='ocrx_word' id='word_1_668' title='bbox 1189 2048 1271 2076; x_wconf 86' lang='lat' dir='ltr'><strong>etiam</strong></span> <span class='ocrx_word' id='word_1_669' title='bbox 1282 2047 1462 2074; x_wconf 86' lang='lat' dir='ltr'><strong>nihilominus</strong></span> <span class='ocrx_word' id='word_1_670' title='bbox 1482 2046 1553 2074; x_wconf 78' lang='lat' dir='ltr'><strong>tubae</strong></span> <span class='ocrx_word' id='word_1_671' title='bbox 1567 2046 1716 2081; x_wconf 86' lang='lat' dir='ltr'><strong>signorum,</strong></span> 
     </span>
    </p>
   </div>
   <div class='ocr_carea' id='block_1_87' title="bbox 933 2093 1716 2129">
    <p class='ocr_par' dir='ltr' id='par_1_87' title="bbox 933 2093 1716 2129">
     <span class='ocr_line' id='line_1_87' title="bbox 933 2093 1716 2129; baseline -0.008 -5"><span class='ocrx_word' id='word_1_672' title='bbox 933 2097 960 2124; x_wconf 91' lang='lat' dir='ltr'><strong>id</strong></span> <span class='ocrx_word' id='word_1_673' title='bbox 971 2100 1012 2124; x_wconf 89' lang='lat' dir='ltr'><strong>est</strong></span> <span class='ocrx_word' id='word_1_674' title='bbox 1024 2096 1179 2123; x_wconf 91' lang='lat' dir='ltr'><strong>divinorum</strong></span> <span class='ocrx_word' id='word_1_675' title='bbox 1190 2093 1399 2129; x_wconf 76' lang='lat' dir='ltr'><strong>praedicatorum</strong></span> <span class='ocrx_word' id='word_1_676' title='bbox 1410 2099 1561 2125; x_wconf 89' lang='lat' dir='ltr'><strong>sermones,</strong></span> <span class='ocrx_word' id='word_1_677' title='bbox 1577 2093 1625 2127; x_wconf 89' lang='lat' dir='ltr'><strong>qui</strong></span> <span class='ocrx_word' id='word_1_678' title='bbox 1636 2100 1716 2127; x_wconf 87' lang='lat' dir='ltr'><strong>aper-</strong></span> 
     </span>
    </p>
   </div>
   <div class='ocr_carea' id='block_1_88' title="bbox 932 2138 1716 2177">
    <p class='ocr_par' dir='ltr' id='par_1_88' title="bbox 932 2138 1716 2177">
     <span class='ocr_line' id='line_1_88' title="bbox 932 2138 1716 2177; baseline -0.006 -7"><span class='ocrx_word' id='word_1_679' title='bbox 932 2142 1035 2170; x_wconf 79' lang='lat' dir='ltr'><strong>tissime</strong></span> <span class='ocrx_word' id='word_1_680' title='bbox 1050 2140 1214 2177; x_wconf 83' lang='lat' dir='ltr'><strong>signiﬁcent,</strong></span> <span class='ocrx_word' id='word_1_681' title='bbox 1228 2139 1456 2175; x_wconf 86' lang='lat' dir='ltr'><strong>quemadmodum</strong></span> <span class='ocrx_word' id='word_1_682' title='bbox 1471 2138 1602 2166; x_wconf 87' lang='lat' dir='ltr'><strong>adversus</strong></span> <span class='ocrx_word' id='word_1_683' title='bbox 1614 2138 1716 2170; x_wconf 83' lang='lat' dir='ltr'><strong>hostes,</strong></span> 
     </span>
    </p>
   </div>
   <div class='ocr_carea' id='block_1_89' title="bbox 931 2183 1717 2222">
    <p class='ocr_par' dir='ltr' id='par_1_89' title="bbox 931 2183 1717 2222">
     <span class='ocr_line' id='line_1_89' title="bbox 931 2183 1717 2222; baseline -0.008 -6"><span class='ocrx_word' id='word_1_684' title='bbox 931 2189 959 2216; x_wconf 90' lang='lat' dir='ltr'><strong>id</strong></span> <span class='ocrx_word' id='word_1_685' title='bbox 977 2193 1019 2216; x_wconf 88' lang='lat' dir='ltr'><strong>est</strong></span> <span class='ocrx_word' id='word_1_686' title='bbox 1029 2195 1085 2220; x_wconf 82' lang='lat' dir='ltr'><strong>eas,</strong></span> <span class='ocrx_word' id='word_1_687' title='bbox 1100 2194 1162 2222; x_wconf 70' lang='lat' dir='ltr'><strong>quae</strong></span> <span class='ocrx_word' id='word_1_688' title='bbox 1172 2186 1252 2214; x_wconf 88' lang='lat' dir='ltr'><strong>nobis</strong></span> <span class='ocrx_word' id='word_1_689' title='bbox 1265 2185 1354 2213; x_wconf 75' lang='lat' dir='ltr'><strong>insita:</strong></span> <span class='ocrx_word' id='word_1_690' title='bbox 1368 2188 1448 2216; x_wconf 89' lang='lat' dir='ltr'><strong>sunt,</strong></span> <span class='ocrx_word' id='word_1_691' title='bbox 1469 2183 1552 2211; x_wconf 90' lang='lat' dir='ltr'><strong>animi</strong></span> <span class='ocrx_word' id='word_1_692' title='bbox 1571 2183 1717 2219; x_wconf 83' lang='lat' dir='ltr'><strong>perturba—</strong></span> 
     </span>
    </p>
   </div>
   <div class='ocr_carea' id='block_1_90' title="bbox 94 2229 880 2276">
    <p class='ocr_par' dir='ltr' id='par_1_90' title="bbox 94 2235 880 2276">
     <span class='ocr_line' id='line_1_90' title="bbox 94 2235 880 2276; baseline -0.011 -7"><span class='ocrx_word' id='word_1_693' title='bbox 94 2242 201 2272; x_wconf 79' lang='grc' dir='ltr'>παθῶν,</span> <span class='ocrx_word' id='word_1_694' title='bbox 211 2239 242 2268; x_wconf 79' lang='grc' dir='ltr'>εὖ</span> <span class='ocrx_word' id='word_1_695' title='bbox 255 2241 327 2276; x_wconf 85' lang='grc' dir='ltr'>μάλα</span> <span class='ocrx_word' id='word_1_696' title='bbox 342 2238 602 2274; x_wconf 82' lang='grc' dir='ltr'>κατασημαίνοντες.</span> <span class='ocrx_word' id='word_1_697' title='bbox 618 2235 723 2263; x_wconf 76' lang='grc' dir='ltr'>οὐκοῦν</span> <span class='ocrx_word' id='word_1_698' title='bbox 737 2235 880 2262; x_wconf 82' lang='grc' dir='ltr'>ὑποτύπω-</span> 
     </span>
    </p>
   </div>
   <div class='ocr_carea' id='block_1_91' title="bbox 933 2229 1716 2276">
    <p class='ocr_par' dir='ltr' id='par_1_91' title="bbox 933 2229 1716 2267">
     <span class='ocr_line' id='line_1_91' title="bbox 933 2229 1716 2267; baseline -0.009 -5"><span class='ocrx_word' id='word_1_699' title='bbox 933 2235 1031 2266; x_wconf 88' lang='lat' dir='ltr'><strong>tiones,</strong></span> <span class='ocrx_word' id='word_1_700' title='bbox 1049 2239 1161 2261; x_wconf 89' lang='lat' dir='ltr'><strong>strenue</strong></span> <span class='ocrx_word' id='word_1_701' title='bbox 1173 2231 1348 2267; x_wconf 79' lang='lat' dir='ltr'><strong>pugnandum</strong></span> <span class='ocrx_word' id='word_1_702' title='bbox 1366 2231 1411 2258; x_wconf 90' lang='lat' dir='ltr'><strong>sit.</strong></span> <span class='ocrx_word' id='word_1_703' title='bbox 1429 2230 1499 2265; x_wconf 83' lang='lat' dir='ltr'><strong>Ergo</strong></span> <span class='ocrx_word' id='word_1_704' title='bbox 1511 2229 1638 2257; x_wconf 85' lang='lat' dir='ltr'><strong>sacerdos</strong></span> <span class='ocrx_word' id='word_1_705' title='bbox 1654 2229 1716 2263; x_wconf 89' lang='lat' dir='ltr'><strong>qui-</strong></span> 
     </span>
    </p>
   </div>
   <div class='ocr_carea' id='block_1_92' title="bbox 96 2279 880 2322">
    <p class='ocr_par' dir='ltr' id='par_1_92' title="bbox 96 2279 880 2322">
     <span class='ocr_line' id='line_1_92' title="bbox 96 2279 880 2322; baseline -0.01 -9"><span class='ocrx_word' id='word_1_706' title='bbox 96 2297 137 2319; x_wconf 83' lang='grc' dir='ltr'><strong>σις</strong></span> <span class='ocrx_word' id='word_1_707' title='bbox 153 2285 272 2322; x_wconf 81' lang='grc' dir='ltr'>Χριστοῦ</span> <span class='ocrx_word' id='word_1_708' title='bbox 291 2285 350 2321; x_wconf 71' lang='grc' dir='ltr'>μὲν,</span> <span class='ocrx_word' id='word_1_709' title='bbox 366 2285 380 2310; x_wconf 82' lang='grc' dir='ltr'>ὁ</span> <span class='ocrx_word' id='word_1_710' title='bbox 395 2283 484 2318; x_wconf 76' lang='grc' dir='ltr'>ἱερεὺς</span> <span class='ocrx_word' id='word_1_711' title='bbox 494 2303 502 2314; x_wconf 85' lang='grc'>,</span> <span class='ocrx_word' id='word_1_712' title='bbox 515 2281 663 2312; x_wconf 80' lang='grc' dir='ltr'>τουτέστιν,</span> <span class='ocrx_word' id='word_1_713' title='bbox 679 2281 693 2307; x_wconf 85' lang='grc' dir='ltr'><strong>ὁ</strong></span> <span class='ocrx_word' id='word_1_714' title='bbox 711 2280 813 2311; x_wconf 74' lang='grc' dir='ltr'>Φινεὲς,</span> <span class='ocrx_word' id='word_1_715' title='bbox 829 2279 880 2312; x_wconf 82' lang='grc' dir='ltr'><strong>ἁγ-</strong></span> 
     </span>
    </p>
   </div>
   <div class='ocr_carea' id='block_1_93' title="bbox 94 2325 881 2367">
    <p class='ocr_par' dir='ltr' id='par_1_93' title="bbox 94 2325 881 2367">
     <span class='ocr_line' id='line_1_93' title="bbox 94 2325 881 2367; baseline -0.011 -8"><span class='ocrx_word' id='word_1_716' title='bbox 94 2333 182 2367; x_wconf 81' lang='grc' dir='ltr'>γὲλων</span> <span class='ocrx_word' id='word_1_717' title='bbox 198 2332 245 2363; x_wconf 79' lang='grc' dir='ltr'><strong>δὲ,</strong></span> <span class='ocrx_word' id='word_1_718' title='bbox 267 2330 352 2365; x_wconf 80' lang='grc' dir='ltr'>σκεύη</span> <span class='ocrx_word' id='word_1_719' title='bbox 370 2329 403 2356; x_wconf 81' lang='grc' dir='ltr'><strong>τὰ</strong></span> <span class='ocrx_word' id='word_1_720' title='bbox 428 2329 511 2363; x_wconf 68' lang='grc' dir='ltr'>ἅγια*</span> <span class='ocrx_word' id='word_1_721' title='bbox 531 2327 586 2354; x_wconf 82' lang='grc' dir='ltr'><strong>τῶν</strong></span> <span class='ocrx_word' id='word_1_722' title='bbox 601 2327 629 2354; x_wconf 76' lang='grc' dir='ltr'><strong>δὲ</strong></span> <span class='ocrx_word' id='word_1_723' title='bbox 652 2326 698 2353; x_wconf 85' lang='grc' dir='ltr'>τὸν</span> <span class='ocrx_word' id='word_1_724' title='bbox 722 2325 794 2352; x_wconf 74' lang='grc' dir='ltr'>θετον</span> <span class='ocrx_word' id='word_1_725' title='bbox 814 2325 881 2360; x_wconf 79' lang='grc' dir='ltr'>ἡμῖν</span> 
     </span>
    </p>
   </div>
   <div class='ocr_carea' id='block_1_94' title="bbox 93 2369 880 2411">
    <p class='ocr_par' dir='ltr' id='par_1_94' title="bbox 93 2369 880 2411">
     <span class='ocr_line' id='line_1_94' title="bbox 93 2369 880 2411; baseline -0.009 -9"><span class='ocrx_word' id='word_1_726' title='bbox 93 2375 318 2411; x_wconf 80' lang='grc' dir='ltr'>διακεκραγότων</span> <span class='ocrx_word' id='word_1_727' title='bbox 338 2373 428 2408; x_wconf 81' lang='grc' dir='ltr'>λόγον,</span> <span class='ocrx_word' id='word_1_728' title='bbox 444 2374 472 2400; x_wconf 75' lang='grc' dir='ltr'><strong>αἱ</strong></span> <span class='ocrx_word' id='word_1_729' title='bbox 489 2372 639 2406; x_wconf 81' lang='grc' dir='ltr'>σάλπιγγες</span> <span class='ocrx_word' id='word_1_730' title='bbox 652 2370 707 2397; x_wconf 87' lang='grc' dir='ltr'><strong>τῶν</strong></span> <span class='ocrx_word' id='word_1_731' title='bbox 727 2369 880 2405; x_wconf 85' lang='grc' dir='ltr'>σημασιῶν.</span> 
     </span>
    </p>
   </div>
   <div class='ocr_carea' id='block_1_95' title="bbox 95 2414 881 2455">
    <p class='ocr_par' dir='ltr' id='par_1_95' title="bbox 95 2414 881 2455">
     <span class='ocr_line' id='line_1_95' title="bbox 95 2414 881 2455; baseline -0.011 -7"><span class='ocrx_word' id='word_1_732' title='bbox 95 2421 174 2448; x_wconf 74' lang='grc' dir='ltr'>Οὕτω</span> <span class='ocrx_word' id='word_1_733' title='bbox 192 2420 247 2455; x_wconf 87' lang='grc' dir='ltr'><strong>γὰρ</strong></span> <span class='ocrx_word' id='word_1_734' title='bbox 264 2419 384 2454; x_wconf 76' lang='grc' dir='ltr'>ἀμογητὶ</span> <span class='ocrx_word' id='word_1_735' title='bbox 400 2416 584 2453; x_wconf 82' lang='grc' dir='ltr'>περιεσόμεθα</span> <span class='ocrx_word' id='word_1_736' title='bbox 607 2415 662 2442; x_wconf 84' lang='grc' dir='ltr'><strong>τῶν</strong></span> <span class='ocrx_word' id='word_1_737' title='bbox 676 2414 881 2449; x_wconf 85' lang='grc' dir='ltr'>ἀνθεστηκότων</span> 
     </span>
    </p>
   </div>
   <div class='ocr_carea' id='block_1_96' title="bbox 95 2459 881 2501">
    <p class='ocr_par' dir='ltr' id='par_1_96' title="bbox 95 2459 881 2501">
     <span class='ocr_line' id='line_1_96' title="bbox 95 2459 881 2501; baseline -0.009 -8"><span class='ocrx_word' id='word_1_738' title='bbox 95 2468 124 2494; x_wconf 68' lang='grc' dir='ltr'>ἰν</span> <span class='ocrx_word' id='word_1_739' title='bbox 137 2465 260 2501; x_wconf 81' lang='grc' dir='ltr'>Χριστῷ,</span> <span class='ocrx_word' id='word_1_740' title='bbox 276 2465 400 2498; x_wconf 83' lang='grc' dir='ltr'>λέγοντες</span> <span class='ocrx_word' id='word_1_741' title='bbox 413 2463 443 2490; x_wconf 83' lang='grc' dir='ltr'>τὸ</span> <span class='ocrx_word' id='word_1_742' title='bbox 459 2463 488 2489; x_wconf 77' lang='grc' dir='ltr'>ὲν</span> <span class='ocrx_word' id='word_1_743' title='bbox 507 2462 632 2496; x_wconf 83' lang='grc' dir='ltr'>Ψαλμοῖς</span> <span class='ocrx_word' id='word_1_744' title='bbox 648 2461 786 2496; x_wconf 84' lang='grc' dir='ltr'>ᾀδόμενον·</span> <span class='ocrx_word' id='word_1_745' title='bbox 804 2469 812 2484; x_wconf 81' lang='grc' dir='ltr'><strong>ι</strong></span> <span class='ocrx_word' id='word_1_746' title='bbox 837 2459 881 2486; x_wconf 84' lang='grc' dir='ltr'>Ἐν</span> 
     </span>
    </p>
   </div>
   <div class='ocr_carea' id='block_1_97' title="bbox 97 2505 881 2546">
    <p class='ocr_par' dir='ltr' id='par_1_97' title="bbox 97 2505 881 2546">
     <span class='ocr_line' id='line_1_97' title="bbox 97 2505 881 2546; baseline -0.011 -6"><span class='ocrx_word' id='word_1_747' title='bbox 97 2514 136 2541; x_wconf 78' lang='grc' dir='ltr'>σοὶ</span> <span class='ocrx_word' id='word_1_748' title='bbox 151 2513 216 2543; x_wconf 74' lang='grc' dir='ltr'>τοὺς</span> <span class='ocrx_word' id='word_1_749' title='bbox 236 2510 349 2546; x_wconf 78' lang='grc' dir='ltr'>ἐχθροὺς</span> <span class='ocrx_word' id='word_1_750' title='bbox 365 2509 443 2546; x_wconf 78' lang='grc' dir='ltr'>ἡμῶν</span> <span class='ocrx_word' id='word_1_751' title='bbox 457 2507 648 2544; x_wconf 83' lang='grc' dir='ltr'>κερατιοῦμεν,</span> <span class='ocrx_word' id='word_1_752' title='bbox 667 2507 713 2533; x_wconf 81' lang='grc' dir='ltr'>καὶ</span> <span class='ocrx_word' id='word_1_753' title='bbox 727 2507 755 2533; x_wconf 82' lang='grc' dir='ltr'>ἐν</span> <span class='ocrx_word' id='word_1_754' title='bbox 771 2505 810 2541; x_wconf 86' lang='grc' dir='ltr'>τῷ</span> <span class='ocrx_word' id='word_1_755' title='bbox 822 2505 881 2531; x_wconf 80' lang='grc' dir='ltr'>ὀνό-</span> 
     </span>
    </p>
   </div>
   <div class='ocr_carea' id='block_1_98' title="bbox 98 2552 877 2595">
    <p class='ocr_par' dir='ltr' id='par_1_98' title="bbox 98 2552 877 2595">
     <span class='ocr_line' id='line_1_98' title="bbox 98 2552 877 2595; baseline -0.01 -10"><span class='ocrx_word' id='word_1_756' title='bbox 98 2559 162 2595; x_wconf 81' lang='grc' dir='ltr'>ματί</span> <span class='ocrx_word' id='word_1_757' title='bbox 176 2567 224 2585; x_wconf 91' lang='grc' dir='ltr'><strong>σου</strong></span> <span class='ocrx_word' id='word_1_758' title='bbox 235 2556 448 2591; x_wconf 80' lang='grc' dir='ltr'>ὲξουδενώσομεν</span> <span class='ocrx_word' id='word_1_759' title='bbox 460 2555 522 2586; x_wconf 84' lang='grc' dir='ltr'>τοὺς</span> <span class='ocrx_word' id='word_1_760' title='bbox 533 2553 764 2587; x_wconf 75' lang='grc' dir='ltr'>ἐπανισταμένους</span> <span class='ocrx_word' id='word_1_761' title='bbox 775 2552 850 2586; x_wconf 81' lang='grc' dir='ltr'>ἡμῖν.</span> <span class='ocrx_word' id='word_1_762' title='bbox 869 2560 877 2575; x_wconf 76' lang='grc' dir='ltr'><strong>ι</strong></span> 
     </span>
    </p>
   </div>
   <div class='ocr_carea' id='block_1_99' title="bbox 99 2597 881 2640">
    <p class='ocr_par' dir='ltr' id='par_1_99' title="bbox 99 2597 881 2640">
     <span class='ocr_line' id='line_1_99' title="bbox 99 2597 881 2640; baseline -0.012 -8"><span class='ocrx_word' id='word_1_763' title='bbox 99 2608 130 2633; x_wconf 90' lang='grc' dir='ltr'><em>Ὃ</em></span> <span class='ocrx_word' id='word_1_764' title='bbox 146 2605 181 2640; x_wconf 81' lang='grc' dir='ltr'><strong>δὴ</strong></span> <span class='ocrx_word' id='word_1_765' title='bbox 203 2604 251 2631; x_wconf 82' lang='grc' dir='ltr'>καὶ</span> <span class='ocrx_word' id='word_1_766' title='bbox 277 2602 451 2638; x_wconf 73' lang='grc' dir='ltr'>πεπράκασιν</span> <span class='ocrx_word' id='word_1_767' title='bbox 472 2601 498 2627; x_wconf 75' lang='lat' dir='ltr'><strong>oi.</strong></span> <span class='ocrx_word' id='word_1_768' title='bbox 524 2600 554 2633; x_wconf 69' lang='grc' dir='ltr'><strong>ἒξ</strong></span> <span class='ocrx_word' id='word_1_769' title='bbox 574 2599 701 2635; x_wconf 84' lang='grc' dir='ltr'>Ἰσραήλ·</span> <span class='ocrx_word' id='word_1_770' title='bbox 717 2598 809 2625; x_wconf 81' lang='grc' dir='ltr'>πᾶσαν</span> <span class='ocrx_word' id='word_1_771' title='bbox 827 2597 881 2632; x_wconf 85' lang='grc' dir='ltr'><strong>γὰρ</strong></span> 
     </span>
    </p>
   </div>
   <div class='ocr_carea' id='block_1_100' title="bbox 95 2643 881 2684">
    <p class='ocr_par' dir='ltr' id='par_1_100' title="bbox 95 2643 881 2684">
     <span class='ocr_line' id='line_1_100' title="bbox 95 2643 881 2684; baseline -0.013 -5"><span class='ocrx_word' id='word_1_772' title='bbox 95 2652 147 2678; x_wconf 83' lang='grc' dir='ltr'><strong>τῶν</strong></span> <span class='ocrx_word' id='word_1_773' title='bbox 162 2649 337 2684; x_wconf 78' lang='grc' dir='ltr'>Μαδιηναίων</span> <span class='ocrx_word' id='word_1_774' title='bbox 348 2647 425 2673; x_wconf 86' lang='grc' dir='ltr'>πόλιν</span> <span class='ocrx_word' id='word_1_775' title='bbox 439 2654 468 2673; x_wconf 87' lang='grc' dir='ltr'><strong>τε</strong></span> <span class='ocrx_word' id='word_1_776' title='bbox 483 2646 530 2673; x_wconf 74' lang='grc' dir='ltr'>καὶ</span> <span class='ocrx_word' id='word_1_777' title='bbox 542 2645 634 2681; x_wconf 85' lang='grc' dir='ltr'>χώραν</span> <span class='ocrx_word' id='word_1_778' title='bbox 647 2643 881 2679; x_wconf 79' lang='grc' dir='ltr'>καταδῃώσαντες,</span> 
     </span>
    </p>
   </div>
   <div class='ocr_carea' id='block_1_101' title="bbox 98 2688 882 2732">
    <p class='ocr_par' dir='ltr' id='par_1_101' title="bbox 98 2688 882 2732">
     <span class='ocr_line' id='line_1_101' title="bbox 98 2688 882 2732; baseline -0.013 -8"><span class='ocrx_word' id='word_1_779' title='bbox 98 2695 317 2732; x_wconf 73' lang='grc' dir='ltr'>παρεκομίζοντο</span> <span class='ocrx_word' id='word_1_780' title='bbox 341 2692 408 2729; x_wconf 78' lang='grc' dir='ltr'>πρὸς</span> <span class='ocrx_word' id='word_1_781' title='bbox 431 2690 562 2726; x_wconf 79' lang='grc' dir='ltr'>Ἐλεάζαρ</span> <span class='ocrx_word' id='word_1_782' title='bbox 576 2690 622 2717; x_wconf 82' lang='grc' dir='ltr'>τὸν</span> <span class='ocrx_word' id='word_1_783' title='bbox 643 2690 716 2725; x_wconf 73' lang='grc' dir='ltr'>ἱερέα</span> <span class='ocrx_word' id='word_1_784' title='bbox 727 2710 735 2722; x_wconf 84' lang='grc'>,</span> <span class='ocrx_word' id='word_1_785' title='bbox 750 2689 798 2716; x_wconf 79' lang='grc' dir='ltr'>καὶ</span> <span class='ocrx_word' id='word_1_786' title='bbox 815 2688 882 2723; x_wconf 82' lang='grc' dir='ltr'>πρὸς</span> 
     </span>
    </p>
   </div>
   <div class='ocr_carea' id='block_1_102' title="bbox 99 2734 879 2776">
    <p class='ocr_par' dir='ltr' id='par_1_102' title="bbox 99 2734 879 2776">
     <span class='ocr_line' id='line_1_102' title="bbox 99 2734 879 2776; baseline -0.01 -8"><span class='ocrx_word' id='word_1_787' title='bbox 99 2743 188 2768; x_wconf 67' lang='grc' dir='ltr'>πᾶσαν</span> <span class='ocrx_word' id='word_1_788' title='bbox 196 2741 247 2776; x_wconf 76' lang='grc' dir='ltr'>τὴν</span> <span class='ocrx_word' id='word_1_789' title='bbox 255 2739 416 2773; x_wconf 81' lang='grc' dir='ltr'>συναγωγὴν</span> <span class='ocrx_word' id='word_1_790' title='bbox 423 2737 489 2764; x_wconf 66' lang='grc' dir='ltr'>υἱῶν</span> <span class='ocrx_word' id='word_1_791' title='bbox 507 2736 616 2772; x_wconf 79' lang='grc' dir='ltr'>Ἰσραὴλ</span> <span class='ocrx_word' id='word_1_792' title='bbox 624 2736 673 2770; x_wconf 79' lang='grc' dir='ltr'>τὴν</span> <span class='ocrx_word' id='word_1_793' title='bbox 682 2734 879 2770; x_wconf 74' lang='grc' dir='ltr'>αἰχμαλωσίαν·</span> 
     </span>
    </p>
   </div>
   <div class='ocr_carea' id='block_1_103' title="bbox 99 2780 883 2823">
    <p class='ocr_par' dir='ltr' id='par_1_103' title="bbox 99 2780 883 2823">
     <span class='ocr_line' id='line_1_103' title="bbox 99 2780 883 2823; baseline -0.011 -9"><span class='ocrx_word' id='word_1_794' title='bbox 99 2787 158 2823; x_wconf 73' lang='grc' dir='ltr'>ἱερὰ</span> <span class='ocrx_word' id='word_1_795' title='bbox 174 2786 229 2822; x_wconf 79' lang='grc' dir='ltr'><strong>γὰρ</strong></span> <span class='ocrx_word' id='word_1_796' title='bbox 243 2785 337 2820; x_wconf 84' lang='grc' dir='ltr'>ὥσπερ</span> <span class='ocrx_word' id='word_1_797' title='bbox 354 2783 516 2818; x_wconf 77' lang='grc' dir='ltr'>ἀναθήματα</span> <span class='ocrx_word' id='word_1_798' title='bbox 530 2780 569 2816; x_wconf 83' lang='grc' dir='ltr'>τῷ</span> <span class='ocrx_word' id='word_1_799' title='bbox 591 2780 701 2816; x_wconf 76' lang='grc' dir='ltr'>Χριστῷ</span> <span class='ocrx_word' id='word_1_800' title='bbox 715 2780 754 2815; x_wconf 84' lang='grc' dir='ltr'>τῷ</span> <span class='ocrx_word' id='word_1_801' title='bbox 776 2780 883 2806; x_wconf 82' lang='grc' dir='ltr'>πάντων</span> 
     </span>
    </p>
   </div>
   <div class='ocr_carea' id='block_1_104' title="bbox 133 2877 427 2912">
    <p class='ocr_par' dir='ltr' id='par_1_104' title="bbox 133 2877 427 2912">
     <span class='ocr_line' id='line_1_104' title="bbox 133 2877 427 2912; baseline -0.02 -4"><span class='ocrx_word' id='word_1_802' title='bbox 133 2879 156 2897; x_wconf 86' lang='grc'><strong>⁸¹</strong></span> <span class='ocrx_word' id='word_1_803' title='bbox 171 2879 252 2908; x_wconf 75' lang='lat' dir='ltr'><strong>Num.</strong></span> <span class='ocrx_word' id='word_1_804' title='bbox 265 2886 304 2911; x_wconf 84' lang='grc' dir='ltr'>ιιι,</span> <span class='ocrx_word' id='word_1_805' title='bbox 318 2877 328 2905; x_wconf 84' lang='grc'>1</span> <span class='ocrx_word' id='word_1_806' title='bbox 353 2883 427 2912; x_wconf 82' lang='lat' dir='ltr'><strong>seqq.</strong></span> 
     </span>
    </p>
   </div>
   <div class='ocr_carea' id='block_1_105' title="bbox 930 2276 1716 2314">
    <p class='ocr_par' dir='ltr' id='par_1_105' title="bbox 930 2276 1716 2314">
     <span class='ocr_line' id='line_1_105' title="bbox 930 2276 1716 2314; baseline -0.008 -6"><span class='ocrx_word' id='word_1_807' title='bbox 930 2280 1003 2313; x_wconf 89' lang='lat' dir='ltr'><strong>dem,</strong></span> <span class='ocrx_word' id='word_1_808' title='bbox 1018 2279 1136 2307; x_wconf 86' lang='lat' dir='ltr'><strong>Phinees</strong></span> <span class='ocrx_word' id='word_1_809' title='bbox 1146 2279 1268 2314; x_wconf 87' lang='lat' dir='ltr'><strong>inquam,</strong></span> <span class='ocrx_word' id='word_1_810' title='bbox 1282 2277 1384 2305; x_wconf 85' lang='lat' dir='ltr'><strong>Christi</strong></span> <span class='ocrx_word' id='word_1_811' title='bbox 1400 2276 1485 2311; x_wconf 83' lang='lat' dir='ltr'><strong>ﬁgura</strong></span> <span class='ocrx_word' id='word_1_812' title='bbox 1497 2280 1549 2308; x_wconf 88' lang='lat' dir='ltr'><strong>est,</strong></span> <span class='ocrx_word' id='word_1_813' title='bbox 1560 2276 1716 2311; x_wconf 78' lang='lat' dir='ltr'><strong>angelorum</strong></span> 
     </span>
    </p>
   </div>
   <div class='ocr_carea' id='block_1_106' title="bbox 929 2321 1740 2358">
    <p class='ocr_par' dir='ltr' id='par_1_106' title="bbox 929 2321 1740 2358">
     <span class='ocr_line' id='line_1_106' title="bbox 929 2321 1740 2358; baseline -0.009 -4"><span class='ocrx_word' id='word_1_814' title='bbox 929 2335 996 2355; x_wconf 75' lang='lat' dir='ltr'><strong>vero</strong></span> <span class='ocrx_word' id='word_1_815' title='bbox 1009 2332 1086 2353; x_wconf 83' lang='lat' dir='ltr'><strong>sacra</strong></span> <span class='ocrx_word' id='word_1_816' title='bbox 1097 2332 1170 2357; x_wconf 85' lang='lat' dir='ltr'><strong>vasa,</strong></span> <span class='ocrx_word' id='word_1_817' title='bbox 1181 2331 1276 2351; x_wconf 91' lang='lat' dir='ltr'><strong>eorum</strong></span> <span class='ocrx_word' id='word_1_818' title='bbox 1292 2329 1384 2358; x_wconf 88' lang='lat' dir='ltr'><strong>porro,</strong></span> <span class='ocrx_word' id='word_1_819' title='bbox 1396 2322 1442 2356; x_wconf 88' lang='lat' dir='ltr'><strong>qui</strong></span> <span class='ocrx_word' id='word_1_820' title='bbox 1454 2322 1533 2350; x_wconf 92' lang='lat' dir='ltr'><strong>nobis</strong></span> <span class='ocrx_word' id='word_1_821' title='bbox 1545 2321 1593 2349; x_wconf 88' lang='lat' dir='ltr'><strong>Dei</strong></span> <span class='ocrx_word' id='word_1_822' title='bbox 1602 2321 1716 2348; x_wconf 89' lang='lat' dir='ltr'><strong>verbum</strong></span> <span class='ocrx_word' id='word_1_823' title='bbox 1736 2341 1740 2344; x_wconf 96' lang='lat'><strong>.</strong></span> 
     </span>
    </p>
   </div>
   <div class='ocr_carea' id='block_1_107' title="bbox 931 2367 1717 2408">
    <p class='ocr_par' dir='ltr' id='par_1_107' title="bbox 931 2367 1717 2408">
     <span class='ocr_line' id='line_1_107' title="bbox 931 2367 1717 2408; baseline -0.008 -8"><span class='ocrx_word' id='word_1_824' title='bbox 931 2373 1099 2408; x_wconf 74' lang='lat' dir='ltr'><strong>praedicant,</strong></span> <span class='ocrx_word' id='word_1_825' title='bbox 1111 2371 1251 2406; x_wconf 81' lang='lat' dir='ltr'><strong>signorum</strong></span> <span class='ocrx_word' id='word_1_826' title='bbox 1263 2369 1345 2399; x_wconf 76' lang='lat' dir='ltr'><strong>tubae.</strong></span> <span class='ocrx_word' id='word_1_827' title='bbox 1359 2368 1399 2395; x_wconf 86' lang='lat' dir='ltr'><strong>Ita</strong></span> <span class='ocrx_word' id='word_1_828' title='bbox 1415 2367 1518 2402; x_wconf 87' lang='lat' dir='ltr'><strong>quippe</strong></span> <span class='ocrx_word' id='word_1_829' title='bbox 1535 2368 1612 2395; x_wconf 91' lang='lat' dir='ltr'><strong>nullo</strong></span> <span class='ocrx_word' id='word_1_830' title='bbox 1625 2367 1717 2395; x_wconf 87' lang='lat' dir='ltr'><strong>labore</strong></span> 
     </span>
    </p>
   </div>
   <div class='ocr_carea' id='block_1_108' title="bbox 931 2413 1717 2450">
    <p class='ocr_par' dir='ltr' id='par_1_108' title="bbox 931 2413 1717 2450">
     <span class='ocr_line' id='line_1_108' title="bbox 931 2413 1717 2450; baseline -0.008 -4"><span class='ocrx_word' id='word_1_831' title='bbox 931 2419 1037 2446; x_wconf 85' lang='lat' dir='ltr'><strong>hostem</strong></span> <span class='ocrx_word' id='word_1_832' title='bbox 1052 2418 1079 2445; x_wconf 94' lang='lat' dir='ltr'><strong>in</strong></span> <span class='ocrx_word' id='word_1_833' title='bbox 1090 2416 1199 2444; x_wconf 84' lang='lat' dir='ltr'><strong>Christo</strong></span> <span class='ocrx_word' id='word_1_834' title='bbox 1212 2414 1410 2450; x_wconf 88' lang='lat' dir='ltr'><strong>superabimus,</strong></span> <span class='ocrx_word' id='word_1_835' title='bbox 1429 2413 1495 2440; x_wconf 90' lang='lat' dir='ltr'><strong>illud</strong></span> <span class='ocrx_word' id='word_1_836' title='bbox 1504 2413 1636 2445; x_wconf 88' lang='lat' dir='ltr'><strong>dicentes,</strong></span> <span class='ocrx_word' id='word_1_837' title='bbox 1645 2413 1717 2448; x_wconf 85' lang='lat' dir='ltr'><strong>quod</strong></span> 
     </span>
    </p>
   </div>
   <div class='ocr_carea' id='block_1_109' title="bbox 934 2458 1718 2491">
    <p class='ocr_par' dir='ltr' id='par_1_109' title="bbox 934 2458 1718 2491">
     <span class='ocr_line' id='line_1_109' title="bbox 934 2458 1718 2491; baseline -0.006 -1"><span class='ocrx_word' id='word_1_838' title='bbox 934 2463 962 2491; x_wconf 87' lang='lat' dir='ltr'><strong>in</strong></span> <span class='ocrx_word' id='word_1_839' title='bbox 974 2462 1087 2490; x_wconf 86' lang='lat' dir='ltr'><strong>Psalmis</strong></span> <span class='ocrx_word' id='word_1_840' title='bbox 1095 2461 1218 2489; x_wconf 86' lang='lat' dir='ltr'><strong>canitur:</strong></span> <span class='ocrx_word' id='word_1_841' title='bbox 1231 2470 1240 2486; x_wconf 81' lang='grc' dir='ltr'><strong>ι</strong></span> <span class='ocrx_word' id='word_1_842' title='bbox 1252 2460 1282 2487; x_wconf 89' lang='lat' dir='ltr'><strong>1n</strong></span> <span class='ocrx_word' id='word_1_843' title='bbox 1294 2464 1319 2487; x_wconf 91' lang='lat' dir='ltr'><strong>te</strong></span> <span class='ocrx_word' id='word_1_844' title='bbox 1338 2458 1463 2486; x_wconf 88' lang='lat' dir='ltr'><strong>inimicos</strong></span> <span class='ocrx_word' id='word_1_845' title='bbox 1477 2463 1586 2486; x_wconf 89' lang='lat' dir='ltr'><strong>nostros</strong></span> <span class='ocrx_word' id='word_1_846' title='bbox 1603 2459 1718 2486; x_wconf 77' lang='lat' dir='ltr'><strong>ventila-</strong></span> 
     </span>
    </p>
   </div>
   <div class='ocr_carea' id='block_1_110' title="bbox 935 2503 1718 2538">
    <p class='ocr_par' dir='ltr' id='par_1_110' title="bbox 935 2503 1718 2538">
     <span class='ocr_line' id='line_1_110' title="bbox 935 2503 1718 2538; baseline -0.006 -4"><span class='ocrx_word' id='word_1_847' title='bbox 935 2507 1025 2534; x_wconf 85' lang='lat' dir='ltr'><strong>bimus</strong></span> <span class='ocrx_word' id='word_1_848' title='bbox 1043 2513 1140 2538; x_wconf 86' lang='lat' dir='ltr'><strong>cornu,</strong></span> <span class='ocrx_word' id='word_1_849' title='bbox 1162 2509 1190 2532; x_wconf 92' lang='lat' dir='ltr'><strong>et</strong></span> <span class='ocrx_word' id='word_1_850' title='bbox 1208 2505 1236 2532; x_wconf 93' lang='lat' dir='ltr'><strong>in</strong></span> <span class='ocrx_word' id='word_1_851' title='bbox 1256 2504 1366 2531; x_wconf 89' lang='lat' dir='ltr'><strong>nomine</strong></span> <span class='ocrx_word' id='word_1_852' title='bbox 1386 2506 1432 2530; x_wconf 90' lang='lat' dir='ltr'><strong>tuo</strong></span> <span class='ocrx_word' id='word_1_853' title='bbox 1449 2511 1609 2538; x_wconf 86' lang='lat' dir='ltr'><strong>spcrnemus</strong></span> <span class='ocrx_word' id='word_1_854' title='bbox 1626 2503 1718 2530; x_wconf 87' lang='lat' dir='ltr'><strong>insur-</strong></span> 
     </span>
    </p>
   </div>
   <div class='ocr_carea' id='block_1_111' title="bbox 934 2548 1716 2588">
    <p class='ocr_par' dir='ltr' id='par_1_111' title="bbox 934 2548 1716 2588">
     <span class='ocr_line' id='line_1_111' title="bbox 934 2548 1716 2588; baseline -0.005 -9"><span class='ocrx_word' id='word_1_855' title='bbox 934 2557 1028 2588; x_wconf 78' lang='lat' dir='ltr'><strong>gentes</strong></span> <span class='ocrx_word' id='word_1_856' title='bbox 1042 2552 1068 2579; x_wconf 93' lang='lat' dir='ltr'><strong>in</strong></span> <span class='ocrx_word' id='word_1_857' title='bbox 1080 2551 1198 2578; x_wconf 79' lang='lat' dir='ltr'><strong>nobis&quot;.</strong></span> <span class='ocrx_word' id='word_1_858' title='bbox 1214 2561 1222 2576; x_wconf 76' lang='grc' dir='ltr'><strong>ι</strong></span> <span class='ocrx_word' id='word_1_859' title='bbox 1237 2549 1314 2583; x_wconf 86' lang='lat' dir='ltr'><strong>Quod</strong></span> <span class='ocrx_word' id='word_1_860' title='bbox 1329 2549 1417 2584; x_wconf 76' lang='lat' dir='ltr'><strong>ipsum</strong></span> <span class='ocrx_word' id='word_1_861' title='bbox 1436 2549 1565 2576; x_wconf 74' lang='lat' dir='ltr'><strong>Israelita:</strong></span> <span class='ocrx_word' id='word_1_862' title='bbox 1575 2548 1696 2575; x_wconf 87' lang='lat' dir='ltr'><strong>fecerunt</strong></span> <span class='ocrx_word' id='word_1_863' title='bbox 1710 2557 1716 2575; x_wconf 86' lang='lat'><em>:</em></span> 
     </span>
    </p>
   </div>
   <div class='ocr_carea' id='block_1_112' title="bbox 934 2592 1716 2630">
    <p class='ocr_par' dir='ltr' id='par_1_112' title="bbox 934 2592 1716 2630">
     <span class='ocr_line' id='line_1_112' title="bbox 934 2592 1716 2630; baseline -0.008 -6"><span class='ocrx_word' id='word_1_864' title='bbox 934 2605 1007 2630; x_wconf 86' lang='lat' dir='ltr'><strong>nam,</strong></span> <span class='ocrx_word' id='word_1_865' title='bbox 1027 2604 1090 2623; x_wconf 92' lang='lat' dir='ltr'><strong>cum</strong></span> <span class='ocrx_word' id='word_1_866' title='bbox 1106 2596 1248 2623; x_wconf 86' lang='lat' dir='ltr'><strong>universas</strong></span> <span class='ocrx_word' id='word_1_867' title='bbox 1265 2594 1362 2627; x_wconf 85' lang='lat' dir='ltr'><strong>urbes,</strong></span> <span class='ocrx_word' id='word_1_868' title='bbox 1378 2600 1540 2628; x_wconf 90' lang='lat' dir='ltr'><strong>omnemque</strong></span> <span class='ocrx_word' id='word_1_869' title='bbox 1557 2592 1716 2620; x_wconf 85' lang='lat' dir='ltr'><strong>Madianita-</strong></span> 
     </span>
    </p>
   </div>
   <div class='ocr_carea' id='block_1_113' title="bbox 933 2638 1719 2678">
    <p class='ocr_par' dir='ltr' id='par_1_113' title="bbox 933 2638 1719 2678">
     <span class='ocr_line' id='line_1_113' title="bbox 933 2638 1719 2678; baseline -0.006 -8"><span class='ocrx_word' id='word_1_870' title='bbox 933 2651 992 2670; x_wconf 88' lang='lat' dir='ltr'><strong>rum</strong></span> <span class='ocrx_word' id='word_1_871' title='bbox 1028 2642 1166 2678; x_wconf 80' lang='lat' dir='ltr'><strong>regionem</strong></span> <span class='ocrx_word' id='word_1_872' title='bbox 1198 2641 1335 2668; x_wconf 86' lang='lat' dir='ltr'><strong>hostiliter</strong></span> <span class='ocrx_word' id='word_1_873' title='bbox 1363 2640 1570 2671; x_wconf 85' lang='lat' dir='ltr'><strong>devastassent,</strong></span> <span class='ocrx_word' id='word_1_874' title='bbox 1597 2638 1719 2673; x_wconf 80' lang='lat' dir='ltr'><strong>captivos</strong></span> 
     </span>
    </p>
   </div>
   <div class='ocr_carea' id='block_1_114' title="bbox 933 2684 1718 2717">
    <p class='ocr_par' dir='ltr' id='par_1_114' title="bbox 933 2684 1718 2717">
     <span class='ocr_line' id='line_1_114' title="bbox 933 2684 1718 2717; baseline -0.006 -1"><span class='ocrx_word' id='word_1_875' title='bbox 933 2696 1028 2716; x_wconf 79' lang='lat' dir='ltr'><strong>omnes</strong></span> <span class='ocrx_word' id='word_1_876' title='bbox 1053 2688 1087 2716; x_wconf 92' lang='lat' dir='ltr'><strong>ad</strong></span> <span class='ocrx_word' id='word_1_877' title='bbox 1112 2688 1271 2715; x_wconf 79' lang='lat' dir='ltr'><strong>Eleazarum</strong></span> <span class='ocrx_word' id='word_1_878' title='bbox 1294 2686 1479 2717; x_wconf 82' lang='lat' dir='ltr'><strong>sacerdotem,</strong></span> <span class='ocrx_word' id='word_1_879' title='bbox 1498 2689 1526 2712; x_wconf 89' lang='lat' dir='ltr'><strong>et</strong></span> <span class='ocrx_word' id='word_1_880' title='bbox 1550 2684 1583 2712; x_wconf 94' lang='lat' dir='ltr'><strong>ad</strong></span> <span class='ocrx_word' id='word_1_881' title='bbox 1608 2691 1718 2712; x_wconf 82' lang='lat' dir='ltr'><strong>omnem</strong></span> 
     </span>
    </p>
   </div>
   <div class='ocr_carea' id='block_1_115' title="bbox 933 2729 1717 2769">
    <p class='ocr_par' dir='ltr' id='par_1_115' title="bbox 933 2729 1717 2769">
     <span class='ocr_line' id='line_1_115' title="bbox 933 2729 1717 2769; baseline -0.006 -9"><span class='ocrx_word' id='word_1_882' title='bbox 933 2733 1171 2769; x_wconf 77' lang='lat' dir='ltr'><strong>congregationem</strong></span> <span class='ocrx_word' id='word_1_883' title='bbox 1191 2732 1309 2760; x_wconf 87' lang='lat' dir='ltr'><strong>ﬁliorum</strong></span> <span class='ocrx_word' id='word_1_884' title='bbox 1323 2731 1403 2758; x_wconf 87' lang='lat' dir='ltr'><strong>Israel</strong></span> <span class='ocrx_word' id='word_1_885' title='bbox 1413 2731 1566 2758; x_wconf 86' lang='lat' dir='ltr'><strong>attulerunt</strong></span> <span class='ocrx_word' id='word_1_886' title='bbox 1575 2739 1580 2756; x_wconf 90' lang='lat'>:</span> <span class='ocrx_word' id='word_1_887' title='bbox 1588 2729 1717 2764; x_wconf 72' lang='lat' dir='ltr'><strong>praeclara</strong></span> 
     </span>
    </p>
   </div>
   <div class='ocr_carea' id='block_1_116' title="bbox 935 2774 1717 2813">
    <p class='ocr_par' dir='ltr' id='par_1_116' title="bbox 935 2774 1717 2813">
     <span class='ocr_line' id='line_1_116' title="bbox 935 2774 1717 2813; baseline -0.005 -7"><span class='ocrx_word' id='word_1_888' title='bbox 935 2787 1051 2813; x_wconf 78' lang='lat' dir='ltr'><strong>namque</strong></span> <span class='ocrx_word' id='word_1_889' title='bbox 1064 2783 1219 2806; x_wconf 81' lang='lat' dir='ltr'><strong>sanctorum</strong></span> <span class='ocrx_word' id='word_1_890' title='bbox 1236 2779 1355 2806; x_wconf 87' lang='lat' dir='ltr'><strong>virorum</strong></span> <span class='ocrx_word' id='word_1_891' title='bbox 1368 2782 1442 2813; x_wconf 74' lang='lat' dir='ltr'><strong>gesta</strong></span> <span class='ocrx_word' id='word_1_892' title='bbox 1456 2777 1530 2804; x_wconf 80' lang='lat' dir='ltr'><strong>velut</strong></span> <span class='ocrx_word' id='word_1_893' title='bbox 1544 2783 1618 2803; x_wconf 83' lang='lat' dir='ltr'><strong>sacra</strong></span> <span class='ocrx_word' id='word_1_894' title='bbox 1633 2774 1717 2802; x_wconf 82' lang='lat' dir='ltr'><strong>lecta-</strong></span> 
     </span>
    </p>
   </div>
   <div class='ocr_carea' id='block_1_117' title="bbox 467 2871 1015 2905">
    <p class='ocr_par' dir='ltr' id='par_1_117' title="bbox 467 2871 1015 2905">
     <span class='ocr_line' id='line_1_117' title="bbox 467 2871 1015 2905; baseline -0.009 -3"><span class='ocrx_word' id='word_1_895' title='bbox 467 2875 489 2892; x_wconf 77' lang='lat'><strong>”</strong></span> <span class='ocrx_word' id='word_1_896' title='bbox 511 2874 600 2902; x_wconf 89' lang='lat' dir='ltr'><strong>lCor.</strong></span> <span class='ocrx_word' id='word_1_897' title='bbox 624 2881 670 2905; x_wconf 78' lang='lat' dir='ltr'><strong>xu,</strong></span> <span class='ocrx_word' id='word_1_898' title='bbox 697 2873 741 2901; x_wconf 77' lang='lat'><strong>‘26.</strong></span> <span class='ocrx_word' id='word_1_899' title='bbox 779 2871 882 2899; x_wconf 78' lang='lat' dir='ltr'><strong>“Psal.</strong></span> <span class='ocrx_word' id='word_1_900' title='bbox 905 2878 976 2904; x_wconf 80' lang='lat' dir='ltr'><strong>xun,</strong></span> <span class='ocrx_word' id='word_1_901' title='bbox 990 2871 1015 2898; x_wconf 83' lang='lat'><strong>6.</strong></span> 
     </span>
    </p>
   </div>
  </div>
