1924 3043
208 138 261 170 527

210 205 264 234 que
279 196 349 225 dona
371 196 479 225 Christo
503 195 624 223 omnium
643 195 765 228 pontifici
786 195 924 229 dicantur,
944 204 995 224 nec
1008 203 1032 230 Α

210 242 318 279 populis
331 243 446 270 obscura
465 245 540 274 sunt,
556 241 631 277 juxta
645 241 712 269 illud
724 250 730 267 :
751 251 759 267 ι
778 242 837 269 Non
848 246 891 269 est
904 242 996 270 occul-

211 293 279 321 tum,
290 288 362 323 quod
387 295 442 315 non
464 286 668 319 manifestetur;
689 295 778 322 neque
800 287 992 314 absconditum

210 334 282 367 quod
295 341 348 360 non
361 337 550 368 cognoscatur,
562 337 590 360 et
600 333 628 360 in
638 337 761 368 apertum
770 333 862 360 veniat
870 332 902 359 ".
915 341 924 358 ›
939 333 995 360 Du-

211 379 282 406 citur
295 379 386 413 itaque
399 378 426 405 in
440 382 615 412 conspectum
628 377 786 410 sacerdotis,
799 377 937 412 totiusque
947 384 996 412 po-

211 424 266 459 puli
279 423 369 451 omnis
383 423 429 450 illa
453 430 486 450 ex
497 423 654 458 captivitate
665 423 767 458 praeda,
783 423 895 458 ﬁgurate
914 426 996 458 atque

209 468 325 504 sapienti
338 468 583 496 administratione.
599 468 733 496 Caeterum
756 468 861 504 Moyses
879 469 996 496 victores

208 513 373 549 objurgavit,
385 513 458 548 quod
473 522 529 541 non
542 517 668 542 accurata
683 514 748 541 satis
764 513 879 546 ratione,
891 517 920 541 et
935 520 996 548 quae

209 559 372 595 reprehendi
391 560 466 587 nullo
484 559 565 587 modo
585 564 695 595 posset,
715 567 773 587 rem
797 559 993 587 confecissent:

207 611 296 639 neque
306 604 380 631 enim
393 604 526 640 oportuit,
538 603 637 639 inquit,
649 603 726 631 vivos
741 610 838 638 capere
848 603 994 635 masculos,

206 658 295 686 neque
307 651 371 678 item
385 650 510 683 feminas,
522 658 582 686 quas
594 649 704 686 nuptias
719 654 810 678 essent
821 649 996 684 expertzeAc

207 696 276 724 ratio
294 696 405 732 quidem
418 696 540 723 historim
553 695 704 730 probabilis
716 700 758 723 est
770 705 776 722 :
792 695 904 722 omnino
915 702 995 722 nam-

207 750 260 777 que
272 750 341 778 opus
351 745 419 775 erat,
437 746 469 769 ut
483 742 516 769 ab
527 749 559 769 ea
574 743 696 777 regione,
714 749 774 776 quae
791 741 873 776 paulo
892 744 954 776 post
967 740 996 768 in

206 795 302 815 eorum
314 788 417 815 ditione
435 787 526 815 futura
546 792 618 821 erat,
633 788 711 816 virile
728 786 995 823 genusexscindere-

207 838 262 866 tur,
292 833 365 868 quod
388 833 466 861 brevi
482 838 606 867 tempore
635 841 697 860 cum
721 832 750 860 in
782 832 902 860 adultam
929 836 995 860 aeta-

206 883 261 907 tem
293 887 323 907 ac
333 880 417 908 robur
440 881 622 916 pervenisset,
637 880 738 908 hostile
757 884 830 907 esset
844 879 884 907 illi
895 879 997 915 populo

204 923 328 951 futurum
336 931 348 951 ‘:
371 925 504 953 muliebre
522 933 633 961 quoque
655 924 736 953 simul
756 925 908 953 tollendum
922 927 993 958 erat,

204 970 277 1005 quod
291 971 462 999 occasionem
477 971 600 1000 scandali
626 971 788 1007 praebuisset
801 981 807 998 :
825 971 905 1006 122
918 975 956 1004 et,
970 971 994 999 si

204 1021 371 1050 servaretur,
383 1018 482 1045 iterum
497 1017 612 1046 fortasse
623 1022 695 1046 esset
710 1018 899 1053 praebiturum.
916 1016 995 1050 Quod

718 137 746 166 S.
767 139 911 167 CYRILLI
931 140 1167 170 ALEXANDRINI
1186 143 1344 172 ARCHIEI’.

1785 143 1857 172 328

1046 198 1178 234 ἀρχιερεῖ,
1192 201 1238 227 καὶ
1247 201 1296 226 οὐκ
1311 201 1459 236 ἀσυμφανῆ
1472 202 1527 233 τοῖς
1540 201 1613 233 λαοῖς
1628 201 1661 228 τὰ
1678 200 1735 228 τῶν
1751 201 1858 236 ἁγίων

1048 244 1258 280 κατορθώματα,
1271 246 1342 273 κατά
1356 254 1388 281 γε
1404 247 1433 273 τό
1449 255 1455 261 ·
1470 247 1522 273 «οὺ
1536 247 1591 282 γάρ
1604 248 1663 273 ἐστι
1673 247 1812 283 κρυπτὸν,
1836 246 1857 272 ὃ

1048 288 1078 314 οὐ
1107 288 1143 323 μὴ
1171 291 1404 326 φανερωθήσεται,
1423 291 1483 318 οὐδὲ
1504 292 1673 327 ἀπόκρυφον,
1706 293 1722 319 6
1751 293 1784 319 οὺ
1805 291 1855 328 μὴ
1904 313 1905 320 .

1048 334 1172 369 γνωσθῇ,
1189 336 1236 362 καὶ
1253 337 1292 367 εἰς
1304 337 1421 370 φανερὸν
1435 336 1511 372 ἔλθῃ.
1532 345 1541 362 ι
1564 338 1679 371 Ἀγεται
1694 337 1791 364 τοίνυν
1814 339 1854 363 ὲν

1048 378 1108 413 ὕψει
1124 379 1171 406 τοῦ
1195 380 1301 417 ἰερέως,
1329 383 1376 408 καί.
1391 381 1491 414 παντδς
1504 381 1551 409 τοῦ
1565 382 1650 416 λαοῦΙ
1671 383 1707 410 τὰ
1731 383 1765 409 ἐκ
1791 383 1852 418 τῆς

1049 424 1248 460 αἰχμαλωσίας,
1276 427 1400 459 τυπικῶς
1417 427 1445 454 δὲ
1465 428 1512 454 καὶ
1531 429 1724 464 οἰκονομικῶς.
1751 428 1850 463 Πλὴν.

1048 468 1165 504 ἐπετίμα
1183 470 1285 506 Μωσῆς
1300 473 1356 503 τοῖς
1376 472 1549 507 νενικηκόσιν
1571 473 1608 504 ὼς
1624 473 1654 500 οὐ
1671 473 1745 500 κατὰ
1760 474 1851 507 λόγον

1047 513 1093 540 τὸν
1113 515 1213 551 ἀκριϐῆ
1231 517 1280 543 καὶ
1304 516 1464 552 ἀδιάϐλητον
1490 518 1628 550 παντελῶς
1641 539 1648 550 ,
1665 519 1697 546 τὸ
1720 520 1849 555 πρᾶγμα

1050 559 1250 587 συντεθεικόσιν
1262 569 1268 576 ·
1286 561 1317 588 οὐ
1334 561 1387 597 γὰρ
1403 562 1466 595 ἔδει,
1485 562 1562 598 φησί,
1579 563 1724 598 ζωγρῆσαι
1740 564 1772 590 τὸ
1790 564 1847 598 ἄρ-

1050 614 1106 640 σεν,
1121 605 1175 632 οὐδ’
1191 605 1226 633 ἂν
1238 604 1272 634 αὖ
1286 607 1355 643 θῆλυ
1377 609 1407 635 τὸ
1421 609 1636 644 ὲμπειρόγαμον.
1655 609 1708 636 Καὶ
1725 610 1846 641 πιθανὸς

1049 651 1099 686 μὲν
1108 651 1159 686 τῆς
1178 651 1297 687 ἱστορίας
1324 653 1338 679 6
1361 653 1459 686 λόγος·
1474 654 1527 680 ἔδει
1553 654 1617 689 γὰρ,
1633 654 1688 681 ἔδει
1710 655 1761 690 τῆς
1777 656 1845 682 ὅσον

1047 695 1154 722 οὐδέπω
1171 696 1323 732 μελλούσης
1339 697 1391 725 ὑπὸ
1407 698 1501 730 αὐτοῖς
1520 699 1628 726 ἔσεσθαι
1645 700 1708 735 γῆς,
1725 700 1843 726 ἀποκεί-

1049 741 1145 777 ρεσθαι
1160 741 1191 768 τδ
1213 741 1307 778 ἄρσεν,
1327 743 1366 776 ὡς
1389 742 1453 780 ἥξον
1471 745 1538 781 μετὰ
1559 745 1646 781 βραχὺ
1673 747 1744 782 πρὸς
1767 746 1842 783 ἥϐην

1047 795 1077 813 τε
1094 787 1141 814 καὶ
1155 787 1251 824 ἀλκὴν,
1270 788 1318 815 καὶ
1334 789 1462 825 πολέμιον
1477 790 1606 826 ἐσόμενον
1626 790 1666 826 τῷ
1680 791 1739 826 λαῷ
1750 799 1757 806 ·
1777 800 1841 818 συν-

1048 833 1217 869 αναιρεϊσθαι
1233 834 1262 861 δὲ
1285 835 1333 862 καὶ
1356 835 1387 862 τὺ
1407 835 1485 871 θῆλυ,
1503 836 1654 864 σκανδάλου
1684 837 1839 872 παραίτιον

1048 878 1176 912 γεγονὸς,
1191 879 1237 905 καὶ
1253 879 1278 905 εἰ
1295 879 1425 913 σέσωστο,
1439 880 1509 915 τάχα
1524 889 1576 907 που
1593 881 1674 908 πάλιν
1694 882 1840 917 ἐσόμενον·

1047 924 1108 951 ὅσον
1130 925 1159 951 δὲ
1173 922 1241 961 ἧκον
1255 926 1295 958 εἰς
1312 925 1428 962 θεωρίαν
1451 927 1500 962 τὴν
1516 929 1715 963 πνευματικὴν,
1745 930 1839 954 ὲκΞῖνο

1047 967 1123 1006 οῖμαί
1138 978 1189 998 που
1205 971 1309 999 κατίδοι
1325 980 1368 1004 τις
1386 972 1418 999 ἂν
1432 971 1461 998 έν
1477 980 1509 1007 γε
1523 973 1556 1007 δὴ
1577 974 1682 1006 τούτοις
1698 974 1766 1009 ἡμῖν
1789 974 1841 1000 ἁσ-

1047 1017 1128 1048 τείως
1145 1017 1374 1054 ὕποδηλοὺμενον.

204 1066 295 1090 autem
322 1064 355 1091 ad
371 1065 629 1100 contemplationem
648 1064 788 1100 pertinent
804 1064 991 1100 spiritualem',
1011 1063 1089 1098 illud,
1107 1064 1161 1093 nisi
1176 1064 1267 1099 fallor,
1283 1065 1398 1102 intelligi
1414 1067 1503 1102 possit
1518 1067 1545 1094 in
1567 1066 1618 1094 hac
1640 1074 1671 1095 re
1703 1075 1760 1094 non
1793 1066 1842 1095 in-

204 1111 345 1138 commode
362 1111 519 1146 signiﬁcari.

240 1154 338 1182 PALL.
352 1155 422 1188 Quid
439 1155 525 1182 illud?

238 1200 317 1228 CYR.
337 1200 413 1228 Lecti
428 1201 468 1228 illi
485 1208 499 1228 a
517 1200 644 1229 tribubus
657 1201 767 1233 milites,
779 1201 904 1236 quamvis
917 1205 995 1236 parta

203 1246 329 1279 victoria,
346 1247 453 1282 culpam
474 1251 564 1275 tamen
579 1255 634 1274 non
649 1247 820 1282 effugerunt:
838 1255 892 1282 quo
909 1247 993 1282 signi-

203 1292 310 1325 ﬁcatur,
322 1297 403 1327 atque
418 1293 487 1320 adeo
500 1292 655 1325 manifeste,
669 1300 704 1319 ne
722 1292 789 1326 ipsis
804 1292 915 1327 quidem
927 1292 991 1325 illis,

203 1338 250 1373 qui
269 1346 297 1365 se
317 1337 425 1365 fortiter
435 1342 542 1373 gerunt,
555 1338 714 1373 contingere
727 1345 858 1372 unquam,
873 1343 903 1365 ut
917 1338 992 1365 omni

202 1391 236 1410 ex
255 1387 332 1418 parte
347 1383 561 1418 reprehensione
573 1388 679 1411 vacent.
693 1383 801 1411 Etenim
825 1384 878 1411 hoc
890 1383 990 1418 ipsum,

203 1430 276 1464 quod
299 1434 371 1457 recte
394 1430 491 1458 fecisse
511 1430 648 1463 videmur,
672 1430 750 1457 nullo
770 1429 851 1457 modo
873 1429 928 1457 erit
947 1436 991 1456 re-

202 1475 395 1510 prehensionis
420 1479 448 1502 et
466 1476 553 1511 culpa:
576 1483 688 1511 expers,
708 1476 730 1503 si
758 1483 815 1503 rem
835 1475 994 1511 diligentius

202 1521 330 1556 exquirat
342 1524 371 1548 et
386 1521 532 1556 investiget
547 1521 629 1548 Deus.
646 1521 764 1556 ideoque
782 1521 915 1556 scriptum
929 1525 988 1548 est:

206 1575 216 1590 ι
229 1565 258 1593 Si
273 1565 430 1600 iniquitates
443 1565 639 1598 observaveris,
650 1565 776 1598 Domine,
791 1565 917 1599 Domine,
929 1565 991 1600 quis

209 1611 408 1639 sustinebit"?
423 1620 432 1637 ι
462 1612 550 1646 Atque
568 1611 684 1638 iterum:
704 1620 713 1636 ι
732 1610 773 1638 Ab
791 1610 906 1638 occultis
922 1610 990 1638 meis

202 1657 303 1684 munda
317 1665 371 1689 me,
382 1656 452 1684 etab
467 1657 563 1684 alienis
571 1663 652 1692 parce
668 1664 747 1684 servo
759 1661 822 1690 tuo;
835 1656 857 1684 si
872 1657 924 1684 mei
935 1663 991 1684 non
1006 1669 1027 1698 ο

201 1702 306 1730 fuerint
332 1702 475 1734 dominati,
501 1706 568 1729 tunc
589 1702 781 1729 immaculatus
802 1702 890 1729 ero".
911 1711 920 1728 ι
945 1702 993 1730 Est

202 1747 285 1783 igitur
297 1747 460 1783 quandoque
476 1747 505 1774 in
520 1746 586 1782 ipsis
606 1754 715 1782 quoque
729 1747 901 1782 egregiorum
917 1747 992 1774 viro-

202 1801 263 1821 rum
283 1793 401 1821 fortibus
419 1792 511 1827 {actusf
522 1793 601 1828 justas
616 1792 783 1820 accusationi
798 1793 892 1826 locus,
909 1799 992 1828 quem

202 1840 366 1875 lcgislatoris
384 1838 530 1874 prudentia
553 1839 701 1874 perspicit,
727 1839 852 1875 quamvis
871 1842 992 1866 nostram

201 1888 288 1915 aciem
308 1887 438 1922 effugiat:
456 1894 546 1921 neque
559 1886 634 1913 enim
651 1886 678 1913 id
691 1886 923 1922 deprehendimus
937 1886 993 1913 ullo

201 1932 283 1960 modo
307 1934 384 1968 juxta
408 1932 499 1959 illud:
528 1941 537 1957 ‹
555 1930 659 1958 Delicta
688 1932 750 1966 quis
774 1932 958 1967 intelliget"?
980 1941 989 1957 ι

201 1978 357 2012 Quinetiam
370 1978 455 2005 Isaias
479 1977 518 2004 ait
531 1977 782 2013 omnemjustitiam
802 1982 923 2005 nostram
932 1985 992 2005 esse

202 2024 279 2060 quasi
303 2031 424 2058 pannum
447 2026 624 2050 menstruam
650 2023 785 2050 mulieris.
813 2022 881 2050 Nam
912 2023 992 2056 illud,

203 2069 277 2097 omni
293 2077 327 2096 ex
347 2073 425 2104 parte
455 2068 602 2103 puritatem
624 2067 864 2103 integritatemque
882 2075 992 2096 servare

204 2123 282 2151 posse
293 2135 300 2147 ,
321 2114 433 2141 minime
451 2113 531 2140 nobis
552 2113 694 2148 contingit.
708 2113 808 2141 Paulus
823 2122 932 2149 quoque
950 2114 992 2142 vir

204 2160 432 2195 sapientissimus,
453 2158 577 2194 quamvis
588 2158 716 2186 dixisset:
732 2168 741 2184 ε
760 2159 834 2187 Nihil
846 2159 912 2186 mihi
924 2167 991 2186 con-

204 2206 277 2233 scius
305 2213 384 2238 sum;
412 2215 421 2231 ›
443 2204 550 2232 addidit
572 2208 678 2232 tamen:
707 2215 715 2230 ι
736 2204 783 2231 sed
802 2212 857 2231 non
887 2204 915 2231 in
938 2204 992 2231 hoc

201 2252 365 2287 justifieatus
382 2259 458 2285 sum;
482 2251 530 2286 qui
549 2254 638 2278 autem
654 2250 759 2286 iudicat
778 2258 839 2281 me.
860 2249 992 2277 Dominus

203 2303 245 2325 est
254 2298 288 2324 ⁸⁸.
306 2307 314 2323 ι
338 2298 386 2324 llla
403 2304 487 2332 porro
510 2296 594 2332 Moysi
623 2295 799 2332 reprehensio
814 2303 869 2323 non
895 2303 991 2323 omnes

1081 1153 1187 1180 ΠᾹΛΛ.
1207 1152 1313 1181 ὀποῖον
1328 1153 1355 1180 τί
1369 1154 1437 1190 φής;

1079 1199 1162 1226 ΚΥΡ,
1176 1199 1234 1226 Οὐκ
1248 1199 1435 1226 ἀκαταιτίατοι
1448 1201 1636 1236 μεμενήκασιν
1647 1201 1672 1228 oi
1689 1201 1838 1230 ἀπόλεκτοι

1043 1244 1098 1272 τῶν
1115 1244 1217 1278 φυλῶν,
1235 1245 1282 1271 καί
1301 1253 1342 1272 τοι
1365 1245 1415 1281 τὴν
1432 1246 1510 1282 νίκην
1527 1247 1675 1282 ἀράμενοι·
1691 1247 1725 1273 δι’
1739 1245 1771 1274 οὗ
1789 1256 1839 1284 ση-

1047 1290 1180 1325 μαίνεται,
1193 1290 1240 1317 καὶ
1252 1290 1324 1326 μάλα
1335 1290 1438 1326 σαφῶς,
1454 1292 1529 1322 ὼςτὺ
1542 1293 1658 1319 εἰσάπαν
1672 1293 1838 1329 ἀμώμητον,

1044 1335 1099 1362 οὐδ’
1117 1335 1150 1362 ἃν
1163 1335 1255 1367 αὐτοῖς
1270 1337 1327 1368 τοῖς
1342 1336 1546 1372 ἀνδριζομένοις
1561 1338 1668 1374 ὑπάρξῃ
1684 1339 1763 1365 ποτέ.
1781 1340 1839 1366 Καὶ

1045 1381 1110 1408 αὐτὸ
1126 1381 1180 1416 γὰρ
1197 1382 1276 1417 ἡμῶν
1291 1382 1321 1409 τὸ
1335 1383 1422 1418 ὀρθῶς
1438 1384 1582 1419 εἰργάσθαι
1598 1384 1705 1416 δοκοῦν,
1723 1386 1839 1421 μομφῆς

1052 1427 1098 1454 καὶ
1117 1427 1206 1460 αἰτίας
1219 1429 1396 1464 ἀμοιρήσειεν
1413 1429 1446 1456 ἂν
1459 1429 1517 1456 οὔτι
1536 1438 1599 1462 που,
1616 1431 1838 1467 περιεργαζομέ-

1045 1482 1091 1500 νου
1099 1482 1129 1500 τε
1142 1475 1190 1501 καὶ
1207 1475 1396 1510 βασανίζοντος
1407 1475 1486 1503 Θεοῦ.
1507 1476 1652 1512 Τοιγάρτοι
1669 1477 1717 1504 καὶ
1735 1478 1838 1513 γέγρα-

1048 1527 1131 1546 πται·
1147 1529 1156 1545 ι
1179 1520 1242 1547 Ἐὰν
1257 1520 1372 1556 ἀνομίας
1390 1523 1600 1558 παρατηρήσῃς,
1613 1522 1712 1558 Κύριε,
1734 1523 1836 1559 Κύριε,

1043 1564 1085 1596 τίς
1101 1565 1300 1601 uncosque-rat;
1323 1575 1332 1592 ι
1353 1566 1408 1593 Καὶ
1422 1566 1503 1594 πάλιν
1516 1575 1522 1581 ·
1543 1576 1551 1593 ι
1578 1567 1625 1594 Ἐκ
1638 1568 1692 1595 τῶν
1709 1569 1837 1604 κρυςείων

1046 1617 1096 1644 μου
1106 1609 1254 1645 καθάρισόν
1270 1618 1314 1645 με,
1330 1611 1377 1637 καὶ
1390 1611 1444 1638 ἀπὸ
1455 1611 1601 1648 ἀλλοτρίων
1612 1615 1701 1647 φεῖσαι
1715 1614 1762 1640 τοῦ
1776 1614 1838 1641 δού-

1043 1654 1090 1681 λου
1105 1663 1151 1681 σου
1164 1663 1171 1671 ·
1188 1655 1237 1682 ἐὰν
1252 1656 1288 1691 μή
1310 1664 1361 1691 μου
1378 1657 1625 1692 κατακυριεύσωσι,
1641 1658 1701 1685 τότε
1718 1660 1836 1694 ἄμωμος

1050 1700 1160 1735 ἔσομαι.
1180 1710 1189 1726 ι
1218 1701 1326 1728 Ἐνεστι
1341 1701 1372 1736 δὴ
1388 1700 1433 1729 οὖν
1449 1702 1504 1729 ἐσθ’
1529 1703 1572 1730 ὅτε
1589 1704 1635 1731 καὶ
1656 1705 1685 1731 ὲν
1703 1706 1765 1737 ταῖς
1780 1705 1836 1732 τῶν

1045 1745 1203 1773 ἀπολέκτων
1223 1746 1370 1780 ἀνδρείαις,
1387 1748 1497 1784 μομφὴν
1514 1749 1592 1775 ὁσίαν
1610 1749 1684 1782 ἰδεῖν,
1702 1751 1765 1786 ἣνὴ
1785 1750 1833 1777 τοῦ

1043 1791 1188 1827 νομοθέτου
1197 1791 1296 1826 γνῶσις
1305 1793 1418 1829 καθορᾷ,
1435 1795 1602 1830 παρατρέχει
1616 1795 1645 1821 δὲ
1659 1796 1733 1831 ἡμᾶς
1744 1805 1751 1812 ⁶
1771 1806 1836 1823 συν-

1045 1836 1120 1872 ίεμεν
1146 1836 1201 1872 γὰρ
1220 1837 1279 1865 οὗτι
1305 1847 1377 1871 που,
1398 1839 1470 1866 κατὰ
1493 1839 1542 1866 τό·
1581 1850 1590 1867 ‹
1617 1841 1835 1878 Παραπτώματα

1043 1883 1085 1914 τίς
1101 1880 1230 1918 omnem;
1252 1892 1261 1909 ι
1282 1884 1336 1911 Καὶ
1358 1884 1471 1917 Ἡσαΐας
1480 1885 1510 1912 δέ
1530 1886 1580 1912 πού
1599 1895 1692 1922 φησιν,
1706 1888 1747 1914 ὅτι
1759 1890 1834 1915 πᾶσα

1045 1929 1123 1964 ἡμῶν
1133 1930 1150 1963 ἠ
1167 1929 1322 1965 δικαιοσύνη
1331 1949 1338 1961 ,
1349 1929 1387 1961 ὡς
1399 1930 1481 1966 ῥάκος
1495 1931 1620 1967 ἀποκαθη
1625 1933 1719 1968 μένης.
1728 1933 1779 1960 Διά
1790 1942 1830 1960 τοι

1044 1974 1074 2000 τὸ
1086 1975 1126 2005 εἰς
1136 1973 1206 2008 ἄγαν
1220 1975 1335 2006 ἀστείως
1349 1975 1397 2002 καὶ
1409 1975 1579 2012 ἀμωμήτως,
1596 1977 1633 2012 μὴ
1646 1977 1678 2004 ἂν
1697 1979 1770 2012 ἔχειν
1785 1979 1832 2005 δύ-

1045 2019 1141 2046 νασθαί
1163 2029 1239 2047 ποτε.
1254 2020 1359 2053 Παῦλος
1373 2020 1401 2048 δὲ
1415 2022 1430 2047 ὸ
1449 2022 1620 2056 σοφώτατος,
1646 2033 1655 2049 ι
1673 2024 1758 2050 οὐδὲν
1778 2025 1832 2059 γὰρ

1044 2066 1155 2102 ἐμαυτῷ
1177 2066 1284 2093 σύνοιδα
1300 2076 1310 2092 ι
1335 2067 1482 2103 γεγραφὼς
1493 2089 1501 2101 ,
1520 2077 1530 2094 ι
1553 2068 1623 2095 Ἀλλ’
1639 2069 1690 2096 οὐκ
1704 2070 1733 2096 ὲν
1745 2070 1831 2104 τούτῳ

1044 2113 1236 2148 δεδικαίωμαι,
1257 2112 1338 2148 φησίν
1351 2121 1357 2128 ’
1369 2114 1383 2140 6
1396 2114 1425 2140 δὲ
1439 2114 1593 2150 ἀνακρίνων
1608 2123 1641 2150 με
1652 2135 1659 2147 ,
1676 2115 1779 2150 Κύριός
1792 2117 1832 2142 ὲσο

1044 2166 1095 2185 τιν.
1116 2167 1127 2184 ι
1150 2157 1182 2184 'H
1194 2157 1222 2184 δὲ
1245 2157 1347 2192 μέμψις
1360 2158 1377 2193 ἡ
1393 2158 1469 2194 παρὰ
1483 2159 1604 2190 Μωσέως
1621 2160 1651 2185 οὺ
1664 2160 1733 2194 πρὸς
1749 2160 1831 2186 ἀπαν-

1043 2212 1093 2235 τας
1119 2203 1212 2234 ἁπλῶς
1222 2223 1229 2236 ,
1247 2202 1315 2229 ἀλλὰ
1337 2204 1405 2239 πρὸς
1430 2203 1527 2239 μόνους
1540 2204 1690 2240 ἐπράττετο
1703 2204 1766 2236 τοὺς
1780 2204 1830 2239 τῆς

1042 2248 1184 2284 δυνάμεως
1195 2248 1370 2282 ἐπισκόπους,
1380 2249 1429 2275 mi.
1443 2249 1511 2284 πρὸς
1526 2249 1687 2285 χιλιάρχους
1703 2251 1753 2277 καὶ
1767 2251 1830 2276 ἑκα-

1043 2295 1204 2331 τοντάρχους
1216 2304 1223 2312 ·
1238 2304 1247 2321 ι
1265 2295 1378 2322 Δυνατοί.
1388 2296 1452 2330 γὰρ,
1464 2295 1582 2326 δυνατῶς
1595 2295 1797 2329 ἐτασθήσονται,
1818 2305 1826 2321 ι

203 2344 262 2371 sine
283 2343 441 2371 discrimine
467 2342 685 2378 pel-stringebat,
705 2341 753 2369 sed
774 2342 862 2369 solum
882 2342 990 2376 episco-

1046 2342 1090 2368 καὶ
1101 2343 1160 2368 κατ’
1172 2341 1261 2368 αὐτῶν
1284 2342 1400 2377 μάλιστα
1415 2341 1445 2368 τὸ
1463 2341 1574 2377 ἀκριϐὲς
1587 2341 1635 2368 τοῦ
1645 2341 1728 2377 νόμου
1740 2350 1748 2357 ’
1768 2350 1777 2367 ι
1796 2338 1830 2378 ᾯ

201 2395 252 2424 pos
275 2396 306 2416 ac
336 2389 418 2416 duces
438 2388 574 2415 exercitus
591 2391 619 2415 et
638 2387 816 2419 millenarios,
837 2395 867 2414 ac
889 2391 986 2414 centu-

202 2434 313 2461 riones:
343 2443 350 2458 ι
373 2434 410 2461 De
437 2433 596 2468 potentibus
621 2433 694 2460 enim
718 2437 845 2467 potenter
873 2433 986 2467 quaestio

203 2479 291 2512 ﬁet”,
309 2489 317 2504 )
337 2487 368 2507 ac
387 2487 493 2506 summo
506 2479 566 2514 jure
583 2485 644 2505 cum
667 2478 720 2506 illis
737 2478 853 2505 maxime
878 2479 919 2513 agi
939 2486 988 2513 par

203 2530 262 2553 est:
281 2535 289 2551 ι
310 2524 389 2560 Apud
404 2532 484 2559 quem
498 2525 582 2556 enim,
602 2524 702 2559 inquit,
716 2524 833 2551 multum
853 2523 989 2558 deposue—

203 2574 278 2602 runt,
290 2571 406 2598 multum
421 2569 455 2596 ab
466 2577 498 2596 eo
514 2570 676 2604 quaerent”.
692 2579 700 2595 ι
722 2569 839 2604 Ideoque
859 2570 990 2605 scriptum

204 2615 317 2650 reliquit
336 2615 381 2642 ille
402 2614 551 2642 Salvatoris
578 2614 664 2641 nostri
684 2613 852 2648 discipulus:
877 2624 886 2639 ‹
903 2615 992 2642 Nolite

203 2663 298 2696 plures
312 2661 434 2696 magistri
450 2659 520 2693 ﬁeri,
529 2659 627 2687 fratres
641 2659 706 2691 mei,
716 2659 834 2687 scientes
845 2660 918 2695 quod
933 2667 992 2687 ma—

202 2706 248 2742 jus
265 2705 400 2742 judicium
417 2706 600 2733 sumemus“.
613 2714 622 2730 ι
643 2704 673 2731 In
691 2705 836 2740 episcopos
850 2705 945 2741 igitur,
965 2709 993 2732 et

203 2758 261 2784 eos,
276 2752 322 2787 qui
335 2751 478 2779 ordinibus
488 2754 617 2786 praesunt,
630 2751 782 2777 communis
794 2751 873 2786 culpa
884 2750 992 2778 confer-

240 2809 263 2825 ⁸³
273 2808 340 2836 Luc.
363 2817 418 2841 vni,
441 2809 484 2835 l7.
536 2808 558 2824 ⁸⁵
578 2807 788 2841 Psal.cxxtx,5.

206 2843 234 2871 'l.
270 2843 489 2876 '°Luc.xu,48.
527 2843 714 2875 "Jac.tu,l.

841 2809 864 2826 ⁸⁸
881 2809 953 2838 Psal.
976 2817 1051 2843 xvm,
1070 2810 1113 2843 l5,
1129 2810 1172 2838 l4.
1211 2809 1313 2838 "ibid.
1334 2810 1378 2838 15.

1041 2388 1095 2422 γὰρ
1111 2387 1179 2414 πολὺ
1199 2387 1366 2422 παρέθεντο,
1393 2387 1480 2422 φησὶ,
1498 2387 1566 2413 πολὺ
1590 2386 1754 2422 ζητήσουσιν
1782 2384 1835 2413 ἀπ“

1042 2433 1135 2460 αὑτοῦ.
1159 2442 1168 2458 ι
1185 2433 1328 2469 Τοιγάρτοι
1343 2433 1389 2460 καὶ
1410 2433 1532 2468 γέγραφε
1547 2432 1592 2458 τοῦ
1612 2433 1737 2468 Σωτῆρος
1752 2434 1766 2459 6
1780 2441 1829 2467 μα-

1043 2478 1127 2514 θητής
1142 2487 1147 2493 ·
1162 2489 1170 2504 ι
1185 2479 1230 2514 Μὴ
1246 2478 1337 2505 πολλοὶ
1353 2478 1506 2505 διδάσκαλοι
1521 2478 1752 2512 γίνεσθε,άδελφοί
1767 2487 1827 2514 μου,

1045 2524 1145 2556 εἰδότες
1159 2525 1200 2551 ὅτι
1213 2524 1304 2559 μεῖζον
1318 2525 1404 2559 κρῖμα
1416 2523 1567 2558 ληψόμεθα.
1586 2533 1595 2548 ι
1609 2523 1723 2558 Φέρεται
1741 2524 1827 2550 τοίνυν

1046 2570 1092 2595 ἐπὶ
1106 2569 1170 2600 τοὺς
1185 2569 1350 2599 ἐπισκόπους
1364 2568 1412 2595 καὶ
1428 2568 1480 2595 τῶν
1495 2569 1643 2603 ταγμάτων
1665 2569 1830 2604 προεστηκό-

1043 2622 1092 2645 τας
1111 2615 1127 2649 ὴ
1142 2614 1212 2641 κατὰ
1227 2614 1335 2641 πάντων
1350 2613 1477 2644 αἰτίασις.
1501 2614 1556 2640 ‘As‘t
1567 2614 1621 2649 γάρ
1637 2622 1688 2640 που
1706 2616 1766 2645 ταῖς
1783 2615 1827 2648 νή-

1043 2658 1105 2693 ψεσι
1121 2658 1176 2685 τῶν
1190 2658 1402 2694 καθηγουμένων
1425 2658 1564 2693 εὐδοκιμεῖ
1576 2658 1605 2684 τὺ
1623 2658 1754 2694 ὑπήκοον.
1771 2658 1826 2685 Tat-

1043 2703 1140 2738 γάρτοι
1150 2704 1197 2730 καὶ
1206 2704 1358 2740 γέγραπται
1372 2705 1429 2736 τοῖς
1436 2704 1490 2731 ὑπὸ
1501 2705 1578 2740 χεῖρα
1587 2703 1672 2735 λαοῖς·
1685 2713 1694 2730 ‹
1701 2704 1826 2732 Πείθεσθε

1044 2751 1101 2782 τοῖς
1116 2750 1278 2786 ἡγουμένοις
1290 2751 1366 2786 ὑμῶν
1375 2751 1423 2778 καὶ
1439 2751 1576 2778 ὑπείκετε·
1587 2751 1664 2778 αὐτοὶ
1676 2751 1730 2788 γὰρ
1745 2753 1826 2788 ἀγρυ-

1430 2810 1545 2839 "lCor.
1561 2818 1597 2843 tv,
1610 2811 1635 2838 4.
1674 2811 1697 2828 ”
1718 2811 1781 2850 Sap.
1794 2819 1826 2844 vt,
