  <div class='ocr_page' id='page_1' title='image "/cluster/home/n/w/nwhite01/storage/ocr_20150623/68/njp.32101077772711/178.png"; bbox 0 0 1924 3043; ppageno 0'>
   <div class='ocr_carea' id='block_1_1' title="bbox 62 147 124 176">
    <p class='ocr_par' dir='ltr' id='par_1_1' title="bbox 62 147 124 176">
     <span class='ocr_line' id='line_1_1' title="bbox 62 147 124 176; baseline 0.048 -3"><span class='ocrx_word' id='word_1_1' title='bbox 62 147 124 176; x_wconf 62' lang='lat'><strong>539</strong></span> 
     </span>
    </p>
   </div>
   <div class='ocr_carea' id='block_1_2' title="bbox 447 144 864 175">
    <p class='ocr_par' dir='ltr' id='par_1_2' title="bbox 447 146 864 175">
     <span class='ocr_line' id='line_1_2' title="bbox 447 146 864 175; baseline -0.005 0"><span class='ocrx_word' id='word_1_2' title='bbox 447 147 491 175; x_wconf 83' lang='lat' dir='ltr'><strong>DE</strong></span> <span class='ocrx_word' id='word_1_3' title='bbox 510 146 731 175; x_wconf 78' lang='lat' dir='ltr'><strong>ADORATIONE</strong></span> <span class='ocrx_word' id='word_1_4' title='bbox 750 146 784 174; x_wconf 78' lang='grc' dir='ltr'><strong>ΙΝ</strong></span> <span class='ocrx_word' id='word_1_5' title='bbox 805 146 864 174; x_wconf 86' lang='lat' dir='ltr'><strong>SPll</strong></span> 
     </span>
    </p>
   </div>
   <div class='ocr_carea' id='block_1_3' title="bbox 918 144 1350 175">
    <p class='ocr_par' dir='ltr' id='par_1_3' title="bbox 919 144 1350 174">
     <span class='ocr_line' id='line_1_3' title="bbox 919 144 1350 174; baseline 0.002 -1"><span class='ocrx_word' id='word_1_6' title='bbox 919 144 940 173; x_wconf 88' lang='lat' dir='ltr'>U</span> <span class='ocrx_word' id='word_1_7' title='bbox 960 144 1003 173; x_wconf 85' lang='lat' dir='ltr'><strong>ET</strong></span> <span class='ocrx_word' id='word_1_8' title='bbox 1024 145 1207 174; x_wconf 52' lang='lat' dir='ltr'><strong>\‘ElllTATE.</strong></span> <span class='ocrx_word' id='word_1_9' title='bbox 1221 147 1285 174; x_wconf 84' lang='lat' dir='ltr'><strong>LIB.</strong></span> <span class='ocrx_word' id='word_1_10' title='bbox 1307 147 1350 174; x_wconf 85' lang='lat' dir='ltr'><strong>IV.</strong></span> 
     </span>
    </p>
   </div>
   <div class='ocr_carea' id='block_1_4' title="bbox 1651 146 1703 177">
    <p class='ocr_par' dir='ltr' id='par_1_4' title="bbox 1651 146 1703 177">
     <span class='ocr_line' id='line_1_4' title="bbox 1651 146 1703 177; baseline 0.019 -1"><span class='ocrx_word' id='word_1_11' title='bbox 1651 146 1703 177; x_wconf 73' lang='lat'><strong>330</strong></span> 
     </span>
    </p>
   </div>
   <div class='ocr_carea' id='block_1_5' title="bbox 61 204 864 243">
    <p class='ocr_par' dir='ltr' id='par_1_5' title="bbox 61 204 861 243">
     <span class='ocr_line' id='line_1_5' title="bbox 61 204 861 243; baseline -0.005 -9"><span class='ocrx_word' id='word_1_12' title='bbox 61 207 184 235; x_wconf 71' lang='grc' dir='ltr'>πνοῦειν</span> <span class='ocrx_word' id='word_1_13' title='bbox 201 206 271 243; x_wconf 68' lang='grc' dir='ltr'>ὑπὲρ</span> <span class='ocrx_word' id='word_1_14' title='bbox 289 206 344 233; x_wconf 79' lang='grc' dir='ltr'>τῶν</span> <span class='ocrx_word' id='word_1_15' title='bbox 358 204 451 242; x_wconf 73' lang='grc' dir='ltr'>ψιιχῶν</span> <span class='ocrx_word' id='word_1_16' title='bbox 467 206 554 242; x_wconf 85' lang='grc' dir='ltr'>ὑμῶν,</span> <span class='ocrx_word' id='word_1_17' title='bbox 568 206 605 237; x_wconf 86' lang='grc' dir='ltr'>ὡς</span> <span class='ocrx_word' id='word_1_18' title='bbox 615 205 694 240; x_wconf 75' lang='grc' dir='ltr'>λόγον</span> <span class='ocrx_word' id='word_1_19' title='bbox 712 204 861 231; x_wconf 77' lang='grc' dir='ltr'>ἀποδώσον-</span> 
     </span>
    </p>
   </div>
   <div class='ocr_carea' id='block_1_6' title="bbox 918 204 1702 243">
    <p class='ocr_par' dir='ltr' id='par_1_6' title="bbox 918 204 1702 240">
     <span class='ocr_line' id='line_1_6' title="bbox 918 204 1702 240; baseline 0.006 -10"><span class='ocrx_word' id='word_1_20' title='bbox 918 207 966 230; x_wconf 82' lang='lat' dir='ltr'><strong>tur.</strong></span> <span class='ocrx_word' id='word_1_21' title='bbox 980 204 1093 238; x_wconf 81' lang='lat' dir='ltr'><strong>Semper</strong></span> <span class='ocrx_word' id='word_1_22' title='bbox 1107 204 1179 231; x_wconf 85' lang='lat' dir='ltr'><strong>enim</strong></span> <span class='ocrx_word' id='word_1_23' title='bbox 1192 204 1247 231; x_wconf 76' lang='lat' dir='ltr'><strong>fere</strong></span> <span class='ocrx_word' id='word_1_24' title='bbox 1260 204 1415 239; x_wconf 80' lang='lat' dir='ltr'><strong>principum</strong></span> <span class='ocrx_word' id='word_1_25' title='bbox 1433 204 1573 240; x_wconf 85' lang='lat' dir='ltr'><strong>vigilantia</strong></span> <span class='ocrx_word' id='word_1_26' title='bbox 1587 205 1616 234; x_wconf 83' lang='lat' dir='ltr'><strong>ﬁt</strong></span> <span class='ocrx_word' id='word_1_27' title='bbox 1634 213 1662 235; x_wconf 90' lang='lat' dir='ltr'><strong>ut</strong></span> <span class='ocrx_word' id='word_1_28' title='bbox 1684 209 1702 236; x_wconf 88' lang='lat' dir='ltr'><strong>ii</strong></span> 
     </span>
    </p>
   </div>
   <div class='ocr_carea' id='block_1_7' title="bbox 61 249 864 288">
    <p class='ocr_par' dir='ltr' id='par_1_7' title="bbox 61 249 864 288">
     <span class='ocr_line' id='line_1_7' title="bbox 61 249 864 288; baseline -0.009 -6"><span class='ocrx_word' id='word_1_29' title='bbox 61 263 127 287; x_wconf 79' lang='grc' dir='ltr'>τες.</span> <span class='ocrx_word' id='word_1_30' title='bbox 152 263 163 279; x_wconf 72' lang='grc' dir='ltr'><strong>ι</strong></span> <span class='ocrx_word' id='word_1_31' title='bbox 187 253 266 281; x_wconf 79' lang='grc' dir='ltr'>Μετὰ</span> <span class='ocrx_word' id='word_1_32' title='bbox 285 252 314 279; x_wconf 82' lang='grc' dir='ltr'><strong>δὲ</strong></span> <span class='ocrx_word' id='word_1_33' title='bbox 338 252 386 288; x_wconf 83' lang='grc' dir='ltr'><strong>τὴν</strong></span> <span class='ocrx_word' id='word_1_34' title='bbox 408 252 463 279; x_wconf 85' lang='grc' dir='ltr'><strong>τῶν</strong></span> <span class='ocrx_word' id='word_1_35' title='bbox 485 252 622 286; x_wconf 77' lang='grc' dir='ltr'>γυναικῶν</span> <span class='ocrx_word' id='word_1_36' title='bbox 637 260 666 278; x_wconf 83' lang='grc' dir='ltr'><strong>τε</strong></span> <span class='ocrx_word' id='word_1_37' title='bbox 686 251 733 277; x_wconf 74' lang='grc' dir='ltr'><strong>καὶ</strong></span> <span class='ocrx_word' id='word_1_38' title='bbox 752 249 864 276; x_wconf 75' lang='grc' dir='ltr'>παιδίων</span> 
     </span>
    </p>
   </div>
   <div class='ocr_carea' id='block_1_8' title="bbox 62 295 866 336">
    <p class='ocr_par' dir='ltr' id='par_1_8' title="bbox 62 295 866 336">
     <span class='ocr_line' id='line_1_8' title="bbox 62 295 866 336; baseline -0.006 -9"><span class='ocrx_word' id='word_1_39' title='bbox 62 299 224 336; x_wconf 80' lang='grc' dir='ltr'>ἀναίρεσιν,</span> <span class='ocrx_word' id='word_1_40' title='bbox 248 298 452 330; x_wconf 83' lang='grc' dir='ltr'>ἀναπονίπτους</span> <span class='ocrx_word' id='word_1_41' title='bbox 470 298 518 324; x_wconf 81' lang='grc' dir='ltr'><strong>οὐκ</strong></span> <span class='ocrx_word' id='word_1_42' title='bbox 533 298 566 332; x_wconf 78' lang='grc' dir='ltr'>ἑᾷ</span> <span class='ocrx_word' id='word_1_43' title='bbox 587 297 650 328; x_wconf 81' lang='grc' dir='ltr'>τοὺς</span> <span class='ocrx_word' id='word_1_44' title='bbox 667 295 832 331; x_wconf 71' lang='grc' dir='ltr'>πολεμιστὰς</span> <span class='ocrx_word' id='word_1_45' title='bbox 851 296 866 322; x_wconf 86' lang='grc' dir='ltr'>ὀ</span> 
     </span>
    </p>
   </div>
   <div class='ocr_carea' id='block_1_9' title="bbox 63 341 866 380">
    <p class='ocr_par' dir='ltr' id='par_1_9' title="bbox 63 341 866 380">
     <span class='ocr_line' id='line_1_9' title="bbox 63 341 866 380; baseline -0.005 -9"><span class='ocrx_word' id='word_1_46' title='bbox 63 343 217 376; x_wconf 74' lang='grc' dir='ltr'><strong>θεσπέσιος</strong></span> <span class='ocrx_word' id='word_1_47' title='bbox 234 344 339 380; x_wconf 81' lang='grc' dir='ltr'>Μωσῆς</span> <span class='ocrx_word' id='word_1_48' title='bbox 354 343 541 376; x_wconf 78' lang='grc' dir='ltr'>ἐναυλίζεσθαι</span> <span class='ocrx_word' id='word_1_49' title='bbox 555 344 589 378; x_wconf 75' lang='grc' dir='ltr'>τῇ</span> <span class='ocrx_word' id='word_1_50' title='bbox 601 341 761 378; x_wconf 79' lang='grc' dir='ltr'>παρεμϐολῇ</span> <span class='ocrx_word' id='word_1_51' title='bbox 776 362 783 373; x_wconf 90' lang='grc'><strong>,</strong></span> <span class='ocrx_word' id='word_1_52' title='bbox 799 350 866 375; x_wconf 81' lang='grc' dir='ltr'>προ-</span> 
     </span>
    </p>
   </div>
   <div class='ocr_carea' id='block_1_10' title="bbox 64 388 865 425">
    <p class='ocr_par' dir='ltr' id='par_1_10' title="bbox 64 388 865 425">
     <span class='ocr_line' id='line_1_10' title="bbox 64 388 865 425; baseline -0.005 -8"><span class='ocrx_word' id='word_1_53' title='bbox 64 390 313 425; x_wconf 81' lang='grc' dir='ltr'>αποκαθαίρεσθαι</span> <span class='ocrx_word' id='word_1_54' title='bbox 324 390 352 417; x_wconf 81' lang='grc' dir='ltr'><strong>δὲ</strong></span> <span class='ocrx_word' id='word_1_55' title='bbox 364 390 419 417; x_wconf 81' lang='grc' dir='ltr'>δεῖν</span> <span class='ocrx_word' id='word_1_56' title='bbox 430 389 579 422; x_wconf 74' lang='grc' dir='ltr'>ἐπιτάττει,</span> <span class='ocrx_word' id='word_1_57' title='bbox 589 389 673 423; x_wconf 79' lang='grc' dir='ltr'>λέγων</span> <span class='ocrx_word' id='word_1_58' title='bbox 684 397 706 413; x_wconf 79' lang='grc'><strong>·«</strong></span> <span class='ocrx_word' id='word_1_59' title='bbox 723 388 778 414; x_wconf 74' lang='grc' dir='ltr'><strong>Καὶ</strong></span> <span class='ocrx_word' id='word_1_60' title='bbox 788 388 865 423; x_wconf 85' lang='grc' dir='ltr'>ὑμεῖς</span> 
     </span>
    </p>
   </div>
   <div class='ocr_carea' id='block_1_11' title="bbox 65 434 865 473">
    <p class='ocr_par' dir='ltr' id='par_1_11' title="bbox 65 434 865 473">
     <span class='ocr_line' id='line_1_11' title="bbox 65 434 865 473; baseline -0.004 -10"><span class='ocrx_word' id='word_1_61' title='bbox 65 437 279 473; x_wconf 77' lang='grc' dir='ltr'>παρεμϐαλεῖτε</span> <span class='ocrx_word' id='word_1_62' title='bbox 311 437 362 469; x_wconf 81' lang='grc' dir='ltr'><strong>ἔξω</strong></span> <span class='ocrx_word' id='word_1_63' title='bbox 379 436 428 471; x_wconf 80' lang='grc' dir='ltr'><strong>τῆς</strong></span> <span class='ocrx_word' id='word_1_64' title='bbox 451 436 629 471; x_wconf 77' lang='grc' dir='ltr'>παρεμϐολῆς</span> <span class='ocrx_word' id='word_1_65' title='bbox 650 435 720 461; x_wconf 80' lang='grc' dir='ltr'>ἑπτὰ</span> <span class='ocrx_word' id='word_1_66' title='bbox 745 434 865 470; x_wconf 53' lang='grc' dir='ltr'>ἡμέρας</span> 
     </span>
    </p>
   </div>
   <div class='ocr_carea' id='block_1_12' title="bbox 64 481 867 518">
    <p class='ocr_par' dir='ltr' id='par_1_12' title="bbox 64 481 867 518">
     <span class='ocr_line' id='line_1_12' title="bbox 64 481 867 518; baseline -0.005 -8"><span class='ocrx_word' id='word_1_67' title='bbox 64 484 125 515; x_wconf 71' lang='grc' dir='ltr'>πᾶς</span> <span class='ocrx_word' id='word_1_68' title='bbox 138 483 153 510; x_wconf 86' lang='grc' dir='ltr'>ὀ</span> <span class='ocrx_word' id='word_1_69' title='bbox 163 483 268 510; x_wconf 83' lang='grc' dir='ltr'>ἀνελὼν</span> <span class='ocrx_word' id='word_1_70' title='bbox 278 483 326 509; x_wconf 80' lang='grc' dir='ltr'><strong>καὶ</strong></span> <span class='ocrx_word' id='word_1_71' title='bbox 335 484 349 509; x_wconf 82' lang='grc' dir='ltr'>ὁ</span> <span class='ocrx_word' id='word_1_72' title='bbox 365 483 516 518; x_wconf 80' lang='grc' dir='ltr'><strong>ἁπτόμενος</strong></span> <span class='ocrx_word' id='word_1_73' title='bbox 530 482 577 508; x_wconf 78' lang='grc' dir='ltr'>τοῦ</span> <span class='ocrx_word' id='word_1_74' title='bbox 592 481 762 517; x_wconf 77' lang='grc' dir='ltr'><strong>τετρωμένου</strong></span> <span class='ocrx_word' id='word_1_75' title='bbox 792 481 867 514; x_wconf 83' lang='grc' dir='ltr'>ἁγνι-</span> 
     </span>
    </p>
   </div>
   <div class='ocr_carea' id='block_1_13' title="bbox 65 526 866 564">
    <p class='ocr_par' dir='ltr' id='par_1_13' title="bbox 65 526 866 564">
     <span class='ocr_line' id='line_1_13' title="bbox 65 526 866 564; baseline -0.002 -10"><span class='ocrx_word' id='word_1_76' title='bbox 65 528 204 564; x_wconf 70' lang='grc' dir='ltr'>σςθήσεται</span> <span class='ocrx_word' id='word_1_77' title='bbox 219 529 253 564; x_wconf 83' lang='grc' dir='ltr'>τῇ</span> <span class='ocrx_word' id='word_1_78' title='bbox 270 529 364 564; x_wconf 80' lang='grc' dir='ltr'><strong>ἡμέρᾳ</strong></span> <span class='ocrx_word' id='word_1_79' title='bbox 381 527 473 564; x_wconf 85' lang='grc' dir='ltr'>τρίτῃ,</span> <span class='ocrx_word' id='word_1_80' title='bbox 491 528 537 554; x_wconf 74' lang='grc' dir='ltr'><strong>καὶ</strong></span> <span class='ocrx_word' id='word_1_81' title='bbox 557 529 589 563; x_wconf 84' lang='grc' dir='ltr'>τῇ</span> <span class='ocrx_word' id='word_1_82' title='bbox 613 527 704 563; x_wconf 74' lang='grc' dir='ltr'>ἡμέρᾳ</span> <span class='ocrx_word' id='word_1_83' title='bbox 716 527 748 562; x_wconf 79' lang='grc' dir='ltr'>τῇ</span> <span class='ocrx_word' id='word_1_84' title='bbox 764 526 866 563; x_wconf 76' lang='grc' dir='ltr'>ἑϐδόμῃ</span> 
     </span>
    </p>
   </div>
   <div class='ocr_carea' id='block_1_14' title="bbox 65 573 864 610">
    <p class='ocr_par' dir='ltr' id='par_1_14' title="bbox 65 573 864 610">
     <span class='ocr_line' id='line_1_14' title="bbox 65 573 864 610; baseline -0.001 -10"><span class='ocrx_word' id='word_1_85' title='bbox 65 575 152 609; x_wconf 78' lang='grc' dir='ltr'>ὑμεῖς</span> <span class='ocrx_word' id='word_1_86' title='bbox 169 575 219 601; x_wconf 67' lang='grc' dir='ltr'><strong>καὶ</strong></span> <span class='ocrx_word' id='word_1_87' title='bbox 233 576 250 610; x_wconf 86' lang='grc' dir='ltr'><strong>ἡ</strong></span> <span class='ocrx_word' id='word_1_88' title='bbox 267 575 441 610; x_wconf 82' lang='grc' dir='ltr'>αἰχμαλωσία</span> <span class='ocrx_word' id='word_1_89' title='bbox 455 573 542 609; x_wconf 83' lang='grc' dir='ltr'>ὑμῶν,</span> <span class='ocrx_word' id='word_1_90' title='bbox 559 574 605 601; x_wconf 77' lang='grc' dir='ltr'>καὶ</span> <span class='ocrx_word' id='word_1_91' title='bbox 626 574 679 600; x_wconf 85' lang='grc' dir='ltr'>πᾶν</span> <span class='ocrx_word' id='word_1_92' title='bbox 692 573 864 609; x_wconf 81' lang='grc' dir='ltr'>περίὸλημα,</span> 
     </span>
    </p>
   </div>
   <div class='ocr_carea' id='block_1_15' title="bbox 66 618 866 655">
    <p class='ocr_par' dir='ltr' id='par_1_15' title="bbox 66 618 866 655">
     <span class='ocr_line' id='line_1_15' title="bbox 66 618 866 655; baseline -0.003 -9"><span class='ocrx_word' id='word_1_93' title='bbox 66 620 121 646; x_wconf 75' lang='grc' dir='ltr'><strong>καὶ</strong></span> <span class='ocrx_word' id='word_1_94' title='bbox 145 621 202 646; x_wconf 79' lang='grc' dir='ltr'><strong>πᾶν</strong></span> <span class='ocrx_word' id='word_1_95' title='bbox 227 619 325 651; x_wconf 71' lang='grc' dir='ltr'>σκεῦος</span> <span class='ocrx_word' id='word_1_96' title='bbox 351 620 523 655; x_wconf 81' lang='grc' dir='ltr'><strong>δερμάτινον,</strong></span> <span class='ocrx_word' id='word_1_97' title='bbox 543 620 591 646; x_wconf 72' lang='grc' dir='ltr'>καὶ</span> <span class='ocrx_word' id='word_1_98' title='bbox 610 620 702 645; x_wconf 80' lang='grc' dir='ltr'>πᾶσαν</span> <span class='ocrx_word' id='word_1_99' title='bbox 734 618 866 653; x_wconf 75' lang='grc' dir='ltr'><strong>ἐργασίαν</strong></span> 
     </span>
    </p>
   </div>
   <div class='ocr_carea' id='block_1_16' title="bbox 65 664 862 700">
    <p class='ocr_par' dir='ltr' id='par_1_16' title="bbox 65 664 862 700">
     <span class='ocr_line' id='line_1_16' title="bbox 65 664 862 700; baseline -0.003 -8"><span class='ocrx_word' id='word_1_100' title='bbox 65 666 99 698; x_wconf 78' lang='grc' dir='ltr'><strong>ἐξ</strong></span> <span class='ocrx_word' id='word_1_101' title='bbox 119 667 244 700; x_wconf 77' lang='grc' dir='ltr'>αἰγείας,</span> <span class='ocrx_word' id='word_1_102' title='bbox 267 666 314 692; x_wconf 80' lang='grc' dir='ltr'><strong>καὶ</strong></span> <span class='ocrx_word' id='word_1_103' title='bbox 337 666 390 692; x_wconf 71' lang='grc' dir='ltr'>πᾶν</span> <span class='ocrx_word' id='word_1_104' title='bbox 413 666 509 698; x_wconf 78' lang='grc' dir='ltr'>σκεῦος</span> <span class='ocrx_word' id='word_1_105' title='bbox 522 665 626 699; x_wconf 71' lang='grc' dir='ltr'>ξύλινον</span> <span class='ocrx_word' id='word_1_106' title='bbox 648 664 832 699; x_wconf 63' lang='grc' dir='ltr'>ἀψαγνιείσθε,</span> <span class='ocrx_word' id='word_1_107' title='bbox 853 673 862 690; x_wconf 73' lang='grc' dir='ltr'><strong>ι</strong></span> 
     </span>
    </p>
   </div>
   <div class='ocr_carea' id='block_1_17' title="bbox 73 710 866 747">
    <p class='ocr_par' dir='ltr' id='par_1_17' title="bbox 73 710 866 747">
     <span class='ocr_line' id='line_1_17' title="bbox 73 710 866 747; baseline -0.004 -9"><span class='ocrx_word' id='word_1_108' title='bbox 73 711 160 747; x_wconf 75' lang='grc' dir='ltr'>Ὁρᾷς</span> <span class='ocrx_word' id='word_1_109' title='bbox 181 711 224 738; x_wconf 78' lang='grc' dir='ltr'>ὃτι</span> <span class='ocrx_word' id='word_1_110' title='bbox 245 711 293 738; x_wconf 73' lang='grc' dir='ltr'><strong>καὶ</strong></span> <span class='ocrx_word' id='word_1_111' title='bbox 313 711 343 737; x_wconf 80' lang='grc' dir='ltr'>τὸ</span> <span class='ocrx_word' id='word_1_112' title='bbox 362 711 473 747; x_wconf 80' lang='grc' dir='ltr'>ἄριστόν</span> <span class='ocrx_word' id='word_1_113' title='bbox 491 720 520 737; x_wconf 85' lang='grc' dir='ltr'><strong>τε</strong></span> <span class='ocrx_word' id='word_1_114' title='bbox 535 711 582 737; x_wconf 77' lang='grc' dir='ltr'><strong>καὶ</strong></span> <span class='ocrx_word' id='word_1_115' title='bbox 605 710 745 745; x_wconf 68' lang='grc' dir='ltr'>εὐδόκιμον</span> <span class='ocrx_word' id='word_1_116' title='bbox 759 711 786 736; x_wconf 82' lang='grc' dir='ltr'><strong>ὲν</strong></span> <span class='ocrx_word' id='word_1_117' title='bbox 799 710 866 745; x_wconf 81' lang='grc' dir='ltr'>ἡμῖν</span> 
     </span>
    </p>
   </div>
   <div class='ocr_carea' id='block_1_18' title="bbox 64 755 864 792">
    <p class='ocr_par' dir='ltr' id='par_1_18' title="bbox 64 755 864 792">
     <span class='ocr_line' id='line_1_18' title="bbox 64 755 864 792; baseline -0.004 -8"><span class='ocrx_word' id='word_1_118' title='bbox 64 757 124 784; x_wconf 77' lang='grc' dir='ltr'>τῶν</span> <span class='ocrx_word' id='word_1_119' title='bbox 152 757 313 784; x_wconf 77' lang='grc' dir='ltr'>ἀπολέκτων</span> <span class='ocrx_word' id='word_1_120' title='bbox 340 757 418 791; x_wconf 80' lang='grc' dir='ltr'>γένος</span> <span class='ocrx_word' id='word_1_121' title='bbox 445 757 495 783; x_wconf 76' lang='grc' dir='ltr'><strong>οὐκ</strong></span> <span class='ocrx_word' id='word_1_122' title='bbox 524 755 674 792; x_wconf 76' lang='grc' dir='ltr'>ἀμώμητον</span> <span class='ocrx_word' id='word_1_123' title='bbox 707 755 864 787; x_wconf 79' lang='grc' dir='ltr'>παντελῶςο</span> 
     </span>
    </p>
   </div>
   <div class='ocr_carea' id='block_1_19' title="bbox 69 801 861 839">
    <p class='ocr_par' dir='ltr' id='par_1_19' title="bbox 69 801 861 839">
     <span class='ocr_line' id='line_1_19' title="bbox 69 801 861 839; baseline -0.005 -8"><span class='ocrx_word' id='word_1_124' title='bbox 69 814 80 830; x_wconf 72' lang='grc' dir='ltr'><strong>α</strong></span> <span class='ocrx_word' id='word_1_125' title='bbox 102 804 236 839; x_wconf 78' lang='grc' dir='ltr'>Καθαρδς</span> <span class='ocrx_word' id='word_1_126' title='bbox 252 804 306 839; x_wconf 79' lang='grc' dir='ltr'><strong>γὰρ</strong></span> <span class='ocrx_word' id='word_1_127' title='bbox 321 803 408 835; x_wconf 76' lang='grc' dir='ltr'>οὐδεὶς</span> <span class='ocrx_word' id='word_1_128' title='bbox 431 803 485 830; x_wconf 83' lang='grc' dir='ltr'><strong>ἀπὸ</strong></span> <span class='ocrx_word' id='word_1_129' title='bbox 505 803 608 838; x_wconf 74' lang='grc' dir='ltr'>ῥύπου,</span> <span class='ocrx_word' id='word_1_130' title='bbox 629 811 637 827; x_wconf 75' lang='grc' dir='ltr'><strong>ι</strong></span> <span class='ocrx_word' id='word_1_131' title='bbox 655 802 701 828; x_wconf 78' lang='grc' dir='ltr'>καὶ</span> <span class='ocrx_word' id='word_1_132' title='bbox 721 802 744 828; x_wconf 83' lang='grc' dir='ltr'>εἰ</span> <span class='ocrx_word' id='word_1_133' title='bbox 759 801 861 836; x_wconf 82' lang='grc' dir='ltr'>σφόδρα</span> 
     </span>
    </p>
   </div>
   <div class='ocr_carea' id='block_1_20' title="bbox 65 847 865 885">
    <p class='ocr_par' dir='ltr' id='par_1_20' title="bbox 65 847 865 885">
     <span class='ocr_line' id='line_1_20' title="bbox 65 847 865 885; baseline -0.004 -9"><span class='ocrx_word' id='word_1_134' title='bbox 65 855 110 882; x_wconf 74' lang='grc' dir='ltr'><strong>τις</strong></span> <span class='ocrx_word' id='word_1_135' title='bbox 123 849 168 885; x_wconf 81' lang='grc' dir='ltr'><strong>εἴη</strong></span> <span class='ocrx_word' id='word_1_136' title='bbox 180 850 236 876; x_wconf 87' lang='grc' dir='ltr'><strong>τῶν</strong></span> <span class='ocrx_word' id='word_1_137' title='bbox 258 849 413 884; x_wconf 78' lang='grc' dir='ltr'>εὐδοκιμεῖν</span> <span class='ocrx_word' id='word_1_138' title='bbox 428 849 562 876; x_wconf 71' lang='grc' dir='ltr'>εἰωθότων</span> <span class='ocrx_word' id='word_1_139' title='bbox 574 857 580 864; x_wconf 89' lang='grc'>·</span> <span class='ocrx_word' id='word_1_140' title='bbox 597 848 744 884; x_wconf 82' lang='grc' dir='ltr'><strong>τετήρηται</strong></span> <span class='ocrx_word' id='word_1_141' title='bbox 767 847 821 883; x_wconf 74' lang='grc' dir='ltr'><strong>γὰρ</strong></span> <span class='ocrx_word' id='word_1_142' title='bbox 836 847 865 873; x_wconf 83' lang='grc' dir='ltr'>τὺ</span> 
     </span>
    </p>
   </div>
   <div class='ocr_carea' id='block_1_21' title="bbox 65 893 865 929">
    <p class='ocr_par' dir='ltr' id='par_1_21' title="bbox 65 893 865 929">
     <span class='ocr_line' id='line_1_21' title="bbox 65 893 865 929; baseline -0.005 -7"><span class='ocrx_word' id='word_1_143' title='bbox 65 895 181 927; x_wconf 75' lang='grc' dir='ltr'>τελείως</span> <span class='ocrx_word' id='word_1_144' title='bbox 201 895 278 929; x_wconf 77' lang='grc' dir='ltr'>ἆγιον</span> <span class='ocrx_word' id='word_1_145' title='bbox 295 896 334 926; x_wconf 83' lang='grc' dir='ltr'><strong>εἰς</strong></span> <span class='ocrx_word' id='word_1_146' title='bbox 348 894 433 921; x_wconf 78' lang='grc' dir='ltr'>αἰῶνα</span> <span class='ocrx_word' id='word_1_147' title='bbox 449 893 495 920; x_wconf 78' lang='grc' dir='ltr'><strong>τὸν</strong></span> <span class='ocrx_word' id='word_1_148' title='bbox 512 893 652 929; x_wconf 83' lang='grc' dir='ltr'>μέλλοντα.</span> <span class='ocrx_word' id='word_1_149' title='bbox 665 893 737 926; x_wconf 79' lang='grc' dir='ltr'><strong>Ἐξω</strong></span> <span class='ocrx_word' id='word_1_150' title='bbox 756 901 865 927; x_wconf 82' lang='grc' dir='ltr'>τοιγαρ-</span> 
     </span>
    </p>
   </div>
   <div class='ocr_carea' id='block_1_22' title="bbox 65 938 864 976">
    <p class='ocr_par' dir='ltr' id='par_1_22' title="bbox 65 938 864 976">
     <span class='ocr_line' id='line_1_22' title="bbox 65 938 864 976; baseline -0.005 -8"><span class='ocrx_word' id='word_1_151' title='bbox 65 941 115 968; x_wconf 76' lang='grc' dir='ltr'>οῦν</span> <span class='ocrx_word' id='word_1_152' title='bbox 154 941 266 973; x_wconf 79' lang='grc' dir='ltr'>καθίζει</span> <span class='ocrx_word' id='word_1_153' title='bbox 299 941 348 976; x_wconf 80' lang='grc' dir='ltr'>τῆς</span> <span class='ocrx_word' id='word_1_154' title='bbox 383 939 562 976; x_wconf 76' lang='grc' dir='ltr'>παρεμϐολῆς</span> <span class='ocrx_word' id='word_1_155' title='bbox 587 940 650 970; x_wconf 83' lang='grc' dir='ltr'>τοὺς</span> <span class='ocrx_word' id='word_1_156' title='bbox 679 938 864 974; x_wconf 79' lang='grc' dir='ltr'>νενικηκότας,</span> 
     </span>
    </p>
   </div>
   <div class='ocr_carea' id='block_1_23' title="bbox 66 984 864 1022">
    <p class='ocr_par' dir='ltr' id='par_1_23' title="bbox 66 984 864 1022">
     <span class='ocr_line' id='line_1_23' title="bbox 66 984 864 1022; baseline -0.005 -8"><span class='ocrx_word' id='word_1_157' title='bbox 66 988 115 1015; x_wconf 79' lang='grc' dir='ltr'><strong>καὶ</strong></span> <span class='ocrx_word' id='word_1_158' title='bbox 139 987 345 1022; x_wconf 73' lang='grc' dir='ltr'><strong>ἀφαγνίζεσθαι</strong></span> <span class='ocrx_word' id='word_1_159' title='bbox 366 986 421 1012; x_wconf 83' lang='grc' dir='ltr'>δεῖν</span> <span class='ocrx_word' id='word_1_160' title='bbox 445 986 543 1017; x_wconf 77' lang='grc' dir='ltr'>αὐτοὺς</span> <span class='ocrx_word' id='word_1_161' title='bbox 569 987 598 1012; x_wconf 79' lang='grc' dir='ltr'>ἐν</span> <span class='ocrx_word' id='word_1_162' title='bbox 621 985 713 1021; x_wconf 78' lang='grc' dir='ltr'>ἡμέρᾳ</span> <span class='ocrx_word' id='word_1_163' title='bbox 741 984 807 1019; x_wconf 76' lang='grc' dir='ltr'>φησὶ</span> <span class='ocrx_word' id='word_1_164' title='bbox 831 985 864 1019; x_wconf 86' lang='grc' dir='ltr'>τῇ</span> 
     </span>
    </p>
   </div>
   <div class='ocr_carea' id='block_1_24' title="bbox 73 1030 866 1070">
    <p class='ocr_par' dir='ltr' id='par_1_24' title="bbox 73 1030 866 1070">
     <span class='ocr_line' id='line_1_24' title="bbox 73 1030 866 1070; baseline -0.005 -10"><span class='ocrx_word' id='word_1_165' title='bbox 73 1033 155 1070; x_wconf 74' lang='grc' dir='ltr'>τρίτῃ</span> <span class='ocrx_word' id='word_1_166' title='bbox 178 1033 226 1060; x_wconf 68' lang='grc' dir='ltr'>καὶ</span> <span class='ocrx_word' id='word_1_167' title='bbox 247 1034 281 1069; x_wconf 79' lang='grc' dir='ltr'>τῇ</span> <span class='ocrx_word' id='word_1_168' title='bbox 305 1033 420 1068; x_wconf 77' lang='grc' dir='ltr'><strong>ἑῦδὸμῃ.</strong></span> <span class='ocrx_word' id='word_1_169' title='bbox 440 1033 495 1067; x_wconf 80' lang='grc' dir='ltr'><strong>Τῆς</strong></span> <span class='ocrx_word' id='word_1_170' title='bbox 513 1031 563 1068; x_wconf 81' lang='grc' dir='ltr'>μὲν</span> <span class='ocrx_word' id='word_1_171' title='bbox 577 1031 684 1068; x_wconf 81' lang='grc' dir='ltr'>ἡμέρας</span> <span class='ocrx_word' id='word_1_172' title='bbox 703 1031 753 1066; x_wconf 74' lang='grc' dir='ltr'>τῆς</span> <span class='ocrx_word' id='word_1_173' title='bbox 772 1030 866 1066; x_wconf 80' lang='grc' dir='ltr'>τρίτης</span> 
     </span>
    </p>
   </div>
   <div class='ocr_carea' id='block_1_25' title="bbox 65 1075 865 1115">
    <p class='ocr_par' dir='ltr' id='par_1_25' title="bbox 65 1075 865 1115">
     <span class='ocr_line' id='line_1_25' title="bbox 65 1075 865 1115; baseline -0.008 -8"><span class='ocrx_word' id='word_1_174' title='bbox 65 1080 84 1115; x_wconf 76' lang='grc' dir='ltr'>ἢ</span> <span class='ocrx_word' id='word_1_175' title='bbox 96 1081 143 1107; x_wconf 83' lang='grc' dir='ltr'><strong>τὸν</strong></span> <span class='ocrx_word' id='word_1_176' title='bbox 163 1079 257 1114; x_wconf 83' lang='grc' dir='ltr'>τρίτον</span> <span class='ocrx_word' id='word_1_177' title='bbox 276 1080 342 1114; x_wconf 85' lang='grc' dir='ltr'>ήμῐν</span> <span class='ocrx_word' id='word_1_178' title='bbox 361 1077 551 1114; x_wconf 79' lang='grc' dir='ltr'><strong>σημαινούσης</strong></span> <span class='ocrx_word' id='word_1_179' title='bbox 567 1077 612 1103; x_wconf 77' lang='grc' dir='ltr'><strong>τὸν</strong></span> <span class='ocrx_word' id='word_1_180' title='bbox 627 1076 734 1112; x_wconf 75' lang='grc' dir='ltr'>καιρὸν,</span> <span class='ocrx_word' id='word_1_181' title='bbox 759 1075 819 1102; x_wconf 73' lang='grc' dir='ltr'>καθ’</span> <span class='ocrx_word' id='word_1_182' title='bbox 836 1075 865 1101; x_wconf 78' lang='grc' dir='ltr'><strong>ὃν</strong></span> 
     </span>
    </p>
   </div>
   <div class='ocr_carea' id='block_1_26' title="bbox 66 1122 865 1162">
    <p class='ocr_par' dir='ltr' id='par_1_26' title="bbox 66 1122 865 1162">
     <span class='ocr_line' id='line_1_26' title="bbox 66 1122 865 1162; baseline -0.006 -9"><span class='ocrx_word' id='word_1_183' title='bbox 66 1127 84 1161; x_wconf 78' lang='grc' dir='ltr'>ὴ</span> <span class='ocrx_word' id='word_1_184' title='bbox 101 1126 146 1152; x_wconf 78' lang='grc' dir='ltr'>διὰ</span> <span class='ocrx_word' id='word_1_185' title='bbox 160 1124 283 1162; x_wconf 83' lang='grc' dir='ltr'>Χριστοῦ</span> <span class='ocrx_word' id='word_1_186' title='bbox 295 1126 390 1159; x_wconf 73' lang='grc' dir='ltr'>γέγονε</span> <span class='ocrx_word' id='word_1_187' title='bbox 407 1124 539 1159; x_wconf 73' lang='grc' dir='ltr'>κάθαρσις</span> <span class='ocrx_word' id='word_1_188' title='bbox 554 1122 621 1158; x_wconf 81' lang='grc' dir='ltr'>μετὰ</span> <span class='ocrx_word' id='word_1_189' title='bbox 633 1122 726 1158; x_wconf 82' lang='grc' dir='ltr'>χρόνον</span> <span class='ocrx_word' id='word_1_190' title='bbox 737 1122 782 1148; x_wconf 69' lang='grc' dir='ltr'><strong>τὸν</strong></span> <span class='ocrx_word' id='word_1_191' title='bbox 794 1122 865 1149; x_wconf 82' lang='grc' dir='ltr'><strong>κατά</strong></span> 
     </span>
    </p>
   </div>
   <div class='ocr_carea' id='block_1_27' title="bbox 65 1168 864 1205">
    <p class='ocr_par' dir='ltr' id='par_1_27' title="bbox 65 1168 864 1205">
     <span class='ocr_line' id='line_1_27' title="bbox 65 1168 864 1205; baseline -0.008 -6"><span class='ocrx_word' id='word_1_192' title='bbox 65 1172 174 1199; x_wconf 78' lang='grc' dir='ltr'>Μωσὲυι</span> <span class='ocrx_word' id='word_1_193' title='bbox 185 1193 194 1205; x_wconf 85' lang='grc'><strong>,</strong></span> <span class='ocrx_word' id='word_1_194' title='bbox 209 1172 257 1199; x_wconf 64' lang='grc' dir='ltr'>καὶ</span> <span class='ocrx_word' id='word_1_195' title='bbox 269 1171 330 1198; x_wconf 80' lang='grc' dir='ltr'>καθ’</span> <span class='ocrx_word' id='word_1_196' title='bbox 342 1170 371 1197; x_wconf 82' lang='grc' dir='ltr'><strong>ὃν</strong></span> <span class='ocrx_word' id='word_1_197' title='bbox 382 1169 396 1196; x_wconf 80' lang='grc' dir='ltr'><strong>ὁ</strong></span> <span class='ocrx_word' id='word_1_198' title='bbox 410 1170 463 1196; x_wconf 78' lang='grc' dir='ltr'><strong>τῶν</strong></span> <span class='ocrx_word' id='word_1_199' title='bbox 474 1170 558 1203; x_wconf 83' lang='grc' dir='ltr'>ἁγίων</span> <span class='ocrx_word' id='word_1_200' title='bbox 568 1168 717 1204; x_wconf 66' lang='grc' dir='ltr'>προφητῶν</span> <span class='ocrx_word' id='word_1_201' title='bbox 723 1168 864 1203; x_wconf 80' lang='grc' dir='ltr'>ἀνεδείχθη</span> 
     </span>
    </p>
   </div>
   <div class='ocr_carea' id='block_1_28' title="bbox 67 1213 865 1254">
    <p class='ocr_par' dir='ltr' id='par_1_28' title="bbox 67 1213 865 1254">
     <span class='ocr_line' id='line_1_28' title="bbox 67 1213 865 1254; baseline -0.006 -9"><span class='ocrx_word' id='word_1_202' title='bbox 67 1219 150 1254; x_wconf 74' lang='grc' dir='ltr'>χορὸς</span> <span class='ocrx_word' id='word_1_203' title='bbox 163 1239 172 1251; x_wconf 88' lang='grc'><strong>,</strong></span> <span class='ocrx_word' id='word_1_204' title='bbox 194 1218 254 1253; x_wconf 74' lang='grc' dir='ltr'>ἦτοι</span> <span class='ocrx_word' id='word_1_205' title='bbox 269 1218 314 1244; x_wconf 74' lang='grc' dir='ltr'><strong>τὸν</strong></span> <span class='ocrx_word' id='word_1_206' title='bbox 336 1217 385 1252; x_wconf 84' lang='grc' dir='ltr'>τῆς</span> <span class='ocrx_word' id='word_1_207' title='bbox 405 1216 599 1246; x_wconf 79' lang='grc' dir='ltr'>ἀναστάσεως,</span> <span class='ocrx_word' id='word_1_208' title='bbox 624 1214 686 1241; x_wconf 86' lang='grc' dir='ltr'>καθ’</span> <span class='ocrx_word' id='word_1_209' title='bbox 708 1213 737 1241; x_wconf 68' lang='grc' dir='ltr'>ὃν</span> <span class='ocrx_word' id='word_1_210' title='bbox 765 1213 865 1241; x_wconf 72' lang='grc' dir='ltr'>ἀνεϐίω</span> 
     </span>
    </p>
   </div>
   <div class='ocr_carea' id='block_1_29' title="bbox 65 1260 864 1300">
    <p class='ocr_par' dir='ltr' id='par_1_29' title="bbox 65 1260 864 1300">
     <span class='ocr_line' id='line_1_29' title="bbox 65 1260 864 1300; baseline -0.005 -9"><span class='ocrx_word' id='word_1_211' title='bbox 65 1265 199 1300; x_wconf 77' lang='grc' dir='ltr'>Χριστὺς,</span> <span class='ocrx_word' id='word_1_212' title='bbox 216 1262 398 1299; x_wconf 76' lang='grc' dir='ltr'>προσηλώσας</span> <span class='ocrx_word' id='word_1_213' title='bbox 407 1262 446 1298; x_wconf 84' lang='grc' dir='ltr'>τῷ</span> <span class='ocrx_word' id='word_1_214' title='bbox 457 1263 539 1298; x_wconf 82' lang='grc' dir='ltr'>τιμίῳ</span> <span class='ocrx_word' id='word_1_215' title='bbox 550 1260 658 1297; x_wconf 79' lang='grc' dir='ltr'>σταυρῷ</span> <span class='ocrx_word' id='word_1_216' title='bbox 668 1261 699 1287; x_wconf 78' lang='grc' dir='ltr'><strong>τὸ</strong></span> <span class='ocrx_word' id='word_1_217' title='bbox 712 1260 773 1288; x_wconf 81' lang='grc' dir='ltr'>καθ’</span> <span class='ocrx_word' id='word_1_218' title='bbox 787 1261 803 1296; x_wconf 75' lang='grc' dir='ltr'>ἡ</span> <span class='ocrx_word' id='word_1_219' title='bbox 808 1260 864 1296; x_wconf 82' lang='grc' dir='ltr'><strong>μῶν</strong></span> 
     </span>
    </p>
   </div>
   <div class='ocr_carea' id='block_1_30' title="bbox 66 1306 865 1348">
    <p class='ocr_par' dir='ltr' id='par_1_30' title="bbox 66 1306 865 1348">
     <span class='ocr_line' id='line_1_30' title="bbox 66 1306 865 1348; baseline -0.006 -11"><span class='ocrx_word' id='word_1_220' title='bbox 66 1310 272 1348; x_wconf 70' lang='grc' dir='ltr'>χειρόγραφον,</span> <span class='ocrx_word' id='word_1_221' title='bbox 303 1309 351 1336; x_wconf 76' lang='grc' dir='ltr'><strong>καὶ</strong></span> <span class='ocrx_word' id='word_1_222' title='bbox 378 1307 487 1335; x_wconf 83' lang='grc' dir='ltr'>λυτικδν</span> <span class='ocrx_word' id='word_1_223' title='bbox 512 1307 650 1343; x_wconf 82' lang='grc' dir='ltr'>ἁμαρτίας</span> <span class='ocrx_word' id='word_1_224' title='bbox 675 1306 706 1333; x_wconf 76' lang='grc' dir='ltr'><strong>τὸ</strong></span> <span class='ocrx_word' id='word_1_225' title='bbox 727 1307 760 1333; x_wconf 90' lang='grc' dir='ltr'>δι’</span> <span class='ocrx_word' id='word_1_226' title='bbox 790 1307 865 1342; x_wconf 79' lang='grc' dir='ltr'>ἡμᾶς</span> 
     </span>
    </p>
   </div>
   <div class='ocr_carea' id='block_1_31' title="bbox 67 1353 864 1393">
    <p class='ocr_par' dir='ltr' id='par_1_31' title="bbox 67 1353 864 1393">
     <span class='ocr_line' id='line_1_31' title="bbox 67 1353 864 1393; baseline -0.005 -10"><span class='ocrx_word' id='word_1_227' title='bbox 67 1355 223 1393; x_wconf 73' lang='grc' dir='ltr'>ὑπομείνας</span> <span class='ocrx_word' id='word_1_228' title='bbox 241 1355 337 1386; x_wconf 83' lang='grc' dir='ltr'>πάθος.</span> <span class='ocrx_word' id='word_1_229' title='bbox 355 1355 410 1390; x_wconf 86' lang='grc' dir='ltr'>Τῆς</span> <span class='ocrx_word' id='word_1_230' title='bbox 435 1363 467 1388; x_wconf 87' lang='grc' dir='ltr'>γε</span> <span class='ocrx_word' id='word_1_231' title='bbox 495 1354 548 1389; x_wconf 86' lang='grc' dir='ltr'>μὴν</span> <span class='ocrx_word' id='word_1_232' title='bbox 565 1353 683 1389; x_wconf 77' lang='grc' dir='ltr'>ἑϐδόμης</span> <span class='ocrx_word' id='word_1_233' title='bbox 705 1353 750 1380; x_wconf 76' lang='grc' dir='ltr'>τὸν</span> <span class='ocrx_word' id='word_1_234' title='bbox 767 1354 813 1379; x_wconf 72' lang='grc' dir='ltr'>ἐπὶ</span> <span class='ocrx_word' id='word_1_235' title='bbox 830 1354 864 1389; x_wconf 84' lang='grc' dir='ltr'>τῇ</span> 
     </span>
    </p>
   </div>
   <div class='ocr_carea' id='block_1_32' title="bbox 67 1398 865 1436">
    <p class='ocr_par' dir='ltr' id='par_1_32' title="bbox 67 1398 865 1436">
     <span class='ocr_line' id='line_1_32' title="bbox 67 1398 865 1436; baseline -0.006 -7"><span class='ocrx_word' id='word_1_236' title='bbox 67 1402 212 1436; x_wconf 72' lang='grc' dir='ltr'>συντελείᾳ</span> <span class='ocrx_word' id='word_1_237' title='bbox 227 1401 275 1428; x_wconf 80' lang='grc' dir='ltr'>τοῦ</span> <span class='ocrx_word' id='word_1_238' title='bbox 291 1400 422 1436; x_wconf 78' lang='grc' dir='ltr'>παρόντος</span> <span class='ocrx_word' id='word_1_239' title='bbox 437 1400 533 1431; x_wconf 83' lang='grc' dir='ltr'>αἰῶνος</span> <span class='ocrx_word' id='word_1_240' title='bbox 549 1399 645 1434; x_wconf 81' lang='grc' dir='ltr'>καιρὸν</span> <span class='ocrx_word' id='word_1_241' title='bbox 664 1398 865 1434; x_wconf 76' lang='grc' dir='ltr'>ἀναπειθούσης</span> 
     </span>
    </p>
   </div>
   <div class='ocr_carea' id='block_1_33' title="bbox 68 1444 866 1482">
    <p class='ocr_par' dir='ltr' id='par_1_33' title="bbox 68 1444 866 1482">
     <span class='ocr_line' id='line_1_33' title="bbox 68 1444 866 1482; baseline -0.006 -6"><span class='ocrx_word' id='word_1_242' title='bbox 68 1450 150 1481; x_wconf 75' lang='grc' dir='ltr'>νοεῖν,</span> <span class='ocrx_word' id='word_1_243' title='bbox 172 1448 235 1475; x_wconf 81' lang='grc' dir='ltr'>καθ’</span> <span class='ocrx_word' id='word_1_244' title='bbox 260 1448 289 1474; x_wconf 78' lang='grc' dir='ltr'><strong>ὃν</strong></span> <span class='ocrx_word' id='word_1_245' title='bbox 312 1446 465 1482; x_wconf 79' lang='grc' dir='ltr'>ὁλοτρόπως</span> <span class='ocrx_word' id='word_1_246' title='bbox 491 1446 522 1472; x_wconf 87' lang='grc' dir='ltr'>τὺ</span> <span class='ocrx_word' id='word_1_247' title='bbox 546 1446 596 1479; x_wconf 78' lang='grc' dir='ltr'>τῆς</span> <span class='ocrx_word' id='word_1_248' title='bbox 625 1445 761 1480; x_wconf 83' lang='grc' dir='ltr'>ἁμαρτίας</span> <span class='ocrx_word' id='word_1_249' title='bbox 785 1444 866 1479; x_wconf 84' lang='grc' dir='ltr'>ἄχθος</span> 
     </span>
    </p>
   </div>
   <div class='ocr_carea' id='block_1_34' title="bbox 68 1490 866 1529">
    <p class='ocr_par' dir='ltr' id='par_1_34' title="bbox 68 1490 866 1529">
     <span class='ocr_line' id='line_1_34' title="bbox 68 1490 866 1529; baseline -0.008 -7"><span class='ocrx_word' id='word_1_250' title='bbox 68 1495 301 1529; x_wconf 80' lang='grc' dir='ltr'>ἀποσεισάμενοι,</span> <span class='ocrx_word' id='word_1_251' title='bbox 321 1493 369 1520; x_wconf 79' lang='grc' dir='ltr'><strong>καὶ</strong></span> <span class='ocrx_word' id='word_1_252' title='bbox 381 1493 421 1524; x_wconf 87' lang='grc' dir='ltr'><strong>είς</strong></span> <span class='ocrx_word' id='word_1_253' title='bbox 435 1491 511 1526; x_wconf 79' lang='grc' dir='ltr'>λῆξιν</span> <span class='ocrx_word' id='word_1_254' title='bbox 535 1491 620 1523; x_wconf 83' lang='grc' dir='ltr'>ῑόντες</span> <span class='ocrx_word' id='word_1_255' title='bbox 635 1490 783 1525; x_wconf 80' lang='grc' dir='ltr'>ἁγιασμοῦ,</span> <span class='ocrx_word' id='word_1_256' title='bbox 804 1498 866 1517; x_wconf 87' lang='grc' dir='ltr'>συν-</span> 
     </span>
    </p>
   </div>
   <div class='ocr_carea' id='block_1_35' title="bbox 915 250 1702 289">
    <p class='ocr_par' dir='ltr' id='par_1_35' title="bbox 915 250 1702 289">
     <span class='ocr_line' id='line_1_35' title="bbox 915 250 1702 289; baseline 0.008 -13"><span class='ocrx_word' id='word_1_257' title='bbox 915 250 961 285; x_wconf 89' lang='lat' dir='ltr'><strong>qui</strong></span> <span class='ocrx_word' id='word_1_258' title='bbox 976 254 1083 285; x_wconf 84' lang='lat' dir='ltr'><strong>parcnt,</strong></span> <span class='ocrx_word' id='word_1_259' title='bbox 1096 250 1269 278; x_wconf 82' lang='lat' dir='ltr'><strong>laudabiliter</strong></span> <span class='ocrx_word' id='word_1_260' title='bbox 1283 258 1311 277; x_wconf 87' lang='lat' dir='ltr'><strong>se</strong></span> <span class='ocrx_word' id='word_1_261' title='bbox 1323 255 1431 286; x_wconf 83' lang='lat' dir='ltr'><strong>gerant;</strong></span> <span class='ocrx_word' id='word_1_262' title='bbox 1445 251 1560 287; x_wconf 82' lang='lat' dir='ltr'><strong>ideoque</strong></span> <span class='ocrx_word' id='word_1_263' title='bbox 1570 254 1702 289; x_wconf 88' lang='lat' dir='ltr'><strong>scriptum</strong></span> 
     </span>
    </p>
   </div>
   <div class='ocr_carea' id='block_1_36' title="bbox 915 296 1702 334">
    <p class='ocr_par' dir='ltr' id='par_1_36' title="bbox 915 296 1702 334">
     <span class='ocr_line' id='line_1_36' title="bbox 915 296 1702 334; baseline 0.006 -12"><span class='ocrx_word' id='word_1_264' title='bbox 915 299 957 323; x_wconf 89' lang='lat' dir='ltr'><strong>est</strong></span> <span class='ocrx_word' id='word_1_265' title='bbox 973 296 1082 331; x_wconf 87' lang='lat' dir='ltr'><strong>populis</strong></span> <span class='ocrx_word' id='word_1_266' title='bbox 1098 296 1144 330; x_wconf 91' lang='lat' dir='ltr'><strong>qui</strong></span> <span class='ocrx_word' id='word_1_267' title='bbox 1160 296 1210 323; x_wconf 85' lang='lat' dir='ltr'><strong>sub</strong></span> <span class='ocrx_word' id='word_1_268' title='bbox 1230 296 1343 331; x_wconf 91' lang='lat' dir='ltr'><strong>imperio</strong></span> <span class='ocrx_word' id='word_1_269' title='bbox 1359 302 1453 324; x_wconf 87' lang='lat' dir='ltr'><strong>erant:</strong></span> <span class='ocrx_word' id='word_1_270' title='bbox 1471 307 1479 323; x_wconf 82' lang='grc' dir='ltr'><strong>ι</strong></span> <span class='ocrx_word' id='word_1_271' title='bbox 1496 297 1611 326; x_wconf 88' lang='lat' dir='ltr'><strong>Obcdite</strong></span> <span class='ocrx_word' id='word_1_272' title='bbox 1630 308 1702 334; x_wconf 74' lang='lat' dir='ltr'><strong>pne-</strong></span> 
     </span>
    </p>
   </div>
   <div class='ocr_carea' id='block_1_37' title="bbox 915 341 1705 380">
    <p class='ocr_par' dir='ltr' id='par_1_37' title="bbox 915 341 1705 380">
     <span class='ocr_line' id='line_1_37' title="bbox 915 341 1705 380; baseline 0.005 -12"><span class='ocrx_word' id='word_1_273' title='bbox 915 342 1012 376; x_wconf 86' lang='lat' dir='ltr'><strong>positis</strong></span> <span class='ocrx_word' id='word_1_274' title='bbox 1031 342 1140 374; x_wconf 86' lang='lat' dir='ltr'><strong>vestris,</strong></span> <span class='ocrx_word' id='word_1_275' title='bbox 1152 345 1180 368; x_wconf 91' lang='lat' dir='ltr'><strong>et</strong></span> <span class='ocrx_word' id='word_1_276' title='bbox 1197 341 1334 377; x_wconf 79' lang='lat' dir='ltr'><strong>subjaectc</strong></span> <span class='ocrx_word' id='word_1_277' title='bbox 1353 342 1409 376; x_wconf 90' lang='lat' dir='ltr'><strong>eis;</strong></span> <span class='ocrx_word' id='word_1_278' title='bbox 1424 343 1475 378; x_wconf 86' lang='lat' dir='ltr'><strong>ipsi</strong></span> <span class='ocrx_word' id='word_1_279' title='bbox 1499 344 1572 371; x_wconf 87' lang='lat' dir='ltr'><strong>enim</strong></span> <span class='ocrx_word' id='word_1_280' title='bbox 1589 345 1705 380; x_wconf 76' lang='lat' dir='ltr'><strong>vigilant</strong></span> 
     </span>
    </p>
   </div>
   <div class='ocr_carea' id='block_1_38' title="bbox 915 387 1704 422">
    <p class='ocr_par' dir='ltr' id='par_1_38' title="bbox 915 387 1704 422">
     <span class='ocr_line' id='line_1_38' title="bbox 915 387 1704 422; baseline 0.005 -9"><span class='ocrx_word' id='word_1_281' title='bbox 915 394 965 422; x_wconf 84' lang='lat' dir='ltr'><strong>pro</strong></span> <span class='ocrx_word' id='word_1_282' title='bbox 989 387 1132 414; x_wconf 82' lang='lat' dir='ltr'><strong>animabus</strong></span> <span class='ocrx_word' id='word_1_283' title='bbox 1155 387 1270 419; x_wconf 78' lang='lat' dir='ltr'><strong>vestris,</strong></span> <span class='ocrx_word' id='word_1_284' title='bbox 1293 392 1420 422; x_wconf 89' lang='lat' dir='ltr'><strong>tanquam</strong></span> <span class='ocrx_word' id='word_1_285' title='bbox 1448 389 1581 416; x_wconf 86' lang='lat' dir='ltr'><strong>rationem</strong></span> <span class='ocrx_word' id='word_1_286' title='bbox 1609 390 1704 417; x_wconf 89' lang='lat' dir='ltr'><strong>reddi-</strong></span> 
     </span>
    </p>
   </div>
   <div class='ocr_carea' id='block_1_39' title="bbox 916 434 1702 470">
    <p class='ocr_par' dir='ltr' id='par_1_39' title="bbox 916 434 1702 470">
     <span class='ocr_line' id='line_1_39' title="bbox 916 434 1702 470; baseline 0.004 -9"><span class='ocrx_word' id='word_1_287' title='bbox 916 434 1009 461; x_wconf 78' lang='lat' dir='ltr'><strong>turi“.</strong></span> <span class='ocrx_word' id='word_1_288' title='bbox 1023 443 1031 459; x_wconf 79' lang='grc' dir='ltr'><strong>ι</strong></span> <span class='ocrx_word' id='word_1_289' title='bbox 1052 434 1116 461; x_wconf 85' lang='lat' dir='ltr'><strong>Post</strong></span> <span class='ocrx_word' id='word_1_290' title='bbox 1130 441 1225 460; x_wconf 88' lang='lat' dir='ltr'><strong>necem</strong></span> <span class='ocrx_word' id='word_1_291' title='bbox 1244 441 1310 460; x_wconf 85' lang='lat' dir='ltr'><strong>vero</strong></span> <span class='ocrx_word' id='word_1_292' title='bbox 1333 435 1479 462; x_wconf 87' lang='lat' dir='ltr'><strong>mulierum</strong></span> <span class='ocrx_word' id='word_1_293' title='bbox 1506 443 1537 462; x_wconf 86' lang='lat' dir='ltr'><strong>ac</strong></span> <span class='ocrx_word' id='word_1_294' title='bbox 1554 443 1702 470; x_wconf 86' lang='lat' dir='ltr'><strong>puerorum</strong></span> 
     </span>
    </p>
   </div>
   <div class='ocr_carea' id='block_1_40' title="bbox 915 480 1702 515">
    <p class='ocr_par' dir='ltr' id='par_1_40' title="bbox 915 480 1702 515">
     <span class='ocr_line' id='line_1_40' title="bbox 915 480 1702 515; baseline 0.003 -8"><span class='ocrx_word' id='word_1_295' title='bbox 915 488 970 507; x_wconf 90' lang='lat' dir='ltr'><strong>non</strong></span> <span class='ocrx_word' id='word_1_296' title='bbox 985 480 1120 515; x_wconf 89' lang='lat' dir='ltr'><strong>permittit</strong></span> <span class='ocrx_word' id='word_1_297' title='bbox 1134 480 1230 507; x_wconf 84' lang='lat' dir='ltr'><strong>beatus</strong></span> <span class='ocrx_word' id='word_1_298' title='bbox 1245 480 1350 515; x_wconf 80' lang='lat' dir='ltr'><strong>Moyses</strong></span> <span class='ocrx_word' id='word_1_299' title='bbox 1370 484 1399 507; x_wconf 91' lang='lat' dir='ltr'><strong>ut</strong></span> <span class='ocrx_word' id='word_1_300' title='bbox 1417 481 1518 508; x_wconf 81' lang='lat' dir='ltr'><strong>milites</strong></span> <span class='ocrx_word' id='word_1_301' title='bbox 1539 482 1608 508; x_wconf 87' lang='lat' dir='ltr'><strong>illoli</strong></span> <span class='ocrx_word' id='word_1_302' title='bbox 1627 490 1656 510; x_wconf 92' lang='lat' dir='ltr'><strong>se</strong></span> <span class='ocrx_word' id='word_1_303' title='bbox 1676 483 1702 509; x_wconf 91' lang='lat' dir='ltr'><strong>in</strong></span> 
     </span>
    </p>
   </div>
   <div class='ocr_carea' id='block_1_41' title="bbox 916 525 1704 562">
    <p class='ocr_par' dir='ltr' id='par_1_41' title="bbox 916 525 1704 562">
     <span class='ocr_line' id='line_1_41' title="bbox 916 525 1704 562; baseline 0.004 -9"><span class='ocrx_word' id='word_1_304' title='bbox 916 530 1005 553; x_wconf 86' lang='lat' dir='ltr'><strong>castra</strong></span> <span class='ocrx_word' id='word_1_305' title='bbox 1018 525 1165 560; x_wconf 76' lang='lat' dir='ltr'><strong>recipiant;</strong></span> <span class='ocrx_word' id='word_1_306' title='bbox 1181 525 1229 553; x_wconf 88' lang='lat' dir='ltr'><strong>sed</strong></span> <span class='ocrx_word' id='word_1_307' title='bbox 1245 529 1274 552; x_wconf 88' lang='lat' dir='ltr'><strong>ut</strong></span> <span class='ocrx_word' id='word_1_308' title='bbox 1291 525 1367 560; x_wconf 89' lang='lat' dir='ltr'><strong>prius</strong></span> <span class='ocrx_word' id='word_1_309' title='bbox 1386 526 1537 553; x_wconf 90' lang='lat' dir='ltr'><strong>lustrentur</strong></span> <span class='ocrx_word' id='word_1_310' title='bbox 1551 527 1644 562; x_wconf 83' lang='lat' dir='ltr'><strong>jubet,</strong></span> <span class='ocrx_word' id='word_1_311' title='bbox 1660 528 1704 555; x_wconf 90' lang='lat' dir='ltr'><strong>di-</strong></span> 
     </span>
    </p>
   </div>
   <div class='ocr_carea' id='block_1_42' title="bbox 916 571 1704 606">
    <p class='ocr_par' dir='ltr' id='par_1_42' title="bbox 916 571 1704 606">
     <span class='ocr_line' id='line_1_42' title="bbox 916 571 1704 606; baseline 0.004 -8"><span class='ocrx_word' id='word_1_312' title='bbox 916 579 997 598; x_wconf 88' lang='lat' dir='ltr'><strong>cens:</strong></span> <span class='ocrx_word' id='word_1_313' title='bbox 1014 571 1091 606; x_wconf 75' lang='lat'><strong>123</strong></span> <span class='ocrx_word' id='word_1_314' title='bbox 1106 581 1115 596; x_wconf 89' lang='grc'><strong><em>‹</em></strong></span> <span class='ocrx_word' id='word_1_315' title='bbox 1131 571 1164 598; x_wconf 88' lang='lat' dir='ltr'><strong>Et</strong></span> <span class='ocrx_word' id='word_1_316' title='bbox 1184 579 1232 598; x_wconf 89' lang='lat' dir='ltr'><strong>vos</strong></span> <span class='ocrx_word' id='word_1_317' title='bbox 1250 572 1509 599; x_wconf 81' lang='lat' dir='ltr'><strong>castramctabimini</strong></span> <span class='ocrx_word' id='word_1_318' title='bbox 1528 577 1605 601; x_wconf 77' lang='lat' dir='ltr'><strong>extra</strong></span> <span class='ocrx_word' id='word_1_319' title='bbox 1616 578 1704 601; x_wconf 89' lang='lat' dir='ltr'><strong>castra</strong></span> 
     </span>
    </p>
   </div>
   <div class='ocr_carea' id='block_1_43' title="bbox 917 616 1704 653">
    <p class='ocr_par' dir='ltr' id='par_1_43' title="bbox 917 616 1704 653">
     <span class='ocr_line' id='line_1_43' title="bbox 917 616 1704 653; baseline 0.005 -10"><span class='ocrx_word' id='word_1_320' title='bbox 917 621 1020 651; x_wconf 80' lang='lat' dir='ltr'><strong>septem</strong></span> <span class='ocrx_word' id='word_1_321' title='bbox 1048 617 1121 644; x_wconf 82' lang='lat' dir='ltr'><strong>dies:</strong></span> <span class='ocrx_word' id='word_1_322' title='bbox 1145 616 1235 644; x_wconf 89' lang='lat' dir='ltr'><strong>omnis</strong></span> <span class='ocrx_word' id='word_1_323' title='bbox 1255 617 1302 652; x_wconf 86' lang='lat' dir='ltr'><strong>qui</strong></span> <span class='ocrx_word' id='word_1_324' title='bbox 1323 617 1492 645; x_wconf 70' lang='lat' dir='ltr'><strong>interfecerit</strong></span> <span class='ocrx_word' id='word_1_325' title='bbox 1518 619 1654 653; x_wconf 87' lang='lat' dir='ltr'><strong>animam,</strong></span> <span class='ocrx_word' id='word_1_326' title='bbox 1677 625 1704 648; x_wconf 87' lang='lat' dir='ltr'><strong>et</strong></span> 
     </span>
    </p>
   </div>
   <div class='ocr_carea' id='block_1_44' title="bbox 916 663 1704 699">
    <p class='ocr_par' dir='ltr' id='par_1_44' title="bbox 916 663 1704 699">
     <span class='ocr_line' id='line_1_44' title="bbox 916 663 1704 699; baseline 0.003 -9"><span class='ocrx_word' id='word_1_327' title='bbox 916 663 1005 690; x_wconf 91' lang='lat' dir='ltr'><strong>omnis</strong></span> <span class='ocrx_word' id='word_1_328' title='bbox 1027 663 1073 698; x_wconf 93' lang='lat' dir='ltr'><strong>qui</strong></span> <span class='ocrx_word' id='word_1_329' title='bbox 1094 663 1215 699; x_wconf 79' lang='lat' dir='ltr'><strong>tetigerit</strong></span> <span class='ocrx_word' id='word_1_330' title='bbox 1235 664 1424 695; x_wconf 88' lang='lat' dir='ltr'><strong>vulneratum,</strong></span> <span class='ocrx_word' id='word_1_331' title='bbox 1446 664 1609 692; x_wconf 88' lang='lat' dir='ltr'><strong>lustrabitur</strong></span> <span class='ocrx_word' id='word_1_332' title='bbox 1624 665 1704 692; x_wconf 88' lang='lat' dir='ltr'><strong>tertio</strong></span> 
     </span>
    </p>
   </div>
   <div class='ocr_carea' id='block_1_45' title="bbox 917 710 1704 745">
    <p class='ocr_par' dir='ltr' id='par_1_45' title="bbox 917 710 1704 745">
     <span class='ocr_line' id='line_1_45' title="bbox 917 710 1704 745; baseline 0.003 -8"><span class='ocrx_word' id='word_1_333' title='bbox 917 710 961 737; x_wconf 87' lang='lat' dir='ltr'><strong>die</strong></span> <span class='ocrx_word' id='word_1_334' title='bbox 986 714 1014 737; x_wconf 86' lang='lat' dir='ltr'><strong>et</strong></span> <span class='ocrx_word' id='word_1_335' title='bbox 1026 710 1070 737; x_wconf 89' lang='lat' dir='ltr'><strong>die</strong></span> <span class='ocrx_word' id='word_1_336' title='bbox 1085 711 1210 745; x_wconf 86' lang='lat' dir='ltr'><strong>septimo,</strong></span> <span class='ocrx_word' id='word_1_337' title='bbox 1224 718 1272 738; x_wconf 89' lang='lat' dir='ltr'><strong>vos</strong></span> <span class='ocrx_word' id='word_1_338' title='bbox 1282 714 1310 738; x_wconf 90' lang='lat' dir='ltr'><strong>et</strong></span> <span class='ocrx_word' id='word_1_339' title='bbox 1322 711 1464 745; x_wconf 79' lang='lat' dir='ltr'><strong>captivitas</strong></span> <span class='ocrx_word' id='word_1_340' title='bbox 1474 716 1575 744; x_wconf 83' lang='lat' dir='ltr'><strong>vestra,</strong></span> <span class='ocrx_word' id='word_1_341' title='bbox 1586 716 1614 739; x_wconf 90' lang='lat' dir='ltr'><strong>et</strong></span> <span class='ocrx_word' id='word_1_342' title='bbox 1624 720 1704 739; x_wconf 89' lang='lat' dir='ltr'><strong>omne</strong></span> 
     </span>
    </p>
   </div>
   <div class='ocr_carea' id='block_1_46' title="bbox 917 753 1706 792">
    <p class='ocr_par' dir='ltr' id='par_1_46' title="bbox 917 753 1706 792">
     <span class='ocr_line' id='line_1_46' title="bbox 917 753 1706 792; baseline 0.004 -11"><span class='ocrx_word' id='word_1_343' title='bbox 917 753 1118 787; x_wconf 87' lang='lat' dir='ltr'><strong>indumentum,</strong></span> <span class='ocrx_word' id='word_1_344' title='bbox 1139 759 1166 782; x_wconf 88' lang='lat' dir='ltr'><strong>et</strong></span> <span class='ocrx_word' id='word_1_345' title='bbox 1178 763 1258 783; x_wconf 91' lang='lat' dir='ltr'><strong>omne</strong></span> <span class='ocrx_word' id='word_1_346' title='bbox 1270 763 1317 782; x_wconf 84' lang='lat' dir='ltr'><strong>vas</strong></span> <span class='ocrx_word' id='word_1_347' title='bbox 1329 755 1485 790; x_wconf 88' lang='lat' dir='ltr'><strong>pelliceum,</strong></span> <span class='ocrx_word' id='word_1_348' title='bbox 1499 760 1527 783; x_wconf 88' lang='lat' dir='ltr'><strong>et</strong></span> <span class='ocrx_word' id='word_1_349' title='bbox 1542 764 1622 784; x_wconf 87' lang='lat' dir='ltr'><strong>omne</strong></span> <span class='ocrx_word' id='word_1_350' title='bbox 1636 765 1706 792; x_wconf 90' lang='lat' dir='ltr'><strong>opus</strong></span> 
     </span>
    </p>
   </div>
   <div class='ocr_carea' id='block_1_47' title="bbox 916 801 1702 838">
    <p class='ocr_par' dir='ltr' id='par_1_47' title="bbox 916 801 1702 838">
     <span class='ocr_line' id='line_1_47' title="bbox 916 801 1702 838; baseline 0.004 -11"><span class='ocrx_word' id='word_1_351' title='bbox 916 808 949 828; x_wconf 77' lang='lat' dir='ltr'><strong>ex</strong></span> <span class='ocrx_word' id='word_1_352' title='bbox 967 801 1076 835; x_wconf 89' lang='lat' dir='ltr'><strong>caprina</strong></span> <span class='ocrx_word' id='word_1_353' title='bbox 1084 802 1165 836; x_wconf 86' lang='lat' dir='ltr'><strong>pelle,</strong></span> <span class='ocrx_word' id='word_1_354' title='bbox 1173 806 1200 829; x_wconf 88' lang='lat' dir='ltr'><strong>et</strong></span> <span class='ocrx_word' id='word_1_355' title='bbox 1211 809 1291 829; x_wconf 88' lang='lat' dir='ltr'><strong>omne</strong></span> <span class='ocrx_word' id='word_1_356' title='bbox 1301 809 1349 829; x_wconf 86' lang='lat' dir='ltr'><strong>vas</strong></span> <span class='ocrx_word' id='word_1_357' title='bbox 1365 803 1485 838; x_wconf 90' lang='lat' dir='ltr'><strong>ligneum</strong></span> <span class='ocrx_word' id='word_1_358' title='bbox 1500 803 1686 838; x_wconf 73' lang='lat' dir='ltr'><strong>expiabitis“.</strong></span> <span class='ocrx_word' id='word_1_359' title='bbox 1694 815 1702 829; x_wconf 73' lang='grc' dir='ltr'><strong>ι</strong></span> 
     </span>
    </p>
   </div>
   <div class='ocr_carea' id='block_1_48' title="bbox 916 844 1706 884">
    <p class='ocr_par' dir='ltr' id='par_1_48' title="bbox 916 844 1706 884">
     <span class='ocr_line' id='line_1_48' title="bbox 916 844 1706 884; baseline 0.006 -13"><span class='ocrx_word' id='word_1_360' title='bbox 916 844 999 872; x_wconf 84' lang='lat' dir='ltr'><strong>Vides</strong></span> <span class='ocrx_word' id='word_1_361' title='bbox 1008 845 1089 872; x_wconf 88' lang='lat' dir='ltr'><strong>etiam</strong></span> <span class='ocrx_word' id='word_1_362' title='bbox 1101 846 1267 873; x_wconf 83' lang='lat' dir='ltr'><strong>selectorum</strong></span> <span class='ocrx_word' id='word_1_363' title='bbox 1279 854 1376 881; x_wconf 81' lang='lat' dir='ltr'><strong>genus,</strong></span> <span class='ocrx_word' id='word_1_364' title='bbox 1393 847 1467 882; x_wconf 90' lang='lat' dir='ltr'><strong>quod</strong></span> <span class='ocrx_word' id='word_1_365' title='bbox 1486 848 1558 882; x_wconf 85' lang='lat' dir='ltr'><strong>apud</strong></span> <span class='ocrx_word' id='word_1_366' title='bbox 1569 856 1620 876; x_wconf 90' lang='lat' dir='ltr'><strong>nos</strong></span> <span class='ocrx_word' id='word_1_367' title='bbox 1633 850 1706 884; x_wconf 84' lang='lat' dir='ltr'><strong>opti-</strong></span> 
     </span>
    </p>
   </div>
   <div class='ocr_carea' id='block_1_49' title="bbox 917 892 1706 926">
    <p class='ocr_par' dir='ltr' id='par_1_49' title="bbox 917 892 1706 926">
     <span class='ocr_line' id='line_1_49' title="bbox 917 892 1706 926; baseline 0.005 -8"><span class='ocrx_word' id='word_1_368' title='bbox 917 899 992 918; x_wconf 92' lang='lat' dir='ltr'><strong>mum</strong></span> <span class='ocrx_word' id='word_1_369' title='bbox 1013 899 1044 919; x_wconf 87' lang='lat' dir='ltr'><strong>ac</strong></span> <span class='ocrx_word' id='word_1_370' title='bbox 1071 893 1324 926; x_wconf 59' lang='lat' dir='ltr'><strong>praestantissimum</strong></span> <span class='ocrx_word' id='word_1_371' title='bbox 1352 892 1482 925; x_wconf 85' lang='lat' dir='ltr'><strong>habetur,</strong></span> <span class='ocrx_word' id='word_1_372' title='bbox 1507 901 1563 921; x_wconf 87' lang='lat' dir='ltr'><strong>non</strong></span> <span class='ocrx_word' id='word_1_373' title='bbox 1593 896 1706 922; x_wconf 83' lang='lat' dir='ltr'><strong>omnino</strong></span> 
     </span>
    </p>
   </div>
   <div class='ocr_carea' id='block_1_50' title="bbox 916 938 1707 974">
    <p class='ocr_par' dir='ltr' id='par_1_50' title="bbox 916 938 1707 974">
     <span class='ocr_line' id='line_1_50' title="bbox 916 938 1707 974; baseline 0.005 -10"><span class='ocrx_word' id='word_1_374' title='bbox 916 938 996 972; x_wconf 86' lang='lat' dir='ltr'><strong>culpa</strong></span> <span class='ocrx_word' id='word_1_375' title='bbox 1011 945 1108 965; x_wconf 81' lang='lat' dir='ltr'><strong>vacare</strong></span> <span class='ocrx_word' id='word_1_376' title='bbox 1122 946 1128 964; x_wconf 88' lang='lat'>:</span> <span class='ocrx_word' id='word_1_377' title='bbox 1143 947 1151 963; x_wconf 86' lang='grc'><strong>(</strong></span> <span class='ocrx_word' id='word_1_378' title='bbox 1163 938 1248 965; x_wconf 90' lang='lat' dir='ltr'><strong>Nemo</strong></span> <span class='ocrx_word' id='word_1_379' title='bbox 1260 938 1333 965; x_wconf 89' lang='lat' dir='ltr'><strong>enim</strong></span> <span class='ocrx_word' id='word_1_380' title='bbox 1349 939 1468 966; x_wconf 89' lang='lat' dir='ltr'><strong>mundus</strong></span> <span class='ocrx_word' id='word_1_381' title='bbox 1484 947 1498 966; x_wconf 88' lang='lat' dir='ltr'><strong>a</strong></span> <span class='ocrx_word' id='word_1_382' title='bbox 1513 939 1593 967; x_wconf 87' lang='lat' dir='ltr'><strong>sorde</strong></span> <span class='ocrx_word' id='word_1_383' title='bbox 1602 941 1635 974; x_wconf 66' lang='grc' dir='ltr'><strong>θ’,</strong></span> <span class='ocrx_word' id='word_1_384' title='bbox 1653 951 1661 966; x_wconf 74' lang='grc' dir='ltr'><strong>ι</strong></span> <span class='ocrx_word' id='word_1_385' title='bbox 1676 947 1707 968; x_wconf 88' lang='lat' dir='ltr'><strong>ut</strong></span> 
     </span>
    </p>
   </div>
   <div class='ocr_carea' id='block_1_51' title="bbox 915 984 1706 1019">
    <p class='ocr_par' dir='ltr' id='par_1_51' title="bbox 915 984 1706 1019">
     <span class='ocr_line' id='line_1_51' title="bbox 915 984 1706 1019; baseline 0.006 -9"><span class='ocrx_word' id='word_1_386' title='bbox 915 984 1033 1011; x_wconf 79' lang='lat' dir='ltr'><strong>maxime</strong></span> <span class='ocrx_word' id='word_1_387' title='bbox 1060 984 1123 1019; x_wconf 88' lang='lat' dir='ltr'><strong>quis</strong></span> <span class='ocrx_word' id='word_1_388' title='bbox 1141 984 1213 1011; x_wconf 89' lang='lat' dir='ltr'><strong>inter</strong></span> <span class='ocrx_word' id='word_1_389' title='bbox 1231 985 1440 1019; x_wconf 80' lang='lat' dir='ltr'><strong>probatissimos</strong></span> <span class='ocrx_word' id='word_1_390' title='bbox 1467 986 1602 1014; x_wconf 80' lang='lat' dir='ltr'><strong>habeatur</strong></span> <span class='ocrx_word' id='word_1_391' title='bbox 1620 996 1627 1014; x_wconf 74' lang='grc' dir='ltr'><strong>ε</strong></span> <span class='ocrx_word' id='word_1_392' title='bbox 1660 988 1706 1015; x_wconf 88' lang='lat' dir='ltr'><strong>illa</strong></span> 
     </span>
    </p>
   </div>
   <div class='ocr_carea' id='block_1_52' title="bbox 916 1030 1706 1065">
    <p class='ocr_par' dir='ltr' id='par_1_52' title="bbox 916 1030 1706 1065">
     <span class='ocr_line' id='line_1_52' title="bbox 916 1030 1706 1065; baseline 0.006 -9"><span class='ocrx_word' id='word_1_393' title='bbox 916 1037 1034 1064; x_wconf 84' lang='lat' dir='ltr'><strong>namque</strong></span> <span class='ocrx_word' id='word_1_394' title='bbox 1048 1030 1169 1065; x_wconf 82' lang='lat' dir='ltr'><strong>perfecta</strong></span> <span class='ocrx_word' id='word_1_395' title='bbox 1181 1031 1310 1058; x_wconf 82' lang='lat' dir='ltr'><strong>sanctitas</strong></span> <span class='ocrx_word' id='word_1_396' title='bbox 1328 1031 1356 1058; x_wconf 93' lang='lat' dir='ltr'><strong>in</strong></span> <span class='ocrx_word' id='word_1_397' title='bbox 1374 1031 1497 1059; x_wconf 86' lang='lat' dir='ltr'><strong>futurum</strong></span> <span class='ocrx_word' id='word_1_398' title='bbox 1518 1033 1647 1061; x_wconf 57' lang='lat' dir='ltr'><strong>saeculum</strong></span> <span class='ocrx_word' id='word_1_399' title='bbox 1661 1041 1706 1061; x_wconf 88' lang='lat' dir='ltr'><strong>re—</strong></span> 
     </span>
    </p>
   </div>
   <div class='ocr_carea' id='block_1_53' title="bbox 916 1076 1705 1116">
    <p class='ocr_par' dir='ltr' id='par_1_53' title="bbox 916 1076 1705 1116">
     <span class='ocr_line' id='line_1_53' title="bbox 916 1076 1705 1116; baseline 0.006 -13"><span class='ocrx_word' id='word_1_400' title='bbox 916 1081 1022 1103; x_wconf 86' lang='lat' dir='ltr'><strong>servata</strong></span> <span class='ocrx_word' id='word_1_401' title='bbox 1034 1080 1084 1103; x_wconf 90' lang='lat' dir='ltr'><strong>est.</strong></span> <span class='ocrx_word' id='word_1_402' title='bbox 1098 1076 1184 1111; x_wconf 81' lang='lat' dir='ltr'><strong>igitur</strong></span> <span class='ocrx_word' id='word_1_403' title='bbox 1194 1081 1270 1104; x_wconf 77' lang='lat' dir='ltr'><strong>extra</strong></span> <span class='ocrx_word' id='word_1_404' title='bbox 1280 1081 1368 1104; x_wconf 85' lang='lat' dir='ltr'><strong>castra</strong></span> <span class='ocrx_word' id='word_1_405' title='bbox 1380 1077 1498 1105; x_wconf 89' lang='lat' dir='ltr'><strong>victores</strong></span> <span class='ocrx_word' id='word_1_406' title='bbox 1509 1079 1651 1107; x_wconf 87' lang='lat' dir='ltr'><strong>considere</strong></span> <span class='ocrx_word' id='word_1_407' title='bbox 1659 1081 1705 1116; x_wconf 89' lang='lat' dir='ltr'><strong>ju-</strong></span> 
     </span>
    </p>
   </div>
   <div class='ocr_carea' id='block_1_54' title="bbox 915 1121 1707 1158">
    <p class='ocr_par' dir='ltr' id='par_1_54' title="bbox 915 1121 1707 1158">
     <span class='ocr_line' id='line_1_54' title="bbox 915 1121 1707 1158; baseline 0.006 -10"><span class='ocrx_word' id='word_1_408' title='bbox 915 1121 972 1154; x_wconf 87' lang='lat' dir='ltr'><strong>bet,</strong></span> <span class='ocrx_word' id='word_1_409' title='bbox 989 1129 1091 1156; x_wconf 84' lang='lat' dir='ltr'><strong>eosque</strong></span> <span class='ocrx_word' id='word_1_410' title='bbox 1111 1122 1222 1149; x_wconf 87' lang='lat' dir='ltr'><strong>lustrari</strong></span> <span class='ocrx_word' id='word_1_411' title='bbox 1243 1126 1370 1157; x_wconf 77' lang='lat' dir='ltr'><strong>oportere</strong></span> <span class='ocrx_word' id='word_1_412' title='bbox 1387 1123 1476 1158; x_wconf 83' lang='lat' dir='ltr'><strong>inquit</strong></span> <span class='ocrx_word' id='word_1_413' title='bbox 1502 1125 1585 1152; x_wconf 86' lang='lat' dir='ltr'><strong>tertio</strong></span> <span class='ocrx_word' id='word_1_414' title='bbox 1611 1125 1655 1152; x_wconf 88' lang='lat' dir='ltr'><strong>die</strong></span> <span class='ocrx_word' id='word_1_415' title='bbox 1674 1133 1707 1153; x_wconf 87' lang='lat' dir='ltr'><strong>ac</strong></span> 
     </span>
    </p>
   </div>
   <div class='ocr_carea' id='block_1_55' title="bbox 916 1168 1705 1207">
    <p class='ocr_par' dir='ltr' id='par_1_55' title="bbox 916 1168 1705 1207">
     <span class='ocr_line' id='line_1_55' title="bbox 916 1168 1705 1207; baseline 0.005 -12"><span class='ocrx_word' id='word_1_416' title='bbox 916 1168 1042 1203; x_wconf 81' lang='lat' dir='ltr'><strong>septimo.</strong></span> <span class='ocrx_word' id='word_1_417' title='bbox 1054 1168 1093 1195; x_wconf 81' lang='lat' dir='ltr'><strong>Ac</strong></span> <span class='ocrx_word' id='word_1_418' title='bbox 1113 1168 1211 1195; x_wconf 87' lang='lat' dir='ltr'><strong>tertius</strong></span> <span class='ocrx_word' id='word_1_419' title='bbox 1222 1168 1331 1202; x_wconf 88' lang='lat' dir='ltr'><strong>quidem</strong></span> <span class='ocrx_word' id='word_1_420' title='bbox 1347 1168 1407 1196; x_wconf 88' lang='lat' dir='ltr'><strong>dies</strong></span> <span class='ocrx_word' id='word_1_421' title='bbox 1430 1173 1476 1196; x_wconf 87' lang='lat' dir='ltr'><strong>aut</strong></span> <span class='ocrx_word' id='word_1_422' title='bbox 1494 1171 1604 1198; x_wconf 89' lang='lat' dir='ltr'><strong>tertium</strong></span> <span class='ocrx_word' id='word_1_423' title='bbox 1619 1172 1705 1207; x_wconf 85' lang='lat' dir='ltr'><strong>signi-</strong></span> 
     </span>
    </p>
   </div>
   <div class='ocr_carea' id='block_1_56' title="bbox 916 1214 1706 1252">
    <p class='ocr_par' dir='ltr' id='par_1_56' title="bbox 916 1214 1706 1252">
     <span class='ocr_line' id='line_1_56' title="bbox 916 1214 1706 1252; baseline 0.005 -11"><span class='ocrx_word' id='word_1_424' title='bbox 916 1214 979 1242; x_wconf 82' lang='lat' dir='ltr'><strong>ﬁcat</strong></span> <span class='ocrx_word' id='word_1_425' title='bbox 997 1219 1115 1250; x_wconf 85' lang='lat' dir='ltr'><strong>tempus,</strong></span> <span class='ocrx_word' id='word_1_426' title='bbox 1133 1222 1188 1250; x_wconf 89' lang='lat' dir='ltr'><strong>quo</strong></span> <span class='ocrx_word' id='word_1_427' title='bbox 1205 1214 1249 1241; x_wconf 78' lang='lat' dir='ltr'><strong>illa</strong></span> <span class='ocrx_word' id='word_1_428' title='bbox 1268 1222 1317 1249; x_wconf 88' lang='lat' dir='ltr'><strong>per</strong></span> <span class='ocrx_word' id='word_1_429' title='bbox 1335 1214 1473 1242; x_wconf 82' lang='lat' dir='ltr'><strong>Christum</strong></span> <span class='ocrx_word' id='word_1_430' title='bbox 1488 1218 1614 1252; x_wconf 79' lang='lat' dir='ltr'><strong>purgatio</strong></span> <span class='ocrx_word' id='word_1_431' title='bbox 1635 1218 1706 1246; x_wconf 80' lang='lat' dir='ltr'><strong>facta</strong></span> 
     </span>
    </p>
   </div>
   <div class='ocr_carea' id='block_1_57' title="bbox 914 1260 1706 1298">
    <p class='ocr_par' dir='ltr' id='par_1_57' title="bbox 914 1260 1706 1298">
     <span class='ocr_line' id='line_1_57' title="bbox 914 1260 1706 1298; baseline 0.003 -10"><span class='ocrx_word' id='word_1_432' title='bbox 914 1263 967 1296; x_wconf 77' lang='lat' dir='ltr'><strong>est,</strong></span> <span class='ocrx_word' id='word_1_433' title='bbox 981 1264 1043 1296; x_wconf 90' lang='lat' dir='ltr'><strong>post</strong></span> <span class='ocrx_word' id='word_1_434' title='bbox 1059 1260 1141 1296; x_wconf 69' lang='lat' dir='ltr'><strong>Moysi</strong></span> <span class='ocrx_word' id='word_1_435' title='bbox 1159 1265 1277 1295; x_wconf 84' lang='lat' dir='ltr'><strong>tempus,</strong></span> <span class='ocrx_word' id='word_1_436' title='bbox 1293 1264 1322 1288; x_wconf 88' lang='lat' dir='ltr'><strong>et</strong></span> <span class='ocrx_word' id='word_1_437' title='bbox 1337 1265 1398 1295; x_wconf 86' lang='lat' dir='ltr'><strong>post</strong></span> <span class='ocrx_word' id='word_1_438' title='bbox 1416 1261 1483 1288; x_wconf 88' lang='lat' dir='ltr'><strong>illud</strong></span> <span class='ocrx_word' id='word_1_439' title='bbox 1501 1267 1632 1297; x_wconf 68' lang='lat' dir='ltr'><strong>praeterea</strong></span> <span class='ocrx_word' id='word_1_440' title='bbox 1651 1271 1706 1298; x_wconf 92' lang='lat' dir='ltr'><strong>quo</strong></span> 
     </span>
    </p>
   </div>
   <div class='ocr_carea' id='block_1_58' title="bbox 915 1307 1707 1345">
    <p class='ocr_par' dir='ltr' id='par_1_58' title="bbox 915 1307 1707 1345">
     <span class='ocr_line' id='line_1_58' title="bbox 915 1307 1707 1345; baseline 0.003 -10"><span class='ocrx_word' id='word_1_441' title='bbox 915 1307 1015 1335; x_wconf 86' lang='lat' dir='ltr'><strong>claruit</strong></span> <span class='ocrx_word' id='word_1_442' title='bbox 1028 1313 1183 1335; x_wconf 80' lang='lat' dir='ltr'><strong>sanctorum</strong></span> <span class='ocrx_word' id='word_1_443' title='bbox 1197 1307 1392 1342; x_wconf 87' lang='lat' dir='ltr'><strong>prophetarum</strong></span> <span class='ocrx_word' id='word_1_444' title='bbox 1404 1308 1518 1335; x_wconf 80' lang='lat' dir='ltr'><strong>chorus:</strong></span> <span class='ocrx_word' id='word_1_445' title='bbox 1536 1314 1583 1336; x_wconf 84' lang='lat' dir='ltr'><strong>aut</strong></span> <span class='ocrx_word' id='word_1_446' title='bbox 1598 1314 1707 1345; x_wconf 83' lang='lat' dir='ltr'><strong>tempus</strong></span> 
     </span>
    </p>
   </div>
   <div class='ocr_carea' id='block_1_59' title="bbox 915 1352 1706 1388">
    <p class='ocr_par' dir='ltr' id='par_1_59' title="bbox 915 1352 1706 1388">
     <span class='ocr_line' id='line_1_59' title="bbox 915 1352 1706 1388; baseline 0.005 -9"><span class='ocrx_word' id='word_1_447' title='bbox 915 1352 1146 1385; x_wconf 87' lang='lat' dir='ltr'><strong>resurrectionis,</strong></span> <span class='ocrx_word' id='word_1_448' title='bbox 1173 1359 1227 1388; x_wconf 89' lang='lat' dir='ltr'><strong>quo</strong></span> <span class='ocrx_word' id='word_1_449' title='bbox 1244 1353 1371 1381; x_wconf 86' lang='lat' dir='ltr'><strong>Christus</strong></span> <span class='ocrx_word' id='word_1_450' title='bbox 1392 1355 1507 1387; x_wconf 78' lang='lat' dir='ltr'><strong>revixit,</strong></span> <span class='ocrx_word' id='word_1_451' title='bbox 1523 1362 1586 1382; x_wconf 90' lang='lat' dir='ltr'><strong>cum</strong></span> <span class='ocrx_word' id='word_1_452' title='bbox 1605 1355 1706 1383; x_wconf 74' lang='lat' dir='ltr'><strong>alﬁxis-</strong></span> 
     </span>
    </p>
   </div>
   <div class='ocr_carea' id='block_1_60' title="bbox 916 1399 1706 1437">
    <p class='ocr_par' dir='ltr' id='par_1_60' title="bbox 916 1399 1706 1437">
     <span class='ocr_line' id='line_1_60' title="bbox 916 1399 1706 1437; baseline 0.001 -10"><span class='ocrx_word' id='word_1_453' title='bbox 916 1404 958 1427; x_wconf 90' lang='lat' dir='ltr'><strong>set</strong></span> <span class='ocrx_word' id='word_1_454' title='bbox 976 1400 1138 1427; x_wconf 72' lang='lat' dir='ltr'><strong>veneranda:</strong></span> <span class='ocrx_word' id='word_1_455' title='bbox 1156 1400 1231 1426; x_wconf 90' lang='lat' dir='ltr'><strong>cruci</strong></span> <span class='ocrx_word' id='word_1_456' title='bbox 1248 1399 1460 1437; x_wconf 78' lang='lat' dir='ltr'><strong>chirographum</strong></span> <span class='ocrx_word' id='word_1_457' title='bbox 1479 1401 1552 1436; x_wconf 87' lang='lat' dir='ltr'><strong>quod</strong></span> <span class='ocrx_word' id='word_1_458' title='bbox 1569 1406 1632 1428; x_wconf 81' lang='lat' dir='ltr'><strong>erat</strong></span> <span class='ocrx_word' id='word_1_459' title='bbox 1657 1402 1706 1428; x_wconf 88' lang='lat' dir='ltr'><strong>ad-</strong></span> 
     </span>
    </p>
   </div>
   <div class='ocr_carea' id='block_1_61' title="bbox 917 1445 1704 1482">
    <p class='ocr_par' dir='ltr' id='par_1_61' title="bbox 917 1445 1704 1482">
     <span class='ocr_line' id='line_1_61' title="bbox 917 1445 1704 1482; baseline 0.004 -11"><span class='ocrx_word' id='word_1_460' title='bbox 917 1452 1027 1472; x_wconf 83' lang='lat' dir='ltr'><strong>versum</strong></span> <span class='ocrx_word' id='word_1_461' title='bbox 1041 1452 1106 1477; x_wconf 87' lang='lat' dir='ltr'><strong>nos,</strong></span> <span class='ocrx_word' id='word_1_462' title='bbox 1122 1452 1154 1472; x_wconf 84' lang='lat' dir='ltr'><strong>ac</strong></span> <span class='ocrx_word' id='word_1_463' title='bbox 1167 1445 1333 1480; x_wconf 84' lang='lat' dir='ltr'><strong>passionem,</strong></span> <span class='ocrx_word' id='word_1_464' title='bbox 1350 1455 1410 1481; x_wconf 63' lang='lat' dir='ltr'><strong>qua:</strong></span> <span class='ocrx_word' id='word_1_465' title='bbox 1425 1451 1568 1482; x_wconf 86' lang='lat' dir='ltr'><strong>peccatum</strong></span> <span class='ocrx_word' id='word_1_466' title='bbox 1584 1447 1704 1478; x_wconf 81' lang='lat' dir='ltr'><strong>sustulit,</strong></span> 
     </span>
    </p>
   </div>
   <div class='ocr_carea' id='block_1_62' title="bbox 918 1491 1708 1528">
    <p class='ocr_par' dir='ltr' id='par_1_62' title="bbox 918 1491 1708 1528">
     <span class='ocr_line' id='line_1_62' title="bbox 918 1491 1708 1528; baseline 0.004 -11"><span class='ocrx_word' id='word_1_467' title='bbox 918 1491 1004 1518; x_wconf 90' lang='lat' dir='ltr'><strong>nostri</strong></span> <span class='ocrx_word' id='word_1_468' title='bbox 1022 1498 1104 1518; x_wconf 83' lang='lat' dir='ltr'><strong>causa</strong></span> <span class='ocrx_word' id='word_1_469' title='bbox 1126 1491 1265 1519; x_wconf 87' lang='lat' dir='ltr'><strong>subiissct.</strong></span> <span class='ocrx_word' id='word_1_470' title='bbox 1285 1492 1423 1527; x_wconf 83' lang='lat' dir='ltr'><strong>Septimus</strong></span> <span class='ocrx_word' id='word_1_471' title='bbox 1440 1501 1506 1520; x_wconf 83' lang='lat' dir='ltr'><strong>vero</strong></span> <span class='ocrx_word' id='word_1_472' title='bbox 1526 1493 1585 1520; x_wconf 89' lang='lat' dir='ltr'><strong>dies</strong></span> <span class='ocrx_word' id='word_1_473' title='bbox 1600 1497 1708 1528; x_wconf 87' lang='lat' dir='ltr'><strong>tempus</strong></span> 
     </span>
    </p>
   </div>
   <div class='ocr_carea' id='block_1_63' title="bbox 70 1536 864 1576">
    <p class='ocr_par' dir='ltr' id='par_1_63' title="bbox 70 1536 864 1576">
     <span class='ocr_line' id='line_1_63' title="bbox 70 1536 864 1576; baseline -0.006 -9"><span class='ocrx_word' id='word_1_474' title='bbox 70 1540 193 1576; x_wconf 79' lang='grc' dir='ltr'>εσόμεθα</span> <span class='ocrx_word' id='word_1_475' title='bbox 207 1540 247 1575; x_wconf 83' lang='grc' dir='ltr'>τῷ</span> <span class='ocrx_word' id='word_1_476' title='bbox 262 1538 383 1575; x_wconf 80' lang='grc' dir='ltr'>Χριστῷ,</span> <span class='ocrx_word' id='word_1_477' title='bbox 407 1537 530 1573; x_wconf 71' lang='grc' dir='ltr'>καθαρὰν</span> <span class='ocrx_word' id='word_1_478' title='bbox 555 1537 603 1564; x_wconf 75' lang='grc' dir='ltr'><strong>καὶ</strong></span> <span class='ocrx_word' id='word_1_479' title='bbox 619 1536 786 1572; x_wconf 76' lang='grc' dir='ltr'>ἡγνισμένην</span> <span class='ocrx_word' id='word_1_480' title='bbox 796 1557 804 1569; x_wconf 93' lang='grc'><strong>,</strong></span> <span class='ocrx_word' id='word_1_481' title='bbox 819 1536 864 1563; x_wconf 78' lang='grc' dir='ltr'><strong>καὶ</strong></span> 
     </span>
    </p>
   </div>
   <div class='ocr_carea' id='block_1_64' title="bbox 918 1536 1706 1576">
    <p class='ocr_par' dir='ltr' id='par_1_64' title="bbox 918 1536 1706 1573">
     <span class='ocr_line' id='line_1_64' title="bbox 918 1536 1706 1573; baseline 0.001 -10"><span class='ocrx_word' id='word_1_482' title='bbox 918 1536 986 1564; x_wconf 88' lang='lat' dir='ltr'><strong>illud</strong></span> <span class='ocrx_word' id='word_1_483' title='bbox 998 1537 1071 1571; x_wconf 89' lang='lat' dir='ltr'><strong>quod</strong></span> <span class='ocrx_word' id='word_1_484' title='bbox 1082 1537 1135 1564; x_wconf 87' lang='lat' dir='ltr'><strong>erit</strong></span> <span class='ocrx_word' id='word_1_485' title='bbox 1151 1537 1179 1564; x_wconf 93' lang='lat' dir='ltr'><strong>in</strong></span> <span class='ocrx_word' id='word_1_486' title='bbox 1195 1539 1430 1566; x_wconf 87' lang='lat' dir='ltr'><strong>consummatione</strong></span> <span class='ocrx_word' id='word_1_487' title='bbox 1442 1539 1584 1573; x_wconf 62' lang='lat' dir='ltr'><strong>praesentis</strong></span> <span class='ocrx_word' id='word_1_488' title='bbox 1603 1538 1706 1569; x_wconf 64' lang='lat' dir='ltr'><strong>seculi,</strong></span> 
     </span>
    </p>
   </div>
   <div class='ocr_carea' id='block_1_65' title="bbox 73 1581 834 1622">
    <p class='ocr_par' dir='ltr' id='par_1_65' title="bbox 73 1581 834 1622">
     <span class='ocr_line' id='line_1_65' title="bbox 73 1581 834 1622; baseline -0.008 -8"><span class='ocrx_word' id='word_1_489' title='bbox 73 1587 103 1613; x_wconf 79' lang='grc' dir='ltr'><strong>ἒν</strong></span> <span class='ocrx_word' id='word_1_490' title='bbox 120 1586 307 1622; x_wconf 80' lang='grc' dir='ltr'>μακαριότητι</span> <span class='ocrx_word' id='word_1_491' title='bbox 325 1586 357 1620; x_wconf 85' lang='grc' dir='ltr'>τῇ</span> <span class='ocrx_word' id='word_1_492' title='bbox 375 1583 447 1611; x_wconf 69' lang='grc' dir='ltr'>κατὰ</span> <span class='ocrx_word' id='word_1_493' title='bbox 466 1583 583 1618; x_wconf 74' lang='grc' dir='ltr'>Χριστὸν</span> <span class='ocrx_word' id='word_1_494' title='bbox 599 1582 737 1617; x_wconf 75' lang='grc' dir='ltr'>τρίϐοντες</span> <span class='ocrx_word' id='word_1_495' title='bbox 750 1581 834 1617; x_wconf 80' lang='grc' dir='ltr'>ζωήν.</span> 
     </span>
    </p>
   </div>
   <div class='ocr_carea' id='block_1_66' title="bbox 923 1582 1708 1620">
    <p class='ocr_par' dir='ltr' id='par_1_66' title="bbox 923 1582 1708 1620">
     <span class='ocr_line' id='line_1_66' title="bbox 923 1582 1708 1620; baseline 0.001 -11"><span class='ocrx_word' id='word_1_496' title='bbox 923 1589 974 1610; x_wconf 91' lang='lat' dir='ltr'><strong>nos</strong></span> <span class='ocrx_word' id='word_1_497' title='bbox 993 1582 1122 1610; x_wconf 87' lang='lat' dir='ltr'><strong>admonet</strong></span> <span class='ocrx_word' id='word_1_498' title='bbox 1135 1582 1307 1619; x_wconf 82' lang='lat' dir='ltr'><strong>intelligere;</strong></span> <span class='ocrx_word' id='word_1_499' title='bbox 1326 1592 1399 1616; x_wconf 90' lang='lat' dir='ltr'><strong>cum,</strong></span> <span class='ocrx_word' id='word_1_500' title='bbox 1416 1585 1490 1612; x_wconf 90' lang='lat' dir='ltr'><strong>omni</strong></span> <span class='ocrx_word' id='word_1_501' title='bbox 1502 1593 1536 1612; x_wconf 71' lang='lat' dir='ltr'><strong>ex</strong></span> <span class='ocrx_word' id='word_1_502' title='bbox 1555 1589 1633 1620; x_wconf 85' lang='lat' dir='ltr'><strong>parte</strong></span> <span class='ocrx_word' id='word_1_503' title='bbox 1648 1592 1708 1611; x_wconf 85' lang='lat' dir='ltr'><strong>sar-</strong></span> 
     </span>
    </p>
   </div>
   <div class='ocr_carea' id='block_1_67' title="bbox 68 1627 1706 1667">
    <p class='ocr_par' dir='ltr' id='par_1_67' title="bbox 68 1627 1706 1667">
     <span class='ocr_line' id='line_1_67' title="bbox 68 1627 1706 1667; baseline -0.001 -7"><span class='ocrx_word' id='word_1_504' title='bbox 68 1633 135 1661; x_wconf 84' lang='lat' dir='ltr'><strong>cina</strong></span> <span class='ocrx_word' id='word_1_505' title='bbox 162 1636 340 1667; x_wconf 87' lang='lat' dir='ltr'><strong>peccatorum</strong></span> <span class='ocrx_word' id='word_1_506' title='bbox 361 1638 491 1663; x_wconf 74' lang='lat' dir='ltr'><strong>excussa,</strong></span> <span class='ocrx_word' id='word_1_507' title='bbox 510 1636 645 1657; x_wconf 84' lang='lat' dir='ltr'><strong>summam</strong></span> <span class='ocrx_word' id='word_1_508' title='bbox 668 1629 724 1664; x_wconf 81' lang='lat' dir='ltr'><strong>jam</strong></span> <span class='ocrx_word' id='word_1_509' title='bbox 750 1627 993 1656; x_wconf 77' lang='lat' dir='ltr'><strong>sanctiﬁcationcm</strong></span> <span class='ocrx_word' id='word_1_510' title='bbox 1017 1630 1146 1662; x_wconf 84' lang='lat' dir='ltr'><strong>assecuti,</strong></span> <span class='ocrx_word' id='word_1_511' title='bbox 1178 1630 1258 1657; x_wconf 86' lang='lat' dir='ltr'><strong>simul</strong></span> <span class='ocrx_word' id='word_1_512' title='bbox 1278 1638 1340 1658; x_wconf 89' lang='lat' dir='ltr'><strong>cum</strong></span> <span class='ocrx_word' id='word_1_513' title='bbox 1359 1630 1467 1659; x_wconf 86' lang='lat' dir='ltr'><strong>Christo</strong></span> <span class='ocrx_word' id='word_1_514' title='bbox 1497 1632 1611 1664; x_wconf 85' lang='lat' dir='ltr'><strong>erimus,</strong></span> <span class='ocrx_word' id='word_1_515' title='bbox 1633 1637 1661 1659; x_wconf 87' lang='lat' dir='ltr'><strong>et</strong></span> <span class='ocrx_word' id='word_1_516' title='bbox 1680 1633 1706 1660; x_wconf 88' lang='lat' dir='ltr'><strong>in</strong></span> 
     </span>
    </p>
   </div>
   <div class='ocr_carea' id='block_1_68' title="bbox 68 1674 1315 1715">
    <p class='ocr_par' dir='ltr' id='par_1_68' title="bbox 68 1674 1315 1715">
     <span class='ocr_line' id='line_1_68' title="bbox 68 1674 1315 1715; baseline -0.002 -10"><span class='ocrx_word' id='word_1_517' title='bbox 68 1678 266 1715; x_wconf 78' lang='lat' dir='ltr'><strong>purgatissima</strong></span> <span class='ocrx_word' id='word_1_518' title='bbox 283 1678 329 1705; x_wconf 88' lang='lat' dir='ltr'><strong>illa</strong></span> <span class='ocrx_word' id='word_1_519' title='bbox 344 1676 579 1711; x_wconf 87' lang='lat' dir='ltr'><strong>mundissimaque</strong></span> <span class='ocrx_word' id='word_1_520' title='bbox 594 1675 661 1706; x_wconf 85' lang='lat' dir='ltr'><strong>vita,</strong></span> <span class='ocrx_word' id='word_1_521' title='bbox 673 1678 700 1701; x_wconf 88' lang='lat' dir='ltr'><strong>et</strong></span> <span class='ocrx_word' id='word_1_522' title='bbox 712 1674 761 1701; x_wconf 90' lang='lat' dir='ltr'><strong>Dci</strong></span> <span class='ocrx_word' id='word_1_523' title='bbox 779 1674 949 1703; x_wconf 86' lang='lat' dir='ltr'><strong>beatitudine</strong></span> <span class='ocrx_word' id='word_1_524' title='bbox 962 1675 1119 1703; x_wconf 84' lang='lat' dir='ltr'><strong>felicissima</strong></span> <span class='ocrx_word' id='word_1_525' title='bbox 1131 1676 1315 1704; x_wconf 83' lang='lat' dir='ltr'><strong>versabimur.</strong></span> 
     </span>
    </p>
   </div>
   <div class='ocr_carea' id='block_1_69' title="bbox 105 1721 716 1759">
    <p class='ocr_par' dir='ltr' id='par_1_69' title="bbox 105 1721 716 1759">
     <span class='ocr_line' id='line_1_69' title="bbox 105 1721 716 1759; baseline -0.008 -7"><span class='ocrx_word' id='word_1_526' title='bbox 105 1725 213 1752; x_wconf 76' lang='grc' dir='ltr'><strong>ῙΙΛΛΛ.</strong></span> <span class='ocrx_word' id='word_1_527' title='bbox 230 1721 266 1750; x_wconf 83' lang='grc' dir='ltr'><strong>Εὖ</strong></span> <span class='ocrx_word' id='word_1_528' title='bbox 279 1723 346 1759; x_wconf 70' lang='grc' dir='ltr'>ἔχει,</span> <span class='ocrx_word' id='word_1_529' title='bbox 364 1723 435 1750; x_wconf 71' lang='grc' dir='ltr'>κατά</span> <span class='ocrx_word' id='word_1_530' title='bbox 448 1731 479 1757; x_wconf 85' lang='grc' dir='ltr'><strong>γε</strong></span> <span class='ocrx_word' id='word_1_531' title='bbox 494 1722 523 1748; x_wconf 80' lang='grc' dir='ltr'>τὺ</span> <span class='ocrx_word' id='word_1_532' title='bbox 538 1722 599 1757; x_wconf 69' lang='grc' dir='ltr'>ἐμοὶ</span> <span class='ocrx_word' id='word_1_533' title='bbox 612 1721 716 1748; x_wconf 76' lang='grc' dir='ltr'>δοκοῦν.</span> 
     </span>
    </p>
   </div>
   <div class='ocr_carea' id='block_1_70' title="bbox 106 1810 863 1849">
    <p class='ocr_par' dir='ltr' id='par_1_70' title="bbox 106 1810 863 1849">
     <span class='ocr_line' id='line_1_70' title="bbox 106 1810 863 1849; baseline -0.007 -7"><span class='ocrx_word' id='word_1_534' title='bbox 106 1815 191 1842; x_wconf 74' lang='grc' dir='ltr'><strong>ΚΥΡ.</strong></span> <span class='ocrx_word' id='word_1_535' title='bbox 215 1813 376 1849; x_wconf 81' lang='grc' dir='ltr'>Θαυμάσαις</span> <span class='ocrx_word' id='word_1_536' title='bbox 398 1813 420 1839; x_wconf 77' lang='grc' dir='ltr'>δ’</span> <span class='ocrx_word' id='word_1_537' title='bbox 440 1812 472 1838; x_wconf 83' lang='grc' dir='ltr'>ἂν</span> <span class='ocrx_word' id='word_1_538' title='bbox 488 1812 535 1838; x_wconf 65' lang='grc' dir='ltr'>καὶ</span> <span class='ocrx_word' id='word_1_539' title='bbox 559 1812 626 1847; x_wconf 82' lang='grc' dir='ltr'>πρὸς</span> <span class='ocrx_word' id='word_1_540' title='bbox 641 1811 748 1842; x_wconf 80' lang='grc' dir='ltr'>τούτοις</span> <span class='ocrx_word' id='word_1_541' title='bbox 772 1811 811 1837; x_wconf 69' lang='grc' dir='ltr'>ἔτι</span> <span class='ocrx_word' id='word_1_542' title='bbox 834 1810 863 1837; x_wconf 80' lang='grc' dir='ltr'><strong>τὸ</strong></span> 
     </span>
    </p>
   </div>
   <div class='ocr_carea' id='block_1_71' title="bbox 70 1855 864 1894">
    <p class='ocr_par' dir='ltr' id='par_1_71' title="bbox 70 1855 864 1894">
     <span class='ocr_line' id='line_1_71' title="bbox 70 1855 864 1894; baseline -0.006 -8"><span class='ocrx_word' id='word_1_543' title='bbox 70 1859 172 1894; x_wconf 70' lang='grc' dir='ltr'>ἑφεξῆς</span> <span class='ocrx_word' id='word_1_544' title='bbox 183 1859 344 1894; x_wconf 75' lang='grc' dir='ltr'>μυστήριοψ</span> <span class='ocrx_word' id='word_1_545' title='bbox 359 1857 509 1893; x_wconf 73' lang='grc' dir='ltr'>διαδέχεται</span> <span class='ocrx_word' id='word_1_546' title='bbox 520 1856 574 1893; x_wconf 86' lang='grc' dir='ltr'><strong>γὰρ</strong></span> <span class='ocrx_word' id='word_1_547' title='bbox 586 1857 667 1888; x_wconf 81' lang='grc' dir='ltr'>εὐθὺς</span> <span class='ocrx_word' id='word_1_548' title='bbox 680 1856 729 1891; x_wconf 81' lang='grc' dir='ltr'>τὴν</span> <span class='ocrx_word' id='word_1_549' title='bbox 743 1855 864 1887; x_wconf 81' lang='grc' dir='ltr'><strong>Μωσέως</strong></span> 
     </span>
    </p>
   </div>
   <div class='ocr_carea' id='block_1_72' title="bbox 70 1901 865 1940">
    <p class='ocr_par' dir='ltr' id='par_1_72' title="bbox 70 1901 865 1940">
     <span class='ocr_line' id='line_1_72' title="bbox 70 1901 865 1940; baseline -0.006 -8"><span class='ocrx_word' id='word_1_550' title='bbox 70 1906 168 1932; x_wconf 77' lang='grc' dir='ltr'>λαλιὰν</span> <span class='ocrx_word' id='word_1_551' title='bbox 188 1904 322 1940; x_wconf 81' lang='grc' dir='ltr'>Ἐλεάζαρ</span> <span class='ocrx_word' id='word_1_552' title='bbox 336 1904 351 1930; x_wconf 84' lang='grc' dir='ltr'><strong>ὁ</strong></span> <span class='ocrx_word' id='word_1_553' title='bbox 362 1904 460 1939; x_wconf 77' lang='grc' dir='ltr'>ἱερεὺς,</span> <span class='ocrx_word' id='word_1_554' title='bbox 473 1903 519 1930; x_wconf 82' lang='grc' dir='ltr'><strong>καί</strong></span> <span class='ocrx_word' id='word_1_555' title='bbox 531 1911 596 1938; x_wconf 78' lang='grc' dir='ltr'>φησι</span> <span class='ocrx_word' id='word_1_556' title='bbox 608 1903 676 1938; x_wconf 74' lang='grc' dir='ltr'>πρὸς</span> <span class='ocrx_word' id='word_1_557' title='bbox 691 1903 754 1933; x_wconf 77' lang='grc' dir='ltr'>τοὺς</span> <span class='ocrx_word' id='word_1_558' title='bbox 765 1901 865 1937; x_wconf 79' lang='grc' dir='ltr'>ἄνδρας</span> 
     </span>
    </p>
   </div>
   <div class='ocr_carea' id='block_1_73' title="bbox 71 1947 866 1986">
    <p class='ocr_par' dir='ltr' id='par_1_73' title="bbox 71 1947 866 1986">
     <span class='ocr_line' id='line_1_73' title="bbox 71 1947 866 1986; baseline -0.006 -9"><span class='ocrx_word' id='word_1_559' title='bbox 71 1952 125 1986; x_wconf 78' lang='grc' dir='ltr'>τῆς</span> <span class='ocrx_word' id='word_1_560' title='bbox 141 1951 286 1985; x_wconf 83' lang='grc' dir='ltr'>δυνάμεως</span> <span class='ocrx_word' id='word_1_561' title='bbox 303 1949 366 1981; x_wconf 73' lang='grc' dir='ltr'>τοὺς</span> <span class='ocrx_word' id='word_1_562' title='bbox 387 1948 550 1984; x_wconf 74' lang='grc' dir='ltr'>ἐρχομένους</span> <span class='ocrx_word' id='word_1_563' title='bbox 574 1949 606 1974; x_wconf 76' lang='grc' dir='ltr'>ἐκ</span> <span class='ocrx_word' id='word_1_564' title='bbox 622 1949 670 1983; x_wconf 85' lang='grc' dir='ltr'><strong>τῆς</strong></span> <span class='ocrx_word' id='word_1_565' title='bbox 687 1947 866 1982; x_wconf 79' lang='grc' dir='ltr'>παρατάξεως</span> 
     </span>
    </p>
   </div>
   <div class='ocr_carea' id='block_1_74' title="bbox 72 1993 865 2032">
    <p class='ocr_par' dir='ltr' id='par_1_74' title="bbox 72 1993 865 2032">
     <span class='ocr_line' id='line_1_74' title="bbox 72 1993 865 2032; baseline -0.006 -8"><span class='ocrx_word' id='word_1_566' title='bbox 72 1998 118 2025; x_wconf 80' lang='grc' dir='ltr'>τοῦ</span> <span class='ocrx_word' id='word_1_567' title='bbox 134 1997 256 2032; x_wconf 76' lang='grc' dir='ltr'>πολέμου</span> <span class='ocrx_word' id='word_1_568' title='bbox 267 2006 274 2012; x_wconf 83' lang='grc'><strong>·</strong></span> <span class='ocrx_word' id='word_1_569' title='bbox 288 2007 297 2023; x_wconf 77' lang='grc' dir='ltr'><strong>ι</strong></span> <span class='ocrx_word' id='word_1_570' title='bbox 314 1996 399 2023; x_wconf 85' lang='grc' dir='ltr'>Τοῦτο</span> <span class='ocrx_word' id='word_1_571' title='bbox 411 1995 440 2022; x_wconf 76' lang='grc' dir='ltr'><strong>τὸ</strong></span> <span class='ocrx_word' id='word_1_572' title='bbox 452 1995 588 2030; x_wconf 78' lang='grc' dir='ltr'>δικαίωμα</span> <span class='ocrx_word' id='word_1_573' title='bbox 600 1994 647 2021; x_wconf 81' lang='grc' dir='ltr'>τοῦ</span> <span class='ocrx_word' id='word_1_574' title='bbox 660 1994 743 2029; x_wconf 79' lang='grc' dir='ltr'>νόμου</span> <span class='ocrx_word' id='word_1_575' title='bbox 757 1993 786 2019; x_wconf 71' lang='grc' dir='ltr'><strong>ὃν</strong></span> <span class='ocrx_word' id='word_1_576' title='bbox 803 2001 865 2019; x_wconf 83' lang='grc' dir='ltr'>συν-</span> 
     </span>
    </p>
   </div>
   <div class='ocr_carea' id='block_1_75' title="bbox 71 2038 865 2080">
    <p class='ocr_par' dir='ltr' id='par_1_75' title="bbox 71 2038 865 2080">
     <span class='ocr_line' id='line_1_75' title="bbox 71 2038 865 2080; baseline -0.009 -8"><span class='ocrx_word' id='word_1_577' title='bbox 71 2045 150 2078; x_wconf 80' lang='grc' dir='ltr'>έταξε</span> <span class='ocrx_word' id='word_1_578' title='bbox 166 2044 271 2080; x_wconf 80' lang='grc' dir='ltr'>Κύριος</span> <span class='ocrx_word' id='word_1_579' title='bbox 290 2043 330 2078; x_wconf 83' lang='grc' dir='ltr'>τῷ</span> <span class='ocrx_word' id='word_1_580' title='bbox 345 2043 443 2078; x_wconf 66' lang='lat' dir='ltr'><strong>Mus-ﬁ,</strong></span> <span class='ocrx_word' id='word_1_581' title='bbox 465 2042 535 2077; x_wconf 81' lang='grc' dir='ltr'>πλὴν</span> <span class='ocrx_word' id='word_1_582' title='bbox 557 2040 604 2067; x_wconf 74' lang='grc' dir='ltr'>τοῦ</span> <span class='ocrx_word' id='word_1_583' title='bbox 618 2041 730 2075; x_wconf 77' lang='grc' dir='ltr'>χρυσίου</span> <span class='ocrx_word' id='word_1_584' title='bbox 748 2040 795 2066; x_wconf 60' lang='grc' dir='ltr'><strong>καλ</strong></span> <span class='ocrx_word' id='word_1_585' title='bbox 819 2038 865 2065; x_wconf 80' lang='grc' dir='ltr'>τοῦ</span> 
     </span>
    </p>
   </div>
   <div class='ocr_carea' id='block_1_76' title="bbox 71 2084 867 2127">
    <p class='ocr_par' dir='ltr' id='par_1_76' title="bbox 71 2084 867 2127">
     <span class='ocr_line' id='line_1_76' title="bbox 71 2084 867 2127; baseline -0.01 -9"><span class='ocrx_word' id='word_1_586' title='bbox 71 2090 217 2127; x_wconf 83' lang='grc' dir='ltr'>ἀργυρίου,</span> <span class='ocrx_word' id='word_1_587' title='bbox 235 2089 282 2116; x_wconf 74' lang='grc' dir='ltr'><strong>καὶ</strong></span> <span class='ocrx_word' id='word_1_588' title='bbox 293 2088 404 2124; x_wconf 85' lang='grc' dir='ltr'>χαλκοῦ,</span> <span class='ocrx_word' id='word_1_589' title='bbox 416 2088 463 2114; x_wconf 80' lang='grc' dir='ltr'><strong>καὶ</strong></span> <span class='ocrx_word' id='word_1_590' title='bbox 475 2087 595 2122; x_wconf 78' lang='grc' dir='ltr'>σιδήρου,</span> <span class='ocrx_word' id='word_1_591' title='bbox 608 2086 656 2113; x_wconf 85' lang='grc' dir='ltr'><strong>καὶ</strong></span> <span class='ocrx_word' id='word_1_592' title='bbox 669 2086 804 2120; x_wconf 74' lang='grc' dir='ltr'>μολίϐδου,</span> <span class='ocrx_word' id='word_1_593' title='bbox 820 2084 867 2112; x_wconf 73' lang='grc' dir='ltr'><strong>καὶ</strong></span> 
     </span>
    </p>
   </div>
   <div class='ocr_carea' id='block_1_77' title="bbox 72 2131 868 2173">
    <p class='ocr_par' dir='ltr' id='par_1_77' title="bbox 72 2131 868 2173">
     <span class='ocr_line' id='line_1_77' title="bbox 72 2131 868 2173; baseline -0.009 -9"><span class='ocrx_word' id='word_1_594' title='bbox 72 2136 253 2173; x_wconf 78' lang='grc' dir='ltr'>κασσιτέρου,</span> <span class='ocrx_word' id='word_1_595' title='bbox 271 2136 326 2162; x_wconf 76' lang='grc' dir='ltr'><strong>πᾶν</strong></span> <span class='ocrx_word' id='word_1_596' title='bbox 344 2135 459 2170; x_wconf 83' lang='grc' dir='ltr'>πρᾶγμα</span> <span class='ocrx_word' id='word_1_597' title='bbox 472 2134 486 2160; x_wconf 80' lang='grc' dir='ltr'><strong>ὃ</strong></span> <span class='ocrx_word' id='word_1_598' title='bbox 505 2133 671 2164; x_wconf 76' lang='grc' dir='ltr'>διελεύσεται</span> <span class='ocrx_word' id='word_1_599' title='bbox 691 2133 720 2159; x_wconf 84' lang='grc' dir='ltr'>ὲν</span> <span class='ocrx_word' id='word_1_600' title='bbox 742 2132 808 2166; x_wconf 70' lang='grc' dir='ltr'>πυρὶ</span> <span class='ocrx_word' id='word_1_601' title='bbox 821 2131 868 2158; x_wconf 70' lang='grc' dir='ltr'>καὶ</span> 
     </span>
    </p>
   </div>
   <div class='ocr_carea' id='block_1_78' title="bbox 72 2177 869 2218">
    <p class='ocr_par' dir='ltr' id='par_1_78' title="bbox 72 2177 869 2218">
     <span class='ocr_line' id='line_1_78' title="bbox 72 2177 869 2218; baseline -0.01 -8"><span class='ocrx_word' id='word_1_602' title='bbox 72 2182 328 2218; x_wconf 79' lang='grc' dir='ltr'>καθαρισθήσεται,</span> <span class='ocrx_word' id='word_1_603' title='bbox 351 2180 407 2207; x_wconf 78' lang='grc' dir='ltr'>ἀλλ’</span> <span class='ocrx_word' id='word_1_604' title='bbox 422 2179 438 2215; x_wconf 81' lang='grc' dir='ltr'>ἢ</span> <span class='ocrx_word' id='word_1_605' title='bbox 453 2179 491 2215; x_wconf 82' lang='grc' dir='ltr'>τῷ</span> <span class='ocrx_word' id='word_1_606' title='bbox 507 2179 584 2206; x_wconf 81' lang='grc' dir='ltr'>ὕδατι</span> <span class='ocrx_word' id='word_1_607' title='bbox 600 2178 648 2204; x_wconf 77' lang='grc' dir='ltr'>τοῦ</span> <span class='ocrx_word' id='word_1_608' title='bbox 671 2177 804 2212; x_wconf 76' lang='grc' dir='ltr'>ἁγνισμοῦ</span> <span class='ocrx_word' id='word_1_609' title='bbox 821 2177 869 2211; x_wconf 73' lang='grc' dir='ltr'><strong>αγ-</strong></span> 
     </span>
    </p>
   </div>
   <div class='ocr_carea' id='block_1_79' title="bbox 72 2222 871 2262">
    <p class='ocr_par' dir='ltr' id='par_1_79' title="bbox 72 2222 871 2262">
     <span class='ocr_line' id='line_1_79' title="bbox 72 2222 871 2262; baseline -0.006 -9"><span class='ocrx_word' id='word_1_610' title='bbox 72 2227 232 2262; x_wconf 81' lang='grc' dir='ltr'>νισθήσεται</span> <span class='ocrx_word' id='word_1_611' title='bbox 247 2234 253 2240; x_wconf 91' lang='grc'>·</span> <span class='ocrx_word' id='word_1_612' title='bbox 278 2227 325 2252; x_wconf 76' lang='grc' dir='ltr'>καὶ</span> <span class='ocrx_word' id='word_1_613' title='bbox 347 2225 435 2251; x_wconf 76' lang='grc' dir='ltr'>πάντα</span> <span class='ocrx_word' id='word_1_614' title='bbox 455 2225 505 2251; x_wconf 80' lang='grc' dir='ltr'>ὅσα</span> <span class='ocrx_word' id='word_1_615' title='bbox 533 2223 569 2259; x_wconf 88' lang='grc' dir='ltr'>μὴ</span> <span class='ocrx_word' id='word_1_616' title='bbox 595 2223 802 2259; x_wconf 81' lang='grc' dir='ltr'>διαπορεύσεται</span> <span class='ocrx_word' id='word_1_617' title='bbox 827 2222 871 2249; x_wconf 74' lang='grc' dir='ltr'>διὰ</span> 
     </span>
    </p>
   </div>
   <div class='ocr_carea' id='block_1_80' title="bbox 74 2268 870 2308">
    <p class='ocr_par' dir='ltr' id='par_1_80' title="bbox 74 2268 870 2308">
     <span class='ocr_line' id='line_1_80' title="bbox 74 2268 870 2308; baseline -0.006 -9"><span class='ocrx_word' id='word_1_618' title='bbox 74 2273 171 2308; x_wconf 79' lang='grc' dir='ltr'>πυρὸς,</span> <span class='ocrx_word' id='word_1_619' title='bbox 190 2271 356 2299; x_wconf 81' lang='grc' dir='ltr'>διελεύσεται</span> <span class='ocrx_word' id='word_1_620' title='bbox 376 2271 408 2298; x_wconf 81' lang='grc' dir='ltr'>δι’</span> <span class='ocrx_word' id='word_1_621' title='bbox 428 2270 524 2302; x_wconf 80' lang='grc' dir='ltr'>ὕδατος</span> <span class='ocrx_word' id='word_1_622' title='bbox 539 2278 545 2285; x_wconf 89' lang='grc'><strong>·</strong></span> <span class='ocrx_word' id='word_1_623' title='bbox 560 2270 607 2296; x_wconf 65' lang='grc' dir='ltr'><strong>καὶ</strong></span> <span class='ocrx_word' id='word_1_624' title='bbox 619 2270 743 2296; x_wconf 85' lang='grc' dir='ltr'>πλυνεῖτε</span> <span class='ocrx_word' id='word_1_625' title='bbox 758 2268 792 2295; x_wconf 79' lang='grc' dir='ltr'>τὰ</span> <span class='ocrx_word' id='word_1_626' title='bbox 810 2268 870 2303; x_wconf 76' lang='grc' dir='ltr'>ἱμά-</span> 
     </span>
    </p>
   </div>
   <div class='ocr_carea' id='block_1_81' title="bbox 72 2315 873 2354">
    <p class='ocr_par' dir='ltr' id='par_1_81' title="bbox 72 2315 873 2354">
     <span class='ocr_line' id='line_1_81' title="bbox 72 2315 873 2354; baseline -0.006 -8"><span class='ocrx_word' id='word_1_627' title='bbox 72 2328 116 2347; x_wconf 79' lang='grc' dir='ltr'><strong>τια</strong></span> <span class='ocrx_word' id='word_1_628' title='bbox 125 2320 205 2354; x_wconf 81' lang='grc' dir='ltr'>ὑμῶν</span> <span class='ocrx_word' id='word_1_629' title='bbox 213 2320 246 2354; x_wconf 86' lang='grc' dir='ltr'><strong>τῇ</strong></span> <span class='ocrx_word' id='word_1_630' title='bbox 255 2319 345 2354; x_wconf 75' lang='grc' dir='ltr'>ἡμέρᾳ</span> <span class='ocrx_word' id='word_1_631' title='bbox 354 2319 385 2353; x_wconf 85' lang='grc' dir='ltr'>τῇ</span> <span class='ocrx_word' id='word_1_632' title='bbox 395 2317 506 2354; x_wconf 76' lang='grc' dir='ltr'>ἑϐδόμῃ,</span> <span class='ocrx_word' id='word_1_633' title='bbox 515 2317 562 2343; x_wconf 74' lang='grc' dir='ltr'><strong>καὶ</strong></span> <span class='ocrx_word' id='word_1_634' title='bbox 572 2316 814 2351; x_wconf 80' lang='grc' dir='ltr'>καθαρισοήσεσθε,</span> <span class='ocrx_word' id='word_1_635' title='bbox 826 2315 873 2341; x_wconf 67' lang='grc' dir='ltr'>καὶ</span> 
     </span>
    </p>
   </div>
   <div class='ocr_carea' id='block_1_82' title="bbox 951 1722 1707 1759">
    <p class='ocr_par' dir='ltr' id='par_1_82' title="bbox 951 1722 1707 1759">
     <span class='ocr_line' id='line_1_82' title="bbox 951 1722 1707 1759; baseline 0.004 -10"><span class='ocrx_word' id='word_1_636' title='bbox 951 1722 1050 1750; x_wconf 88' lang='lat' dir='ltr'><strong>PALL.</strong></span> <span class='ocrx_word' id='word_1_637' title='bbox 1060 1722 1133 1750; x_wconf 85' lang='lat' dir='ltr'><strong>Bene</strong></span> <span class='ocrx_word' id='word_1_638' title='bbox 1156 1730 1184 1750; x_wconf 87' lang='lat' dir='ltr'><strong>se</strong></span> <span class='ocrx_word' id='word_1_639' title='bbox 1201 1723 1285 1750; x_wconf 87' lang='lat' dir='ltr'><strong>habet</strong></span> <span class='ocrx_word' id='word_1_640' title='bbox 1300 1724 1398 1756; x_wconf 91' lang='lat' dir='ltr'><strong>oratio,</strong></span> <span class='ocrx_word' id='word_1_641' title='bbox 1409 1727 1439 1751; x_wconf 90' lang='lat' dir='ltr'><strong>ut</strong></span> <span class='ocrx_word' id='word_1_642' title='bbox 1452 1724 1519 1750; x_wconf 93' lang='lat' dir='ltr'><strong>mihi</strong></span> <span class='ocrx_word' id='word_1_643' title='bbox 1536 1725 1647 1759; x_wconf 86' lang='lat' dir='ltr'><strong>quidem</strong></span> <span class='ocrx_word' id='word_1_644' title='bbox 1663 1725 1707 1752; x_wconf 85' lang='lat' dir='ltr'><strong>vi—</strong></span> 
     </span>
    </p>
   </div>
   <div class='ocr_carea' id='block_1_83' title="bbox 916 1765 1005 1795">
    <p class='ocr_par' dir='ltr' id='par_1_83' title="bbox 916 1765 1005 1795">
     <span class='ocr_line' id='line_1_83' title="bbox 916 1765 1005 1795; baseline -0.011 0"><span class='ocrx_word' id='word_1_645' title='bbox 916 1765 1005 1795; x_wconf 87' lang='lat' dir='ltr'><strong>detur.</strong></span> 
     </span>
    </p>
   </div>
   <div class='ocr_carea' id='block_1_84' title="bbox 950 1812 1707 1851">
    <p class='ocr_par' dir='ltr' id='par_1_84' title="bbox 950 1812 1707 1851">
     <span class='ocr_line' id='line_1_84' title="bbox 950 1812 1707 1851; baseline 0.003 -9"><span class='ocrx_word' id='word_1_646' title='bbox 950 1812 1028 1842; x_wconf 78' lang='lat' dir='ltr'><strong>CYR.</strong></span> <span class='ocrx_word' id='word_1_647' title='bbox 1041 1813 1079 1841; x_wconf 78' lang='lat' dir='ltr'><strong>Ad</strong></span> <span class='ocrx_word' id='word_1_648' title='bbox 1091 1814 1148 1841; x_wconf 60' lang='lat' dir='ltr'><strong>haec</strong></span> <span class='ocrx_word' id='word_1_649' title='bbox 1164 1815 1323 1850; x_wconf 86' lang='lat' dir='ltr'><strong>mysterium</strong></span> <span class='ocrx_word' id='word_1_650' title='bbox 1338 1814 1411 1850; x_wconf 89' lang='lat' dir='ltr'><strong>quod</strong></span> <span class='ocrx_word' id='word_1_651' title='bbox 1428 1816 1558 1843; x_wconf 90' lang='lat' dir='ltr'><strong>continuo</strong></span> <span class='ocrx_word' id='word_1_652' title='bbox 1572 1816 1707 1851; x_wconf 79' lang='lat' dir='ltr'><strong>sequitur,</strong></span> 
     </span>
    </p>
   </div>
   <div class='ocr_carea' id='block_1_85' title="bbox 916 1859 1710 1898">
    <p class='ocr_par' dir='ltr' id='par_1_85' title="bbox 916 1859 1710 1898">
     <span class='ocr_line' id='line_1_85' title="bbox 916 1859 1710 1898; baseline 0.005 -12"><span class='ocrx_word' id='word_1_653' title='bbox 916 1859 1038 1895; x_wconf 78' lang='lat' dir='ltr'><strong>profecto</strong></span> <span class='ocrx_word' id='word_1_654' title='bbox 1052 1860 1187 1887; x_wconf 90' lang='lat' dir='ltr'><strong>mirabere</strong></span> <span class='ocrx_word' id='word_1_655' title='bbox 1200 1869 1206 1886; x_wconf 67' lang='grc' dir='ltr'>π</span> <span class='ocrx_word' id='word_1_656' title='bbox 1218 1861 1320 1895; x_wconf 81' lang='lat' dir='ltr'><strong>excipit</strong></span> <span class='ocrx_word' id='word_1_657' title='bbox 1337 1861 1410 1888; x_wconf 91' lang='lat' dir='ltr'><strong>enim</strong></span> <span class='ocrx_word' id='word_1_658' title='bbox 1423 1861 1498 1889; x_wconf 89' lang='lat' dir='ltr'><strong>illico</strong></span> <span class='ocrx_word' id='word_1_659' title='bbox 1505 1862 1588 1898; x_wconf 82' lang='lat' dir='ltr'><strong>Moysi</strong></span> <span class='ocrx_word' id='word_1_660' title='bbox 1600 1870 1710 1890; x_wconf 86' lang='lat' dir='ltr'><strong>sermo-</strong></span> 
     </span>
    </p>
   </div>
   <div class='ocr_carea' id='block_1_86' title="bbox 917 1906 1706 1944">
    <p class='ocr_par' dir='ltr' id='par_1_86' title="bbox 917 1906 1706 1944">
     <span class='ocr_line' id='line_1_86' title="bbox 917 1906 1706 1944; baseline 0.004 -11"><span class='ocrx_word' id='word_1_661' title='bbox 917 1914 979 1933; x_wconf 88' lang='lat' dir='ltr'><strong>nem</strong></span> <span class='ocrx_word' id='word_1_662' title='bbox 993 1906 1120 1933; x_wconf 88' lang='lat' dir='ltr'><strong>sacerdos</strong></span> <span class='ocrx_word' id='word_1_663' title='bbox 1135 1906 1257 1939; x_wconf 86' lang='lat' dir='ltr'><strong>Eleazar,</strong></span> <span class='ocrx_word' id='word_1_664' title='bbox 1277 1911 1305 1935; x_wconf 89' lang='lat' dir='ltr'><strong>et</strong></span> <span class='ocrx_word' id='word_1_665' title='bbox 1322 1908 1360 1935; x_wconf 88' lang='lat' dir='ltr'><strong>ait</strong></span> <span class='ocrx_word' id='word_1_666' title='bbox 1372 1908 1406 1935; x_wconf 89' lang='lat' dir='ltr'><strong>ad</strong></span> <span class='ocrx_word' id='word_1_667' title='bbox 1422 1909 1496 1936; x_wconf 81' lang='lat' dir='ltr'><strong>viros</strong></span> <span class='ocrx_word' id='word_1_668' title='bbox 1511 1910 1648 1937; x_wconf 75' lang='lat' dir='ltr'><strong>exercitus</strong></span> <span class='ocrx_word' id='word_1_669' title='bbox 1659 1910 1706 1944; x_wconf 89' lang='lat' dir='ltr'><strong>qui</strong></span> 
     </span>
    </p>
   </div>
   <div class='ocr_carea' id='block_1_87' title="bbox 917 1949 1708 1989">
    <p class='ocr_par' dir='ltr' id='par_1_87' title="bbox 917 1949 1708 1989">
     <span class='ocr_line' id='line_1_87' title="bbox 917 1949 1708 1989; baseline 0.009 -15"><span class='ocrx_word' id='word_1_670' title='bbox 917 1949 1064 1976; x_wconf 86' lang='lat' dir='ltr'><strong>veniebant</strong></span> <span class='ocrx_word' id='word_1_671' title='bbox 1087 1957 1120 1977; x_wconf 78' lang='lat' dir='ltr'><strong>ex</strong></span> <span class='ocrx_word' id='word_1_672' title='bbox 1139 1950 1197 1977; x_wconf 86' lang='lat' dir='ltr'><strong>acie</strong></span> <span class='ocrx_word' id='word_1_673' title='bbox 1211 1950 1294 1978; x_wconf 88' lang='lat' dir='ltr'><strong>belli:</strong></span> <span class='ocrx_word' id='word_1_674' title='bbox 1320 1961 1329 1976; x_wconf 90' lang='grc'><strong><em>‹</em></strong></span> <span class='ocrx_word' id='word_1_675' title='bbox 1348 1952 1445 1979; x_wconf 89' lang='lat' dir='ltr'><strong>Nonne</strong></span> <span class='ocrx_word' id='word_1_676' title='bbox 1472 1953 1530 1980; x_wconf 79' lang='lat' dir='ltr'><strong>haec</strong></span> <span class='ocrx_word' id='word_1_677' title='bbox 1547 1958 1589 1980; x_wconf 89' lang='lat' dir='ltr'><strong>est</strong></span> <span class='ocrx_word' id='word_1_678' title='bbox 1605 1953 1708 1989; x_wconf 79' lang='lat' dir='ltr'><strong>justiti-</strong></span> 
     </span>
    </p>
   </div>
   <div class='ocr_carea' id='block_1_88' title="bbox 918 1995 1709 2036">
    <p class='ocr_par' dir='ltr' id='par_1_88' title="bbox 918 1995 1709 2036">
     <span class='ocr_line' id='line_1_88' title="bbox 918 1995 1709 2036; baseline 0.008 -14"><span class='ocrx_word' id='word_1_679' title='bbox 918 1995 989 2023; x_wconf 91' lang='lat' dir='ltr'><strong>catio</strong></span> <span class='ocrx_word' id='word_1_680' title='bbox 1001 1997 1069 2031; x_wconf 82' lang='lat' dir='ltr'><strong>legis</strong></span> <span class='ocrx_word' id='word_1_681' title='bbox 1080 2004 1162 2031; x_wconf 86' lang='lat' dir='ltr'><strong>quam</strong></span> <span class='ocrx_word' id='word_1_682' title='bbox 1181 1998 1311 2032; x_wconf 70' lang='lat' dir='ltr'><strong>prmecpit</strong></span> <span class='ocrx_word' id='word_1_683' title='bbox 1333 1999 1467 2026; x_wconf 87' lang='lat' dir='ltr'><strong>Dominus</strong></span> <span class='ocrx_word' id='word_1_684' title='bbox 1479 2000 1586 2035; x_wconf 77' lang='lat' dir='ltr'><strong>Moysi?</strong></span> <span class='ocrx_word' id='word_1_685' title='bbox 1608 2006 1709 2036; x_wconf 65' lang='lat' dir='ltr'><strong>printer</strong></span> 
     </span>
    </p>
   </div>
   <div class='ocr_carea' id='block_1_89' title="bbox 919 2044 1709 2081">
    <p class='ocr_par' dir='ltr' id='par_1_89' title="bbox 919 2044 1709 2081">
     <span class='ocr_line' id='line_1_89' title="bbox 919 2044 1709 2081; baseline 0.006 -13"><span class='ocrx_word' id='word_1_686' title='bbox 919 2049 1026 2074; x_wconf 85' lang='lat' dir='ltr'><strong>aurum,</strong></span> <span class='ocrx_word' id='word_1_687' title='bbox 1038 2046 1066 2069; x_wconf 90' lang='lat' dir='ltr'><strong>et</strong></span> <span class='ocrx_word' id='word_1_688' title='bbox 1079 2047 1233 2078; x_wconf 77' lang='lat' dir='ltr'><strong>argentum,</strong></span> <span class='ocrx_word' id='word_1_689' title='bbox 1250 2047 1277 2070; x_wconf 90' lang='lat' dir='ltr'><strong>et</strong></span> <span class='ocrx_word' id='word_1_690' title='bbox 1287 2051 1334 2076; x_wconf 72' lang='lat' dir='ltr'><strong>tes,</strong></span> <span class='ocrx_word' id='word_1_691' title='bbox 1350 2048 1378 2071; x_wconf 88' lang='lat' dir='ltr'><strong>et</strong></span> <span class='ocrx_word' id='word_1_692' title='bbox 1393 2044 1506 2078; x_wconf 84' lang='lat' dir='ltr'><strong>ferrum,</strong></span> <span class='ocrx_word' id='word_1_693' title='bbox 1522 2049 1550 2073; x_wconf 87' lang='lat' dir='ltr'><strong>et</strong></span> <span class='ocrx_word' id='word_1_694' title='bbox 1567 2046 1709 2081; x_wconf 88' lang='lat' dir='ltr'><strong>plumbum</strong></span> 
     </span>
    </p>
   </div>
   <div class='ocr_carea' id='block_1_90' title="bbox 919 2089 1711 2126">
    <p class='ocr_par' dir='ltr' id='par_1_90' title="bbox 919 2089 1711 2126">
     <span class='ocr_line' id='line_1_90' title="bbox 919 2089 1711 2126; baseline 0.006 -12"><span class='ocrx_word' id='word_1_695' title='bbox 919 2091 945 2114; x_wconf 88' lang='lat' dir='ltr'><strong>et</strong></span> <span class='ocrx_word' id='word_1_696' title='bbox 959 2091 1099 2120; x_wconf 88' lang='lat' dir='ltr'><strong>stannum,</strong></span> <span class='ocrx_word' id='word_1_697' title='bbox 1123 2089 1212 2116; x_wconf 88' lang='lat' dir='ltr'><strong>omnis</strong></span> <span class='ocrx_word' id='word_1_698' title='bbox 1233 2097 1278 2116; x_wconf 89' lang='lat' dir='ltr'><strong>res</strong></span> <span class='ocrx_word' id='word_1_699' title='bbox 1290 2098 1352 2124; x_wconf 73' lang='lat' dir='ltr'><strong>qum</strong></span> <span class='ocrx_word' id='word_1_700' title='bbox 1370 2091 1498 2118; x_wconf 88' lang='lat' dir='ltr'><strong>transibit</strong></span> <span class='ocrx_word' id='word_1_701' title='bbox 1513 2091 1541 2118; x_wconf 92' lang='lat' dir='ltr'><strong>in</strong></span> <span class='ocrx_word' id='word_1_702' title='bbox 1561 2091 1634 2126; x_wconf 85' lang='lat' dir='ltr'><strong>igne,</strong></span> <span class='ocrx_word' id='word_1_703' title='bbox 1657 2091 1711 2119; x_wconf 83' lang='lat' dir='ltr'><strong>du-</strong></span> 
     </span>
    </p>
   </div>
   <div class='ocr_carea' id='block_1_91' title="bbox 920 2133 1709 2173">
    <p class='ocr_par' dir='ltr' id='par_1_91' title="bbox 920 2133 1709 2173">
     <span class='ocr_line' id='line_1_91' title="bbox 920 2133 1709 2173; baseline 0.008 -14"><span class='ocrx_word' id='word_1_704' title='bbox 920 2137 997 2160; x_wconf 89' lang='lat' dir='ltr'><strong>cetur</strong></span> <span class='ocrx_word' id='word_1_705' title='bbox 1012 2138 1061 2168; x_wconf 88' lang='lat' dir='ltr'><strong>per</strong></span> <span class='ocrx_word' id='word_1_706' title='bbox 1076 2133 1165 2168; x_wconf 81' lang='lat' dir='ltr'><strong>ignem</strong></span> <span class='ocrx_word' id='word_1_707' title='bbox 1184 2138 1212 2161; x_wconf 89' lang='lat' dir='ltr'><strong>et</strong></span> <span class='ocrx_word' id='word_1_708' title='bbox 1235 2136 1408 2170; x_wconf 82' lang='lat' dir='ltr'><strong>purgabitur,</strong></span> <span class='ocrx_word' id='word_1_709' title='bbox 1423 2141 1472 2163; x_wconf 89' lang='lat' dir='ltr'><strong>aut</strong></span> <span class='ocrx_word' id='word_1_710' title='bbox 1490 2144 1560 2172; x_wconf 87' lang='lat' dir='ltr'><strong>aqua</strong></span> <span class='ocrx_word' id='word_1_711' title='bbox 1573 2138 1709 2173; x_wconf 75' lang='lat' dir='ltr'><strong>expiatio-</strong></span> 
     </span>
    </p>
   </div>
   <div class='ocr_carea' id='block_1_92' title="bbox 920 2179 1711 2219">
    <p class='ocr_par' dir='ltr' id='par_1_92' title="bbox 920 2179 1711 2219">
     <span class='ocr_line' id='line_1_92' title="bbox 920 2179 1711 2219; baseline 0.008 -14"><span class='ocrx_word' id='word_1_712' title='bbox 920 2179 963 2206; x_wconf 89' lang='lat' dir='ltr'><strong>nis</strong></span> <span class='ocrx_word' id='word_1_713' title='bbox 982 2180 1136 2214; x_wconf 86' lang='lat' dir='ltr'><strong>expiabitur</strong></span> <span class='ocrx_word' id='word_1_714' title='bbox 1157 2189 1162 2207; x_wconf 95' lang='lat'>:</span> <span class='ocrx_word' id='word_1_715' title='bbox 1183 2185 1210 2207; x_wconf 89' lang='lat' dir='ltr'><strong>et</strong></span> <span class='ocrx_word' id='word_1_716' title='bbox 1232 2182 1323 2208; x_wconf 89' lang='lat' dir='ltr'><strong>omnia</strong></span> <span class='ocrx_word' id='word_1_717' title='bbox 1343 2190 1403 2216; x_wconf 84' lang='lat' dir='ltr'><strong>quae</strong></span> <span class='ocrx_word' id='word_1_718' title='bbox 1424 2190 1478 2210; x_wconf 89' lang='lat' dir='ltr'><strong>non</strong></span> <span class='ocrx_word' id='word_1_719' title='bbox 1500 2187 1643 2211; x_wconf 86' lang='lat' dir='ltr'><strong>transeunt</strong></span> <span class='ocrx_word' id='word_1_720' title='bbox 1662 2193 1711 2219; x_wconf 79' lang='lat' dir='ltr'><strong>per</strong></span> 
     </span>
    </p>
   </div>
   <div class='ocr_carea' id='block_1_93' title="bbox 922 2223 1709 2261">
    <p class='ocr_par' dir='ltr' id='par_1_93' title="bbox 922 2223 1709 2261">
     <span class='ocr_line' id='line_1_93' title="bbox 922 2223 1709 2261; baseline 0.008 -11"><span class='ocrx_word' id='word_1_721' title='bbox 922 2223 1012 2259; x_wconf 84' lang='lat' dir='ltr'><strong>ignem</strong></span> <span class='ocrx_word' id='word_1_722' title='bbox 1037 2225 1190 2252; x_wconf 87' lang='lat' dir='ltr'><strong>transibunt</strong></span> <span class='ocrx_word' id='word_1_723' title='bbox 1215 2234 1264 2261; x_wconf 89' lang='lat' dir='ltr'><strong>per</strong></span> <span class='ocrx_word' id='word_1_724' title='bbox 1286 2234 1406 2261; x_wconf 84' lang='lat' dir='ltr'><strong>aquam:</strong></span> <span class='ocrx_word' id='word_1_725' title='bbox 1424 2231 1452 2254; x_wconf 88' lang='lat' dir='ltr'><strong>et</strong></span> <span class='ocrx_word' id='word_1_726' title='bbox 1479 2228 1606 2255; x_wconf 86' lang='lat' dir='ltr'><strong>lavabitis</strong></span> <span class='ocrx_word' id='word_1_727' title='bbox 1626 2230 1709 2256; x_wconf 87' lang='lat' dir='ltr'><strong>vesti—</strong></span> 
     </span>
    </p>
   </div>
   <div class='ocr_carea' id='block_1_94' title="bbox 923 2271 1711 2310">
    <p class='ocr_par' dir='ltr' id='par_1_94' title="bbox 923 2271 1711 2310">
     <span class='ocr_line' id='line_1_94' title="bbox 923 2271 1711 2310; baseline 0.008 -14"><span class='ocrx_word' id='word_1_728' title='bbox 923 2274 1014 2297; x_wconf 84' lang='lat' dir='ltr'><strong>menta</strong></span> <span class='ocrx_word' id='word_1_729' title='bbox 1031 2274 1122 2298; x_wconf 84' lang='lat' dir='ltr'><strong>vestra</strong></span> <span class='ocrx_word' id='word_1_730' title='bbox 1140 2271 1183 2298; x_wconf 84' lang='lat' dir='ltr'><strong>die</strong></span> <span class='ocrx_word' id='word_1_731' title='bbox 1198 2272 1322 2307; x_wconf 86' lang='lat' dir='ltr'><strong>septima,</strong></span> <span class='ocrx_word' id='word_1_732' title='bbox 1334 2276 1362 2299; x_wconf 91' lang='lat' dir='ltr'><strong>et</strong></span> <span class='ocrx_word' id='word_1_733' title='bbox 1379 2272 1590 2307; x_wconf 84' lang='lat' dir='ltr'><strong>mundabimini,</strong></span> <span class='ocrx_word' id='word_1_734' title='bbox 1611 2279 1711 2310; x_wconf 86' lang='lat' dir='ltr'><strong>etpost</strong></span> 
     </span>
    </p>
   </div>
   <div class='ocr_carea' id='block_1_95' title="bbox 924 2316 1710 2354">
    <p class='ocr_par' dir='ltr' id='par_1_95' title="bbox 924 2316 1710 2354">
     <span class='ocr_line' id='line_1_95' title="bbox 924 2316 1710 2354; baseline 0.006 -11"><span class='ocrx_word' id='word_1_735' title='bbox 924 2316 981 2344; x_wconf 67' lang='lat' dir='ltr'><strong>haec</strong></span> <span class='ocrx_word' id='word_1_736' title='bbox 992 2317 1138 2344; x_wconf 89' lang='lat' dir='ltr'><strong>introibitis</strong></span> <span class='ocrx_word' id='word_1_737' title='bbox 1148 2317 1175 2344; x_wconf 94' lang='lat' dir='ltr'><strong>in</strong></span> <span class='ocrx_word' id='word_1_738' title='bbox 1187 2322 1274 2345; x_wconf 85' lang='lat' dir='ltr'><strong>castra</strong></span> <span class='ocrx_word' id='word_1_739' title='bbox 1284 2319 1331 2345; x_wconf 64' lang='lat'><strong>9°.»</strong></span> <span class='ocrx_word' id='word_1_740' title='bbox 1345 2319 1413 2346; x_wconf 88' lang='lat' dir='ltr'><strong>Illud</strong></span> <span class='ocrx_word' id='word_1_741' title='bbox 1424 2319 1506 2354; x_wconf 81' lang='lat' dir='ltr'><strong>igitur</strong></span> <span class='ocrx_word' id='word_1_742' title='bbox 1524 2319 1653 2348; x_wconf 85' lang='lat' dir='ltr'><strong>observes</strong></span> <span class='ocrx_word' id='word_1_743' title='bbox 1662 2329 1710 2348; x_wconf 84' lang='lat' dir='ltr'><strong>ve-</strong></span> 
     </span>
    </p>
   </div>
   <div class='ocr_carea' id='block_1_96' title="bbox 75 2355 864 2401">
    <p class='ocr_par' dir='ltr' id='par_1_96' title="bbox 75 2361 864 2401">
     <span class='ocr_line' id='line_1_96' title="bbox 75 2361 864 2401; baseline -0.009 -8"><span class='ocrx_word' id='word_1_744' title='bbox 75 2366 144 2401; x_wconf 80' lang='grc' dir='ltr'>μετὰ</span> <span class='ocrx_word' id='word_1_745' title='bbox 154 2365 243 2392; x_wconf 72' lang='grc' dir='ltr'>ταῦτα</span> <span class='ocrx_word' id='word_1_746' title='bbox 255 2364 440 2391; x_wconf 79' lang='grc' dir='ltr'>είσελεύσεσθε</span> <span class='ocrx_word' id='word_1_747' title='bbox 451 2365 489 2395; x_wconf 86' lang='grc' dir='ltr'>εἰς</span> <span class='ocrx_word' id='word_1_748' title='bbox 497 2361 547 2398; x_wconf 84' lang='grc' dir='ltr'>τὴν</span> <span class='ocrx_word' id='word_1_749' title='bbox 558 2362 745 2398; x_wconf 77' lang='grc' dir='ltr'>παρεμϐολήν.</span> <span class='ocrx_word' id='word_1_750' title='bbox 763 2371 772 2386; x_wconf 75' lang='grc' dir='ltr'><strong>ι</strong></span> <span class='ocrx_word' id='word_1_751' title='bbox 794 2361 864 2387; x_wconf 77' lang='grc' dir='ltr'><strong>Ἐπι⁴</strong></span> 
     </span>
    </p>
   </div>
   <div class='ocr_carea' id='block_1_97' title="bbox 918 2355 1709 2401">
    <p class='ocr_par' dir='ltr' id='par_1_97' title="bbox 918 2361 1709 2400">
     <span class='ocr_line' id='line_1_97' title="bbox 918 2361 1709 2400; baseline 0.006 -12"><span class='ocrx_word' id='word_1_752' title='bbox 918 2361 975 2393; x_wconf 90' lang='lat' dir='ltr'><strong>lim,</strong></span> <span class='ocrx_word' id='word_1_753' title='bbox 993 2362 1101 2398; x_wconf 84' lang='lat' dir='ltr'><strong>Moysen</strong></span> <span class='ocrx_word' id='word_1_754' title='bbox 1127 2363 1204 2397; x_wconf 91' lang='lat' dir='ltr'><strong>prius</strong></span> <span class='ocrx_word' id='word_1_755' title='bbox 1226 2364 1379 2391; x_wconf 87' lang='lat' dir='ltr'><strong>victoribus</strong></span> <span class='ocrx_word' id='word_1_756' title='bbox 1396 2368 1504 2398; x_wconf 82' lang='lat' dir='ltr'><strong>tempus</strong></span> <span class='ocrx_word' id='word_1_757' title='bbox 1524 2365 1634 2399; x_wconf 90' lang='lat' dir='ltr'><strong>quidem</strong></span> <span class='ocrx_word' id='word_1_758' title='bbox 1654 2374 1709 2400; x_wconf 90' lang='lat' dir='ltr'><strong>quo</strong></span> 
     </span>
    </p>
   </div>
   <div class='ocr_carea' id='block_1_98' title="bbox 72 2406 867 2448">
    <p class='ocr_par' dir='ltr' id='par_1_98' title="bbox 72 2406 867 2448">
     <span class='ocr_line' id='line_1_98' title="bbox 72 2406 867 2448; baseline -0.008 -10"><span class='ocrx_word' id='word_1_759' title='bbox 72 2412 193 2448; x_wconf 77' lang='grc' dir='ltr'>τήρησον</span> <span class='ocrx_word' id='word_1_760' title='bbox 203 2412 244 2438; x_wconf 84' lang='grc' dir='ltr'>ὅτι</span> <span class='ocrx_word' id='word_1_761' title='bbox 257 2410 360 2445; x_wconf 78' lang='grc' dir='ltr'>Μωσῆς</span> <span class='ocrx_word' id='word_1_762' title='bbox 374 2410 423 2446; x_wconf 77' lang='grc' dir='ltr'>μὲν</span> <span class='ocrx_word' id='word_1_763' title='bbox 448 2410 580 2446; x_wconf 82' lang='grc' dir='ltr'>πρότερος</span> <span class='ocrx_word' id='word_1_764' title='bbox 588 2409 643 2440; x_wconf 83' lang='grc' dir='ltr'>τοῖς</span> <span class='ocrx_word' id='word_1_765' title='bbox 655 2407 810 2443; x_wconf 71' lang='grc' dir='ltr'>νενικηκόσι</span> <span class='ocrx_word' id='word_1_766' title='bbox 824 2406 867 2433; x_wconf 68' lang='grc' dir='ltr'><strong>τὸν</strong></span> 
     </span>
    </p>
   </div>
   <div class='ocr_carea' id='block_1_99' title="bbox 73 2453 868 2493">
    <p class='ocr_par' dir='ltr' id='par_1_99' title="bbox 73 2453 868 2493">
     <span class='ocr_line' id='line_1_99' title="bbox 73 2453 868 2493; baseline -0.008 -8"><span class='ocrx_word' id='word_1_767' title='bbox 73 2458 120 2486; x_wconf 77' lang='grc' dir='ltr'>τοῦ</span> <span class='ocrx_word' id='word_1_768' title='bbox 136 2457 335 2493; x_wconf 82' lang='grc' dir='ltr'>διασμήχεσθαι</span> <span class='ocrx_word' id='word_1_769' title='bbox 344 2456 491 2492; x_wconf 80' lang='grc' dir='ltr'>κατεδήλου</span> <span class='ocrx_word' id='word_1_770' title='bbox 501 2455 608 2491; x_wconf 69' lang='grc' dir='ltr'>καιρὺν,</span> <span class='ocrx_word' id='word_1_771' title='bbox 620 2455 710 2481; x_wconf 74' lang='grc' dir='ltr'>οὐκέτι</span> <span class='ocrx_word' id='word_1_772' title='bbox 724 2454 751 2480; x_wconf 82' lang='grc' dir='ltr'>δὲ</span> <span class='ocrx_word' id='word_1_773' title='bbox 762 2454 809 2480; x_wconf 71' lang='grc' dir='ltr'><strong>καὶ</strong></span> <span class='ocrx_word' id='word_1_774' title='bbox 823 2453 868 2480; x_wconf 71' lang='grc' dir='ltr'>τὸν</span> 
     </span>
    </p>
   </div>
   <div class='ocr_carea' id='block_1_100' title="bbox 73 2498 868 2541">
    <p class='ocr_par' dir='ltr' id='par_1_100' title="bbox 73 2498 868 2541">
     <span class='ocr_line' id='line_1_100' title="bbox 73 2498 868 2541; baseline -0.009 -10"><span class='ocrx_word' id='word_1_775' title='bbox 73 2504 185 2541; x_wconf 84' lang='grc' dir='ltr'>τρόπον.</span> <span class='ocrx_word' id='word_1_776' title='bbox 198 2502 441 2540; x_wconf 79' lang='grc' dir='ltr'>Προανακηρύττει</span> <span class='ocrx_word' id='word_1_777' title='bbox 450 2502 502 2537; x_wconf 81' lang='grc' dir='ltr'>γὰρ</span> <span class='ocrx_word' id='word_1_778' title='bbox 512 2501 526 2527; x_wconf 79' lang='grc' dir='ltr'><strong>ὁ</strong></span> <span class='ocrx_word' id='word_1_779' title='bbox 539 2501 620 2536; x_wconf 82' lang='grc' dir='ltr'>νόμος</span> <span class='ocrx_word' id='word_1_780' title='bbox 634 2499 683 2535; x_wconf 78' lang='grc' dir='ltr'>τῆς</span> <span class='ocrx_word' id='word_1_781' title='bbox 693 2499 737 2525; x_wconf 81' lang='grc' dir='ltr'>διὰ</span> <span class='ocrx_word' id='word_1_782' title='bbox 750 2498 868 2534; x_wconf 80' lang='grc' dir='ltr'>Χριστοῦ</span> 
     </span>
    </p>
   </div>
   <div class='ocr_carea' id='block_1_101' title="bbox 74 2545 867 2585">
    <p class='ocr_par' dir='ltr' id='par_1_101' title="bbox 74 2545 867 2585">
     <span class='ocr_line' id='line_1_101' title="bbox 74 2545 867 2585; baseline -0.008 -8"><span class='ocrx_word' id='word_1_783' title='bbox 74 2550 238 2585; x_wconf 78' lang='grc' dir='ltr'>καθάρσεως</span> <span class='ocrx_word' id='word_1_784' title='bbox 248 2548 294 2576; x_wconf 80' lang='grc' dir='ltr'>τὸν</span> <span class='ocrx_word' id='word_1_785' title='bbox 310 2549 420 2584; x_wconf 75' lang='grc' dir='ltr'>καιρόνο</span> <span class='ocrx_word' id='word_1_786' title='bbox 437 2547 562 2583; x_wconf 81' lang='grc' dir='ltr'>δεύτερος</span> <span class='ocrx_word' id='word_1_787' title='bbox 575 2546 602 2573; x_wconf 81' lang='grc' dir='ltr'>δὲ</span> <span class='ocrx_word' id='word_1_788' title='bbox 616 2546 663 2573; x_wconf 82' lang='grc' dir='ltr'>καὶ</span> <span class='ocrx_word' id='word_1_789' title='bbox 676 2545 745 2582; x_wconf 85' lang='grc' dir='ltr'>μετὰ</span> <span class='ocrx_word' id='word_1_790' title='bbox 765 2545 867 2572; x_wconf 82' lang='grc' dir='ltr'>Μωσέα</span> 
     </span>
    </p>
   </div>
   <div class='ocr_carea' id='block_1_102' title="bbox 77 2591 864 2632">
    <p class='ocr_par' dir='ltr' id='par_1_102' title="bbox 77 2591 864 2632">
     <span class='ocr_line' id='line_1_102' title="bbox 77 2591 864 2632; baseline -0.008 -9"><span class='ocrx_word' id='word_1_791' title='bbox 77 2595 314 2632; x_wconf 74' lang='grc' dir='ltr'>προσπεφώνηκεν</span> <span class='ocrx_word' id='word_1_792' title='bbox 337 2596 351 2622; x_wconf 88' lang='grc' dir='ltr'><strong>ὀ</strong></span> <span class='ocrx_word' id='word_1_793' title='bbox 375 2595 481 2630; x_wconf 72' lang='grc' dir='ltr'>ἱερεὺς,</span> <span class='ocrx_word' id='word_1_794' title='bbox 508 2593 659 2625; x_wconf 79' lang='grc' dir='ltr'>τουτέστιν,</span> <span class='ocrx_word' id='word_1_795' title='bbox 685 2593 699 2619; x_wconf 85' lang='grc' dir='ltr'>ὁ</span> <span class='ocrx_word' id='word_1_796' title='bbox 721 2591 864 2626; x_wconf 78' lang='grc' dir='ltr'>Ἐλεάζαρ.</span> 
     </span>
    </p>
   </div>
   <div class='ocr_carea' id='block_1_103' title="bbox 77 2635 866 2676">
    <p class='ocr_par' dir='ltr' id='par_1_103' title="bbox 77 2635 866 2676">
     <span class='ocr_line' id='line_1_103' title="bbox 77 2635 866 2676; baseline -0.009 -8"><span class='ocrx_word' id='word_1_797' title='bbox 77 2641 218 2668; x_wconf 84' lang='grc' dir='ltr'>Διατάττει</span> <span class='ocrx_word' id='word_1_798' title='bbox 235 2640 285 2676; x_wconf 75' lang='grc' dir='ltr'>μὲν</span> <span class='ocrx_word' id='word_1_799' title='bbox 301 2640 356 2675; x_wconf 83' lang='grc' dir='ltr'><strong>γὰρ</strong></span> <span class='ocrx_word' id='word_1_800' title='bbox 378 2640 447 2675; x_wconf 82' lang='grc' dir='ltr'>μετὰ.</span> <span class='ocrx_word' id='word_1_801' title='bbox 466 2639 568 2666; x_wconf 80' lang='grc' dir='ltr'>Μωσέα</span> <span class='ocrx_word' id='word_1_802' title='bbox 593 2637 729 2674; x_wconf 78' lang='grc' dir='ltr'>Χριστὸς,</span> <span class='ocrx_word' id='word_1_803' title='bbox 751 2636 798 2662; x_wconf 73' lang='grc' dir='ltr'>καὶ</span> <span class='ocrx_word' id='word_1_804' title='bbox 820 2635 866 2662; x_wconf 76' lang='grc' dir='ltr'>τὸν</span> 
     </span>
    </p>
   </div>
   <div class='ocr_carea' id='block_1_104' title="bbox 77 2682 866 2722">
    <p class='ocr_par' dir='ltr' id='par_1_104' title="bbox 77 2682 866 2722">
     <span class='ocr_line' id='line_1_104' title="bbox 77 2682 866 2722; baseline -0.006 -8"><span class='ocrx_word' id='word_1_805' title='bbox 77 2687 172 2722; x_wconf 72' lang='grc' dir='ltr'>καιρὸν</span> <span class='ocrx_word' id='word_1_806' title='bbox 184 2687 235 2722; x_wconf 81' lang='grc' dir='ltr'><strong>μὲν</strong></span> <span class='ocrx_word' id='word_1_807' title='bbox 243 2686 335 2713; x_wconf 72' lang='grc' dir='ltr'>οὐκέτι</span> <span class='ocrx_word' id='word_1_808' title='bbox 349 2685 395 2712; x_wconf 81' lang='grc' dir='ltr'>τοῦ</span> <span class='ocrx_word' id='word_1_809' title='bbox 407 2684 576 2721; x_wconf 78' lang='grc' dir='ltr'>καθαρισμοῦ</span> <span class='ocrx_word' id='word_1_810' title='bbox 591 2686 647 2716; x_wconf 83' lang='grc' dir='ltr'>τοῖς</span> <span class='ocrx_word' id='word_1_811' title='bbox 665 2682 866 2719; x_wconf 77' lang='grc' dir='ltr'>ἀνδριζομένοις</span> 
     </span>
    </p>
   </div>
   <div class='ocr_carea' id='block_1_105' title="bbox 79 2730 866 2768">
    <p class='ocr_par' dir='ltr' id='par_1_105' title="bbox 79 2730 866 2768">
     <span class='ocr_line' id='line_1_105' title="bbox 79 2730 866 2768; baseline -0.005 -8"><span class='ocrx_word' id='word_1_812' title='bbox 79 2734 239 2768; x_wconf 77' lang='grc' dir='ltr'>καταδηλοῖ·</span> <span class='ocrx_word' id='word_1_813' title='bbox 263 2732 345 2765; x_wconf 73' lang='grc' dir='ltr'>αὐτὸς</span> <span class='ocrx_word' id='word_1_814' title='bbox 363 2732 418 2768; x_wconf 78' lang='grc' dir='ltr'><strong>γὰρ</strong></span> <span class='ocrx_word' id='word_1_815' title='bbox 434 2730 468 2768; x_wconf 81' lang='grc' dir='ltr'><strong>ἦν</strong></span> <span class='ocrx_word' id='word_1_816' title='bbox 487 2732 501 2758; x_wconf 81' lang='grc' dir='ltr'><strong>ὁ</strong></span> <span class='ocrx_word' id='word_1_817' title='bbox 523 2732 618 2768; x_wconf 88' lang='grc' dir='ltr'>καιρός</span> <span class='ocrx_word' id='word_1_818' title='bbox 629 2739 635 2746; x_wconf 84' lang='grc'><strong><em>⁸</em></strong></span> <span class='ocrx_word' id='word_1_819' title='bbox 652 2731 696 2757; x_wconf 78' lang='grc' dir='ltr'>τὸν</span> <span class='ocrx_word' id='word_1_820' title='bbox 710 2730 739 2757; x_wconf 76' lang='grc' dir='ltr'><strong>δὲ</strong></span> <span class='ocrx_word' id='word_1_821' title='bbox 766 2730 866 2765; x_wconf 84' lang='grc' dir='ltr'>τρόπον</span> 
     </span>
    </p>
   </div>
   <div class='ocr_carea' id='block_1_106' title="bbox 79 2776 866 2816">
    <p class='ocr_par' dir='ltr' id='par_1_106' title="bbox 79 2776 866 2816">
     <span class='ocr_line' id='line_1_106' title="bbox 79 2776 866 2816; baseline -0.008 -8"><span class='ocrx_word' id='word_1_822' title='bbox 79 2781 244 2816; x_wconf 76' lang='grc' dir='ltr'>εἰσηγεῖται,</span> <span class='ocrx_word' id='word_1_823' title='bbox 264 2779 311 2807; x_wconf 82' lang='grc' dir='ltr'><strong>καὶ</strong></span> <span class='ocrx_word' id='word_1_824' title='bbox 330 2779 394 2806; x_wconf 78' lang='grc' dir='ltr'>αὑτό</span> <span class='ocrx_word' id='word_1_825' title='bbox 409 2787 467 2810; x_wconf 81' lang='grc' dir='ltr'><strong>πως</strong></span> <span class='ocrx_word' id='word_1_826' title='bbox 483 2779 533 2814; x_wconf 76' lang='grc' dir='ltr'>ἢδη</span> <span class='ocrx_word' id='word_1_827' title='bbox 550 2778 642 2804; x_wconf 78' lang='grc' dir='ltr'>λοιπὸν</span> <span class='ocrx_word' id='word_1_828' title='bbox 657 2778 685 2804; x_wconf 82' lang='grc' dir='ltr'>ὲν</span> <span class='ocrx_word' id='word_1_829' title='bbox 697 2777 757 2812; x_wconf 72' lang='grc' dir='ltr'>ὕψει</span> <span class='ocrx_word' id='word_1_830' title='bbox 777 2776 866 2811; x_wconf 81' lang='grc' dir='ltr'>τίθησι</span> 
     </span>
    </p>
   </div>
   <div class='ocr_carea' id='block_1_107' title="bbox 920 2408 1713 2443">
    <p class='ocr_par' dir='ltr' id='par_1_107' title="bbox 920 2408 1713 2443">
     <span class='ocr_line' id='line_1_107' title="bbox 920 2408 1713 2443; baseline 0.005 -8"><span class='ocrx_word' id='word_1_831' title='bbox 920 2408 1108 2441; x_wconf 87' lang='lat' dir='ltr'><strong>abluerentur,</strong></span> <span class='ocrx_word' id='word_1_832' title='bbox 1129 2410 1298 2443; x_wconf 75' lang='lat' dir='ltr'><strong>exposuisse,</strong></span> <span class='ocrx_word' id='word_1_833' title='bbox 1319 2417 1373 2436; x_wconf 90' lang='lat' dir='ltr'><strong>non</strong></span> <span class='ocrx_word' id='word_1_834' title='bbox 1394 2409 1476 2437; x_wconf 88' lang='lat' dir='ltr'><strong>etiam</strong></span> <span class='ocrx_word' id='word_1_835' title='bbox 1496 2410 1618 2438; x_wconf 90' lang='lat' dir='ltr'><strong>modum.</strong></span> <span class='ocrx_word' id='word_1_836' title='bbox 1639 2412 1713 2439; x_wconf 66' lang='lat' dir='ltr'><strong>Prm-</strong></span> 
     </span>
    </p>
   </div>
   <div class='ocr_carea' id='block_1_108' title="bbox 921 2454 1708 2492">
    <p class='ocr_par' dir='ltr' id='par_1_108' title="bbox 921 2454 1708 2492">
     <span class='ocr_line' id='line_1_108' title="bbox 921 2454 1708 2492; baseline 0.006 -12"><span class='ocrx_word' id='word_1_837' title='bbox 921 2454 992 2481; x_wconf 85' lang='lat' dir='ltr'><strong>dicat</strong></span> <span class='ocrx_word' id='word_1_838' title='bbox 1003 2463 1120 2490; x_wconf 87' lang='lat' dir='ltr'><strong>namque</strong></span> <span class='ocrx_word' id='word_1_839' title='bbox 1136 2455 1179 2482; x_wconf 81' lang='lat' dir='ltr'><strong>lex</strong></span> <span class='ocrx_word' id='word_1_840' title='bbox 1192 2459 1297 2490; x_wconf 85' lang='lat' dir='ltr'><strong>tempus</strong></span> <span class='ocrx_word' id='word_1_841' title='bbox 1312 2455 1480 2491; x_wconf 78' lang='lat' dir='ltr'><strong>purgationis</strong></span> <span class='ocrx_word' id='word_1_842' title='bbox 1495 2464 1556 2491; x_wconf 71' lang='lat' dir='ltr'><strong>qua:</strong></span> <span class='ocrx_word' id='word_1_843' title='bbox 1570 2465 1619 2492; x_wconf 90' lang='lat' dir='ltr'><strong>per</strong></span> <span class='ocrx_word' id='word_1_844' title='bbox 1629 2457 1708 2485; x_wconf 86' lang='lat' dir='ltr'><strong>Chri-</strong></span> 
     </span>
    </p>
   </div>
   <div class='ocr_carea' id='block_1_109' title="bbox 921 2500 1710 2539">
    <p class='ocr_par' dir='ltr' id='par_1_109' title="bbox 921 2500 1710 2539">
     <span class='ocr_line' id='line_1_109' title="bbox 921 2500 1710 2539; baseline 0.005 -12"><span class='ocrx_word' id='word_1_845' title='bbox 921 2505 992 2527; x_wconf 86' lang='lat' dir='ltr'><strong>stum</strong></span> <span class='ocrx_word' id='word_1_846' title='bbox 1002 2500 1126 2528; x_wconf 81' lang='lat' dir='ltr'><strong>facienda</strong></span> <span class='ocrx_word' id='word_1_847' title='bbox 1136 2505 1194 2528; x_wconf 88' lang='lat' dir='ltr'><strong>erat</strong></span> <span class='ocrx_word' id='word_1_848' title='bbox 1204 2510 1210 2527; x_wconf 75' lang='grc' dir='ltr'>ε</span> <span class='ocrx_word' id='word_1_849' title='bbox 1223 2501 1374 2536; x_wconf 87' lang='lat' dir='ltr'><strong>posteriore</strong></span> <span class='ocrx_word' id='word_1_850' title='bbox 1386 2506 1476 2529; x_wconf 87' lang='lat' dir='ltr'><strong>autem</strong></span> <span class='ocrx_word' id='word_1_851' title='bbox 1492 2503 1553 2530; x_wconf 90' lang='lat' dir='ltr'><strong>loco</strong></span> <span class='ocrx_word' id='word_1_852' title='bbox 1563 2508 1625 2538; x_wconf 89' lang='lat' dir='ltr'><strong>post</strong></span> <span class='ocrx_word' id='word_1_853' title='bbox 1635 2503 1710 2539; x_wconf 71' lang='lat' dir='ltr'><strong>Moy-</strong></span> 
     </span>
    </p>
   </div>
   <div class='ocr_carea' id='block_1_110' title="bbox 921 2547 1711 2586">
    <p class='ocr_par' dir='ltr' id='par_1_110' title="bbox 921 2547 1711 2586">
     <span class='ocr_line' id='line_1_110' title="bbox 921 2547 1711 2586; baseline 0.005 -13"><span class='ocrx_word' id='word_1_854' title='bbox 921 2553 970 2573; x_wconf 89' lang='lat' dir='ltr'><strong>sen</strong></span> <span class='ocrx_word' id='word_1_855' title='bbox 987 2547 1113 2574; x_wconf 83' lang='lat' dir='ltr'><strong>sacerdos</strong></span> <span class='ocrx_word' id='word_1_856' title='bbox 1130 2547 1266 2582; x_wconf 90' lang='lat' dir='ltr'><strong>loquitur,</strong></span> <span class='ocrx_word' id='word_1_857' title='bbox 1284 2548 1307 2575; x_wconf 90' lang='lat' dir='ltr'><strong>is</strong></span> <span class='ocrx_word' id='word_1_858' title='bbox 1325 2549 1497 2576; x_wconf 79' lang='lat' dir='ltr'><strong>estEleazar.</strong></span> <span class='ocrx_word' id='word_1_859' title='bbox 1519 2549 1599 2586; x_wconf 64' lang='grc'><strong>124</strong></span> <span class='ocrx_word' id='word_1_860' title='bbox 1616 2550 1711 2577; x_wconf 86' lang='lat' dir='ltr'><strong>Tradit</strong></span> 
     </span>
    </p>
   </div>
   <div class='ocr_carea' id='block_1_111' title="bbox 920 2592 1714 2630">
    <p class='ocr_par' dir='ltr' id='par_1_111' title="bbox 920 2592 1714 2630">
     <span class='ocr_line' id='line_1_111' title="bbox 920 2592 1714 2630; baseline 0.005 -11"><span class='ocrx_word' id='word_1_861' title='bbox 920 2592 993 2620; x_wconf 90' lang='lat' dir='ltr'><strong>enim</strong></span> <span class='ocrx_word' id='word_1_862' title='bbox 1004 2597 1138 2628; x_wconf 77' lang='lat' dir='ltr'><strong>praecepta</strong></span> <span class='ocrx_word' id='word_1_863' title='bbox 1149 2598 1210 2628; x_wconf 90' lang='lat' dir='ltr'><strong>post</strong></span> <span class='ocrx_word' id='word_1_864' title='bbox 1222 2595 1307 2629; x_wconf 87' lang='lat' dir='ltr'><strong>legem</strong></span> <span class='ocrx_word' id='word_1_865' title='bbox 1325 2594 1462 2627; x_wconf 74' lang='lat' dir='ltr'><strong>Christus,</strong></span> <span class='ocrx_word' id='word_1_866' title='bbox 1481 2603 1512 2622; x_wconf 86' lang='lat' dir='ltr'><strong>ac</strong></span> <span class='ocrx_word' id='word_1_867' title='bbox 1525 2599 1632 2630; x_wconf 89' lang='lat' dir='ltr'><strong>tempus</strong></span> <span class='ocrx_word' id='word_1_868' title='bbox 1649 2596 1714 2630; x_wconf 87' lang='lat' dir='ltr'><strong>qui-</strong></span> 
     </span>
    </p>
   </div>
   <div class='ocr_carea' id='block_1_112' title="bbox 920 2638 1709 2676">
    <p class='ocr_par' dir='ltr' id='par_1_112' title="bbox 920 2638 1709 2676">
     <span class='ocr_line' id='line_1_112' title="bbox 920 2638 1709 2676; baseline 0.004 -11"><span class='ocrx_word' id='word_1_869' title='bbox 920 2638 982 2666; x_wconf 91' lang='lat' dir='ltr'><strong>dem</strong></span> <span class='ocrx_word' id='word_1_870' title='bbox 991 2639 1162 2674; x_wconf 85' lang='lat' dir='ltr'><strong>purgationis</strong></span> <span class='ocrx_word' id='word_1_871' title='bbox 1179 2640 1299 2667; x_wconf 90' lang='lat' dir='ltr'><strong>strenuis</strong></span> <span class='ocrx_word' id='word_1_872' title='bbox 1309 2640 1480 2676; x_wconf 85' lang='lat' dir='ltr'><strong>fortibusque</strong></span> <span class='ocrx_word' id='word_1_873' title='bbox 1495 2641 1563 2668; x_wconf 83' lang='lat' dir='ltr'><strong>viris</strong></span> <span class='ocrx_word' id='word_1_874' title='bbox 1577 2649 1632 2668; x_wconf 89' lang='lat' dir='ltr'><strong>non</strong></span> <span class='ocrx_word' id='word_1_875' title='bbox 1650 2649 1709 2668; x_wconf 87' lang='lat' dir='ltr'><strong>am-</strong></span> 
     </span>
    </p>
   </div>
   <div class='ocr_carea' id='block_1_113' title="bbox 917 2684 1709 2722">
    <p class='ocr_par' dir='ltr' id='par_1_113' title="bbox 917 2684 1709 2722">
     <span class='ocr_line' id='line_1_113' title="bbox 917 2684 1709 2722; baseline 0.003 -11"><span class='ocrx_word' id='word_1_876' title='bbox 917 2684 989 2719; x_wconf 89' lang='lat' dir='ltr'><strong>plius</strong></span> <span class='ocrx_word' id='word_1_877' title='bbox 998 2685 1133 2712; x_wconf 84' lang='lat' dir='ltr'><strong>declarat:</strong></span> <span class='ocrx_word' id='word_1_878' title='bbox 1153 2685 1220 2713; x_wconf 92' lang='lat' dir='ltr'><strong>illud</strong></span> <span class='ocrx_word' id='word_1_879' title='bbox 1238 2687 1310 2714; x_wconf 88' lang='lat' dir='ltr'><strong>enim</strong></span> <span class='ocrx_word' id='word_1_880' title='bbox 1328 2686 1417 2721; x_wconf 91' lang='lat' dir='ltr'><strong>ipsum</strong></span> <span class='ocrx_word' id='word_1_881' title='bbox 1436 2690 1495 2713; x_wconf 86' lang='lat' dir='ltr'><strong>erat</strong></span> <span class='ocrx_word' id='word_1_882' title='bbox 1515 2690 1641 2722; x_wconf 89' lang='lat' dir='ltr'><strong>tempus:</strong></span> <span class='ocrx_word' id='word_1_883' title='bbox 1661 2686 1709 2714; x_wconf 85' lang='lat' dir='ltr'><strong>sed</strong></span> 
     </span>
    </p>
   </div>
   <div class='ocr_carea' id='block_1_114' title="bbox 917 2729 1711 2766">
    <p class='ocr_par' dir='ltr' id='par_1_114' title="bbox 917 2729 1711 2766">
     <span class='ocr_line' id='line_1_114' title="bbox 917 2729 1711 2766; baseline 0.005 -11"><span class='ocrx_word' id='word_1_884' title='bbox 917 2729 1028 2756; x_wconf 88' lang='lat' dir='ltr'><strong>modum</strong></span> <span class='ocrx_word' id='word_1_885' title='bbox 1040 2731 1160 2765; x_wconf 79' lang='lat' dir='ltr'><strong>exponit,</strong></span> <span class='ocrx_word' id='word_1_886' title='bbox 1171 2735 1252 2766; x_wconf 90' lang='lat' dir='ltr'><strong>atque</strong></span> <span class='ocrx_word' id='word_1_887' title='bbox 1263 2731 1361 2766; x_wconf 84' lang='lat' dir='ltr'><strong>ipsum,</strong></span> <span class='ocrx_word' id='word_1_888' title='bbox 1371 2739 1455 2766; x_wconf 88' lang='lat' dir='ltr'><strong>prope</strong></span> <span class='ocrx_word' id='word_1_889' title='bbox 1465 2732 1592 2764; x_wconf 81' lang='lat' dir='ltr'><strong>dixerim,</strong></span> <span class='ocrx_word' id='word_1_890' title='bbox 1600 2732 1635 2759; x_wconf 90' lang='lat' dir='ltr'><strong>ob</strong></span> <span class='ocrx_word' id='word_1_891' title='bbox 1646 2739 1711 2759; x_wconf 80' lang='lat' dir='ltr'><strong>ocu-</strong></span> 
     </span>
    </p>
   </div>
   <div class='ocr_carea' id='block_1_115' title="bbox 916 2775 1710 2814">
    <p class='ocr_par' dir='ltr' id='par_1_115' title="bbox 916 2775 1710 2814">
     <span class='ocr_line' id='line_1_115' title="bbox 916 2775 1710 2814; baseline 0.006 -13"><span class='ocrx_word' id='word_1_892' title='bbox 916 2775 957 2802; x_wconf 90' lang='lat' dir='ltr'><strong>los</strong></span> <span class='ocrx_word' id='word_1_893' title='bbox 966 2776 1043 2810; x_wconf 87' lang='lat' dir='ltr'><strong>ponit</strong></span> <span class='ocrx_word' id='word_1_894' title='bbox 1051 2777 1287 2812; x_wconf 87' lang='lat' dir='ltr'><strong>mysterium,cum</strong></span> <span class='ocrx_word' id='word_1_895' title='bbox 1296 2778 1361 2813; x_wconf 89' lang='lat' dir='ltr'><strong>quid</strong></span> <span class='ocrx_word' id='word_1_896' title='bbox 1368 2778 1505 2813; x_wconf 62' lang='lat' dir='ltr'><strong>praecipue</strong></span> <span class='ocrx_word' id='word_1_897' title='bbox 1514 2779 1557 2808; x_wconf 81' lang='lat' dir='ltr'><strong>lex</strong></span> <span class='ocrx_word' id='word_1_898' title='bbox 1564 2782 1696 2814; x_wconf 83' lang='lat' dir='ltr'><strong>spectaret</strong></span> <span class='ocrx_word' id='word_1_899' title='bbox 1703 2797 1710 2810; x_wconf 85' lang='grc'><strong>,</strong></span> 
     </span>
    </p>
   </div>
   <div class='ocr_carea' id='block_1_116' title="bbox 113 2860 864 2904">
    <p class='ocr_par' dir='ltr' id='par_1_116' title="bbox 113 2860 864 2904">
     <span class='ocr_line' id='line_1_116' title="bbox 113 2860 864 2904; baseline -0.008 -2"><span class='ocrx_word' id='word_1_900' title='bbox 113 2874 134 2890; x_wconf 86' lang='grc'><strong>⁹¹</strong></span> <span class='ocrx_word' id='word_1_901' title='bbox 144 2874 229 2902; x_wconf 80' lang='lat' dir='ltr'><strong>Hebr.</strong></span> <span class='ocrx_word' id='word_1_902' title='bbox 242 2880 300 2904; x_wconf 71' lang='lat' dir='ltr'><strong>vm,</strong></span> <span class='ocrx_word' id='word_1_903' title='bbox 314 2872 357 2898; x_wconf 76' lang='grc'><strong>17.</strong></span> <span class='ocrx_word' id='word_1_904' title='bbox 386 2872 409 2888; x_wconf 79' lang='grc'><strong>⁵³</strong></span> <span class='ocrx_word' id='word_1_905' title='bbox 510 2879 583 2902; x_wconf 72' lang='lat' dir='ltr'><strong>xxxr,</strong></span> <span class='ocrx_word' id='word_1_906' title='bbox 596 2869 694 2902; x_wconf 66' lang='lat'><strong>49,20.</strong></span> <span class='ocrx_word' id='word_1_907' title='bbox 732 2870 754 2887; x_wconf 76' lang='lat'>“</span> <span class='ocrx_word' id='word_1_908' title='bbox 774 2869 837 2897; x_wconf 78' lang='lat' dir='ltr'><strong>Joh.</strong></span> <span class='ocrx_word' id='word_1_909' title='bbox 851 2877 864 2896; x_wconf 69' lang='lat' dir='ltr'><strong>Si</strong></span> 
     </span>
    </p>
   </div>
   <div class='ocr_carea' id='block_1_117' title="bbox 918 2860 1585 2904">
    <p class='ocr_par' dir='ltr' id='par_1_117' title="bbox 920 2860 1585 2903">
     <span class='ocr_line' id='line_1_117' title="bbox 920 2860 1585 2903; baseline -0.002 -7"><span class='ocrx_word' id='word_1_910' title='bbox 920 2869 947 2897; x_wconf 67' lang='grc'><strong>4,</strong></span> <span class='ocrx_word' id='word_1_911' title='bbox 985 2869 1122 2897; x_wconf 80' lang='lat' dir='ltr'><strong>&quot;Coloss.</strong></span> <span class='ocrx_word' id='word_1_912' title='bbox 1143 2870 1230 2903; x_wconf 68' lang='lat'><strong>11,“.</strong></span> <span class='ocrx_word' id='word_1_913' title='bbox 1270 2869 1381 2898; x_wconf 80' lang='lat' dir='ltr'><strong>“Num.</strong></span> <span class='ocrx_word' id='word_1_914' title='bbox 1396 2877 1468 2902; x_wconf 69' lang='lat' dir='ltr'><strong>xxxx,</strong></span> <span class='ocrx_word' id='word_1_915' title='bbox 1493 2860 1585 2896; x_wconf 51' lang='lat' dir='ltr'><strong>2L9}.</strong></span> 
     </span>
    </p>
   </div>
   <div class='ocr_carea' id='block_1_118' title="bbox 232 2919 608 2958">
    <p class='ocr_par' dir='ltr' id='par_1_118' title="bbox 232 2919 608 2958">
     <span class='ocr_line' id='line_1_118' title="bbox 232 2919 608 2958; baseline -0.008 -8"><span class='ocrx_word' id='word_1_916' title='bbox 232 2921 374 2951; x_wconf 77' lang='lat' dir='ltr'><strong>PATROL.</strong></span> <span class='ocrx_word' id='word_1_917' title='bbox 396 2919 454 2952; x_wconf 75' lang='lat' dir='ltr'><strong>Gn.</strong></span> <span class='ocrx_word' id='word_1_918' title='bbox 476 2919 608 2958; x_wconf 50' lang='lat' dir='ltr'><strong>LXVIII,</strong></span> 
     </span>
    </p>
   </div>
   <div class='ocr_carea' id='block_1_119' title="bbox 1415 2915 1446 2944">
    <p class='ocr_par' dir='ltr' id='par_1_119' title="bbox 1415 2915 1446 2944">
     <span class='ocr_line' id='line_1_119' title="bbox 1415 2915 1446 2944; baseline 0 0"><span class='ocrx_word' id='word_1_919' title='bbox 1415 2915 1446 2944; x_wconf 88' lang='lat' dir='ltr'><strong>ll</strong></span> 
     </span>
    </p>
   </div>
  </div>
