1924 3043
88 117 153 145 ’553

481 114 526 142 DE
544 110 764 141 ADORATIONE
783 114 816 141 IN
838 112 974 141 SPIRITU
995 113 1038 140 ET
1051 113 1233 141 VERITATE.
1255 113 1319 141 LIB.
1340 113 1385 142 IV.

1688 109 1739 141 554

94 177 132 202 τὸ
155 173 310 208 κεφάλαιον
327 172 381 199 τῶν
397 172 502 199 σκύλων
519 172 567 207 τῆς
581 171 768 206 αἰχμαλωσίας
784 171 838 198 ἀπὺ
850 171 891 197 ἁν-

950 177 1013 197 cens
1024 179 1030 196 ι
1043 170 1142 204 Accipe
1153 177 1285 197 summam
1297 170 1446 205 spoliorum
1457 167 1622 204 captivitatis
1637 169 1670 196 ab
1689 170 1738 198 lio-

99 220 216 256 Θρὼπου
232 219 287 251 ἕως
308 219 434 254 κτήνους,
450 219 482 245 σὺ
496 218 543 244 καὶ
563 217 693 252 Ἐλεάζαρ
708 218 722 243 ὁ
737 217 835 251 ἱερεὺς,
852 216 899 243 καὶ

97 266 273 299 οἱλᾰρχοντες
286 263 340 290 τῶν
352 263 474 298 πατριῶν
484 263 533 297 τῆς
547 263 717 297 συναγωγῆς,
731 261 778 287 καὶ
789 261 899 288 διελείτε

100 312 135 339 τὰ
154 310 242 337 σκύλα
258 310 312 336 ἀνὰ
327 310 408 344 μέσον
420 309 473 334 τῶν
485 307 654 342 πολεμιστῶν
664 307 717 334 τῶν
732 307 899 342 ἐκπεπορευ-

103 357 195 391 μένων
216 356 259 386 εἰς
284 355 450 390 παράταξιν,
474 353 521 381 καὶ
546 353 597 380 ἀνὰ
626 353 707 388 μέσον
736 353 827 386 πάσης
849 353 898 386 τῆς

103 401 284 435 συναγωγῆς,
296 400 344 426 καὶ
359 400 484 434 ἀφελεῖτε
500 398 530 425 τὸ
544 398 619 428 τέλος
634 397 737 432 Κυρίῳ,
753 395 829 431 παρὰ
844 395 899 422 τῶν

101 447 259 483 ἀνθρώπων
276 447 334 473 τῶν
351 444 524 480 πολεμιστῶν
540 444 595 471 τῶν
620 442 842 478 ἐκπορευομένων
860 442 899 473 εἰς

100 496 152 530 τὴν
168 494 338 529 παράταξιν,
356 494 420 528 μίαν
440 492 531 527 ψυχὴν
547 490 600 517 ἀπὸ
616 488 809 516 πεντακοσίων.
834 487 900 514 Ἀπὸ

99 542 156 567 τῶν
176 540 332 576 ἀνθρώπων
355 539 401 566 καὶ
425 539 478 565 ἀπὸ
503 537 557 563 τῶν
578 535 694 571 κτηνῶν,
711 535 758 561 καὶ
778 534 831 560 ἀπὸ
845 533 899 560 τῶν

101 584 174 622 βοῶν
207 587 255 613 καὶ
271 587 325 613 ἀπὸ
340 586 393 612 τῶν
408 584 562 620 προϐάτων,
575 583 621 609 καὶ
632 582 685 608 ἀπὸ
698 581 751 608 τῶν
766 580 835 607 ὄνων
852 580 900 607 καὶ

100 634 156 660 ἀπὸ
167 633 215 660 τοῦ
225 633 344 668 ἡμίσους
350 631 439 658 αὐτῶν
451 629 569 666 λήψεσθε
580 638 586 644 ·
600 629 646 655 καὶ
657 628 752 659 δώσεις
769 626 899 661 Ἐλεάζαρ

98 680 140 714 τῷ
161 680 232 714 ἱερεῖ
243 679 294 710 τὰς
311 678 437 713 ἀπαρχὰς
457 676 571 712 Κυρίου,
591 675 639 702 καὶ
656 674 709 701 ἀπὸ
726 673 772 700 τοῦ
785 673 899 708 ἡμίσους

99 725 149 751 τοῦ
164 725 222 750 τῶν
239 725 308 751 υἱῶν
321 723 430 759 Ἰσραὴλ
444 723 515 759 λήψῃ
527 722 574 748 ἕνα
583 721 636 748 ἀπὸ
656 720 710 746 τῶν
720 720 898 754 πεντήκοντα,

98 771 156 798 ἀπὺ
171 771 228 796 τῶν
244 770 408 806 ἀνθρώπων,
430 770 477 796 καὶ
492 768 546 795 ἀπὸ
556 767 610 794 τῶν
621 766 700 802 βοῶν,
717 766 764 792 καὶ
780 765 833 792 ἀπὸ
846 765 899 791 τῶν

98 817 264 852 προὸἀτων,
286 817 332 843 καὶ
348 816 402 842 ἀπὸ
422 815 476 841 τῶν
490 815 570 846 ὄνων,
593 813 639 839 καὶ
652 813 705 839 ἀπὸ
717 812 823 838 πάντων
843 811 898 837 τῶν

951 215 1024 241 mine
1035 222 1120 249 usque
1130 215 1163 242 ad
1173 223 1266 250 pecus,
1279 219 1308 243 tu
1318 219 1345 242 et
1355 215 1467 242 Eleazar
1478 215 1616 247 sacerdos,
1628 220 1655 242 et
1663 216 1740 251 prin-

949 260 1024 294 cipes
1040 260 1205 287 familiarum
1218 261 1453 296 congregationis:
1472 265 1499 289 et
1515 261 1643 290 dividetis
1654 264 1739 298 spolia

949 306 1022 333 inter
1035 307 1181 334 bellatores
1193 315 1317 342 egressos
1330 307 1364 334 ad
1374 308 1487 340 bellum,
1499 312 1527 335 et
1545 309 1617 336 inter
1630 317 1738 337 omnem

950 352 1190 386 congregationem
1205 360 1211 377 :
1225 356 1252 378 et
1262 352 1426 386 separabitis
1435 353 1567 380 tributum
1578 354 1694 381 Domino
1705 355 1740 381 ab

949 397 1110 424 hominibus
1131 397 1309 424 bellatoribus
1335 399 1539 432 egredientibus
1563 400 1597 427 ad
1619 399 1739 432 bellum,

950 451 1032 470 unam
1050 443 1167 471 animam
1183 452 1198 471 a
1215 444 1371 479 quingentis
1383 454 1388 470 :
1399 445 1433 471 ab
1449 445 1607 473 hominibus
1622 449 1650 473 et
1664 454 1680 474 a
1697 447 1741 482 ju-

951 489 1060 522 mentis,
1071 494 1099 517 et
1117 498 1132 517 a
1146 490 1244 522 bobus,
1255 494 1283 517 et
1301 491 1335 517 ab
1353 490 1459 524 ovibus,
1480 495 1508 518 et
1525 492 1560 518 ab
1575 492 1669 524 asinis,
1685 497 1712 520 et
1725 501 1740 520 a

950 536 1080 568 mulis,et
1098 536 1132 562 ab
1152 536 1280 563 omnibus
1297 537 1430 571 jumentis
1447 536 1645 572 accipietis;et
1662 539 1740 566 dabis

950 581 1081 609 Eleazaro
1095 582 1232 609 sacerdoti
1251 582 1386 616 primitias
1405 582 1529 609 Domini:
1544 588 1572 610 et
1591 591 1606 610 a
1624 584 1739 611 dimidio

951 627 1069 655 filiorum
1089 628 1172 655 Israel
1188 628 1316 663 accipies,
1330 636 1415 655 unum
1435 628 1469 656 de
1481 629 1689 665 quinquaginta,
1705 631 1739 657 ab

951 674 1121 707 hominibus,
1140 679 1168 701 et
1178 683 1193 701 a
1203 675 1302 707 bobus,
1315 679 1343 702 et
1353 675 1387 702 ab
1398 675 1507 708 ovibus,
1519 680 1548 703 et
1557 676 1590 703 ab
1603 676 1696 709 asinis,
1712 685 1740 704 et

951 721 986 748 ab
1004 720 1132 749 omnibus
1139 722 1271 756 jumentis
1281 730 1288 754 3
1300 726 1329 749 et
1339 722 1417 749 dabis
1426 730 1458 749 ea
1469 722 1572 749 Levitis
1583 723 1741 751 custodien-

951 767 1027 794 tibus
1055 767 1195 794 custodias
1220 767 1248 795 in
1273 768 1449 795 tabernaculo
1477 768 1595 796 Domini.
1618 769 1652 796 Et
1676 769 1740 797 fecit

951 814 1100 849 Moyses,et
1112 814 1225 842 Eleazar
1235 814 1373 846 sacerdos,
1384 814 1456 841 sicut
1466 814 1595 849 prmcepit
1609 814 1741 842 Dominus

97 863 224 898 κτηνῶν.
244 863 292 889 καὶ
307 861 403 893 δώσεις
417 861 485 887 αὐτὰ
507 862 562 891 τοῖς
578 859 706 890 Λευῒταις
722 859 778 889 τοῖς
795 857 891 891 φυλάσ-

950 860 1034 895 Moysi
1047 860 1067 886 ³.
1087 870 1095 885 ι
1117 860 1255 887 Continuo
1274 868 1392 895 namque
1419 862 1492 895 quod
1517 860 1611 888 divino
1632 861 1740 896 jussum

99 917 180 935 σουσι
195 908 248 939 τὰς
263 907 386 942 φυλακὰς
396 908 425 934 ὲν
436 909 468 941 τῇ
487 906 573 941 σκηνῇ
589 904 701 940 Κυρίου.
720 903 775 930 Καὶ
786 902 897 936 ἐποίησε

98 955 207 989 Μωσῆς
220 955 270 980 καὶ
289 954 420 989 Ἐλεάζαρ
432 954 446 979 ό
458 953 557 987 ἱερεὺς,
573 951 645 978 καθὰ
655 950 784 982 συνέταξε
798 950 899 985 Κύριος

98 999 141 1034 τῷ
165 1001 269 1035 Μωσῇ.
290 1010 299 1027 ι
322 999 514 1035 Διεπεραίνετο
533 998 586 1034 γὰρ
597 998 679 1029 εὐθὺς
697 997 727 1023 τὺ
744 997 814 1023 θεῖον
831 1005 894 1032 χρη-

103 1046 258 1081 σμῴδημα,
287 1045 388 1081 λεπτῆς
409 1055 440 1072 τε
462 1046 509 1072 καὶ
533 1044 663 1080 ἀκριϐοῦς
685 1043 835 1079 γενομένης
849 1043 898 1077 τῆς

100 1093 324 1129 ὰπαριθμήσεως
341 1093 396 1119 τῶν
404 1092 521 1124 σκύλων,
538 1092 585 1118 καί
596 1091 646 1126 τῆς
659 1091 687 1116 ἐν
704 1090 798 1125 ἡμίσει
811 1089 898 1116 διανο-

102 1140 171 1175 μῆς,
189 1140 238 1166 καὶ
254 1139 440 1166 ἀποδοθέντων
455 1138 508 1165 τῶν
525 1136 732 1172 ἀφαιρεμάτων,
754 1136 814 1171 ἦτοι
842 1135 897 1161 τῶν

100 1185 240 1220 ἀπαρχῶν
261 1185 364 1220 Κυρίῳ,
388 1184 426 1219 τῷ
450 1184 518 1219 ἱερεῖ
531 1183 570 1218 τῷ
589 1182 732 1217 Ἐλεάζαρ,
751 1182 833 1217 φημὶ,
851 1181 898 1207 καὶ

100 1232 159 1262 τοῖς
175 1232 209 1257 ἐκ
232 1231 319 1266 φυλῆς
333 1230 414 1257 Λευτ·
428 1228 484 1265 ἆρά
502 1237 542 1256 σοι
559 1228 644 1264 λήθης
661 1228 780 1263 ἀμείνων
793 1229 807 1254 ὀ
823 1227 895 1259 νοῦς,

101 1276 152 1303 καὶ
165 1277 207 1308 εἰς
222 1277 291 1313 ὅπερ
306 1276 410 1311 ἔφαμεν
421 1276 449 1302 ἐν
463 1275 560 1311 ἀρχαῖς
574 1274 683 1301 ἀναθεῖν
697 1272 827 1308 εὐσθενής
839 1282 846 1306 ;

140 1322 247 1348 ΠΔΛΔ.
262 1321 299 1347 Τὸ
315 1322 390 1347 ποῖον
398 1328 406 1354 ;

139 1367 225 1394 ΚΥΡ.
242 1368 280 1394 Οὐ
297 1367 351 1402 γὰρ
363 1367 395 1402 δὴ
410 1366 511 1402 χιλίους
528 1366 591 1397 τοὺς
614 1366 659 1400 ἀφ’
674 1364 794 1401 ἑκάστης
811 1365 897 1401 φυλῆς

103 1415 146 1446 οἱς
159 1414 209 1450 τὴν
227 1413 275 1440 τοῦ
292 1413 410 1449 πολέμου
432 1412 649 1448 συγκεκομίσθαι
671 1412 766 1447 χρείαν
789 1413 804 1438 ὁ
825 1412 896 1447 ἱερὸς

103 1460 157 1495 εφη
171 1460 250 1494 λόγος
264 1467 271 1492 ;

141 1506 247 1533 ΠΑΛΛ.
266 1507 339 1541 Ἔφη
355 1505 409 1540 γὰρ
423 1502 479 1532 οὖν.

140 1550 225 1577 ΚΥΡ.
243 1550 298 1585 Τὴν
309 1550 337 1576 δέ
355 1558 387 1583 γε
398 1549 445 1576 τοῦ
461 1549 561 1584 μέρους
575 1548 755 1584 λαμπρότητα
763 1548 809 1575 καὶ
825 1547 895 1574 εὐδο-

114 1596 233 1632 κίμησιν
248 1597 287 1626 εἰς
301 1596 360 1622 ὅλον
379 1595 455 1630 ἥξειν
476 1594 506 1620 τὺ
528 1594 674 1630 πλήρωμα,
690 1593 783 1627 σαφῶς
802 1602 832 1619 τε
849 1593 895 1620 καὶ

104 1641 229 1677 ιναργῶς
246 1641 387 1675 ἐλέγομεν,
406 1640 573 1676 ἡμερότητός
588 1647 618 1665 τε
629 1639 675 1665 καὶ
691 1637 895 1673 φιλανθρωπίας

103 1688 175 1714 Θεοῦ
203 1688 251 1714 καὶ
266 1687 346 1713 τοῦτο
358 1687 398 1721 ἐφ’
412 1687 478 1722 ἡμῖν
496 1684 526 1712 εὖ
549 1685 620 1721 μάλα
641 1684 840 1720 διοικουμένης,
861 1684 894 1710 ἵν’

103 1733 200 1769 ὥσπερ
209 1733 270 1764 ἑνὸς
279 1732 327 1758 καὶ
336 1732 518 1766 εὐοσμοτάτου
527 1731 708 1766 Θυμιάματος,
716 1731 748 1757 ὲκ
759 1730 895 1766 διαφόρων

103 1780 184 1807 εἰδῶν
196 1779 392 1814 πεποιημένου,
410 1778 459 1813 μία
477 1786 519 1809 τις
536 1778 551 1812 ἡ
570 1777 679 1804 πάντων
691 1776 789 1803 εὐωδία
802 1775 895 1803 λοιπὸν

104 1826 275 1862 ἀναφέρηται
288 1825 327 1861 τῷ
341 1825 410 1860 Θεῷ,
426 1824 472 1851 καὶ
485 1825 523 1859 τῷ
536 1824 595 1850 λίαν
611 1823 820 1858 εὐδοκιμωτάτῳ
831 1831 895 1858 συγ-

103 1873 362 1908 καταλαμπρύνοιτό
372 1881 430 1903 πως
446 1871 476 1898 τὸ
493 1871 530 1906 μὴ
545 1871 632 1902 οὕτως
648 1870 822 1906 εὐδοκιμοῦν.

138 1920 247 1947 ΠΛΛΛ.
266 1918 390 1953 ’Δληθές.
406 1917 491 1944 Ταυτὶ
505 1917 559 1952 γὰρ
573 1918 638 1952 ἡμῖν
649 1917 663 1942 ὁ
683 1917 760 1952 λόγος
776 1916 894 1944 ἐκϐασα-

104 1965 187 1998 νίζειν
203 1965 294 2000 ἤθελε.

140 2011 224 2038 ΚΥΡ.
246 2010 341 2045 Ἀθρει
352 2009 384 2044 δὴ
398 2007 443 2036 οὗν
457 2008 691 2044 ἁπημφιεσμένως
698 2007 785 2034 ταῦτα
796 2009 851 2039 τοῖς
864 2006 894 2040 ἐξ

110 2057 218 2093 Ἰσραὴλ
239 2056 438 2092 νομοθετοῦντα
460 2055 540 2082 Θεόν·
555 2055 580 2081 οἱ
605 2055 654 2090 μὲν
675 2055 730 2090 γὰρ
748 2054 893 2081 ἀπόλεκτοι

104 2104 184 2139 χίλιοι
198 2103 272 2131 κατὰ
284 2103 369 2139 φυλὴν
383 2101 629 2137 κατεστρατεύοντο
639 2101 694 2128 τῶν
704 2100 876 2135 Μαδιηναίων
885 2109 891 2116 ·

105 2149 192 2177 καὶτὸ
202 2150 293 2185 νικᾷν,
308 2147 383 2185 οἶμαι
397 2158 460 2182 που,
473 2149 545 2184 πόνῳ
566 2148 612 2174 καὶ
634 2147 725 2183 ἱδρῶτι
742 2147 894 2182 κερδαίνον-

104 2205 158 2228 τες,
181 2195 352 2231 διενείμαντο
373 2195 408 2222 τὰ
430 2195 461 2222 ὲκ
483 2194 531 2221 τοῦ
553 2193 673 2229 πολέμου
698 2193 894 2228 συνειλεγμένα
907 2200 932 2229 D

105 2242 172 2278 πρὸς
194 2242 286 2268 πᾶσαν
306 2241 387 2272 εὐθὺς
410 2241 461 2276 τὴν
489 2239 661 2274 συναγωγὴν,
687 2240 733 2266 καὶ
755 2241 812 2271 τοῖς
832 2239 892 2265 τῶν

104 2288 306 2324 ἀνδριζομένων
332 2286 541 2322 κατορθώμασιν
556 2287 572 2322 ἡ
588 2286 668 2320 ἑτέρα
692 2285 797 2320 πληθὺς
824 2294 890 2311 κατ-

103 2333 277 2368 εσεμνύνετο·
288 2342 297 2358 ι
307 2332 424 2358 Διελεῑτε
434 2331 498 2367 γὰρ,
515 2340 523 2356 ι
536 2331 612 2366 φησι,
629 2341 637 2356 ι
649 2330 682 2357 τὰ
691 2330 787 2363 σκῦλα,
802 2331 833 2357 σὺ
844 2330 891 2357 καὶ

108 2380 242 2415 Ἐλεάζαρ
253 2380 267 2406 ὁ
284 2379 382 2414 ἱερεὺς,
400 2379 446 2404 καὶ
461 2379 485 2404 ol.
500 2378 630 2413 ἄρχοντες
640 2377 693 2403 τῶν
706 2377 826 2412 πατριῶν
841 2377 891 2412 τῆς

105 2426 285 2461 συναγωγῆς·
314 2426 360 2452 καὶ
382 2425 493 2452 διελεῖτε
509 2424 543 2451 τὰ
569 2424 655 2451 σκῦλα
674 2424 811 2459 ὰναμέσον
837 2424 891 2451 τῶν

104 2471 276 2508 πολεμιστῶν
294 2471 347 2497 τῶν
365 2470 588 2506 ἐκπορευομένων
606 2471 646 2501 εἰς
662 2469 711 2505 τὴν
727 2470 890 2505 παράταξιν,

104 2519 149 2545 καὶ
167 2517 221 2544 ἀνα
237 2517 320 2552 μέσον
333 2516 382 2550 τῆς
396 2515 567 2550 συναγωγῆς.
583 2524 593 2539 ι
613 2515 675 2541 Ὅτι
694 2515 749 2551 γὰρ
766 2515 890 2542 συνευδο-

105 2563 215 2598 κιμήσει
232 2562 288 2592 τοῖς
299 2561 368 2594 ἄγαν
381 2559 578 2594 ὲξειλεγμένοις
590 2561 634 2586 καὶ
649 2560 890 2596 περιφανεστέροις

104 2610 132 2636 τὸ
147 2608 233 2644 βραχύ
247 2617 275 2634 τι
293 2606 432 2638 καταδεὲς,
454 2606 501 2633 καὶ
523 2606 637 2632 κατόπιν
660 2606 698 2632 ἰὸν
713 2607 763 2642 τῆς
778 2606 889 2633 ἐκείνων

108 2655 303 2692 μεγαλοφυως,
320 2651 521 2688 ὑπεσημαίνετό
549 2661 606 2684 πως
634 2652 681 2679 καὶ
708 2653 723 2678 ὁ
747 2652 890 2684 θεσπέσιος

106 2701 217 2732 Παῦλος.
248 2698 523 2734 ’Δπαριθμησάμενος
545 2698 599 2733 γὰρ
623 2698 678 2724 τῶν
705 2698 890 2734 ἀρχαιοτέρων

107 2748 187 2783 ἁγίων
197 2746 263 2778 τοὺς
272 2745 317 2772 διὰ
325 2745 441 2776 πίστεως
450 2743 666 2779 εὐδοκιμηκάτας
680 2744 727 2770 καὶ
740 2741 781 2776 οἷς
795 2744 812 2780 ὴ
827 2743 890 2777 δόξα

139 2838 148 2854 ‘
164 2838 248 2864 Num.
265 2845 327 2864 xxxi
340 2855 346 2863 .
358 2836 452 2863 εἰῇ-51.
492 2835 499 2849 "
512 2837 593 2864 Num.
618 2844 689 2867 xxxx.
709 2837 754 2870 9.6,
772 2837 816 2864 2λῖ-

949 910 1008 933 erat
1022 906 1143 938 oraculo,
1157 906 1361 941 perﬁciebatur.
1377 907 1459 942 Ergo,
1474 915 1536 934 cum
1555 907 1740 936 minutissima

949 957 1031 988 atque
1040 953 1246 987 diligentissima
1256 953 1326 980 facta
1334 957 1406 980 esset
1414 953 1567 981 numeratio
1577 954 1739 989 spoliorum,

949 1006 981 1026 ac
995 999 1084 1026 media
1100 1007 1133 1026 ex
1152 1003 1228 1034 parte
1243 998 1420 1032 distributio;
1439 1007 1556 1034 cumque
1573 1005 1666 1028 essent
1680 1001 1742 1029 red-

949 1045 1013 1072 dita:
1039 1045 1225 1080 separationes
1243 1053 1291 1072 seu
1311 1045 1439 1080 primitiae
1465 1046 1584 1079 Domini,
1604 1041 1738 1076 sacerdoti

949 1092 1087 1124 Eleazaro,
1107 1091 1229 1126 inquam,
1249 1096 1277 1119 et
1293 1091 1410 1125 Levitis;
1429 1100 1494 1119 num
1514 1092 1563 1120 tibi
1580 1098 1622 1121 est
1632 1094 1741 1121 animus

948 1138 1017 1165 adeo
1027 1146 1132 1166 memor
1142 1142 1173 1166 ut
1184 1138 1351 1166 oblivionem
1362 1139 1464 1171 vincat,
1475 1144 1556 1174 atque
1573 1140 1607 1168 ad
1622 1140 1649 1168 id
1665 1141 1739 1176 quod

949 1183 1028 1212 initio
1043 1183 1211 1216 dicebamus,
1228 1192 1372 1212 recurrere
1389 1185 1499 1212 valeat?

983 1315 1082 1343 PALL.
1099 1315 1213 1351 Ecquod
1228 1315 1295 1343 illud
1310 1317 1368 1343 est?

981 1362 1060 1390 CYR.
1077 1362 1149 1389 Num
1166 1362 1238 1389 enim
1253 1363 1378 1390 millcnos
1391 1370 1406 1390 a
1429 1363 1542 1399 singulis
1562 1355 1688 1392 tribubus
1704 1356 1739 1392 ad

948 1408 1051 1436 bellum
1067 1409 1217 1444 gerendum
1239 1409 1400 1437 convenisse
1417 1417 1501 1437 saera:
1515 1410 1625 1438 Littera:
1643 1411 1738 1445 prodi-

948 1454 1068 1482 derunt?

982 1498 1079 1525 PALL.
1094 1499 1276 1527 Prodiderant
1290 1501 1343 1528 illm
1353 1501 1473 1536 quidem.

982 1544 1060 1572 ΟΥΕ.
1076 1545 1240 1573 Partisitcm
1252 1547 1333 1574 unius
1348 1548 1523 1582 splendorem
1537 1557 1567 1577 ac
1584 1541 1693 1577 Iaudem
1702 1549 1735 1577 ad

947 1589 1102 1619 universam
1120 1591 1320 1626 plenitudinem
1339 1592 1398 1621 fore
1417 1598 1447 1621 ut
1466 1595 1626 1630 pertineret,
1646 1603 1738 1623 annon

946 1640 1040 1671 aperte
1056 1644 1088 1664 ac
1104 1638 1248 1666 manifeste
1269 1638 1448 1667 dicebamus?
1475 1641 1554 1677 126
1569 1642 1737 1679 benignitate

945 1683 993 1710 Dei
1003 1687 1085 1718 atque
1104 1683 1249 1713 clementia
1268 1685 1320 1713 hoc
1338 1693 1447 1721 quoque
1463 1687 1491 1714 in
1510 1688 1590 1715 nobis
1600 1690 1739 1724 sapienter

945 1728 1164 1763 administrante,
1182 1735 1212 1758 ut
1224 1735 1352 1766 tanquam
1373 1733 1456 1773 unius
1473 1733 1658 1762 odoratissimi
1678 1737 1738 1772 thy-

945 1773 1092 1807 miamatis,
1112 1783 1146 1802 ex
1164 1775 1249 1803 variis
1267 1777 1435 1805 aromatibus
1449 1778 1576 1811 confecti,
1593 1788 1665 1808 unus
1679 1789 1738 1808 om-

945 1820 1020 1846 nium
1030 1820 1098 1848 odor
1105 1822 1161 1849 Deo
1171 1822 1311 1855 otferatur,
1321 1828 1348 1851 et
1357 1823 1438 1851 simul
1447 1832 1508 1852 cum
1519 1829 1595 1860 parte
1602 1826 1738 1861 probatis-

945 1865 1014 1893 sima
1024 1866 1133 1894 laudem
1148 1868 1273 1902 acquirat
1283 1877 1314 1896 ea
1330 1878 1390 1905 quae
1404 1878 1459 1898 non
1476 1872 1544 1900 adeo
1556 1873 1671 1907 probata
1682 1880 1736 1903 est.-

981 1912 1079 1939 PALL.
1092 1912 1131 1941 Ita
1142 1917 1193 1940 est.
1205 1914 1234 1941 Id
1252 1915 1342 1949 ipsum
1355 1924 1473 1952 namque
1483 1922 1576 1946 nostra
1587 1919 1737 1955 disputatio

945 1956 1162 1993 investigandum
1173 1966 1340 1995 susceperat.

979 2003 1131 2032 CYR.Vide
1142 2004 1224 2039 igitur
1233 2006 1286 2034 hoc
1300 2007 1372 2034 idem
1382 2008 1445 2036 ﬁliis
1455 2009 1538 2038 Israel
1547 2011 1633 2039 Deum
1643 2016 1737 2048 aperte

944 2049 1093 2084 praecipere
1106 2059 1111 2076 :
1133 2050 1171 2077 illi
1184 2059 1301 2087 namque
1313 2053 1377 2080 lecti
1388 2054 1489 2083 milites
1500 2057 1603 2084 milleni
1615 2066 1664 2093 per
1678 2059 1736 2086 sin-

945 2096 1023 2130 gulas
1050 2097 1138 2124 tribus
1161 2097 1294 2125 adversus
1325 2099 1488 2129 Madianitas
1514 2104 1734 2139 contendebant;

945 2150 1062 2178 cumque
1085 2143 1229 2172 victoriam
1255 2146 1351 2180 procul
1370 2146 1455 2174 dubio
1472 2148 1567 2178 labore
1585 2159 1617 2178 ac
1635 2152 1736 2181 sudore

945 2187 1037 2222 adepti
1053 2193 1155 2221 essent,
1163 2197 1223 2224 qua
1232 2197 1267 2217 ex
1276 2190 1349 2218 bello
1359 2192 1525 2228 collegerant
1535 2202 1597 2222 cum
1607 2197 1736 2225 universa

946 2233 1037 2261 statim
1047 2243 1180 2271 synagoga
1191 2235 1355 2271 diviserunt,
1366 2242 1447 2273 atque
1461 2241 1599 2274 prazelaris
1613 2242 1667 2270 illis
1677 2243 1736 2271 for-

946 2280 1015 2307 tium
1033 2280 1155 2308 virorum
1165 2281 1243 2310 factis
1253 2288 1351 2311 caetera
1362 2284 1510 2312 multitudo
1520 2286 1663 2315 lionestata
1678 2293 1733 2316 est:

950 2335 958 2350 ι
976 2326 1109 2354 Dividetis
1118 2328 1202 2361 enim,
1213 2339 1221 2354 ι
1240 2329 1338 2364 inquit,
1357 2340 1365 2355 (
1378 2331 1475 2366 spolia,
1486 2335 1514 2359 tu
1525 2337 1551 2360 et
1563 2333 1676 2362 Eleazar
1690 2343 1734 2363 sa-

945 2373 1051 2405 cerdos,
1060 2377 1088 2400 et
1096 2374 1235 2410 principes
1244 2375 1408 2404 familiarum
1424 2385 1566 2414 synagoga:
1574 2400 1581 2411 ,
1591 2384 1618 2407 et
1629 2381 1735 2410 divide-

945 2420 980 2446 tis
995 2420 1081 2454 spolia
1092 2420 1163 2448 inter
1175 2421 1321 2450 bellatores
1331 2431 1456 2458 egressos
1465 2425 1498 2452 ad
1507 2433 1636 2460 pugnam,
1650 2432 1678 2454 ct
1692 2429 1734 2455 in-

946 2470 987 2493 ter
1003 2473 1111 2493 omnem
1132 2469 1396 2503 congregationem‘.
1412 2480 1421 2496 ›
1442 2471 1510 2499 Fore
1527 2477 1618 2500 autem
1629 2478 1732 2501 utcum

943 2511 1100 2540 lectissimis
1119 2512 1327 2549 illustribusque
1346 2515 1413 2543 viris
1431 2516 1542 2544 laudem
1566 2517 1605 2544 illi
1621 2526 1731 2554 quoque

944 2563 1158 2594 consequantur,
1175 2560 1275 2594 quibus
1286 2562 1411 2590 nonnihil
1422 2563 1454 2590 ad
1465 2564 1594 2592 virtutem
1604 2565 1692 2599 deest,
1703 2571 1732 2594 ct

944 2606 1054 2633 illorum
1072 2606 1155 2634 animi
1166 2607 1337 2635 nobilitatem
1347 2617 1361 2635 a
1374 2613 1450 2645 tergo
1459 2619 1524 2646 sequ
1530 2616 1623 2644 untur,
1634 2613 1732 2641 beatus

944 2660 1053 2688 quoque
1069 2653 1169 2681 Paulus
1179 2654 1295 2681 latenter
1305 2654 1445 2683 indicavit.
1457 2657 1524 2684 Nam
1539 2666 1601 2685 cum
1617 2667 1730 2686 enume-

943 2702 1029 2726 rasset
1037 2699 1141 2734 priscos
1149 2699 1211 2727 illos
1221 2703 1383 2735 sanctosque
1392 2702 1465 2730 viros
1477 2705 1524 2738 qui
1533 2704 1585 2732 fide
1594 2713 1728 2733 commenA

944 2745 1000 2773 dati
1014 2745 1140 2780 fuissent,
1151 2746 1252 2781 quique
1263 2748 1402 2785 prastanti
1421 2749 1449 2776 in
1462 2750 1547 2778 Deum
1557 2751 1657 2785 pietate
1671 2751 1727 2786 glo-
