1924 3043
203 137 257 164 535
720 133 747 161 S.
768 134 905 162 CYRILLI
927 134 1161 162 ALEXANDRINI
1184 134 1341 162 ARCHIEP.

1794 133 1851 161 336

204 193 274 220 riam
284 192 417 220 illustrem
429 191 480 219 sibi
491 191 726 226 comparavissent
735 200 741 218 :
749 192 803 219 «Ex
819 192 883 225 (ide,
896 192 990 228 inquit,

1050 192 1214 228 περιξανὴς,
1225 192 1279 219 ἀπό
1292 201 1324 226 γε
1337 192 1387 227 τῆς
1402 191 1441 224 είς
1452 191 1518 219 Θεὸν
1535 191 1667 228 ἀκριϐοῦς
1683 191 1828 223 εἰσεῦείας
1842 195 1848 201 ⁵

203 239 307 268 mortui
324 242 388 267 sunt
406 239 433 265 hi
448 245 553 270 omnes,
571 242 598 265 et
609 246 664 265 non
674 243 841 274 acceperunt
851 240 999 274 repromis—

203 286 295 314 siones
306 307 312 318 ,
325 286 381 313 Deo
397 292 448 320 pro
459 284 540 311 nobis
550 284 654 320 aliquid
672 285 772 313 melius
780 285 952 320 providente,
964 293 999 313 ne

203 333 262 360 sine
272 332 352 359 nobis
362 335 590 358 consummentur
599 331 620 358 ".
639 340 649 356 ›
663 331 766 358 Scribit
775 331 859 359 etiam
869 332 903 358 ad
909 331 978 359 alios
991 341 996 358 :

206 389 215 404 ι
228 379 287 406 Jam
305 377 421 414 perfecti
432 377 511 410 estis,
525 378 586 405 sine
595 377 676 405 nobis
694 378 844 413 regnastis,
855 382 883 406 et
893 378 998 405 utinam

202 425 375 460 regnassetis,
387 427 418 451 ut
427 428 455 451 et
472 431 523 451 nos
534 431 587 451 una
597 431 660 451 cum
670 424 749 451 vobis
760 431 940 459 regnaremus
950 424 959 439 ⁸
972 425 994 451 ε»

200 471 283 499 Vides
298 478 347 498 eos
361 470 409 506 qui
424 470 522 498 ordine
537 474 600 498 sunt
620 470 756 503 inferiori,
767 470 848 498 simul
858 477 921 497 cum
932 478 997 505 per-

199 518 278 545 fectis
295 516 477 552 perﬁciendos
494 524 572 549 esse;
593 524 656 543 cum
674 516 784 544 selectis
802 523 911 551 quoque
931 515 999 543 viris

199 562 418 596 benedicuntur,
433 561 480 597 qui
494 569 551 589 non
567 569 645 596 mque
659 561 766 588 viribus
786 561 885 588 valent.
903 560 998 587 Psallit

198 617 298 645 nempe
317 610 416 638 beatus
425 609 525 637 David:
542 618 550 634 ι
565 608 705 636 Benedicti
717 616 767 635 vos
782 615 798 634 a
810 607 936 639 Domino,
949 607 996 641 qui

198 656 264 684 fecit
279 656 379 684 caelum
398 659 426 683 et
445 659 564 687 terram;
586 654 726 682 benedixit
750 654 883 681 Dominus
902 653 996 680 domui

198 707 290 730 Aaron
304 711 310 736 ;
325 701 467 730 benedixit
483 701 615 728 Dominus
627 699 721 728 domui
740 699 824 727 lsracl
836 708 843 732 ;
855 698 997 726 benedixit

198 749 332 776 Dominus
343 748 376 776 iis
393 747 439 782 qui
453 746 715 782 timenlse,pusillis
725 754 788 774 cum
799 746 992 782 majoribus'.»

199 795 287 822 Simul
303 795 377 822 enim
389 801 450 821 cum
464 792 614 828 majoribus
629 791 832 819 benedicuntur
846 791 862 818 ii
881 791 928 826 qui
945 799 996 826 pti-

199 841 252 869 silli
272 844 417 873 vocantur,
435 838 481 874 qui
495 838 528 865 dc
549 838 608 873 pari
631 837 792 865 fortitudine
811 837 922 873 gloriari
939 845 993 864 non

1055 249 1063 264 ι
1078 239 1156 265 Κατὰ
1168 238 1271 270 πίστιν,
1284 247 1292 263 ι
1306 238 1399 274 φησὶν,
1414 247 1424 264 ‹
1438 238 1573 266 ἀπέθανον
1586 236 1657 265 οὗτοι
1669 238 1783 270 πάντες,
1801 238 1851 264 καὶ

1050 285 1100 311 οὐκ
1116 285 1280 320 ἐκομίσαντο
1294 285 1344 317 τὰς
1356 285 1534 320 ἐπαγγελίας,
1555 285 1601 312 τοῦ
1615 285 1682 312 Θεοῦ
1695 285 1850 321 περἰήμῶν

1050 330 1174 365 κρεῖττόν
1200 339 1225 357 τι
1253 330 1491 366 προϐλεψαμένου,
1521 331 1565 357 ἵνα
1595 331 1633 366 μὴ
1660 331 1747 366 χωρὶς
1766 331 1850 366 ἡμῶν

1049 376 1240 404 τελειωθῶσιν.
1261 387 1270 403 ι
1296 377 1464 404 Ἐπιστέλλει
1485 377 1514 404 δὲ
1533 377 1580 405 καὶ
1595 377 1717 413 ὲτέροις-
1743 387 1754 405 ί
1774 377 1850 412 Ἤδη

1049 423 1253 459 τετελειωμένοι
1269 424 1330 451 ἐστέ
1341 432 1349 440 ·
1366 424 1451 460 χωρὶς
1473 423 1551 460 ἡμῶν
1567 424 1778 456 ἐϐασιλεύσατε,
1799 425 1850 451 καὶ

1049 469 1152 504 ὤφελόν
1168 478 1200 504 γε
1217 469 1414 497 ὲὸασιλεύσατε
1425 490 1432 502 ,
1448 470 1492 496 ἴνα
1507 470 1554 497 καὶ
1570 470 1651 505 ἡμεῖς
1664 470 1729 505 ὑμῖν
1744 469 1841 505 συμΰα

1050 515 1229 552 σιλεύςωμεν.
1251 525 1260 542 ι
1281 517 1364 552 Ὁρᾷς
1393 516 1469 547 ὅπως
1491 515 1766 552 συντελειωθήσονται
1791 517 1849 546 τοῖς

1049 562 1077 588 ὲν
1090 562 1173 594 τέλει,
1190 563 1236 590 καὶ
1250 563 1274 589 οἰ
1289 562 1366 596 τάξιν
1377 562 1485 598 ἔχοντες
1498 563 1548 598 τὴν
1565 562 1685 590 καταδεᾶ
1696 581 1704 594 ,
1719 562 1769 589 καὶ
1783 570 1849 588 συν-

1053 607 1229 642 ευλογοῦνται
1251 609 1308 639 τοῖς
1327 607 1525 644 ὲξειλεγμένοις
1545 608 1570 634 οἱ
1599 607 1636 643 μὴ
1662 607 1724 633 κατ’
1746 607 1848 638 αὐτοὺς

1047 654 1202 687 εύσθενεῖς;
1220 654 1323 681 Ψάλλει
1340 655 1368 682 δέ
1394 663 1444 682 που
1469 655 1517 682 καὶ
1539 655 1554 681 ὁ
1580 654 1724 686 θεσπέσιος
1745 653 1846 680 Δαδιδ·

1050 708 1060 725 ι
1078 699 1353 735 Εὑλογημένοιὺμεϊς
1365 699 1403 736 τῷ
1414 699 1519 736 Κυρίῳ,
1533 699 1571 735 τῷ
1580 699 1723 734 ποιήσαντι
1741 699 1788 725 τον
1801 699 1847 725 ού‹

1049 743 1130 779 ρανὸν
1149 744 1196 770 καὶ
1216 746 1265 780 τὴν
1279 745 1332 780 γῆν
1345 753 1351 760 ·
1367 745 1499 780 εὖλόγησε
1514 745 1617 779 Κύριος
1628 743 1673 771 τὸν
1687 743 1762 771 οἷκον
1783 745 1845 771 Ἀα-

1049 790 1103 825 ρών
1113 798 1120 805 ·
1135 790 1267 826 εὐλόγησε
1282 791 1386 826 Κύριος
1399 791 1446 818 τὸν
1463 789 1538 818 οἶκον
1563 791 1673 826 Ἰσραήλ
1687 799 1693 805 ·
1711 791 1846 826 εὐλόγησε

1050 835 1156 872 Κύριος
1177 836 1241 868 τοὺς
1258 837 1442 872 φοϐουμένους
1456 837 1548 869 αὑτὸν,
1565 837 1628 868 τοὺς
1641 838 1758 873 μικροὺς
1776 837 1846 872 μετὰ

199 890 333 921 possunt,
352 885 454 920 quique
474 888 539 911 sunt
563 883 647 910 animi
666 882 807 910 alacritate
830 883 863 910 ad
885 883 990 910 labores

1046 882 1102 908 τῶν
1124 882 1261 917 μεγάλων.
1292 893 1301 909 ι
1327 883 1556 918 Συνευλογοῦνται
1581 885 1637 916 τοῖς
1664 883 1796 919 μεγάλοις
1820 884 1845 910 οι

199 930 356 958 tolerandos
387 929 543 960 inferiores,
573 930 631 955 zelo
660 935 726 955 vero
754 931 782 954 et
801 927 853 955 fide
881 928 996 955 forsitan

198 975 317 1010 tequales
327 995 334 1007 ,
345 978 427 1009 atque
444 972 605 1001 fortitudine
624 980 673 1008 pro
686 980 742 1000 suae
762 972 901 1001 facultatis
915 974 996 1002 modo

200 1021 279 1056 127
288 1020 429 1049 Christum
439 1019 604 1048 exhilarant.
612 1021 649 1046 Ac
661 1019 766 1055 Moyses
776 1025 803 1046 et
819 1019 932 1047 Eleazar
941 1028 994 1047 non

197 1067 316 1095 absurde
329 1067 443 1103 figuram
455 1071 550 1094 tenent
559 1065 672 1098 Christi,
684 1065 730 1100 qui
747 1065 819 1093 idem
831 1071 858 1093 et
867 1066 996 1094 sacerdos

197 1118 239 1142 est
254 1118 281 1142 et
296 1114 446 1150 legislator,
464 1113 661 1147 distribuitque
673 1113 774 1147 populo
784 1112 882 1147 spolia,
893 1113 995 1140 sanctis

197 1161 301 1196 angelis
310 1160 392 1187 simul
400 1159 553 1187 astantibus
564 1179 571 1191 ,
584 1166 701 1194 quorum
714 1159 827 1194 figuram
838 1163 937 1194 gerunt
955 1159 993 1186 illi

197 1206 337 1243 principes
350 1205 518 1232 familiarum
533 1211 686 1240 synagogte.
697 1204 738 1231 An
750 1209 778 1230 tu
789 1202 902 1232 minime
915 1208 995 1238 putas

196 1253 297 1280 multos
306 1259 367 1279 esse
377 1251 404 1278 in
415 1251 498 1278 terris
515 1254 624 1278 sanctos
635 1251 747 1285 angelos
759 1258 774 1277 a
785 1250 840 1277 Deo
857 1250 993 1277 constitu-

197 1303 240 1327 tos
264 1298 299 1326 ad
317 1305 397 1333 opem
416 1296 559 1324 ferendam
581 1295 719 1327 ﬁdelibus,
739 1303 770 1322 ac
789 1295 904 1330 populos
921 1303 992 1330 quo-

195 1346 227 1374 da
233 1345 343 1373 mmodo
355 1343 557 1372 moderandas?

232 1476 332 1504 PALL.
353 1476 410 1511 Ego
421 1483 488 1503 vero
502 1475 588 1502 fateor
605 1483 611 1500 :
628 1482 678 1501 cur
696 1474 770 1501 enim
787 1473 904 1509 negem?

231 1523 310 1551 CYR.
328 1523 467 1550 Venturos
480 1529 496 1549 e
511 1521 581 1548 C(elo
595 1525 770 1555 exspectatur
786 1519 913 1548 Christus
928 1528 989 1548 cum

196 1569 299 1598 sanctis
317 1568 435 1604 angelis;
453 1572 483 1596 et
503 1567 611 1595 sedebit
633 1568 660 1594 in
678 1567 743 1595 sede
761 1567 854 1601 gloriae
876 1575 942 1601 suae,
959 1575 991 1595 ac

195 1615 345 1644 distribuet
370 1615 452 1650 digna
476 1614 577 1649 cuique
601 1614 722 1648 praemia.
746 1614 918 1649 honoresque
942 1622 991 1649 pro

195 1666 271 1691 recte
298 1662 435 1690 factorum
463 1661 571 1688 ratione
594 1660 736 1696 rependet.
768 1660 885 1695 Ideoque
909 1660 991 1688 Isaias

195 1709 241 1736 ille
256 1708 366 1744 sapiens
379 1708 413 1735 de
428 1707 538 1739 Christo
556 1707 643 1735 dicit:
663 1716 673 1733 ‹
697 1707 843 1742 Propterea
863 1707 921 1742 ipse
939 1707 989 1734 do-

194 1754 347 1782 minabitur
368 1753 472 1786 multis,
493 1758 522 1781 et
541 1752 653 1780 fortium
681 1752 785 1779 dividet
807 1752 903 1787 spolia,
924 1759 989 1787 pro~

194 1805 289 1837 pterea
305 1800 379 1836 quod
399 1799 501 1828 tradita
520 1803 564 1828 est
584 1800 610 1827 in
635 1805 749 1826 mortem
767 1799 856 1826 anima
874 1799 944 1835 ejus,
962 1803 990 1827 et

194 1855 257 1876 cum
280 1846 372 1882 impiis
395 1849 537 1881 repulatus
551 1849 593 1873 est
609 1846 629 1872 ³.
647 1855 656 1871 ι
678 1845 730 1873 Per
750 1844 889 1872 Christum
907 1845 990 1880 igitur

194 1893 371 1929 prtemiorum
390 1893 550 1920 distributio
567 1894 621 1925 liel,
638 1892 683 1927 qui
703 1897 832 1927 tauquam
853 1900 901 1927 per
915 1892 989 1928 Moy-

193 1947 243 1967 sen
262 1944 290 1967 et
308 1940 421 1967 Eleazar
443 1938 585 1974 ﬁguratur.
609 1938 734 1966 Chrislns
753 1939 827 1965 enim
851 1939 987 1974 Iegislator

193 1990 237 2014 est
251 1986 332 2013 simul
348 1989 374 2012 et
393 1985 525 2019 pontifex.

187 2030 193 2048 ’
227 2031 317 2059 PALL
327 2051 335 2059 .
348 2030 457 2066 Optime
473 2030 587 2057 dictum.

229 2078 306 2105 (NR.
329 2076 362 2104 Si'
381 2080 473 2104 autem
491 2076 725 2104 animadvertatur
748 2085 808 2111 qua:
826 2081 933 2105 servata
952 2078 987 2105 sit

193 2125 222 2152 in
239 2123 433 2151 distribuendo
457 2123 536 2155 ratio,
552 2130 587 2149 an
608 2131 660 2150 non
678 2123 858 2152 admiratione
881 2124 985 2160 dignis-

193 2170 263 2197 sima
282 2169 466 2205 iudicabitur?

1049 927 1211 964 καλούμενοι
1224 929 1327 964 μικροὶ,
1343 930 1372 956 ὲν
1387 928 1467 965 ῥώμῃ
1480 930 1528 964 μὲν
1539 930 1669 965 ἐπαυχεῖν
1678 930 1729 956 οὑκ
1737 930 1846 965 ἔχοντες

1049 973 1104 1009 ἴσῃ,
1131 974 1180 1000 καὶ
1201 975 1262 1006 ταῖς
1285 975 1324 1006 είς
1350 974 1381 1001 τὸ
1408 976 1509 1010 χρῆναι
1526 975 1675 1010 τληπαοεῖν
1690 975 1845 1010 ἡττώμενοι

1048 1020 1225 1055 προθυμίαις,
1241 1021 1316 1057 ζήλῳ
1335 1021 1364 1048 δὲ
1381 1022 1452 1056 τάχα
1466 1021 1513 1048 καὶ
1528 1021 1617 1048 πίστει
1633 1022 1845 1057 παρισούμενοι,

1048 1067 1092 1092 καὶ
1105 1068 1165 1098 ταῖς
1174 1066 1246 1094 κατὰ
1256 1067 1370 1102 δύναμιν
1379 1067 1544 1099 εύσθενείαις
1551 1068 1668 1103 Χριστὸν
1683 1068 1844 1104 εὐφραίνον-

1048 1120 1104 1144 τες.
1123 1113 1178 1139 Καὶ
1190 1113 1276 1145 τύπος
1294 1113 1326 1140 ἂν
1339 1111 1393 1140 εἶεν
1407 1114 1510 1148 Μωσῆς
1526 1123 1556 1140 τε
1572 1114 1618 1140 καὶ
1638 1114 1773 1150 Ἐλεάζαρ
1785 1114 1845 1146 ἐνὸς

1046 1157 1093 1184 τοῦ
1107 1157 1258 1194 ἀρχιερέως
1268 1167 1298 1184 τε
1309 1159 1356 1185 καὶ
1366 1159 1514 1194 νομοθέτου
1529 1159 1658 1196 Χριστοῦ,
1667 1159 1844 1195 διανέμοντος

1045 1203 1084 1239 τῷ
1097 1203 1154 1240 λαῷ
1169 1204 1203 1231 τὰ
1213 1204 1311 1236 σκῦλα,
1327 1205 1598 1240 συμπαρεστηκότων
1609 1206 1733 1240 ἀγγέλων
1744 1207 1842 1241 ἁγίων.

1045 1247 1084 1277 ὧν
1095 1251 1142 1277 καὶ
1158 1250 1243 1283 τύπος
1259 1249 1313 1278 εἶεν
1328 1250 1362 1277 ἂν
1380 1251 1405 1277 οἱ
1421 1252 1552 1287 ἄρχοντες
1573 1251 1627 1278 τῶν
1651 1252 1777 1288 πατριῶν
1795 1253 1844 1288 τῆς

1045 1297 1223 1332 συναγωγῆς.
1240 1298 1275 1324 Ἦ
1297 1297 1348 1324 οὐκ
1363 1296 1433 1325 εἶναι
1451 1298 1504 1334 φὴς
1518 1297 1632 1330 πολλοὺς
1654 1299 1700 1325 ἐπὶ
1720 1299 1774 1336 γῆς
1788 1300 1843 1326 τῶν

1044 1342 1130 1377 ἁγίων
1154 1343 1289 1377 ἀγγέλων,
1313 1344 1389 1379 παρὰ
1410 1343 1479 1370 Θεοῦ
1492 1345 1686 1380 τεταγμένους,
1711 1345 1752 1377 εἷς
1763 1353 1797 1380 γε
1812 1346 1842 1372 τὸ

1043 1389 1099 1416 δεῖν
1114 1392 1171 1422 τοῖς
1201 1391 1412 1417 πεπιστευκόσιν
1429 1391 1596 1426 ἐπικουρεῖν,
1613 1391 1660 1418 καὶ
1676 1392 1760 1418 οἱονεὶ
1775 1392 1840 1418 καθ-

1043 1436 1169 1471 ηγεῖσθαι
1185 1436 1258 1463 λαῶν
1270 1446 1277 1469 ;

1081 1481 1186 1508 ΠΑΛΛ.
1205 1481 1289 1517 Φημί·
1309 1481 1367 1514 πῶς
1381 1479 1434 1517 γὰρ
1447 1481 1494 1515 οΰ;

1076 1526 1160 1553 ΚΥΡ.
1184 1527 1279 1560 Ἧξειν
1302 1527 1350 1553 ἀπ’
1375 1527 1492 1563 ούρανοῦ
1518 1527 1700 1563 προσδοκᾶται
1721 1529 1841 1564 Χριστὸς

1044 1571 1113 1606 μετὰ
1125 1572 1180 1599 τῶν
1195 1572 1280 1606 ἁγίων
1295 1573 1429 1607 ἀγγέλων,
1444 1573 1491 1599 καὶ
1506 1574 1642 1600 καθιεῖται
1657 1573 1705 1609 μὲν
1716 1575 1764 1601 ἐπὶ
1778 1574 1840 1610 θρό-

1043 1626 1087 1644 νου
1111 1617 1191 1652 δόξης
1216 1617 1310 1651 αὑτοῦ,
1340 1618 1508 1653 διανεμεῖται
1525 1618 1554 1646 δὲ
1581 1619 1688 1654 ἑκάστῳ
1710 1620 1746 1647 τὰ
1763 1621 1839 1656 αὐτῷ

1043 1664 1185 1700 πρέποντα
1195 1665 1275 1700 γέρα,
1288 1665 1335 1692 καὶ
1352 1665 1492 1699 ἀναλόγως
1506 1667 1562 1697 τοῖς
1580 1665 1777 1702 κατορθώμασι
1791 1667 1839 1698 τὰς

1041 1711 1142 1746 τιμάς⁴
1158 1711 1298 1747 τοιγάρτοι
1330 1713 1378 1738 καὶ
1399 1712 1413 1737 ό
1436 1712 1516 1746 σοφὸς
1542 1712 1608 1748 ἡμῖν
1633 1713 1751 1745 Ἡσαΐας
1774 1714 1838 1749 περὶ

1041 1758 1161 1794 Χριστοῦ
1179 1767 1246 1793 φησι
1257 1767 1263 1774 '
1282 1768 1290 1785 I
1305 1759 1355 1785 Διὰ
1369 1759 1448 1786 τοῦτο
1462 1760 1544 1792 αὐτὸς
1561 1760 1700 1797 κυριεύσει
1720 1762 1837 1795 πολλῶν,

1041 1805 1088 1832 καὶ
1099 1803 1153 1832 τῶν
1168 1805 1285 1840 ἰσχυρῶν
1302 1806 1392 1840 μεριεῖ
1408 1805 1503 1839 σκῦλα,
1516 1806 1574 1833 ἀνθ’
1588 1803 1625 1834 ὧν
1639 1807 1780 1844 παρεδόθη
1796 1809 1836 1840 εὶς

1041 1851 1156 1878 θάνατον
1170 1852 1186 1886 ἡ
1199 1851 1271 1887 ψυχὴ
1283 1851 1376 1883 αὐτοῦ,
1386 1853 1432 1878 καὶ
1446 1853 1538 1885 ἐντοῖς
1551 1854 1662 1889 ἀνόμοις
1673 1855 1810 1892 ἐλογίσθη.
1825 1866 1833 1882 ι

1047 1898 1091 1924 Ἐν
1104 1897 1215 1933 Χριστῷ
1226 1897 1372 1933 τοιγαροῦν
1393 1898 1410 1934 ἡ
1429 1899 1483 1925 τῶν
1497 1899 1607 1933 ἀγαθῶν
1618 1899 1789 1936 δισνέμησις,
1799 1901 1835 1932 ὡς

1040 1943 1068 1968 ὲν
1083 1942 1170 1978 Μωσῇ
1187 1951 1217 1968 τε
1243 1942 1290 1969 καὶ
1312 1942 1444 1978 Ἐλεάζαρ
1467 1944 1690 1980 ἐκτυπουμένων.
1713 1945 1833 1981 Νομοθέ-

1039 1998 1089 2025 της
1109 1989 1162 2024 γὰρ
1181 1991 1210 2016 ὲν
1221 1989 1311 2024 ταυτῷ
1328 1990 1375 2016 καὶ
1390 1990 1534 2025 ἀρχιερεὺς
1549 1992 1563 2018 ὁ
1577 1991 1704 2027 Χριστός.

1074 2036 1183 2063 ΠΑΛΛ.
1204 2036 1322 2072 Ἀριστα
1339 2036 1418 2071 ἔφης.

1071 2081 1154 2107 ΚΥΡ.
1174 2081 1222 2113 Τίς
1239 2081 1266 2108 δὲ
1281 2080 1312 2117 δὴ
1325 2082 1372 2108 καὶ
1385 2082 1466 2114 αὐτὸς
1478 2083 1492 2108 ό
1508 2083 1555 2110 τοῦ
1567 2084 1760 2119 διανείμασθαι
1772 2085 1832 2121 τρό-

1038 2136 1097 2159 πος,
1115 2125 1160 2163 ἆρ’
1177 2127 1239 2163 οὐχὶ
1252 2127 1404 2163 θαυμάζειν
1418 2127 1508 2162 ἄξιον;

227 2215 327 2243 PALL.
349 2215 420 2243 Sane
434 2215 563 2250 quidem:
576 2223 653 2251 aequa
668 2216 741 2243 enim
758 2221 844 2252 parte,
860 2217 906 2252 qui
925 2217 985 2245 hel-

1070 2217 1176 2244 ﬂAAA.
1194 2217 1269 2244 Πάνυ
1288 2217 1338 2253 μὲν
1355 2215 1411 2245 οὖν.
1433 2218 1478 2245 Ἑν
1494 2218 1538 2254 ἴσῃ
1554 2219 1608 2254 γὰρ
1622 2218 1705 2254 μοίρᾳ
1718 2219 1831 2256 τετίμη-

193 2261 250 2289 lum
267 2265 417 2296 gesserant,
434 2266 462 2289 et
477 2261 524 2297 qui
538 2261 707 2294 resederant,
724 2262 816 2289 donati
831 2267 904 2289 sunt.

227 2306 306 2335 ΟΥΕ.
325 2307 437 2334 Minime
454 2315 521 2335 vero
539 2315 627 2342 aequa,
641 2308 763 2339 minime,
776 2308 905 2342 inquam;
923 2307 986 2336 licet

192 2353 292 2389 praeda:
312 2353 397 2380 totius
421 2357 528 2389 partem
549 2354 690 2380 dimidiam
711 2354 860 2380 habuerint
879 2361 984 2389 pugna-

193 2404 277 2432 tores,
298 2399 411 2426 alteram
427 2408 493 2427 vero
511 2400 651 2427 dimidiam
673 2404 728 2427 tota
749 2408 884 2435 synagoga
901 2408 906 2426 :
924 2400 986 2426 uni-

191 2452 291 2473 versus
311 2452 430 2480 namque
453 2453 586 2472 numerus
608 2446 727 2473 filiorum
745 2446 828 2473 lsrael
851 2453 985 2472 summam

192 2495 385 2519 sexcentorum
415 2492 531 2519 millium
561 2492 714 2525 clliciebat,
748 2492 848 2519 additis
874 2492 908 2519 ad
933 2492 986 2520 tria

192 2538 278 2565 millia
305 2538 462 2573 quingentis
488 2539 703 2574 quinquaginta,
730 2539 853 2574 sejuncta
876 2547 909 2566 ex
933 2539 986 2566 hoc

192 2591 309 2611 numero
334 2589 414 2619 atque
439 2590 565 2619 exempta
588 2593 694 2612 summa
717 2585 801 2612 sacris
824 2585 984 2613 ministeriis

192 2629 290 2657 dicata:
322 2630 437 2657 tribus:
466 2639 597 2658 numerus
625 2635 716 2658 autem
743 2636 802 2658 erat
828 2632 988 2666 aptissimus

191 2683 291 2710 pugnae.
305 2683 361 2703 non
376 2677 462 2711 major
474 2684 556 2711 quam
571 2677 674 2704 milleni
691 2684 740 2712 per
753 2677 873 2713 singulas
886 2678 984 2705 tribus.

192 2721 294 2757 Spoliis
314 2722 397 2757 igitur
420 2723 448 2750 in
471 2731 565 2758 aequas
585 2724 725 2759 portiones
737 2723 904 2756 distributis,
922 2733 985 2752 cum

191 2767 327 2795 universa-
344 2769 442 2803 praeda:
464 2770 577 2797 dimidia
603 2777 666 2804 pars
684 2770 794 2804 utrique
815 2771 985 2798 multitudini

1039 2272 1083 2290 ται
1100 2263 1138 2298 τῷ
1155 2263 1268 2298 μαχίμῳ
1283 2263 1312 2290 τὸ
1323 2263 1454 2299 ἠρεμοῦν.

1072 2310 1154 2337 ΚΥΡ.
1171 2310 1229 2336 Οὐκ
1245 2309 1290 2345 ἴση
1306 2310 1355 2345 μὲν
1369 2307 1426 2342 οὖν,
1447 2310 1546 2337 πολλοῦ
1562 2319 1594 2346 γε
1609 2311 1657 2338 καὶ
1672 2311 1723 2343 δεῖ,
1740 2311 1791 2338 κᾶν
1808 2311 1832 2338 εί

1037 2355 1087 2391 τὴν
1116 2355 1162 2382 τοῦ
1190 2355 1290 2387 παντὸς
1308 2356 1435 2390 ἡμίσειαν
1463 2356 1512 2392 ἔχῃ
1537 2357 1568 2384 τὸ
1590 2357 1721 2392 μάχιμον,
1740 2357 1790 2392 τὴν
1805 2357 1831 2383 δὲ

1038 2401 1134 2436 ἑτέραν
1144 2401 1272 2437 ἡμίσειαν
1286 2402 1302 2437 ὴ
1319 2402 1393 2428 πᾶσα
1411 2403 1570 2438 συναγωγήι
1586 2402 1698 2438 σύμπας
1713 2403 1764 2438 μὲν
1778 2403 1830 2438 γὰρ

1037 2446 1091 2473 τῶν
1110 2445 1140 2478 ἐξ
1169 2446 1278 2482 Ἰσραὴλ
1296 2447 1310 2473 ὁ
1326 2447 1442 2483 ἀριθμὸς
1465 2449 1505 2479 εἰς
1531 2448 1675 2481 ἑξακοσίας
1703 2449 1829 2484 χιλιάδας
1848 2440 1849 2445 η

1037 2490 1082 2528 ἦν,
1099 2493 1146 2520 καὶ
1163 2493 1359 2525 πεντακοσίους
1374 2495 1544 2529 πεντήκοντα
1565 2496 1632 2530 πρὸς
1652 2496 1828 2531 τρισχιλίους.

1037 2539 1088 2565 ἀνὰ
1104 2538 1186 2574 μέρος
1199 2538 1282 2574 οὔσης
1299 2539 1345 2566 καὶ
1362 2539 1536 2575 ἐξῃρημένης
1557 2540 1603 2567 τοῦ
1618 2541 1770 2576 καταλόγου
1783 2541 1830 2576 τῇς

1038 2585 1231 2620 ἱερατευούσης
1247 2585 1343 2620 φυλῆς.
1360 2585 1468 2621 Πληθὺς
1482 2586 1511 2613 δὲ
1527 2585 1560 2622 ἦν
1575 2588 1769 2623 μαχιμωτάτη,
1789 2587 1829 2623 χί-

1035 2631 1088 2658 λιοι
1111 2631 1180 2658 κατὰ
1202 2632 1299 2667 φυλήν.
1331 2632 1376 2659 Ἐν
1403 2633 1453 2668 ἴσῳ
1478 2633 1510 2668 δὴ
1531 2631 1577 2660 οὖν
1597 2633 1828 2670 διαμοιρηθέντων

1035 2677 1089 2704 τῶν
1107 2677 1223 2709 σκύλων,
1239 2678 1286 2704 καὶ
1299 2678 1348 2714 τὴν
1360 2678 1408 2705 τοῦ
1432 2679 1531 2711 παντὸς
1547 2679 1675 2715 ἡμίσειαν
1695 2680 1828 2715 ἑκατέρας

1035 2723 1170 2760 λαχούσης
1189 2724 1319 2758 πληθύος,
1335 2725 1364 2752 ὲν
1383 2725 1474 2761 πολλῴ
1491 2725 1594 2753 πλείονι
1610 2728 1665 2758 τοῖς
1677 2726 1825 2756 ἐλάττοσιν,

1034 2772 1062 2798 αἱ
1081 2771 1172 2806 τιμαὶ,
1186 2771 1233 2797 καὶ
1249 2771 1310 2806 οὐχὶ
1320 2772 1378 2803 τοῖς
1389 2771 1496 2799 πλείοσι
1511 2772 1558 2801 καὶ
1574 2773 1785 2808 ύπερκειμένοις
1800 2771 1829 2813 ἔνη

226 2861 237 2877 ⁵
251 2860 334 2889 Hebr.
353 2870 389 2895 xi,
410 2862 454 2889 59.
494 2862 525 2888 ‘l
539 2861 601 2888 Cor.
614 2869 650 2894 tv,
670 2862 695 2889 8.
735 2863 829 2890 7Psal.
849 2871 922 2896 cxut,
947 2864 1046 2897 9,15.
1087 2867 1097 2882 ⁸
1118 2866 1168 2893 lsa.
1191 2874 1246 2899 Lm,
1269 2867 1312 2894 ἐξ.
