1924 3043
61 207 109 236 557

430 207 460 235 ΑΕ
480 207 699 236 ADORATIONE
718 209 751 236 IN
772 208 866 237 SPlRl'

926 210 970 236 ΕΤ
991 209 1173 237 VERITATE.
1193 210 1258 237 LIB.
1278 211 1322 238 IV.

1641 211 1692 237 538

63 265 181 302 ἀριθμῷ.
199 265 309 293 Οὐκοῦν
325 266 386 301 ἣτις
410 267 475 293 ποτέ
496 268 570 294 ἐστιν
595 268 611 302 ἡ
639 268 720 295 παντὶ
743 268 781 303 τῷ
798 268 854 304 λαῷ

919 269 1073 304 ontigisset,
1089 269 1176 297 multo
1195 270 1271 304 plura
1293 270 1403 304 prmmia
1425 269 1567 305 pauciores
1587 269 1692 296 habue—

63 312 232 347 δοθησομένη
257 312 321 344 δόξα
348 311 420 338 κατὰ
441 314 563 348 καιροὺς,
589 314 636 339 καὶ
659 314 707 348 τῆς
729 314 854 349 οὐρανίου

64 355 164 390 δωρεᾶς
178 355 211 382 τὸ
224 355 334 390 μέτρον,
350 355 451 392 ταύτης
464 357 481 391 ἡ
492 357 607 392 ἀκριϐὴς
621 358 703 384 οἱονεί
718 367 775 389 πως
790 358 855 393 ἡμί-

67 409 122 427 σεια
147 402 206 432 10E;
228 401 431 436 ὲξειλεγμένοις
454 403 705 439 ἀπονεμηθήσεται,
734 404 782 430 καὶ
805 404 857 440 τῆς

67 447 135 479 θείας
151 447 329 482 ἐπισκέψεως
338 448 430 480 ἀξίους
441 448 520 480 ὄντας
535 449 647 481 ἑαυτοὺς
660 449 856 483 ἀποφαίνουσι·

67 493 111 527 τῆς
124 492 153 518 δὲ
170 492 274 528 ἐτέρας
288 494 415 528 ἡμισείας
442 494 480 530 τῷ
500 495 582 521 παντὶ
596 494 693 530 πλήθει
710 494 858 531 δοθησομέ-

73 547 122 573 mg,
130 538 225 565 καίτοι
239 539 447 566 πλεονεκτοῦντι
454 540 579 567 τοσοῦτον
587 541 616 567 ὲν
628 540 748 577 ἀριθμῷ·
765 551 774 567 ε
790 541 859 568 Πολ-

68 584 166 620 λοὶγάρ
180 585 237 611 εισι
247 585 354 621 κλητοὶ,
363 585 449 621 ὀλίγοι
458 586 487 613 δὲ
499 586 622 613 ἐκλεκτοί
634 595 644 613 ι
659 606 667 614 .
681 607 688 613 .
705 607 712 614 .
727 607 734 615 .
753 607 761 615 .
775 587 859 623 βαθὺς

68 629 118 665 γάρ
131 631 146 656 ὁ
161 631 255 665 λόγος.

907 319 981 347 runt,
1000 322 1082 349 quam
1098 314 1155 347 alii,
1171 315 1217 349 qui
1237 315 1330 349 plures
1343 319 1429 347 erant,
1444 319 1472 342 et
1486 322 1599 342 numero
1614 314 1693 350 longe

907 360 1073 394 superiores.
1089 359 1174 394 Igitur
1192 357 1362 394 qumcuuque
1381 361 1426 387 illa
1445 365 1487 388 est
1504 360 1590 395 gloria
1615 368 1693 386 nien-

908 413 1028 440 suraque
1050 405 1115 432 doni
1134 406 1263 439 cmlestis,
1280 414 1340 440 quae
1357 414 1407 433 suo
1426 411 1547 441 tempore
1567 406 1694 433 universo

907 451 1009 486 populo
1029 451 1151 485 dabitur,
1170 453 1230 487 ejus
1252 460 1315 487 pars
1335 452 1448 479 dimidia
1469 453 1545 480 velut
1570 452 1694 487 diligenti

907 497 1014 525 ratione
1036 497 1123 525 divisa
1144 498 1254 526 selectis
1273 498 1339 525 viris
1364 499 1412 533 qui
1435 506 1465 525 se
1482 499 1574 526 divina
1603 499 1695 532 inspe—

908 543 999 570 ctione
1020 542 1118 579 dignos
1140 544 1336 578 praestiterunt,
1359 544 1510 577 tribuetur;
1530 545 1615 572 altera
1634 551 1696 578 pars

909 587 1022 615 dimidia
1052 588 1188 616 universa:
1219 589 1389 617 multitudini
1423 589 1546 623 dabitur,
1572 589 1698 624 quamvis

909 641 941 662 ea
970 635 1119 663 multitudo
1146 644 1261 663 numero
1285 636 1320 663 sit
1338 636 1418 671 longe
1441 636 1527 671 major
1552 645 1558 662 :
1585 645 1594 662 ι
1619 634 1697 662 Multi

70 677 139 704 enim
167 677 378 714 vocati,‘pauei
395 686 460 707 vero
478 679 592 707 electi’.
611 689 621 706 ›
648 679 690 707 An
706 687 741 708 ne
772 679 902 715 intelligis
921 681 994 716 quod
1022 681 1100 709 dico?
1128 690 1191 709 nam
1218 682 1363 709 obscurius
1386 686 1427 709 est
1447 682 1597 716 aliquanto,
1626 680 1699 716 quod

69 723 195 751 diximus.

101 772 206 798 ΠΑΛΛ.
237 772 362 808 Συνίημι.
389 773 422 800 Ei
449 773 502 809 γὰρ
526 775 573 800 καὶ
604 773 712 809 μέτοχοι
739 774 789 810 τῆς
806 773 860 800 τῶν

69 817 150 851 ἁγίων
169 818 294 853 ἐσόμεθα
308 819 397 854 δόξης,
417 819 475 846 ἀλλ’
500 817 546 846 οὖν
572 820 601 847 ὲν
631 820 734 855 μείοσιν
756 819 773 856 ἢ
799 820 860 847 κατ’

72 863 176 895 αὐτούς·
200 865 282 891 τουτὶ
304 865 359 902 γάρ
371 866 437 902 ἡμῖν
450 867 464 893 ὁ
482 866 560 901 λόγος
574 867 589 892 ό
608 867 653 898 σὸς
668 866 717 893 οὐκ
731 866 861 902 ἀμυδρῶς

72 911 272 940 ὑπαινίττεται.

103 956 186 983 ΚΥΡ.
209 956 314 993 Ὀρθῶς
325 957 404 993 ἔφης.
414 958 468 985 Θέα
480 959 508 985 δὲ
516 959 547 994 δὴ
556 958 625 994 πρὸς
637 957 742 990 τούτοις
756 958 858 995 ἕτερον,

72 1003 102 1030 δι’
114 1001 144 1030 οὗ
159 1003 283 1038 μάλιστα
299 1004 354 1031 τῶν
365 1005 564 1040 ἀνδριζομένων
580 1005 630 1041 τὴν
653 1007 691 1038 είς
707 1005 772 1032 Θεὸν
790 1007 862 1041 παῤ-

75 1049 168 1083 ρησίαν
185 1048 302 1076 εὔκολον
321 1050 394 1078 ίδεῖν.

105 1094 209 1122 ΠΑΛΛ.
233 1096 269 1122 Τὸ
285 1096 311 1122 τί
326 1096 354 1122 δὲ
371 1097 442 1132 φής;

105 1141 188 1167 ΚΥΡ.
207 1141 267 1174 Τὰς
280 1142 327 1176 μὲν
343 1142 397 1178 γὰρ
410 1143 570 1170 δυοκαίδεκα
584 1143 706 1178 χιλιάδας
719 1144 773 1170 τῶν
788 1143 864 1170 πολε-

77 1187 187 1221 μιστῶν,
203 1189 263 1215 ἀπὸ
278 1189 326 1224 τῆς
344 1189 391 1215 τοῦ
415 1189 515 1227 παντὸς
534 1190 661 1226 ἡμισείας
677 1190 727 1225 τῆς
745 1191 863 1225 ἐκνεμη-

76 1233 164 1268 θείσης
178 1234 276 1266 αὺτοῖς
289 1234 486 1270 προσκομίςειν
501 1235 669 1270 προστέταχε
690 1235 729 1271 τῷ
742 1236 865 1271 ἀρχιερεῖ

78 1281 138 1315 μίαν
165 1281 292 1316 κεφαλὴν
309 1281 363 1311 ἀπὸ
380 1282 575 1314 πεντακοσίων,
598 1282 626 1308 ἐν
640 1290 669 1308 τε
689 1283 746 1314 τοῖς
761 1281 865 1318 ἀνθρὼ-

77 1335 133 1357 ποις
148 1327 197 1353 καὶ
223 1328 253 1353 ὲν
270 1328 325 1359 τοῖς
353 1328 482 1363 κτήνεσι·
504 1328 552 1354 καὶ
576 1327 656 1354 τοῦτο
669 1326 703 1363 ἦν
719 1328 809 1359 αὐτοῖς
827 1327 866 1362 τῷ

79 1373 168 1408 Κυρίῳ
188 1373 221 1399 τὸ
234 1373 321 1405 τέλος.
344 1373 452 1409 Πληθύν
474 1382 505 1408 γε
528 1374 581 1410 μὴν
596 1374 645 1409 τὴν
664 1374 772 1409 ἑτέραν,
802 1373 866 1408 μίαν

77 1418 160 1454 ψυχὴν
183 1419 241 1446 ἀπὸ
265 1421 445 1455 πεντήκοντα,
470 1421 502 1455 τῇ
519 1420 583 1455 ἱερᾷ
605 1419 674 1455 φυλῇ
699 1418 865 1446 καταθέσθαι

77 1465 128 1492 δεῖν
144 1465 291 1493 ἐδικαίωσε
306 1466 418 1501 Κύριος.
441 1465 654 1497 Ἀνατυποῦντος
667 1465 694 1491 δὲ
707 1465 788 1491 πάλιν
799 1465 866 1499 ἡμῖν

78 1511 121 1538 τοῦ
138 1512 275 1548 Ἐλεάζαρ
284 1513 326 1547 ἐφ’
340 1511 438 1548 ἑαυτῷ,
448 1512 493 1538 τὸν
506 1512 554 1538 ἕνα
563 1521 592 1538 τε
606 1512 653 1539 καὶ
668 1511 747 1546 μόνον
759 1510 865 1543 ἀληθῶς

78 1558 220 1594 ἀρχιερέα,
242 1559 369 1585 τουτέστι
383 1558 512 1594 Χριστὸν,
528 1557 675 1592 ἐξαιρέτως
696 1558 744 1584 καὶ
758 1555 866 1591 ἀληθῶς

80 1604 123 1631 καὶ
138 1605 223 1631 οἱονεί
235 1614 295 1636 πως
306 1604 381 1640 αὐτῷ
394 1604 464 1631 κατά
478 1604 625 1640 πρόσωπον
641 1603 741 1636 ίδικῶς,
756 1602 867 1630 ἀνακεί-

81 1659 151 1677 σεται
164 1650 223 1677 τῶν
230 1650 425 1685 ὲξειλεγμένων
433 1650 450 1685 ὴ
459 1650 624 1686 δωροφορία-
635 1648 709 1684 αὐτῷ
716 1649 770 1683 γὰρ
781 1656 867 1684 προσ-

946 773 1045 801 PALL.
1074 773 1209 808 Intelligo.
1237 773 1305 801 Nam
1339 773 1391 800 etsi
1418 776 1578 800 sanctorum
1609 772 1702 808 gloria

915 819 996 854 128
1011 827 1106 846 sumus
1132 819 1218 847 futuri
1239 819 1399 855 participes,
1425 823 1546 846 attamen
1572 819 1701 853 pauciora

910 873 992 900 quam
1003 865 1042 892 illi
1053 874 1254 901 consequemur
1269 875 1274 893 :
1287 866 1314 894 id
1325 866 1400 893 enim
1413 866 1493 894 nobis
1503 864 1576 893 haud
1586 865 1702 892 obscure

913 916 960 939 tua
975 912 1096 940 insinuat
1111 913 1208 940 oratio.
1708 948 1710 950 ς

949 957 1028 985 CYR.
1047 958 1132 986 Recte
1151 959 1200 986 ais.
1221 959 1274 986 Sed
1294 959 1408 986 adverte
1423 958 1497 986 aliud
1516 961 1658 993 praeterea,
1675 956 1703 982 in

915 1012 970 1039 quo
995 1006 1112 1032 maxime
1138 1005 1260 1032 virorum
1279 1009 1455 1033 strenuorum
1481 1005 1510 1032 in
1532 1005 1618 1032 Deum
1633 1003 1705 1030 ﬁdu-

914 1049 986 1076 ciam
1005 1049 1099 1076 videre
1116 1050 1197 1078 facile
1216 1050 1315 1085 possis.

950 1095 1049 1122 PALL.
1070 1096 1142 1129 Quid
1162 1097 1229 1124 illud
1247 1097 1306 1124 est?

949 1142 1027 1170 CYR.
1048 1143 1105 1170 Illis
1128 1151 1247 1178 namque
1269 1143 1415 1171 duodecim
1438 1147 1622 1178 pugnatorum
1641 1141 1705 1169 mil-

914 1187 987 1215 libus
1012 1196 1046 1215 ex
1074 1189 1120 1215 illa
1144 1189 1230 1216 totius
1254 1189 1353 1223 pratdae
1385 1188 1500 1216 dimidia
1534 1192 1610 1224 parte
1645 1194 1707 1222 qua:

915 1234 983 1269 ipsis
1004 1234 1108 1262 tributa
1133 1234 1232 1267 fuerat,
1255 1235 1362 1271 singula
1388 1243 1404 1262 e
1431 1234 1589 1269 quingentis
1616 1232 1706 1268 capita

917 1286 971 1308 tam
993 1289 1026 1308 ex
1049 1281 1208 1309 hominibus
1231 1289 1313 1316 quam
1330 1289 1365 1308 ex
1385 1281 1532 1316 pecoribus
1552 1280 1651 1308 afferre
1671 1279 1707 1306 ad

916 1327 1075 1362 pontiﬁcem
1086 1327 1182 1362 jussit;
1201 1326 1230 1354 id
1244 1333 1304 1354 erat
1321 1327 1376 1354 illis
1397 1326 1493 1353 tributi
1512 1326 1572 1353 loco
1590 1325 1708 1352 Domino

917 1371 1096 1399 solvendum:
1126 1372 1174 1399 sed
1205 1372 1410 1400 multitudinem
1439 1372 1553 1399 alteram
1571 1371 1708 1398 animas.

917 1417 1119 1453 quinquagenis
1149 1418 1271 1453 singulas
1307 1418 1392 1445 tribui
1425 1425 1510 1445 sacrae
1533 1421 1563 1444 ut
1591 1416 1709 1444 solveret

918 1463 1051 1491 Dominus
1072 1464 1161 1499 jussit.
1190 1463 1259 1491 Cum
1288 1464 1372 1499 igitur
1400 1464 1429 1491 in
1458 1471 1487 1491 se
1509 1463 1568 1498 ipso
1594 1463 1708 1490 Eleazar

919 1509 1033 1545 figuram
1057 1515 1134 1545 gerat
1160 1510 1234 1537 illius
1261 1510 1309 1545 qui
1337 1517 1409 1537 unus
1430 1513 1473 1536 est
1494 1517 1526 1536 ac
1550 1508 1624 1536 solus
1642 1515 1707 1535 vere

919 1563 1043 1584 summus
1061 1556 1194 1591 pontifex,
1206 1556 1234 1583 id
1252 1561 1303 1589 est,
1323 1555 1437 1588 Christi,
1448 1556 1499 1590 ipsi
1517 1555 1655 1590 praecipue
1678 1562 1711 1583 ac

919 1611 994 1637 vere,
1012 1609 1041 1632 et
1057 1604 1260 1639 quodammodo
1286 1604 1409 1638 proxime
1430 1611 1462 1630 ac
1480 1603 1590 1638 proprie
1611 1610 1710 1630 conse—

920 1653 995 1677 crata
1007 1654 1071 1677 sunt
1083 1650 1233 1677 electorum
1248 1649 1370 1676 virorum
1384 1649 1455 1676 dona
1471 1658 1476 1675 :
1491 1649 1540 1683 ipsi
1554 1648 1629 1676 enim
1643 1648 1710 1676 οσο-

81 1696 184 1731 άγουσι,
199 1696 416 1732 μεσολαὸοὖντος
435 1697 558 1728 οὐδενός·
582 1696 596 1722 ὃ
620 1695 652 1731 δὴ
669 1695 716 1721 καὶ
737 1694 821 1730 ἔδρων
843 1694 866 1720 οἱ

920 1700 995 1728 runt,
1007 1703 1061 1723 non
1077 1695 1140 1728 alio,
1153 1695 1199 1730 qui
1213 1695 1338 1730 accipiat,
1351 1694 1526 1729 interposito;
1538 1694 1612 1729 quod
1621 1694 1710 1728 ipsum

82 1742 210 1776 μακάριοι
233 1742 364 1777 μαθηταὶ,
387 1740 471 1776 δρῶσι
495 1741 523 1767 δὲ
543 1740 584 1767 ἔτι
610 1740 658 1766 καὶ
680 1739 728 1767 νῦν
750 1740 775 1765 οἱ
796 1738 867 1765 λαῶν

81 1789 235 1824 ἡγούμενοι,
254 1790 319 1820 τοὺς
334 1789 381 1814 ἐπὶ
399 1789 438 1823 τῷ
454 1788 517 1822 θείῳ
532 1787 690 1823 κηρύγματι
708 1786 805 1818 πόνους
821 1787 870 1813 ὶδι-

81 1835 125 1862 κδν
139 1835 270 1871 ἀνάθημα
287 1834 444 1870 ποιούμενοι
456 1834 495 1869 τῷ
511 1832 637 1869 Χριστῷ’
651 1834 667 1868 ή
682 1832 710 1859 δὲ
725 1832 805 1867 ἑτέρα
816 1831 868 1858 τῶν

82 1881 296 1916 εὐδοκιμούντων
313 1881 417 1916 πληθὺς
432 1881 550 1907 ποιεῖται
571 1879 620 1914 μὲν
637 1878 686 1910 τὰς
699 1877 869 1913 δωροφορίας

82 1927 118 1958 είς
125 1926 204 1959 δόξαν
221 1926 351 1962 Χριστοῦ,
365 1925 434 1961 πλὴν
449 1925 495 1952 διὰ
509 1924 601 1960 μέσον,
620 1923 754 1958 κειμένων
771 1922 867 1956 ἁγίων.

83 1972 116 2004 ὡς
122 1972 149 1999 ἐν
158 1981 191 2007 γε
201 1974 234 2008 τῇ
245 1973 307 2008 ἱερᾷ
318 1972 387 2008 φυλῇ
398 1971 559 2006 νοουμένων·
573 1970 679 2005 εἴρηται
694 1969 748 2004 γάρ
756 1977 762 1984 ·
770 1979 779 1994 ι
789 1968 869 2000 Γένος

83 2018 218 2050 ἐκλεκτὸν,
240 2017 374 2052 βασίλειον
395 2017 554 2052 ἱεράτευμα.
574 2025 583 2041 ι
601 2014 705 2042 Οὐκοῦν
722 2014 766 2041 διὰ
780 2014 869 2050 μέσων

83 2063 163 2097 ἁγίων
176 2065 194 2099 ἡ
208 2065 248 2096 εἰς
261 2063 326 2090 Θεὸν
349 2063 431 2094 αἰδὼς
446 2063 493 2089 καὶ
507 2062 536 2089 τὸ
550 2062 631 2093 σέὸας
648 2061 748 2093 αὐτῶν,
765 2068 869 2095 καρπο-

84 2110 234 2144 φορούντων
254 2111 315 2145 μὲν,
333 2110 363 2136 οὺ
387 2109 440 2145 μὴν
457 2109 612 2144 ἀνήκουσαν
628 2107 720 2138 ίδικῶς
739 2107 778 2141 τῷ
786 2115 866 2143 προσ-

85 2155 146 2191 ώπῳ
159 2155 280 2191 Χριστοῦ
307 2155 478 2189 ποιουμένων
498 2154 546 2189 τὴν
563 2153 743 2189 δωροφορίαν.
765 2152 870 2178 ὐποίὀν

85 2211 108 2228 τι
121 2202 271 2238 κατορθοῦν
290 2201 457 2233 ἐσπούδαζον
472 2202 496 2228 οἱ
518 2202 567 2233 τὰς
582 2200 753 2235 καλουμένας
777 2199 870 2234 λογίας

86 2247 280 2283 συμφέροντες,
299 2247 346 2274 καὶ
357 2247 495 2278 διακονίας
511 2247 665 2281 πέμποντες
679 2247 735 2277 τοῖς
745 2245 832 2279 ἁγίοις
842 2245 870 2271 ὲν

91 2293 276 2329 Ἰερουσαλὴμ,
288 2293 305 2328 ἢ
321 2294 369 2319 καὶ
384 2293 418 2319 δι’
438 2292 603 2327 ἡστινοσοῦν
611 2292 706 2328 ἐτέρας
723 2290 871 2327 θεραπείας

86 2340 270 2375 ἀνακτώμενοι
292 2340 355 2372 τοὺς
381 2339 577 2375 ἀνακειμένους
606 2339 675 2374 Θεῷ.
707 2338 801 2365 Ἰδικὸν
824 2335 870 2366 οὖν

920 1741 994 1769 beati
1009 1741 1047 1768 illi
1060 1741 1187 1776 discipuli
1200 1740 1340 1773 fecerunt;
1357 1741 1462 1768 faciunt
1475 1740 1558 1768 etiam
1574 1740 1626 1767 hoc
1643 1745 1711 1767 tem-

919 1794 987 1822 pore
1002 1786 1165 1821 populorum
1181 1785 1330 1820 principes,
1346 1785 1393 1820 qui
1413 1790 1555 1820 susceptos
1572 1785 1599 1812 in
1617 1785 1711 1812 divina

919 1831 1113 1866 praedicatione
1137 1831 1247 1859 labores
1270 1831 1346 1858 velut
1366 1831 1468 1858 donum
1488 1830 1625 1865 quoddam
1645 1839 1710 1865 pro-

919 1878 1010 1912 prium
1026 1878 1137 1905 Christo
1156 1878 1294 1905 dedicant.
1311 1878 1357 1905 Illa
1373 1885 1455 1913 porro
1476 1878 1561 1905 altera
1580 1878 1710 1913 probato-

920 1933 983 1952 rum
1004 1925 1146 1952 hominum
1170 1924 1328 1957 multitudo,
1348 1924 1428 1952 oifert
1450 1924 1562 1959 quidem
1587 1924 1659 1951 dona
1682 1924 1711 1952 in

920 1971 1023 1998 Christi
1038 1971 1162 2006 gloriam,
1180 1978 1234 1998 non
1252 1975 1344 1998 tamen
1363 1971 1416 1998 nisi
1438 1979 1487 2006 per
1509 1975 1618 1998 sanctos
1636 1971 1713 1998 viros

921 2018 1107 2052 interpositos,
1124 2017 1170 2052 qui
1186 2025 1235 2052 per
1252 2024 1357 2044 sacram
1377 2017 1478 2044 tribum
1495 2017 1686 2052 intelliguntur
1703 2026 1709 2043 :

921 2064 1024 2092 dictum
1047 2071 1167 2098 namque
1185 2067 1228 2091 est
1244 2072 1250 2090 :
1271 2073 1280 2089 ι
1298 2063 1390 2091 Genus
1410 2064 1539 2096 electum,
1555 2063 1646 2098 regale
1666 2070 1711 2090 sa—

921 2109 1073 2137 cerdotium
1091 2109 1122 2136 ”.
1144 2119 1153 2134 ι
1181 2109 1266 2144 Igitur
1291 2114 1447 2137 sanctorum
1473 2109 1596 2137 virorum
1623 2109 1710 2137 inter-

918 2156 993 2191 jcetu
1023 2154 1169 2182 exhibetur
1197 2153 1310 2189 quidem
1339 2154 1374 2181 ab
1404 2154 1584 2182 oﬂ‘erentibus
1610 2153 1657 2181 illa
1682 2153 1711 2181 in

921 2201 1007 2228 Deum
1033 2200 1188 2228 reverentia
1211 2208 1242 2227 ac
1265 2201 1424 2233 veneratio;
1446 2208 1502 2228 non
1523 2204 1616 2227 tamen
1635 2200 1710 2235 ejus-

921 2247 995 2274 modi
1012 2247 1114 2274 donum
1130 2246 1164 2274 ab
1180 2246 1213 2274 iis
1228 2246 1352 2279 offertur,
1370 2246 1442 2281 quod
1458 2247 1568 2282 proprie
1582 2246 1616 2274 ad
1630 2246 1710 2274 Chri-

921 2293 956 2321 sti
980 2301 1125 2328 personam
1151 2293 1275 2328 proxime
1300 2293 1445 2327 pertineat.
1471 2293 1611 2328 Ejusmodi
1643 2293 1711 2320 illud

921 2338 990 2372 fuit,
1012 2338 1085 2374 quod
1107 2338 1217 2366 edicere
1239 2338 1387 2366 studebant
1411 2339 1429 2365 ii
1455 2339 1502 2373 qui
1524 2338 1652 2366 collectas
1671 2339 1712 2367 sic

86 2386 213 2422 ἀνάθημα
225 2387 264 2421 τῷ
278 2385 348 2422 Θεῷ,
363 2386 417 2413 τῶν
430 2385 658 2421 ὲκπρεπεστέρων
672 2385 706 2412 τὰ
723 2385 809 2421 δῶρα·
826 2385 866 2412 διὰ

923 2391 981 2413 tum
1009 2386 1158 2421 appellatas
1183 2385 1370 2417 conferebant,
1390 2389 1417 2412 et
1443 2385 1595 2413 ministeria
1619 2386 1711 2415 mitte-

88 2432 173 2466 μέσων
188 2433 210 2459 δ’
226 2432 321 2468 ὥσπερ
335 2433 430 2466 ἁγίων,
446 2432 494 2458 καὶ
506 2431 544 2464 ὡς
559 2433 588 2458 έν
598 2431 712 2467 δευτέρᾳ
721 2431 806 2463 τάξει,
825 2431 872 2458 καὶ⁵

87 2479 167 2513 ἡτῶν
187 2478 401 2514 ὑποδεεστέρων.
417 2479 473 2505 Καὶ
496 2479 520 2505 οἱ
537 2477 586 2513 μὲν
603 2477 657 2504 ἀπὸ
683 2477 871 2504 πεντακοσίων

89 2525 150 2559 μίαν
169 2524 341 2561 προσάγουσι
360 2523 459 2559 ψυχὴν,
479 2524 502 2550 οἱ
517 2523 546 2550 δὲ
565 2522 618 2550 ἀπὸ
638 2524 824 2558 πεντήκοντα·
844 2523 873 2549 ὲν

88 2570 207 2598 ἐλάττοσι
219 2570 274 2606 γὰρ
287 2570 427 2605 ὀφλήμασι
443 2570 474 2596 τὸ
488 2569 708 2606 εὐδοκιμοῦν,διὺ
724 2570 771 2597 καὶ
789 2570 873 2604 μείων

89 2617 104 2652 ἡ
119 2616 273 2652 προσφορά·
284 2617 314 2643 ὲν
325 2616 415 2652 πολλῷ
426 2617 454 2644 δὲ
473 2617 579 2643 πλείοσι
595 2617 625 2643 τὸ
638 2616 760 2649 ὐποδεὲς,
776 2617 817 2643 διδ
826 2617 871 2643 καὶ

90 2663 116 2689 ἐν
134 2663 244 2698 ἀριθμῷ
267 2662 370 2689 πλείονι
386 2662 419 2689 τὰ
433 2663 673 2698 προσκομιζόμενα
687 2663 753 2699 παρ’
771 2663 872 2696 αὐτῶν,

90 2708 224 2744 ἀναλόγως
245 2711 301 2741 τοῖς
325 2709 440 2736 ἑκάστου
457 2710 620 2746 πταίσμασι,
635 2710 670 2737 τὰ
689 2710 760 2746 ὑπὲρ
783 2709 874 2737 αὐτῶν

95 2755 294 2791 προσφέρεται·
316 2765 325 2781 ι
342 2752 377 2791 ’ᾭ
390 2755 444 2791 γὰρ
458 2756 549 2782 πλεῖον
572 2756 751 2791 ἀφεθήσεται,
767 2765 775 2781 ι
793 2755 871 2790 φησὶ,

95 2809 103 2825 ι
115 2800 201 2828 πλεῖον
213 2801 364 2836 ἀγαπήσει·
377 2801 425 2828 καὶ
435 2798 456 2836 ᾧ
468 2802 497 2828 τὺ
508 2802 617 2829 ἔλαττον
627 2802 746 2837 ἀφίεται.
763 2801 873 2828 ἔλαττον

93 2847 238 2884 ἀγαπήσει.
257 2858 267 2874 ι
282 2849 489 2875 Δεκαπλασίονα
508 2849 653 2884 τοιγαροῦν
689 2848 873 2884 προσφέρουσι

924 2433 991 2460 bant
1009 2432 1111 2459 sanctis
1127 2431 1173 2466 qui
1194 2437 1275 2459 erant
1294 2431 1321 2458 in
1336 2431 1503 2464 Jerusalem,
1526 2432 1570 2459 vel
1587 2441 1711 2467 quocun-

924 2487 977 2514 que
996 2479 1050 2506 alio
1068 2478 1193 2513 obsequii
1213 2485 1312 2513 genere
1336 2478 1460 2505 homines
1479 2478 1588 2506 Christo
1608 2480 1713 2507 dicatos

925 2525 1087 2553 recreabant
1103 2524 1134 2551 “.
1160 2524 1231 2559 Ergo
1258 2523 1368 2551 Christo
1395 2525 1506 2559 proprie
1535 2525 1624 2553 dicata
1647 2532 1713 2554 sunt

925 2570 1146 2606 praestandorum
1174 2570 1316 2597 hominum
1341 2570 1436 2597 dona:
1460 2571 1507 2598 sed
1532 2571 1577 2599 illa
1603 2579 1712 2607 quoque

926 2617 1088 2644 inferiorum
1109 2616 1211 2644 oblatio
1232 2624 1282 2651 per
1300 2621 1409 2644 sanctos
1425 2616 1510 2644 veluti
1528 2625 1577 2652 per
1594 2618 1712 2646 mediam

925 2671 1037 2691 manum
1062 2663 1096 2690 ad
1122 2663 1248 2691 eumdem
1268 2663 1396 2698 pertinet,
1415 2671 1446 2690 ac
1470 2663 1560 2691 locum
1578 2665 1710 2699 quodam-

925 2710 1007 2737 modo
1034 2709 1184 2736 secundum
1211 2713 1294 2736 tenet.
1321 2709 1454 2736 Przeberea
1480 2709 1519 2736 illi
1545 2710 1656 2744 quidem
1679 2719 1711 2738 ex

925 2753 1092 2788 quingentis,
1109 2753 1136 2780 hi
1152 2761 1218 2780 vero
1236 2761 1269 2780 ex
1284 2752 1479 2788 quinquaginta
1497 2762 1578 2782 unam
1594 2756 1711 2783 animam

925 2798 1044 2826 offerunt
1061 2808 1067 2825 :
1085 2799 1175 2826 minus
1191 2799 1291 2834 quippe
1311 2798 1411 2826 debent
1433 2799 1472 2826 illi
1488 2801 1719 2835 praestantiorem.

924 2845 1042 2878 ideoque
1057 2845 1147 2872 minor
1161 2850 1203 2872 cst
1217 2853 1312 2872 eorum
1328 2845 1429 2871 oblatio
1447 2855 1453 2872 ε
1471 2851 1500 2874 at
1517 2855 1581 2875 vero
1597 2847 1710 2874 inferio-

142 2942 152 2958 ⁹
170 2941 265 2970 Matth.
279 2949 324 2974 xx,
339 2940 380 2967 16.
421 2942 441 2957 ¹⁰
455 2941 549 2969 IPctr.
561 2940 629 2974 11,9.
651 2940 669 2974 'f
682 2940 763 2968 Num.
776 2947 819 2972 xv,
831 2937 843 2965 i
855 2944 930 2972 5qu.
943 2944 950 2970 ;
964 2936 1076 2970 Actﬂi,
1090 2937 1131 2971 i7;
1147 2938 1168 2965 ll
1182 2937 1244 2966 Cor.
1255 2946 1292 2972 l.\‘,
1307 2938 1318 2964 1
1336 2946 1413 2972 seqq.
