1924 3043
210 194 263 223 539

707 195 734 222 S.
755 195 892 223 CYlllLLl
911 196 1144 224 ALEXANDRINI
1165 197 1323 227 ARCHlEP.

1784 195 1841 223 540

209 265 253 285 res
270 257 310 285 illi
324 257 402 291 longe
418 255 494 290 plura
514 255 615 283 debent
634 265 640 282 :
659 264 713 290 quo
730 257 760 283 ﬁt
783 261 813 283 ut
830 257 907 292 plura
926 265 980 291 quo

1047 258 1123 293 παρὰ
1139 259 1201 290 τοὺς
1217 259 1430 294 ἐξειλεγμένους,
1445 259 1469 285 οἱ
1481 259 1517 294 μὴ
1535 258 1594 284 κατ’
1609 258 1717 290 αὐτοὺς,
1730 258 1781 293 οὐχ
1799 258 1843 288 ὡς

206 310 260 338 quc
274 303 328 330 sint
342 309 456 329 numero
482 309 542 336 qua:
559 302 592 329 ab
610 302 663 329 illis
678 302 845 335 offeruntur;
861 303 995 338 siquidem

205 356 256 383 pro
275 349 408 384 cujusque
426 347 592 375 offensarum
612 348 717 375 ratione
735 348 805 375 dona
820 356 929 383 quoque
945 356 995 383 pro

205 394 301 422 iisdem
315 394 484 422 offeruntur:
499 404 507 420 (
524 394 573 423 Cui
588 395 660 422 enim
676 395 737 430 plus
751 395 909 427 dimittitur,
928 405 937 420 ‹
951 395 994 422 in—

203 441 273 474 quit,
293 450 301 466 ι
319 441 380 476 plus
394 441 504 476 diliget;
520 446 548 468 et
559 442 604 468 cui
620 441 711 469 minus
723 442 883 475 dimittitur,
900 443 992 470 minus

203 487 297 522 diliget
317 488 348 514 ".
372 498 381 514 ν
417 488 496 523 129
520 489 618 517 Decem
650 490 733 524 igitur
762 489 885 524 partibus
913 490 990 524 plura

202 541 284 568 quam
303 533 341 563 illi
361 534 453 562 selecti
471 535 591 562 offerunt
614 536 631 563 ii
659 536 706 570 qui
720 535 832 563 minime
853 539 917 562 sunt
938 534 992 562 illis

200 579 304 607 virtute
319 588 417 615 pares:
434 589 488 608 non
503 582 576 616 quod
586 581 769 617 religiosiores
786 581 850 613 sint,
867 580 991 607 laudabi-

200 625 308 661 liusque
330 627 434 660 vivant,
453 628 500 655 sed
524 628 597 663 quod
623 628 710 654 multo
733 627 858 662 pluribus
883 626 991 653 delictis

1048 304 1236 341 εὐλαϐέστεροι
1267 306 1312 332 καὶ
1341 305 1440 337 ζῶντες
1464 304 1683 340 ιπιεικέστερον,
1713 303 1772 330 ἀλλ’
1800 303 1843 335 ὡς

1047 349 1136 384 πολλῷ
1151 350 1272 378 πλείοσιν
1284 351 1438 386 ὲνεχὸμενοι
1448 350 1609 385 πταίσμασι,
1622 350 1670 376 καὶ
1679 349 1844 376 πολλαπλομ

1047 395 1133 426 σιονος
1145 396 1296 430 ἀναγκαίας
1310 396 1432 431 δεόμενοι
1449 395 1494 423 τοῦ
1517 395 1700 431 καθαρισμοῦ.
1719 395 1764 426 Ὧς
1781 394 1842 429 γὰρ

1045 441 1154 475 εἴρηκεν
1167 443 1182 468 ό
1200 442 1313 477 Σωτήρ·
1332 452 1341 468 ι
1366 443 1395 468 '0
1414 442 1574 477 λελουμένος
1601 442 1632 468 οὺ
1652 440 1747 476 χρείαν
1766 441 1840 474 ἔχει,

1044 487 1068 513 εἰ
1083 487 1120 523 μὴ
1132 488 1196 519 τοὺς
1208 489 1290 520 πόδας
1303 489 1441 524 νίψασθαι,
1459 488 1517 515 ἀλλ’
1531 488 1588 514 ἐστι
1599 488 1718 522 καθαρὸς
1733 487 1804 518 ὅλος.
1825 495 1837 511 ι

1045 533 1235 570 Σμικροτάτης
1252 535 1280 561 δὲ
1302 536 1399 570 κομιδῇ
1412 537 1468 566 τοῖς
1491 535 1580 569 ἁγίοις
1597 533 1760 568 καθάρσεως
1778 532 1836 558 δεῖ·

1044 581 1117 606 νοσεῖ
1129 580 1184 616 γὰρ
1204 581 1220 616 ὴ
1237 581 1327 615 φύσις,
1349 581 1378 608 τὸ
1399 581 1436 617 μὴ
1452 580 1582 608 δύνασθαι
1597 579 1740 610 παντελῶς
1756 579 1840 614 ἀμοι-

1045 627 1101 661 ρεῖν
1121 627 1266 663 ἁμαρτίας.

200 675 313 703 obnoxii
331 680 485 708 teneantur,
510 676 619 710 illisque
641 675 721 710 longe
747 675 849 710 majore
862 674 1024 709 purgatione
1043 673 1079 701 sit
1098 681 1175 709 opus.
1201 675 1236 702 llt
1257 676 1332 703 enim
1357 676 1395 703 ait
1414 675 1537 703 Salvator
1556 684 1562 702 :
1581 684 1591 700 ‹
1610 674 1662 708 Qui
1689 674 1763 701 lotus
1780 676 1835 704 est,

200 730 256 750 non
278 723 382 758 indiget
402 723 456 750 nisi
480 727 509 749 ut
531 723 614 757 pedes
633 723 721 754 lavet;
741 722 789 748 sed
809 725 851 748 est
868 720 988 748 mundus
1006 723 1080 747 totus
1094 721 1126 748 ".
1144 731 1152 746 ι
1171 722 1275 758 Exigua
1306 730 1387 757 porro
1418 722 1579 757 purgatione
1593 721 1695 748 sanctis
1709 720 1778 747 viris
1793 724 1838 747 est

200 778 287 806 opus;
303 770 409 797 laborat
427 771 500 797 enim
517 778 550 798 eo
566 770 663 798 morbo
683 769 826 797 hominum
847 772 955 800 natura,
973 769 1004 793 ιιι
1020 767 1124 800 peccati
1140 776 1239 803 expers
1252 777 1311 796 esse
1325 769 1436 796 omnino
1452 777 1506 797 non
1522 767 1619 802 possit.
1755 759 1759 762 ’

234 816 334 844 PALL.
356 817 441 844 Recte
458 816 508 844 ais.

234 862 313 890 ΟΥΕ.
334 863 375 890 llli
393 863 476 898 igitur
498 871 513 890 e
534 863 662 890 tribubus
684 863 747 890 lecti
766 862 818 889 viri
836 860 937 889 divinis
950 859 992 886 le-

199 908 279 942 gibus
304 909 443 941 obsecuti,
467 917 529 936 cum
555 913 610 936 tota
634 916 767 945 synagoga
788 907 852 935 belli
871 905 992 942 praedam

198 954 292 988 partiti
308 958 381 986 sunt,
398 954 604 989 oblationesque
625 955 681 981 Dco
697 954 868 984 obtulerunt,
884 955 915 979 ut
932 951 992 986 lege

198 1000 378 1027 constitutum
392 1005 450 1027 erat
464 1009 469 1026 ι
487 1004 513 1027 at
531 1008 596 1027 vero
610 1000 775 1027 selectorum
788 999 882 1029 duces,
898 1002 929 1025 ut
944 997 991 1032 qui

198 1045 284 1079 gloria
312 1053 394 1080 quam
414 1047 504 1073 caeteri
521 1050 613 1074 essent
631 1045 804 1077 illustriores,
823 1044 903 1071 donis
920 1051 990 1078 quo-

197 1099 251 1125 que
278 1092 515 1126 praestantioribus
537 1093 622 1120 Deum
649 1097 824 1120 venerantur.
849 1091 894 1118 Sic
916 1090 988 1117 enim

197 1137 296 1165 scribit
315 1146 410 1166 rursus
428 1147 434 1165 :
454 1148 463 1164 ‹
481 1139 515 1166 Ει
530 1143 705 1166 accesserunt
719 1139 752 1166 ad
769 1138 877 1173 Moysen
895 1144 989 1164 omnes

196 1183 339 1210 constituti
370 1185 398 1210 in
429 1184 571 1211 tribunatu
601 1185 755 1216 exercitus,
785 1182 931 1210 millenarii
961 1185 989 1208 et

196 1229 391 1262 centuriones,
420 1234 448 1257 et
477 1230 607 1258 dixerunt
633 1230 667 1257 ad
697 1231 832 1266 Moysen:
851 1230 927 1257 Servi
948 1229 987 1256 tui

195 1278 362 1308 acceperunt
375 1283 508 1302 summam
523 1276 645 1302 virorum
666 1275 828 1302 bellatorum
852 1275 899 1310 qui
914 1274 988 1309 apud

195 1326 248 1346 nos
261 1324 336 1352 sunt,
351 1324 379 1347 et
396 1329 451 1348 non
466 1321 553 1348 defuit
569 1321 603 1348 ab
620 1321 674 1348 illis
690 1330 725 1349 ne
740 1330 811 1349 unus
826 1322 947 1357 quidem.
959 1325 987 1348 et

195 1365 348 1394 obtulimus
372 1367 474 1394 donum
501 1368 631 1400 Domino,
658 1368 700 1394 vir
728 1368 775 1403 qui
812 1368 917 1395 invenit
939 1375 986 1395 vas

195 1419 320 1445 aureum,
336 1417 364 1440 ct
376 1414 548 1441 murenulam
562 1418 590 1441 et
601 1414 749 1446 armillam,
765 1418 793 1441 et
809 1414 941 1446 dextrale,
958 1419 986 1441 et

194 1462 331 1494 torquem,
356 1463 387 1486 ut
410 1460 446 1487 sit
468 1460 625 1495 propitiatio
643 1468 693 1494 pro
717 1460 796 1488 nobis
817 1468 909 1488 coram
930 1461 984 1488 Do-

193 1505 279 1532 mino.
294 1505 328 1532 Et
342 1506 449 1541 accepit
462 1506 567 1542 Moyses
579 1511 606 1533 et
620 1507 732 1534 Eleazar
746 1507 873 1534 sacerdos
885 1515 983 1534 aurum

193 1551 229 1578 ab
247 1551 311 1584 illis,
328 1560 409 1580 omne
431 1560 479 1579 vas
504 1553 684 1585 elaboratum,
706 1558 734 1580 et
757 1553 809 1580 fuit
833 1561 912 1580 omne
933 1560 983 1579 au—

193 1604 255 1624 rum
285 1597 438 1632 scgregatio
460 1606 540 1632 quam
565 1603 777 1634 segregaverunt
793 1598 918 1630 Domino,
936 1605 984 1624 sex

193 1646 222 1669 et
237 1642 331 1670 decem
351 1643 435 1671 millia
446 1649 474 1671 et
487 1644 649 1679 septingenti
668 1644 866 1679 quinquaginta
882 1643 952 1675 sicli,
968 1650 984 1670 ιι

193 1689 313 1717 tribunis
325 1694 353 1716 et
367 1699 382 1717 a
396 1690 604 1718 conturionibus
620 1699 626 1716 :
642 1695 671 1718 et
685 1691 737 1718 viri
752 1690 899 1718 bellatores
912 1697 983 1725 prae-

193 1735 250 1762 dati
267 1739 332 1762 sunt
348 1736 464 1770 quilibet
484 1735 546 1763 sibi.
568 1736 601 1763 Et
617 1736 723 1770 accepit
739 1736 844 1771 Moyses
861 1741 888 1763 et
901 1736 982 1763 Elea-

191 1789 238 1808 zar
251 1781 380 1809 sacerdos
396 1790 492 1809 aurum
514 1789 529 1808 a
549 1782 669 1809 tribunis
684 1786 712 1809 et
728 1790 742 1809 a
763 1781 980 1813 centurionibus,

191 1831 219 1854 ct
233 1827 386 1855 intulerunt
398 1836 429 1855 ea
444 1829 471 1855 in
487 1829 695 1856 tabernaculum
711 1828 860 1856 testimonii
875 1836 980 1855 memo—

189 1873 257 1900 riale
284 1873 402 1900 filiorum
432 1874 513 1901 lsrael
545 1881 636 1901 coram
666 1874 782 1901 Domino
797 1875 829 1901 ".
853 1883 861 1900 ι
895 1874 981 1901 Audis

189 1928 271 1955 quam
287 1920 433 1956 diligenter
449 1920 487 1947 ait
502 1921 651 1948 recensitos
669 1928 729 1948 esse
748 1924 923 1956 pugnatores,
943 1920 979 1947 ita

188 1971 220 1994 ut
238 1974 320 1993 nemo
338 1966 468 1999 abfuerit,
490 1967 556 2001 quin
575 1967 688 1998 donum,
705 1971 735 1994 ut
754 1967 809 1994 Deo
829 1967 978 2001 placuerat,

187 2012 322 2040 afferret?
339 2013 374 2040 Se
386 2021 494 2047 quoque
517 2013 692 2040 constituisse
719 2012 847 2047 inquiunt
879 2012 979 2039 offerre

187 2059 304 2086 Domino
316 2059 398 2086 etiam
414 2067 474 2094 quae
489 2060 544 2093 ille,
559 2065 588 2087 ut
603 2059 778 2090 offerrentur,
793 2059 905 2085 minime
922 2058 980 2092 juss

186 2106 277 2138 sisset,
297 2106 479 2139 murcnulam,
498 2107 619 2141 inquam,
636 2109 663 2133 et
679 2104 824 2136 armillam,
841 2108 869 2131 et
888 2111 977 2131 annu-

186 2153 255 2185 lum,
273 2157 302 2180 ct
317 2157 478 2180 ornamenta
493 2157 589 2180 emtera
606 2160 638 2179 ex
654 2158 722 2178 auro
737 2150 895 2177 fabrefacta.
912 2150 975 2177 Jus—
993 2168 1014 2195 Β

185 2202 260 2225 serat
282 2198 357 2225 enim
376 2197 515 2233 legislator
541 2202 570 2224 ut
591 2198 625 2224 ab
645 2196 804 2224 hominibus
817 2199 845 2222 et
861 2203 876 2222 a
891 2203 973 2230 peco-

184 2244 263 2272 ribus
283 2244 354 2271 dona
378 2244 510 2280 legerent,
531 2243 609 2278 130
633 2250 719 2277 eaque
735 2243 801 2277 jam,
826 2246 856 2269 ut
880 2241 974 2269 divino

184 2290 344 2325 ccelestique
366 2294 502 2325 praecepto
519 2290 625 2324 jussum
645 2288 743 2320 fuerat,
760 2287 850 2315 oblata
870 2291 950 2314 erant
966 2296 972 2313 z

183 2337 231 2364 sed
247 2344 279 2364 ex
294 2336 327 2363 iis
342 2340 472 2371 praeterea
487 2343 548 2370 qure
566 2343 597 2362 ex
618 2334 708 2369 ιιι-πᾶα
735 2335 870 2369 praecipua
887 2333 973 2361 habe—

184 2381 259 2413 bant,
284 2381 437 2408 voluntaria
461 2380 532 2407 dona
556 2379 676 2406 offerunt
698 2381 831 2406 lectorum
855 2378 973 2405 militum

183 2427 277 2459 duces,
292 2426 537 2462 praescriptumque
553 2425 619 2460 legis
634 2425 780 2452 terminum
797 2424 973 2460 magniﬁcen-

181 2474 219 2501 tia
239 2473 363 2500 vineunt.
385 2472 479 2505 itaque
502 2479 565 2498 cum
589 2471 759 2506 accepissent
777 2479 808 2498 ea
828 2470 932 2506 Moyses
945 2475 972 2497 et

180 2520 283 2552 Aaron,
300 2518 452 2547 intulerunt
466 2516 493 2543 in
509 2520 631 2543 sanctum
651 2517 869 2549 tabernaculum,
885 2524 972 2551 eaque

182 2564 324 2592 recondita
339 2568 369 2590 ut
382 2567 559 2591 menumenta
578 2567 669 2589 essent
684 2567 746 2590 ante
763 2562 906 2589 Dominum
923 2569 972 2589 cu-

181 2613 328 2642 raverunt;
345 2609 393 2644 qui
411 2607 484 2636 enim
501 2608 608 2643 populis
626 2609 745 2643 praefecti
763 2612 837 2640 sunt,
853 2613 881 2636 et
896 2609 973 2643 prin-

182 2656 258 2692 cipes
279 2655 433 2687 constituti,
454 2655 650 2682 illustrioribus
671 2659 752 2689 atque
777 2655 974 2690 insignioribus

182 2702 263 2731 donis
281 2703 367 2729 Deum
387 2702 533 2733 honorant,
551 2701 768 2735 varietatemque
790 2701 900 2728 virtutis
914 2702 973 2728 vel-

182 2753 213 2777 ut
235 2753 426 2775 ornamentum
446 2747 583 2782 quoddam
609 2746 650 2773 illi
675 2746 796 2773 offerunt
817 2751 899 2782 atque
929 2747 972 2774 di-

183 2799 268 2824 cant:
286 2802 402 2829 cumque
422 2794 510 2828 ipsum
533 2793 600 2828 legis
619 2792 730 2819 modum
751 2793 915 2825 transiliant,
935 2793 968 2820 il-

182 2840 339 2874 lustriorem
356 2839 464 2867 laudem
479 2842 694 2873 consequuntur.

222 2931 242 2946 "
257 2931 322 2962 Luc.
338 2940 383 2963 vn,
398 2932 441 2958 47.

1005 815 1026 843 Β
1080 813 1181 841 [ΙΛΛΛ.
1196 812 1231 841 Εὖ
1247 815 1347 849 λέγεις.

1079 861 1161 888 ΚΥΡ.
1178 863 1209 888 Οἱ
1225 862 1274 897 μὲν
1285 860 1332 889 οὖν
1346 862 1489 890 ἀπόλεκτοι
1504 861 1560 888 τῶν
1574 860 1666 896 φυλῶν
1678 861 1734 891 τοῖς
1751 859 1837 891 θείοις

1044 906 1162 939 εἴκοντες
1184 907 1287 942 νόμοις,
1312 909 1519 944 διεμοιρήσαντο
1542 908 1576 934 τὰ
1592 909 1624 934 ὲκ
1642 907 1689 933 τοῦ
1713 906 1836 940 πολέμου

1045 953 1112 988 πρὸς
1133 954 1223 980 πᾶσαν
1239 955 1288 990 τὴν
1315 955 1485 990 συναγωγὴν.
1505 955 1552 981 καὶ
1574 954 1783 989 προσαγηόχασι
1799 952 1835 979 τὰ

1042 1000 1115 1036 δῶρα
1129 1001 1224 1036 Κυρίῳ
1244 1001 1315 1028 κατὰ
1328 1002 1377 1038 τὴν
1398 1002 1445 1028 τοῦ
1464 1003 1548 1038 νόμον
1567 1000 1691 1033 σύνταξιν
1703 1009 1709 1015 ·
1731 999 1836 1034 ἀγαθή.

1043 1055 1110 1081 μασι
1124 1047 1152 1074 δὲ
1169 1049 1225 1079 τοῖς
1236 1048 1465 1084 εὐπρεπεστέροις
1480 1047 1712 1083 καταγεραίρουσι
1729 1045 1798 1072 Θεὸν
1809 1046 1834 1071 οἱ

1040 1092 1095 1120 τῶν
1118 1093 1274 1120 ἁπολέκτων
1302 1093 1459 1129 ἡγούμενοι,
1484 1094 1521 1125 ὡς
1549 1094 1596 1120 καὶ
1623 1091 1834 1128 ἐμφανεστέραν

1041 1138 1147 1174 ἔχοντες
1166 1138 1182 1174 ἢ
1209 1138 1269 1166 κατ’
1296 1139 1394 1170 αὐτοὺς
1413 1138 1462 1174 τὴν
1480 1139 1569 1171 δόξαν.
1588 1138 1691 1173 Γράφει
1709 1137 1764 1171 γὰρ
1781 1133 1833 1162 ὧδε

1041 1183 1138 1210 πάλιν·
1157 1193 1165 1208 ι
1187 1184 1241 1210 Καὶ
1263 1184 1415 1219 προσῆλθον
1425 1185 1511 1219 Μωσῇ
1529 1183 1628 1215 πάντες
1647 1183 1671 1209 οἱ
1695 1182 1834 1209 καθεστα-

1041 1229 1116 1262 μένοι
1128 1229 1167 1261 εἰς
1182 1229 1231 1261 τὰς
1243 1229 1457 1265 χιλιαρχίαςτῆς
1472 1230 1623 1265 δυνάμεως,
1635 1229 1772 1264 χιλίαρχοι
1784 1229 1832 1255 καὶ

1038 1275 1242 1311 ἑκατόνταρχοι,
1258 1277 1304 1302 καὶ
1317 1274 1397 1303 εἶπαν
1409 1276 1477 1312 πρὸς
1493 1277 1595 1312 Μωσῆν
1607 1285 1613 1291 ι
1625 1277 1656 1303 Ol
1673 1276 1769 1307 παῖδές
1782 1284 1830 1302 σου

1038 1320 1166 1356 εἰλήφασι
1179 1321 1208 1347 τὸ
1222 1321 1369 1356 κεφάλαιον
1389 1322 1444 1348 τῶν
1462 1321 1565 1357 ἀνδρῶν
1581 1321 1633 1347 τῶν
1656 1321 1830 1355 πολεμιστῶν

1037 1366 1092 1392 τῶν
1104 1367 1170 1402 παρ’
1187 1368 1265 1402 ἡμῖν,
1282 1368 1328 1394 καὶ
1345 1368 1374 1394 οὐ
1385 1368 1592 1403 διαπεφώνηκεν
1603 1367 1652 1394 ἀπ’
1660 1367 1752 1394 αὐτῶν
1766 1366 1829 1393 οὐδὲ

1037 1409 1087 1444 εἷς,
1105 1413 1153 1439 καὶ
1178 1413 1416 1449 προσενηνόχαμεν
1433 1414 1463 1440 τὺ
1477 1414 1564 1449 δῶρον
1581 1413 1687 1449 Κυρίῳ,
1713 1412 1784 1448 ἀνὴρ
1798 1412 1828 1444 ὃς

1037 1456 1099 1494 εὗρε
1120 1459 1217 1490 σκεῦος
1236 1459 1364 1494 χρυσοῦν,
1379 1460 1425 1487 καὶ
1442 1460 1567 1495 χλιδῶνα,
1588 1459 1635 1486 καὶ
1647 1459 1767 1493 ψέλλιον,
1781 1458 1828 1485 καὶ

1035 1505 1190 1538 δακτύλιον,
1201 1506 1248 1532 καὶ
1256 1506 1417 1541 περιδέξιον,
1431 1506 1479 1532 καὶ
1487 1505 1635 1541 ὲμπλόκιον
1646 1504 1828 1541 ἐξιλάσασθαι

1036 1552 1100 1587 περὶ
1115 1552 1194 1587 ἡμῶν
1220 1552 1311 1579 ἔναντι
1339 1552 1452 1588 Κυρίου,
1476 1552 1531 1580 Καὶ
1558 1552 1636 1579 ἔλαϐε
1658 1552 1763 1587 Μωσῆς
1780 1551 1828 1578 καὶ

1041 1598 1173 1633 Ἐλεάζαρ
1189 1599 1202 1624 ὁ
1218 1599 1306 1634 ἱερεὺς
1317 1599 1346 1625 τὸ
1362 1599 1470 1634 χρυσίον
1483 1599 1548 1634 παρ’
1559 1598 1647 1626 αὐτῶν
1660 1599 1714 1625 πᾶν
1728 1597 1826 1629 σκεῦος

1033 1645 1229 1680 εἰργασμένον·
1249 1646 1293 1672 καὶ
1312 1646 1419 1680 ἐγένετο
1440 1646 1493 1672 πᾶν
1508 1646 1539 1671 τὸ
1554 1645 1666 1680 χρυσίον
1688 1645 1719 1671 τὸ
1741 1644 1825 1679 ἀφαί-

1036 1700 1105 1726 ρεμα
1122 1691 1135 1718 ὃ
1147 1691 1255 1726 ἀφεῖλον
1269 1692 1362 1727 Κυρίῳ
1375 1691 1521 1718 ἑκκαίδεκα
1539 1691 1654 1726 χιλιάδες
1671 1691 1718 1717 καὶ
1738 1692 1824 1717 ἐτι-τα-

1034 1737 1118 1764 κὸσιοι
1138 1738 1184 1764 καὶ
1199 1739 1367 1774 πεντήκοντα
1391 1738 1477 1764 σίκλοι
1501 1738 1576 1772 παρὰ
1597 1737 1650 1763 τῶν
1675 1737 1826 1772 χιλιάρχων

1033 1783 1081 1810 καὶ
1101 1783 1175 1818 παρὰ
1188 1784 1242 1810 τῶν
1259 1785 1474 1819 ἑκατοντάρχων,
1491 1784 1537 1810 καὶ
1551 1785 1575 1810 οἱ
1590 1783 1686 1818 ἄνδρες
1703 1783 1728 1809 οἱ
1742 1782 1823 1809 πολε-

1034 1832 1130 1865 μισταὶ
1144 1831 1349 1865 ὲπρονόμευσαν
1359 1831 1473 1862 ἕκαστος
1492 1829 1574 1865 αὐτῷ.
1591 1829 1646 1856 Καὶ
1662 1829 1742 1855 ἔλαϐε
1756 1830 1823 1855 Μω-

1033 1877 1081 1910 σῆς
1105 1877 1151 1903 καὶ
1176 1876 1307 1912 Ἐλεάζαρ
1330 1877 1344 1902 ὁ
1370 1875 1460 1911 ἱερεὺς
1484 1876 1514 1902 τὸ
1531 1876 1642 1911 χρυσίον
1672 1874 1749 1910 παρὰ
1767 1875 1822 1901 τῶν

1032 1922 1177 1957 χιλιάρχων
1205 1921 1251 1948 καὶ
1270 1922 1485 1957 ἑκατοντάρχων,
1502 1921 1548 1947 καὶ
1569 1922 1728 1956 εῐσήνεγκεν
1752 1920 1822 1946 αὐτὰ

1031 1968 1070 1999 εἰς
1085 1967 1133 2002 τὴν
1151 1967 1253 2003 σκηνὴν
1266 1967 1312 1993 τοῦ
1337 1967 1486 2002 μαρτυρίου
1503 1967 1675 2001 μνημόσυνον
1685 1965 1740 1991 τῶν
1755 1965 1821 1991 υὶὼν

1037 2012 1154 2048 Ἰσραὴλ,
1169 2012 1258 2039 ἔναντι
1269 2012 1384 2048 Κυρίου.
1403 2021 1412 2038 ι
1437 2011 1558 2043 Ἀκούεις
1567 2011 1639 2042 ὅπως
1655 2011 1757 2045 ἀκριϐῆ
1772 2010 1820 2045 μὲν

1030 2058 1157 2093 γενέσθαι
1170 2059 1236 2093 φησὶ
1253 2057 1306 2085 τῶν
1323 2058 1523 2093 μεμαχημένων
1534 2057 1579 2084 τὸν
1596 2057 1769 2092 ἐκλογισμὸν,
1782 2057 1820 2088 ὠς

1030 2105 1175 2140 ὰπομεῖναι
1192 2105 1295 2140 μηδένα
1312 2105 1378 2139 παρ’
1390 2102 1420 2131 οὗ
1434 2104 1464 2130 τὸ
1478 2104 1563 2139 δῶρον
1584 2103 1615 2130 οὺ
1631 2103 1818 2139 προσκεκομι-

1031 2159 1101 2182 σται,
1114 2150 1185 2176 κατά
1196 2158 1226 2184 γε
1243 2150 1274 2176 τὸ
1286 2150 1341 2181 τοῖς
1360 2149 1442 2180 Οείοις
1461 2149 1576 2184 νεύμασι
1590 2148 1703 2180 δοκοῦν;
1718 2148 1818 2174 8:609-

1029 2196 1126 2232 λῆσθαι
1140 2196 1168 2222 δὲ
1182 2196 1229 2223 καὶ
1241 2196 1318 2222 αὐτοὶ
1333 2195 1515 2232 προσκομίσαι
1528 2195 1636 2229 λέγουσι
1648 2195 1755 2231 Κυρίῳ,
1771 2195 1818 2222 καὶ

1029 2243 1046 2270 ἃ
1065 2244 1102 2278 μὴ
1120 2243 1219 2278 χρῆναι
1235 2242 1383 2277 προσάγειν
1399 2241 1570 2268 δεδικαίωκεν
1584 2241 1675 2273 αὐτὸς,
1702 2241 1818 2276 χλιδῶνα

1029 2290 1076 2317 καὶ
1094 2289 1212 2324 ψέλλιον,
1235 2287 1281 2314 καὶ
1309 2286 1470 2322 περιδέξιον,
1493 2287 1539 2313 καὶ
1555 2287 1659 2322 ὅσαπερ
1672 2288 1702 2314 ἐν
1722 2288 1817 2323 κόσμῳ

1029 2335 1175 2369 πεποίηται
1199 2333 1302 2369 χρυσῷ.
1329 2333 1501 2368 Προστέταχε
1530 2333 1584 2369 γὰρ
1611 2334 1624 2359 ὁ
1654 2333 1814 2369 νομοθέτης,

1028 2382 1082 2408 ἀπὸ
1097 2381 1150 2407 τῶν
1163 2381 1313 2416 ἀνθρώπων
1329 2380 1376 2406 καὶ
1388 2379 1441 2405 ἀπὸ
1448 2379 1501 2405 τῶν
1513 2379 1619 2414 κτηνῶν
1632 2380 1768 2406 ποιεῖσθαι
1782 2380 1815 2406 τὰ

1027 2427 1111 2462 δῶρα·
1129 2427 1176 2453 καὶ
1194 2427 1225 2461 δὴ
1243 2426 1477 2461 πρεισκεκὸμισται
1499 2426 1570 2452 κατὰ
1584 2426 1614 2452 τὸ
1632 2426 1702 2453 θεῖόν
1716 2436 1745 2453 τε
1768 2427 1814 2454 καὶ

1026 2475 1150 2505 οὐράνιον
1162 2473 1303 2508 σύνταγμα
1314 2480 1320 2487 '
1336 2471 1487 2498 ὲοελούσιον
1502 2472 1529 2498 δὲ
1542 2472 1682 2499 ποιοῦνται
1694 2482 1813 2508 προσκο-

1028 2520 1106 2555 μιδὴν
1121 2519 1154 2545 τὰ
1172 2520 1199 2545 ἐν
1222 2518 1372 2553 κειμηλίοις
1389 2518 1514 2553 ἐξαίρετα
1528 2526 1534 2533 ·
1563 2519 1609 2544 καὶ
1637 2519 1734 2545 νικῶσι
1751 2522 1810 2551 ταῖς

1026 2565 1191 2600 φιλοτιμίαις
1215 2564 1261 2590 τοῦ
1287 2565 1370 2599 νόμον
1387 2564 1432 2590 τὸν
1457 2565 1517 2600 ὅρον
1535 2565 1558 2591 οἱ
1575 2564 1628 2590 τῶν
1650 2565 1811 2592 ἀπολὲκτων

1023 2612 1180 2647 ἡγούμενοι.
1197 2611 1252 2638 Καὶ
1268 2611 1300 2645 δὴ
1316 2611 1444 2643 λαϐόντες
1456 2611 1559 2646 Μωσῆς
1576 2620 1604 2637 τε
1627 2613 1674 2638 καί
1694 2613 1810 2647 Ἀαρὼν,

1024 2658 1230 2692 εἰσκεκομίκασι
1248 2657 1295 2691 μὲν
1310 2657 1349 2688 εἰς
1361 2658 1410 2692 τὴν
1420 2657 1499 2691 ἁγίαν
1513 2657 1616 2692 σκηνήν
1628 2666 1634 2673 ’
1652 2658 1773 2685 ἁπόοετα
1784 2657 1811 2684 δὲ

1023 2702 1160 2734 ποιοῦντες
1191 2703 1359 2737 μνημόσυνον
1380 2702 1470 2729 ἔναντι
1495 2703 1613 2737 Κυρίου’
1637 2704 1661 2729 οἱ
1687 2704 1743 2738 γάρ
1769 2712 1809 2729 τοι

1026 2748 1098 2774 λαῶν
1131 2747 1296 2782 ἡγούμενοι,
1328 2747 1372 2773 καὶ
1408 2748 1446 2778 εἰς
1473 2748 1605 2782 ἄρχοντας
1633 2749 1807 2784 τεταγμένοι,

1023 2794 1158 2828 λαμπροῖς
1189 2793 1236 2818 καὶ
1270 2793 1500 2828 εὐπρεπεστέροις
1527 2794 1682 2828 ἀναθήμασι
1709 2795 1807 2829 τιμῶσι

1022 2838 1098 2871 Θεὸν,
1126 2837 1226 2872 κόσμον
1249 2837 1342 2872 ὥσπερ
1356 2836 1418 2864 τινὰ
1434 2838 1618 2873 προςᾴγοντες
1645 2839 1692 2866 καὶ
1713 2840 1806 2867 ἀνατι·

483 2931 503 2946 ’³
523 2932 600 2959 Joan.
624 2939 680 2966 xm,
694 2932 734 2959 10.
773 2931 794 2947 ¹⁶
809 2933 889 2960 Num.
905 2942 977 2966 nm,
990 2934 1081 2965 48—54.
