1924 3043
57 191 102 220 δη

430 193 474 219 DE
493 191 713 220 ADORATIONE
733 190 766 218 IN
787 189 920 217 SPIRITU
943 189 985 216 ET
1006 178 1189 218 VERITATE.
1211 191 1274 219 LIB.
1296 192 1340 219 IV.

1643 193 1693 209 ’τιο

1643 204 1694 219 δὶδῖ

57 250 146 287 bears;
158 248 244 287 βεῷ,
261 251 296 278 τὸ
319 250 457 282 πολυειδὲς
476 252 504 277 ὲν
527 251 623 286 ἀρετῇ,
644 250 692 277 καὶ
707 249 789 277 οἱονεὶ
807 249 853 276 καὶ
873 248 939 275 αὐτὸ
954 247 1000 274 τοῦ
1016 248 1098 283 νόμου
1118 249 1148 276 τὸ
1181 250 1280 286 μέτρον
1300 251 1489 287 ὑπερθέοντες,
1523 251 1695 287 εὐδοκιμοῦσι

59 283 264 320 λαμπρότερον.

92 331 198 358 ΠΑΑΛ.
216 330 286 358 Οἵον
305 332 336 366 δὴ
345 332 371 359 τί
391 332 459 367 φής;

92 377 176 404 ΚΥΡ.
191 378 260 409 Τοῖς
276 378 306 405 τὸ
319 378 486 413 Εὐαγγέλιον
503 377 735 413 καταγγέλλουσιν
758 378 791 403 ἐκ
804 377 852 403 τοῦ

62 423 229 457 Εὑαγγελίου
245 423 298 460 ζῇν
309 424 449 458 διετάξατο
465 424 593 460 Χριστὸς,
607 424 620 450 ὃ
634 424 665 460 δὴ
681 423 728 450 καὶ
740 424 772 450 ἐκ
785 432 858 458 νομι-

67 470 115 505 κῆς
127 469 242 505 ἐντολῆς
266 470 392 506 βεϐαιοῦν
410 470 558 502 ἐσπούδαζε
575 471 688 506 γράφων
709 472 724 497 ὁ
740 470 856 503 Παῦλος,

63 516 123 542 ποτὲ
138 516 200 551 μὲν,
213 517 258 544 ὅτι
277 527 286 543 ι
303 518 334 544 Οἱ
345 517 479 549 ἐσθίοντες
489 517 539 549 τὰς
553 516 647 549 θυσίας
668 517 791 544 κοινωνοὶ
803 516 857 543 τῶν

62 562 270 598 θυσιαστηρίων
288 563 341 590 εἰσί
354 571 361 578 '
381 573 389 589 ι
415 564 481 590 ποτὲ
502 564 531 590 δὲ
553 564 645 597 πάλιν,
663 564 701 596 ὼς
719 564 748 597 ἐξ
770 564 857 598 ἀναγ-

63 605 143 632 καίων
172 607 409 642 παραδειγμάτων
429 608 619 635 ἀκαταιτίατον
643 608 783 640 παντελῶς
805 609 857 634 ἀπ-

65 652 194 685 εδείκνυε,
214 653 325 688 λέγων·
345 664 354 679 ι
374 654 422 686 Τίς
448 655 559 689 φυτεύει
586 655 744 690 ἀμπελῶνα,
761 655 808 682 καὶ
826 655 858 681 ἐκ

64 699 106 725 τοῦ
133 699 246 734 καρποῦ
281 699 364 726 αὐτοῦ
389 700 439 726 οὐκ
466 700 568 733 Essem;
585 699 618 726 Ἢ
645 699 686 731 τίς
719 699 858 735 ποιμαίνει

65 745 189 781 ποίμνην,
200 745 251 772 καὶ
263 746 295 772 ἐκ
306 745 352 772 τοῦ
366 745 500 780 γάλακτος
510 747 559 781 τῆς
571 745 687 781 ποίμνης
698 746 747 772 οὐκ
755 745 840 772 ἐσθίει
850 753 857 778 ;

66 790 107 826 Μὴ
127 790 198 817 κατὰ
222 791 369 827 ἄνθρωπον
392 791 479 818 ταῦτα
500 791 593 825 λαλῶ;
613 792 647 818 Ἢ
665 792 724 827 οὐχὶ
749 792 762 818 ὁ
777 791 858 826 νόμος

66 836 148 863 ταῦτα
159 837 236 871 λέγει
249 845 256 870 ;
283 838 326 863 Ἐν
338 838 392 873 γὰρ
409 837 447 872 τῷ
467 837 589 869 Μωσέως
601 838 675 872 νόμῳ
693 837 857 872 γέγραπται,

68 882 105 908 Οὐ
121 881 260 918 φιμώσεις
278 883 343 918 βοῦν
364 883 496 911 ἀλοῶντα.
512 883 558 918 Μὴ
577 883 631 910 τῶν
645 883 713 918 βοῶν
731 883 806 918 μέλει
821 883 860 918 τῷ

68 927 137 962 Θεῷ;
168 928 184 963 ἢ
208 928 244 954 δι’
274 929 349 964 ἡμᾶς
379 929 487 961 πάντως
518 929 610 963 λέγει;
635 930 674 956 Δι’
706 930 780 964 ἡμᾶς
805 929 859 965 γὰρ

70 972 182 1007 ἐγράφη,
199 972 242 999 ὅτι
258 973 302 999 ἐπ’
313 973 400 999 ἑλπίδι
412 974 513 1008 ὀφείλει
532 975 546 1000 ὁ
569 974 704 1009 ἀροτριῶν
718 975 858 1010 ἀροτριᾷν,

69 1018 112 1044 καὶ
125 1019 138 1044 ὁ
155 1017 245 1045 ἀλοῶν
269 1019 313 1046 ἐπ’
331 1019 417 1046 ἐλπίδι
429 1019 476 1046 τοῦ
494 1019 630 1054 μετέχειν.
647 1029 656 1045 ι
673 1017 857 1051 Εἷτα¹τοι3τοις

71 1066 216 1100 ἰπήνεγκεν
243 1065 340 1098 εὐθύς·
358 1076 366 1092 ι
387 1067 418 1092 Εἰ
440 1067 522 1101 ἡμεῖς
542 1066 606 1101 ὑμῖν
624 1065 658 1092 τὰ
684 1066 857 1101 πνευματικὰ

72 1111 246 1146 ἐσπείραμεν,
259 1112 342 1146 μέγα,
358 1113 472 1147 εἰὴμεῖς
485 1112 561 1147 ὑμῶν
576 1111 609 1139 τὰ
622 1112 741 1148 σαρκικὰ
753 1113 858 1149 θερίσο-

74 1166 134 1192 μεν;
149 1158 179 1184 Εἰ
191 1157 271 1184 ἄλλοι
283 1159 330 1194 τῆς
346 1158 469 1191 ἐξουσίας
479 1159 555 1194 ὑμῶν
570 1160 740 1195 μετέχουσιν,
751 1159 779 1186 οὐ
791 1161 859 1195 μᾶλ-

73 1203 112 1230 λον
127 1204 224 1239 ἡμεῖς-ς
250 1204 322 1231 Ἀλλ’
336 1205 386 1231 οὐκ
399 1206 574 1242 ἐχρησάμεθα
592 1208 625 1242 τῇ
640 1206 748 1242 ἐξουσίᾳ
759 1207 856 1242 ταύτῃ,

74 1249 136 1276 ἀλλὰ
160 1251 253 1277 πάντα
275 1251 417 1286 στέγομεν,
436 1252 480 1278 ἵνα
501 1252 538 1288 μὴ
551 1253 672 1288 ἐγκοπήν
690 1261 751 1279 τινα
770 1253 858 1288 δῶμεν

75 1295 107 1330 τῷ
124 1296 284 1332 Εὖαγγελίῳ
298 1297 344 1324 τοῦ
364 1298 495 1333 Χριστοῦ.
517 1308 527 1324 ι
544 1296 610 1325 Εἶτα
625 1298 705 1325 πάλιν
719 1298 859 1334 ἐπιστηρί-

76 1342 111 1374 ζει
127 1342 163 1378 (1)
175 1351 182 1357 ·
203 1354 212 1370 (
231 1343 283 1374 Τίς
295 1341 341 1370 οὖν
359 1344 410 1380 μού
426 1345 500 1371 ἐστιν
514 1346 527 1371 ὁ
542 1344 655 1380 μισθός;
672 1345 731 1372 Ἵνα
745 1345 860 1379 εὐαγγε-

76 1388 208 1423 λιζόμενος
225 1389 365 1416 ἀδάπανον
391 1390 464 1425 θήσω
481 1390 511 1416 τὸ
534 1390 710 1424 Εὑαγγέλιον.
738 1400 747 1416 ›
779 1391 859 1426 Ὁρᾷς

77 1433 142 1466 ὅπως
158 1434 227 1471 ὑπὲρ
239 1435 273 1462 τὸ
282 1436 377 1462 δοκοῦν
387 1435 426 1470 τῷ
435 1435 546 1472 Χριστῷ
561 1437 608 1463 καὶ
624 1436 663 1472 τῷ
677 1437 760 1464 πάλαι
774 1437 859 1472 νόμῳ,

79 1480 192 1512 ἐξουσίαν
220 1482 293 1517 ἔχων
311 1482 348 1509 ’ὲκ
373 1482 420 1509 τοῦ
446 1483 612 1517 Εὑαγγελίου
641 1482 701 1519 ζῇν,
724 1483 860 1510 ἀδάπανον

79 1525 152 1553 ἐτίθει
166 1527 196 1553 τὸ
213 1528 394 1562 Εὑαγγέλιον,
411 1529 497 1565 δῶρον
521 1529 614 1565 ὥσπερ
636 1529 757 1556 ἑκούσιον
773 1529 861 1556 ἀνατι-

80 1572 129 1604 θεὶς
143 1573 172 1599 τὸ
190 1574 288 1610 χρῆμα
309 1574 399 1610 αὑτῷ;
423 1575 459 1601 Τὸ
473 1575 500 1601 δὲ
521 1575 552 1610 δὴ
575 1574 613 1610 μὴ
631 1575 730 1610 χρῆναι
751 1576 860 1609 γαμεῖν,

79 1617 134 1645 οὔτε
147 1619 161 1645 ὁ
181 1620 301 1652 παλαιὸς
322 1621 414 1656 νόμος,
437 1620 499 1647 οὕτε
512 1621 542 1648 τὸ
558 1621 616 1648 νέον
635 1622 701 1656 ἡμῖν
718 1621 861 1648 τεθέσπικε

81 1666 212 1702 κήρυγμα.
231 1668 290 1694 Καὶ
309 1668 374 1701 γοῦν
389 1669 402 1694 ὁ
417 1667 523 1699 Παῦλος
547 1674 631 1703 φησι·
651 1677 660 1693 ι
678 1662 745 1702 Περὶ
763 1667 790 1694 δὲ
806 1667 861 1695 τῶν

82 1711 213 1747 παρθένων
237 1713 374 1748 ἐπιταγὴν
386 1713 489 1748 Κυρίου
506 1714 556 1739 οὐκ
569 1713 633 1748 ἔχω.
653 1723 662 1739 ι
680 1712 749 1739 Ἀλλ’
764 1713 789 1739 οἱ
803 1712 865 1746 r3346-

82 1758 127 1793 δρα
147 1760 268 1786 νεανικοὶ
292 1759 359 1796 πρὸς
379 1760 537 1790 εὐσέϐειαν,
561 1759 793 1794 κατανεκροῦντες
815 1759 865 1794 τὴν

85 1799 173 1838 σάρκα,
188 1805 316 1841 λαμπρὸν
334 1805 462 1840 ἀνάθημα
485 1805 653 1840 προσάγουσι
672 1804 710 1839 τῷ
733 1804 802 1840 Θεῷ,
816 1804 865 1838 τὴν

86 1848 145 1885 IIst
159 1850 239 1885 νόμον
261 1850 434 1886 ἐγκράτειαν,
451 1850 496 1877 καὶ
511 1850 605 1886 ὥσπερ
621 1849 683 1876 τινὰ
697 1850 799 1884 κόσμον
820 1850 865 1876 εὑ-

85 1895 176 1930 τέχνως
191 1897 375 1932 εἰργασμένον
393 1897 442 1932 τὴν
457 1896 486 1929 ἐξ
498 1896 578 1931 ἔργου
597 1904 626 1922 τε
645 1895 691 1921 καὶ
705 1895 785 1929 λόγου
804 1904 866 1922 συν-

87 1940 234 1977 τεθειμένην
253 1942 367 1978 ἀρίστην
378 1941 461 1977 ζωήν.
477 1941 660 1976 Είσεκόμισαν
674 1941 702 1967 δὲ
716 1941 819 1976 Μωσῆς
836 1950 866 1968 τε

88 1987 127 2013 καὶ
145 1988 249 2024 ’Λαρὼν
272 1990 312 2020 εἰς
330 1989 379 2023 τὴν
405 1988 485 2022 ἁγίαν
506 1987 610 2022 σκηνὴν
629 1986 663 2013 τὰ
685 1995 867 2023 προσκεκομι-

90 2034 177 2068 σμένα·
197 2035 282 2062 δεκτὰ
298 2036 352 2070 γὰρ
371 2034 492 2070 Χριστῷ,
510 2034 558 2061 καὶ
581 2033 694 2065 πλοῦτος
709 2033 821 2069 αὖχημά
837 2042 866 2060 τε

89 2080 212 2116 λαμπρὸν,
231 2083 268 2109 τὰ
281 2082 336 2108 τῶν
353 2081 438 2116 ἁγίων
461 2080 705 2116 ἀνδραγαθήματα,
722 2080 756 2106 δι’
767 2076 804 2107 ὧν
820 2081 868 2107 καὶ

92 2128 198 2164 μακρὰν,
210 2129 313 2165 μᾶλλον
331 2129 359 2155 δὲ
371 2127 549 2162 ἀτελεύτητον
565 2126 791 2161 ἀποκερδαίνουσι
801 2128 868 2163 μνή-

93 2183 147 2209 μην,
159 2175 204 2202 καὶ
219 2176 270 2211 τῆς
287 2175 362 2206 θείας
374 2175 545 2210 ἐπισκέψεως
558 2174 650 2208 ἀξίους
661 2174 741 2206 ὄντας
756 2174 869 2205 ἑαυτοὺς

92 2220 260 2254 ἀποφαίνουσι
271 2229 278 2236 ’
293 2220 323 2247 τὸ
340 2220 395 2256 γὰρ
409 2221 498 2248 ἔναντι
512 2221 615 2256 Κυρίου
625 2220 762 2247 τεθεῖσθαι
779 2220 869 2254 λέγειν

92 2266 120 2293 τὰ
130 2267 298 2304 ἀναθήματα,
315 2268 435 2294 τοιοῦτόν
451 2276 477 2294 τι
494 2267 578 2302 δηλοῖ.
594 2266 674 2301 Μέγα
688 2266 716 2293 δὲ
734 2266 780 2293 καὶ
799 2266 871 2299 ἐξαί-

95 2321 160 2347 ρετον
173 2314 201 2340 τδ
215 2314 255 2346 ὼς
272 2315 300 2340 ὲν
327 2313 386 2348 ὄψει
407 2313 514 2340 κεῖσθαι
530 2312 598 2339 Θεοῦ
609 2321 615 2328 ·
631 2313 698 2348 τιμᾷ
718 2312 771 2347 γὰρ
788 2312 871 2349 ὑπερ-

94 2358 166 2391 φυῶς,
184 2359 230 2392 οὓς
247 2360 292 2386 καὶ
309 2360 410 2395 ἐφορᾷν
426 2359 507 2392 ἀξιοῖ.

870 333 893 361 Δ
943 331 1040 359 PALL.
1063 330 1091 357 Id
1106 337 1170 357 vero
1189 330 1269 364 quale
1285 330 1394 358 tandem
1409 330 1468 358 est?

942 376 1021 404 CYR.
1039 375 1074 402 lis
1091 375 1138 410 qui
1153 374 1329 410 Evangelium
1344 375 1547 408 annuutiarent,
1560 383 1592 403 ex
1605 375 1694 402 Evan—

908 431 979 466 gelio
1003 431 1096 458 vivere
1120 430 1262 458 constituit
1288 431 1413 458 Christus
1436 441 1441 458 :
1464 431 1492 458 id
1519 432 1607 466 ipsum
1629 432 1696 467 legis

908 485 1024 512 quoque
1040 481 1176 512 praecepto
1198 476 1360 504 conﬁrmare
1380 477 1485 504 curavit
1502 478 1613 510 Paulus,
1633 485 1695 505 cum

909 523 1037 558 scripsit,
1063 531 1137 550 nunc
1158 522 1269 557 quidem
1289 531 1317 548 ει
1340 523 1391 556 Qui
1417 523 1515 551 hostiis
1537 529 1696 556 vescuntur,

909 569 976 596 socii
1002 576 1033 595 ac
1059 568 1206 603 participes
1236 571 1299 594 sunt
1325 567 1416 594 altaris
1437 568 1473 601 ¹¹¹;
1493 578 1502 594 ι
1532 576 1607 595 nunc
1631 576 1696 594 vero

909 622 1014 646 rursus,
1032 621 1093 640 cum
1121 613 1149 640 id
1171 614 1246 640 omni
1272 621 1384 648 prorsus
1411 621 1507 640 vacare
1533 614 1612 649 culpa
1640 619 1699 640 tan-

909 668 991 694 quam
1009 660 1172 687 necessariis
1189 660 1320 694 exemplis
1333 659 1462 691 ostendit,
1477 659 1588 687 dicens:
1608 670 1616 684 ι
1630 659 1698 692 Quis

909 706 1014 741 plantat
1038 706 1157 739 vineam,
1180 711 1207 733 et
1228 706 1261 733 (le
1281 706 1373 733 fructu
1394 706 1454 741 ejus
1473 713 1527 732 nou
1545 705 1617 732 edit?
1633 705 1699 738 Quis

910 751 997 784 pascit
1015 759 1134 786 gregem,
1149 755 1177 778 et
1200 751 1233 778 de
1256 751 1326 778 lacte
1350 751 1439 786 gregis
1458 758 1514 777 non
1535 751 1702 779 manducat'!

909 797 950 823 An
970 797 1121 824 secundum
1141 797 1280 824 hominem
1308 797 1366 824 hzec
1393 797 1475 824 dico?
1498 797 1630 831 numquid
1646 804 1700 824 nox

909 843 992 869 etiam
1007 842 1051 870 lex
1063 843 1115 870 hoc
1125 843 1210 870 dicit?
1224 843 1253 870 In
1264 843 1323 878 lege
1338 851 1456 877 namque
1469 842 1550 878 Moysi
1567 842 1699 876 scriptum

911 891 952 915 est
969 897 974 915 ι
991 889 1051 915 Νοη
1072 889 1194 924 alligabis
1211 897 1242 916 os
1258 890 1321 916 bovi
1339 889 1487 916 triturauti.
1509 888 1640 923 Nunquid
1666 889 1700 916 de

911 933 1000 961 bobus
1019 941 1086 961 cura
1107 938 1148 961 est
1167 935 1241 962 Deo?
1262 943 1296 961 nn
1316 939 1428 969 propter
1448 942 1499 961 nos
1520 933 1632 961 omnino
1648 933 1701 961 hoe

911 978 997 1006 dicit?
1017 979 1131 1014 Propter
1152 987 1202 1006 uos
1223 980 1296 1006 enim
1319 979 1449 1014 scriptum
1468 984 1520 1012 est,
1540 979 1603 1014 quia
1621 979 1702 1006 debet

912 1025 939 1052 in
956 1033 1015 1060 spe,
1031 1026 1078 1060 qui
1095 1030 1162 1058 arat,
1179 1034 1272 1059 arare;
1288 1030 1315 1053 et
1328 1026 1373 1060 qui
1391 1026 1510 1057 triturat,
1528 1026 1557 1052 in
1576 1032 1623 1060 spe
1639 1032 1702 1060 par-

912 1071 1044 1105 tieipandi
1061 1073 1092 1097 ".
1112 1081 1121 1097 ι
1143 1072 1190 1099 llis
1207 1072 1306 1098 deinde
1324 1071 1414 1103 dictis,
1436 1071 1529 1098 intulit
1549 1071 1679 1098 continuo
1694 1080 1700 1097 :

916 1125 925 1142 ‹
948 1116 976 1143 Si
998 1124 1049 1144 nos
1073 1117 1151 1144 vobis
1174 1117 1326 1152 spiritualia
1348 1117 1553 1149 seminavimus,
1574 1125 1702 1152 mgnum

911 1166 963 1195 est,
978 1163 1000 1190 si
1013 1171 1063 1190 nos
1076 1163 1197 1190 carnalia
1209 1168 1300 1190 vestra
1313 1164 1464 1190 metamus?
1478 1163 1506 1191 Si
1521 1163 1703 1198 aliipotesta-

912 1207 948 1235 tis
967 1212 1065 1236 vestra:
1083 1209 1230 1244 participes
1252 1213 1326 1242 sunt,
1344 1217 1428 1244 quare
1451 1217 1506 1236 non
1527 1209 1618 1244 potius
1635 1209 1703 1236 nos?

913 1253 967 1281 Sed
982 1262 1036 1281 non
1052 1254 1094 1281 usi
1109 1262 1204 1282 sumus
1218 1255 1270 1282 hac
1283 1259 1432 1290 potestate;
1449 1255 1497 1282 sed
1511 1255 1603 1282 omnia
1617 1255 1702 1282 susti-

913 1307 1021 1330 nemus,
1041 1307 1076 1326 ne
1096 1299 1206 1334 aliquod
1227 1299 1453 1334 impedimentum
1469 1300 1566 1327 demus
1578 1301 1705 1336 Evange-

913 1344 950 1372 lio
973 1344 1075 1372 Christi
1095 1346 1127 1372 ”.
1143 1355 1152 1371 ι
1179 1345 1282 1373 Deinde
1304 1345 1395 1373 denuo
1417 1345 1560 1374 conﬁrmat
1581 1355 1588 1373 :
1614 1356 1622 1371 ι
1638 1346 1703 1379 Quae

914 1390 997 1425 igitur
1010 1395 1053 1418 est
1067 1399 1173 1418 merces
1189 1392 1268 1419 mea?
1286 1392 1322 1420 Ut
1341 1392 1519 1427 Evangelium
1539 1391 1702 1426 praedicans,

915 1435 973 1463 sine
994 1441 1105 1472 sumptu
1125 1445 1224 1472 ponam
1245 1438 1423 1473 Evangelium
1436 1437 1467 1464 ’⁸.
1485 1447 1494 1463 ›
1517 1437 1600 1464 Vides
1621 1437 1705 1472 igitur

915 1482 1156 1517 quemadmodum,
1186 1491 1268 1518 supra
1303 1492 1384 1518 quam
1412 1483 1538 1511 Christus
1561 1491 1592 1510 ac
1615 1483 1702 1518 prisca

915 1528 959 1556 lex
985 1529 1168 1561 constituerit,
1193 1530 1318 1564 quamvis
1348 1530 1505 1557 facultatem
1532 1529 1646 1556 haberet
1671 1537 1705 1556 ex

915 1575 1063 1611 Evangelia
1076 1575 1197 1607 vivendi,
1211 1576 1269 1603 sine
1283 1580 1392 1611 sumptu
1411 1580 1501 1603 tamen
1515 1580 1599 1610 ponat
1614 1576 1704 1602 Evan—

916 1621 1032 1656 gelium;
1046 1621 1127 1656 idque
1147 1621 1249 1648 factum
1264 1622 1347 1648 veluti
1364 1621 1548 1649 voluntarium
1569 1620 1704 1656 quoddam

877 1681 898 1710 α
917 1667 1020 1694 donum
1045 1667 1084 1694 illi
1107 1667 1266 1694 consecret?
1284 1668 1323 1695 De
1349 1675 1433 1694 uxore
1453 1674 1562 1702 quoque
1582 1674 1636 1693 non
1655 1665 1706 1692 du-

917 1713 1002 1741 cenda
1032 1721 1122 1748 neque
1146 1718 1226 1741 vetus
1247 1714 1291 1740 lex
1315 1714 1418 1748 aliquid
1442 1713 1533 1745 nobis,
1548 1721 1638 1748 neque
1662 1720 1705 1739 re-

916 1767 981 1787 cens
1006 1761 1146 1795 Evangelii
1174 1760 1332 1795 prredicatio
1358 1759 1456 1786 sanxit.
1484 1760 1577 1794 Itaque
1604 1759 1706 1786 Paulus

915 1806 972 1832 ait:
990 1815 998 1831 ‹
1012 1805 1050 1832 De
1065 1805 1218 1840 virginibus
1234 1809 1326 1832 autem
1348 1809 1513 1840 prmeeptum
1529 1805 1637 1832 Domini
1652 1813 1706 1832 non

916 1851 1005 1879 habeo
1019 1852 1051 1878 ".
1071 1861 1080 1877 ι
1097 1852 1142 1884 At,
1161 1852 1208 1886 qui
1229 1851 1376 1879 admodum
1397 1851 1502 1878 strenui
1521 1855 1585 1878 sunt
1599 1851 1632 1877 ad
1649 1856 1707 1878 stu—

917 1898 993 1925 dium
1013 1898 1132 1933 pietatis,
1152 1898 1228 1933 131
1241 1906 1351 1925 carnem
1369 1898 1519 1925 conﬁciunt
1537 1902 1618 1932 atque
1633 1905 1708 1925 mor-

917 1944 1022 1971 tiﬁcant
1053 1953 1060 1970 :
1096 1945 1188 1979 itaque
1215 1948 1344 1979 tanquam
1377 1944 1480 1971 clarum
1516 1943 1573 1971 Deo
1606 1944 1708 1971 donum

917 1990 1126 2022 continentiam,
1150 1998 1210 2025 quae
1234 1991 1306 2017 ultra
1334 1990 1420 2025 legem
1441 1995 1492 2022 est,
1518 1995 1546 2017 et
1567 1989 1652 2017 vitam
1676 1998 1709 2017 ex

917 2036 1002 2063 verbo
1021 2040 1049 2063 et
1064 2044 1146 2071 opere
1169 2036 1300 2071 praeclare
1323 2035 1512 2070 compositam,
1529 2036 1604 2062 velut
1627 2043 1710 2062 orna-

918 2087 1041 2110 mentum
1059 2083 1206 2110 artiliciosc
1221 2082 1392 2110 elaboratum
1409 2082 1538 2109 oﬂ‘ernnt.
1556 2082 1712 2110 lntulerunt

919 2133 1010 2157 autem
1026 2129 1131 2165 Moyses
1146 2133 1174 2156 et
1190 2129 1278 2155 Aaron
1298 2128 1326 2155 in
1345 2132 1469 2156 sanctum
1492 2128 1709 2160 tabernaculum,

920 2182 980 2209 quae
1007 2174 1096 2202 oblata
1123 2173 1232 2200 fuerant
1251 2183 1256 2200 :
1278 2173 1476 2212 namnfortium
1492 2173 1614 2200 virorum
1640 2172 1711 2200 facta

919 2220 1029 2248 Christo
1047 2224 1122 2256 grata
1143 2224 1217 2252 sunt,
1235 2224 1263 2247 et
1284 2223 1417 2255 prteterea
1434 2224 1562 2254 tanquam
1582 2219 1711 2246 Ecclesim

921 2274 987 2302 opes
1005 2274 1037 2294 ac
1059 2267 1190 2302 pra:clara
1211 2270 1382 2298 ornamenta,
1403 2273 1452 2300 per
1475 2274 1534 2300 quae.
1556 2265 1594 2292 illi
1614 2272 1710 2291 consc-

921 2317 1044 2347 quuntur
1060 2316 1097 2338 .ut
1120 2312 1266 2343 diutumze,
1297 2312 1352 2339 imo
1369 2319 1437 2339 vero
1460 2312 1634 2346 sempiternae
1656 2318 1712 2337 me—

884 2356 906 2383 D
921 2359 1015 2386 moria:
1038 2362 1249 2391 eonsecrentur;
1277 2359 1400 2393 talesque
1426 2366 1454 2385 se
1476 2361 1605 2392 prmstant
1620 2360 1650 2383 ut
1669 2357 1710 2383 in-

94 2405 217 2438 speetione
252 2405 345 2433 divina
371 2405 445 2440 digni
468 2405 620 2432 habeantur
638 2413 644 2430 :
662 2412 736 2436 nam,
771 2404 844 2439 quod
879 2405 983 2433 dictum
1000 2409 1050 2438 est,
1072 2405 1100 2432 in
1125 2408 1271 2439 conspectu
1299 2403 1406 2431 Domini
1427 2403 1516 2438 posita
1551 2411 1611 2430 esse
1629 2403 1710 2433 dona,

95 2451 236 2488 hujusmodi
267 2454 396 2489 quiddam
425 2452 569 2488 signiﬁcat.
599 2452 725 2487 Magnum
750 2461 817 2480 vero
843 2457 871 2480 et
887 2454 1018 2480 eximium
1044 2457 1096 2484 est,
1133 2453 1161 2479 in
1198 2451 1285 2479 oculis
1305 2451 1354 2478 Dei
1374 2449 1574 2486 quodammodo
1592 2449 1708 2485 positum

95 2506 146 2526 esse
160 2508 166 2526 :
182 2508 243 2527 nam
269 2508 318 2527 cos
335 2499 445 2534 plurimi
466 2499 510 2525 ille
531 2498 605 2531 facit,
626 2506 695 2533 quos
713 2503 823 2533 aspectu
843 2507 892 2526 suo
911 2499 1048 2535 dignatur.

127 2545 219 2573 IIAAA.
240 2545 288 2572 Ἐκ
302 2545 407 2572 πολλῶν
428 2544 476 2580 μὲν
491 2545 566 2580 ἡμῖν,
576 2543 613 2576 ὡς
639 2543 709 2570 ἔοικε
719 2563 726 2574 ,
744 2544 869 2579 σημαίνει

97 2590 179 2626 λέγων,
192 2593 221 2619 τὸ
238 2591 432 2619 ἀναπείθεσθαι
447 2591 493 2618 καὶ
509 2591 632 2626 φρονεῖν,
648 2589 685 2621 ὡς
699 2589 730 2616 τό
748 2598 788 2616 τοι
804 2589 871 2624 χρῆ-

98 2646 134 2664 ναι
149 2639 328 2674 καρποφορεῖν
351 2638 450 2674 πρέπει
471 2637 504 2664 ἂν
523 2637 571 2672 οὐχ
589 2637 692 2672 ἑτέροις
719 2636 830 2670 μᾶλλον,
854 2635 870 2670 ἢ

99 2685 144 2716 τοῖς
158 2686 219 2720 ira»
234 2685 436 2721 ἀνδριζομένοις
451 2684 497 2711 καὶ
517 2683 638 2710 εἰωθόσιν
653 2683 816 2717 εὐδοκιμεῖν.

133 2850 236 2880 "lCor.
258 2861 286 2885 χ,
302 2852 343 2879 l8.

134 2920 166 2956 (1)
183 2921 246 2950 Cod.
266 2922 340 2954 νειμ,
359 2920 516 2947 ἐπιστέλλει.

386 2850 504 2878 “ICor.
523 2858 559 2883 ix,
575 2849 650 2876 7-l0.

691 2849 710 2864 "
729 2847 810 2880 lhid.,
829 2846 872 2879 Η,
891 2846 930 2872 l2.

962 2542 1060 2571 PALL.
1078 2543 1171 2570 Multis
1195 2541 1278 2577 igitur
1297 2541 1390 2568 verhis
1412 2540 1438 2567 id
1454 2540 1534 2567 nobis
1557 2540 1711 2575 signiﬁcare

925 2591 1045 2622 videtur,
1069 2590 1107 2616 ita
1126 2596 1289 2623 persuasum
1306 2588 1387 2615 nobis
1403 2595 1462 2614 esse
1489 2586 1591 2613 debere
1620 2587 1712 2621 itaque

927 2635 1112 2667 sentiendum,
1125 2635 1176 2662 hoc
1191 2635 1290 2669 ipsum,
1303 2634 1374 2661 dona
1390 2634 1489 2661 offerre
1499 2633 1565 2665 Deo,
1581 2641 1635 2659 non
1653 2633 1712 2659 aliis

927 2683 1013 2718 magis
1029 2682 1176 2710 convenire
1196 2689 1276 2717 quam
1297 2682 1344 2716 qui
1368 2688 1397 2707 se
1419 2685 1530 2708 strenue
1553 2687 1584 2707 ac
1605 2680 1712 2707 fortiter

926 2734 1030 2765 gerant.
1048 2734 1077 2757 et
1093 2737 1164 2764 saepe
1177 2736 1210 2756 cx
1236 2731 1308 2755 recte
1330 2728 1408 2755 factis
1422 2727 1530 2754 laudem
1554 2726 1604 2754 sibi
1629 2733 1711 2761 prpe-

925 2775 1021 2801 rerint.

971 2847 992 2861 "
1005 2845 1085 2878 lhid.,
1102 2846 1144 2872 l8.
1194 2845 1213 2859 ”
1230 2844 1239 2870 l
1257 2844 1320 2871 Cur.
1336 2851 1381 2874 vu,
1409 2843 1452 2869 25.

1731 2254 1736 2266 l
