1924 3043
174 142 227 171 δίδ

672 140 700 167 S.
721 140 860 168 CYRILLI
879 139 1114 169 ALEXANDRINI
1131 138 1292 168 AIICIIIEP.

1754 135 1816 165 344

209 200 288 228 Οἴη.
302 201 386 235 Euge,
402 200 515 232 Palladi,
531 204 603 227 recte
627 198 745 235 namque
771 201 922 233 existimas,
935 205 964 228 et

1050 200 1132 229 ΚΥΡ.
1148 197 1231 235 Εὖγε,
1246 197 1269 227 ὣ
1285 198 1429 232 Παλλὰδιε,
1443 199 1534 234 διανοῇ
1547 199 1601 235 γὰρ
1613 198 1710 235 ὀρθῶς.
1728 198 1812 233 Ἔχει

174 255 230 275 non
245 246 326 273 modo
338 245 395 280 ipsa
407 252 451 272 res
463 245 500 272 ita
513 253 542 272 se
558 245 651 277 habet,
660 245 708 272 sed
723 246 805 273 etiam
815 246 963 281 Scriptura:

173 300 257 320 sacne
283 291 441 319 testimonio
473 291 664 320 conﬁrmatur.
701 292 770 319 Cum
796 292 870 320 enim
900 292 964 320 ﬁliis

173 339 256 366 Israel
266 338 357 366 adhuc
373 337 400 365 in
416 345 510 365 eremo
523 339 759 367 commorantibus
773 347 881 367 sacrum
896 339 962 366 illud

174 384 381 412 tabernaculum
403 384 508 420 erigere
537 386 620 413 vellet
636 386 719 418 Deus,
741 386 815 421 quod
834 386 964 414 Ecclesia:

172 440 205 458 ex
224 431 353 466 gentibus
374 432 496 459 collectae
508 431 622 468 ﬁguram
640 437 669 460 et
683 433 830 469 imaginem
843 437 961 468 gereret,

170 477 252 511 jussit
270 481 309 510 ut,
324 485 385 512 quae
402 478 431 504 in
454 486 515 505 eam
531 487 590 506 rem
604 487 674 514 opus
690 484 793 512 essent,
815 487 964 515 congrega-

172 527 278 550 rentur.
298 523 392 558 Itaque
417 524 456 551 sic
472 532 615 552 sacrorum
641 525 825 561 interpretem
851 525 963 561 Moysen

171 574 214 596 cst
237 569 391 598 allocutus:
424 571 477 599 «Si
506 572 646 607 acceperis
675 580 811 600 summam
842 572 963 600 ﬁliorum

172 615 266 648 Israel,
288 617 316 645 in
334 618 493 645 recensione
517 626 615 645 eorum
641 618 747 646 dabunt
772 619 963 654 unusquisque

172 662 260 696 pretia
279 663 477 698 redemptionis
505 664 602 691 animae
623 672 679 692 sum
705 664 832 697 Domino,
860 669 888 692 et
907 673 963 693 non

172 707 226 735 erit
241 708 269 736 in
281 709 322 736 eis
335 717 415 737 casus
428 710 456 737 in
473 711 634 738 recensione
653 718 766 744 eorum;
781 716 810 739 et
832 711 885 739 hoc
896 712 961 745 erit,

172 753 245 787 quod
270 754 383 788 dabunt,
405 756 563 791 quicunque
587 761 732 785 transeunt
752 758 786 785 ad
812 758 962 794 inspectio-

173 807 246 831 nem,
261 801 378 828 mediam
400 807 505 836 partem
535 803 605 835 sicli,
636 804 683 838 qui
700 809 744 832 est
766 805 844 840 juxta
865 805 963 832 siclum

173 849 299 873 sanctum
332 847 438 882 (viginti
469 848 565 876 obolos
580 849 663 876 habet
679 850 786 885 siclus),
817 850 963 879 dimidium

172 896 266 920 autem
294 893 354 921 sicli
372 894 505 921 tributum
534 895 659 923 Domino.
677 895 773 924 Omnis
794 897 841 931 qui
866 897 964 924 transit

173 939 201 965 in
229 938 428 974 inspectionem
450 948 466 967 a
485 941 582 976 viginti
594 942 674 969 annis
689 947 717 970 et
742 950 836 978 supra,
859 942 964 970 dabunt

172 985 308 1012 tributum
330 986 457 1014 Domino.
481 987 564 1015 Dives
583 995 639 1015 non
666 988 788 1024 adjiciet,
807 993 836 1016 et
859 997 964 1024 pauper

171 1039 229 1059 non
244 1032 351 1060 minuet
364 1041 379 1060 a
404 1033 519 1061 dimidio
538 1034 610 1067 sicli,
638 1042 701 1062 cum
719 1034 801 1062 datur
827 1035 964 1062 tributum

171 1077 288 1106 Domino
301 1079 336 1106 ad
351 1080 557 1115 propitiandum
572 1088 623 1115 pro
640 1081 785 1109 animabus
805 1082 921 1109 vestris:
936 1087 964 1110 et

171 1123 290 1159 accipies
313 1130 457 1160 argentum
473 1126 568 1153 tributi
584 1134 600 1153 a
611 1126 675 1154 ﬁliis
694 1127 787 1159 Israel,
804 1131 832 1155 et
843 1127 923 1155 dabis
933 1127 964 1154 il-

170 1169 220 1196 Iud
231 1169 265 1197 ad
272 1177 341 1205 opus
351 1171 519 1199 tabernaculi
530 1173 696 1206 testimonii;
709 1177 737 1200 et
746 1173 800 1201 erit
808 1173 872 1201 ﬁliis
879 1174 962 1202 Israel

171 1221 384 1245 monumentum
411 1226 505 1246 coram
533 1219 660 1252 Domino,
686 1223 716 1246 ut
733 1220 898 1255 propitietur
913 1228 964 1256 pro

172 1261 319 1289 animabus
333 1262 432 1290 vestris
440 1264 490 1290 ³ο.»
515 1264 592 1298 ι32
607 1264 677 1291 Ecce
692 1264 793 1292 iterum
804 1265 964 1300 diligentem

139 1312 143 1317 ‘
171 1307 360 1336 reeensionem
370 1309 468 1336 conﬁci
479 1314 607 1344 oportere
616 1310 756 1344 legislator
766 1311 815 1343 ait,
825 1311 965 1338 conferre-

171 1361 226 1388 que
238 1354 322 1389 jussit
336 1355 408 1383 dona
420 1355 538 1383 Domino
559 1355 705 1384 dimidium
721 1357 791 1384 sicli.
804 1357 856 1390 Qui
871 1362 964 1384 autem

171 1400 228 1428 sint
239 1401 287 1436 qui
302 1401 403 1428 oﬁ‘erre
415 1401 544 1434 debeant,
562 1406 656 1437 aperte
668 1402 780 1436 deﬁnit;
790 1411 879 1438 neque
890 1403 964 1430 enim

171 1447 338 1474 mulieribus
350 1447 377 1474 id
394 1447 497 1480 facere,
522 1456 612 1483 neque
639 1448 730 1476 adhuc
748 1449 843 1484 pueris
860 1449 964 1484 permi-

172 1493 210 1521 sit
221 1493 309 1521 Deus:
323 1492 352 1521 in
365 1502 431 1528 quo,
450 1494 503 1522 nisi
516 1494 607 1527 fallor,
621 1495 786 1530 improbavit
796 1495 922 1524 imbelles
933 1504 965 1524 ac

172 1537 280 1570 molles,
310 1541 338 1565 et
362 1538 408 1574 qui
431 1539 579 1573 prudentia
609 1540 702 1568 minus
723 1541 845 1576 perfecta
871 1545 936 1569 sunt
956 1551 962 1568 :

172 1583 357 1619 ascripsitque
370 1585 399 1612 in
415 1585 591 1614 offerentium
603 1595 750 1614 numerum
769 1587 893 1615 adultum
908 1588 964 1623 jam

172 1633 202 1656 et
212 1629 350 1664 vigentem
363 1631 503 1666 juvenem,
515 1637 543 1660 et
557 1634 604 1668 qui
613 1634 647 1661 ad
665 1634 863 1669 inspectionem
874 1638 964 1661 trans—

173 1675 242 1708 iret,
261 1676 363 1710 quibus
376 1677 465 1705 elatis
479 1686 582 1706 annum
606 1680 762 1714 praescribit
789 1680 963 1707 vicesimum.

174 1719 231 1748 Soli
244 1721 318 1748 enim
336 1722 410 1758 digni
426 1729 491 1752 sunt
503 1724 603 1752 oﬂ'erre
616 1725 688 1753 dona
705 1726 822 1753 Domino
834 1727 911 1761 juxta
924 1726 965 1754 le-

173 1766 216 1802 gis
231 1769 433 1804 praescriptum,
449 1771 497 1806 qui
513 1771 647 1806 puerilem
668 1779 780 1799 sensum
804 1778 886 1808 atque
903 1781 965 1800 mu-

173 1811 290 1840 liebrem
311 1814 434 1841 animum
458 1816 633 1849 transiliunt,
657 1817 768 1852 jamque
795 1818 829 1845 ad
857 1818 965 1845 virilem

174 1862 333 1882 mensuram
350 1862 549 1891 pervenerunt,
568 1866 631 1885 cum
644 1862 724 1887 relate
738 1867 801 1894 quae
814 1859 841 1886 in
854 1859 966 1888 Christo

176 1899 341 1936 intelligitur
367 1906 402 1928 et.
421 1902 575 1937 spiritualis
595 1907 647 1935 est,
670 1903 752 1939 plena
771 1905 826 1931 sint
843 1909 871 1932 et
894 1905 965 1933 inte-

174 1954 233 1981 κιο.
253 1947 286 1974 Hi
309 1952 454 1976 transeunt
477 1948 512 1976 ad
535 1949 743 1984 inspectioncm,
762 1950 790 1978 id
806 1955 858 1982 est,
877 1959 906 1978 se
923 1951 966 1978 di-

175 2000 243 2025 gnos
259 1992 383 2027 praebent
407 1993 454 2028 qui
471 1993 500 2020 in
527 1993 615 2021 oculis
636 1994 684 2024 Dei
707 1999 864 2028 versentur,
881 2000 911 2023 ut
939 1997 966 2024 in

175 2037 290 2064 Psalmis
303 2038 428 2065 canitur:
451 2048 459 2063 ι
471 2037 550 2066 Oculi
576 2039 685 2068 Domini
703 2048 786 2076 super
803 2042 893 2076 justos
905 2043 937 2070 “.
953 2052 962 2068 ι

174 2082 214 2109 Ea
226 2089 310 2117 porro
322 2083 519 2118 redemptionis
529 2085 617 2119 pretia
624 2093 674 2120 pro
683 2087 770 2115 salute
779 2087 964 2121 offerentium,

175 2133 203 2155 et
214 2127 248 2154 ad
263 2128 351 2156 sancti
366 2129 536 2157 tabernaculi
549 2139 648 2166 opera,
664 2137 691 2159 et
712 2132 740 2159 in
757 2139 966 2162 monumentum

175 2183 268 2202 coram
299 2176 416 2204 Domino
452 2177 659 2206 atterebantur:
692 2180 826 2215 praeclara
849 2189 967 2217 namque

1013 247 1040 274 δὲ
1049 245 1099 274 ὧδε
1110 247 1140 273 τὺ
1151 247 1245 282 χρῆμα
1255 247 1288 282 τῇ
1302 246 1392 280 φύσει,
1405 246 1451 272 καὶ
1463 245 1632 281 μαρτυρήσει
1645 245 1676 271 τὺ
1688 245 1810 280 γράμμα

1013 294 1043 320 τὸ
1066 293 1147 329 ἱερόν.
1169 293 1278 328 Ἐπειδὴ
1300 292 1354 327 γὰρ
1376 293 1432 324 τοῖς
1448 292 1517 323 υίοῖς
1539 291 1646 327 Ἰσραὴλ
1663 291 1814 327 αὐλιζομέο

1014 346 1069 370 νοις
1083 338 1122 364 ἔτι
1138 337 1208 365 κατὰ
1222 338 1272 374 τὴν
1287 337 1389 373 ἔρημον
1413 337 1462 372 τὴν
1479 336 1559 370 ἁγίαν
1575 337 1678 372 σκηνὴν
1692 337 1813 372 ἐγείρειν

1014 385 1140 412 ὲὸούλετο
1159 385 1173 411 ὁ
1185 384 1261 416 Θεὸς,
1284 385 1324 415 είς
1343 383 1435 410 είκόνα
1451 383 1499 410 καὶ
1515 382 1600 409 τύπον
1614 383 1665 417 τῆς
1679 381 1710 414 εξ
1724 382 1812 409 ἐθνῶν

1021 431 1193 466 Ἐκκλησίας,
1210 430 1418 465 συναγείρεσθαι
1427 429 1483 456 δεῖν
1495 429 1530 456 τὰ
1542 430 1582 461 είς
1593 428 1674 456 τοῦτο
1685 429 1812 464 χρήσιμα

1014 478 1141 505 διετὺπου
1158 478 1247 505 πάλιν.
1267 478 1339 512 Ἔφη
1357 485 1386 502 τε
1405 476 1477 503 οὕτω
1497 476 1564 512 πρὸς
1578 475 1623 502 τὸν
1646 475 1812 511 ἱεροφάντην

1014 524 1132 551 Μωσὲα·
1151 534 1159 549 ι
1195 523 1257 550 Ἐὰν
1286 522 1371 558 λάϐῃς
1393 522 1439 548 τὸν
1458 520 1637 556 συλλογισμὸν
1661 520 1718 547 τῶν
1745 520 1813 547 υἱῶν

1021 571 1128 607 Ἰσραὴλ
1139 572 1167 598 ὲν
1177 572 1211 606 τῇ
1222 571 1358 606 ἐπισκοπῇ
1374 570 1473 604 αὐτῶν,
1487 570 1534 597 καὶ
1546 569 1679 597 δώσουσιν
1692 569 1813 602 ἕκαστος

1015 617 1100 652 λύτρα
1118 617 1168 652 τῆς
1191 617 1281 652 ψυχῆς
1306 615 1389 643 αὑτοῦ
1405 616 1516 652 Κυρίῳ,
1539 617 1586 642 καὶ
1607 615 1658 642 οὐκ
1675 616 1755 642 ἔσται
1782 616 1813 642 ὲν

1015 664 1107 695 αὐτοῖς
1130 663 1233 694 πτῶσις
1257 664 1286 690 ἐν
1309 663 1341 698 τῇ
1364 663 1500 697 ἐπισκοπῇ
1523 661 1632 689 αὐτῶν
1659 662 1707 688 καὶ
1733 661 1814 687 τοῦτὸ

1015 712 1088 737 ἐστιν
1100 709 1114 736 δ
1123 709 1265 740 δώσουσιν,
1274 709 1330 736 ὅσοι
1344 709 1393 736 ἐὰν
1408 707 1576 744 πορεύωνται
1588 708 1637 743 τὴν
1648 707 1809 742 ἐπίσκεψιν,

1014 757 1045 784 τὸ
1060 757 1145 792 ἣμισυ
1163 755 1209 783 τοῦ
1223 755 1388 791 διδράχμου,
1412 755 1427 782 ὅ
1450 756 1508 782 ἐστι
1526 753 1596 781 κατὰ
1617 754 1768 789 δίδραχμον
1781 754 1814 780 τὸ

1015 803 1091 836 ἅγιον
1105 823 1111 835 ,
1131 802 1233 829 εἴκοσιν
1255 802 1344 828 ὀϐολοὶ
1366 802 1397 828 τὸ
1424 801 1585 836 δίδραχμον,
1601 801 1632 827 τὸ
1656 801 1745 836 ἥμισυ
1764 800 1812 828 τοῦ

1016 849 1164 885 διδράχμου
1181 848 1296 884 εἰσφορὰ
1308 848 1347 884 τῷ
1362 848 1466 883 Κυρίῳ.
1483 848 1540 878 Πᾶς
1553 848 1568 874 ὁ
1582 848 1814 882 παραπορευόμε-

1016 904 1060 927 νος
1083 897 1121 927 είς
1142 894 1192 930 τὴν
1212 894 1366 929 ἐπίσκεψιν,
1383 894 1437 921 ἀπὸ
1451 893 1621 925 είκοσαετοῦς
1646 893 1693 919 καὶ
1720 892 1815 919 ὲπάνω

1014 941 1130 968 δώσουσι
1155 941 1204 976 τὴν
1232 939 1362 976 εἰσφορὰν
1386 939 1425 975 τῷ
1446 939 1552 975 Κυρίῳ.
1576 938 1607 965 ’0
1631 937 1757 964 πλουτῶν
1781 938 1814 963 οὐ

1015 989 1174 1024 προσθήσει,
1191 987 1238 1014 καὶ
1253 988 1268 1013 ό
1285 987 1433 1022 πενόμενος
1445 986 1494 1012 οὐκ
1507 986 1678 1020 ὲλαττονὴσει
1691 984 1748 1011 ἀπὸ
1763 983 1813 1010 τοῦ

1014 1034 1130 1070 ἡμίσους
1142 1033 1190 1060 τοῦ
1207 1033 1354 1069 δίδραχμον
1366 1053 1374 1065 ,
1388 1033 1434 1058 ἐπὶ
1448 1031 1478 1058 τὸ
1495 1031 1597 1058 διδόναι
1613 1031 1662 1066 τὴν
1680 1029 1813 1064 είσφορὰν

1014 1080 1052 1115 τῷ
1068 1080 1181 1116 Κυρίῳ·
1201 1079 1375 1111 ἐξιλάσασθαι
1391 1077 1455 1113 περὶ
1471 1077 1525 1103 τῶν
1539 1076 1633 1111 ψυχῶν
1650 1075 1746 1110 ὑμῶν·
1765 1074 1814 1100 καὶ

1014 1127 1087 1162 λήψῃ
1112 1127 1143 1153 τὸ
1167 1126 1298 1161 ἀργύριον
1324 1125 1374 1159 τῆς
1404 1123 1534 1158 εἰσφορᾶς
1559 1121 1633 1157 παρὰ
1658 1121 1713 1148 τῶν
1741 1121 1807 1148 υίῶν

1022 1173 1139 1208 Ἰσραὴλ,
1155 1173 1201 1199 καὶ
1219 1171 1313 1203 δώσεις
1326 1171 1418 1202 αὐτοῖς
1432 1170 1472 1202 εἰς
1492 1168 1625 1204 κάτεργον
1641 1168 1691 1202 τῆς
1707 1166 1814 1202 σκηνῆς

1015 1219 1061 1245 τοῦ
1086 1218 1247 1254 μαρτυρίου,
1264 1217 1310 1243 καὶ
1324 1216 1400 1243 ἔσται
1413 1217 1470 1247 τοῖς
1484 1215 1552 1246 υἱοῖς
1576 1213 1685 1249 Ἰσραὴλ
1704 1212 1812 1248 μνημό-

1016 1273 1096 1292 συνον
1111 1264 1230 1291 ἐναντίον
1247 1263 1350 1298 Κυρίου
1371 1260 1546 1294 ἐξιλάσασθαι
1569 1260 1633 1295 περὶ
1649 1259 1702 1285 τῶν
1717 1258 1811 1294 ψυχῶν

1016 1313 1103 1348 ὑμῶν.
1128 1322 1137 1338 ι
1160 1312 1225 1338 Ἰδοὺ
1247 1310 1279 1346 δὴ
1296 1309 1376 1336 πάλιν
1390 1308 1492 1345 ἀκριϐῆ
1509 1310 1555 1334 τὸν
1571 1306 1735 1341 ἐκλογισμὸν
1751 1305 1812 1331 δια-

1017 1358 1194 1395 περαίνεσθαι
1215 1358 1269 1384 δεῖν
1289 1358 1302 1384 δ
1318 1356 1466 1392 νομοθέτης
1485 1353 1570 1389 φησί·
1589 1353 1760 1386 συνενεγκεῖν
1783 1350 1813 1377 δὲ

1016 1405 1183 1442 προστέταχε
1203 1404 1238 1430 τὰ
1259 1404 1333 1439 δῶρα
1357 1401 1463 1438 Κυρίῳ,
1481 1401 1512 1427 τὸ
1531 1401 1616 1435 ἥμισυ
1638 1398 1685 1425 τοῦ
1702 1397 1814 1434 διδρὰχ-

1017 1461 1080 1488 μου.
1101 1452 1180 1483 Τίνες
1201 1451 1224 1478 δ’
1239 1450 1271 1477 ἂν
1295 1448 1349 1477 εἶεν
1371 1450 1395 1476 ut
1428 1445 1623 1484 προσ-κομίζειν
1645 1444 1811 1479 ὀφείλοντες,

1015 1497 1128 1534 διορίζει
1144 1497 1237 1532 σαφῶς
1247 1505 1254 1513 ι
1270 1497 1300 1523 οὐ
1314 1496 1370 1531 γὰρ
1381 1495 1414 1530 δὴ
1428 1494 1552 1528 γυναίοις
1565 1492 1644 1519 τοῦτο
1658 1491 1737 1527 δρᾷν,
1749 1489 1813 1534 οὔτε

1018 1533 1071 1580 μὴν
1083 1545 1139 1576 τοῖς
1156 1543 1196 1570 ἔτι
1210 1542 1317 1578 νηπίοις
1331 1541 1417 1576 ἐφῆκε
1434 1540 1517 1571 Θεὸς·
1532 1536 1753 1573 ἀποδοκιμάζων,
1772 1533 1813 1562 οῗ-

1019 1591 1067 1627 μαί
1080 1599 1141 1622 που,
1159 1589 1189 1616 τὸ
1208 1589 1304 1617 ἇναλκί
1317 1597 1345 1614 τε
1363 1587 1410 1614 καὶ
1427 1586 1566 1622 μαλθακὸν
1577 1604 1584 1617 ,
1602 1584 1650 1612 καὶ
1664 1583 1695 1610 τδ
1719 1581 1814 1613 ἀτελὲς

1015 1639 1056 1670 είς
1075 1637 1182 1664 σύνεσιν
1192 1644 1198 1650 ·
1215 1628 1433 1670 ὲγκαταγράφοίν
1454 1632 1484 1660 δὲ
1499 1632 1594 1666 ὥσπερ
1606 1631 1663 1662 τοῖς
1675 1628 1813 1663 ὀφείλουσι

1018 1683 1203 1719 καρποφορεῖν
1214 1682 1259 1708 τὸν
1269 1680 1391 1717 ἡϐηκότα
1403 1680 1454 1715 ἤδη
1465 1678 1512 1705 καὶ
1524 1677 1681 1713 σφριγῶντα
1691 1674 1811 1706 νεανίαν,

1017 1731 1065 1757 καὶ
1078 1729 1336 1765 παραπορευόμενον
1352 1727 1392 1757 εἰς
1405 1726 1453 1761 τὴν
1467 1724 1622 1758 ἐπίσκεψιν,
1639 1719 1680 1754 οἷς
1693 1722 1742 1748 κα)⁸
1756 1721 1813 1752 ἔτος

1017 1774 1103 1810 ὁρίζει
1118 1775 1147 1801 τὸ
1163 1773 1294 1800 εἱκοστόν.
1305 1772 1390 1799 Μόνοι
1406 1771 1460 1806 γὰρ
1471 1769 1541 1802 ἄξιοι
1555 1768 1602 1795 τοῦ
1616 1768 1716 1804 χρῆναι
1731 1774 1812 1802 προσ-

1018 1822 1093 1856 άγειν
1109 1819 1144 1847 τὰ
1158 1820 1232 1856 δῶρα
1253 1819 1367 1854 Κυρίῳ,
1386 1817 1458 1844 κατὰ
1485 1815 1530 1842 τὸν
1548 1815 1646 1850 νόμον,
1669 1814 1693 1839 οἱ
1718 1820 1814 1848 μειρα-

1018 1867 1101 1902 κιώδη
1119 1866 1249 1901 φρόνησιν
1262 1865 1310 1892 καὶ
1330 1863 1486 1899 θηλύφρονα
1502 1861 1565 1888 νοῦν
1579 1860 1813 1895 ἀναθρώσκοντες,

1018 1915 1064 1940 καὶ
1079 1914 1117 1945 εἰς
1134 1912 1229 1947 ἀνδρὸς
1242 1911 1292 1946 ἥδη
1306 1910 1445 1941 τελοῦντες
1460 1909 1568 1945 μέτρον,
1583 1907 1695 1942 ἡλικίας
1706 1905 1814 1940 ἔχοντες

1019 1960 1157 1996 πλήρωμα
1174 1958 1210 1994 (1)
1228 1957 1278 1993 τῆς
1294 1958 1322 1984 ὲν
1338 1955 1450 1992 Χριστῷ
1470 1954 1617 1990 νοουμένης
1630 1953 1675 1979 καὶ
1692 1959 1814 1986 πνευμασ

1018 2007 1107 2041 τικῆς.
1117 2001 1196 2032 Οὗτοι
1211 2002 1448 2039 παραπορεύονται
1460 2002 1499 2032 είς
1508 2001 1557 2036 τὴν
1567 1998 1723 2033 ἐπίσκεψιν,
1737 2005 1814 2023 τουτ-

1019 2053 1093 2080 έστιν
1105 2073 1111 2084 ,
1132 2051 1224 2083 ἀξίους
1242 2050 1356 2081 ἑαυτοὺς
1377 2047 1558 2083 ἀποφαίνουσι
1578 2045 1625 2072 τοῦ
1642 2045 1691 2071 καὶ
1709 2045 1739 2070 ὲν
1756 2043 1814 2078 ὕψει

1020 2098 1145 2134 γενέσθαι
1172 2096 1251 2129 Θεοῦ,
1279 2094 1350 2122 κατὰ
1374 2094 1406 2120 τὸ
1431 2094 1460 2121 ὲν
1484 2093 1608 2127 Ψαλμοῖς
1633 2089 1812 2134 ὑμνούμενον·

1024 2133 1033 2170 ἀ
1057 2141 1207 2177 Ὀιρθαλμοὶ
1219 2139 1323 2176 Κυρίου
1334 2139 1379 2166 ἐπὶ
1393 2138 1522 2169 δικαίους.
1542 2147 1551 2163 ι
1574 2136 1660 2171 Ὑπὲρ
1676 2133 1813 2169 σωτηρίας

1020 2190 1048 2216 δὲ
1062 2190 1111 2224 τῆς
1128 2187 1182 2214 τῶν
1202 2185 1395 2221 προσαγόντων
1417 2184 1450 2211 τὰ
1464 2184 1550 2219 λύτρα
1560 2203 1567 2215 ,
1585 2183 1632 2209 καὶ
1646 2183 1686 2212 εἰς
1700 2180 1734 2206 τὰ
1748 2179 1813 2206 κάτ-

175 2226 336 2250 sanctorum
346 2222 489 2250 hominum
501 2228 576 2259 gesta
598 2225 729 2254 ecclesias
741 2228 925 2261 constituunt,
939 2233 964 2256 et

1021 2222 1096 2271 emat
1106 2235 1156 2269 τῆς
1173 2233 1254 2267 ἁγίας
1272 2232 1385 2267 σκηνῆς,
1407 2231 1454 2258 καὶ
1472 2231 1512 2262 είς
1533 2229 1704 2265 μνημόσυνον
1722 2226 1810 2253 ἔναντι

176 2267 210 2295 ad
220 2272 349 2296 ornatum
364 2270 434 2296 sacri
449 2270 621 2298 tabernaculi
639 2272 717 2300 utilia
734 2277 807 2306 sunt,
832 2279 861 2301 et
882 2274 962 2301 simul

175 2313 275 2341 animae
289 2315 405 2342 salutem
417 2316 548 2349 elIiciunt,
576 2322 605 2345 et
621 2318 714 2353 gloria:
730 2320 905 2355 sempiterna:
917 2329 965 2348 co-

177 2366 244 2387 rona
262 2362 334 2388 viros
348 2362 434 2389 fortes
452 2369 595 2393 exornant.
616 2364 656 2392 An
670 2366 717 2393 tibi
733 2374 830 2401 parum
847 2375 910 2394 vere
923 2367 966 2395 di—

177 2415 239 2436 cere
261 2408 409 2436 videmur?

212 2543 310 2570 PALL.
324 2543 389 2571 Mihi
405 2544 516 2579 quidem
525 2545 680 2573 verissime.

212 2590 291 2617 (ΝΚ.
300 2591 508 2628 Redemptionis
519 2593 603 2629 igitur
613 2595 732 2628 pretium
743 2604 790 2624 seu
803 2597 901 2625 siclum
911 2599 966 2626 vcl-

177 2637 217 2664 nti
237 2645 350 2665 censum
363 2640 508 2674 quemdam
522 2641 595 2676 exigi
617 2642 699 2676 jussit
714 2643 796 2676 Deus,
811 2643 894 2678 idque
906 2648 966 2671 erat

178 2690 276 2710 eorum
289 2684 434 2717 tributum,
453 2685 500 2720 qui
516 2686 550 2713 ad
571 2687 678 2714 virilem
698 2692 806 2716 aatatem
824 2689 966 2724 pervenis-

178 2733 247 2756 sent.
265 2729 299 2757 At
311 2739 375 2758 vero
387 2732 527 2766 principes
548 2732 669 2760 tribuum
689 2733 847 2769 adjecerunt
859 2736 892 2763 iis
906 2745 966 2771 qlllE

217 2806 238 2820 “
261 2806 346 2833 Exod.
363 2814 425 2832 xxx.
451 2806 543 2834 I‘E-lti.
583 2808 603 2823 “
618 2809 687 2835 Psal.
704 2818 795 2836 xxxm.
811 2810 852 2837 16.

215 2872 251 2908 (ι)
265 2873 357 2900 Sirlcti
378 2873 473 2907 codex,
493 2874 645 2911 γνώρισμα,

1016 2282 1133 2318 Κυρίου·
1159 2280 1298 2314 συνίστησι
1318 2279 1372 2314 γὰρ
1394 2277 1559 2312 ἐκκλησίας,
1583 2275 1630 2302 καὶ
1647 2275 1687 2306 εἰς
1711 2273 1811 2308 κόσμον

1016 2329 1139 2364 χρήσιμα
1153 2327 1200 2362 τῆς
1216 2326 1296 2360 ἁγίας
1313 2324 1431 2359 σκηνῆς,
1449 2322 1483 2350 τὰ
1497 2322 1550 2349 τῶν
1574 2321 1660 2355 ἁγίων
1675 2320 1812 2364 ἀνδραγαῖ

1019 2362 1139 2407 θῆματα,
1159 2371 1227 2406 μετὰ
1248 2369 1294 2396 τοῦ
1310 2370 1356 2396 καὶ
1373 2368 1422 2404 τὴν
1439 2368 1488 2403 τῆς
1508 2366 1598 2402 ψυχῆς
1617 2365 1757 2401 σωτηρίαν
1783 2362 1810 2390 εὖ

1023 2418 1096 2453 μάλα
1110 2415 1322 2452 συγκατορθοῦν,
1338 2416 1386 2442 καὶ
1401 2414 1572 2449 ἀτελευτήτῳ
1582 2413 1646 2448 δόξῃ
1661 2410 1811 2445 στεφανοῦν

1021 2465 1083 2494 τοὺς
1097 2463 1315 2498 ἁνδριζομένους.
1331 2463 1365 2489 Ἢ
1376 2462 1426 2490 οὐκ
1441 2460 1543 2497 ἀληθὴς
1558 2460 1572 2487 ὁ
1584 2459 1662 2493 λόγος
1681 2455 1753 2484 εἶναί
1772 2465 1810 2483 σοι

1021 2510 1095 2536 δοκεῖ
1105 2518 1111 2541 ;

1058 2557 1160 2582 ΠΛΛΛ.
1178 2557 1250 2582 Πάνυ
1268 2556 1316 2590 μὲν
1335 2554 1392 2582 οὖν.

1053 2604 1136 2630 ΚΥΡ.
1150 2603 1187 2629 Τὸ
1197 2603 1246 2638 μὲν
1258 2601 1304 2630 οὖν
1321 2602 1428 2638 λύτρον,
1439 2601 1497 2636 ἢτοι
1506 2597 1810 2634 τὺδίδραχμον,δασμο-

1016 2649 1155 2683 λογεῖσθαι
1169 2650 1224 2676 δεῖν
1239 2648 1455 2684 κεχρησμῲδηκε
1472 2646 1547 2677 Θεὸς,
1572 2645 1620 2672 καὶ
1637 2642 1672 2679 ἦν
1687 2643 1742 2669 τῶν
1766 2643 1810 2669 ἁν-

1017 2694 1182 2730 δριζομὲνων
1196 2694 1225 2720 ὲν
1238 2694 1324 2729 τούτῳ
1337 2694 1371 2720 τὰ
1386 2692 1460 2727 τέλη.
1474 2692 1505 2717 Ol
1520 2691 1548 2716 δὲ
1561 2689 1614 2716 τῶν
1627 2687 1720 2722 φυλῶν
1733 2686 1810 2722 moti-

1019 2749 1104 2774 μενοι,
1123 2739 1313 2775 προστιθέντες
1329 2740 1386 2770 τοῖς
1400 2739 1430 2764 ἐκ
1445 2737 1528 2772 νόμου
1550 2732 1808 2770 προστεταγμένοις,
