1924 3043
69 189 117 218 δῶ

434 191 477 219 DE
498 191 719 221 ADORATIONE
739 194 771 222 IN
793 193 927 223 SPlRlTU
947 196 993 224 ET
1011 198 1195 226 VERITATE.
1209 199 1272 227 LIB.
1286 199 1331 228 IV.

1650 198 1702 226 546

71 249 104 276 τὰ
113 246 152 275 ἔτι
165 247 256 295 μείζω
272 249 320 276 καὶ
335 249 533 287 ὰ-ξιολογώτερα
547 253 584 288 (1)
600 255 795 290 προσεκόμιζόν
806 264 863 282 τινα

917 257 974 293 lege
985 264 1120 294 przecepta
1131 265 1219 292 erant,
1234 267 1266 287 ac
1279 261 1381 295 majora
1396 258 1519 294 quaedam
1546 261 1574 286 et
1595 257 1700 293 pretio-

72 294 120 322 τῶν
145 294 223 329 παρὰ
248 295 327 330 σφίσι
350 296 385 322 τὰ
403 297 539 333 ἐξαίρετα.
560 298 717 335 Γέγραπται
734 300 806 336 γὰρ,
824 301 864 327 ὅτι

75 351 82 367 ι
100 341 151 367 Καὶ
165 341 191 367 οἱ
210 341 346 377 ἄρχοντες
360 343 478 378 ἤνεγκαν
493 346 555 377 τοὺς
570 345 660 378 λίθους
672 347 722 382 τῆς
737 347 865 382 σμαράγ-

72 387 130 417 δου,
146 387 192 412 καὶ
210 387 279 419 τοὺς
301 387 393 419 λίθους
414 389 463 424 τῆς
485 390 726 426 συμπληρώσεως,
754 392 794 423 είς
815 392 865 427 τὴν

74 431 207 465 ἐπωμίδα,
224 432 275 458 καὶ
294 433 325 459 τὸ
344 433 450 467 λόγιον,
468 435 514 461 καὶ
530 434 580 466 τὰς
601 435 753 468 συνθέσεις,
773 436 820 462 καὶ
835 435 865 462 τὺ

75 479 155 505 ἔλαιον
168 478 219 514 τῆς
238 479 359 514 χρίσεως
369 499 376 512 ,
392 480 440 507 καὶ
456 480 505 516 τὴν
526 481 651 508 σύνθεσιν
666 481 713 508 τοῦ
726 481 865 517 θυμιάμα-

73 533 122 556 τος.
140 534 150 550 ι
173 522 241 559 Ἆρ’
259 522 307 552 οὖν
323 526 383 561 οὐχὶ
403 527 460 558 τοῖς
480 527 568 553 ὀπίσω
588 526 674 563 βραχὺ
698 528 777 554 ταυτὶ
800 536 865 562 συγ-

74 571 150 606 γενῆ;
178 570 212 597 Ἦ
235 571 288 606 μὲν
311 571 366 608 γὰρ
388 572 443 599 τῶν
471 573 596 609 μαχίμων
619 573 724 609 πληθὺς
746 574 779 600 τὰ
813 573 865 608 τῆς

74 617 258 652 αἰχμαλωσίας
281 618 481 654 προσεκόμιζεν
503 620 540 654 τῷ
563 619 622 655 Θεῷ
635 641 642 653 ,
666 620 737 647 κατὰ
755 620 805 655 τὴν
825 620 865 646 δο-

75 663 158 690 θεῖσαν
181 664 298 700 ἐντολὴν
309 685 316 697 ,
333 666 388 692 ἀπὸ
402 665 550 702 ἀνθρώπου
576 666 628 698 ἕως
647 667 780 702 κτήνους*
794 667 818 693 οι
835 666 864 692 δὲ

75 709 204 745 χιλίαρχοί
228 719 261 737 τε
284 711 333 738 καὶ
355 711 548 747 ἑκατόνταρχοι
569 712 738 748 προσέθεσαν
758 711 863 744 τούτοις

74 756 180 792 χλιδῶνι
195 757 244 783 καὶ
263 757 383 792 ψέλλιον,
406 757 453 784 καὶ
468 758 625 793 ὲμπλόκιον,
645 758 693 785 καὶ
711 757 862 791 δακτύλιον,

75 802 115 828 καὶ
126 802 178 828 πᾶν
191 802 292 834 σκεῦος
304 802 422 839 χρυσοῦν
435 804 625 839 εἰργασμένον,
644 804 662 831 ἃ
673 804 720 831 καὶ
729 805 768 836 εἰς
779 803 863 839 αὐτὴν

74 848 116 883 τὴν
132 848 212 883 ἁγίαν
234 848 322 875 ἐτίθει
340 849 442 885 σκηνὴν
468 849 599 886 Ἐλεάζαρ
613 851 629 877 6
649 849 748 886 ἱερεύς.
776 851 820 876 Ἐν
835 849 863 876 δέ

78 901 104 926 γε
122 893 227 925 τούτοις
242 895 260 929 ἡ
281 894 330 929 μὲν
346 896 420 921 πᾶσα
435 895 489 922 τῶν
504 895 646 930 ήὸηκύτων
659 895 763 930 πληθὺς
777 895 862 922 ἐτέλει

74 939 101 966 τὺ
135 939 301 974 δίδραχμον,
335 940 502 976 προσάγουσι
525 941 554 968 δὲ
578 942 660 969 πάλιν
686 943 710 969 οἱ
735 942 864 977 ἄρχοντες

75 984 156 1016 λίθους
172 985 340 1018 ἐκλεκτοὺς,
363 987 403 1018 εἰς
424 987 474 1022 τὴν
489 988 628 1022 ἐπωμίδα,
654 987 743 1015 καὶτὸ
762 987 861 1022 λόγιον,

77 1031 140 1066 ἆπερ
152 1032 193 1062 είς
213 1031 319 1067 κόσμον
336 1032 471 1059 συνετέλει
489 1033 537 1059 τοῦ
553 1033 719 1069 προῦχοντος
737 1035 766 1061 ἐν
785 1034 863 1069 ἱερω-

78 1077 147 1112 σύνῃ.
164 1077 341 1112 Προσάγουσι
357 1078 411 1114 γὰρ
429 1079 553 1112 ἑαυτοὺς,
568 1081 608 1111 εἰς
625 1079 727 1115 κόσμον
743 1078 862 1115 Χριστῷ,

77 1121 192 1156 καθάπερ
207 1122 288 1154 τινὰς
309 1121 400 1154 λίθους
417 1123 541 1158 τιμίους,
564 1125 588 1150 οἱ
612 1124 684 1150 λαῶν
706 1124 861 1159 ἡγούμενοι.

78 1166 211 1202 Τοιγάρτοι
229 1167 280 1193 καὶ
292 1167 306 1193 6
324 1170 467 1203 προφήτης
481 1169 543 1200 τοὺς
559 1169 654 1203 ἁγίους
665 1170 729 1204 ἡμῖν
746 1159 864 1196 ἀποστό-

79 1213 133 1244 λους
144 1213 319 1248 ηταδηλῶν,
337 1223 346 1239 ι
364 1214 450 1247 Λίθοι,
465 1215 556 1250 φησὶν,
576 1215 649 1248 ἅγιοι
663 1215 802 1242 κυλίονται
817 1216 863 1242 ἐπὶ

81 1259 121 1294 τῆς
135 1259 193 1295 γῆς’
213 1270 222 1286 ι
241 1261 336 1293 ὁποῖός
349 1270 391 1293 τις
406 1260 440 1297 ἦν
459 1263 472 1289 6
489 1262 634 1294 θεσπέσιος
652 1263 769 1294 Παῦλος,
783 1264 796 1290 6
809 1263 863 1290 ἀπὸ

87 1306 260 1342 Ἰερουσαλὴμ
285 1307 333 1334 καὶ
355 1308 406 1340 ἕως
425 1307 472 1334 τοῦ
495 1308 641 1344 Ἰλλυρικοῦ
661 1309 794 1345 περιθέων
820 1309 864 1337 διὰ

80 1354 105 1379 τὸ
114 1353 252 1388 κήρυγμα.
272 1354 348 1381 Λίθοι
365 1354 510 1390 τοιγαροῦν
528 1356 552 1381 ot
572 1355 657 1391 τίμιοι
671 1356 717 1383 καὶ
732 1357 771 1388 εἰς
785 1355 864 1388 δόξαν

80 1398 186 1433 Χριστοῦ
196 1419 204 1431 ,
219 1399 276 1425 τῶν
290 1399 374 1433 ἁγίων
390 1399 420 1426 τί)
436 1401 540 1434 στῖφος.
556 1398 618 1426 Εῐεν
632 1399 657 1426 δ’
675 1400 708 1427 ἂν
722 1401 798 1427 αὐτοὶ
816 1401 864 1427 καὶ

81 1444 105 1471 rb
115 1444 198 1471 ἔλαιον
208 1445 260 1480 τῆς
279 1445 404 1480 χρίσεως,
423 1446 499 1480 καὶὴ
519 1445 643 1477 σύνθεσις
661 1445 707 1471 τοῦ
727 1445 864 1480 Θυμιάμα-

81 1498 133 1522 τος,
146 1490 194 1525 τὴν
212 1490 334 1526 Χριστοῦ
349 1490 449 1524 γνῶσιν
469 1490 671 1523 εὐωδιάζοντες,
690 1490 746 1522 καὶ,
763 1490 857 1525 ὥσπερ

82 1537 106 1563 ὲν
126 1536 215 1571 ἐλαίῳ,
241 1536 469 1568 κειται-πιαίνοντες
490 1538 550 1568 ταῖς
575 1537 721 1571 πανσόφοις
739 1536 864 1564 διδοισκςιι⁴

82 1581 142 1612 λιαις
162 1582 282 1614 καὶτοῖς
311 1582 355 1609 διὰ
376 1582 423 1608 τοῦ
448 1582 607 1617 Ηνεύματος
627 1582 714 1617 λόγοις
739 1582 788 1616 τὰς
811 1583 864 1610 τῶν

85 1627 344 1662 μυσταγωγουμένων
357 1628 455 1663 ψυχάς.
477 1627 607 1654 Σύνθετον
628 1628 702 1654 δὲτὸ
728 1628 862 1664 θυμίαμα·

84 1674 239 1701 συντέθειται
261 1675 316 1709 γὰρ
340 1675 357 1710 ἡ
385 1674 448 1709 περὶ
468 1674 587 1710 Χριστοῦ
607 1674 706 1709 γνῶσις
728 1676 760 1701 ὲκ
780 1675 863 1707 δυοῖν,

84 1720 145 1755 ἥπερ
158 1721 229 1747 ἐστὶν
247 1721 277 1747 ὲν
294 1720 385 1756 ταύτῷ
408 1720 474 1752 Θεὸς
494 1721 542 1748 καὶ
557 1720 708 1757 ἅνθρωπος·
737 1721 806 1757 πλὴν
825 1719 865 1754 εἷς

85 1765 109 1797 ἐξ
118 1766 221 1801 ἁμῳοῖν,
235 1765 294 1798 υίὸς
308 1767 356 1793 καὶ
367 1766 494 1802 Χριστὸς,
509 1766 576 1801 πρὸς
593 1766 622 1793 ὃν
634 1766 740 1802 εἴρηταί
752 1776 803 1794 που
818 1768 865 1794 καὶ

84 1811 142 1845 πρός
161 1819 191 1845 γε
206 1811 287 1847 ἡμῶν
309 1811 416 1838 αὺτῶνο
446 1820 456 1838 ι
480 1812 573 1847 Μύρον
600 1813 750 1839 ὲκκενωθὲν
773 1813 860 1850 ὄνομά

87 1863 130 1882 σοι.
152 1866 161 1882 )
853 1863 855 1866 ’

115 1902 211 1929 ΠΑΛΛ.
242 1902 287 1930 Ἔν
310 1902 453 1937 ἐπισκέψει
473 1902 504 1938 δὴ
521 1901 567 1930 οὖν
590 1905 624 1939 τῇ
648 1905 724 1940 παρὰ
740 1905 809 1941 Θεῷ,
834 1906 865 1932 τὺ

89 1947 195 1983 μάχιμόν
210 1957 240 1975 τε
254 1948 302 1975 χαὶ
317 1947 464 1992 εὔρωστον)
481 1946 511 1976 οὗ
531 1950 578 1977 καὶ
592 1951 605 1976 6
616 1951 732 1987 καρπὸς,
753 1952 865 1987 Ἐκκλη-

88 1995 141 2022 σιῶν
156 1996 300 2030 σύστασις,
324 1998 422 2026 καὶτὰ
440 1999 479 2030 εἰς
502 1999 582 2031 δόξαν
603 1999 681 2027 Θεοῦ.
703 2000 784 2028 Τουτὶ
809 2001 864 2037 γὰρ

88 2041 143 2075 ἡμῖν
157 2043 284 2078 ἐμφαίνει
303 2044 338 2071 τὰ
353 2044 529 2080 θεωρήματα.

118 2131 193 2159 ΚΥΡ.
220 2132 325 2168 Ὀρθῶς
343 2133 420 2168 ἔφης.
437 2134 545 2170 κλῆρος
561 2135 589 2161 δὲ
612 2136 653 2162 ὅτι
672 2136 797 2172 λαμπρὸς
819 2137 865 2164 καὶ

89 2177 229 2213 ἐξαίρετος,
248 2180 294 2206 καὶ
308 2180 338 2207 τό
355 2188 386 2214 γε
406 2180 438 2215 δὴ
455 2181 552 2216 χρῆναι
574 2182 673 2213 παντὸς
694 2183 797 2218 ἀγαθοῦ
816 2193 864 2218 με-

90 2224 217 2260 ταλαχεῖν,
233 2227 291 2258 τοῖς
307 2226 393 2258 οὕτως
409 2227 562 2262 εὐδοκιμεῖν
583 2228 705 2255 είωθόσιν
727 2230 865 2266 ἀπονεμη-

91 2268 189 2304 ὓήσεται
205 2271 281 2307 παρὰ
297 2271 376 2303 Θεοῦ,
393 2272 451 2303 πῶς
468 2272 501 2300 ἂν
515 2273 531 2308 ἢ
551 2273 631 2300 πόθεν
645 2274 790 2302 ἐνδοιάσειέ
806 2284 862 2308 τις;
881 2269 901 2295 Ι)

92 2315 121 2342 Ἢ
129 2317 174 2343 οὐκ
183 2318 287 2349 ἐπαϊεις
301 2318 536 2353 ἁναμελωδοῦντος
547 2319 597 2354 μὲν
608 2320 653 2346 τοῦ
667 2321 757 2348 Δαϐίδ·
770 2331 780 2346 ‹
795 2323 864 2355 Τοὺς

91 2362 176 2394 πόνους
187 2364 241 2390 τῶν
255 2364 369 2399 καρπῶν
385 2373 431 2390 σου
447 2365 582 2399 φάγες-αις
599 2375 608 2390 ι
625 2367 672 2393 καὶ
687 2367 739 2403 μὴν
752 2368 800 2394 τοῦ
819 2378 860 2395 σο-

92 2407 133 2440 φοῦ
156 2409 199 2435 καὶ
227 2409 301 2445 ἱεροῦ
331 2410 483 2445 γράφοντος
514 2411 640 2438 Παύλου·
663 2421 672 2438 ι
702 2414 734 2440 ’Ὁ
757 2414 811 2451 γὰρ
830 2415 863 2442 ἂν

93 2455 178 2491 σπείρῃ
194 2455 346 2492 ἄνθρωπος,
360 2456 440 2483 τοῦτο
456 2458 503 2485 καὶ
520 2457 640 2494 οερὶσει;
660 2469 669 2485 ν

122 2544 215 2572 ΠΑΛΛ.
239 2545 407 2581 Ἑπυθόμην.

121 2590 193 2620 ΚΥΡ.
218 2592 378 2628 Ἀνδριεῖται
396 2593 450 2628 γάρ
468 2601 510 2625 τις
538 2594 587 2620 οὐκ
608 2595 714 2629 ἀμισθὶ,
739 2596 784 2622 καὶ
807 2597 863 2623 ἔστι

96 2641 137 2661 που
156 2637 258 2669 πάντως
282 2638 385 2674 ἀληθὴς
404 2639 419 2665 6
442 2638 544 2675 λέγων·
566 2649 575 2666 ι
605 2641 643 2668 Οὐ
661 2641 715 2677 γὰρ
740 2641 832 2674 ἄδικος
850 2644 863 2670 6

94 2680 156 2732 θεὸς,
171 2684 345 2712 ἐπιλαθέσθαι
362 2685 408 2711 τοῦ
424 2685 508 2712 κόπου
525 2687 600 2721 ὑμῶν
617 2688 663 2714 καὶ
676 2689 725 2723 τῆς
741 2689 862 2725 ἀγάπης,

95 2730 122 2761 ῆς
142 2730 298 2763 ἐνεδείξασθε
323 2731 363 2762 εἰς
381 2731 412 2757 τὸ
428 2731 512 2766 ὄνομα
538 2733 630 2760 αὐτοῦ.
657 2743 667 2759 ι
687 2735 859 2771 Ἐπιλήσεται

124 2785 142 2832 ’ξ
158 2797 234 2826 Exod.
260 2807 339 2832 xxxv,
356 2799 400 2831 27,
433 2800 476 2827 28.

100 2801 400 2867 .,Guﬁl§f’t{;hx§x\-,27,
433 2801 476 2827 28.
530 2801 679 2832 "Zachar.
706 2813 742 2839 lx,
772 2806 814 2833 16.

127 2901 159 2937 (1)
171 2904 232 2933 Cod.
247 2906 318 2938 HL,
333 2906 493 2942 τελεώτερα,
515 2907 682 2942 perfectiora.

868 2806 890 2822 “
906 2807 984 2833 Rom.
1011 2814 1054 2839 xv,
1077 2805 1118 2833 l9.

916 304 1000 336 siora,
1020 313 1054 331 ex
1067 305 1100 331 iis
1116 313 1214 341 nempe
1233 314 1294 340 quae
1308 305 1379 341 apud
1397 313 1426 332 se
1440 304 1581 332 habebant
1604 304 1701 339 praeei-

916 357 980 385 pua,
1004 351 1175 378 obtulerunt.
1202 352 1341 386 Scriptum
1366 357 1408 379 est
1420 351 1509 378 enim:
1533 359 1543 376 ‹
1559 351 1701 385 Principes

915 397 1076 424 obtulerunt
1087 397 1191 432 lapides
1206 397 1351 433 smaragdi,
1368 402 1396 425 et
1412 397 1517 433 lapides
1538 396 1700 431 completiu-

915 442 959 469 nis
973 442 1006 470 ad
1020 443 1254 478 superhumerale,
1266 447 1294 470 et
1310 443 1453 474 rationale,
1471 446 1498 469 et
1522 441 1700 476 compositio-

915 496 975 521 nes,
991 495 1019 516 et
1030 489 1120 516 oleum
1137 489 1286 521 unctionis,
1297 493 1325 516 et
1339 489 1566 523 compositionem
1581 488 1700 523 thymia-

915 535 995 563 matis
1011 536 1043 562 ”.
1066 545 1075 560 ι
1093 534 1192 562 Annon
1211 543 1273 561 cum
1300 535 1334 561 iis
1352 543 1411 569 qua:
1434 535 1516 570 paulo
1539 539 1602 562 ante
1627 534 1701 560 dicta

915 587 989 614 sunt,
1003 582 1060 610 haec
1071 582 1244 617 congruunt?
1260 581 1328 609 Nam
1343 582 1389 608 illa
1403 582 1550 609 multitudo
1565 585 1700 616 pugnato-

915 636 977 655 rum
991 636 1024 655 ex
1037 628 1127 663 przeda
1142 628 1198 654 Deo
1210 627 1321 659 obtulit,
1343 630 1374 653 ut
1395 631 1563 662 praeceptum
1581 631 1649 659 erat,
1665 625 1700 652 ab

914 676 1025 703 homine
1038 683 1124 710 usque
1143 675 1176 702 ad
1192 682 1292 709 pecus:
1310 674 1416 701 tribuni
1443 679 1534 701 autem
1550 678 1577 701 et
1602 677 1700 700 centu-

914 722 1007 749 riones
1022 721 1065 749 his
1078 721 1238 756 adjecerunt
1263 720 1447 751 murcnulam,
1463 724 1492 746 et
1511 719 1656 750 armillam,
1673 723 1701 746 et

915 771 1051 801 torquem,
1066 771 1094 794 et
1106 767 1248 799 annulum,
1265 771 1292 793 et
1305 773 1388 793 omne
1404 773 1450 793 vas
1465 773 1579 793 aureum
1608 764 1700 791 fabre-

913 812 1025 845 factum,
1037 820 1097 847 quae
1111 812 1193 839 etiam
1218 812 1246 838 in
1264 812 1323 846 ipso
1344 815 1440 837 sancto
1455 809 1634 837 tabernaculo
1658 815 1701 835 rc-

913 857 1141 893 posuitsacerdos
1154 857 1276 884 Eleazar.
1304 857 1339 884 Et
1354 857 1400 883 hic
1423 863 1528 887 rursus,
1551 862 1614 881 cum
1636 854 1700 881 uni-

915 911 994 930 versa
1006 902 1117 938 quidem
1129 903 1286 931 adultorum
1300 902 1449 931 multitudo
1462 901 1581 928 solveret
1591 901 1700 932 siclum,

917 949 995 984 133
1010 949 1130 976 oﬁ'erunt
1155 949 1295 984 principes
1309 948 1415 983 lapides
1437 948 1539 975 electos
1552 946 1585 973 ad
1600 953 1700 981 super-

915 996 1055 1023 humerale
1071 999 1099 1023 et
1116 995 1250 1023 rationale
1262 994 1473 1026 conﬁciendum,
1494 1000 1554 1028 quae
1570 991 1603 1019 ad
1624 999 1700 1018 sum-

914 1041 950 1068 mi
963 1041 1114 1068 sacerdotis
1131 1045 1323 1068 ornamentum
1337 1040 1486 1075 pertinent.
1500 1039 1568 1066 Nam
1585 1045 1614 1065 se
1628 1037 1702 1073 ipsos

914 1088 1079 1122 populorum
1095 1087 1189 1119 duces,
1208 1091 1239 1114 ut
1259 1090 1421 1113 ornamento
1435 1078 1623 1117 sint’Christo,
1636 1091 1701 1118 per-

913 1134 977 1161 inde
991 1141 1022 1161 ac
1037 1133 1142 1168 lapides
1157 1133 1291 1168 quosdam
1313 1132 1450 1166 pretiosos
1463 1131 1592 1158 oﬁ‘crunt.
1606 1130 1701 1164 Itaque

913 1178 1057 1213 propheta,
1074 1186 1135 1205 cum
1148 1182 1256 1205 sanctos
1282 1176 1419 1212 apostolos
1445 1175 1524 1202 nobis
1549 1174 1699 1201 indicaret:

918 1234 926 1250 ι
941 1223 1074 1259 Lapides,
1095 1233 1104 1249 ι
1124 1223 1228 1258 inquit,
1247 1232 1255 1248 ι
1274 1222 1361 1250 sancti
1376 1221 1524 1248 volvuntur
1541 1227 1623 1254 super
1642 1221 1699 1245 ter-

914 1278 972 1297 ram
986 1270 1018 1301 ¹³,
1032 1279 1041 1295 ι
1059 1269 1147 1304 qualis
1158 1272 1217 1296 erat
1235 1268 1332 1295 beatus
1345 1267 1457 1299 Paulus,
1470 1266 1517 1301 qui
1533 1265 1566 1292 ab
1589 1264 1700 1292 Jerusa—

915 1315 968 1342 lem
990 1314 1023 1341 ad
1037 1313 1175 1350 Illyricum
1188 1321 1275 1348 usque
1293 1312 1427 1339 circuibat
1458 1309 1625 1346 praedicandi
1638 1316 1702 1344 gra-

915 1361 952 1388 tia
967 1361 1000 1388 “.
1018 1359 1136 1395 Lapides
1161 1359 1245 1394 igitur
1267 1358 1391 1394 pretiosi,
1414 1361 1443 1384 et
1460 1356 1493 1383 ad
1509 1354 1613 1382 Christi
1642 1354 1702 1389 glo-

915 1407 983 1434 riam
997 1405 1096 1441 parati,
1115 1408 1274 1432 sanctorum
1298 1402 1422 1430 virorum
1435 1405 1523 1428 coetus
1542 1403 1584 1427 est
1599 1408 1605 1425 :
1618 1398 1702 1425 iidem

915 1459 1024 1487 quoque
1041 1455 1104 1478 sunt
1115 1451 1206 1478 oleum
1218 1449 1367 1480 unctionis,
1383 1452 1410 1474 et
1423 1445 1608 1482 thymiamatis
1629 1451 1703 1472 com-

915 1497 1025 1532 positio,
1059 1503 1121 1523 cum
1148 1495 1251 1523 Christi
1276 1494 1461 1529 cognitionem
1490 1491 1565 1519 velut
1589 1490 1703 1518 odorem

915 1543 1029 1578 spirent,
1042 1547 1070 1570 et
1083 1551 1179 1570 eorum
1191 1542 1297 1569 animos
1314 1539 1361 1575 qui
1379 1538 1516 1574 mysteriis
1530 1537 1703 1568 imbuuntur.

879 1598 900 1626 ρ
916 1588 1041 1616 doctrina
1068 1593 1096 1616 et
1122 1587 1208 1615 sancti
1229 1586 1348 1621 Spiritus
1363 1585 1455 1612 verbis
1482 1588 1611 1617 tanquam
1643 1581 1704 1608 oleo

914 1635 1073 1671 pinguiores
1088 1635 1214 1663 reddant.
1232 1634 1261 1661 Id
1273 1641 1338 1661 vero
1354 1633 1503 1669 thymiama
1517 1628 1702 1665 compositum

915 1686 988 1715 erat;
1007 1682 1052 1709 illa
1070 1689 1188 1716 namque
1220 1680 1254 1707 de
1270 1679 1380 1707 Christo
1409 1677 1528 1713 cognitio
1555 1675 1704 1710 composita

915 1736 948 1755 ex
961 1728 1070 1755 duobus
1083 1731 1126 1754 est
1144 1736 1149 1753 :
1173 1727 1245 1753 idem
1260 1733 1378 1760 namque
1387 1725 1461 1752 Deus
1489 1727 1517 1750 et
1531 1723 1614 1749 homo
1638 1725 1680 1749 est
1695 1730 1702 1755 ;

915 1781 987 1801 unus
1005 1777 1096 1800 tamen
1116 1781 1150 1799 ex
1163 1777 1281 1806 utroque
1297 1771 1370 1798 ﬁlius
1391 1777 1474 1805 atque
1499 1768 1635 1800 Christus,
1658 1767 1703 1795 cui

915 1824 990 1847 certe
1006 1819 1111 1846 dictum
1129 1822 1181 1851 est,
1204 1823 1232 1846 et
1258 1817 1369 1853 quidem
1383 1816 1490 1844 anobis
1513 1814 1595 1850 ipsis:
1624 1823 1633 1840 (
1645 1813 1703 1842 Un—

915 1870 1046 1901 guentum
1057 1865 1226 1892 exinanitum
1239 1871 1339 1891 nomen
1354 1867 1433 1890 tuum
1448 1861 1481 1888 ".
1498 1870 1506 1886 ι

949 1911 1047 1940 PALL.
1061 1911 1091 1939 In
1106 1911 1276 1945 inspectione
1292 1910 1375 1945 igitur
1390 1909 1439 1936 Dei
1456 1911 1521 1935 sunt
1538 1906 1585 1942 qui
1603 1906 1636 1933 ad
1654 1913 1704 1940 pu-

915 1958 1053 1994 gnandum
1066 1957 1122 1992 apti
1135 1964 1167 1984 ac
1182 1956 1253 1983 ﬁrmi
1267 1960 1340 1988 sunt,
1357 1962 1476 1990 quorum
1489 1953 1572 1980 etiam
1595 1952 1705 1979 fructus

915 2008 957 2031 est
971 2003 1154 2031 Ecclesiarum
1170 2001 1340 2033 constitutio,
1357 2004 1386 2028 et
1400 2007 1461 2035 quae
1481 1999 1514 2026 ad
1529 1999 1643 2034 gloriam
1655 1997 1704 2025 Dei

915 2050 1062 2084 pertinent.
1081 2049 1110 2076 id
1124 2049 1199 2077 enim
1225 2048 1374 2082 Scriptura:
1387 2047 1446 2073 loca
1465 2045 1498 2072 ad
1514 2044 1704 2079 contemplan-

915 2097 981 2123 dum
998 2095 1137 2130 proposita
1151 2102 1207 2129 pra:
1224 2100 1253 2120 se
1266 2093 1339 2120 ferre
1352 2092 1492 2119 videntur.

950 2141 1028 2169 CYR.
1052 2141 1135 2168 Recte
1149 2139 1228 2167 dicis.
1244 2139 1352 2166 Sortem
1367 2145 1435 2165 vero
1462 2137 1598 2172 insignem
1621 2139 1704 2169 atque

915 2187 1091 2222 pnecipuam,
1121 2189 1149 2212 et
1164 2184 1255 2212 omnis
1277 2183 1343 2210 boni
1367 2180 1645 2209 communicationem
1671 2179 1706 2209 iis

916 2233 963 2269 qui
977 2233 1016 2259 ita
1029 2231 1138 2267 egregie
1150 2239 1179 2258 se
1193 2237 1289 2265 gerere
1305 2228 1379 2256 soliti
1393 2228 1458 2269 sint,
1475 2234 1489 2253 a
1502 2227 1558 2253 Deo
1579 2226 1706 2253 tribuen-

917 2281 979 2306 dam
993 2286 1063 2311 esse,
1078 2277 1216 2313 quomodo
1242 2281 1290 2303 aut
1320 2266 1457 2302 undenain
1473 2273 1611 2307 ambigere
1631 2272 1701 2306 quis-

918 2325 990 2360 piam
1005 2324 1123 2360 poterit?
1145 2323 1187 2355 An
1202 2326 1231 2349 tu
1258 2321 1371 2348 minime
1386 2319 1499 2347 exaudis
1514 2318 1705 2345 eoneinemem

916 2370 1015 2398 David:
1028 2380 1036 2395 ι
1047 2369 1168 2396 Laborcs
1181 2375 1310 2395 manuum
1319 2370 1428 2393 tuarum
1443 2363 1623 2391 mandueabis
1635 2363 1657 2379 "
1668 2363 1680 2389 ?
1693 2373 1701 2388 ι

917 2416 1030 2444 Paulum
1048 2415 1112 2442 item
1131 2413 1282 2449 sapientem
1299 2412 1377 2438 illum
1396 2415 1478 2445 atque
1495 2416 1602 2436 sacrum
1614 2408 1704 2435 virum

914 2463 954 2490 ita
988 2462 1202 2492 scribentem”
1221 2459 1300 2493 Quod
1326 2457 1401 2485 enim
1426 2455 1604 2484 seminaverit.
1631 2454 1704 2490 quis,

916 2509 969 2537 hoc
983 2512 1010 2535 et
1021 2511 1105 2535 metet
1119 2506 1159 2533 ‘7?
1176 2516 1185 2531 ι

951 2554 1050 2583 PALL.
1072 2553 1162 2580 Audio
1183 2560 1259 2579 sane.

951 2599 1029 2627 CYR.
1048 2598 1142 2632 Neque
1165 2589 1239 2624 enim
1258 2596 1404 2631 quisquam
1434 2601 1463 2622 se
1490 2593 1598 2621 fortiter
1614 2596 1701 2627 geret,

917 2645 990 2671 nulla
1008 2644 1135 2671 mercede
1152 2643 1307 2678 proposita;
1328 2645 1424 2676 estque
1438 2640 1496 2668 sine
1513 2639 1597 2667 dubio
1622 2647 1703 2668 verax

916 2691 1028 2717 omnino
1044 2690 1091 2725 qui
1106 2690 1164 2717 ait:
1184 2699 1193 2714 ‹
1207 2689 1299 2724 Neque
1313 2687 1387 2715 enim
1416 2686 1534 2721 injustus
1552 2689 1597 2714 est
1618 2685 1700 2717 Deus,

917 2740 947 2763 ut
963 2736 1141 2764 obliviscatur
1159 2735 1261 2762 laboris
1276 2733 1370 2766 vestri,
1387 2737 1415 2760 et
1430 2732 1595 2763 dilectionis,
1620 2739 1701 2766 quam

1175 2807 1197 2821 "
1212 2805 1289 2832 Cant.
1306 2804 1366 2837 1,2.
1422 2802 1445 2817 ¹⁶
1462 2802 1531 2829 Psal.
1557 2809 1654 2836 cum,
1673 2802 1702 2833 ‘3.
