1924 3043
204 166 257 193 ΞΠ

705 167 734 195 S.
763 168 901 196 CYRILLI
922 170 1157 198 ALEXANDKIM
1177 171 1337 200 ARCHIEP.

1784 169 1841 197 ΜΒ

204 225 364 254 ostendistis
377 225 405 252 in
417 233 516 252 nomcn
541 225 601 261 ejus
618 225 653 251 ".
668 235 675 250 I
696 226 785 262 Atque
802 226 847 255 ille
875 227 987 262 quidem

1049 229 1089 255 ιὲν
1104 228 1203 264 ἥκιστά
1216 237 1260 263 γε,
1275 229 1398 265 διανεμεῖ
1412 229 1440 256 δὲ
1455 229 1496 256 ὅτι
1511 228 1570 256 ’τῶν
1591 229 1680 256 πόνων
1698 228 1733 255 τὰ
1752 229 1840 265 γέρα,

206 272 320 299 minime
350 270 545 304 obliviscetur;
564 270 623 298 fore
643 275 734 298 autem
760 276 789 298 ut
813 272 847 299 iis
866 272 991 300 laborum

206 319 318 353 prsentia
337 317 450 349 tribuat,
466 317 512 352 qui
527 317 610 344 animi
625 317 785 353 languorem
799 318 833 345 ad
849 323 992 353 peccatum

205 364 400 398 perducentem
417 363 583 398 superarint,
600 367 760 398 argumento
776 368 839 391 sunt
854 371 886 391 ea
896 372 992 392 rursus

205 417 266 443 qua:
277 409 378 443 scripta
392 413 456 435 sunt
470 409 496 436 in
509 410 651 436 Numeris:
676 419 685 434 ι
699 409 733 436 Ει
745 409 856 437 locutus
872 414 915 437 est
941 411 993 438 Do-

207 455 297 482 minus
314 456 348 482 ad
371 456 482 491 Moysen
497 461 526 483 et
553 457 716 484 Eleazarum
749 456 932 488 sacerdotem,
951 457 994 484 di—

205 510 286 528 cens:
300 502 421 536 Accipite
432 511 565 529 summam
578 505 666 531 omnis
680 504 901 540 congregationis
912 504 994 531 Israel

211 555 225 573 a
238 548 333 583 viginti
351 549 429 576 annis
447 554 474 576 et
488 558 580 584 supra,
597 552 678 587 134
693 561 742 587 per
767 552 862 578 domos
880 550 994 577 familia-

207 601 268 620 rum
303 595 426 629 ipsorum
445 605 451 623 ε
473 598 564 625 omnis
585 598 632 632 qui
655 598 796 633 egreditur
817 597 851 624 ad
870 603 994 631 pugnan-

205 640 270 666 dum
290 641 316 668 in
339 642 420 670 Israel
434 643 466 669 ’9.
483 653 491 667 ι
505 643 623 676 Deinde,
640 643 710 671 facta
725 642 931 671 enumeratione
943 650 998 679 per

206 687 323 721 populos
341 693 369 714 et
387 689 485 721 tribus,
502 689 585 716 infert
602 690 702 717 iterum
720 699 726 717 ι
751 701 759 714 ι
772 690 807 717 Et
825 690 934 716 loculus
957 693 1000 716 est

205 733 340 762 Dominus
352 735 385 762 ad
414 736 536 771 Moysen,
557 737 651 764 dicens
665 746 670 763 :
683 737 730 764 [Iis
746 737 926 764 distribuetur
940 740 998 763 ter—

206 787 246 810 ra.
260 785 290 808 ut
308 789 367 808 eam
397 782 554 816 possideant
570 791 604 810 ex
623 791 742 811 numero
757 784 918 811 nominum:
936 783 997 817 plu-

205 826 283 854 ribus
303 828 432 862 majorem
451 828 641 856 haereditatem
661 829 750 862 dabis,
769 833 797 857 et
822 828 1000 864 paucioribus

205 872 342 899 minorem
368 873 446 900 dabis
470 874 661 902 haereditatem
691 874 1000 910 ipsorumzunicuique,

205 917 276 944 sicut
291 919 418 946 recensiti
428 924 501 951 sunt,
511 920 622 947 dabitur
635 921 783 948 hmreditas
799 929 896 948 eorum
912 920 994 956 :{per

205 967 293 991 sortes
308 964 450 991 dividetur
461 970 534 992 terra
552 966 728 999 nominibus;
745 975 794 1001 per
807 967 894 993 tribus
916 965 995 993 fami-

205 1008 303 1036 liarum
321 1018 430 1037 suarum
447 1011 636 1039 haereditatem
648 1016 868 1047 consequentur:
881 1020 913 1038 ex
922 1016 995 1039 sorte

205 1055 311 1082 divides
326 1056 513 1083 liaereditatem
535 1058 656 1091 ipsorum
674 1057 733 1093 (1)]
757 1057 829 1084 inter
854 1057 955 1084 multos
968 1061 996 1085 et

205 1107 307 1135 paucos
316 1101 347 1128 ³ο.
360 1111 369 1126 ι
381 1101 469 1136 Atque
483 1102 541 1128 haec
552 1103 662 1136 quidem
672 1103 714 1129 lex
723 1107 773 1135 cst,
786 1111 839 1137 qua
850 1107 921 1130 sorte
933 1110 996 1137 pos—

205 1139 306 1174 sessuri
322 1152 402 1174 erant
415 1147 602 1175 [nereditatem
619 1148 638 1174 ii
650 1148 696 1182 qui
708 1156 810 1175 annum
822 1149 877 1183 jam
895 1148 996 1183 vigesi-

205 1200 279 1219 mum
291 1197 411 1228 agerent.
425 1193 489 1220 Post
505 1194 692 1222 recensionem
706 1195 789 1229 igitur
803 1195 922 1229 vulgaris
938 1199 997 1221 tur-

205 1236 256 1270 bae,
276 1247 362 1273 genus
376 1238 529 1266 Leviticum
545 1245 690 1267 numerat:
711 1250 719 1264 ι
736 1240 769 1267 Et
785 1239 844 1271 ﬁlii,
866 1249 874 1265 ι
891 1239 990 1274 inquit,

210 1293 218 1308 ι
233 1283 298 1310 Levi
316 1291 365 1318 per
379 1285 494 1319 populos
511 1293 607 1312 eorum
622 1294 628 1311 :
642 1284 746 1312 Gerson
764 1285 882 1320 populus
896 1285 997 1312 Gerso-

205 1329 337 1361 nitarum,
355 1330 439 1356 Caath
451 1330 570 1365 populus
585 1330 786 1362 Caatliitarum,
799 1330 896 1357 Morari
909 1338 996 1364 popu-

206 1374 250 1401 lus
267 1375 478 1403 Merarilarum:
497 1375 525 1402 bi
548 1376 641 1410 populi
657 1376 776 1403 ﬁliorum
799 1375 865 1403 Levi
878 1375 910 1402 “.
927 1385 935 1401 ι
952 1376 997 1402 lu-

206 1420 326 1451 terhaec,
342 1428 403 1447 cum
428 1429 514 1455 genus
532 1421 616 1456 Moysi
639 1425 666 1448 et
682 1421 775 1448 Aaron
804 1421 996 1452 recensuisset,

207 1463 290 1491 infert
302 1465 401 1491 iterum
418 1466 452 1492 de
470 1465 533 1492 ﬁliis
551 1466 615 1492 Levi
629 1474 635 1492 :
656 1475 664 1490 ι
678 1466 713 1493 Ει
728 1465 886 1493 fueruntex
900 1473 996 1492 recen—

207 1508 284 1535 sione
294 1517 391 1536 eorum
398 1510 449 1536 tria
460 1509 589 1544 etviginti
610 1509 712 1536 millia:
725 1518 804 1537 omne
815 1510 997 1536 masculinum

207 1555 242 1581 ab
259 1562 312 1581 uno
323 1563 416 1582 mense
430 1559 457 1582 et
469 1563 565 1590 supra:
578 1564 632 1582 non
644 1555 718 1582 enim
732 1555 924 1582 connumerati
934 1559 998 1582 sunt

208 1600 235 1626 iu
255 1599 319 1627 ﬁliis
333 1600 436 1633 Israel;
456 1601 519 1635 quia
535 1609 589 1628 non
600 1605 641 1628 est
658 1602 698 1628 eis
714 1601 776 1628 data
789 1609 849 1628 sors
863 1601 891 1628 in
906 1601 997 1628 medio

209 1644 329 1672 ﬁliorum
345 1645 440 1673 Israel.
461 1647 495 1673 Et
521 1647 578 1674 hmo
594 1647 749 1674 numeratio
764 1648 863 1683 Moysis
875 1652 902 1675 et
917 1648 998 1675 Elea—

209 1698 255 1717 zar
270 1691 432 1724 sacerdotis,
457 1692 504 1726 qui
524 1698 740 1720 mimcraverunt
771 1693 841 1720 ﬁlios
866 1694 949 1721 Israel
970 1694 997 1721 in

206 1735 330 1764 Araboth
344 1738 432 1770 Moab,
448 1739 474 1765 in
487 1739 616 1772 Iordane,
632 1744 725 1767 contra
736 1741 855 1768 Iericho.
872 1741 905 1768 Et
916 1741 942 1768 in
955 1742 999 1768 IIIS

206 1789 261 1809 non
279 1789 339 1810 erat
354 1783 437 1811 homo
450 1793 483 1812 ex
501 1785 535 1812 iis
558 1786 605 1820 qui
622 1787 759 1814 numerati
770 1786 881 1814 fuerant
896 1796 912 1814 a
927 1788 1000 1823 Moy-

206 1836 236 1856 se
247 1833 275 1856 et
293 1829 394 1862 Aaron,
411 1839 480 1865 quos
492 1836 709 1859 uumeravcrunt
726 1833 796 1860 ﬁlios
809 1833 892 1861 Israel
908 1834 935 1860 in
948 1834 996 1860 de-

206 1881 280 1903 serto
295 1877 373 1910 Sina;
388 1878 453 1912 quia
480 1878 548 1905 dixit
560 1879 694 1906 Dominus
722 1879 807 1914 ipsis:
823 1879 910 1906 Morte
937 1887 998 1906 mo-

1042 277 1098 306 τοίς
1112 276 1239 311 ἀνωτέρω
1257 276 1441 312 μαλακισμοῦ,
1455 276 1502 303 τοῦ
1517 276 1730 308 καταϐιάζοντος
1747 277 1790 308 εἰς
1807 276 1841 303 τὸ

1043 319 1217 355 πλημμελὲς,
1241 321 1444 356 πληροφορήσει
1470 321 1551 348 πάλιν
1571 321 1606 348 τὰ
1630 322 1658 348 ἐν
1679 322 1736 352 τοῖς
1759 321 1840 355 Ἀρι-

1044 364 1121 399 θμοῖς
1132 366 1322 401 γεγραμμένα¹
1338 376 1347 392 ι
1364 367 1418 394 Καὶ
1429 367 1543 401 ὲλάλησε
1553 367 1654 402 Κύριος
1667 366 1736 401 πρὸς
1746 366 1840 400 Μωσῆ

1038 411 1091 437 ’καὶ
1125 411 1256 447 Ἐλεάζαρ
1283 413 1328 439 τὸν
1353 413 1426 448 ἱερέα
1451 413 1553 447 λέγων·
1572 413 1644 440 Λάϐε
1669 413 1719 448 τὴν
1747 411 1841 447 ἀρχὴν

1045 457 1134 492 πάσης
1148 458 1307 492 συναγωγῆς
1321 457 1386 484 υἱῶν
1405 459 1522 493 Ἰσραὴλ,
1535 458 1589 485 ἀπὸ
1603 457 1779 488 εἰκοσαετοῦς
1791 457 1842 484 καὶ

1045 503 1146 535 ἐπάνω,
1161 503 1221 529 κατ’
1233 503 1322 535 οἴκους
1336 504 1458 539 πατριῶν
1472 504 1571 530 αὐτῶν
1595 504 1648 534 πᾶς
1659 503 1673 529 ὁ
1688 502 1843 537 ἐκπορευό-

1047 557 1127 582 μενος
1151 549 1357 583 παρατάξασθαι
1379 550 1407 575 ὲν
1430 549 1547 584 Ἰσραήλ.
1570 558 1578 574 ι
1599 547 1664 574 Εἶτα
1687 547 1843 582 γενομένης

1046 594 1096 628 τῆς
1115 594 1329 630 ἀπαριθμήσεως
1349 595 1418 622 κατὰ
1433 595 1546 631 δήμους,
1574 595 1622 621 καὶ
1637 594 1708 620 κατὰ
1732 593 1841 628 φυλὰς,

1025 639 1027 641 ’
1047 641 1172 675 ἐπιφέρει
1188 641 1277 668 πάλιν·
1297 651 1306 667 ι
1325 642 1380 668 Καὶ
1395 641 1509 676 ὲλάλησε
1530 641 1632 676 Κύριος
1649 640 1716 676 πρὸς
1738 639 1841 674 Mani],

1048 686 1147 720 λέγων·
1172 687 1283 719 Τούτοις
1300 687 1494 723 μερισθήσεται
1511 688 1528 723 ἡ
1544 688 1578 721 γῆ
1604 687 1786 722 κληρονομεῖν
1811 685 1844 717 ἐξ

1049 732 1164 767 ἀριθμοῦ
1180 733 1318 768 ὀνομάτων
1328 741 1335 749 ·
1352 735 1406 765 τοῖς
1422 734 1526 760 πλείοσι
1543 733 1698 764 πλεονάσεις
1711 733 1762 767 τὴν
1777 731 1844 767 κλη-

1052 778 1188 814 ρονομίαν,
1199 780 1310 810 καὶτοῖς
1321 779 1457 806 ἐλάττοσιν
1469 778 1630 810 ἐλαττώσεις
1644 779 1694 815 τὴν
1708 779 1844 813 κληρονο-

1052 824 1115 859 μίαν
1141 825 1242 851 αὺτῶν·
1259 826 1380 860 ἑκάστῳ,
1396 825 1486 857 καθὼς
1500 825 1711 860 ὲπεσκέπησαν,
1727 824 1844 859 δοθήσε-

1050 878 1095 896 ται
1111 870 1303 906 ἠκληρονομία
1320 871 1426 904 αὐτῶν,
1441 871 1494 898 ἀνὰ
1512 872 1595 906 μέσον
1609 871 1713 897 πολλῶν
1727 871 1777 897 καὶ
1789 870 1844 896 dii—

1011 912 1032 940 Β
1046 923 1111 950 γων.
1129 925 1138 942 ι
1155 917 1209 942 Καὶ
1226 916 1306 952 νόμος
1323 917 1372 952 μὲν
1387 914 1464 949 οὗτος
1480 917 1525 943 ἐπί
1541 925 1573 950 γε
1587 917 1617 943 τὸ
1628 916 1729 952 χρῆναι
1744 916 1844 951 κληρο-

1046 963 1137 997 νομεῖν
1153 962 1216 993 τοὺς
1235 963 1265 989 τὸ
1281 963 1402 990 εἰκοστὸν
1416 963 1468 998 ἤδη
1481 972 1494 989 τ
1499 963 1621 998 ρίϐοντας
1637 962 1705 994 ἕτος.
1719 962 1801 988 Μετὰ
1813 961 1842 988 δέ

1047 1015 1077 1040 γε
1092 1007 1138 1033 τὸν
1157 1007 1319 1043 ἐκλογισμὸν
1333 1009 1382 1043 τῆς
1392 1008 1519 1043 ἀγελαίου
1530 1008 1649 1043 πληθύος
1658 1027 1665 1039 ,
1676 1008 1843 1042 ὲπαριθμεῖ-

1046 1060 1090 1078 ται
1103 1051 1134 1078 τὸ
1146 1052 1222 1085 γένος
1237 1051 1266 1078 το
1278 1052 1428 1078 Λευῖτικόν·
1445 1062 1453 1078 ι
1467 1053 1521 1078 Καὶ
1529 1053 1552 1078 οἱ
1564 1051 1643 1083 uici,»
1661 1051 1755 1085 φησὶν,
1768 1059 1777 1076 ι
1795 1050 1843 1076 τοῦ

1046 1098 1112 1125 Λευῖ
1126 1098 1196 1125 κατὰ
1210 1099 1313 1134 δήμους
1331 1099 1420 1126 αὐτῶν
1439 1099 1478 1134 τῷ
1498 1098 1620 1130 Γεδσὼν,
1641 1098 1727 1132 δῆμος
1745 1098 1759 1123 ὁ
1783 1096 1844 1122 Γεδ-

1049 1145 1122 1177 σωνὶ,
1137 1144 1175 1180 τῷ
1190 1145 1267 1172 Kuh!)
1278 1167 1285 1177 ,
1301 1146 1386 1180 δῆμος
1401 1147 1414 1172 ὁ
1431 1145 1531 1176 Κααθὶ,
1553 1144 1591 1179 τῷ
1608 1144 1737 1179 Μεραρὶ,
1753 1143 1843 1178 δῆμος

1047 1191 1061 1217 ὁ
1073 1191 1194 1227 Μεραρί·
1209 1188 1281 1218 οὗτοι
1295 1191 1375 1226 δῆμοι
1395 1191 1459 1217 υἱῶν
1475 1191 1550 1217 Λευῖ.
1568 1199 1577 1215 ι
1596 1189 1650 1215 Καὶ
1672 1188 1777 1224 μεταξὺ
1794 1197 1842 1222 γε·

1047 1237 1214 1272 νεαλογήσας
1236 1237 1357 1268 Μωσέως
1380 1245 1410 1263 τε
1428 1237 1490 1272 πέρι
1510 1237 1557 1263 καὶ
1577 1235 1693 1271 Ἀαρὼν,
1714 1234 1842 1270 ἐπιφέρει

1048 1283 1128 1310 πάλιν
1152 1283 1217 1318 περὶ
1238 1283 1291 1310 τῶν
1309 1283 1375 1309 υἱῶν
1395 1282 1476 1309 Λευτ·
1497 1292 1506 1308 ι
1537 1282 1592 1309 Καὶ
1615 1280 1786 1316 ἐγενήθησαν
1814 1279 1842 1312 ἐξ

1048 1329 1217 1363 ἐπισκέψεως
1240 1328 1329 1354 αὐτῶν
1353 1329 1427 1364 τρεῖς
1454 1328 1501 1354 καὶ
1524 1327 1610 1354 εἴκοσι
1631 1326 1768 1361 χιλιάδες,
1787 1326 1842 1351 πᾶν

1048 1374 1191 1408 ἀρσενικὸν
1207 1373 1261 1400 ἀπὸ
1279 1373 1403 1408 μηνιαῐον
1419 1373 1464 1399 καὶ
1478 1373 1586 1400 ἐπάνω·
1612 1372 1641 1398 οὐ
1666 1372 1720 1407 γὰρ
1747 1379 1843 1397 euut-:1:-

1048 1420 1204 1453 εσκέπησαν
1218 1419 1247 1445 ὲν
1256 1421 1310 1450 τοῖς
1318 1419 1384 1450 υἱοῖς
1397 1418 1515 1454 Ἰσραήλ.
1526 1418 1580 1444 Καὶ
1593 1417 1685 1452 αὖτηὴ
1697 1415 1843 1450 ἐπίσκεψις

1048 1464 1134 1499 Μωσῆ
1149 1465 1196 1491 καὶ
1217 1465 1348 1497 Ἐλεάζαρ
1363 1463 1409 1490 τοῦ
1423 1464 1527 1499 ἱερέως,
1541 1463 1565 1489 οἳ
1578 1462 1766 1497 ὲπεοκέψαντο
1779 1462 1842 1492 τοὺς

1051 1511 1124 1541 υἱοὺς
1144 1511 1251 1546 Ἰσραὴλ
1266 1511 1294 1536 ἐν
1320 1510 1441 1545 ’Λραῦὼθ
1464 1509 1549 1536 Μωὰό
1574 1509 1619 1535 ἐπὶ
1639 1508 1686 1534 τοῦ
1710 1507 1841 1542 Ἰορδάνου

1051 1555 1121 1582 κατὰ
1148 1556 1262 1591 Ὶεριχῴ.
1284 1556 1337 1582 Καὶ
1352 1557 1380 1582 ἐν
1395 1555 1499 1587 τούτοις
1514 1557 1564 1582 οὐκ
1577 1553 1610 1591 ἦν
1628 1555 1772 1590 ἅνθρωπος
1788 1555 1842 1582 τῶν

1049 1602 1262 1637 ἐπεσκεμμένων
1279 1601 1331 1628 ὑπὸ
1346 1602 1431 1636 Μωσῆ
1453 1602 1500 1628 καὶ
1522 1601 1642 1637 Ἀαρὼν,
1663 1601 1710 1633 οὓς
1724 1601 1842 1628 ἐπεσκέ-

1049 1648 1133 1682 ψαντο
1147 1649 1209 1679 τοὺς
1224 1648 1296 1679 υἱοὺς
1315 1648 1422 1683 Ἰσραὴλ
1438 1649 1466 1674 ἐν
1478 1649 1510 1683 τῇ
1526 1648 1621 1684 ἐρήμῳ
1634 1648 1710 1683 Σινᾷ,
1727 1648 1768 1674 ὃτι
1782 1646 1841 1673 εἷπε

1049 1694 1150 1729 Κύριος
1167 1694 1273 1725 αὺτοῖς
1293 1694 1406 1729 Θανάτῳ
1420 1695 1618 1721 ἀποθανοῦνται
1640 1695 1668 1720 ὲν
1682 1695 1715 1729 τῇ
1735 1694 1840 1728 ἐρήμῳ,

1049 1741 1097 1766 καὶ
1119 1739 1148 1765 οὐ
1165 1739 1329 1775 κατελείφθη
1346 1739 1375 1771 ἐξ
1397 1739 1485 1766 αὐτῶν
1507 1739 1566 1765 οὐδὲ
1588 1736 1638 1771 εἷς,
1664 1739 1734 1773 πλὴν
1752 1738 1842 1765 Χαλὲό

1050 1786 1105 1817 υἱὸς
1126 1785 1249 1820 Ὶεφωνῆ,
1273 1786 1320 1812 καὶ
1350 1785 1453 1821 Ἰησοῦς
1475 1786 1488 1811 ὁ
1505 1785 1550 1812 τοῦ
1564 1785 1653 1820 Ναυῆ.
1676 1795 1685 1810 ι
1704 1785 1760 1811 Καὶ
1776 1784 1840 1819 φέρε

1051 1833 1094 1866 ἂν,
1109 1833 1190 1859 πάλιν
1206 1832 1387 1868 ἐπιτροχάδην
1415 1832 1463 1859 καὶ
1477 1831 1529 1859 ἀνὰ
1546 1832 1628 1867 μέρος
1644 1831 1749 1857 ἕκαστα
1763 1830 1841 1856 διῖόν-

1050 1887 1106 1911 τες,
1121 1879 1243 1914 λέγωμεν
1266 1878 1431 1913 σαφέστερόν
1447 1887 1477 1904 τε
1493 1878 1540 1905 καὶ
1553 1878 1770 1913 εὐκρινέστερον.

206 1924 313 1951 rientur
327 1924 354 1951 in
368 1925 492 1958 deserto;
509 1930 537 1952 et
561 1934 616 1952 non
631 1925 682 1952 fuit
697 1926 810 1953 relictus
825 1935 859 1954 ex
869 1927 909 1954 eis
926 1935 1015 1962 neque
1040 1935 1121 1959 unus,
1137 1931 1319 1962 prmlerquam
1344 1926 1426 1954 Calcb
1444 1926 1516 1953 ﬁlius
1529 1925 1661 1960 Jeplione,
1674 1928 1700 1951 et
1711 1924 1791 1951 Iesus
1808 1922 1840 1950 ﬁ—

206 1970 260 1998 lius
274 1970 387 1997 Nave“.
401 1981 409 1995 ι
429 1970 485 2006 Age
498 1971 590 2006 igitur,
604 1972 695 1999 denuo
705 1973 806 2000 cursim
817 1981 848 2000 ac
860 1982 909 2009 per
920 1978 1011 2008 partes
1029 1973 1135 2008 singula
1148 1977 1356 2008 prosequentes,
1370 1972 1493 2000 dicamus
1514 1971 1615 1999 clarius
1625 1979 1657 1998 ac
1673 1971 1841 2000 distinctius.

242 2017 341 2045 PALL.
355 2018 491 2052 Eloquere
505 2019 596 2053 itaque
614 2019 684 2046 nihil
700 2024 860 2054 cunctatus;
878 2029 941 2048 nam
966 2021 995 2048 in

207 2063 342 2099 ejusmodi
355 2063 437 2090 rebus
450 2064 602 2099 jucundum
614 2070 655 2093 est
667 2071 764 2101 argute
781 2066 928 2094 disserere.

238 2109 317 2136 ΟΥΕ.
347 2109 432 2144 Igitur
459 2110 486 2137 in
501 2119 588 2145 pauca
619 2112 825 2146 propositorum
848 2112 996 2139 verborum

208 2163 320 2182 sensum
337 2155 520 2189 conferentes,
537 2157 604 2184 illud
616 2157 733 2185 dicimus
748 2167 753 2184 :
781 2158 909 2185 Adultam
936 2166 997 2185 rur-

208 2209 256 2229 sus
270 2206 298 2229 et
316 2202 382 2229 belli
402 2211 457 2229 non
481 2203 604 2238 ignaram
620 2208 728 2231 aetatem
753 2205 893 2232 numerari
918 2204 997 2240 jubet

207 2247 290 2275 Deus.
310 2247 348 2291 Ut
360 2248 433 2275 enim
445 2249 500 2283 jam
525 2250 602 2284 prius
621 2250 750 2282 diximus,
771 2250 871 2285 cogniti
891 2255 919 2277 ct
945 2250 994 2278 de-
1013 2255 1032 2281 Β

208 2294 303 2328 scripti
321 2299 385 2321 sunt
399 2295 471 2329 apud
495 2295 591 2327 Deum,
617 2301 645 2322 et
662 2296 690 2322 in
710 2296 811 2323 librum
842 2297 996 2324 viventium

208 2340 298 2372 relati,
311 2349 365 2368 non
379 2341 503 2368 imbelles
517 2346 545 2368 et
563 2341 675 2374 inﬁrmi,
691 2350 781 2377 neque
799 2342 879 2377 pueri
904 2343 996 2370 adhuc

208 2393 300 2417 sensu,
314 2386 362 2413 sed
377 2387 534 2421 quicunque
563 2387 649 2414 fortes
672 2391 700 2415 et
722 2388 810 2423 parati
829 2387 862 2414 ad
891 2388 995 2415 bellum

207 2439 270 2459 cum
293 2432 368 2459 vitiis
383 2437 466 2466 atque
495 2437 607 2467 peccato
622 2435 784 2469 gerendum,
811 2439 839 2462 et
857 2435 937 2462 ﬁrma
964 2443 996 2463 ac

208 2478 299 2505 stabili
326 2483 390 2506 sunt
416 2479 572 2514 sapientia,
603 2485 631 2508 et
664 2482 719 2516 apti
748 2483 802 2517 jam
829 2483 862 2509 ad
890 2491 922 2509 ea
947 2491 996 2517 ge-

207 2525 293 2552 renda
320 2533 352 2552 ac
380 2525 564 2560 perﬁcienda,
592 2535 652 2562 qua:
689 2529 760 2556 Deus
785 2529 851 2555 velit
876 2538 881 2555 :
915 2529 992 2563 135

207 2571 291 2598 iidem
315 2579 365 2605 per
393 2571 490 2605 tribus,
514 2577 543 2600 et
571 2581 605 2600 ex
637 2575 757 2607 nomine,
785 2579 813 2601 et
837 2575 995 2610 singulatim

209 2621 310 2645 terram
324 2618 414 2652 partiti
430 2623 503 2645 sunt.
519 2619 647 2647 Ilmredes
658 2628 775 2655 namque
786 2624 869 2648 terra:
884 2624 994 2653 sanctae,

208 2667 237 2690 et
245 2667 415 2697 spcratorum
424 2663 560 2691 bonorum
575 2665 723 2699 participes
731 2670 811 2691 erunt
824 2665 841 2692 ii
852 2665 884 2692 de
895 2665 996 2700 quibus

208 2708 358 2743 loquimur,
371 2718 420 2744 per
433 2710 521 2738 tribus
538 2714 566 2737 et
584 2710 711 2742 familias,
729 2716 760 2737 ut
774 2711 802 2737 in
814 2711 869 2738 illis
885 2711 994 2738 verbis:

214 2763 222 2779 ι
237 2754 311 2782 Beati
326 2756 407 2783 mites
419 2777 425 2787 ,
443 2757 571 2790 quoniam
592 2756 645 2790 ipsi
661 2756 864 2783 limreditabunt
878 2762 995 2789 terram;

210 2801 283 2828 beati
305 2802 515 2834 misericordes,
540 2802 670 2836 quoniam
697 2802 748 2836 ipsi
781 2802 996 2829 misericordiam

249 2860 271 2875 "‘
287 2860 370 2887 Ichr.
386 2869 422 2892 γι,
445 2861 486 2888 I0.
525 2861 547 2876 ¹⁹
567 2861 646 2888 Num.
668 2869 739 2891 xxvr.
776 2861 802 2892 2.
822 2862 847 2887 5.

249 2907 290 2941 (1)
307 2907 389 2935 Ducis
402 2907 504 2934 inclusa
517 2907 615 2934 derunt
630 2908 655 2934 in
670 2912 743 2934 textu
757 2907 860 2934 Grzeeo.
874 2908 948 2935 Ειιιι.

905 2862 926 2876 ³⁸
945 2860 1024 2892 Ibid,

1086 2021 1187 2047 IIAAA.
1204 2020 1293 2055 Φρᾱιζε
1311 2020 1341 2055 δὴ
1360 2018 1405 2047 οὖν
1422 2020 1539 2055 ὀκνήσας
1559 2019 1646 2052 οὐδὲν,
1666 2019 1704 2050 ὡς
1719 2019 1748 2047 ἕν
1765 2028 1796 2054 γε
1808 2020 1838 2055 δὴ

1046 2066 1150 2098 τούτοις
1167 2066 1214 2102 ἡδὺ
1236 2066 1266 2092 τὸ
1284 2067 1478 2101 στενολεσχεῖν.

1084 2111 1166 2138 ΚΥΡ.
1192 2111 1296 2137 υὺκοῦν
1323 2111 1351 2137 ἐν
1375 2111 1474 2145 ὀλίγοις
1501 2109 1555 2137 τῶν
1582 2110 1772 2145 προκειμένων
1794 2109 1838 2136 τὸν

1047 2158 1110 2186 νοῦν
1139 2158 1355 2192 συναγείροντες,
1380 2156 1468 2182 ἐκεῖνό
1491 2165 1597 2191 φαμεν
1619 2156 1654 2182 Τὸ
1681 2155 1786 2191 ήὸηκδς
1806 2155 1837 2191 δὴ

1048 2204 1139 2235 πάλιν,
1155 2203 1202 2229 καὶ
1223 2202 1272 2238 τὴν
1289 2202 1524 2237 ἐμπειροπόλεμον
1541 2201 1648 2236 ἡλικίαν
1671 2200 1835 2235 ἀπαριθμεῖ-

1048 2250 1108 2276 σοαι
1129 2249 1183 2276 δεῖν
1205 2249 1368 2284 προστάττει
1385 2248 1459 2278 Θεός.
1487 2247 1530 2278 Ὠς
1545 2247 1598 2282 γὰρ
1619 2247 1667 2282 ἤδη
1686 2246 1836 2280 φθάσαντες

1045 2296 1169 2330 εἴπομεν,
1188 2295 1216 2321 ὲν
1232 2293 1332 2328 γνώσει
1356 2302 1384 2319 τε
1402 2293 1447 2319 καὶ
1465 2293 1612 2327 ἀπογραφῇ
1630 2293 1661 2327 τῇ
1676 2291 1752 2326 παρὰ
1769 2291 1835 2325 Θεῷ,

1044 2342 1090 2368 καὶ
1103 2343 1130 2368 ἐν
1145 2341 1228 2376 βίϐλῳ
1244 2340 1362 2373 ζώντων,
1379 2340 1408 2366 οὺ
1426 2340 1455 2365 τὸ
1467 2339 1563 2366 suam
1577 2339 1623 2365 κλι
1637 2338 1762 2373 ἀδρανὲς,
1778 2337 1835 2364 οὔτε

1046 2388 1098 2424 μὴν
1116 2388 1145 2413 τὸ
1161 2387 1201 2414 ἔτι
1223 2386 1356 2422 νηπιάζον
1373 2386 1441 2412 κατᾶ
1455 2386 1504 2420 τὴν
1529 2385 1675 2420 φρόνησιν,
1702 2383 1769 2410 ἀλλὰ
1786 2384 1834 2409 πᾶν

1043 2434 1104 2460 ὅσον
1125 2434 1199 2459 ἐστὶν
1228 2432 1354 2463 εὐσθενὲς
1379 2440 1408 2457 τε
1425 2431 1474 2466 ἤδη
1489 2431 1535 2456 καὶ
1556 2430 1662 2464 ἕτοιμον
1687 2430 1727 2460 εἰς
1751 2428 1834 2463 παρά.-

1042 2480 1117 2513 ταξιν
1138 2479 1187 2515 τὴν
1217 2478 1289 2506 κατὰ
1310 2477 1404 2504 παθῶν
1425 2485 1453 2502 τε
1470 2476 1516 2502 καὶ
1532 2475 1678 2510 ἁμαρτίας,
1696 2474 1742 2500 καὶ
1760 2474 1834 2509 βεϐη-

1049 2527 1095 2558 κὸς
1112 2528 1150 2558 εἰς
1173 2526 1298 2557 σύνεσιν,
1325 2523 1462 2558 εὐπρεπές
1482 2531 1511 2548 τε
1531 2522 1580 2557 ἤδη
1603 2521 1670 2556 πρὸς
1686 2521 1717 2546 τδ
1741 2520 1833 2556 χρῆναι

1049 2574 1113 2608 δρᾷν
1132 2573 1177 2599 καὶ
1191 2571 1320 2598 δύνασθαι
1344 2568 1508 2605 κατορθοῦν,
1527 2567 1545 2594 ἃ
1563 2567 1595 2594 ἂν
1611 2567 1731 2602 βούλοιτο
1753 2568 1831 2598 Θεὸς-

1049 2615 1122 2644 οὗτοί
1132 2626 1160 2644 τε
1171 2617 1219 2652 τὴν
1230 2617 1281 2651 γῆν
1297 2616 1366 2642 κατά
1379 2622 1408 2641 τε
1424 2615 1470 2645 τὰς
1483 2613 1578 2648 φυλὰς,
1590 2613 1637 2639 καὶ
1651 2612 1680 2644 ἐξ
1695 2613 1832 2647 ὀνόματος,

1050 2665 1097 2691 καὶ
1116 2663 1174 2691 καθ’
1191 2663 1305 2689 ἕκαστον
1322 2660 1351 2688 εὖ
1372 2661 1443 2697 μάλα
1459 2660 1667 2695 διεμοιρήσαντο
1678 2667 1685 2673 ·
1708 2659 1832 2694 κληρονό-

1052 2719 1096 2746 μοι
1119 2710 1173 2745 γὰρ
1196 2709 1300 2735 ἔσονται
1316 2708 1365 2743 τῆς
1385 2707 1465 2742 ἁγίας
1478 2707 1540 2741 γῆς,
1561 2707 1607 2732 καὶ
1628 2705 1682 2731 τῶν
1703 2706 1731 2731 ὲν
1748 2705 1832 2732 ἐλπίσι

1053 2755 1210 2791 μεθέξουσιν
1228 2754 1348 2788 ἀγαθῶν,
1365 2755 1388 2780 οἱ
1410 2754 1472 2788 περὶ
1489 2749 1526 2779 ὧν
1542 2753 1555 2778 ὁ
1572 2752 1650 2786 λόγος
1669 2753 1740 2778 κατὰ
1754 2751 1832 2786 φυλάς

1051 2810 1080 2827 τε
1095 2802 1141 2828 καὶ
1159 2800 1228 2828 κατὰ
1240 2800 1326 2834 γένος,
1341 2801 1379 2832 ὡς
1394 2800 1421 2826 ἐν
1435 2799 1482 2834 τῷ,
1504 2809 1512 2824 ‹
1534 2799 1670 2834 Μακάριοι
1685 2799 1709 2824 οἱ
1730 2798 1832 2833 πραεῖς,

1047 2861 1136 2887 52-55.
1175 2859 1290 2892 “lbid.,
1321 2860 1363 2891 57,
1395 2859 1438 2885 58.
1495 2859 1516 2874 ³¹
1538 2858 1617 2891 lbid.,
1639 2857 1735 2885 (ΒΞ-65.
