1924 3043
52 161 104 189 5.59

52 276 157 300 μονες,
181 269 229 296 ὅτι
258 271 337 297 αὐτοὶ
363 270 571 306 ἐλεηθήσονται·
600 282 609 297 ι
637 273 683 298 καὶ
703 273 741 304 ὡς
758 273 787 298 ὲν
809 274 866 304 τοῖς

53 313 163 348 ἑτέροις
184 318 389 351 μακαρισμοῖς.
404 317 511 353 Κλῆρος
525 317 578 353 γὰρ
595 314 670 349 οὗτός
685 319 757 343 ἐστιν
771 317 865 353 ὥσπερ

54 369 95 386 τι;
106 360 178 390 ἴδιος
191 360 256 386 τῶν
269 361 439 396 ἦλεημένων,
454 361 564 398 πραέων
579 370 609 387 τε
623 361 736 388 καὶτῶν
750 361 865 396 πτωχῶν

56 407 83 431 ἐν
97 406 261 440 πνεύματι,
275 408 322 433 καὶ
334 407 519 441 δεδιωγμένων
530 407 611 433 ἕνεκα
624 408 672 442 τῆς
680 407 862 442 δικαιοσύνης.

57 452 131 482 Πλὴν
150 452 204 478 καὶ
226 453 291 479 καθ’
307 454 354 480 ἕνα
376 453 422 479 καὶ
441 453 470 485 ἐξ
489 453 620 487 ὀνόματος
643 453 693 487 τῆς
712 453 836 483 εὐκλείας
851 453 866 478 ό

57 497 213 530 στέφανος,
250 499 387 532 ἀναλόγως
409 499 524 525 ἕκαστον
542 500 597 529 τοῖς
622 498 704 525 αὑτοῦ
727 497 866 533 κατορθώ-

59 552 126 578 μασι
151 543 300 579 τιμῶντος
314 544 381 570 Θεοῦ
392 564 399 576 ,
417 545 463 571 καὶ
478 544 526 579 τὴν
541 544 652 572 δέουσαν
672 545 727 576 τοῖς
743 544 864 581 ἀνδριζο-

58 588 155 623 μένοις
183 590 404 625 ὲπιμετροῦντος
429 591 525 626 χάριν,
548 591 572 616 εί
591 593 638 617 καὶ
662 590 739 627 [farti
758 591 774 626 ἢ
796 590 860 627 καὶ]

57 635 144 661 νωῖτο
161 636 266 670 τυχὸν,
283 637 321 669 ὡς
335 638 363 662 ἐν
380 637 472 672 μέτρῳ
488 637 600 668 πλείονι,
615 637 662 663 καὶ
678 637 866 673 πλουσιωτέρα

57 679 192 715 διανομῇ·
213 690 224 706 ‹
241 681 347 718 Μέτρον
361 681 441 717 γὰρ.»
458 682 535 716 φησι,
549 691 559 707 ι
573 682 655 708 καλὸν
671 682 863 717 πεπιεσμένον,

58 726 291 761 σεσαλευμένον,
316 728 569 763 ὑπερεκχυνόμενον
596 727 729 754 δώσουσιν
754 729 795 759 εἰς
820 728 865 754 τὸν

58 771 163 798 κόλπον
183 772 284 806 ὑμῶν’
302 783 312 798 ι
332 773 379 799 καὶ
395 773 458 799 αὐτὸ
475 773 507 807 δὴ
521 773 599 800 τοῦτο
612 773 708 808 δηλοῦν
722 772 799 808 οἶμαί
814 782 864 800 που

57 818 87 844 τὸ
99 818 189 852 φάναι
203 819 273 846 Θεόν
284 827 290 834 ·
306 829 315 845 ‹
331 820 394 851 Τοῖς
411 820 517 846 πλείοσι
532 820 690 851 πλεονάπεις
707 820 756 856 τὴν
768 820 865 855 κληρο-

59 865 160 900 νομίαν
192 866 303 898 αὐτῶν,
327 866 373 893 καὶ
397 867 453 898 τοῖς
477 866 616 893 ἐλάττοσιν
636 865 797 898 ἐλαττώσεις
815 866 864 902 τὴν

59 911 254 947 κληρονομίαν
270 913 358 939 αὐτῶν
369 933 376 945 ,
398 912 516 947 ἑκάστῳ,
545 912 638 944 καθὼς
655 913 862 948 ὲπεσκέπησαν,

60 957 212 993 δοθήσεται
241 959 256 993 ἡ
277 959 443 994 κληρονομία
470 959 570 986 αὐτῶν.
596 969 604 985 ι
633 959 670 985 Τὸ
694 959 749 995 γὰρ
774 959 812 991 ὡς
835 960 864 986 ὲν

61 1003 174 1039 ἀριθμῷ
192 1005 250 1031 τῶν
266 1005 406 1039 ὀνομάτων
422 1005 534 1037 πλείονι,
547 1005 632 1036 τύπος
647 1004 679 1031 ἂν
695 1005 799 1039 γένοιτο
814 1014 864 1031 σαι

62 1049 114 1084 ᾳὴς
131 1049 183 1076 τοῦ
201 1050 402 1085 ὑπερκειμένου
419 1051 465 1077 καὶ
481 1051 673 1083 πλεονάζοντος
688 1052 718 1078 ὲν
733 1052 834 1087 ἀρετῇ·
851 1053 865 1078 ὁ

65 1096 114 1130 μὲν
128 1097 187 1132 γὰρ
209 1098 307 1129 οὕτως,
325 1099 338 1124 ὁ
355 1098 383 1124 δὲ
407 1097 492 1128 οὕτως
505 1098 652 1133 εὐδοκιμεῖ,
670 1097 741 1124 κατὰ
756 1098 802 1124 τὸν
815 1107 866 1133 μα-

63 1139 170 1174 κάριον,
185 1141 306 1167 Παῦλον.
329 1141 464 1176 Κληρωτὴ
483 1141 510 1167 δὲ
526 1142 542 1176 ἡ
559 1141 605 1175 γῆ.
626 1141 686 1167 κατ’
705 1140 792 1167 ἐκεῖνό
813 1149 864 1167 που

63 1186 134 1220 τάχα
152 1187 185 1213 τό
197 1196 204 1201 ⁸
227 1197 236 1212 ι
258 1188 301 1214 Ἐν
316 1188 376 1219 ταῖς
389 1187 466 1223 χερσί
483 1196 529 1214 σου
544 1188 567 1213 oi
584 1187 679 1222 κλῆροι
697 1196 756 1222 μου-
774 1197 782 1213 ι
798 1187 866 1222 πρὸς

65 1232 131 1258 θεὸν
146 1234 211 1268 είρη
218 1233 308 1268 μένον.
324 1233 389 1268 Θείᾳ
402 1233 455 1268 γὰρ
469 1233 551 1268 ψήφῳ
565 1234 709 1268 γενήσεται
729 1233 784 1260 τῶν
805 1234 866 1259 ὲσο-

66 1278 157 1314 μένων
183 1279 296 1313 ἀγαθῶν
319 1281 335 1314 ἡ
358 1279 481 1314 ἀπλανὴς
506 1279 680 1314 διανέμησις,
706 1281 812 1315 ἑκάστῳ
836 1279 866 1306 τὸ

67 1325 175 1360 πρέπον
191 1326 233 1356 εἰς
245 1326 438 1362 ἁποκλήρωσιν
452 1326 490 1360 (1)
502 1324 639 1360 ὁρίζοντος
651 1325 710 1351 τότε
719 1325 766 1351 τοῦ
778 1326 867 1352 πάντα

66 1371 170 1403 εἰδότος
186 1372 222 1398 τὰ
235 1371 296 1398 καθ’
311 1372 395 1407 ἡμᾶς.
417 1371 498 1407 Ἰδικὴ
511 1371 538 1398 δὲ
556 1371 637 1398 πάλιν
651 1372 732 1407 ἡτῶν
747 1372 867 1399 Λευῖτῶν

67 1418 273 1453 ἁπαρίθμηςις,
290 1418 343 1444 ἀπὸ
364 1417 488 1453 μηνιαίου
506 1417 552 1444 καὶ
575 1418 678 1444 ἐπάνω.
697 1418 750 1444 Καὶ
767 1418 868 1454 κλῆρος

68 1464 159 1495 αὐτοῖς
179 1465 210 1490 οὺ
228 1465 330 1491 δίδοται
355 1465 383 1490 ὲν
402 1464 477 1499 μέσῳ
499 1463 553 1490 τῶν
578 1464 644 1490 υἱῶν
666 1464 790 1499 Ἰσραὴλ,
807 1465 867 1491 οὐδὲ

71 1511 317 1546 συνεπεσκὲπησαν
334 1511 435 1541 αὐτοῖς.
458 1510 622 1546 Ἀγιώτερον
638 1511 691 1546 γὰρ
708 1511 750 1537 ἀεί
766 1520 817 1537 που
836 1511 867 1536 τὸ

72 1556 218 1591 ἱερώτερον
248 1556 333 1589 γένος.
360 1555 404 1582 Διὸ
429 1557 475 1582 καὶ
503 1556 658 1591 ἐξῃρημένη
675 1556 728 1583 τῶν
746 1557 865 1592 ἄλλωνὴ

71 1603 220 1637 ἀπογραφὴ
239 1602 303 1638 περὶ
314 1601 406 1633 αὺτοῦ,
416 1603 462 1628 καὶ
475 1602 573 1637 κλῆρος
586 1603 675 1633 αὐτοῖς
691 1603 720 1629 οὐ
735 1603 801 1637 μετὰ
814 1602 866 1629 τῶν

71 1647 174 1679 ἄλλων,
195 1646 264 1673 ἀλλὰ
286 1648 333 1673 καὶ
354 1647 497 1682 ἐπίσκεψις
515 1647 604 1683 ἰδική·
624 1648 703 1682 μερὶς
726 1647 755 1674 δὲ
774 1649 866 1679 αὐτοῖς

70 1693 116 1719 καὶ
129 1693 244 1728 κλῆρος,
262 1693 342 1724 αὐτὸς
354 1693 368 1719 ὁ
381 1692 434 1719 τῶν
445 1693 512 1719 ὅλων
528 1693 604 1725 Θεὸς,
624 1694 694 1720 κατὰ
706 1693 736 1719 τὸ
750 1714 757 1726 ,
776 1703 784 1718 ι
806 1694 866 1720 Μα-

72 1739 161 1774 κάριοι
181 1741 206 1766 οἱ
231 1739 347 1773 καθαροὶ
367 1740 399 1774 τῇ
427 1739 543 1774 καρδίᾳ,
568 1739 610 1765 ὅτι
633 1739 709 1765 αὐτοὶ
728 1739 773 1764 τὸν
800 1738 865 1765 Θεὸν

72 1786 193 1820 ὗῷοντοιι.
211 1796 220 1812 ι
232 1786 293 1812 Τῶν
304 1785 356 1820 γὰρ
370 1785 543 1819 καλουμένων
558 1784 670 1819 πτωχῶν
680 1783 717 1819 τῷ
729 1784 864 1818 πνεύματι

73 1833 119 1867 τὴν
135 1833 191 1859 τῶν
208 1832 333 1866 οὐρανῶν
352 1830 488 1866 βασιλείαν
509 1831 660 1866 μελλόντων
677 1831 862 1867 κληρονομεῖν,

74 1877 364 1913 παρακληῡησομένων
378 1876 406 1902 δὲ
419 1877 466 1902 καὶ
482 1876 535 1903 τῶν
552 1876 685 1911 ἑλομένων
701 1877 731 1903 τὸ
745 1877 861 1910 πενθεῖν,

74 1923 295 1959 ὲλεηθησομένων
312 1923 339 1950 δὲ
358 1923 405 1950 καὶ
430 1922 485 1949 τῶν
503 1923 657 1958 ἐλεημόνων
669 1932 675 1938 ·
697 1924 728 1950 Ol
750 1923 864 1959 καθαροὶ

73 1971 104 2005 τῇ
117 1970 227 2006 καρδίᾳ,
247 1969 324 2004 φησι,
341 1968 482 2004 μακάριοι,
495 1969 535 1995 ὅτι
551 1969 627 1995 αὐτοὶ
643 1969 688 1996 τὸν
705 1969 771 1996 Θεὸν
785 1970 863 2004 6410‘;-

75 2025 124 2042 ται.
139 2013 222 2043 Οὗτοι
237 2015 259 2042 δ’
278 2015 311 2042 ἂν
329 2013 382 2041 εἷεν
406 2016 431 2041 ot
449 2014 524 2051 παρὰ
539 2015 602 2046 τοὺς
624 2015 719 2047 ἄλλους
740 2016 862 2048 ἅπαντας

76 2060 214 2097 ίερώτεροί
231 2069 262 2086 τε
281 2061 327 2086 καὶ
347 2059 501 2096 ἀγιώτεροι,
523 2060 570 2086 καὶ
588 2060 686 2096 κλῆρος
703 2061 795 2092 αὐτοῖς
815 2062 862 2088 καὶ
889 2069 892 2072 '

78 2108 150 2143 μερὶς
172 2108 190 2142 ἡ
214 2107 332 2142 ἀκριϐὴς
349 2106 476 2145 ρεοπτία,
497 2106 569 2132 τοῦτ’
588 2106 677 2138 ἔστιν,
696 2106 711 2141 ὴ
735 2107 862 2142 περὶτῆς

75 2154 198 2189 Θεότητος
212 2153 323 2187 γνῶσις.
340 2152 424 2178 Τοῦτό
438 2161 478 2178 τοι
493 2152 610 2187 Χριστὸς
624 2153 680 2183 τοῖς
694 2151 780 2185 ἁγίοις
795 2152 862 2178 ἀπο-

77 2199 174 2231 στόλοις
189 2198 374 2234 ἐπηγγέλλετο
388 2197 553 2232 χαριεῖσθαι,
572 2197 675 2231 λέγων·
697 2207 705 2223 ι
726 2198 817 2224 Ταῦτα
832 2200 861 2224 ἐν

434 164 477 192 ΒΕ
497 164 718 193 ADORATIONE
738 165 771 193 ΙΝ
792 165 927 194 SPlRlTU
948 165 992 193 ΕΤ
1014 156 1198 193 VEltl'i'A’l'E.
1218 165 1282 193 LIB.
1300 165 1343 194 lV'.

52 221 93 247 ὅτι
105 221 192 248 αὐτοὶ
211 223 454 260 κληρονομήσουσι
470 225 518 260 τὴν
533 227 601 261 γῆν·
618 226 747 262 μακάριοι
759 227 783 252 οἱ
795 221 869 261 ἐλεή-

1653 166 1706 195 350

882 229 904 256 A
920 226 1171 261 consequentur";
1186 236 1194 251 ι
1207 231 1235 253 et
1244 226 1272 253 in
1283 226 1343 253 aliis
1360 225 1425 253 item
1435 225 1653 254 beatitudinibus
1662 226 1705 254 vi-

917 272 982 299 dere
995 272 1059 299 licet
1075 281 1081 297 :
1094 272 1228 306 ejusmodi
1239 272 1313 299 enim
1323 264 1468 299 litereditas
1485 271 1705 299 misericordium

917 322 945 345 et
960 317 1068 344 Initium
1078 325 1112 344 ac
1121 325 1272 352 pauperum
1286 318 1394 352 spiritu,
1414 321 1442 344 et
1457 325 1554 344 eorum
1573 318 1620 352 qui
1640 325 1704 352 per-

916 362 1086 389 secutionem
1101 362 1244 398 patiuntur
1257 366 1369 396 propter
1384 362 1528 397 justitiam,
1551 363 1628 397 quasi
1640 370 1706 397 pro-

916 409 974 442 pria
997 413 1047 435 est.
1079 408 1132 435 Sed
1157 412 1245 435 tamen
1271 408 1424 442 singulatim
1453 416 1561 442 quoque
1579 412 1607 435 et
1628 409 1705 442 juxta

917 455 1027 481 nomina
1041 462 1140 481 corona
1155 454 1247 488 gloriae
1271 453 1361 485 datur,
1383 462 1444 480 eum
1460 454 1531 481 Deus
1547 455 1645 488 cuique
1657 462 1706 488 pro

917 504 990 528 recte
1004 501 1137 527 factorum
1158 500 1263 526 ratione
1279 500 1398 526 honores
1409 500 1557 533 persolvat,
1578 500 1707 534 gratiam-

917 554 970 581 que
983 546 1100 573 fortibus
1108 546 1184 578 viris,
1202 553 1263 581 quze
1275 545 1379 577 deerat,
1395 545 1570 572 admetiendo
1579 545 1706 580 adjiciat;

916 592 1041 627 quamvis
1057 600 1089 619 ea
1106 593 1220 619 fortasse
1235 596 1364 626 tanquam
1390 591 1493 626 majore
1514 599 1641 618 mensura
1660 598 1709 617 eu-

916 639 1116 673 mulatioreque
1127 638 1255 664 distribui
1271 637 1449 672 intelligentia
1462 637 1498 663 sit
1511 646 1517 662 :
1532 646 1540 661 ι
1554 636 1707 663 Meusuram

916 684 1016 718 quippe
1025 683 1135 716 bonam,
1149 692 1158 707 ι
1168 683 1266 717 inquit,
1273 693 1282 708 ι
1296 686 1324 709 et
1331 682 1491 713 confertam,
1501 686 1528 708 et
1536 681 1708 715 eoagitatam,

916 733 944 756 et
953 729 1194 764 superetiluentem
1203 729 1307 756 dabunt
1321 729 1348 755 in
1366 729 1457 756 sinum
1469 730 1589 754 vestrum
1600 726 1624 741 ³⁸
1637 725 1708 752 ειὶἁ-

916 782 969 810 que
979 775 1068 809 ipsum
1081 773 1234 809 signiﬁcare
1243 774 1350 808 opinor,
1363 781 1425 801 eum
1435 772 1503 799 dicit
1514 773 1601 798 Deus:
1621 780 1630 795 ι
1645 770 1709 797 Plu-

916 820 993 847 ribus
1004 819 1134 854 majorem
1154 819 1343 846 hazreditatem
1358 819 1475 850 tribues,
1491 821 1519 844 et
1532 816 1710 852 paucioribus

916 865 1049 892 minorem
1069 865 1258 892 hazreditatem
1275 865 1353 892 dabis
1371 874 1377 891 :
1392 864 1553 898 unicuique.
1568 867 1598 890 ut
1613 869 1712 895 recen-

881 898 901 926 Β
916 912 962 939 siti
982 916 1056 944 sunt,
1073 912 1184 939 dabitur
1209 911 1356 938 ltwreditas
1374 911 1496 945 ipsorum
1516 909 1549 935 ³⁵.
1575 918 1584 934 ›
1601 907 1709 935 Etenim

914 966 1046 986 numerus
1071 959 1117 985 ille
1148 958 1289 985 nominum
1322 957 1424 991 major,
1445 956 1532 990 ﬁgura
1551 958 1594 981 est
1616 957 1711 988 aperta

915 1005 1112 1040 praestantioris
1121 1003 1378 1037 excellentiorisque
1388 1001 1497 1029 virtutis
1507 1010 1514 1034 ;
1523 1001 1569 1028 hic
1577 1000 1650 1027 enim
1659 1000 1709 1032 sic,

915 1051 961 1078 ille
976 1058 1041 1078 vero
1060 1051 1100 1078 sic
1108 1050 1216 1077 laudem
1228 1054 1361 1082 meretur,
1373 1049 1451 1076 utait
1463 1048 1560 1075 beatus
1574 1045 1710 1074 Paulus“.

916 1097 995 1125 Sorte
1022 1101 1113 1124 autem
1143 1096 1276 1124 dividitur
1299 1100 1383 1127 terra,
1403 1103 1435 1122 ea
1464 1094 1580 1121 fortasse
1604 1092 1711 1119 ratione

915 1151 968 1178 qua
992 1143 1096 1170 dictum
1122 1147 1164 1169 est
1186 1143 1242 1170 Deo
1262 1151 1268 1168 :
1292 1151 1301 1167 ε
1328 1142 1358 1169 In
1387 1140 1516 1168 manibus
1544 1138 1598 1166 tuis
1623 1141 1712 1165 sortes

915 1196 983 1216 meae
1002 1189 1034 1214 ³⁷.
1058 1199 1067 1214 ι
1090 1189 1190 1216 Divino
1216 1187 1318 1223 quippe
1338 1186 1454 1214 arbitrio
1482 1185 1528 1212 lict
1552 1184 1711 1211 futurorum

916 1235 1050 1262 bonorum
1065 1236 1144 1263 ﬁrma
1163 1235 1333 1266 distributio,
1351 1241 1414 1260 cum
1427 1253 1434 1265 ,
1455 1231 1522 1267 quid
1538 1231 1638 1264 cuique
1660 1229 1711 1256 tri-

916 1282 1002 1310 buere
1018 1287 1152 1318 oporteat,
1167 1291 1200 1310 eo
1219 1287 1342 1316 tempore
1363 1281 1407 1308 ille
1427 1280 1591 1307 deﬁniturus
1609 1278 1653 1309 sit,
1665 1277 1711 1305 cui

917 1329 1008 1356 omnia
1031 1333 1126 1356 nostra
1142 1328 1251 1364 cognita
1270 1331 1345 1354 sunt.
1374 1326 1489 1360 Propria
1503 1329 1595 1352 autem
1615 1330 1711 1350 rursus

917 1374 948 1402 ﬁt
964 1375 1122 1402 Levitarum
1146 1374 1320 1401 enumeratio
1339 1372 1373 1400 ab
1390 1379 1447 1399 uno
1461 1378 1556 1398 mense
1570 1374 1598 1397 et
1607 1377 1708 1403 supra;

917 1429 1006 1456 neque
1025 1429 1084 1448 sors
1108 1421 1162 1448 illis
1184 1421 1269 1448 datur
1296 1420 1322 1447 in
1353 1419 1446 1446 medio
1466 1419 1586 1445 ﬁliorum
1609 1415 1709 1447 Israel,

917 1476 1006 1502 neque
1026 1468 1150 1495 cmnillis
1160 1470 1350 1494 recensentur.
1362 1466 1476 1500 Semper
1495 1464 1569 1491 enim
1589 1461 1714 1490 sanctius

916 1514 1075 1541 estczeteris
1094 1521 1180 1548 genus
1206 1512 1273 1539 illud
1298 1511 1442 1538 sacratius.
1466 1509 1584 1543 [deoque
1601 1508 1711 1535 illorum

918 1559 1066 1594 descriptio
1080 1559 1114 1586 ab
1123 1559 1184 1586 aliis
1201 1558 1327 1584 tribubus
1337 1560 1463 1591 exempta
1476 1559 1528 1587 est,
1545 1561 1635 1588 neque
1649 1553 1713 1580 illo-

919 1614 979 1633 rum
1000 1613 1061 1633 sors
1072 1614 1135 1632 cum
1149 1605 1209 1632 aliis
1217 1604 1365 1639 permista;
1379 1603 1426 1630 sed
1441 1607 1498 1629 tum
1513 1599 1712 1635 inspectionem

918 1656 999 1687 atque
1010 1652 1198 1679 recensionem
1212 1650 1352 1685 propriam
1373 1649 1486 1679 habent,
1505 1651 1563 1674 tum
1574 1653 1640 1672 vero
1650 1651 1714 1679 pars

918 1698 1027 1724 illorum
1042 1701 1123 1731 atque
1137 1704 1196 1723 sors
1213 1696 1257 1722 ille
1275 1695 1333 1729 ipse
1354 1697 1396 1721 est
1418 1693 1608 1720 universorum
1630 1690 1712 1720 Deus,

914 1745 992 1778 juxta
1010 1742 1075 1770 illud
1098 1752 1103 1768 :
1128 1751 1136 1767 ι
1159 1741 1236 1769 Beati
1260 1740 1364 1767 mundo
1387 1739 1481 1769 corde,
1505 1737 1634 1771 quoniam
1660 1734 1711 1768 ipsi

916 1789 1002 1816 Deum
1013 1788 1146 1815 videbunt
1163 1788 1194 1814 ³⁸.
1211 1797 1219 1812 ι
1236 1787 1303 1813 Nam
1321 1793 1383 1813 cum
1404 1784 1422 1811 ii
1437 1783 1484 1818 qui
1498 1789 1632 1818 pauperes
1657 1779 1712 1813 spi—

916 1835 971 1862 ritu
987 1838 1131 1864 vocantur,
1147 1840 1262 1867 regnum
1277 1831 1411 1858 caelorum
1428 1828 1588 1856 haereditate
1604 1832 1711 1860 posses-

915 1881 972 1909 suri
986 1882 1056 1914 sint;
1075 1881 1148 1915 iique
1168 1879 1384 1906 consolationem
1403 1875 1536 1907 habituri,
1560 1874 1605 1908 qui
1617 1873 1672 1909 iugi
1683 1880 1711 1901 re

914 1929 1124 1965 proposuerint;
1146 1927 1419 1960 misericordiamque
1451 1923 1637 1955 consecuturi,
1664 1924 1711 1958 qui

914 1974 1106 2002 misericordes
1123 1973 1227 2001 fuerint
1243 1982 1249 1999 :
1267 1971 1371 2003 Mundi,
1393 1970 1498 2005 inquit,
1527 1969 1609 1996 corde
1639 1968 1711 1996 beati

914 2027 987 2055 sunt,
1005 2023 1084 2057 136
1094 2021 1224 2056 quoniam
1239 2020 1290 2055 ipsi
1316 2019 1404 2046 Deum
1431 2017 1583 2049 videbunt;
1600 2016 1629 2042 hi
1647 2023 1711 2043 vero

914 2067 1033 2102 suntqui
1049 2074 1104 2102 pne
1116 2066 1223 2094 caeteris
1231 2064 1360 2092 omnibus
1371 2062 1534 2090 sacratior-es
1544 2069 1575 2088 ac
1591 2061 1711 2088 sanctio-

914 2122 958 2141 res
967 2113 1114 2144 habentur,
1132 2118 1246 2145 sorsque
1263 2110 1317 2136 illis
1326 2113 1354 2136 ct
1369 2115 1431 2143 pars
1450 2107 1599 2134 conSLituta
1615 2111 1656 2133 est
1666 2105 1712 2132 illa

912 2159 1048 2186 excellens
1057 2157 1105 2185 Dei
1116 2157 1196 2188 visio,
1214 2155 1240 2183 id
1256 2159 1308 2186 est,
1320 2154 1406 2190 ipsius
1416 2153 1570 2180 divinitatis
1578 2152 1709 2187 cognitio.

912 2205 1067 2239 Hocipsum
1078 2203 1205 2231 Christus
1222 2202 1324 2229 sanctis
1336 2200 1468 2236 apostolis
1496 2199 1660 2233 largiturum
1681 2206 1710 2225 se

881 1580 901 1609 C

76 2245 232 2281 παροιμίαις
247 2244 384 2278 λελάληκα
394 2244 458 2279 ὑμῖν
469 2251 475 2258 ·
495 2244 603 2279 ἔρχεται
616 2243 675 2279 ὥρα
685 2264 692 2277 ,
703 2244 747 2270 ὅτε
767 2244 858 2271 οὐκέτι

916 2251 1101 2285 pollicebatur,
1119 2257 1182 2277 cum
1197 2249 1316 2276 diceret:
1328 2257 1337 2272 ‹
1353 2246 1449 2274 Haecin
1464 2244 1619 2280 proverbiis
1635 2245 1709 2278 locu-

77 2292 101 2318 ἐν
119 2290 285 2326 παροιμίαις
305 2290 413 2324 λαλήσω
440 2290 519 2325 ὑμῖν,
545 2289 613 2316 ἀλλὰ
634 2291 775 2326 παρρησίᾳ
796 2292 861 2326 περὶ

76 2337 116 2364 τοῦ
133 2337 241 2373 Harpe;
256 2336 403 2370 ἀπαγγελῶ
418 2336 492 2371 ὑμῖν.
515 2346 524 2362 ι
545 2335 611 2362 Ἀπὸ
625 2337 750 2371 μηνιαίου
765 2337 793 2363 δὲ
807 2337 861 2362 τῶν

77 2385 223 2420 ἰερωτέρων
234 2385 251 2419 ἡ
265 2383 422 2418 ἀπογραφὴ,
438 2382 563 2416 καθάπερ
576 2382 643 2417 ἔφην
656 2382 766 2417 ἀρτίως.
781 2383 859 2409 Ἀνά-

77 2438 194 2466 γραπτον
218 2429 285 2464 γὰρ,
311 2428 357 2455 καὶ
374 2429 403 2455 ὲν
420 2427 503 2463 βίϐλῳ
517 2427 602 2459 Θεοῦ,
630 2427 683 2454 τῶν
705 2428 862 2463 ἁγιωτὲρων

76 2477 127 2512 οὐχὶ
139 2477 173 2512 δὴ
194 2476 274 2511 μόνον
295 2475 326 2502 τὸ
343 2476 371 2501 ὲν
393 2474 464 2509 ἰσχύϊ
484 2475 656 2510 πνευματικῇ
671 2475 717 2501 καὶ
733 2476 761 2500 ἐν
784 2475 864 2511 σοφίᾳ

78 2522 314 2558 περιφανέστερον,
333 2520 402 2547 ἀλλὰ
416 2521 463 2547 καὶ
477 2521 537 2546 ὅσον
551 2520 626 2546 ἐστὶν
639 2521 667 2547 ὲν
683 2521 813 2554 ἁπλότητι
830 2522 862 2556 τῇ

78 2569 140 2597 κατὰ
158 2568 289 2603 Χριστὸν,
306 2567 351 2593 καὶ
364 2568 392 2593 ὲν
405 2567 488 2602 κακίᾳ
508 2566 650 2601 νηπιάζον.
677 2566 862 2601 ’Λνάγραπτον

77 2612 116 2647 95v
130 2615 206 2641 ἆπαν
228 2613 286 2639 ἐστὶ
303 2613 333 2639 τὸ
354 2613 432 2647 γένος
451 2612 481 2638 τδ
501 2612 655 2648 ἱερώτερον,
672 2613 720 2638 καὶ
737 2612 766 2638 τὸ
783 2612 863 2646 σοφόν

78 2668 102 2686 τε
113 2661 159 2687 καὶ
175 2659 289 2687 ἁπλοῦν.
304 2659 382 2690 ’Ἱδοις
396 2659 417 2685 δ’
432 2658 476 2689 ἂν,
492 2655 513 2685 ὧ
527 2658 670 2689 Παλλάδιε,
681 2658 786 2685 τοιάνδε
801 2659 863 2685 τινὰ

78 2706 202 2742 διαφορὰν
219 2707 247 2732 ἐν
264 2706 323 2736 ταῖς
338 2705 392 2731 τῶν
405 2705 490 2738 ἁγίων
506 2705 615 2740 ψυχαῖς,
633 2704 755 2739 γνώμαις
771 2714 801 2731 τε
818 2705 865 2731 καὶ

79 2753 193 2788 τρόποις.
211 2750 392 2786 Προστέοεικε
411 2751 439 2777 δὲ
449 2751 490 2777 ὅτι
507 2751 558 2777 οὐκ
569 2748 604 2786 ἦν
617 2751 757 2786 ἄνθρωπος
770 2751 799 2777 ὲν
809 2753 865 2784 τοῖς

108 2808 129 2824 ³³
141 2808 240 2836 Matth.
253 2816 280 2840 γ,
295 2808 320 2834 4.

79 2841 135 2865 "-W
147 2844 229 2871 Joan.
242 2851 296 2876 xu,
308 2843 352 2871 ‘25.

359 2809 381 2825 “
396 2808 462 2835 Luc.
477 2817 513 2842 vr,
528 2808 572 2836 58.
600 2808 623 2824 ⁸⁸
636 2808 716 2835 Num.
727 2815 798 2840 xxvi,
808 2808 852 2841 53,
864 2809 907 2837 54.

914 2301 959 2323 tus
967 2304 1026 2322 sum
1037 2296 1125 2327 vobis;
1140 2295 1214 2322 venit
1223 2294 1290 2320 hora
1298 2300 1360 2320 cum
1370 2300 1423 2319 non
1432 2290 1549 2325 amplius
1562 2290 1588 2316 in
1600 2297 1710 2324 prover-

914 2342 967 2369 biis
983 2342 1080 2376 loquar
1094 2341 1182 2372 vobis,
1195 2339 1241 2367 sed
1249 2340 1338 2374 palam
1345 2338 1379 2364 de
1386 2338 1465 2364 Patre
1475 2335 1646 2362 annuntiabo
1659 2343 1709 2361 vo—

912 2390 955 2416 bis
964 2388 1035 2415 ”-"°.
1050 2398 1058 2413 ›
1071 2388 1156 2414 Porro
1165 2388 1199 2414 ab
1213 2394 1267 2414 uno
1283 2393 1378 2412 mense
1389 2383 1568 2412 sacratiorum
1585 2381 1708 2408 virorum

913 2436 943 2462 tit
955 2434 1115 2469 descriptio,
1128 2438 1159 2461 ut
1169 2433 1250 2460 modo
1264 2433 1321 2459 dixi
1336 2441 1342 2458 :
1360 2440 1395 2459 ex
1411 2430 1458 2458 illo
1472 2435 1591 2462 namque
1602 2431 1710 2454 sancto-

916 2489 978 2508 rum
1005 2487 1122 2507 numero
1145 2487 1200 2506 non
1219 2479 1238 2505 ii
1264 2478 1353 2505 solum
1370 2477 1398 2504 in
1416 2476 1486 2503 libro
1505 2474 1551 2501 Dei
1577 2472 1708 2506 descripti

913 2531 978 2555 sunt
994 2526 1040 2562 qui
1061 2525 1167 2552 viribus
1181 2523 1371 2558 spiritualibus
1389 2521 1502 2557 pollent,
1522 2523 1549 2545 et
1566 2517 1707 2552 sapientiae

914 2572 1025 2600 nomine
1038 2574 1102 2598 sunt
1121 2569 1262 2599 clariores,
1278 2569 1324 2595 sed
1336 2569 1492 2603 quicunque
1505 2564 1706 2600 simplicitatem

914 2626 976 2646 eam
992 2626 1052 2652 qua:
1069 2616 1218 2644 secundum
1236 2615 1373 2642 Christum
1398 2618 1448 2644 est,
1468 2611 1612 2647 amplcxati
1630 2615 1703 2645 sunt.

915 2668 943 2691 et
960 2663 1062 2690 malitia
1076 2665 1139 2689 sunt
1166 2660 1282 2696 parvuli.
1299 2659 1471 2694 Descriptum
1498 2658 1582 2693 igitur
1596 2660 1638 2683 est
1659 2663 1706 2690 ge-

915 2716 969 2736 nus
999 2707 1067 2735 illud
1091 2706 1224 2734 sacratius
1249 2706 1428 2732 universum.
1457 2709 1515 2730 tum
1539 2702 1558 2729 ii
1577 2701 1706 2729 nimirum

917 2753 1120 2790 quisapicutia,
1143 2757 1199 2779 tum
1217 2751 1262 2787 qui
1277 2750 1451 2786 simplicitate
1469 2748 1583 2783 pollent.
1615 2748 1709 2774 facile

943 2810 965 2825 ³⁸
982 2810 1064 2837 lCor.
1075 2818 1121 2842 xtl,
1138 2809 1179 2836 Η.
1219 2809 1240 2824 ⁸⁷
1256 2808 1326 2835 Ρδιιι.
1341 2815 1402 2841 xxx,
1413 2806 1457 2835 46.
1495 2805 1516 2820 3*
1529 2802 1623 2830 Matth.
1637 2809 1661 2834 ι,
1674 2800 1701 2828 3.

112 2902 149 2938 (1)
166 2901 235 2930 Cod.
254 2902 327 2936 Vat.,
345 2903 550 2940 ἀποπλήρωσιν.
569 2903 651 2940 Magis
662 2902 748 2938 probo
760 2901 863 2929 lectiotr

921 2900 1022 2927 codicis
1036 2908 1089 2935 quo
1104 2907 1169 2927 usus
1180 2908 1249 2927 sum.
