  <div class='ocr_page' id='page_1' title='image "/cluster/home/n/w/nwhite01/storage/ocr_20150623/68/njp.32101077772711/189.png"; bbox 0 0 1934 3042; ppageno 0'>
   <div class='ocr_carea' id='block_1_1' title="bbox 211 169 261 198">
    <p class='ocr_par' dir='ltr' id='par_1_1' title="bbox 211 169 261 198">
     <span class='ocr_line' id='line_1_1' title="bbox 211 169 261 198; baseline 0.02 -1"><span class='ocrx_word' id='word_1_1' title='bbox 211 169 261 198; x_wconf 69' lang='lat' dir='ltr'><strong>J51</strong></span> 
     </span>
    </p>
   </div>
   <div class='ocr_carea' id='block_1_2' title="bbox 721 166 1346 196">
    <p class='ocr_par' dir='ltr' id='par_1_2' title="bbox 721 166 1346 196">
     <span class='ocr_line' id='line_1_2' title="bbox 721 166 1346 196; baseline -0.002 0"><span class='ocrx_word' id='word_1_2' title='bbox 721 167 749 196; x_wconf 85' lang='lat' dir='ltr'><strong>S.</strong></span> <span class='ocrx_word' id='word_1_3' title='bbox 770 166 909 196; x_wconf 79' lang='lat' dir='ltr'><strong>CYRILLI</strong></span> <span class='ocrx_word' id='word_1_4' title='bbox 930 166 1167 195; x_wconf 75' lang='lat' dir='ltr'><strong>ALEXANDRINI</strong></span> <span class='ocrx_word' id='word_1_5' title='bbox 1185 166 1346 195; x_wconf 80' lang='lat' dir='ltr'><strong>ARCHIEP.</strong></span> 
     </span>
    </p>
   </div>
   <div class='ocr_carea' id='block_1_3' title="bbox 1799 169 1853 196">
    <p class='ocr_par' dir='ltr' id='par_1_3' title="bbox 1799 169 1853 196">
     <span class='ocr_line' id='line_1_3' title="bbox 1799 169 1853 196; baseline -0.019 0"><span class='ocrx_word' id='word_1_6' title='bbox 1799 169 1853 196; x_wconf 55' lang='lat'><strong>52.7”:</strong></span> 
     </span>
    </p>
   </div>
   <div class='ocr_carea' id='block_1_4' title="bbox 211 226 1006 264">
    <p class='ocr_par' dir='ltr' id='par_1_4' title="bbox 211 226 1004 262">
     <span class='ocr_line' id='line_1_4' title="bbox 211 226 1004 262; baseline -0.003 -6"><span class='ocrx_word' id='word_1_7' title='bbox 211 233 254 256; x_wconf 81' lang='lat' dir='ltr'><strong>est</strong></span> <span class='ocrx_word' id='word_1_8' title='bbox 272 232 373 259; x_wconf 73' lang='lat' dir='ltr'><strong>autem,</strong></span> <span class='ocrx_word' id='word_1_9' title='bbox 386 227 501 259; x_wconf 80' lang='lat' dir='ltr'><strong>Palladi,</strong></span> <span class='ocrx_word' id='word_1_10' title='bbox 525 226 661 262; x_wconf 79' lang='lat' dir='ltr'><strong>ejusmodi</strong></span> <span class='ocrx_word' id='word_1_11' title='bbox 681 226 829 255; x_wconf 84' lang='lat' dir='ltr'><strong>discrimen</strong></span> <span class='ocrx_word' id='word_1_12' title='bbox 847 227 875 254; x_wconf 89' lang='lat' dir='ltr'><strong>in</strong></span> <span class='ocrx_word' id='word_1_13' title='bbox 896 230 1004 254; x_wconf 82' lang='lat' dir='ltr'><strong>sancto-</strong></span> 
     </span>
    </p>
   </div>
   <div class='ocr_carea' id='block_1_5' title="bbox 1063 226 1855 264">
    <p class='ocr_par' dir='ltr' id='par_1_5' title="bbox 1063 226 1855 264">
     <span class='ocr_line' id='line_1_5' title="bbox 1063 226 1855 264; baseline 0 -11"><span class='ocrx_word' id='word_1_14' title='bbox 1063 226 1271 262; x_wconf 81' lang='grc' dir='ltr'>;πεσκεμμένοις</span> <span class='ocrx_word' id='word_1_15' title='bbox 1287 226 1339 253; x_wconf 72' lang='grc' dir='ltr'><strong>ὑπὸ</strong></span> <span class='ocrx_word' id='word_1_16' title='bbox 1357 226 1443 262; x_wconf 83' lang='grc' dir='ltr'><strong>Μωσῆ</strong></span> <span class='ocrx_word' id='word_1_17' title='bbox 1461 227 1507 254; x_wconf 68' lang='grc' dir='ltr'>καὶ</span> <span class='ocrx_word' id='word_1_18' title='bbox 1530 227 1645 264; x_wconf 70' lang='grc' dir='ltr'>Ἀαρὼν,</span> <span class='ocrx_word' id='word_1_19' title='bbox 1665 227 1713 260; x_wconf 76' lang='grc' dir='ltr'>οὓς</span> <span class='ocrx_word' id='word_1_20' title='bbox 1731 227 1855 254; x_wconf 63' lang='grc' dir='ltr'>ἑπτακι-</span> 
     </span>
    </p>
   </div>
   <div class='ocr_carea' id='block_1_6' title="bbox 213 273 1000 309">
    <p class='ocr_par' dir='ltr' id='par_1_6' title="bbox 213 273 1000 309">
     <span class='ocr_line' id='line_1_6' title="bbox 213 273 1000 309; baseline -0.003 -7"><span class='ocrx_word' id='word_1_21' title='bbox 213 282 275 302; x_wconf 89' lang='lat' dir='ltr'><strong>rum</strong></span> <span class='ocrx_word' id='word_1_22' title='bbox 300 273 418 305; x_wconf 77' lang='lat' dir='ltr'><strong>animis,</strong></span> <span class='ocrx_word' id='word_1_23' title='bbox 455 273 586 301; x_wconf 85' lang='lat' dir='ltr'><strong>sensibus</strong></span> <span class='ocrx_word' id='word_1_24' title='bbox 616 281 648 301; x_wconf 90' lang='lat' dir='ltr'><strong>ac</strong></span> <span class='ocrx_word' id='word_1_25' title='bbox 679 274 805 301; x_wconf 87' lang='lat' dir='ltr'><strong>moribus</strong></span> <span class='ocrx_word' id='word_1_26' title='bbox 834 273 1000 309; x_wconf 84' lang='lat' dir='ltr'><strong>perspicere.</strong></span> 
     </span>
    </p>
   </div>
   <div class='ocr_carea' id='block_1_7' title="bbox 213 320 1002 355">
    <p class='ocr_par' dir='ltr' id='par_1_7' title="bbox 213 320 1002 355">
     <span class='ocr_line' id='line_1_7' title="bbox 213 320 1002 355; baseline -0.001 -7"><span class='ocrx_word' id='word_1_27' title='bbox 213 320 282 348; x_wconf 79' lang='lat' dir='ltr'><strong>Illud</strong></span> <span class='ocrx_word' id='word_1_28' title='bbox 304 327 413 355; x_wconf 85' lang='lat' dir='ltr'><strong>quoque</strong></span> <span class='ocrx_word' id='word_1_29' title='bbox 433 320 568 355; x_wconf 78' lang='lat' dir='ltr'><strong>adjunxit,</strong></span> <span class='ocrx_word' id='word_1_30' title='bbox 588 321 728 348; x_wconf 87' lang='lat' dir='ltr'><strong>neminem</strong></span> <span class='ocrx_word' id='word_1_31' title='bbox 746 329 779 348; x_wconf 88' lang='lat' dir='ltr'><strong>ex</strong></span> <span class='ocrx_word' id='word_1_32' title='bbox 795 321 828 349; x_wconf 86' lang='lat' dir='ltr'><strong>iis</strong></span> <span class='ocrx_word' id='word_1_33' title='bbox 843 320 928 348; x_wconf 87' lang='lat' dir='ltr'><strong>fuisse</strong></span> <span class='ocrx_word' id='word_1_34' title='bbox 954 321 1002 355; x_wconf 89' lang='lat' dir='ltr'><strong>qui</strong></span> 
     </span>
    </p>
   </div>
   <div class='ocr_carea' id='block_1_8' title="bbox 211 366 1002 404">
    <p class='ocr_par' dir='ltr' id='par_1_8' title="bbox 211 366 1002 404">
     <span class='ocr_line' id='line_1_8' title="bbox 211 366 1002 404; baseline 0.001 -10"><span class='ocrx_word' id='word_1_35' title='bbox 211 366 338 394; x_wconf 76' lang='lat' dir='ltr'><strong>recensiti</strong></span> <span class='ocrx_word' id='word_1_36' title='bbox 363 366 440 401; x_wconf 90' lang='lat' dir='ltr'><strong>prius</strong></span> <span class='ocrx_word' id='word_1_37' title='bbox 461 366 571 395; x_wconf 77' lang='lat' dir='ltr'><strong>fuerant</strong></span> <span class='ocrx_word' id='word_1_38' title='bbox 596 375 610 395; x_wconf 86' lang='lat' dir='ltr'><strong>a</strong></span> <span class='ocrx_word' id='word_1_39' title='bbox 643 368 734 404; x_wconf 83' lang='lat' dir='ltr'><strong>Moyse</strong></span> <span class='ocrx_word' id='word_1_40' title='bbox 753 373 781 396; x_wconf 90' lang='lat' dir='ltr'><strong>et</strong></span> <span class='ocrx_word' id='word_1_41' title='bbox 802 368 904 400; x_wconf 82' lang='lat' dir='ltr'><strong>Aaron,</strong></span> <span class='ocrx_word' id='word_1_42' title='bbox 933 375 1002 403; x_wconf 89' lang='lat' dir='ltr'><strong>quos</strong></span> 
     </span>
    </p>
   </div>
   <div class='ocr_carea' id='block_1_9' title="bbox 211 412 1003 449">
    <p class='ocr_par' dir='ltr' id='par_1_9' title="bbox 211 412 1003 449">
     <span class='ocr_line' id='line_1_9' title="bbox 211 412 1003 449; baseline 0.005 -11"><span class='ocrx_word' id='word_1_43' title='bbox 211 417 411 440; x_wconf 85' lang='lat' dir='ltr'><strong>recensuerant</strong></span> <span class='ocrx_word' id='word_1_44' title='bbox 425 412 497 440; x_wconf 87' lang='lat' dir='ltr'><strong>ﬁlios</strong></span> <span class='ocrx_word' id='word_1_45' title='bbox 515 413 598 441; x_wconf 90' lang='lat' dir='ltr'><strong>Israel</strong></span> <span class='ocrx_word' id='word_1_46' title='bbox 609 413 637 440; x_wconf 90' lang='lat' dir='ltr'><strong>in</strong></span> <span class='ocrx_word' id='word_1_47' title='bbox 655 413 766 442; x_wconf 86' lang='lat' dir='ltr'><strong>deserto</strong></span> <span class='ocrx_word' id='word_1_48' title='bbox 785 414 861 447; x_wconf 86' lang='lat' dir='ltr'><strong>Sina,</strong></span> <span class='ocrx_word' id='word_1_49' title='bbox 881 414 944 449; x_wconf 88' lang='lat' dir='ltr'><strong>quia</strong></span> <span class='ocrx_word' id='word_1_50' title='bbox 961 414 1003 441; x_wconf 85' lang='lat' dir='ltr'><strong>di-</strong></span> 
     </span>
    </p>
   </div>
   <div class='ocr_carea' id='block_1_10' title="bbox 210 457 1004 493">
    <p class='ocr_par' dir='ltr' id='par_1_10' title="bbox 210 457 1004 493">
     <span class='ocr_line' id='line_1_10' title="bbox 210 457 1004 493; baseline 0.006 -10"><span class='ocrx_word' id='word_1_51' title='bbox 210 458 249 484; x_wconf 83' lang='lat' dir='ltr'><strong>xit</strong></span> <span class='ocrx_word' id='word_1_52' title='bbox 263 457 396 485; x_wconf 88' lang='lat' dir='ltr'><strong>Dominus</strong></span> <span class='ocrx_word' id='word_1_53' title='bbox 412 458 480 493; x_wconf 84' lang='lat' dir='ltr'><strong>ipsis</strong></span> <span class='ocrx_word' id='word_1_54' title='bbox 497 458 603 487; x_wconf 81' lang='lat' dir='ltr'><strong>:Morte</strong></span> <span class='ocrx_word' id='word_1_55' title='bbox 618 460 772 487; x_wconf 90' lang='lat' dir='ltr'><strong>morientur</strong></span> <span class='ocrx_word' id='word_1_56' title='bbox 787 460 814 488; x_wconf 92' lang='lat' dir='ltr'><strong>in</strong></span> <span class='ocrx_word' id='word_1_57' title='bbox 837 460 956 493; x_wconf 87' lang='lat' dir='ltr'><strong>deserto,</strong></span> <span class='ocrx_word' id='word_1_58' title='bbox 975 466 1004 488; x_wconf 85' lang='lat' dir='ltr'><strong>et</strong></span> 
     </span>
    </p>
   </div>
   <div class='ocr_carea' id='block_1_11' title="bbox 210 503 1002 541">
    <p class='ocr_par' dir='ltr' id='par_1_11' title="bbox 210 503 1002 541">
     <span class='ocr_line' id='line_1_11' title="bbox 210 503 1002 541; baseline 0.006 -13"><span class='ocrx_word' id='word_1_59' title='bbox 210 509 265 529; x_wconf 88' lang='lat' dir='ltr'><strong>non</strong></span> <span class='ocrx_word' id='word_1_60' title='bbox 276 507 318 530; x_wconf 91' lang='lat' dir='ltr'><strong>est</strong></span> <span class='ocrx_word' id='word_1_61' title='bbox 331 503 445 531; x_wconf 87' lang='lat' dir='ltr'><strong>relictus</strong></span> <span class='ocrx_word' id='word_1_62' title='bbox 457 512 491 531; x_wconf 87' lang='lat' dir='ltr'><strong>ne</strong></span> <span class='ocrx_word' id='word_1_63' title='bbox 503 512 575 532; x_wconf 90' lang='lat' dir='ltr'><strong>unus</strong></span> <span class='ocrx_word' id='word_1_64' title='bbox 587 505 700 540; x_wconf 82' lang='lat' dir='ltr'><strong>quidem</strong></span> <span class='ocrx_word' id='word_1_65' title='bbox 712 513 745 533; x_wconf 88' lang='lat' dir='ltr'><strong>ex</strong></span> <span class='ocrx_word' id='word_1_66' title='bbox 759 506 836 541; x_wconf 88' lang='lat' dir='ltr'><strong>ipsis,</strong></span> <span class='ocrx_word' id='word_1_67' title='bbox 851 506 904 533; x_wconf 86' lang='lat' dir='ltr'><strong>nisi</strong></span> <span class='ocrx_word' id='word_1_68' title='bbox 919 505 1002 534; x_wconf 88' lang='lat' dir='ltr'><strong>Caleb</strong></span> 
     </span>
    </p>
   </div>
   <div class='ocr_carea' id='block_1_12' title="bbox 210 546 1002 587">
    <p class='ocr_par' dir='ltr' id='par_1_12' title="bbox 210 546 1002 587">
     <span class='ocr_line' id='line_1_12' title="bbox 210 546 1002 587; baseline 0.008 -14"><span class='ocrx_word' id='word_1_69' title='bbox 210 546 282 574; x_wconf 91' lang='lat' dir='ltr'><strong>ﬁlius</strong></span> <span class='ocrx_word' id='word_1_70' title='bbox 302 548 437 583; x_wconf 76' lang='lat' dir='ltr'><strong>Jephone,</strong></span> <span class='ocrx_word' id='word_1_71' title='bbox 463 555 491 578; x_wconf 91' lang='lat' dir='ltr'><strong>et</strong></span> <span class='ocrx_word' id='word_1_72' title='bbox 511 550 592 578; x_wconf 77' lang='lat' dir='ltr'><strong>Jesus</strong></span> <span class='ocrx_word' id='word_1_73' title='bbox 616 551 690 579; x_wconf 96' lang='lat' dir='ltr'><strong>ﬁlius</strong></span> <span class='ocrx_word' id='word_1_74' title='bbox 713 551 788 579; x_wconf 83' lang='lat' dir='ltr'><strong>Nave</strong></span> <span class='ocrx_word' id='word_1_75' title='bbox 816 551 838 568; x_wconf 81' lang='lat'>“</span> <span class='ocrx_word' id='word_1_76' title='bbox 864 561 869 578; x_wconf 91' lang='lat'><strong>:</strong></span> <span class='ocrx_word' id='word_1_77' title='bbox 893 553 922 579; x_wconf 90' lang='lat' dir='ltr'><strong>in</strong></span> <span class='ocrx_word' id='word_1_78' title='bbox 946 560 1002 587; x_wconf 90' lang='lat' dir='ltr'><strong>quo</strong></span> 
     </span>
    </p>
   </div>
   <div class='ocr_carea' id='block_1_13' title="bbox 209 593 1003 632">
    <p class='ocr_par' dir='ltr' id='par_1_13' title="bbox 209 593 1003 632">
     <span class='ocr_line' id='line_1_13' title="bbox 209 593 1003 632; baseline 0.005 -12"><span class='ocrx_word' id='word_1_79' title='bbox 209 593 357 628; x_wconf 81' lang='lat' dir='ltr'><strong>perspicue</strong></span> <span class='ocrx_word' id='word_1_80' title='bbox 375 595 513 628; x_wconf 87' lang='lat' dir='ltr'><strong>ostendit,</strong></span> <span class='ocrx_word' id='word_1_81' title='bbox 536 604 593 623; x_wconf 89' lang='lat' dir='ltr'><strong>non</strong></span> <span class='ocrx_word' id='word_1_82' title='bbox 621 596 656 624; x_wconf 88' lang='lat' dir='ltr'><strong>ad</strong></span> <span class='ocrx_word' id='word_1_83' title='bbox 679 596 835 625; x_wconf 84' lang='lat' dir='ltr'><strong>incredulos</strong></span> <span class='ocrx_word' id='word_1_84' title='bbox 864 597 1003 632; x_wconf 74' lang='lat' dir='ltr'><strong>pertinere</strong></span> 
     </span>
    </p>
   </div>
   <div class='ocr_carea' id='block_1_14' title="bbox 209 640 1004 675">
    <p class='ocr_par' dir='ltr' id='par_1_14' title="bbox 209 640 1004 675">
     <span class='ocr_line' id='line_1_14' title="bbox 209 640 1004 675; baseline 0.005 -9"><span class='ocrx_word' id='word_1_85' title='bbox 209 640 414 674; x_wconf 80' lang='lat' dir='ltr'><strong>possessionum</strong></span> <span class='ocrx_word' id='word_1_86' title='bbox 434 641 668 675; x_wconf 88' lang='lat' dir='ltr'><strong>distributionem,</strong></span> <span class='ocrx_word' id='word_1_87' title='bbox 682 648 711 670; x_wconf 88' lang='lat' dir='ltr'><strong>et</strong></span> <span class='ocrx_word' id='word_1_88' title='bbox 732 643 807 670; x_wconf 85' lang='lat' dir='ltr'><strong>illam</strong></span> <span class='ocrx_word' id='word_1_89' title='bbox 823 642 851 670; x_wconf 90' lang='lat' dir='ltr'><strong>in</strong></span> <span class='ocrx_word' id='word_1_90' title='bbox 872 643 921 670; x_wconf 89' lang='lat' dir='ltr'><strong>Dei</strong></span> <span class='ocrx_word' id='word_1_91' title='bbox 932 643 1004 670; x_wconf 81' lang='lat' dir='ltr'><strong>libro</strong></span> 
     </span>
    </p>
   </div>
   <div class='ocr_carea' id='block_1_15' title="bbox 210 685 1006 725">
    <p class='ocr_par' dir='ltr' id='par_1_15' title="bbox 210 685 1006 725">
     <span class='ocr_line' id='line_1_15' title="bbox 210 685 1006 725; baseline 0.006 -13"><span class='ocrx_word' id='word_1_92' title='bbox 210 685 436 721; x_wconf 85' lang='lat' dir='ltr'><strong>descriptionem,</strong></span> <span class='ocrx_word' id='word_1_93' title='bbox 450 688 498 716; x_wconf 84' lang='lat' dir='ltr'><strong>sed</strong></span> <span class='ocrx_word' id='word_1_94' title='bbox 507 689 547 716; x_wconf 84' lang='lat' dir='ltr'><strong>eis</strong></span> <span class='ocrx_word' id='word_1_95' title='bbox 555 689 647 724; x_wconf 89' lang='lat' dir='ltr'><strong>potius</strong></span> <span class='ocrx_word' id='word_1_96' title='bbox 656 689 803 716; x_wconf 88' lang='lat' dir='ltr'><strong>convenire</strong></span> <span class='ocrx_word' id='word_1_97' title='bbox 818 689 866 725; x_wconf 87' lang='lat' dir='ltr'><strong>qui</strong></span> <span class='ocrx_word' id='word_1_98' title='bbox 874 689 956 717; x_wconf 86' lang='lat' dir='ltr'><strong>ﬁdem</strong></span> <span class='ocrx_word' id='word_1_99' title='bbox 964 690 1006 717; x_wconf 80' lang='lat' dir='ltr'><strong>ni-</strong></span> 
     </span>
    </p>
   </div>
   <div class='ocr_carea' id='block_1_16' title="bbox 210 732 1005 770">
    <p class='ocr_par' dir='ltr' id='par_1_16' title="bbox 210 732 1005 770">
     <span class='ocr_line' id='line_1_16' title="bbox 210 732 1005 770; baseline 0.005 -11"><span class='ocrx_word' id='word_1_100' title='bbox 210 732 312 760; x_wconf 89' lang='lat' dir='ltr'><strong>mirum</strong></span> <span class='ocrx_word' id='word_1_101' title='bbox 321 733 350 760; x_wconf 91' lang='lat' dir='ltr'><strong>in</strong></span> <span class='ocrx_word' id='word_1_102' title='bbox 359 733 499 762; x_wconf 75' lang='lat' dir='ltr'><strong>Christum</strong></span> <span class='ocrx_word' id='word_1_103' title='bbox 515 735 634 770; x_wconf 79' lang='lat' dir='ltr'><strong>amplexi</strong></span> <span class='ocrx_word' id='word_1_104' title='bbox 642 739 707 763; x_wconf 86' lang='lat' dir='ltr'><strong>sunt</strong></span> <span class='ocrx_word' id='word_1_105' title='bbox 718 744 724 762; x_wconf 91' lang='lat'>:</span> <span class='ocrx_word' id='word_1_106' title='bbox 735 743 798 763; x_wconf 85' lang='lat' dir='ltr'><strong>nam</strong></span> <span class='ocrx_word' id='word_1_107' title='bbox 808 735 843 763; x_wconf 88' lang='lat' dir='ltr'><strong>de</strong></span> <span class='ocrx_word' id='word_1_108' title='bbox 852 735 1005 763; x_wconf 83' lang='lat' dir='ltr'><strong>incredulis</strong></span> 
     </span>
    </p>
   </div>
   <div class='ocr_carea' id='block_1_17' title="bbox 211 778 1001 814">
    <p class='ocr_par' dir='ltr' id='par_1_17' title="bbox 211 778 1001 814">
     <span class='ocr_line' id='line_1_17' title="bbox 211 778 1001 814; baseline 0.006 -9"><span class='ocrx_word' id='word_1_109' title='bbox 211 778 250 806; x_wconf 91' lang='lat' dir='ltr'><strong>ait</strong></span> <span class='ocrx_word' id='word_1_110' title='bbox 263 778 373 807; x_wconf 88' lang='lat' dir='ltr'><strong>divinus</strong></span> <span class='ocrx_word' id='word_1_111' title='bbox 393 780 495 807; x_wconf 80' lang='lat' dir='ltr'><strong>David:</strong></span> <span class='ocrx_word' id='word_1_112' title='bbox 513 790 521 806; x_wconf 85' lang='grc' dir='ltr'><strong>ι</strong></span> <span class='ocrx_word' id='word_1_113' title='bbox 537 780 686 809; x_wconf 89' lang='lat' dir='ltr'><strong>Dcieantur</strong></span> <span class='ocrx_word' id='word_1_114' title='bbox 700 781 734 809; x_wconf 90' lang='lat' dir='ltr'><strong>de</strong></span> <span class='ocrx_word' id='word_1_115' title='bbox 746 781 819 809; x_wconf 91' lang='lat' dir='ltr'><strong>libro</strong></span> <span class='ocrx_word' id='word_1_116' title='bbox 838 782 1001 814; x_wconf 84' lang='lat' dir='ltr'><strong>viventium,</strong></span> 
     </span>
    </p>
   </div>
   <div class='ocr_carea' id='block_1_18' title="bbox 210 826 1003 874">
    <p class='ocr_par' dir='ltr' id='par_1_18' title="bbox 210 826 1003 874">
     <span class='ocr_line' id='line_1_18' title="bbox 210 826 1003 874; baseline 0.006 -22"><span class='ocrx_word' id='word_1_117' title='bbox 210 829 238 853; x_wconf 88' lang='lat' dir='ltr'><strong>et</strong></span> <span class='ocrx_word' id='word_1_118' title='bbox 255 833 317 853; x_wconf 90' lang='lat' dir='ltr'><strong>cum</strong></span> <span class='ocrx_word' id='word_1_119' title='bbox 330 826 412 861; x_wconf 85' lang='lat' dir='ltr'><strong>justis</strong></span> <span class='ocrx_word' id='word_1_120' title='bbox 429 834 484 854; x_wconf 91' lang='lat' dir='ltr'><strong>non</strong></span> <span class='ocrx_word' id='word_1_121' title='bbox 500 827 657 855; x_wconf 80' lang='lat' dir='ltr'><strong>scribantur</strong></span> <span class='ocrx_word' id='word_1_122' title='bbox 671 827 704 854; x_wconf 73' lang='lat'><strong>“.</strong></span> <span class='ocrx_word' id='word_1_123' title='bbox 724 837 733 854; x_wconf 78' lang='grc' dir='ltr'><strong>ι</strong></span> <span class='ocrx_word' id='word_1_124' title='bbox 752 828 782 874; x_wconf 68' lang='lat' dir='ltr'><strong>1p</strong></span> <span class='ocrx_word' id='word_1_125' title='bbox 797 828 899 864; x_wconf 81' lang='lat' dir='ltr'><strong>quibus</strong></span> <span class='ocrx_word' id='word_1_126' title='bbox 919 829 1003 857; x_wconf 84' lang='lat' dir='ltr'><strong>etiam</strong></span> 
     </span>
    </p>
   </div>
   <div class='ocr_carea' id='block_1_19' title="bbox 209 871 1003 906">
    <p class='ocr_par' dir='ltr' id='par_1_19' title="bbox 209 871 1003 906">
     <span class='ocr_line' id='line_1_19' title="bbox 209 871 1003 906; baseline 0.006 -8"><span class='ocrx_word' id='word_1_127' title='bbox 209 871 303 898; x_wconf 81' lang='lat' dir='ltr'><strong>verbis</strong></span> <span class='ocrx_word' id='word_1_128' title='bbox 323 872 433 900; x_wconf 86' lang='lat' dir='ltr'><strong>divinus</strong></span> <span class='ocrx_word' id='word_1_129' title='bbox 452 880 544 900; x_wconf 86' lang='lat' dir='ltr'><strong>sermo</strong></span> <span class='ocrx_word' id='word_1_130' title='bbox 566 873 648 901; x_wconf 87' lang='lat' dir='ltr'><strong>nobis</strong></span> <span class='ocrx_word' id='word_1_131' title='bbox 657 871 775 902; x_wconf 69' lang='lat' dir='ltr'><strong>latenter</strong></span> <span class='ocrx_word' id='word_1_132' title='bbox 795 874 926 906; x_wconf 86' lang='lat' dir='ltr'><strong>ostendit,</strong></span> <span class='ocrx_word' id='word_1_133' title='bbox 941 883 1003 903; x_wconf 88' lang='lat' dir='ltr'><strong>ere-</strong></span> 
     </span>
    </p>
   </div>
   <div class='ocr_carea' id='block_1_20' title="bbox 1054 271 1851 310">
    <p class='ocr_par' dir='ltr' id='par_1_20' title="bbox 1054 271 1851 310">
     <span class='ocr_line' id='line_1_20' title="bbox 1054 271 1851 310; baseline 0.001 -11"><span class='ocrx_word' id='word_1_134' title='bbox 1054 272 1140 307; x_wconf 80' lang='grc' dir='ltr'>ψαντο</span> <span class='ocrx_word' id='word_1_135' title='bbox 1149 273 1212 304; x_wconf 79' lang='grc' dir='ltr'>τοὺς</span> <span class='ocrx_word' id='word_1_136' title='bbox 1226 273 1301 305; x_wconf 84' lang='grc' dir='ltr'>υἱοὺς</span> <span class='ocrx_word' id='word_1_137' title='bbox 1324 272 1432 309; x_wconf 78' lang='grc' dir='ltr'>Ἰσραὴλ</span> <span class='ocrx_word' id='word_1_138' title='bbox 1447 274 1475 300; x_wconf 75' lang='grc' dir='ltr'>ἐν</span> <span class='ocrx_word' id='word_1_139' title='bbox 1485 275 1517 309; x_wconf 81' lang='grc' dir='ltr'><strong>τῇ</strong></span> <span class='ocrx_word' id='word_1_140' title='bbox 1529 274 1625 310; x_wconf 72' lang='grc' dir='ltr'>ἐρήμῳ</span> <span class='ocrx_word' id='word_1_141' title='bbox 1639 273 1715 309; x_wconf 73' lang='grc' dir='ltr'>Σινᾷ,</span> <span class='ocrx_word' id='word_1_142' title='bbox 1732 274 1774 300; x_wconf 69' lang='grc' dir='ltr'>ᾶτι</span> <span class='ocrx_word' id='word_1_143' title='bbox 1788 271 1851 300; x_wconf 76' lang='grc' dir='ltr'>εἷπε</span> 
     </span>
    </p>
   </div>
   <div class='ocr_carea' id='block_1_21' title="bbox 1056 318 1849 356">
    <p class='ocr_par' dir='ltr' id='par_1_21' title="bbox 1056 318 1849 356">
     <span class='ocr_line' id='line_1_21' title="bbox 1056 318 1849 356; baseline 0.003 -11"><span class='ocrx_word' id='word_1_144' title='bbox 1056 318 1158 354; x_wconf 72' lang='grc' dir='ltr'>Κύριος</span> <span class='ocrx_word' id='word_1_145' title='bbox 1174 319 1274 350; x_wconf 74' lang='grc' dir='ltr'>αὐτοῖς·</span> <span class='ocrx_word' id='word_1_146' title='bbox 1290 318 1404 354; x_wconf 78' lang='grc' dir='ltr'><strong>Θανάτῳ</strong></span> <span class='ocrx_word' id='word_1_147' title='bbox 1423 319 1621 347; x_wconf 79' lang='grc' dir='ltr'><strong>ἀποθανοῦνται</strong></span> <span class='ocrx_word' id='word_1_148' title='bbox 1637 321 1667 346; x_wconf 80' lang='grc' dir='ltr'>ὲν</span> <span class='ocrx_word' id='word_1_149' title='bbox 1684 321 1718 356; x_wconf 75' lang='grc' dir='ltr'>τῇ</span> <span class='ocrx_word' id='word_1_150' title='bbox 1738 319 1849 356; x_wconf 79' lang='grc' dir='ltr'>ἐρήμῳ,</span> 
     </span>
    </p>
   </div>
   <div class='ocr_carea' id='block_1_22' title="bbox 1056 363 1850 402">
    <p class='ocr_par' dir='ltr' id='par_1_22' title="bbox 1056 363 1850 402">
     <span class='ocr_line' id='line_1_22' title="bbox 1056 363 1850 402; baseline 0.001 -11"><span class='ocrx_word' id='word_1_151' title='bbox 1056 365 1103 391; x_wconf 80' lang='grc' dir='ltr'>καὶ</span> <span class='ocrx_word' id='word_1_152' title='bbox 1119 365 1150 391; x_wconf 80' lang='grc' dir='ltr'>οὺ</span> <span class='ocrx_word' id='word_1_153' title='bbox 1163 365 1328 401; x_wconf 74' lang='grc' dir='ltr'><strong>κατελείφθη</strong></span> <span class='ocrx_word' id='word_1_154' title='bbox 1347 365 1376 398; x_wconf 77' lang='grc' dir='ltr'><strong>ἐξ</strong></span> <span class='ocrx_word' id='word_1_155' title='bbox 1395 366 1485 393; x_wconf 80' lang='grc' dir='ltr'>αὐτῶν</span> <span class='ocrx_word' id='word_1_156' title='bbox 1500 366 1559 393; x_wconf 77' lang='grc' dir='ltr'><strong>οὐδὲ</strong></span> <span class='ocrx_word' id='word_1_157' title='bbox 1571 363 1629 399; x_wconf 73' lang='grc' dir='ltr'>εἷς,</span> <span class='ocrx_word' id='word_1_158' title='bbox 1644 365 1714 402; x_wconf 80' lang='grc' dir='ltr'>πλὴν</span> <span class='ocrx_word' id='word_1_159' title='bbox 1730 365 1822 393; x_wconf 77' lang='grc' dir='ltr'>Χαλὲὸ</span> <span class='ocrx_word' id='word_1_160' title='bbox 1833 366 1850 392; x_wconf 80' lang='grc'>6</span> 
     </span>
    </p>
   </div>
   <div class='ocr_carea' id='block_1_23' title="bbox 1054 411 1850 448">
    <p class='ocr_par' dir='ltr' id='par_1_23' title="bbox 1054 411 1850 448">
     <span class='ocr_line' id='line_1_23' title="bbox 1054 411 1850 448; baseline 0.004 -11"><span class='ocrx_word' id='word_1_161' title='bbox 1054 411 1112 442; x_wconf 74' lang='grc' dir='ltr'>υίὸς</span> <span class='ocrx_word' id='word_1_162' title='bbox 1135 411 1237 447; x_wconf 79' lang='grc' dir='ltr'>Ἰεφονῆ</span> <span class='ocrx_word' id='word_1_163' title='bbox 1247 431 1255 444; x_wconf 83' lang='grc'><strong>,</strong></span> <span class='ocrx_word' id='word_1_164' title='bbox 1271 413 1319 438; x_wconf 77' lang='grc' dir='ltr'>καὶ</span> <span class='ocrx_word' id='word_1_165' title='bbox 1340 411 1442 447; x_wconf 78' lang='grc' dir='ltr'>Ἰησοῦς</span> <span class='ocrx_word' id='word_1_166' title='bbox 1455 412 1469 438; x_wconf 82' lang='grc' dir='ltr'><strong>ὁ</strong></span> <span class='ocrx_word' id='word_1_167' title='bbox 1489 412 1536 439; x_wconf 78' lang='grc' dir='ltr'>τοῦ</span> <span class='ocrx_word' id='word_1_168' title='bbox 1552 412 1646 447; x_wconf 80' lang='grc' dir='ltr'>Ναυῆ·</span> <span class='ocrx_word' id='word_1_169' title='bbox 1662 412 1850 448; x_wconf 76' lang='grc' dir='ltr'>παραδεικνὺς</span> 
     </span>
    </p>
   </div>
   <div class='ocr_carea' id='block_1_24' title="bbox 1055 456 1848 494">
    <p class='ocr_par' dir='ltr' id='par_1_24' title="bbox 1055 456 1848 494">
     <span class='ocr_line' id='line_1_24' title="bbox 1055 456 1848 494; baseline 0.001 -11"><span class='ocrx_word' id='word_1_170' title='bbox 1055 456 1189 493; x_wconf 76' lang='grc' dir='ltr'><strong>ἐναργῶς,</strong></span> <span class='ocrx_word' id='word_1_171' title='bbox 1206 457 1249 484; x_wconf 79' lang='grc' dir='ltr'>ὅτι</span> <span class='ocrx_word' id='word_1_172' title='bbox 1277 457 1315 493; x_wconf 79' lang='grc' dir='ltr'>μὴ</span> <span class='ocrx_word' id='word_1_173' title='bbox 1341 459 1397 489; x_wconf 84' lang='grc' dir='ltr'>τοῖς</span> <span class='ocrx_word' id='word_1_174' title='bbox 1415 458 1598 494; x_wconf 80' lang='grc' dir='ltr'>ἀπειθήσασιν</span> <span class='ocrx_word' id='word_1_175' title='bbox 1616 460 1632 494; x_wconf 87' lang='grc' dir='ltr'><strong>ἠ</strong></span> <span class='ocrx_word' id='word_1_176' title='bbox 1659 458 1848 494; x_wconf 78' lang='grc' dir='ltr'>κληρονομία,</span> 
     </span>
    </p>
   </div>
   <div class='ocr_carea' id='block_1_25' title="bbox 1053 503 1848 541">
    <p class='ocr_par' dir='ltr' id='par_1_25' title="bbox 1053 503 1848 541">
     <span class='ocr_line' id='line_1_25' title="bbox 1053 503 1848 541; baseline 0.001 -11"><span class='ocrx_word' id='word_1_177' title='bbox 1053 504 1102 530; x_wconf 76' lang='grc' dir='ltr'>καὶ</span> <span class='ocrx_word' id='word_1_178' title='bbox 1118 505 1148 530; x_wconf 86' lang='grc' dir='ltr'>τὸ</span> <span class='ocrx_word' id='word_1_179' title='bbox 1163 505 1192 531; x_wconf 78' lang='grc' dir='ltr'>ὲν</span> <span class='ocrx_word' id='word_1_180' title='bbox 1208 503 1292 540; x_wconf 77' lang='grc' dir='ltr'>βίϐλῳ</span> <span class='ocrx_word' id='word_1_181' title='bbox 1304 504 1458 541; x_wconf 73' lang='grc' dir='ltr'><strong>γεγράφθαι</strong></span> <span class='ocrx_word' id='word_1_182' title='bbox 1474 505 1558 532; x_wconf 83' lang='grc' dir='ltr'>Θεοῦ·</span> <span class='ocrx_word' id='word_1_183' title='bbox 1574 504 1677 541; x_wconf 80' lang='grc' dir='ltr'>πρέποι</span> <span class='ocrx_word' id='word_1_184' title='bbox 1687 504 1710 531; x_wconf 81' lang='grc' dir='ltr'><strong>δ’</strong></span> <span class='ocrx_word' id='word_1_185' title='bbox 1726 504 1761 531; x_wconf 83' lang='grc' dir='ltr'>ἂν</span> <span class='ocrx_word' id='word_1_186' title='bbox 1780 505 1848 540; x_wconf 78' lang='grc' dir='ltr'>μᾶλ-</span> 
     </span>
    </p>
   </div>
   <div class='ocr_carea' id='block_1_26' title="bbox 1053 550 1847 587">
    <p class='ocr_par' dir='ltr' id='par_1_26' title="bbox 1053 550 1847 587">
     <span class='ocr_line' id='line_1_26' title="bbox 1053 550 1847 587; baseline -0.001 -9"><span class='ocrx_word' id='word_1_187' title='bbox 1053 550 1099 578; x_wconf 88' lang='grc' dir='ltr'><strong>λον</strong></span> <span class='ocrx_word' id='word_1_188' title='bbox 1120 552 1178 583; x_wconf 84' lang='grc' dir='ltr'>τοῖς</span> <span class='ocrx_word' id='word_1_189' title='bbox 1197 550 1247 587; x_wconf 83' lang='grc' dir='ltr'>τὴν</span> <span class='ocrx_word' id='word_1_190' title='bbox 1265 551 1357 579; x_wconf 83' lang='grc' dir='ltr'>πίστιν</span> <span class='ocrx_word' id='word_1_191' title='bbox 1368 551 1598 586; x_wconf 75' lang='grc' dir='ltr'>εἰσδεδεγμένοις,</span> <span class='ocrx_word' id='word_1_192' title='bbox 1613 551 1692 586; x_wconf 83' lang='grc' dir='ltr'>δῆλον</span> <span class='ocrx_word' id='word_1_193' title='bbox 1703 551 1732 577; x_wconf 76' lang='grc' dir='ltr'><strong>δὲ</strong></span> <span class='ocrx_word' id='word_1_194' title='bbox 1747 550 1847 586; x_wconf 57' lang='lat' dir='ltr'><strong>sum</strong></span> 
     </span>
    </p>
   </div>
   <div class='ocr_carea' id='block_1_27' title="bbox 1055 595 1846 634">
    <p class='ocr_par' dir='ltr' id='par_1_27' title="bbox 1055 595 1846 634">
     <span class='ocr_line' id='line_1_27' title="bbox 1055 595 1846 634; baseline -0.003 -10"><span class='ocrx_word' id='word_1_195' title='bbox 1055 599 1084 624; x_wconf 81' lang='grc' dir='ltr'>ὲν</span> <span class='ocrx_word' id='word_1_196' title='bbox 1107 597 1234 633; x_wconf 83' lang='grc' dir='ltr'>Χριστῷ·</span> <span class='ocrx_word' id='word_1_197' title='bbox 1258 597 1323 634; x_wconf 77' lang='grc' dir='ltr'>περὶ</span> <span class='ocrx_word' id='word_1_198' title='bbox 1348 596 1397 632; x_wconf 70' lang='grc' dir='ltr'>μὲν</span> <span class='ocrx_word' id='word_1_199' title='bbox 1420 596 1475 632; x_wconf 86' lang='grc' dir='ltr'><strong>γὰρ</strong></span> <span class='ocrx_word' id='word_1_200' title='bbox 1500 596 1555 623; x_wconf 81' lang='grc' dir='ltr'><strong>τῶν</strong></span> <span class='ocrx_word' id='word_1_201' title='bbox 1582 595 1778 632; x_wconf 80' lang='grc' dir='ltr'>ὴπειθηκότων</span> <span class='ocrx_word' id='word_1_202' title='bbox 1805 595 1846 629; x_wconf 81' lang='grc' dir='ltr'>τὸ,</span> 
     </span>
    </p>
   </div>
   <div class='ocr_carea' id='block_1_28' title="bbox 1057 641 1848 678">
    <p class='ocr_par' dir='ltr' id='par_1_28' title="bbox 1057 641 1848 678">
     <span class='ocr_line' id='line_1_28' title="bbox 1057 641 1848 678; baseline -0.004 -8"><span class='ocrx_word' id='word_1_203' title='bbox 1057 653 1067 669; x_wconf 79' lang='grc' dir='ltr'><strong>ι</strong></span> <span class='ocrx_word' id='word_1_204' title='bbox 1095 642 1349 678; x_wconf 75' lang='grc' dir='ltr'>Ἐξαλειφθήτωσαν</span> <span class='ocrx_word' id='word_1_205' title='bbox 1377 643 1410 669; x_wconf 82' lang='grc' dir='ltr'>ὲκ</span> <span class='ocrx_word' id='word_1_206' title='bbox 1435 641 1528 678; x_wconf 81' lang='grc' dir='ltr'>βιὸλου</span> <span class='ocrx_word' id='word_1_207' title='bbox 1558 641 1677 675; x_wconf 79' lang='grc' dir='ltr'><strong>ζώντων,</strong></span> <span class='ocrx_word' id='word_1_208' title='bbox 1706 641 1755 668; x_wconf 75' lang='grc' dir='ltr'>καὶ</span> <span class='ocrx_word' id='word_1_209' title='bbox 1781 641 1848 675; x_wconf 83' lang='grc' dir='ltr'>μετὰ</span> 
     </span>
    </p>
   </div>
   <div class='ocr_carea' id='block_1_29' title="bbox 1054 687 1847 725">
    <p class='ocr_par' dir='ltr' id='par_1_29' title="bbox 1054 687 1847 725">
     <span class='ocr_line' id='line_1_29' title="bbox 1054 687 1847 725; baseline -0.003 -9"><span class='ocrx_word' id='word_1_210' title='bbox 1054 690 1166 717; x_wconf 84' lang='grc' dir='ltr'>δικαίων</span> <span class='ocrx_word' id='word_1_211' title='bbox 1185 689 1223 725; x_wconf 84' lang='grc' dir='ltr'>μὴ</span> <span class='ocrx_word' id='word_1_212' title='bbox 1245 690 1448 725; x_wconf 82' lang='grc' dir='ltr'>γραφήτωσαν,</span> <span class='ocrx_word' id='word_1_213' title='bbox 1472 698 1482 715; x_wconf 75' lang='grc' dir='ltr'><strong>ι</strong></span> <span class='ocrx_word' id='word_1_214' title='bbox 1496 689 1511 716; x_wconf 78' lang='grc' dir='ltr'><strong>ὁ</strong></span> <span class='ocrx_word' id='word_1_215' title='bbox 1523 688 1668 720; x_wconf 78' lang='grc' dir='ltr'><strong>θεσπέσιος</strong></span> <span class='ocrx_word' id='word_1_216' title='bbox 1684 687 1739 723; x_wconf 68' lang='grc' dir='ltr'><strong>ἔφη</strong></span> <span class='ocrx_word' id='word_1_217' title='bbox 1755 687 1847 714; x_wconf 78' lang='grc' dir='ltr'><strong>Δαϐιδ.</strong></span> 
     </span>
    </p>
   </div>
   <div class='ocr_carea' id='block_1_30' title="bbox 1061 733 1848 771">
    <p class='ocr_par' dir='ltr' id='par_1_30' title="bbox 1061 733 1848 771">
     <span class='ocr_line' id='line_1_30' title="bbox 1061 733 1848 771; baseline -0.006 -8"><span class='ocrx_word' id='word_1_218' title='bbox 1061 735 1243 771; x_wconf 78' lang='grc' dir='ltr'>’Υπεμφαίνει</span> <span class='ocrx_word' id='word_1_219' title='bbox 1259 735 1288 762; x_wconf 76' lang='grc' dir='ltr'><strong>δὲ</strong></span> <span class='ocrx_word' id='word_1_220' title='bbox 1301 735 1366 771; x_wconf 81' lang='grc' dir='ltr'>ἡμῖν</span> <span class='ocrx_word' id='word_1_221' title='bbox 1380 735 1428 762; x_wconf 75' lang='grc' dir='ltr'>καὶ</span> <span class='ocrx_word' id='word_1_222' title='bbox 1440 735 1472 761; x_wconf 81' lang='grc' dir='ltr'><strong>τὺ</strong></span> <span class='ocrx_word' id='word_1_223' title='bbox 1490 733 1561 761; x_wconf 85' lang='grc' dir='ltr'>θεῖον</span> <span class='ocrx_word' id='word_1_224' title='bbox 1574 735 1604 761; x_wconf 84' lang='grc' dir='ltr'>ὲν</span> <span class='ocrx_word' id='word_1_225' title='bbox 1619 734 1725 765; x_wconf 74' lang='grc' dir='ltr'>τούτοις</span> <span class='ocrx_word' id='word_1_226' title='bbox 1747 733 1848 767; x_wconf 79' lang='grc' dir='ltr'>λόγιον,</span> 
     </span>
    </p>
   </div>
   <div class='ocr_carea' id='block_1_31' title="bbox 1054 778 1849 817">
    <p class='ocr_par' dir='ltr' id='par_1_31' title="bbox 1054 778 1849 817">
     <span class='ocr_line' id='line_1_31' title="bbox 1054 778 1849 817; baseline -0.005 -9"><span class='ocrx_word' id='word_1_227' title='bbox 1054 782 1095 808; x_wconf 73' lang='grc' dir='ltr'><strong>ὅτι</strong></span> <span class='ocrx_word' id='word_1_228' title='bbox 1114 783 1172 813; x_wconf 75' lang='grc' dir='ltr'>τοῖς</span> <span class='ocrx_word' id='word_1_229' title='bbox 1194 781 1370 808; x_wconf 75' lang='grc' dir='ltr'><strong>πιστεύουσιν</strong></span> <span class='ocrx_word' id='word_1_230' title='bbox 1393 782 1410 817; x_wconf 81' lang='grc' dir='ltr'>ὴ</span> <span class='ocrx_word' id='word_1_231' title='bbox 1431 780 1529 816; x_wconf 82' lang='grc' dir='ltr'>χάρις·</span> <span class='ocrx_word' id='word_1_232' title='bbox 1556 779 1600 807; x_wconf 79' lang='grc' dir='ltr'><strong>διὰ</strong></span> <span class='ocrx_word' id='word_1_233' title='bbox 1627 780 1682 816; x_wconf 83' lang='grc' dir='ltr'>γάρ</span> <span class='ocrx_word' id='word_1_234' title='bbox 1702 787 1745 806; x_wconf 89' lang='grc' dir='ltr'><strong>τοι</strong></span> <span class='ocrx_word' id='word_1_235' title='bbox 1771 778 1849 805; x_wconf 77' lang='grc' dir='ltr'>τοῦτο</span> 
     </span>
    </p>
   </div>
   <div class='ocr_carea' id='block_1_32' title="bbox 1055 825 1850 863">
    <p class='ocr_par' dir='ltr' id='par_1_32' title="bbox 1055 825 1850 863">
     <span class='ocr_line' id='line_1_32' title="bbox 1055 825 1850 863; baseline -0.004 -9"><span class='ocrx_word' id='word_1_236' title='bbox 1055 827 1123 862; x_wconf 72' lang='grc' dir='ltr'>πρὸς</span> <span class='ocrx_word' id='word_1_237' title='bbox 1145 826 1184 862; x_wconf 84' lang='grc' dir='ltr'>τῷ</span> <span class='ocrx_word' id='word_1_238' title='bbox 1215 826 1334 863; x_wconf 79' lang='grc' dir='ltr'><strong>Ἰορδάνῃ</strong></span> <span class='ocrx_word' id='word_1_239' title='bbox 1362 826 1411 862; x_wconf 84' lang='grc' dir='ltr'>τὴν</span> <span class='ocrx_word' id='word_1_240' title='bbox 1439 826 1601 862; x_wconf 83' lang='grc' dir='ltr'>ἀπογραφὴν</span> <span class='ocrx_word' id='word_1_241' title='bbox 1627 825 1757 860; x_wconf 82' lang='grc' dir='ltr'>γενέσθαι</span> <span class='ocrx_word' id='word_1_242' title='bbox 1784 825 1850 860; x_wconf 75' lang='grc' dir='ltr'>φησὶ</span> 
     </span>
    </p>
   </div>
   <div class='ocr_carea' id='block_1_33' title="bbox 1057 871 1846 909">
    <p class='ocr_par' dir='ltr' id='par_1_33' title="bbox 1057 871 1846 909">
     <span class='ocr_line' id='line_1_33' title="bbox 1057 871 1846 909; baseline -0.005 -9"><span class='ocrx_word' id='word_1_243' title='bbox 1057 872 1196 909; x_wconf 78' lang='grc' dir='ltr'><strong>μυστικῶς</strong></span> <span class='ocrx_word' id='word_1_244' title='bbox 1210 874 1224 900; x_wconf 83' lang='grc' dir='ltr'>ὁ</span> <span class='ocrx_word' id='word_1_245' title='bbox 1234 873 1322 907; x_wconf 76' lang='grc' dir='ltr'>λόγος’</span> <span class='ocrx_word' id='word_1_246' title='bbox 1335 872 1511 908; x_wconf 75' lang='grc' dir='ltr'><strong>ἀνάγραπτος</strong></span> <span class='ocrx_word' id='word_1_247' title='bbox 1524 872 1579 908; x_wconf 77' lang='grc' dir='ltr'><strong>γὰρ</strong></span> <span class='ocrx_word' id='word_1_248' title='bbox 1589 872 1604 898; x_wconf 78' lang='grc' dir='ltr'>ὁ</span> <span class='ocrx_word' id='word_1_249' title='bbox 1618 871 1846 907; x_wconf 75' lang='grc' dir='ltr'>βεϐαπτισμένος·</span> 
     </span>
    </p>
   </div>
   <div class='ocr_carea' id='block_1_34' title="bbox 211 915 1006 957">
    <p class='ocr_par' dir='ltr' id='par_1_34' title="bbox 211 916 1004 957">
     <span class='ocr_line' id='line_1_34' title="bbox 211 916 1004 957; baseline 0.006 -13"><span class='ocrx_word' id='word_1_250' title='bbox 211 916 341 945; x_wconf 82' lang='lat' dir='ltr'><strong>dentibus</strong></span> <span class='ocrx_word' id='word_1_251' title='bbox 353 918 415 946; x_wconf 84' lang='lat' dir='ltr'><strong>dari</strong></span> <span class='ocrx_word' id='word_1_252' title='bbox 427 920 542 954; x_wconf 78' lang='lat' dir='ltr'><strong>gratiam</strong></span> <span class='ocrx_word' id='word_1_253' title='bbox 563 928 569 946; x_wconf 76' lang='grc' dir='ltr'>ε</span> <span class='ocrx_word' id='word_1_254' title='bbox 584 920 702 955; x_wconf 85' lang='lat' dir='ltr'><strong>ideoque</strong></span> <span class='ocrx_word' id='word_1_255' title='bbox 722 921 837 957; x_wconf 75' lang='lat' dir='ltr'><strong>mystice</strong></span> <span class='ocrx_word' id='word_1_256' title='bbox 861 920 1004 956; x_wconf 81' lang='lat' dir='ltr'><strong>Scriptura</strong></span> 
     </span>
    </p>
   </div>
   <div class='ocr_carea' id='block_1_35' title="bbox 1063 915 1850 957">
    <p class='ocr_par' dir='ltr' id='par_1_35' title="bbox 1063 917 1850 955">
     <span class='ocr_line' id='line_1_35' title="bbox 1063 917 1850 955; baseline -0.001 -9"><span class='ocrx_word' id='word_1_257' title='bbox 1063 919 1125 955; x_wconf 70' lang='grc' dir='ltr'>πλὴν</span> <span class='ocrx_word' id='word_1_258' title='bbox 1149 920 1201 955; x_wconf 85' lang='grc' dir='ltr'><strong>οὺχ</strong></span> <span class='ocrx_word' id='word_1_259' title='bbox 1225 919 1380 955; x_wconf 79' lang='grc' dir='ltr'><strong>ὁλοκλήρως</strong></span> <span class='ocrx_word' id='word_1_260' title='bbox 1405 919 1590 946; x_wconf 77' lang='grc' dir='ltr'>ἁποπέπτωκε</span> <span class='ocrx_word' id='word_1_261' title='bbox 1617 918 1667 953; x_wconf 85' lang='grc' dir='ltr'>τῆς</span> <span class='ocrx_word' id='word_1_262' title='bbox 1697 917 1807 949; x_wconf 69' lang='grc' dir='ltr'>ἐλπίδος</span> <span class='ocrx_word' id='word_1_263' title='bbox 1836 919 1850 945; x_wconf 80' lang='grc' dir='ltr'><strong><em>ὸ</em></strong></span> 
     </span>
    </p>
   </div>
   <div class='ocr_carea' id='block_1_36' title="bbox 212 963 1002 1002">
    <p class='ocr_par' dir='ltr' id='par_1_36' title="bbox 212 963 1002 1002">
     <span class='ocr_line' id='line_1_36' title="bbox 212 963 1002 1002; baseline 0.005 -12"><span class='ocrx_word' id='word_1_264' title='bbox 212 963 290 996; x_wconf 82' lang='lat' dir='ltr'><strong>dicit,</strong></span> <span class='ocrx_word' id='word_1_265' title='bbox 309 972 394 1000; x_wconf 86' lang='lat' dir='ltr'><strong>prope</strong></span> <span class='ocrx_word' id='word_1_266' title='bbox 405 964 553 993; x_wconf 82' lang='lat' dir='ltr'><strong>Jordanem</strong></span> <span class='ocrx_word' id='word_1_267' title='bbox 571 965 671 994; x_wconf 83' lang='lat' dir='ltr'><strong>factam</strong></span> <span class='ocrx_word' id='word_1_268' title='bbox 687 973 749 994; x_wconf 86' lang='lat' dir='ltr'><strong>esse</strong></span> <span class='ocrx_word' id='word_1_269' title='bbox 769 966 1002 1002; x_wconf 81' lang='lat' dir='ltr'><strong>descriptionem;</strong></span> 
     </span>
    </p>
   </div>
   <div class='ocr_carea' id='block_1_37' title="bbox 212 1009 1005 1047">
    <p class='ocr_par' dir='ltr' id='par_1_37' title="bbox 212 1009 1005 1047">
     <span class='ocr_line' id='line_1_37' title="bbox 212 1009 1005 1047; baseline 0.005 -11"><span class='ocrx_word' id='word_1_270' title='bbox 212 1009 237 1036; x_wconf 82' lang='lat' dir='ltr'><strong>is</strong></span> <span class='ocrx_word' id='word_1_271' title='bbox 250 1010 325 1037; x_wconf 86' lang='lat' dir='ltr'><strong>enim</strong></span> <span class='ocrx_word' id='word_1_272' title='bbox 354 1010 533 1043; x_wconf 81' lang='lat' dir='ltr'><strong>describitur,</strong></span> <span class='ocrx_word' id='word_1_273' title='bbox 549 1011 596 1046; x_wconf 91' lang='lat' dir='ltr'><strong>qui</strong></span> <span class='ocrx_word' id='word_1_274' title='bbox 617 1011 772 1047; x_wconf 81' lang='lat' dir='ltr'><strong>baptizatus</strong></span> <span class='ocrx_word' id='word_1_275' title='bbox 791 1011 884 1040; x_wconf 80' lang='lat' dir='ltr'><strong>fuerit.</strong></span> <span class='ocrx_word' id='word_1_276' title='bbox 909 1011 1005 1047; x_wconf 81' lang='lat' dir='ltr'><strong>Neque</strong></span> 
     </span>
    </p>
   </div>
   <div class='ocr_carea' id='block_1_38' title="bbox 212 1055 1005 1092">
    <p class='ocr_par' dir='ltr' id='par_1_38' title="bbox 212 1055 1005 1092">
     <span class='ocr_line' id='line_1_38' title="bbox 212 1055 1005 1092; baseline 0.003 -8"><span class='ocrx_word' id='word_1_277' title='bbox 212 1061 303 1084; x_wconf 81' lang='lat' dir='ltr'><strong>tamen</strong></span> <span class='ocrx_word' id='word_1_278' title='bbox 319 1055 465 1083; x_wconf 79' lang='lat' dir='ltr'><strong>universus</strong></span> <span class='ocrx_word' id='word_1_279' title='bbox 481 1056 563 1084; x_wconf 84' lang='lat' dir='ltr'><strong>Israel</strong></span> <span class='ocrx_word' id='word_1_280' title='bbox 577 1064 626 1092; x_wconf 88' lang='lat' dir='ltr'><strong>spe</strong></span> <span class='ocrx_word' id='word_1_281' title='bbox 651 1057 763 1085; x_wconf 84' lang='lat' dir='ltr'><strong>excidit.</strong></span> <span class='ocrx_word' id='word_1_282' title='bbox 784 1057 905 1086; x_wconf 57' lang='lat' dir='ltr'><strong>Servata;</strong></span> <span class='ocrx_word' id='word_1_283' title='bbox 925 1066 1005 1085; x_wconf 80' lang='lat' dir='ltr'><strong>nam-</strong></span> 
     </span>
    </p>
   </div>
   <div class='ocr_carea' id='block_1_39' title="bbox 210 1102 1005 1140">
    <p class='ocr_par' dir='ltr' id='par_1_39' title="bbox 210 1102 1005 1140">
     <span class='ocr_line' id='line_1_39' title="bbox 210 1102 1005 1140; baseline 0.005 -12"><span class='ocrx_word' id='word_1_284' title='bbox 210 1109 264 1136; x_wconf 91' lang='lat' dir='ltr'><strong>que</strong></span> <span class='ocrx_word' id='word_1_285' title='bbox 281 1106 346 1129; x_wconf 79' lang='lat' dir='ltr'><strong>sunt</strong></span> <span class='ocrx_word' id='word_1_286' title='bbox 363 1102 496 1137; x_wconf 74' lang='lat' dir='ltr'><strong>reliquim,</strong></span> <span class='ocrx_word' id='word_1_287' title='bbox 508 1103 586 1138; x_wconf 88' lang='lat' dir='ltr'><strong>juxta</strong></span> <span class='ocrx_word' id='word_1_288' title='bbox 603 1103 745 1138; x_wconf 65' lang='lat' dir='ltr'><strong>prophetae</strong></span> <span class='ocrx_word' id='word_1_289' title='bbox 757 1112 854 1132; x_wconf 85' lang='lat' dir='ltr'><strong>vocem</strong></span> <span class='ocrx_word' id='word_1_290' title='bbox 867 1104 890 1120; x_wconf 73' lang='lat'>“</span> <span class='ocrx_word' id='word_1_291' title='bbox 904 1113 911 1132; x_wconf 85' lang='lat'><strong>:</strong></span> <span class='ocrx_word' id='word_1_292' title='bbox 924 1105 1005 1140; x_wconf 79' lang='lat' dir='ltr'><strong>cujus</strong></span> 
     </span>
    </p>
   </div>
   <div class='ocr_carea' id='block_1_40' title="bbox 212 1146 1006 1183">
    <p class='ocr_par' dir='ltr' id='par_1_40' title="bbox 212 1146 1006 1183">
     <span class='ocr_line' id='line_1_40' title="bbox 212 1146 1006 1183; baseline 0.005 -9"><span class='ocrx_word' id='word_1_293' title='bbox 212 1147 251 1174; x_wconf 88' lang='lat' dir='ltr'><strong>rei</strong></span> <span class='ocrx_word' id='word_1_294' title='bbox 266 1146 379 1182; x_wconf 78' lang='lat' dir='ltr'><strong>ﬁguram</strong></span> <span class='ocrx_word' id='word_1_295' title='bbox 397 1153 497 1183; x_wconf 78' lang='lat' dir='ltr'><strong>gerunt</strong></span> <span class='ocrx_word' id='word_1_296' title='bbox 507 1148 591 1176; x_wconf 84' lang='lat' dir='ltr'><strong>Caieb</strong></span> <span class='ocrx_word' id='word_1_297' title='bbox 611 1154 638 1177; x_wconf 87' lang='lat' dir='ltr'><strong>et</strong></span> <span class='ocrx_word' id='word_1_298' title='bbox 653 1149 743 1182; x_wconf 81' lang='lat' dir='ltr'><strong>Jesus,</strong></span> <span class='ocrx_word' id='word_1_299' title='bbox 757 1149 809 1177; x_wconf 87' lang='lat' dir='ltr'><strong>soli</strong></span> <span class='ocrx_word' id='word_1_300' title='bbox 824 1157 858 1177; x_wconf 88' lang='lat' dir='ltr'><strong>ex</strong></span> <span class='ocrx_word' id='word_1_301' title='bbox 875 1150 1006 1178; x_wconf 83' lang='lat' dir='ltr'><strong>omnibus</strong></span> 
     </span>
    </p>
   </div>
   <div class='ocr_carea' id='block_1_41' title="bbox 211 1195 1006 1232">
    <p class='ocr_par' dir='ltr' id='par_1_41' title="bbox 211 1195 1006 1232">
     <span class='ocr_line' id='line_1_41' title="bbox 211 1195 1006 1232; baseline 0.004 -10"><span class='ocrx_word' id='word_1_302' title='bbox 211 1195 319 1225; x_wconf 86' lang='lat' dir='ltr'><strong>relicti.</strong></span> <span class='ocrx_word' id='word_1_303' title='bbox 343 1196 390 1231; x_wconf 87' lang='lat' dir='ltr'><strong>qui</strong></span> <span class='ocrx_word' id='word_1_304' title='bbox 418 1195 590 1223; x_wconf 65' lang='lat' dir='ltr'><strong>haereditaria</strong></span> <span class='ocrx_word' id='word_1_305' title='bbox 613 1196 660 1223; x_wconf 87' lang='lat' dir='ltr'><strong>illa</strong></span> <span class='ocrx_word' id='word_1_306' title='bbox 678 1200 752 1224; x_wconf 84' lang='lat' dir='ltr'><strong>sorte</strong></span> <span class='ocrx_word' id='word_1_307' title='bbox 774 1198 947 1232; x_wconf 84' lang='lat' dir='ltr'><strong>potirentur,</strong></span> <span class='ocrx_word' id='word_1_308' title='bbox 977 1202 1006 1225; x_wconf 90' lang='lat' dir='ltr'><strong>et</strong></span> 
     </span>
    </p>
   </div>
   <div class='ocr_carea' id='block_1_42' title="bbox 211 1240 1004 1277">
    <p class='ocr_par' dir='ltr' id='par_1_42' title="bbox 211 1240 1004 1277">
     <span class='ocr_line' id='line_1_42' title="bbox 211 1240 1004 1277; baseline 0.004 -9"><span class='ocrx_word' id='word_1_309' title='bbox 211 1240 436 1269; x_wconf 85' lang='lat' dir='ltr'><strong>describerentur</strong></span> <span class='ocrx_word' id='word_1_310' title='bbox 450 1249 504 1269; x_wconf 89' lang='lat' dir='ltr'><strong>una</strong></span> <span class='ocrx_word' id='word_1_311' title='bbox 516 1250 579 1269; x_wconf 89' lang='lat' dir='ltr'><strong>cum</strong></span> <span class='ocrx_word' id='word_1_312' title='bbox 593 1242 627 1270; x_wconf 88' lang='lat' dir='ltr'><strong>iis</strong></span> <span class='ocrx_word' id='word_1_313' title='bbox 640 1243 688 1277; x_wconf 89' lang='lat' dir='ltr'><strong>qui</strong></span> <span class='ocrx_word' id='word_1_314' title='bbox 704 1243 874 1271; x_wconf 78' lang='lat' dir='ltr'><strong>inﬁdelitatis</strong></span> <span class='ocrx_word' id='word_1_315' title='bbox 887 1243 1004 1271; x_wconf 89' lang='lat' dir='ltr'><strong>crimine</strong></span> 
     </span>
    </p>
   </div>
   <div class='ocr_carea' id='block_1_43' title="bbox 210 1287 1006 1324">
    <p class='ocr_par' dir='ltr' id='par_1_43' title="bbox 210 1287 1006 1324">
     <span class='ocr_line' id='line_1_43' title="bbox 210 1287 1006 1324; baseline 0.005 -10"><span class='ocrx_word' id='word_1_316' title='bbox 210 1295 268 1315; x_wconf 90' lang='lat' dir='ltr'><strong>non</strong></span> <span class='ocrx_word' id='word_1_317' title='bbox 281 1287 457 1315; x_wconf 86' lang='lat' dir='ltr'><strong>tenebantur.</strong></span> <span class='ocrx_word' id='word_1_318' title='bbox 472 1288 667 1316; x_wconf 75' lang='lat' dir='ltr'><strong>Animadverte</strong></span> <span class='ocrx_word' id='word_1_319' title='bbox 679 1292 771 1316; x_wconf 84' lang='lat' dir='ltr'><strong>autem</strong></span> <span class='ocrx_word' id='word_1_320' title='bbox 784 1289 889 1324; x_wconf 85' lang='lat' dir='ltr'><strong>ubique</strong></span> <span class='ocrx_word' id='word_1_321' title='bbox 897 1294 1006 1318; x_wconf 85' lang='lat' dir='ltr'><strong>sancto-</strong></span> 
     </span>
    </p>
   </div>
   <div class='ocr_carea' id='block_1_44' title="bbox 210 1334 1007 1370">
    <p class='ocr_par' dir='ltr' id='par_1_44' title="bbox 210 1334 1007 1370">
     <span class='ocr_line' id='line_1_44' title="bbox 210 1334 1007 1370; baseline 0.004 -9"><span class='ocrx_word' id='word_1_322' title='bbox 210 1342 273 1361; x_wconf 87' lang='lat' dir='ltr'><strong>rum</strong></span> <span class='ocrx_word' id='word_1_323' title='bbox 286 1334 428 1362; x_wconf 87' lang='lat' dir='ltr'><strong>hominum</strong></span> <span class='ocrx_word' id='word_1_324' title='bbox 441 1335 656 1370; x_wconf 84' lang='lat' dir='ltr'><strong>descriptionem</strong></span> <span class='ocrx_word' id='word_1_325' title='bbox 679 1338 708 1363; x_wconf 89' lang='lat' dir='ltr'><strong>et</strong></span> <span class='ocrx_word' id='word_1_326' title='bbox 726 1342 855 1370; x_wconf 71' lang='lat' dir='ltr'><strong>agrorum</strong></span> <span class='ocrx_word' id='word_1_327' title='bbox 873 1335 1007 1364; x_wconf 88' lang='lat' dir='ltr'><strong>distribu-</strong></span> 
     </span>
    </p>
   </div>
   <div class='ocr_carea' id='block_1_45' title="bbox 211 1381 1005 1418">
    <p class='ocr_par' dir='ltr' id='par_1_45' title="bbox 211 1381 1005 1418">
     <span class='ocr_line' id='line_1_45' title="bbox 211 1381 1005 1418; baseline 0.003 -10"><span class='ocrx_word' id='word_1_328' title='bbox 211 1381 343 1408; x_wconf 88' lang='lat' dir='ltr'><strong>tionem:</strong></span> <span class='ocrx_word' id='word_1_329' title='bbox 364 1381 471 1416; x_wconf 77' lang='lat' dir='ltr'><strong>geritur</strong></span> <span class='ocrx_word' id='word_1_330' title='bbox 499 1381 573 1408; x_wconf 90' lang='lat' dir='ltr'><strong>enim</strong></span> <span class='ocrx_word' id='word_1_331' title='bbox 599 1389 646 1416; x_wconf 87' lang='lat' dir='ltr'><strong>per</strong></span> <span class='ocrx_word' id='word_1_332' title='bbox 675 1381 786 1417; x_wconf 81' lang='lat' dir='ltr'><strong>Moyen</strong></span> <span class='ocrx_word' id='word_1_333' title='bbox 813 1386 842 1410; x_wconf 91' lang='lat' dir='ltr'><strong>et</strong></span> <span class='ocrx_word' id='word_1_334' title='bbox 870 1390 933 1410; x_wconf 89' lang='lat' dir='ltr'><strong>eum</strong></span> <span class='ocrx_word' id='word_1_335' title='bbox 958 1383 1005 1418; x_wconf 91' lang='lat' dir='ltr'><strong>qui</strong></span> 
     </span>
    </p>
   </div>
   <div class='ocr_carea' id='block_1_46' title="bbox 212 1427 1006 1465">
    <p class='ocr_par' dir='ltr' id='par_1_46' title="bbox 212 1427 1006 1465">
     <span class='ocr_line' id='line_1_46' title="bbox 212 1427 1006 1465; baseline 0.004 -11"><span class='ocrx_word' id='word_1_336' title='bbox 212 1427 368 1455; x_wconf 87' lang='lat' dir='ltr'><strong>sacerdotio</strong></span> <span class='ocrx_word' id='word_1_337' title='bbox 379 1428 607 1463; x_wconf 69' lang='lat' dir='ltr'><strong>praestantissimo</strong></span> <span class='ocrx_word' id='word_1_338' title='bbox 623 1428 800 1464; x_wconf 75' lang='lat' dir='ltr'><strong>fungebatur,</strong></span> <span class='ocrx_word' id='word_1_339' title='bbox 811 1433 851 1461; x_wconf 89' lang='lat' dir='ltr'><strong>ut,</strong></span> <span class='ocrx_word' id='word_1_340' title='bbox 867 1429 938 1457; x_wconf 84' lang='lat' dir='ltr'><strong>sicut</strong></span> <span class='ocrx_word' id='word_1_341' title='bbox 950 1430 1006 1465; x_wconf 84' lang='lat' dir='ltr'><strong>jam</strong></span> 
     </span>
    </p>
   </div>
   <div class='ocr_carea' id='block_1_47' title="bbox 211 1467 1004 1510">
    <p class='ocr_par' dir='ltr' id='par_1_47' title="bbox 211 1467 1004 1510">
     <span class='ocr_line' id='line_1_47' title="bbox 211 1467 1004 1510; baseline 0.001 -10"><span class='ocrx_word' id='word_1_342' title='bbox 211 1477 292 1500; x_wconf 79' lang='lat' dir='ltr'><strong>antea</strong></span> <span class='ocrx_word' id='word_1_343' title='bbox 300 1473 368 1506; x_wconf 90' lang='lat' dir='ltr'><strong>dixi,</strong></span> <span class='ocrx_word' id='word_1_344' title='bbox 382 1481 431 1508; x_wconf 93' lang='lat' dir='ltr'><strong>per</strong></span> <span class='ocrx_word' id='word_1_345' title='bbox 441 1477 590 1508; x_wconf 89' lang='lat' dir='ltr'><strong>utrumque</strong></span> <span class='ocrx_word' id='word_1_346' title='bbox 609 1481 693 1501; x_wconf 89' lang='lat' dir='ltr'><strong>unum</strong></span> <span class='ocrx_word' id='word_1_347' title='bbox 705 1467 844 1502; x_wconf 76' lang='lat' dir='ltr'><strong>Christum</strong></span> <span class='ocrx_word' id='word_1_348' title='bbox 859 1474 1004 1510; x_wconf 72' lang='lat' dir='ltr'><strong>intelligas,</strong></span> 
     </span>
    </p>
   </div>
   <div class='ocr_carea' id='block_1_48' title="bbox 215 1517 1006 1555">
    <p class='ocr_par' dir='ltr' id='par_1_48' title="bbox 215 1517 1006 1555">
     <span class='ocr_line' id='line_1_48' title="bbox 215 1517 1006 1555; baseline 0.003 -9"><span class='ocrx_word' id='word_1_349' title='bbox 215 1517 294 1554; x_wconf 77' lang='lat' dir='ltr'><strong>I37</strong></span> <span class='ocrx_word' id='word_1_350' title='bbox 308 1523 438 1554; x_wconf 84' lang='lat' dir='ltr'><strong>tanquam</strong></span> <span class='ocrx_word' id='word_1_351' title='bbox 451 1519 623 1547; x_wconf 90' lang='lat' dir='ltr'><strong>sacerdotem</strong></span> <span class='ocrx_word' id='word_1_352' title='bbox 645 1527 783 1547; x_wconf 82' lang='lat' dir='ltr'><strong>sumntum</strong></span> <span class='ocrx_word' id='word_1_353' title='bbox 795 1525 878 1555; x_wconf 88' lang='lat' dir='ltr'><strong>atque</strong></span> <span class='ocrx_word' id='word_1_354' title='bbox 899 1521 1006 1555; x_wconf 82' lang='lat' dir='ltr'><strong>legisla-</strong></span> 
     </span>
    </p>
   </div>
   <div class='ocr_carea' id='block_1_49' title="bbox 213 1566 1007 1601">
    <p class='ocr_par' dir='ltr' id='par_1_49' title="bbox 213 1566 1007 1601">
     <span class='ocr_line' id='line_1_49' title="bbox 213 1566 1007 1601; baseline 0.001 -9"><span class='ocrx_word' id='word_1_355' title='bbox 213 1568 316 1598; x_wconf 84' lang='lat' dir='ltr'><strong>torem;</strong></span> <span class='ocrx_word' id='word_1_356' title='bbox 334 1573 382 1600; x_wconf 92' lang='lat' dir='ltr'><strong>per</strong></span> <span class='ocrx_word' id='word_1_357' title='bbox 398 1574 481 1601; x_wconf 89' lang='lat' dir='ltr'><strong>quem</strong></span> <span class='ocrx_word' id='word_1_358' title='bbox 492 1566 582 1593; x_wconf 88' lang='lat' dir='ltr'><strong>omnis</strong></span> <span class='ocrx_word' id='word_1_359' title='bbox 593 1566 681 1601; x_wconf 77' lang='lat' dir='ltr'><strong>gratia</strong></span> <span class='ocrx_word' id='word_1_360' title='bbox 700 1566 848 1598; x_wconf 87' lang='lat' dir='ltr'><strong>tribuitur,</strong></span> <span class='ocrx_word' id='word_1_361' title='bbox 865 1571 893 1594; x_wconf 90' lang='lat' dir='ltr'><strong>et</strong></span> <span class='ocrx_word' id='word_1_362' title='bbox 914 1567 959 1594; x_wconf 88' lang='lat' dir='ltr'><strong>illa</strong></span> <span class='ocrx_word' id='word_1_363' title='bbox 977 1567 1007 1593; x_wconf 88' lang='lat' dir='ltr'><strong>ﬁt</strong></span> 
     </span>
    </p>
   </div>
   <div class='ocr_carea' id='block_1_50' title="bbox 1063 963 1850 1002">
    <p class='ocr_par' dir='ltr' id='par_1_50' title="bbox 1063 963 1850 1002">
     <span class='ocr_line' id='line_1_50' title="bbox 1063 963 1850 1002; baseline -0.003 -10"><span class='ocrx_word' id='word_1_364' title='bbox 1063 965 1182 1002; x_wconf 83' lang='grc' dir='ltr'>Ἰσραήλ.</span> <span class='ocrx_word' id='word_1_365' title='bbox 1203 966 1340 993; x_wconf 83' lang='grc' dir='ltr'>Σέσωσται</span> <span class='ocrx_word' id='word_1_366' title='bbox 1363 966 1417 1001; x_wconf 75' lang='grc' dir='ltr'><strong>γὰρ</strong></span> <span class='ocrx_word' id='word_1_367' title='bbox 1433 965 1463 992; x_wconf 81' lang='grc' dir='ltr'>τὸ</span> <span class='ocrx_word' id='word_1_368' title='bbox 1488 965 1680 1000; x_wconf 80' lang='grc' dir='ltr'>κατάλειμμα,</span> <span class='ocrx_word' id='word_1_369' title='bbox 1703 963 1776 991; x_wconf 73' lang='grc' dir='ltr'>κατὰ</span> <span class='ocrx_word' id='word_1_370' title='bbox 1801 963 1850 999; x_wconf 80' lang='grc' dir='ltr'>τὴν</span> 
     </span>
    </p>
   </div>
   <div class='ocr_carea' id='block_1_51' title="bbox 1055 1006 1851 1047">
    <p class='ocr_par' dir='ltr' id='par_1_51' title="bbox 1055 1006 1851 1047">
     <span class='ocr_line' id='line_1_51' title="bbox 1055 1006 1851 1047; baseline -0.004 -9"><span class='ocrx_word' id='word_1_371' title='bbox 1055 1011 1102 1038; x_wconf 81' lang='grc' dir='ltr'>τοῦ</span> <span class='ocrx_word' id='word_1_372' title='bbox 1116 1011 1256 1047; x_wconf 77' lang='grc' dir='ltr'>προφήτου</span> <span class='ocrx_word' id='word_1_373' title='bbox 1280 1010 1385 1046; x_wconf 82' lang='grc' dir='ltr'>φωνὴν,</span> <span class='ocrx_word' id='word_1_374' title='bbox 1407 1006 1438 1037; x_wconf 78' lang='grc' dir='ltr'><strong>οὗ</strong></span> <span class='ocrx_word' id='word_1_375' title='bbox 1451 1010 1537 1042; x_wconf 80' lang='grc' dir='ltr'>τύπος</span> <span class='ocrx_word' id='word_1_376' title='bbox 1559 1009 1592 1038; x_wconf 83' lang='grc' dir='ltr'>ἂν</span> <span class='ocrx_word' id='word_1_377' title='bbox 1617 1007 1671 1036; x_wconf 78' lang='grc' dir='ltr'>εἷεν</span> <span class='ocrx_word' id='word_1_378' title='bbox 1691 1010 1714 1036; x_wconf 84' lang='lat' dir='ltr'><strong>ot</strong></span> <span class='ocrx_word' id='word_1_379' title='bbox 1734 1010 1767 1036; x_wconf 76' lang='grc' dir='ltr'>ἐκ</span> <span class='ocrx_word' id='word_1_380' title='bbox 1782 1009 1851 1036; x_wconf 82' lang='grc' dir='ltr'>πάν-</span> 
     </span>
    </p>
   </div>
   <div class='ocr_carea' id='block_1_52' title="bbox 1056 1055 1851 1093">
    <p class='ocr_par' dir='ltr' id='par_1_52' title="bbox 1056 1055 1851 1093">
     <span class='ocr_line' id='line_1_52' title="bbox 1056 1055 1851 1093; baseline -0.003 -9"><span class='ocrx_word' id='word_1_381' title='bbox 1056 1066 1110 1085; x_wconf 91' lang='grc' dir='ltr'>των</span> <span class='ocrx_word' id='word_1_382' title='bbox 1127 1057 1370 1093; x_wconf 68' lang='grc' dir='ltr'>καταλελειμμένοι</span> <span class='ocrx_word' id='word_1_383' title='bbox 1392 1057 1468 1093; x_wconf 80' lang='grc' dir='ltr'>μόνοι</span> <span class='ocrx_word' id='word_1_384' title='bbox 1491 1057 1583 1084; x_wconf 77' lang='grc' dir='ltr'><strong>Χαλέὃ</strong></span> <span class='ocrx_word' id='word_1_385' title='bbox 1607 1065 1636 1083; x_wconf 84' lang='grc' dir='ltr'><strong>τε</strong></span> <span class='ocrx_word' id='word_1_386' title='bbox 1658 1056 1706 1083; x_wconf 81' lang='grc' dir='ltr'>καὶ</span> <span class='ocrx_word' id='word_1_387' title='bbox 1735 1055 1851 1091; x_wconf 76' lang='grc' dir='ltr'>Ἰησοῦς,</span> 
     </span>
    </p>
   </div>
   <div class='ocr_carea' id='block_1_53' title="bbox 1057 1101 1852 1140">
    <p class='ocr_par' dir='ltr' id='par_1_53' title="bbox 1057 1101 1852 1140">
     <span class='ocr_line' id='line_1_53' title="bbox 1057 1101 1852 1140; baseline -0.003 -9"><span class='ocrx_word' id='word_1_388' title='bbox 1057 1104 1344 1140; x_wconf 59' lang='grc' dir='ltr'>συγκληρονομοῦντές</span> <span class='ocrx_word' id='word_1_389' title='bbox 1362 1112 1392 1130; x_wconf 81' lang='grc' dir='ltr'><strong>τε</strong></span> <span class='ocrx_word' id='word_1_390' title='bbox 1417 1105 1464 1131; x_wconf 71' lang='grc' dir='ltr'>καὶ</span> <span class='ocrx_word' id='word_1_391' title='bbox 1484 1104 1708 1139; x_wconf 66' lang='grc' dir='ltr'>ἀπογραφόμενοι</span> <span class='ocrx_word' id='word_1_392' title='bbox 1725 1104 1784 1134; x_wconf 80' lang='grc' dir='ltr'>τοῖς</span> <span class='ocrx_word' id='word_1_393' title='bbox 1802 1101 1852 1136; x_wconf 84' lang='grc' dir='ltr'>τῆς</span> 
     </span>
    </p>
   </div>
   <div class='ocr_carea' id='block_1_54' title="bbox 1056 1149 1852 1187">
    <p class='ocr_par' dir='ltr' id='par_1_54' title="bbox 1056 1149 1852 1187">
     <span class='ocr_line' id='line_1_54' title="bbox 1056 1149 1852 1187; baseline -0.004 -9"><span class='ocrx_word' id='word_1_394' title='bbox 1056 1151 1186 1184; x_wconf 82' lang='grc' dir='ltr'>ἀπιστίας</span> <span class='ocrx_word' id='word_1_395' title='bbox 1201 1152 1374 1187; x_wconf 72' lang='grc' dir='ltr'><strong>ἐγκλήμασιν</strong></span> <span class='ocrx_word' id='word_1_396' title='bbox 1391 1152 1442 1178; x_wconf 74' lang='grc' dir='ltr'>οὐκ</span> <span class='ocrx_word' id='word_1_397' title='bbox 1457 1151 1638 1186; x_wconf 77' lang='grc' dir='ltr'>ἐνεχομένοις.</span> <span class='ocrx_word' id='word_1_398' title='bbox 1662 1150 1806 1185; x_wconf 77' lang='grc' dir='ltr'>Ἐπιτὴρει</span> <span class='ocrx_word' id='word_1_399' title='bbox 1824 1149 1852 1176; x_wconf 78' lang='grc' dir='ltr'><strong>δὲ</strong></span> 
     </span>
    </p>
   </div>
   <div class='ocr_carea' id='block_1_55' title="bbox 1057 1196 1853 1234">
    <p class='ocr_par' dir='ltr' id='par_1_55' title="bbox 1057 1196 1853 1234">
     <span class='ocr_line' id='line_1_55' title="bbox 1057 1196 1853 1234; baseline -0.004 -9"><span class='ocrx_word' id='word_1_400' title='bbox 1057 1199 1183 1234; x_wconf 76' lang='grc' dir='ltr'>πανταχῆ</span> <span class='ocrx_word' id='word_1_401' title='bbox 1205 1198 1254 1234; x_wconf 83' lang='grc' dir='ltr'>τὴν</span> <span class='ocrx_word' id='word_1_402' title='bbox 1273 1198 1327 1224; x_wconf 82' lang='grc' dir='ltr'>τῶν</span> <span class='ocrx_word' id='word_1_403' title='bbox 1351 1198 1437 1233; x_wconf 82' lang='grc' dir='ltr'>ἁγίων</span> <span class='ocrx_word' id='word_1_404' title='bbox 1461 1198 1626 1233; x_wconf 78' lang='grc' dir='ltr'>ἀπογραφὴν</span> <span class='ocrx_word' id='word_1_405' title='bbox 1649 1198 1696 1223; x_wconf 70' lang='grc' dir='ltr'>καὶ</span> <span class='ocrx_word' id='word_1_406' title='bbox 1721 1196 1853 1231; x_wconf 74' lang='grc' dir='ltr'>κληροδο-</span> 
     </span>
    </p>
   </div>
   <div class='ocr_carea' id='block_1_56' title="bbox 1058 1241 1854 1280">
    <p class='ocr_par' dir='ltr' id='par_1_56' title="bbox 1058 1241 1854 1280">
     <span class='ocr_line' id='line_1_56' title="bbox 1058 1241 1854 1280; baseline -0.003 -10"><span class='ocrx_word' id='word_1_407' title='bbox 1058 1244 1127 1271; x_wconf 80' lang='grc' dir='ltr'>οίιιν.</span> <span class='ocrx_word' id='word_1_408' title='bbox 1143 1244 1297 1280; x_wconf 79' lang='grc' dir='ltr'>Πρὰττεται</span> <span class='ocrx_word' id='word_1_409' title='bbox 1311 1244 1365 1279; x_wconf 73' lang='grc' dir='ltr'>γὰρ</span> <span class='ocrx_word' id='word_1_410' title='bbox 1385 1244 1430 1271; x_wconf 79' lang='grc' dir='ltr'><strong>διὰ</strong></span> <span class='ocrx_word' id='word_1_411' title='bbox 1447 1252 1476 1270; x_wconf 89' lang='grc' dir='ltr'><strong>τε</strong></span> <span class='ocrx_word' id='word_1_412' title='bbox 1492 1243 1614 1275; x_wconf 78' lang='grc' dir='ltr'>Μωσέως</span> <span class='ocrx_word' id='word_1_413' title='bbox 1638 1243 1686 1269; x_wconf 68' lang='grc' dir='ltr'>καὶ</span> <span class='ocrx_word' id='word_1_414' title='bbox 1706 1241 1756 1268; x_wconf 76' lang='grc' dir='ltr'><strong>τοῦ</strong></span> <span class='ocrx_word' id='word_1_415' title='bbox 1770 1241 1854 1277; x_wconf 78' lang='grc' dir='ltr'><strong>προῦ-</strong></span> 
     </span>
    </p>
   </div>
   <div class='ocr_carea' id='block_1_57' title="bbox 1057 1287 1854 1326">
    <p class='ocr_par' dir='ltr' id='par_1_57' title="bbox 1057 1287 1854 1326">
     <span class='ocr_line' id='line_1_57' title="bbox 1057 1287 1854 1326; baseline -0.004 -10"><span class='ocrx_word' id='word_1_416' title='bbox 1057 1298 1150 1324; x_wconf 84' lang='grc' dir='ltr'>χοντος</span> <span class='ocrx_word' id='word_1_417' title='bbox 1167 1290 1196 1317; x_wconf 73' lang='grc' dir='ltr'>ἐν</span> <span class='ocrx_word' id='word_1_418' title='bbox 1211 1290 1356 1326; x_wconf 75' lang='grc' dir='ltr'>ἱερωσύνῃ.</span> <span class='ocrx_word' id='word_1_419' title='bbox 1376 1290 1428 1319; x_wconf 80' lang='grc' dir='ltr'>ἵνα,</span> <span class='ocrx_word' id='word_1_420' title='bbox 1441 1289 1567 1325; x_wconf 79' lang='grc' dir='ltr'>καθάπερ</span> <span class='ocrx_word' id='word_1_421' title='bbox 1580 1289 1630 1324; x_wconf 67' lang='grc' dir='ltr'><strong>ήδη</strong></span> <span class='ocrx_word' id='word_1_422' title='bbox 1648 1289 1793 1324; x_wconf 72' lang='grc' dir='ltr'>προεῖπον,</span> <span class='ocrx_word' id='word_1_423' title='bbox 1809 1287 1854 1314; x_wconf 64' lang='grc' dir='ltr'><strong>τον</strong></span> 
     </span>
    </p>
   </div>
   <div class='ocr_carea' id='block_1_58' title="bbox 1057 1334 1855 1371">
    <p class='ocr_par' dir='ltr' id='par_1_58' title="bbox 1057 1334 1855 1371">
     <span class='ocr_line' id='line_1_58' title="bbox 1057 1334 1855 1371; baseline -0.004 -9"><span class='ocrx_word' id='word_1_424' title='bbox 1057 1335 1106 1362; x_wconf 73' lang='grc' dir='ltr'>ἕνα</span> <span class='ocrx_word' id='word_1_425' title='bbox 1125 1335 1160 1362; x_wconf 83' lang='grc' dir='ltr'><strong>δι’</strong></span> <span class='ocrx_word' id='word_1_426' title='bbox 1173 1336 1276 1371; x_wconf 71' lang='grc' dir='ltr'>ἀμφοῖν</span> <span class='ocrx_word' id='word_1_427' title='bbox 1290 1336 1390 1371; x_wconf 80' lang='grc' dir='ltr'>νοήσῃς</span> <span class='ocrx_word' id='word_1_428' title='bbox 1404 1335 1533 1370; x_wconf 74' lang='grc' dir='ltr'>Χριστὸν,</span> <span class='ocrx_word' id='word_1_429' title='bbox 1548 1334 1586 1366; x_wconf 85' lang='grc' dir='ltr'>ὡς</span> <span class='ocrx_word' id='word_1_430' title='bbox 1599 1334 1731 1369; x_wconf 77' lang='grc' dir='ltr'><strong>ἀρχιερέα</strong></span> <span class='ocrx_word' id='word_1_431' title='bbox 1753 1334 1801 1360; x_wconf 72' lang='grc' dir='ltr'>καὶ</span> <span class='ocrx_word' id='word_1_432' title='bbox 1816 1341 1855 1358; x_wconf 83' lang='grc' dir='ltr'>νο-</span> 
     </span>
    </p>
   </div>
   <div class='ocr_carea' id='block_1_59' title="bbox 1059 1378 1855 1417">
    <p class='ocr_par' dir='ltr' id='par_1_59' title="bbox 1059 1378 1855 1417">
     <span class='ocr_line' id='line_1_59' title="bbox 1059 1378 1855 1417; baseline -0.004 -9"><span class='ocrx_word' id='word_1_433' title='bbox 1059 1381 1186 1417; x_wconf 78' lang='grc' dir='ltr'>μοθέτην,</span> <span class='ocrx_word' id='word_1_434' title='bbox 1199 1381 1234 1408; x_wconf 83' lang='grc' dir='ltr'><strong>δι’</strong></span> <span class='ocrx_word' id='word_1_435' title='bbox 1243 1378 1274 1409; x_wconf 75' lang='grc' dir='ltr'><strong>οὗ</strong></span> <span class='ocrx_word' id='word_1_436' title='bbox 1288 1382 1364 1408; x_wconf 83' lang='grc' dir='ltr'>πᾶσα</span> <span class='ocrx_word' id='word_1_437' title='bbox 1379 1382 1469 1417; x_wconf 79' lang='grc' dir='ltr'>χάρις,</span> <span class='ocrx_word' id='word_1_438' title='bbox 1486 1381 1535 1408; x_wconf 79' lang='grc' dir='ltr'>καὶ</span> <span class='ocrx_word' id='word_1_439' title='bbox 1554 1380 1584 1407; x_wconf 81' lang='grc' dir='ltr'>τὸ</span> <span class='ocrx_word' id='word_1_440' title='bbox 1597 1381 1626 1407; x_wconf 87' lang='grc' dir='ltr'>ὲν</span> <span class='ocrx_word' id='word_1_441' title='bbox 1648 1380 1708 1411; x_wconf 82' lang='grc' dir='ltr'>ταῖς</span> <span class='ocrx_word' id='word_1_442' title='bbox 1728 1379 1788 1406; x_wconf 75' lang='grc' dir='ltr'><strong>ἄνω</strong></span> <span class='ocrx_word' id='word_1_443' title='bbox 1805 1378 1855 1413; x_wconf 79' lang='grc' dir='ltr'><strong>φέ-</strong></span> 
     </span>
    </p>
   </div>
   <div class='ocr_carea' id='block_1_60' title="bbox 1059 1424 1855 1463">
    <p class='ocr_par' dir='ltr' id='par_1_60' title="bbox 1059 1424 1855 1463">
     <span class='ocr_line' id='line_1_60' title="bbox 1059 1424 1855 1463; baseline -0.004 -9"><span class='ocrx_word' id='word_1_444' title='bbox 1059 1427 1153 1463; x_wconf 80' lang='grc' dir='ltr'>ρεσθαι</span> <span class='ocrx_word' id='word_1_445' title='bbox 1171 1427 1283 1463; x_wconf 73' lang='grc' dir='ltr'>βίϐλοις,</span> <span class='ocrx_word' id='word_1_446' title='bbox 1297 1427 1331 1459; x_wconf 78' lang='grc' dir='ltr'>ἃς</span> <span class='ocrx_word' id='word_1_447' title='bbox 1344 1428 1391 1454; x_wconf 70' lang='grc' dir='ltr'>καὶ</span> <span class='ocrx_word' id='word_1_448' title='bbox 1404 1428 1419 1454; x_wconf 81' lang='grc' dir='ltr'>ὁ</span> <span class='ocrx_word' id='word_1_449' title='bbox 1439 1427 1575 1463; x_wconf 76' lang='grc' dir='ltr'>μακάριος</span> <span class='ocrx_word' id='word_1_450' title='bbox 1590 1426 1690 1461; x_wconf 80' lang='grc' dir='ltr'>Δανιὴλ</span> <span class='ocrx_word' id='word_1_451' title='bbox 1707 1424 1855 1452; x_wconf 71' lang='grc' dir='ltr'>τεθεᾶσθαι</span> 
     </span>
    </p>
   </div>
   <div class='ocr_carea' id='block_1_61' title="bbox 1058 1472 1855 1510">
    <p class='ocr_par' dir='ltr' id='par_1_61' title="bbox 1058 1472 1855 1510">
     <span class='ocr_line' id='line_1_61' title="bbox 1058 1472 1855 1510; baseline -0.005 -9"><span class='ocrx_word' id='word_1_452' title='bbox 1058 1483 1140 1510; x_wconf 80' lang='grc' dir='ltr'>φησιν</span> <span class='ocrx_word' id='word_1_453' title='bbox 1174 1474 1288 1502; x_wconf 80' lang='grc' dir='ltr'>ἑαυτόν.</span> <span class='ocrx_word' id='word_1_454' title='bbox 1315 1484 1324 1501; x_wconf 80' lang='grc' dir='ltr'><strong>ι</strong></span> <span class='ocrx_word' id='word_1_455' title='bbox 1348 1474 1438 1501; x_wconf 80' lang='grc' dir='ltr'>Βίὸλοι</span> <span class='ocrx_word' id='word_1_456' title='bbox 1458 1474 1512 1510; x_wconf 85' lang='grc' dir='ltr'>γὰρ</span> <span class='ocrx_word' id='word_1_457' title='bbox 1524 1472 1713 1509; x_wconf 67' lang='grc' dir='ltr'>ὴνεᾴχθησαν,</span> <span class='ocrx_word' id='word_1_458' title='bbox 1732 1481 1742 1498; x_wconf 74' lang='grc' dir='ltr'><strong>ι</strong></span> <span class='ocrx_word' id='word_1_459' title='bbox 1760 1472 1855 1508; x_wconf 72' lang='grc' dir='ltr'>φησιν,</span> 
     </span>
    </p>
   </div>
   <div class='ocr_carea' id='block_1_62' title="bbox 1057 1518 1855 1557">
    <p class='ocr_par' dir='ltr' id='par_1_62' title="bbox 1057 1518 1855 1557">
     <span class='ocr_line' id='line_1_62' title="bbox 1057 1518 1855 1557; baseline -0.004 -9"><span class='ocrx_word' id='word_1_460' title='bbox 1057 1522 1099 1548; x_wconf 81' lang='grc' dir='ltr'>ὅτι</span> <span class='ocrx_word' id='word_1_461' title='bbox 1122 1521 1206 1557; x_wconf 83' lang='grc' dir='ltr'>πολλή</span> <span class='ocrx_word' id='word_1_462' title='bbox 1225 1530 1277 1548; x_wconf 83' lang='grc' dir='ltr'><strong>που</strong></span> <span class='ocrx_word' id='word_1_463' title='bbox 1301 1521 1410 1548; x_wconf 78' lang='grc' dir='ltr'>πάντων</span> <span class='ocrx_word' id='word_1_464' title='bbox 1432 1521 1480 1549; x_wconf 83' lang='grc' dir='ltr'>καὶ</span> <span class='ocrx_word' id='word_1_465' title='bbox 1500 1520 1627 1555; x_wconf 80' lang='grc' dir='ltr'>διάφορος</span> <span class='ocrx_word' id='word_1_466' title='bbox 1649 1520 1665 1555; x_wconf 86' lang='grc' dir='ltr'><strong>ἡ</strong></span> <span class='ocrx_word' id='word_1_467' title='bbox 1687 1518 1855 1554; x_wconf 78' lang='grc' dir='ltr'>ἀπογραφὴ,</span> 
     </span>
    </p>
   </div>
   <div class='ocr_carea' id='block_1_63' title="bbox 1058 1565 1736 1603">
    <p class='ocr_par' dir='ltr' id='par_1_63' title="bbox 1058 1565 1736 1603">
     <span class='ocr_line' id='line_1_63' title="bbox 1058 1565 1736 1603; baseline -0.003 -9"><span class='ocrx_word' id='word_1_468' title='bbox 1058 1566 1101 1594; x_wconf 80' lang='grc' dir='ltr'><strong>διὰ</strong></span> <span class='ocrx_word' id='word_1_469' title='bbox 1115 1567 1147 1603; x_wconf 82' lang='grc' dir='ltr'><strong>δή</strong></span> <span class='ocrx_word' id='word_1_470' title='bbox 1161 1576 1202 1595; x_wconf 88' lang='grc' dir='ltr'><strong>τοι</strong></span> <span class='ocrx_word' id='word_1_471' title='bbox 1212 1568 1291 1595; x_wconf 77' lang='grc' dir='ltr'>τοῦτο</span> <span class='ocrx_word' id='word_1_472' title='bbox 1305 1567 1401 1600; x_wconf 76' lang='grc' dir='ltr'>πολλὰ,</span> <span class='ocrx_word' id='word_1_473' title='bbox 1417 1567 1465 1594; x_wconf 76' lang='grc' dir='ltr'><strong>καὶ</strong></span> <span class='ocrx_word' id='word_1_474' title='bbox 1475 1568 1525 1602; x_wconf 80' lang='grc' dir='ltr'>οὐχ</span> <span class='ocrx_word' id='word_1_475' title='bbox 1537 1566 1566 1594; x_wconf 80' lang='grc' dir='ltr'>ἓν</span> <span class='ocrx_word' id='word_1_476' title='bbox 1577 1566 1608 1593; x_wconf 79' lang='grc' dir='ltr'><strong>τὺ</strong></span> <span class='ocrx_word' id='word_1_477' title='bbox 1623 1565 1736 1601; x_wconf 76' lang='grc' dir='ltr'>βιϐλίον.</span> 
     </span>
    </p>
   </div>
   <div class='ocr_carea' id='block_1_64' title="bbox 212 1611 1856 1648">
    <p class='ocr_par' dir='ltr' id='par_1_64' title="bbox 212 1611 1856 1648">
     <span class='ocr_line' id='line_1_64' title="bbox 212 1611 1856 1648; baseline 0.002 -10"><span class='ocrx_word' id='word_1_478' title='bbox 212 1611 241 1638; x_wconf 90' lang='lat' dir='ltr'><strong>in</strong></span> <span class='ocrx_word' id='word_1_479' title='bbox 249 1611 378 1647; x_wconf 88' lang='lat' dir='ltr'><strong>supernis</strong></span> <span class='ocrx_word' id='word_1_480' title='bbox 389 1612 443 1639; x_wconf 88' lang='lat' dir='ltr'><strong>illis</strong></span> <span class='ocrx_word' id='word_1_481' title='bbox 453 1612 532 1640; x_wconf 89' lang='lat' dir='ltr'><strong>libris</strong></span> <span class='ocrx_word' id='word_1_482' title='bbox 544 1612 694 1647; x_wconf 84' lang='lat' dir='ltr'><strong>descriptio</strong></span> <span class='ocrx_word' id='word_1_483' title='bbox 710 1620 799 1648; x_wconf 88' lang='lat' dir='ltr'><strong>:quos</strong></span> <span class='ocrx_word' id='word_1_484' title='bbox 813 1612 898 1640; x_wconf 87' lang='lat' dir='ltr'><strong>etiam</strong></span> <span class='ocrx_word' id='word_1_485' title='bbox 910 1612 1008 1640; x_wconf 86' lang='lat' dir='ltr'><strong>beatus</strong></span> <span class='ocrx_word' id='word_1_486' title='bbox 1021 1613 1114 1642; x_wconf 87' lang='lat' dir='ltr'><strong>Daniel</strong></span> <span class='ocrx_word' id='word_1_487' title='bbox 1137 1622 1167 1642; x_wconf 88' lang='lat' dir='ltr'><strong>se</strong></span> <span class='ocrx_word' id='word_1_488' title='bbox 1185 1614 1288 1642; x_wconf 88' lang='lat' dir='ltr'><strong>vidisse</strong></span> <span class='ocrx_word' id='word_1_489' title='bbox 1306 1614 1383 1642; x_wconf 87' lang='lat' dir='ltr'><strong>dicit.</strong></span> <span class='ocrx_word' id='word_1_490' title='bbox 1411 1623 1420 1640; x_wconf 76' lang='grc' dir='ltr'><strong>ι</strong></span> <span class='ocrx_word' id='word_1_491' title='bbox 1439 1613 1527 1646; x_wconf 88' lang='lat' dir='ltr'><strong>Libri,</strong></span> <span class='ocrx_word' id='word_1_492' title='bbox 1548 1623 1556 1639; x_wconf 81' lang='grc' dir='ltr'><strong>ι</strong></span> <span class='ocrx_word' id='word_1_493' title='bbox 1583 1612 1729 1648; x_wconf 86' lang='lat' dir='ltr'><strong>inquiens,</strong></span> <span class='ocrx_word' id='word_1_494' title='bbox 1745 1621 1755 1638; x_wconf 76' lang='grc' dir='ltr'><strong>ι</strong></span> <span class='ocrx_word' id='word_1_495' title='bbox 1767 1614 1856 1647; x_wconf 66' lang='lat' dir='ltr'><strong>aperti</strong></span> 
     </span>
    </p>
   </div>
   <div class='ocr_carea' id='block_1_65' title="bbox 213 1657 1556 1696">
    <p class='ocr_par' dir='ltr' id='par_1_65' title="bbox 213 1657 1556 1696">
     <span class='ocr_line' id='line_1_65' title="bbox 213 1657 1556 1696; baseline 0.001 -12"><span class='ocrx_word' id='word_1_496' title='bbox 213 1662 279 1685; x_wconf 79' lang='lat' dir='ltr'><strong>sunt</strong></span> <span class='ocrx_word' id='word_1_497' title='bbox 293 1657 317 1674; x_wconf 73' lang='lat'><strong>“</strong></span> <span class='ocrx_word' id='word_1_498' title='bbox 332 1666 339 1684; x_wconf 92' lang='lat'>:</span> <span class='ocrx_word' id='word_1_499' title='bbox 356 1667 365 1684; x_wconf 78' lang='grc' dir='ltr'><strong>ι</strong></span> <span class='ocrx_word' id='word_1_500' title='bbox 379 1665 442 1685; x_wconf 89' lang='lat' dir='ltr'><strong>nam</strong></span> <span class='ocrx_word' id='word_1_501' title='bbox 455 1658 520 1693; x_wconf 87' lang='lat' dir='ltr'><strong>quia</strong></span> <span class='ocrx_word' id='word_1_502' title='bbox 529 1658 673 1694; x_wconf 86' lang='lat' dir='ltr'><strong>multiplex</strong></span> <span class='ocrx_word' id='word_1_503' title='bbox 693 1662 722 1686; x_wconf 87' lang='lat' dir='ltr'><strong>et</strong></span> <span class='ocrx_word' id='word_1_504' title='bbox 748 1658 857 1686; x_wconf 79' lang='lat' dir='ltr'><strong>diversa</strong></span> <span class='ocrx_word' id='word_1_505' title='bbox 885 1658 1035 1694; x_wconf 88' lang='lat' dir='ltr'><strong>descriptio</strong></span> <span class='ocrx_word' id='word_1_506' title='bbox 1052 1664 1105 1693; x_wconf 86' lang='lat' dir='ltr'><strong>est,</strong></span> <span class='ocrx_word' id='word_1_507' title='bbox 1123 1660 1186 1688; x_wconf 87' lang='lat' dir='ltr'><strong>ideo</strong></span> <span class='ocrx_word' id='word_1_508' title='bbox 1199 1661 1305 1696; x_wconf 88' lang='lat' dir='ltr'><strong>plures,</strong></span> <span class='ocrx_word' id='word_1_509' title='bbox 1316 1668 1373 1688; x_wconf 89' lang='lat' dir='ltr'><strong>non</strong></span> <span class='ocrx_word' id='word_1_510' title='bbox 1391 1667 1462 1688; x_wconf 86' lang='lat' dir='ltr'><strong>unus</strong></span> <span class='ocrx_word' id='word_1_511' title='bbox 1475 1659 1556 1687; x_wconf 88' lang='lat' dir='ltr'><strong>liber.</strong></span> 
     </span>
    </p>
   </div>
   <div class='ocr_carea' id='block_1_66' title="bbox 248 1714 1006 1753">
    <p class='ocr_par' dir='ltr' id='par_1_66' title="bbox 248 1714 1004 1751">
     <span class='ocr_line' id='line_1_66' title="bbox 248 1714 1004 1751; baseline 0 -9"><span class='ocrx_word' id='word_1_512' title='bbox 248 1714 348 1742; x_wconf 83' lang='lat' dir='ltr'><strong>PALL.</strong></span> <span class='ocrx_word' id='word_1_513' title='bbox 365 1715 448 1743; x_wconf 79' lang='lat' dir='ltr'><strong>Recte</strong></span> <span class='ocrx_word' id='word_1_514' title='bbox 462 1716 545 1751; x_wconf 80' lang='lat' dir='ltr'><strong>igitur</strong></span> <span class='ocrx_word' id='word_1_515' title='bbox 557 1723 589 1743; x_wconf 87' lang='lat' dir='ltr'><strong>ac</strong></span> <span class='ocrx_word' id='word_1_516' title='bbox 601 1716 669 1743; x_wconf 86' lang='lat' dir='ltr'><strong>scite</strong></span> <span class='ocrx_word' id='word_1_517' title='bbox 684 1716 788 1743; x_wconf 89' lang='lat' dir='ltr'><strong>dictum</strong></span> <span class='ocrx_word' id='word_1_518' title='bbox 817 1715 885 1743; x_wconf 91' lang='lat' dir='ltr'><strong>illud</strong></span> <span class='ocrx_word' id='word_1_519' title='bbox 900 1723 916 1742; x_wconf 92' lang='lat' dir='ltr'><strong>e</strong></span> <span class='ocrx_word' id='word_1_520' title='bbox 936 1716 1004 1743; x_wconf 86' lang='lat' dir='ltr'><strong>Pro-</strong></span> 
     </span>
    </p>
   </div>
   <div class='ocr_carea' id='block_1_67' title="bbox 1063 1714 1856 1753">
    <p class='ocr_par' dir='ltr' id='par_1_67' title="bbox 1092 1715 1856 1753">
     <span class='ocr_line' id='line_1_67' title="bbox 1092 1715 1856 1753; baseline -0.003 -9"><span class='ocrx_word' id='word_1_521' title='bbox 1092 1718 1196 1744; x_wconf 76' lang='lat' dir='ltr'><strong>HAAA.</strong></span> <span class='ocrx_word' id='word_1_522' title='bbox 1223 1716 1328 1753; x_wconf 82' lang='grc' dir='ltr'>Ὀρθῶς</span> <span class='ocrx_word' id='word_1_523' title='bbox 1345 1715 1392 1744; x_wconf 77' lang='grc' dir='ltr'>οὖν</span> <span class='ocrx_word' id='word_1_524' title='bbox 1407 1716 1461 1752; x_wconf 80' lang='grc' dir='ltr'>ἄρα</span> <span class='ocrx_word' id='word_1_525' title='bbox 1481 1716 1529 1743; x_wconf 76' lang='grc' dir='ltr'>καὶ</span> <span class='ocrx_word' id='word_1_526' title='bbox 1549 1715 1638 1751; x_wconf 76' lang='grc' dir='ltr'>σοφῶς</span> <span class='ocrx_word' id='word_1_527' title='bbox 1654 1715 1669 1742; x_wconf 84' lang='grc' dir='ltr'><strong>ὁ</strong></span> <span class='ocrx_word' id='word_1_528' title='bbox 1685 1715 1736 1751; x_wconf 82' lang='grc' dir='ltr'>τῆς</span> <span class='ocrx_word' id='word_1_529' title='bbox 1753 1715 1856 1751; x_wconf 72' lang='grc' dir='ltr'>Παροι-</span> 
     </span>
    </p>
   </div>
   <div class='ocr_carea' id='block_1_68' title="bbox 213 1761 1005 1798">
    <p class='ocr_par' dir='ltr' id='par_1_68' title="bbox 213 1761 1005 1798">
     <span class='ocr_line' id='line_1_68' title="bbox 213 1761 1005 1798; baseline 0.001 -10"><span class='ocrx_word' id='word_1_530' title='bbox 213 1761 467 1790; x_wconf 83' lang='lat' dir='ltr'><strong>verbiisadmonet:</strong></span> <span class='ocrx_word' id='word_1_531' title='bbox 485 1762 663 1790; x_wconf 70' lang='lat' dir='ltr'><strong>«Divitiarum</strong></span> <span class='ocrx_word' id='word_1_532' title='bbox 675 1762 745 1797; x_wconf 80' lang='lat' dir='ltr'><strong>pigri</strong></span> <span class='ocrx_word' id='word_1_533' title='bbox 759 1761 1005 1798; x_wconf 76' lang='lat' dir='ltr'><strong>indigentesﬁunt;</strong></span> 
     </span>
    </p>
   </div>
   <div class='ocr_carea' id='block_1_69' title="bbox 214 1807 791 1844">
    <p class='ocr_par' dir='ltr' id='par_1_69' title="bbox 214 1807 791 1844">
     <span class='ocr_line' id='line_1_69' title="bbox 214 1807 791 1844; baseline -0.002 -8"><span class='ocrx_word' id='word_1_534' title='bbox 214 1808 318 1836; x_wconf 80' lang='lat' dir='ltr'><strong>strenui</strong></span> <span class='ocrx_word' id='word_1_535' title='bbox 337 1813 428 1835; x_wconf 87' lang='lat' dir='ltr'><strong>autem</strong></span> <span class='ocrx_word' id='word_1_536' title='bbox 445 1807 597 1837; x_wconf 79' lang='lat' dir='ltr'><strong>fulciuntur</strong></span> <span class='ocrx_word' id='word_1_537' title='bbox 613 1809 713 1844; x_wconf 86' lang='lat' dir='ltr'><strong>opibus</strong></span> <span class='ocrx_word' id='word_1_538' title='bbox 732 1809 766 1835; x_wconf 77' lang='lat'><strong>&quot;.</strong></span> <span class='ocrx_word' id='word_1_539' title='bbox 782 1818 791 1834; x_wconf 73' lang='grc' dir='ltr'><strong>ι</strong></span> 
     </span>
    </p>
   </div>
   <div class='ocr_carea' id='block_1_70' title="bbox 249 1855 1009 1894">
    <p class='ocr_par' dir='ltr' id='par_1_70' title="bbox 249 1855 1009 1894">
     <span class='ocr_line' id='line_1_70' title="bbox 249 1855 1009 1894; baseline 0.001 -12"><span class='ocrx_word' id='word_1_540' title='bbox 249 1855 327 1883; x_wconf 77' lang='grc' dir='ltr'>ογιι.</span> <span class='ocrx_word' id='word_1_541' title='bbox 346 1855 509 1882; x_wconf 86' lang='lat' dir='ltr'><strong>Fulciuntur</strong></span> <span class='ocrx_word' id='word_1_542' title='bbox 528 1856 568 1883; x_wconf 88' lang='lat' dir='ltr'><strong>illi</strong></span> <span class='ocrx_word' id='word_1_543' title='bbox 599 1855 723 1894; x_wconf 88' lang='lat' dir='ltr'><strong>quidem,</strong></span> <span class='ocrx_word' id='word_1_544' title='bbox 743 1855 886 1890; x_wconf 89' lang='lat' dir='ltr'><strong>Deumque</strong></span> <span class='ocrx_word' id='word_1_545' title='bbox 906 1855 1009 1884; x_wconf 89' lang='lat' dir='ltr'><strong>habent</strong></span> 
     </span>
    </p>
   </div>
   <div class='ocr_carea' id='block_1_71' title="bbox 214 1900 1009 1937">
    <p class='ocr_par' dir='ltr' id='par_1_71' title="bbox 214 1900 1009 1937">
     <span class='ocr_line' id='line_1_71' title="bbox 214 1900 1009 1937; baseline 0.001 -10"><span class='ocrx_word' id='word_1_546' title='bbox 214 1900 364 1936; x_wconf 85' lang='lat' dir='ltr'><strong>propitium</strong></span> <span class='ocrx_word' id='word_1_547' title='bbox 381 1908 413 1928; x_wconf 88' lang='lat' dir='ltr'><strong>ac</strong></span> <span class='ocrx_word' id='word_1_548' title='bbox 427 1905 672 1937; x_wconf 76' lang='lat' dir='ltr'><strong>propugnatorem,</strong></span> <span class='ocrx_word' id='word_1_549' title='bbox 695 1901 742 1936; x_wconf 90' lang='lat' dir='ltr'><strong>qui</strong></span> <span class='ocrx_word' id='word_1_550' title='bbox 766 1901 926 1928; x_wconf 78' lang='lat' dir='ltr'><strong>caelestibus</strong></span> <span class='ocrx_word' id='word_1_551' title='bbox 947 1901 1009 1929; x_wconf 91' lang='lat' dir='ltr'><strong>illos</strong></span> 
     </span>
    </p>
   </div>
   <div class='ocr_carea' id='block_1_72' title="bbox 214 1943 1008 1982">
    <p class='ocr_par' dir='ltr' id='par_1_72' title="bbox 214 1943 1008 1982">
     <span class='ocr_line' id='line_1_72' title="bbox 214 1943 1008 1982; baseline -0.001 -8"><span class='ocrx_word' id='word_1_552' title='bbox 214 1943 458 1974; x_wconf 85' lang='lat' dir='ltr'><strong>benedictionibus</strong></span> <span class='ocrx_word' id='word_1_553' title='bbox 472 1951 764 1982; x_wconf 82' lang='lat' dir='ltr'><strong>augeat,coronetque,</strong></span> <span class='ocrx_word' id='word_1_554' title='bbox 778 1954 810 1973; x_wconf 91' lang='lat' dir='ltr'><strong>ac</strong></span> <span class='ocrx_word' id='word_1_555' title='bbox 826 1946 1008 1981; x_wconf 67' lang='lat' dir='ltr'><strong>praeclarissi-</strong></span> 
     </span>
    </p>
   </div>
   <div class='ocr_carea' id='block_1_73' title="bbox 218 1993 1008 2028">
    <p class='ocr_par' dir='ltr' id='par_1_73' title="bbox 218 1993 1008 2028">
     <span class='ocr_line' id='line_1_73' title="bbox 218 1993 1008 2028; baseline 0.001 -8"><span class='ocrx_word' id='word_1_556' title='bbox 218 1993 431 2021; x_wconf 79' lang='lat' dir='ltr'><strong>mishonoribus</strong></span> <span class='ocrx_word' id='word_1_557' title='bbox 449 1998 478 2021; x_wconf 90' lang='lat' dir='ltr'><strong>et</strong></span> <span class='ocrx_word' id='word_1_558' title='bbox 490 1993 590 2028; x_wconf 80' lang='lat' dir='ltr'><strong>insigni</strong></span> <span class='ocrx_word' id='word_1_559' title='bbox 600 1993 686 2028; x_wconf 77' lang='lat' dir='ltr'><strong>gloria</strong></span> <span class='ocrx_word' id='word_1_560' title='bbox 705 1993 874 2028; x_wconf 79' lang='lat' dir='ltr'><strong>amplissime</strong></span> <span class='ocrx_word' id='word_1_561' title='bbox 883 1998 1008 2022; x_wconf 87' lang='lat' dir='ltr'><strong>exornet.</strong></span> 
     </span>
    </p>
   </div>
   <div class='ocr_carea' id='block_1_74' title="bbox 216 2040 1009 2076">
    <p class='ocr_par' dir='ltr' id='par_1_74' title="bbox 216 2040 1009 2076">
     <span class='ocr_line' id='line_1_74' title="bbox 216 2040 1009 2076; baseline 0 -8"><span class='ocrx_word' id='word_1_562' title='bbox 216 2041 258 2068; x_wconf 81' lang='lat' dir='ltr'><strong>An</strong></span> <span class='ocrx_word' id='word_1_563' title='bbox 268 2040 359 2067; x_wconf 85' lang='lat' dir='ltr'><strong>minus</strong></span> <span class='ocrx_word' id='word_1_564' title='bbox 366 2048 431 2067; x_wconf 86' lang='lat' dir='ltr'><strong>vere</strong></span> <span class='ocrx_word' id='word_1_565' title='bbox 439 2040 515 2075; x_wconf 86' lang='lat' dir='ltr'><strong>loqui</strong></span> <span class='ocrx_word' id='word_1_566' title='bbox 524 2045 613 2075; x_wconf 85' lang='lat' dir='ltr'><strong>putas,</strong></span> <span class='ocrx_word' id='word_1_567' title='bbox 623 2048 686 2067; x_wconf 88' lang='lat' dir='ltr'><strong>cum</strong></span> <span class='ocrx_word' id='word_1_568' title='bbox 695 2040 762 2068; x_wconf 87' lang='lat' dir='ltr'><strong>dicit</strong></span> <span class='ocrx_word' id='word_1_569' title='bbox 775 2049 781 2066; x_wconf 88' lang='lat'><strong>:</strong></span> <span class='ocrx_word' id='word_1_570' title='bbox 797 2050 806 2066; x_wconf 77' lang='grc' dir='ltr'><strong>ι</strong></span> <span class='ocrx_word' id='word_1_571' title='bbox 819 2040 887 2068; x_wconf 86' lang='lat' dir='ltr'><strong>Vivo</strong></span> <span class='ocrx_word' id='word_1_572' title='bbox 894 2048 955 2076; x_wconf 77' lang='lat' dir='ltr'><strong>ego,</strong></span> <span class='ocrx_word' id='word_1_573' title='bbox 965 2041 1009 2068; x_wconf 92' lang='lat' dir='ltr'><strong>di-</strong></span> 
     </span>
    </p>
   </div>
   <div class='ocr_carea' id='block_1_75' title="bbox 217 2085 1006 2122">
    <p class='ocr_par' dir='ltr' id='par_1_75' title="bbox 217 2085 1006 2122">
     <span class='ocr_line' id='line_1_75' title="bbox 217 2085 1006 2122; baseline -0.004 -7"><span class='ocrx_word' id='word_1_574' title='bbox 217 2087 255 2115; x_wconf 90' lang='lat' dir='ltr'><strong>cit</strong></span> <span class='ocrx_word' id='word_1_575' title='bbox 268 2086 409 2118; x_wconf 88' lang='lat' dir='ltr'><strong>Dominus,</strong></span> <span class='ocrx_word' id='word_1_576' title='bbox 422 2087 487 2121; x_wconf 84' lang='lat' dir='ltr'><strong>quia</strong></span> <span class='ocrx_word' id='word_1_577' title='bbox 501 2085 685 2122; x_wconf 78' lang='lat' dir='ltr'><strong>gloriﬁcantes</strong></span> <span class='ocrx_word' id='word_1_578' title='bbox 702 2093 746 2113; x_wconf 90' lang='lat' dir='ltr'><strong>me</strong></span> <span class='ocrx_word' id='word_1_579' title='bbox 769 2086 930 2122; x_wconf 79' lang='lat' dir='ltr'><strong>gloriﬁcabo</strong></span> <span class='ocrx_word' id='word_1_580' title='bbox 944 2086 983 2114; x_wconf 62' lang='lat'><strong>‘5?</strong></span> <span class='ocrx_word' id='word_1_581' title='bbox 997 2096 1006 2112; x_wconf 78' lang='grc' dir='ltr'><strong>ι</strong></span> 
     </span>
    </p>
   </div>
   <div class='ocr_carea' id='block_1_76' title="bbox 252 2132 819 2167">
    <p class='ocr_par' dir='ltr' id='par_1_76' title="bbox 252 2132 819 2167">
     <span class='ocr_line' id='line_1_76' title="bbox 252 2132 819 2167; baseline -0.002 -7"><span class='ocrx_word' id='word_1_582' title='bbox 252 2132 352 2160; x_wconf 82' lang='lat' dir='ltr'><strong>PALL.</strong></span> <span class='ocrx_word' id='word_1_583' title='bbox 366 2132 501 2167; x_wconf 85' lang='lat' dir='ltr'><strong>Equidem</strong></span> <span class='ocrx_word' id='word_1_584' title='bbox 518 2132 646 2159; x_wconf 82' lang='lat' dir='ltr'><strong>maxime.</strong></span> <span class='ocrx_word' id='word_1_585' title='bbox 817 2151 819 2154; x_wconf 93' lang='grc'><strong><em>-</em></strong></span> 
     </span>
    </p>
   </div>
   <div class='ocr_carea' id='block_1_77' title="bbox 252 2178 1009 2214">
    <p class='ocr_par' dir='ltr' id='par_1_77' title="bbox 252 2178 1009 2214">
     <span class='ocr_line' id='line_1_77' title="bbox 252 2178 1009 2214; baseline 0 -8"><span class='ocrx_word' id='word_1_586' title='bbox 252 2178 331 2206; x_wconf 79' lang='lat' dir='ltr'><strong>CYR.</strong></span> <span class='ocrx_word' id='word_1_587' title='bbox 346 2178 430 2214; x_wconf 87' lang='lat' dir='ltr'><strong>Atqui</strong></span> <span class='ocrx_word' id='word_1_588' title='bbox 446 2178 555 2214; x_wconf 81' lang='lat' dir='ltr'><strong>perﬁcit</strong></span> <span class='ocrx_word' id='word_1_589' title='bbox 581 2183 655 2206; x_wconf 87' lang='lat' dir='ltr'><strong>certe</strong></span> <span class='ocrx_word' id='word_1_590' title='bbox 681 2187 742 2214; x_wconf 70' lang='lat'><strong>(1033</strong></span> <span class='ocrx_word' id='word_1_591' title='bbox 760 2178 794 2206; x_wconf 89' lang='lat' dir='ltr'><strong>ad</strong></span> <span class='ocrx_word' id='word_1_592' title='bbox 822 2179 870 2207; x_wconf 89' lang='lat' dir='ltr'><strong>Dei</strong></span> <span class='ocrx_word' id='word_1_593' title='bbox 894 2179 1009 2214; x_wconf 78' lang='lat' dir='ltr'><strong>gloriam</strong></span> 
     </span>
    </p>
   </div>
   <div class='ocr_carea' id='block_1_78' title="bbox 218 2225 1012 2261">
    <p class='ocr_par' dir='ltr' id='par_1_78' title="bbox 218 2225 1012 2261">
     <span class='ocr_line' id='line_1_78' title="bbox 218 2225 1012 2261; baseline 0 -7"><span class='ocrx_word' id='word_1_594' title='bbox 218 2226 366 2261; x_wconf 83' lang='lat' dir='ltr'><strong>pertinent,</strong></span> <span class='ocrx_word' id='word_1_595' title='bbox 387 2230 417 2253; x_wconf 90' lang='lat' dir='ltr'><strong>ut</strong></span> <span class='ocrx_word' id='word_1_596' title='bbox 433 2225 546 2260; x_wconf 89' lang='lat' dir='ltr'><strong>opinor,</strong></span> <span class='ocrx_word' id='word_1_597' title='bbox 566 2226 691 2261; x_wconf 82' lang='lat' dir='ltr'><strong>quisquis</strong></span> <span class='ocrx_word' id='word_1_598' title='bbox 717 2225 803 2254; x_wconf 80' lang='lat' dir='ltr'><strong>fuerit</strong></span> <span class='ocrx_word' id='word_1_599' title='bbox 823 2231 963 2258; x_wconf 87' lang='lat' dir='ltr'><strong>strenuus,</strong></span> <span class='ocrx_word' id='word_1_600' title='bbox 983 2231 1012 2255; x_wconf 87' lang='lat' dir='ltr'><strong>et</strong></span> 
     </span>
    </p>
   </div>
   <div class='ocr_carea' id='block_1_79' title="bbox 218 2267 1012 2307">
    <p class='ocr_par' dir='ltr' id='par_1_79' title="bbox 218 2267 1012 2307">
     <span class='ocr_line' id='line_1_79' title="bbox 218 2267 1012 2307; baseline 0 -8"><span class='ocrx_word' id='word_1_601' title='bbox 218 2271 371 2300; x_wconf 77' lang='lat' dir='ltr'><strong>excoluerit</strong></span> <span class='ocrx_word' id='word_1_602' title='bbox 384 2272 556 2307; x_wconf 84' lang='lat' dir='ltr'><strong>spiritualem</strong></span> <span class='ocrx_word' id='word_1_603' title='bbox 584 2271 787 2304; x_wconf 77' lang='lat' dir='ltr'><strong>fortitudinem.</strong></span> <span class='ocrx_word' id='word_1_604' title='bbox 814 2275 843 2299; x_wconf 90' lang='lat' dir='ltr'><strong>et</strong></span> <span class='ocrx_word' id='word_1_605' title='bbox 872 2271 907 2299; x_wconf 83' lang='lat' dir='ltr'><strong>ad</strong></span> <span class='ocrx_word' id='word_1_606' title='bbox 936 2267 1012 2299; x_wconf 83' lang='lat' dir='ltr'><strong>obsi-</strong></span> 
     </span>
    </p>
   </div>
   <div class='ocr_carea' id='block_1_80' title="bbox 218 2318 1012 2353">
    <p class='ocr_par' dir='ltr' id='par_1_80' title="bbox 218 2318 1012 2353">
     <span class='ocr_line' id='line_1_80' title="bbox 218 2318 1012 2353; baseline 0.001 -8"><span class='ocrx_word' id='word_1_607' title='bbox 218 2318 347 2346; x_wconf 86' lang='lat' dir='ltr'><strong>stendum</strong></span> <span class='ocrx_word' id='word_1_608' title='bbox 367 2318 565 2353; x_wconf 82' lang='lat' dir='ltr'><strong>spectabilibus</strong></span> <span class='ocrx_word' id='word_1_609' title='bbox 576 2318 747 2353; x_wconf 88' lang='lat' dir='ltr'><strong>occultisque</strong></span> <span class='ocrx_word' id='word_1_610' title='bbox 771 2318 900 2346; x_wconf 86' lang='lat' dir='ltr'><strong>hostibus</strong></span> <span class='ocrx_word' id='word_1_611' title='bbox 926 2318 1012 2346; x_wconf 81' lang='lat' dir='ltr'><strong>fuerit</strong></span> 
     </span>
    </p>
   </div>
   <div class='ocr_carea' id='block_1_81' title="bbox 218 2365 1011 2400">
    <p class='ocr_par' dir='ltr' id='par_1_81' title="bbox 218 2365 1011 2400">
     <span class='ocr_line' id='line_1_81' title="bbox 218 2365 1011 2400; baseline 0.001 -9"><span class='ocrx_word' id='word_1_612' title='bbox 218 2365 397 2397; x_wconf 82' lang='lat' dir='ltr'><strong>exercitatus,</strong></span> <span class='ocrx_word' id='word_1_613' title='bbox 412 2373 497 2400; x_wconf 88' lang='lat' dir='ltr'><strong>seque</strong></span> <span class='ocrx_word' id='word_1_614' title='bbox 516 2368 544 2392; x_wconf 89' lang='lat' dir='ltr'><strong>et</strong></span> <span class='ocrx_word' id='word_1_615' title='bbox 571 2370 686 2392; x_wconf 67' lang='lat' dir='ltr'><strong>caeteros</strong></span> <span class='ocrx_word' id='word_1_616' title='bbox 710 2372 822 2392; x_wconf 84' lang='lat' dir='ltr'><strong>servare</strong></span> <span class='ocrx_word' id='word_1_617' title='bbox 847 2365 967 2398; x_wconf 80' lang='lat' dir='ltr'><strong>noverit,</strong></span> <span class='ocrx_word' id='word_1_618' title='bbox 982 2369 1011 2393; x_wconf 85' lang='lat' dir='ltr'><strong>et</strong></span> 
     </span>
    </p>
   </div>
   <div class='ocr_carea' id='block_1_82' title="bbox 219 2410 566 2447">
    <p class='ocr_par' dir='ltr' id='par_1_82' title="bbox 219 2410 566 2447">
     <span class='ocr_line' id='line_1_82' title="bbox 219 2410 566 2447; baseline 0.003 -10"><span class='ocrx_word' id='word_1_619' title='bbox 219 2410 311 2438; x_wconf 89' lang='lat' dir='ltr'><strong>omnia</strong></span> <span class='ocrx_word' id='word_1_620' title='bbox 325 2411 353 2438; x_wconf 89' lang='lat' dir='ltr'><strong>in</strong></span> <span class='ocrx_word' id='word_1_621' title='bbox 367 2411 424 2438; x_wconf 86' lang='lat' dir='ltr'><strong>Deo</strong></span> <span class='ocrx_word' id='word_1_622' title='bbox 436 2411 566 2447; x_wconf 89' lang='lat' dir='ltr'><strong>potuerit.</strong></span> 
     </span>
    </p>
   </div>
   <div class='ocr_carea' id='block_1_83' title="bbox 255 2457 523 2486">
    <p class='ocr_par' dir='ltr' id='par_1_83' title="bbox 255 2457 523 2486">
     <span class='ocr_line' id='line_1_83' title="bbox 255 2457 523 2486; baseline 0.004 -1"><span class='ocrx_word' id='word_1_623' title='bbox 255 2457 354 2485; x_wconf 86' lang='lat' dir='ltr'><strong>PALL.</strong></span> <span class='ocrx_word' id='word_1_624' title='bbox 370 2458 523 2486; x_wconf 82' lang='lat' dir='ltr'><strong>Assentior.</strong></span> 
     </span>
    </p>
   </div>
   <div class='ocr_carea' id='block_1_84' title="bbox 255 2503 1012 2542">
    <p class='ocr_par' dir='ltr' id='par_1_84' title="bbox 255 2503 1012 2542">
     <span class='ocr_line' id='line_1_84' title="bbox 255 2503 1012 2542; baseline 0.005 -11"><span class='ocrx_word' id='word_1_625' title='bbox 255 2503 333 2531; x_wconf 82' lang='lat' dir='ltr'><strong>CYR.</strong></span> <span class='ocrx_word' id='word_1_626' title='bbox 346 2504 428 2532; x_wconf 84' lang='lat' dir='ltr'><strong>Visne</strong></span> <span class='ocrx_word' id='word_1_627' title='bbox 440 2504 523 2540; x_wconf 78' lang='lat' dir='ltr'><strong>igitur</strong></span> <span class='ocrx_word' id='word_1_628' title='bbox 538 2505 591 2533; x_wconf 89' lang='lat' dir='ltr'><strong>hoc</strong></span> <span class='ocrx_word' id='word_1_629' title='bbox 611 2505 699 2541; x_wconf 85' lang='lat' dir='ltr'><strong>ipsum</strong></span> <span class='ocrx_word' id='word_1_630' title='bbox 716 2506 743 2533; x_wconf 91' lang='lat' dir='ltr'><strong>in</strong></span> <span class='ocrx_word' id='word_1_631' title='bbox 763 2506 797 2534; x_wconf 89' lang='lat' dir='ltr'><strong>iis</strong></span> <span class='ocrx_word' id='word_1_632' title='bbox 810 2515 871 2542; x_wconf 63' lang='lat' dir='ltr'><strong>qum</strong></span> <span class='ocrx_word' id='word_1_633' title='bbox 886 2507 920 2535; x_wconf 90' lang='lat' dir='ltr'><strong>de</strong></span> <span class='ocrx_word' id='word_1_634' title='bbox 948 2507 1012 2535; x_wconf 86' lang='lat' dir='ltr'><strong>bea-</strong></span> 
     </span>
    </p>
   </div>
   <div class='ocr_carea' id='block_1_85' title="bbox 221 2549 1011 2580">
    <p class='ocr_par' dir='ltr' id='par_1_85' title="bbox 221 2549 1011 2580">
     <span class='ocr_line' id='line_1_85' title="bbox 221 2549 1011 2580; baseline 0.004 -2"><span class='ocrx_word' id='word_1_635' title='bbox 221 2555 250 2578; x_wconf 91' lang='lat' dir='ltr'><strong>to</strong></span> <span class='ocrx_word' id='word_1_636' title='bbox 265 2549 404 2576; x_wconf 80' lang='lat' dir='ltr'><strong>Abraham</strong></span> <span class='ocrx_word' id='word_1_637' title='bbox 421 2549 456 2577; x_wconf 88' lang='lat' dir='ltr'><strong>ad</strong></span> <span class='ocrx_word' id='word_1_638' title='bbox 470 2550 617 2578; x_wconf 86' lang='lat' dir='ltr'><strong>maximam</strong></span> <span class='ocrx_word' id='word_1_639' title='bbox 642 2551 789 2579; x_wconf 85' lang='lat' dir='ltr'><strong>utilitatem</strong></span> <span class='ocrx_word' id='word_1_640' title='bbox 808 2557 931 2580; x_wconf 90' lang='lat' dir='ltr'><strong>nostram</strong></span> <span class='ocrx_word' id='word_1_641' title='bbox 947 2561 1011 2580; x_wconf 89' lang='lat' dir='ltr'><strong>nar-</strong></span> 
     </span>
    </p>
   </div>
   <div class='ocr_carea' id='block_1_86' title="bbox 221 2595 1013 2633">
    <p class='ocr_par' dir='ltr' id='par_1_86' title="bbox 221 2595 1013 2633">
     <span class='ocr_line' id='line_1_86' title="bbox 221 2595 1013 2633; baseline 0.008 -12"><span class='ocrx_word' id='word_1_642' title='bbox 221 2599 329 2628; x_wconf 86' lang='lat' dir='ltr'><strong>rantur,</strong></span> <span class='ocrx_word' id='word_1_643' title='bbox 345 2596 422 2623; x_wconf 87' lang='lat' dir='ltr'><strong>velut</strong></span> <span class='ocrx_word' id='word_1_644' title='bbox 450 2595 478 2623; x_wconf 90' lang='lat' dir='ltr'><strong>in</strong></span> <span class='ocrx_word' id='word_1_645' title='bbox 492 2596 586 2625; x_wconf 84' lang='lat' dir='ltr'><strong>tabula</strong></span> <span class='ocrx_word' id='word_1_646' title='bbox 603 2598 722 2633; x_wconf 86' lang='lat' dir='ltr'><strong>quadam</strong></span> <span class='ocrx_word' id='word_1_647' title='bbox 734 2599 835 2627; x_wconf 87' lang='lat' dir='ltr'><strong>leviter</strong></span> <span class='ocrx_word' id='word_1_648' title='bbox 864 2599 1013 2628; x_wconf 87' lang='lat' dir='ltr'><strong>adumbra-</strong></span> 
     </span>
    </p>
   </div>
   <div class='ocr_carea' id='block_1_87' title="bbox 220 2641 532 2678">
    <p class='ocr_par' dir='ltr' id='par_1_87' title="bbox 220 2641 532 2678">
     <span class='ocr_line' id='line_1_87' title="bbox 220 2641 532 2678; baseline 0.003 -10"><span class='ocrx_word' id='word_1_649' title='bbox 220 2643 281 2668; x_wconf 88' lang='lat' dir='ltr'><strong>tum</strong></span> <span class='ocrx_word' id='word_1_650' title='bbox 295 2641 532 2678; x_wconf 82' lang='lat' dir='ltr'><strong>contemplemur?</strong></span> 
     </span>
    </p>
   </div>
   <div class='ocr_carea' id='block_1_88' title="bbox 257 2687 941 2726">
    <p class='ocr_par' dir='ltr' id='par_1_88' title="bbox 257 2687 941 2726">
     <span class='ocr_line' id='line_1_88' title="bbox 257 2687 941 2726; baseline 0.001 -9"><span class='ocrx_word' id='word_1_651' title='bbox 257 2687 356 2717; x_wconf 82' lang='lat' dir='ltr'><strong>PALL.</strong></span> <span class='ocrx_word' id='word_1_652' title='bbox 366 2688 453 2716; x_wconf 80' lang='lat' dir='ltr'><strong>Velim</strong></span> <span class='ocrx_word' id='word_1_653' title='bbox 464 2690 592 2725; x_wconf 87' lang='lat' dir='ltr'><strong>equidem</strong></span> <span class='ocrx_word' id='word_1_654' title='bbox 603 2690 804 2724; x_wconf 85' lang='lat' dir='ltr'><strong>libentissime;</strong></span> <span class='ocrx_word' id='word_1_655' title='bbox 821 2691 941 2726; x_wconf 84' lang='lat' dir='ltr'><strong>quidni?</strong></span> 
     </span>
    </p>
   </div>
   <div class='ocr_carea' id='block_1_89' title="bbox 256 2732 1013 2772">
    <p class='ocr_par' dir='ltr' id='par_1_89' title="bbox 256 2732 1013 2772">
     <span class='ocr_line' id='line_1_89' title="bbox 256 2732 1013 2772; baseline 0.003 -10"><span class='ocrx_word' id='word_1_656' title='bbox 256 2732 336 2762; x_wconf 77' lang='lat' dir='ltr'><strong>CYR.</strong></span> <span class='ocrx_word' id='word_1_657' title='bbox 354 2734 494 2771; x_wconf 85' lang='lat' dir='ltr'><strong>Scriptum</strong></span> <span class='ocrx_word' id='word_1_658' title='bbox 516 2741 558 2764; x_wconf 88' lang='lat' dir='ltr'><strong>est</strong></span> <span class='ocrx_word' id='word_1_659' title='bbox 578 2737 672 2772; x_wconf 81' lang='lat' dir='ltr'><strong>igitur,</strong></span> <span class='ocrx_word' id='word_1_660' title='bbox 694 2736 746 2764; x_wconf 89' lang='lat' dir='ltr'><strong>Lot</strong></span> <span class='ocrx_word' id='word_1_661' title='bbox 765 2737 906 2765; x_wconf 83' lang='lat' dir='ltr'><strong>habitasse</strong></span> <span class='ocrx_word' id='word_1_662' title='bbox 918 2744 1013 2764; x_wconf 84' lang='lat' dir='ltr'><strong>versa—</strong></span> 
     </span>
    </p>
   </div>
   <div class='ocr_carea' id='block_1_90' title="bbox 223 2781 1015 2818">
    <p class='ocr_par' dir='ltr' id='par_1_90' title="bbox 223 2781 1015 2818">
     <span class='ocr_line' id='line_1_90' title="bbox 223 2781 1015 2818; baseline 0.004 -12"><span class='ocrx_word' id='word_1_663' title='bbox 223 2782 336 2816; x_wconf 80' lang='lat' dir='ltr'><strong>tumque</strong></span> <span class='ocrx_word' id='word_1_664' title='bbox 351 2789 412 2809; x_wconf 87' lang='lat' dir='ltr'><strong>esse</strong></span> <span class='ocrx_word' id='word_1_665' title='bbox 425 2781 552 2810; x_wconf 88' lang='lat' dir='ltr'><strong>Sodomis</strong></span> <span class='ocrx_word' id='word_1_666' title='bbox 561 2782 583 2799; x_wconf 82' lang='lat'><strong>&quot;</strong></span> <span class='ocrx_word' id='word_1_667' title='bbox 597 2791 604 2815; x_wconf 88' lang='lat'>;</span> <span class='ocrx_word' id='word_1_668' title='bbox 622 2790 686 2809; x_wconf 89' lang='lat' dir='ltr'><strong>cum</strong></span> <span class='ocrx_word' id='word_1_669' title='bbox 707 2790 773 2810; x_wconf 80' lang='lat' dir='ltr'><strong>vero</strong></span> <span class='ocrx_word' id='word_1_670' title='bbox 786 2790 868 2818; x_wconf 82' lang='lat' dir='ltr'><strong>grave</strong></span> <span class='ocrx_word' id='word_1_671' title='bbox 889 2788 917 2811; x_wconf 86' lang='lat' dir='ltr'><strong>et</strong></span> <span class='ocrx_word' id='word_1_672' title='bbox 934 2791 1015 2817; x_wconf 86' lang='lat' dir='ltr'><strong>aspe-</strong></span> 
     </span>
    </p>
   </div>
   <div class='ocr_carea' id='block_1_91' title="bbox 260 2871 1067 2905">
    <p class='ocr_par' dir='ltr' id='par_1_91' title="bbox 260 2871 1067 2905">
     <span class='ocr_line' id='line_1_91' title="bbox 260 2871 1067 2905; baseline -0.002 -5"><span class='ocrx_word' id='word_1_673' title='bbox 260 2873 280 2888; x_wconf 80' lang='lat'>“</span> <span class='ocrx_word' id='word_1_674' title='bbox 296 2872 376 2900; x_wconf 88' lang='lat' dir='ltr'><strong>Num.</strong></span> <span class='ocrx_word' id='word_1_675' title='bbox 392 2880 463 2899; x_wconf 74' lang='lat' dir='ltr'><strong>xxvi.</strong></span> <span class='ocrx_word' id='word_1_676' title='bbox 477 2871 520 2900; x_wconf 78' lang='lat'><strong>65.</strong></span> <span class='ocrx_word' id='word_1_677' title='bbox 562 2872 581 2888; x_wconf 70' lang='grc'><strong>⁸³</strong></span> <span class='ocrx_word' id='word_1_678' title='bbox 597 2872 667 2900; x_wconf 82' lang='lat' dir='ltr'><strong>Psal.</strong></span> <span class='ocrx_word' id='word_1_679' title='bbox 682 2880 772 2905; x_wconf 85' lang='lat' dir='ltr'><strong>vam,</strong></span> <span class='ocrx_word' id='word_1_680' title='bbox 793 2871 837 2899; x_wconf 73' lang='lat'><strong>‘29.</strong></span> <span class='ocrx_word' id='word_1_681' title='bbox 881 2872 901 2888; x_wconf 54' lang='lat'><strong>‘7</strong></span> <span class='ocrx_word' id='word_1_682' title='bbox 915 2872 966 2900; x_wconf 79' lang='lat' dir='ltr'><strong>lsa.</strong></span> <span class='ocrx_word' id='word_1_683' title='bbox 988 2871 1067 2903; x_wconf 80' lang='lat' dir='ltr'><strong>x.‘2|.</strong></span> 
     </span>
    </p>
   </div>
   <div class='ocr_carea' id='block_1_92' title="bbox 225 2907 446 2941">
    <p class='ocr_par' dir='ltr' id='par_1_92' title="bbox 225 2907 446 2941">
     <span class='ocr_line' id='line_1_92' title="bbox 225 2907 446 2941; baseline -0.014 -5"><span class='ocrx_word' id='word_1_684' title='bbox 225 2908 247 2928; x_wconf 77' lang='grc'>⁸⁷</span> <span class='ocrx_word' id='word_1_685' title='bbox 257 2907 324 2936; x_wconf 78' lang='lat' dir='ltr'><strong>Gen.</strong></span> <span class='ocrx_word' id='word_1_686' title='bbox 339 2915 392 2941; x_wconf 80' lang='lat' dir='ltr'><strong>xiv,</strong></span> <span class='ocrx_word' id='word_1_687' title='bbox 405 2907 446 2934; x_wconf 70' lang='grc'><strong>12.</strong></span> 
     </span>
    </p>
   </div>
   <div class='ocr_carea' id='block_1_93' title="bbox 1060 1762 1856 1800">
    <p class='ocr_par' dir='ltr' id='par_1_93' title="bbox 1060 1762 1856 1800">
     <span class='ocr_line' id='line_1_93' title="bbox 1060 1762 1856 1800; baseline -0.003 -9"><span class='ocrx_word' id='word_1_688' title='bbox 1060 1764 1124 1800; x_wconf 79' lang='grc' dir='ltr'>μίας</span> <span class='ocrx_word' id='word_1_689' title='bbox 1141 1765 1207 1800; x_wconf 82' lang='grc' dir='ltr'>ἡμῖν</span> <span class='ocrx_word' id='word_1_690' title='bbox 1222 1765 1274 1799; x_wconf 70' lang='grc' dir='ltr'><strong>ἔφη</strong></span> <span class='ocrx_word' id='word_1_691' title='bbox 1286 1765 1375 1798; x_wconf 81' lang='grc' dir='ltr'>λόγος·</span> <span class='ocrx_word' id='word_1_692' title='bbox 1399 1773 1407 1790; x_wconf 87' lang='grc' dir='ltr'><strong>ι</strong></span> <span class='ocrx_word' id='word_1_693' title='bbox 1430 1763 1550 1790; x_wconf 78' lang='grc' dir='ltr'>Πλούτου</span> <span class='ocrx_word' id='word_1_694' title='bbox 1565 1762 1676 1798; x_wconf 73' lang='grc' dir='ltr'>ὸκνηροὶ</span> <span class='ocrx_word' id='word_1_695' title='bbox 1692 1762 1794 1794; x_wconf 77' lang='grc' dir='ltr'><strong>ἐνδεεῖς</strong></span> <span class='ocrx_word' id='word_1_696' title='bbox 1813 1762 1856 1797; x_wconf 85' lang='grc' dir='ltr'>γί-</span> 
     </span>
    </p>
   </div>
   <div class='ocr_carea' id='block_1_94' title="bbox 1060 1809 1696 1847">
    <p class='ocr_par' dir='ltr' id='par_1_94' title="bbox 1060 1809 1696 1847">
     <span class='ocr_line' id='line_1_94' title="bbox 1060 1809 1696 1847; baseline -0.003 -10"><span class='ocrx_word' id='word_1_697' title='bbox 1060 1819 1159 1837; x_wconf 88' lang='grc' dir='ltr'>νονται·</span> <span class='ocrx_word' id='word_1_698' title='bbox 1174 1811 1198 1837; x_wconf 79' lang='grc' dir='ltr'>οἱ</span> <span class='ocrx_word' id='word_1_699' title='bbox 1215 1810 1242 1837; x_wconf 83' lang='grc' dir='ltr'><strong>δὲ</strong></span> <span class='ocrx_word' id='word_1_700' title='bbox 1256 1811 1372 1847; x_wconf 76' lang='grc' dir='ltr'>ἀνδρεῖοι</span> <span class='ocrx_word' id='word_1_701' title='bbox 1384 1809 1533 1846; x_wconf 82' lang='grc' dir='ltr'>ὲρείδονται</span> <span class='ocrx_word' id='word_1_702' title='bbox 1550 1809 1669 1845; x_wconf 84' lang='grc' dir='ltr'>πλούτῳ.</span> <span class='ocrx_word' id='word_1_703' title='bbox 1687 1818 1696 1834; x_wconf 82' lang='grc'><strong>›</strong></span> 
     </span>
    </p>
   </div>
   <div class='ocr_carea' id='block_1_95' title="bbox 1095 1853 1858 1893">
    <p class='ocr_par' dir='ltr' id='par_1_95' title="bbox 1095 1853 1858 1893">
     <span class='ocr_line' id='line_1_95' title="bbox 1095 1853 1858 1893; baseline -0.003 -9"><span class='ocrx_word' id='word_1_704' title='bbox 1095 1857 1178 1884; x_wconf 82' lang='grc' dir='ltr'><strong>ΚΥΡ.</strong></span> <span class='ocrx_word' id='word_1_705' title='bbox 1198 1857 1361 1893; x_wconf 84' lang='grc' dir='ltr'>Ἑρείδονται</span> <span class='ocrx_word' id='word_1_706' title='bbox 1375 1857 1429 1892; x_wconf 80' lang='grc' dir='ltr'><strong>γὰρ</strong></span> <span class='ocrx_word' id='word_1_707' title='bbox 1450 1853 1508 1888; x_wconf 77' lang='grc' dir='ltr'>οὖν,</span> <span class='ocrx_word' id='word_1_708' title='bbox 1524 1855 1571 1882; x_wconf 78' lang='grc' dir='ltr'>καὶ</span> <span class='ocrx_word' id='word_1_709' title='bbox 1594 1855 1661 1882; x_wconf 84' lang='grc' dir='ltr'><strong>Θεὸν</strong></span> <span class='ocrx_word' id='word_1_710' title='bbox 1685 1854 1795 1890; x_wconf 75' lang='grc' dir='ltr'>ἔχουσιν</span> <span class='ocrx_word' id='word_1_711' title='bbox 1813 1855 1858 1882; x_wconf 79' lang='grc' dir='ltr'><strong>εὑ-</strong></span> 
     </span>
    </p>
   </div>
   <div class='ocr_carea' id='block_1_96' title="bbox 1062 1900 1858 1936">
    <p class='ocr_par' dir='ltr' id='par_1_96' title="bbox 1062 1900 1858 1936">
     <span class='ocr_line' id='line_1_96' title="bbox 1062 1900 1858 1936; baseline -0.001 -9"><span class='ocrx_word' id='word_1_712' title='bbox 1062 1901 1132 1936; x_wconf 85' lang='grc' dir='ltr'>μενῆ</span> <span class='ocrx_word' id='word_1_713' title='bbox 1143 1901 1191 1927; x_wconf 77' lang='grc' dir='ltr'>καὶ</span> <span class='ocrx_word' id='word_1_714' title='bbox 1206 1901 1405 1936; x_wconf 77' lang='grc' dir='ltr'>προεστηκότα,</span> <span class='ocrx_word' id='word_1_715' title='bbox 1421 1900 1469 1927; x_wconf 72' lang='grc' dir='ltr'>καὶ</span> <span class='ocrx_word' id='word_1_716' title='bbox 1482 1900 1699 1927; x_wconf 77' lang='grc' dir='ltr'>καταπιαίνοντα</span> <span class='ocrx_word' id='word_1_717' title='bbox 1717 1900 1769 1936; x_wconf 85' lang='grc' dir='ltr'>μὲν</span> <span class='ocrx_word' id='word_1_718' title='bbox 1783 1900 1858 1926; x_wconf 78' lang='grc' dir='ltr'>εὐλο-</span> 
     </span>
    </p>
   </div>
   <div class='ocr_carea' id='block_1_97' title="bbox 1060 1946 1858 1983">
    <p class='ocr_par' dir='ltr' id='par_1_97' title="bbox 1060 1946 1858 1983">
     <span class='ocr_line' id='line_1_97' title="bbox 1060 1946 1858 1983; baseline -0.001 -9"><span class='ocrx_word' id='word_1_719' title='bbox 1060 1947 1133 1981; x_wconf 83' lang='grc' dir='ltr'>γίαις</span> <span class='ocrx_word' id='word_1_720' title='bbox 1144 1948 1206 1979; x_wconf 81' lang='grc' dir='ltr'>ταῖς</span> <span class='ocrx_word' id='word_1_721' title='bbox 1219 1947 1331 1979; x_wconf 78' lang='grc' dir='ltr'>ἄνωθεν,</span> <span class='ocrx_word' id='word_1_722' title='bbox 1345 1947 1548 1983; x_wconf 83' lang='grc' dir='ltr'>διαφανεστάτῃ</span> <span class='ocrx_word' id='word_1_723' title='bbox 1559 1946 1588 1973; x_wconf 83' lang='grc' dir='ltr'><strong>δὲ</strong></span> <span class='ocrx_word' id='word_1_724' title='bbox 1597 1946 1658 1974; x_wconf 89' lang='grc' dir='ltr'>λίαν</span> <span class='ocrx_word' id='word_1_725' title='bbox 1671 1946 1858 1980; x_wconf 76' lang='grc' dir='ltr'>στεφανοῦντα</span> 
     </span>
    </p>
   </div>
   <div class='ocr_carea' id='block_1_98' title="bbox 1060 1992 1855 2029">
    <p class='ocr_par' dir='ltr' id='par_1_98' title="bbox 1060 1992 1855 2029">
     <span class='ocr_line' id='line_1_98' title="bbox 1060 1992 1855 2029; baseline -0.001 -9"><span class='ocrx_word' id='word_1_726' title='bbox 1060 1995 1137 2029; x_wconf 78' lang='grc' dir='ltr'>τιμῇ,</span> <span class='ocrx_word' id='word_1_727' title='bbox 1153 1995 1199 2020; x_wconf 55' lang='grc' dir='ltr'><strong>καὶ¹</strong></span> <span class='ocrx_word' id='word_1_728' title='bbox 1213 1993 1367 2029; x_wconf 77' lang='grc' dir='ltr'>διαδοήτοις</span> <span class='ocrx_word' id='word_1_729' title='bbox 1386 1992 1526 2029; x_wconf 75' lang='grc' dir='ltr'>αὐχήμασι</span> <span class='ocrx_word' id='word_1_730' title='bbox 1556 1992 1691 2024; x_wconf 84' lang='grc' dir='ltr'>πλουσίως</span> <span class='ocrx_word' id='word_1_731' title='bbox 1715 1993 1855 2019; x_wconf 85' lang='grc' dir='ltr'>κατακαλ-</span> 
     </span>
    </p>
   </div>
   <div class='ocr_carea' id='block_1_99' title="bbox 1060 2038 1858 2075">
    <p class='ocr_par' dir='ltr' id='par_1_99' title="bbox 1060 2038 1858 2075">
     <span class='ocr_line' id='line_1_99' title="bbox 1060 2038 1858 2075; baseline 0 -10"><span class='ocrx_word' id='word_1_732' title='bbox 1060 2039 1183 2066; x_wconf 79' lang='grc' dir='ltr'>λύνοντα.</span> <span class='ocrx_word' id='word_1_733' title='bbox 1198 2039 1233 2066; x_wconf 86' lang='lat' dir='ltr'><strong>&#39;H</strong></span> <span class='ocrx_word' id='word_1_734' title='bbox 1251 2039 1301 2066; x_wconf 80' lang='grc' dir='ltr'>οὐκ</span> <span class='ocrx_word' id='word_1_735' title='bbox 1322 2039 1467 2075; x_wconf 80' lang='grc' dir='ltr'><strong>ἀληθεύει,</strong></span> <span class='ocrx_word' id='word_1_736' title='bbox 1482 2038 1578 2073; x_wconf 75' lang='grc' dir='ltr'>λέγων’</span> <span class='ocrx_word' id='word_1_737' title='bbox 1597 2048 1606 2064; x_wconf 78' lang='grc' dir='ltr'><strong>ι</strong></span> <span class='ocrx_word' id='word_1_738' title='bbox 1638 2038 1682 2066; x_wconf 83' lang='grc' dir='ltr'><strong>Ζῶ</strong></span> <span class='ocrx_word' id='word_1_739' title='bbox 1699 2039 1767 2074; x_wconf 70' lang='grc' dir='ltr'>ἐγὼ,</span> <span class='ocrx_word' id='word_1_740' title='bbox 1783 2039 1858 2073; x_wconf 74' lang='grc' dir='ltr'>λέγει</span> 
     </span>
    </p>
   </div>
   <div class='ocr_carea' id='block_1_100' title="bbox 1061 2084 1701 2121">
    <p class='ocr_par' dir='ltr' id='par_1_100' title="bbox 1061 2084 1701 2121">
     <span class='ocr_line' id='line_1_100' title="bbox 1061 2084 1701 2121; baseline -0.002 -9"><span class='ocrx_word' id='word_1_741' title='bbox 1061 2085 1173 2121; x_wconf 80' lang='grc' dir='ltr'>Κύριος,</span> <span class='ocrx_word' id='word_1_742' title='bbox 1192 2085 1233 2112; x_wconf 80' lang='grc' dir='ltr'>ὅτι</span> <span class='ocrx_word' id='word_1_743' title='bbox 1246 2085 1308 2116; x_wconf 77' lang='grc' dir='ltr'>τοὺς</span> <span class='ocrx_word' id='word_1_744' title='bbox 1321 2084 1482 2118; x_wconf 73' lang='grc' dir='ltr'>δοξάζοντας</span> <span class='ocrx_word' id='word_1_745' title='bbox 1499 2093 1533 2119; x_wconf 81' lang='grc' dir='ltr'><strong>με</strong></span> <span class='ocrx_word' id='word_1_746' title='bbox 1549 2084 1671 2118; x_wconf 75' lang='grc' dir='ltr'>δοξάσως</span> <span class='ocrx_word' id='word_1_747' title='bbox 1691 2094 1701 2111; x_wconf 73' lang='grc' dir='ltr'><strong>ι</strong></span> 
     </span>
    </p>
   </div>
   <div class='ocr_carea' id='block_1_101' title="bbox 1097 2129 1431 2167">
    <p class='ocr_par' dir='ltr' id='par_1_101' title="bbox 1097 2129 1431 2167">
     <span class='ocr_line' id='line_1_101' title="bbox 1097 2129 1431 2167; baseline 0 -9"><span class='ocrx_word' id='word_1_748' title='bbox 1097 2132 1202 2158; x_wconf 85' lang='grc' dir='ltr'>ΠΑΛΛ.</span> <span class='ocrx_word' id='word_1_749' title='bbox 1219 2131 1293 2158; x_wconf 82' lang='grc' dir='ltr'>Πάνυ</span> <span class='ocrx_word' id='word_1_750' title='bbox 1309 2131 1358 2167; x_wconf 80' lang='grc' dir='ltr'>μὲν</span> <span class='ocrx_word' id='word_1_751' title='bbox 1374 2129 1431 2159; x_wconf 80' lang='grc' dir='ltr'>οὖν.</span> 
     </span>
    </p>
   </div>
   <div class='ocr_carea' id='block_1_102' title="bbox 1097 2176 1859 2214">
    <p class='ocr_par' dir='ltr' id='par_1_102' title="bbox 1097 2176 1859 2214">
     <span class='ocr_line' id='line_1_102' title="bbox 1097 2176 1859 2214; baseline -0.001 -10"><span class='ocrx_word' id='word_1_752' title='bbox 1097 2178 1180 2204; x_wconf 82' lang='grc' dir='ltr'><strong>ΚΥΡ.</strong></span> <span class='ocrx_word' id='word_1_753' title='bbox 1203 2177 1396 2214; x_wconf 76' lang='grc' dir='ltr'>’Λποπεραίνει</span> <span class='ocrx_word' id='word_1_754' title='bbox 1408 2186 1439 2212; x_wconf 88' lang='grc' dir='ltr'><strong>γε</strong></span> <span class='ocrx_word' id='word_1_755' title='bbox 1453 2178 1506 2213; x_wconf 79' lang='grc' dir='ltr'><strong>μὴν</strong></span> <span class='ocrx_word' id='word_1_756' title='bbox 1515 2177 1551 2204; x_wconf 85' lang='grc' dir='ltr'><strong>τὰ</strong></span> <span class='ocrx_word' id='word_1_757' title='bbox 1569 2177 1610 2209; x_wconf 82' lang='grc' dir='ltr'><strong>εἰς</strong></span> <span class='ocrx_word' id='word_1_758' title='bbox 1624 2176 1703 2210; x_wconf 78' lang='grc' dir='ltr'>δόξαν</span> <span class='ocrx_word' id='word_1_759' title='bbox 1720 2176 1788 2203; x_wconf 85' lang='grc' dir='ltr'><strong>Θεοῦ</strong></span> <span class='ocrx_word' id='word_1_760' title='bbox 1806 2177 1859 2208; x_wconf 81' lang='grc' dir='ltr'><strong>πᾶς</strong></span> 
     </span>
    </p>
   </div>
   <div class='ocr_carea' id='block_1_103' title="bbox 1061 2221 1860 2259">
    <p class='ocr_par' dir='ltr' id='par_1_103' title="bbox 1061 2221 1860 2259">
     <span class='ocr_line' id='line_1_103' title="bbox 1061 2221 1860 2259; baseline -0.001 -9"><span class='ocrx_word' id='word_1_761' title='bbox 1061 2233 1103 2256; x_wconf 77' lang='grc' dir='ltr'><strong>τις</strong></span> <span class='ocrx_word' id='word_1_762' title='bbox 1116 2221 1178 2257; x_wconf 77' lang='grc' dir='ltr'>οὖν,</span> <span class='ocrx_word' id='word_1_763' title='bbox 1195 2221 1293 2259; x_wconf 80' lang='grc' dir='ltr'>οἶμαι,</span> <span class='ocrx_word' id='word_1_764' title='bbox 1308 2223 1450 2257; x_wconf 76' lang='grc' dir='ltr'>νεανικὸς,</span> <span class='ocrx_word' id='word_1_765' title='bbox 1467 2224 1514 2250; x_wconf 74' lang='grc' dir='ltr'>καὶ</span> <span class='ocrx_word' id='word_1_766' title='bbox 1538 2223 1705 2259; x_wconf 76' lang='grc' dir='ltr'>ὲπησκηκὼς</span> <span class='ocrx_word' id='word_1_767' title='bbox 1731 2223 1860 2259; x_wconf 79' lang='grc' dir='ltr'>ἀνδρείαν</span> 
     </span>
    </p>
   </div>
   <div class='ocr_carea' id='block_1_104' title="bbox 1062 2268 1859 2306">
    <p class='ocr_par' dir='ltr' id='par_1_104' title="bbox 1062 2268 1859 2306">
     <span class='ocr_line' id='line_1_104' title="bbox 1062 2268 1859 2306; baseline -0.004 -9"><span class='ocrx_word' id='word_1_768' title='bbox 1062 2270 1111 2306; x_wconf 80' lang='grc' dir='ltr'>τὴν</span> <span class='ocrx_word' id='word_1_769' title='bbox 1130 2270 1339 2306; x_wconf 82' lang='grc' dir='ltr'>πνευματικὴν,</span> <span class='ocrx_word' id='word_1_770' title='bbox 1355 2270 1404 2296; x_wconf 77' lang='grc' dir='ltr'>καὶ</span> <span class='ocrx_word' id='word_1_771' title='bbox 1426 2270 1637 2297; x_wconf 84' lang='grc' dir='ltr'>ἀντανίστασθαι</span> <span class='ocrx_word' id='word_1_772' title='bbox 1662 2268 1859 2304; x_wconf 76' lang='grc' dir='ltr'>μεμελετηκὼς</span> 
     </span>
    </p>
   </div>
   <div class='ocr_carea' id='block_1_105' title="bbox 1062 2314 1859 2352">
    <p class='ocr_par' dir='ltr' id='par_1_105' title="bbox 1062 2314 1859 2352">
     <span class='ocr_line' id='line_1_105' title="bbox 1062 2314 1859 2352; baseline -0.001 -9"><span class='ocrx_word' id='word_1_773' title='bbox 1062 2317 1169 2352; x_wconf 77' lang='grc' dir='ltr'>ὁρατοῖς</span> <span class='ocrx_word' id='word_1_774' title='bbox 1181 2325 1212 2343; x_wconf 82' lang='grc' dir='ltr'><strong>τε</strong></span> <span class='ocrx_word' id='word_1_775' title='bbox 1231 2317 1278 2343; x_wconf 48' lang='grc' dir='ltr'><strong>καὶ⁸</strong></span> <span class='ocrx_word' id='word_1_776' title='bbox 1292 2317 1417 2352; x_wconf 77' lang='grc' dir='ltr'>ἀοράτοις</span> <span class='ocrx_word' id='word_1_777' title='bbox 1432 2316 1558 2352; x_wconf 78' lang='grc' dir='ltr'>ἐχθροῖς,</span> <span class='ocrx_word' id='word_1_778' title='bbox 1576 2315 1672 2343; x_wconf 77' lang='grc' dir='ltr'>ἑαυτόν</span> <span class='ocrx_word' id='word_1_779' title='bbox 1688 2324 1719 2342; x_wconf 79' lang='grc' dir='ltr'><strong>τε</strong></span> <span class='ocrx_word' id='word_1_780' title='bbox 1737 2315 1784 2342; x_wconf 79' lang='grc' dir='ltr'>καὶ</span> <span class='ocrx_word' id='word_1_781' title='bbox 1802 2314 1859 2342; x_wconf 67' lang='grc' dir='ltr'><strong>ἐτι--</strong></span> 
     </span>
    </p>
   </div>
   <div class='ocr_carea' id='block_1_106' title="bbox 1065 2362 1859 2399">
    <p class='ocr_par' dir='ltr' id='par_1_106' title="bbox 1065 2362 1859 2399">
     <span class='ocr_line' id='line_1_106' title="bbox 1065 2362 1859 2399; baseline -0.001 -9"><span class='ocrx_word' id='word_1_782' title='bbox 1065 2372 1128 2399; x_wconf 84' lang='grc' dir='ltr'>ρους</span> <span class='ocrx_word' id='word_1_783' title='bbox 1153 2362 1304 2395; x_wconf 78' lang='grc' dir='ltr'>ἀνασώζειν</span> <span class='ocrx_word' id='word_1_784' title='bbox 1330 2362 1425 2396; x_wconf 76' lang='grc' dir='ltr'>εἰδὼς,</span> <span class='ocrx_word' id='word_1_785' title='bbox 1454 2363 1502 2390; x_wconf 82' lang='grc' dir='ltr'>καὶ</span> <span class='ocrx_word' id='word_1_786' title='bbox 1525 2363 1554 2389; x_wconf 81' lang='grc' dir='ltr'>ὲν</span> <span class='ocrx_word' id='word_1_787' title='bbox 1578 2363 1639 2398; x_wconf 86' lang='grc' dir='ltr'><strong>Θεῷ</strong></span> <span class='ocrx_word' id='word_1_788' title='bbox 1663 2362 1753 2390; x_wconf 77' lang='grc' dir='ltr'>πάντα</span> <span class='ocrx_word' id='word_1_789' title='bbox 1777 2362 1859 2389; x_wconf 84' lang='grc' dir='ltr'>δυνά-</span> 
     </span>
    </p>
   </div>
   <div class='ocr_carea' id='block_1_107' title="bbox 1027 2401 1158 2446">
    <p class='ocr_par' dir='ltr' id='par_1_107' title="bbox 1027 2401 1158 2446">
     <span class='ocr_line' id='line_1_107' title="bbox 1027 2401 1158 2446; baseline 0.008 -10"><span class='ocrx_word' id='word_1_790' title='bbox 1027 2401 1050 2429; x_wconf 79' lang='grc' dir='ltr'><strong>Ῑ)</strong></span> <span class='ocrx_word' id='word_1_791' title='bbox 1066 2417 1158 2446; x_wconf 81' lang='grc' dir='ltr'>μενος.</span> 
     </span>
    </p>
   </div>
   <div class='ocr_carea' id='block_1_108' title="bbox 1101 2456 1367 2492">
    <p class='ocr_par' dir='ltr' id='par_1_108' title="bbox 1101 2456 1367 2492">
     <span class='ocr_line' id='line_1_108' title="bbox 1101 2456 1367 2492; baseline -0.004 -8"><span class='ocrx_word' id='word_1_792' title='bbox 1101 2456 1206 2484; x_wconf 80' lang='grc' dir='ltr'><strong>ΠΑΛΛ.</strong></span> <span class='ocrx_word' id='word_1_793' title='bbox 1225 2456 1367 2492; x_wconf 82' lang='grc' dir='ltr'>Σύμφημι.</span> 
     </span>
    </p>
   </div>
   <div class='ocr_carea' id='block_1_109' title="bbox 1103 2500 1860 2538">
    <p class='ocr_par' dir='ltr' id='par_1_109' title="bbox 1103 2500 1860 2538">
     <span class='ocr_line' id='line_1_109' title="bbox 1103 2500 1860 2538; baseline -0.004 -8"><span class='ocrx_word' id='word_1_794' title='bbox 1103 2503 1185 2530; x_wconf 81' lang='grc' dir='ltr'><strong>ΚΥΡ.</strong></span> <span class='ocrx_word' id='word_1_795' title='bbox 1205 2502 1298 2531; x_wconf 84' lang='grc' dir='ltr'>Βούλει</span> <span class='ocrx_word' id='word_1_796' title='bbox 1315 2503 1347 2538; x_wconf 85' lang='grc' dir='ltr'><strong>δὴ</strong></span> <span class='ocrx_word' id='word_1_797' title='bbox 1363 2500 1410 2530; x_wconf 74' lang='grc' dir='ltr'>οὖν</span> <span class='ocrx_word' id='word_1_798' title='bbox 1434 2502 1500 2529; x_wconf 72' lang='grc' dir='ltr'>αὐτὸ</span> <span class='ocrx_word' id='word_1_799' title='bbox 1520 2501 1552 2536; x_wconf 81' lang='grc' dir='ltr'><strong>δὴ</strong></span> <span class='ocrx_word' id='word_1_800' title='bbox 1574 2500 1654 2528; x_wconf 80' lang='grc' dir='ltr'>τοῦτο</span> <span class='ocrx_word' id='word_1_801' title='bbox 1677 2500 1860 2536; x_wconf 81' lang='grc' dir='ltr'>καταθρῶμεν</span> 
     </span>
    </p>
   </div>
   <div class='ocr_carea' id='block_1_110' title="bbox 1065 2547 1859 2585">
    <p class='ocr_par' dir='ltr' id='par_1_110' title="bbox 1065 2547 1859 2585">
     <span class='ocr_line' id='line_1_110' title="bbox 1065 2547 1859 2585; baseline -0.005 -8"><span class='ocrx_word' id='word_1_802' title='bbox 1065 2547 1094 2577; x_wconf 78' lang='grc' dir='ltr'>εὖ</span> <span class='ocrx_word' id='word_1_803' title='bbox 1110 2549 1183 2585; x_wconf 77' lang='grc' dir='ltr'>μάλα</span> <span class='ocrx_word' id='word_1_804' title='bbox 1193 2569 1200 2581; x_wconf 94' lang='grc'><strong>,</strong></span> <span class='ocrx_word' id='word_1_805' title='bbox 1215 2548 1340 2584; x_wconf 85' lang='grc' dir='ltr'>καθάπερ</span> <span class='ocrx_word' id='word_1_806' title='bbox 1355 2550 1384 2576; x_wconf 84' lang='grc' dir='ltr'>ὲν</span> <span class='ocrx_word' id='word_1_807' title='bbox 1406 2547 1501 2575; x_wconf 77' lang='grc' dir='ltr'>πίνακι</span> <span class='ocrx_word' id='word_1_808' title='bbox 1520 2547 1744 2583; x_wconf 75' lang='grc' dir='ltr'>σκιαγραφηθὲν,</span> <span class='ocrx_word' id='word_1_809' title='bbox 1760 2548 1790 2574; x_wconf 83' lang='grc' dir='ltr'>ὲν</span> <span class='ocrx_word' id='word_1_810' title='bbox 1805 2549 1859 2579; x_wconf 81' lang='grc' dir='ltr'>τοῖς</span> 
     </span>
    </p>
   </div>
   <div class='ocr_carea' id='block_1_111' title="bbox 1065 2594 1859 2639">
    <p class='ocr_par' dir='ltr' id='par_1_111' title="bbox 1065 2594 1859 2639">
     <span class='ocr_line' id='line_1_111' title="bbox 1065 2594 1859 2639; baseline -0.005 -15"><span class='ocrx_word' id='word_1_811' title='bbox 1065 2596 1137 2624; x_wconf 81' lang='grc' dir='ltr'>κατὰ</span> <span class='ocrx_word' id='word_1_812' title='bbox 1157 2596 1203 2623; x_wconf 80' lang='grc' dir='ltr'>τὸν</span> <span class='ocrx_word' id='word_1_813' title='bbox 1219 2596 1362 2623; x_wconf 80' lang='grc' dir='ltr'>θεσπέσιον</span> <span class='ocrx_word' id='word_1_814' title='bbox 1391 2595 1518 2632; x_wconf 72' lang='grc' dir='ltr'>Ἀϐραὰμ</span> <span class='ocrx_word' id='word_1_815' title='bbox 1541 2594 1780 2639; x_wconf 56' lang='grc' dir='ltr'>ἑπωφελεστςτοις</span> <span class='ocrx_word' id='word_1_816' title='bbox 1795 2595 1859 2630; x_wconf 79' lang='grc' dir='ltr'>ἡμῖν</span> 
     </span>
    </p>
   </div>
   <div class='ocr_carea' id='block_1_112' title="bbox 1065 2641 1248 2678">
    <p class='ocr_par' dir='ltr' id='par_1_112' title="bbox 1065 2641 1248 2678">
     <span class='ocr_line' id='line_1_112' title="bbox 1065 2641 1248 2678; baseline 0 -10"><span class='ocrx_word' id='word_1_817' title='bbox 1065 2641 1231 2678; x_wconf 79' lang='grc' dir='ltr'>διηγήμασιν</span> <span class='ocrx_word' id='word_1_818' title='bbox 1241 2651 1248 2675; x_wconf 86' lang='grc'>;</span> 
     </span>
    </p>
   </div>
   <div class='ocr_carea' id='block_1_113' title="bbox 1102 2685 1752 2723">
    <p class='ocr_par' dir='ltr' id='par_1_113' title="bbox 1102 2685 1752 2723">
     <span class='ocr_line' id='line_1_113' title="bbox 1102 2685 1752 2723; baseline -0.003 -8"><span class='ocrx_word' id='word_1_819' title='bbox 1102 2689 1206 2716; x_wconf 82' lang='grc' dir='ltr'><strong>ΠΑΛΑ.</strong></span> <span class='ocrx_word' id='word_1_820' title='bbox 1228 2687 1355 2723; x_wconf 83' lang='grc' dir='ltr'>Ἐλοίμην</span> <span class='ocrx_word' id='word_1_821' title='bbox 1369 2687 1402 2714; x_wconf 82' lang='grc' dir='ltr'>ἂν</span> <span class='ocrx_word' id='word_1_822' title='bbox 1422 2687 1535 2723; x_wconf 72' lang='grc' dir='ltr'>σφόδρα.</span> <span class='ocrx_word' id='word_1_823' title='bbox 1554 2686 1617 2718; x_wconf 86' lang='grc' dir='ltr'><strong>ῐιῶς</strong></span> <span class='ocrx_word' id='word_1_824' title='bbox 1633 2686 1688 2722; x_wconf 75' lang='grc' dir='ltr'><strong>γὰρ</strong></span> <span class='ocrx_word' id='word_1_825' title='bbox 1704 2685 1752 2718; x_wconf 73' lang='grc' dir='ltr'>οὖς</span> 
     </span>
    </p>
   </div>
   <div class='ocr_carea' id='block_1_114' title="bbox 1099 2731 1858 2769">
    <p class='ocr_par' dir='ltr' id='par_1_114' title="bbox 1099 2731 1858 2769">
     <span class='ocr_line' id='line_1_114' title="bbox 1099 2731 1858 2769; baseline -0.004 -8"><span class='ocrx_word' id='word_1_826' title='bbox 1099 2735 1181 2761; x_wconf 80' lang='grc' dir='ltr'><strong>ΚΥΡ,</strong></span> <span class='ocrx_word' id='word_1_827' title='bbox 1192 2734 1349 2769; x_wconf 81' lang='grc' dir='ltr'>Γέγραπται</span> <span class='ocrx_word' id='word_1_828' title='bbox 1361 2733 1450 2760; x_wconf 85' lang='grc' dir='ltr'>τοίνυν</span> <span class='ocrx_word' id='word_1_829' title='bbox 1462 2755 1469 2767; x_wconf 80' lang='grc'><strong>,</strong></span> <span class='ocrx_word' id='word_1_830' title='bbox 1485 2733 1523 2764; x_wconf 88' lang='grc' dir='ltr'>ὡς</span> <span class='ocrx_word' id='word_1_831' title='bbox 1543 2731 1664 2769; x_wconf 79' lang='grc' dir='ltr'>κατῴκει</span> <span class='ocrx_word' id='word_1_832' title='bbox 1682 2741 1711 2759; x_wconf 86' lang='grc' dir='ltr'><strong>τε</strong></span> <span class='ocrx_word' id='word_1_833' title='bbox 1728 2731 1778 2759; x_wconf 79' lang='grc' dir='ltr'>καὶ</span> <span class='ocrx_word' id='word_1_834' title='bbox 1795 2740 1858 2758; x_wconf 84' lang='grc' dir='ltr'>κατ-</span> 
     </span>
    </p>
   </div>
   <div class='ocr_carea' id='block_1_115' title="bbox 1067 2776 1858 2816">
    <p class='ocr_par' dir='ltr' id='par_1_115' title="bbox 1067 2776 1858 2816">
     <span class='ocr_line' id='line_1_115' title="bbox 1067 2776 1858 2816; baseline -0.008 -9"><span class='ocrx_word' id='word_1_835' title='bbox 1067 2781 1191 2816; x_wconf 77' lang='grc' dir='ltr'>ηυλῐζετο</span> <span class='ocrx_word' id='word_1_836' title='bbox 1209 2781 1257 2815; x_wconf 77' lang='grc' dir='ltr'>μὲν</span> <span class='ocrx_word' id='word_1_837' title='bbox 1272 2782 1300 2807; x_wconf 76' lang='grc' dir='ltr'>ὲν</span> <span class='ocrx_word' id='word_1_838' title='bbox 1317 2779 1445 2814; x_wconf 77' lang='grc' dir='ltr'>Σοδόμοις</span> <span class='ocrx_word' id='word_1_839' title='bbox 1474 2780 1488 2806; x_wconf 85' lang='grc' dir='ltr'>ὁ</span> <span class='ocrx_word' id='word_1_840' title='bbox 1503 2778 1574 2805; x_wconf 87' lang='grc' dir='ltr'><strong>Λώτ·</strong></span> <span class='ocrx_word' id='word_1_841' title='bbox 1591 2778 1686 2812; x_wconf 80' lang='grc' dir='ltr'>ἐπειδὴ</span> <span class='ocrx_word' id='word_1_842' title='bbox 1701 2777 1729 2804; x_wconf 81' lang='grc' dir='ltr'><strong>δὲ</strong></span> <span class='ocrx_word' id='word_1_843' title='bbox 1746 2777 1797 2812; x_wconf 80' lang='grc' dir='ltr'>τὴν</span> <span class='ocrx_word' id='word_1_844' title='bbox 1809 2776 1858 2810; x_wconf 70' lang='grc' dir='ltr'>γῆν</span> 
     </span>
    </p>
   </div>
   <div class='ocr_carea' id='block_1_116' title="bbox 1107 2866 1857 2904">
    <p class='ocr_par' dir='ltr' id='par_1_116' title="bbox 1107 2866 1857 2904">
     <span class='ocr_line' id='line_1_116' title="bbox 1107 2866 1857 2904; baseline -0.007 -5"><span class='ocrx_word' id='word_1_845' title='bbox 1107 2871 1129 2887; x_wconf 67' lang='grc'><strong>⁵⁸</strong></span> <span class='ocrx_word' id='word_1_846' title='bbox 1143 2872 1209 2899; x_wconf 83' lang='lat' dir='ltr'><strong>Dan.</strong></span> <span class='ocrx_word' id='word_1_847' title='bbox 1224 2880 1271 2904; x_wconf 80' lang='lat' dir='ltr'><strong>vn,</strong></span> <span class='ocrx_word' id='word_1_848' title='bbox 1291 2870 1332 2897; x_wconf 88' lang='lat' dir='ltr'><strong>l0.</strong></span> <span class='ocrx_word' id='word_1_849' title='bbox 1371 2870 1394 2886; x_wconf 73' lang='lat'><strong><em>“</em></strong></span> <span class='ocrx_word' id='word_1_850' title='bbox 1411 2869 1490 2897; x_wconf 72' lang='lat' dir='ltr'><strong>Prov.</strong></span> <span class='ocrx_word' id='word_1_851' title='bbox 1503 2869 1590 2901; x_wconf 75' lang='lat' dir='ltr'><strong>xi,l2.</strong></span> <span class='ocrx_word' id='word_1_852' title='bbox 1631 2868 1671 2896; x_wconf 74' lang='grc'><strong>³⁸1</strong></span> <span class='ocrx_word' id='word_1_853' title='bbox 1687 2868 1754 2903; x_wconf 78' lang='lat' dir='ltr'><strong>Reg.</strong></span> <span class='ocrx_word' id='word_1_854' title='bbox 1772 2875 1803 2901; x_wconf 84' lang='grc' dir='ltr'><strong>ιι,</strong></span> <span class='ocrx_word' id='word_1_855' title='bbox 1815 2866 1857 2894; x_wconf 73' lang='lat'><strong>30.</strong></span> 
     </span>
    </p>
   </div>
  </div>
