1934 3042
62 147 106 174 35‘)

404 144 448 173 DE
466 142 687 173 ADORATIONE
706 142 739 170 IN
761 140 895 170 SPIRITU
916 142 960 169 ET
979 142 1163 171 VERITATE.
1186 143 1249 170 LIB.
1266 142 1309 172 IV.

1629 145 1682 174 5.32}

62 203 138 234 δεινὸς
158 202 205 229 καὶ
231 202 317 238 βαρὺς
339 204 448 231 κατέοει
467 205 595 239 πόλεμος,
615 203 667 230 τῶν
690 212 720 230 τε
745 201 842 238 ἀγχοῦ,

896 210 956 230 rum
973 203 1076 230 bellum
1092 203 1120 230 in
1134 211 1194 231 eam
1215 204 1356 240 regionem
1381 203 1536 237 invasisset,
1564 212 1681 241 cumqle

63 250 103 277 καὶ
116 249 168 275 τῶν
183 249 216 275 ἐκ
232 249 283 284 τῆς
298 250 399 285 ὁμόρου
425 250 534 286 χώρας,
547 249 616 285 ὁμοῦ
634 250 689 281 τοῖς
716 248 842 284 ἡγεῖσθαι

62 296 161 332 λαχοῦσι
179 296 251 323 κατὰ
266 296 367 332 κράτος
387 296 502 324 ἑλόντων
515 297 564 333 τὴν
580 296 657 323 πόλιν
667 318 674 329 ,
692 304 842 323 συναπεκο-

64 343 146 378 μίζετο
158 343 213 374 τοῖς
228 342 407 374 ἐξαναστᾶσιν
423 344 437 369 ὁ
454 343 526 376 Λὼτ,
539 343 586 370 καὶ
598 342 665 377 ὁμοῦ
676 343 732 374 τοῖς
753 342 842 374 ἄλλοις

63 389 217 426 δορύληπτος
230 386 277 424 ἦν·
296 390 518 425 παραγενόμενος
531 389 559 416 δέ
573 398 616 421 τις
632 389 686 415 τῶν
704 389 843 415 ἀνασεσω-

65 435 167 470 σμένων,
189 444 198 460 ι
210 434 397 470 Ἀπηγγέλη,›
411 435 502 471 φησὶν,
516 444 524 460 ι
537 434 662 470 Ἀϐραὰμ
673 434 711 470 τῷ
723 434 840 470 περάτῃ,

64 481 133 512 αὐτὸς
148 480 176 507 δὲ
191 480 311 516 κατῴκει
326 481 393 516 πρὸς
408 482 440 517 τῇ
456 481 518 516 δρυῒ
535 482 568 516 τῇ
585 481 706 517 Μαμϐρῇ
716 502 723 513 ,
744 481 842 516 Ἀμορ-

64 528 130 562 ριίου
143 526 188 552 τοῦ
203 527 323 561 ἀδελφοῦ
342 527 461 562 Ἐσχὼλ,
476 527 523 553 καὶ
545 528 592 554 τοῦ
608 527 723 562 ἀδελφοῦ
739 527 839 560 Αὐνᾶν,

63 574 82 600 οἳ
118 571 183 608 ἦσαν
217 573 373 608 συνωμόται
403 572 451 600 τοῦ
494 573 612 609 Ἀϐράμ.
643 573 776 605 ’Δκούσας
808 574 837 600 δέ

69 618 172 653 Ὰϐρὰμ,
187 618 228 644 ὅτι
245 618 456 653 ῂχμαλὼτευτσι
470 617 532 644 Λὼτ
542 619 556 644 ὁ
575 618 731 653 ἀδελφιδοῦς
747 618 839 653 αὐτοῦ,

63 664 186 699 ἠρίθμησε
196 665 261 696 τοὺς
284 664 365 696 ἰδίους
380 665 528 699 οἰκογενεῖς
552 665 634 692 αὑτοῦ
644 685 651 697 ,
669 666 841 701 τριακοσίους

64 709 118 735 δέκα
132 709 175 735 καὶ
197 709 281 735 ὀκτώ.
306 710 360 735 Καὶ
384 709 547 742 κατεδίωξεν
571 710 660 736 ὀπίσω
686 711 775 737 αὐτῶν
788 711 842 742 ἕως

64 754 117 781 Δάν·
138 754 183 781 καὶ
198 755 335 781 ἐπέπεσεν
354 755 397 781 ἐπ’
410 755 508 787 αὐτοὺς
521 755 570 790 τὴν
586 755 671 782 νύκτα
688 756 778 788 αὐτὸς,
794 757 841 784 καὶ¹

63 801 84 826 al
93 800 177 831 παῖδες
187 799 285 827 αὑτοῦ.
293 800 347 827 Καὶ
357 800 492 832 ἐπάταξεν
502 800 611 832 αὐτοὺς,
623 801 670 827 καὶ
679 801 840 834 κατεδίωξεν

65 845 150 876 αὐτοὺς
165 844 217 876 ἓως
241 845 335 877 Χοὸἀ,
352 845 369 880 δή
386 845 462 871 ἐστιν
485 846 513 872 ἐν
530 846 662 881 ἀριστερᾷ
681 847 838 882 Δαμασκοῦ.

64 890 110 916 Καὶ
122 889 277 924 ἀπέστρεψε
291 890 381 917 πᾶσαν
394 890 442 925 τὴν
457 890 540 917 ἵππον
560 891 697 926 Σοδόμων,
713 891 761 919 καὶ
779 891 840 919 Λὼτ

62 935 101 961 τὸν
125 935 282 969 ἀδελφιδοῦν
307 935 389 962 αὐτοῦ
419 936 597 971 ἀπέστρεψε,
621 938 669 964 καὶ
695 938 784 965 πάντα
807 938 841 965 τά

65 981 205 1016 ὑπάρχοντα
221 981 307 1008 αὐτοῦ
318 1001 325 1013 ,
343 982 390 1008 καὶ
406 982 455 1014 τὰς
475 983 619 1016 γυναῖκας,
637 983 685 1011 καὶ
704 984 750 1011 τὸν
766 984 840 1011 λαόν,

69 1027 165 1062 “nemo:
180 1027 208 1054 δὲ
229 1027 359 1061 βασιλεὺς
375 1028 500 1063 Σοδόμων
516 1029 556 1060 είς
571 1029 733 1064 συνάντησιν
746 1029 840 1063 αὐτοῦ,

65 1072 124 1107 μετά
139 1072 168 1098 τὸ
183 1072 355 1108 ὑποστρέψαι
375 1073 457 1100 αὑτὸν
471 1073 526 1100 ἀπὸ
540 1073 590 1109 τῆς
610 1075 699 1109 κοπῆς
713 1075 842 1101 Χοδολλο-

63 1117 152 1153 γομδρ,
169 1119 216 1145 καὶ
238 1118 295 1145 τῶν
319 1118 454 1153 βασιλέων
474 1120 530 1147 τῶν
546 1119 615 1155 μετὰ
630 1121 714 1147 αὐτοῦ
730 1122 770 1153 εἰς
791 1122 841 1157 τὴν

64 1163 163 1191 κοιλάδα
174 1164 222 1190 τοῦ
234 1164 322 1199 Σαόἦ.
338 1164 423 1191 Τοῦτο
439 1162 474 1200 ἦν
486 1166 516 1191 τὸ
530 1165 619 1192 πεδίον
631 1166 685 1193 τῶν
699 1166 839 1201 βασιλέων.

65 1210 109 1237 Καὶ
136 1210 306 1246 Μελχισεδὲκ
324 1210 448 1246 βασιλεὺς
467 1211 561 1247 Σαλὴμ
580 1213 724 1247 ἐξήνεγκεν
742 1212 842 1248 ἄρτους

65 1255 104 1282 καὶ
120 1253 195 1282 οἶνον·
215 1253 252 1291 ἦν
266 1255 295 1282 δὲ
307 1256 396 1292 ἱερεὺς
414 1255 460 1282 τοῦ
473 1256 540 1283 Θεοῦ
559 1257 684 1292 ὑψίστοψ
701 1258 748 1284 καὶ
765 1257 840 1284 εὐλό-

65 1310 120 1337 γησε
133 1301 175 1328 τὸν
197 1301 323 1337 *Αὗράμ,
340 1303 387 1329 καὶ
411 1299 500 1329 εἶπεν
521 1302 712 1338 Εὐλογημένος
734 1303 841 1339 ’Λὸρὰμ

65 1347 97 1383 τῷ
108 1347 162 1384 Θεῷ
178 1349 216 1384 τῷ
231 1348 355 1384 ὑψίστῳ,
370 1349 400 1380 ὃς
423 1349 516 1376 ἔκτισε
532 1349 578 1376 τὸν
599 1350 713 1386 οὐρανὸν
729 1350 777 1377 καὶ
792 1350 842 1386 τὴν

65 1393 117 1428 γῆν.
133 1394 185 1421 Καὶ
204 1393 352 1430 εὐλογητὸς
367 1396 381 1421 ὁ
401 1395 467 1427 Θεὸς
485 1396 500 1421 6
515 1395 626 1430 ὕψιστος
636 1416 643 1427 ,
657 1396 686 1427 ὃς
699 1396 841 1431 παρέδωκε

65 1440 116 1472 τοὺς
130 1440 240 1476 ἐχθρούς
258 1449 306 1467 σου
320 1441 493 1477 ὑποχειρίους
506 1449 559 1468 σοι.
580 1441 635 1468 Καὶ
653 1442 753 1468 ἔδωκεν
768 1441 842 1477 αὐτῷ

66 1486 166 1522 δεκάτην
184 1488 282 1522 μοῖραν
294 1487 348 1513 ἀπὸ
364 1488 484 1514 πάντων.
497 1485 565 1514 Eine
579 1488 607 1514 δὲ
620 1487 747 1522 βασιλεὺς
763 1487 842 1514 Σοδό-

67 1531 194 1577 μωνιπρὺς
213 1531 333 1567 Ἁϐράμ·
349 1532 402 1577 ρος
419 1541 464 1567 μοι
479 1532 542 1564 τοὺς
558 1532 669 1567 ἄνδρας,
688 1532 738 1568 τὴν
754 1532 782 1558 δὲ
798 1532 843 1558 ϊπ-
856 1550 876 1577 c

66 1582 107 1599 πον
121 1574 183 1601 ὶάίε
194 1575 312 1610 σεαυτῷ.
327 1574 394 1602 Εἷπε
409 1576 438 1602 δὲ
458 1576 566 1612 Ἀὁράμ
583 1577 651 1613 πρὸς
666 1577 710 1603 τὸν
730 1576 841 1612 βασιλέα

66 1619 185 1655 Σοδόμων·
210 1621 329 1648 Ἐκτενῶ
355 1621 403 1656 τὴν
427 1622 508 1658 χεῖρὰ
524 1631 574 1658 μου
595 1622 663 1657 πρὸς
679 1622 781 1658 Κύριον
795 1623 842 1650 τὸν

66 1667 121 1695 θεὸν
131 1668 172 1695 τὸν
186 1668 310 1704 ὕψιστον,
323 1669 352 1702 ὃς
371 1669 462 1697 ἔκτισε
474 1670 520 1697 τὸν
534 1671 647 1706 οὐρανὸν
658 1671 705 1697 καὶ
719 1670 767 1706 τὴν
777 1670 841 1705 γῆν,

67 1715 143 1742 είὰπὺ
155 1716 289 1751 σπαρτιου
306 1716 358 1748 ἕως
373 1717 552 1752 σφυρωτῆρος
568 1717 743 1752 ὑποδήματος
758 1716 842 1752 λήψο-

68 1769 109 1795 μαι
131 1761 181 1787 ἀπὸ
206 1761 317 1788 πάντων
334 1761 388 1788 τῶν
410 1762 480 1794 σῶν,
502 1762 544 1788 ἵνα
562 1762 599 1797 μὴ
611 1762 691 1797 εἴπῃς
706 1761 747 1788 ὅτι
770 1761 842 1795 Ἐγὼ

67 1805 195 1833 ὲπλοὺτισα
207 1806 256 1833 τὸν
270 1806 387 1842 ’Δϐρὰμ,
399 1806 468 1842 πλὴν
481 1803 519 1833 ὧν
535 1806 637 1840 ἔφαγον
651 1807 676 1832 οἱ
692 1806 839 1839 νεανίσκοι,

68 1850 107 1876 καὶ
119 1851 163 1885 τῆς
187 1851 298 1886 μερίδος
313 1851 367 1878 τῶν
389 1851 495 1887 ἀνδρῶν
517 1851 571 1878 τῶν
595 1850 842 1887 συμπορευθέντων

70 1896 117 1930 μετ’
132 1896 205 1932 ἐμοῦ,
223 1897 338 1933 Ἐσχὼλ,
355 1898 455 1930 Δὺνᾶν,
471 1897 610 1933 ΜαμὸρὶΓ
625 1894 697 1924 οὗτοι
712 1897 842 1933 λήψονται

70 1942 164 1977 μερίδα.
192 1943 272 1970 Μετὰ
292 1943 320 1970 δὲ
343 1944 376 1970 τὰ
399 1945 510 1980 ῥήματα
528 1943 614 1970 ταῦτα
637 1942 753 1978 ἐγενήθη
769 1943 844 1978 ῥῆμα

70 1989 156 2023 Κυρίου
168 1991 236 2025 πρὸς
258 1990 365 2026 ’Δϐράμ
381 1992 410 2017 ἐν
421 1991 542 2027 ὁράματι
555 1990 605 2026 τῆς
619 1990 726 2022 νυκτὸς,
743 1989 842 2024 λέγων·

68 2035 105 2071 Μὴ
125 2036 213 2070 φοϐοῦ,
231 2036 350 2072 Ἀ6ράμ,
366 2035 421 2071 ἐγὼ
440 2036 620 2072 ὑπερασπίξω
633 2044 693 2069 σου,
721 2037 735 2062 ὁ
747 2035 844 2071 μισθός

70 2087 108 2106 σου
123 2082 202 2114 πολὺς
220 2082 298 2109 ἔσται
312 2082 426 2118 σφόδρα.
443 2082 525 2116 Λέγει
536 2082 565 2108 δὲ
586 2081 705 2117 Ἀϐρὰμ,
720 2082 844 2108 Δέσποτα

70 2126 144 2162 Κύριε
154 2147 161 2160 ,
176 2128 202 2154 τί
217 2137 264 2164 μοι
275 2128 387 2161 δώσειςς
406 2127 461 2163 ἐγὼ
476 2128 504 2154 δέ
526 2127 681 2163 ἀπολύομαι
695 2128 816 2160 ἄτεκνος,
830 2128 844 2154 ὁ

69 2174 92 2199 δὲ
104 2174 156 2206 υἱὸς
169 2175 264 2210 Μασέχ
279 2175 329 2210 τῆς
344 2174 499 2209 οἰκογενοῦς
522 2183 588 2210 μου,
604 2171 680 2205 οὗτος
696 2173 844 2209 Δαμασκδς

892 248 1024 284 proxima
1033 257 1065 276 ac
1083 248 1211 277 ﬁnitima:
1226 255 1320 284 gentes
1335 257 1389 277 una
1401 258 1464 277 cum
1486 250 1604 278 ducibus
1619 252 1677 279 suis

892 295 919 322 vi
938 303 998 322 eam
1021 294 1118 322 urbem
1130 295 1284 330 cepissent,
1302 303 1357 322 una
1379 303 1442 322 cum
1461 296 1494 323 iis
1511 296 1559 331 qui
1579 298 1680 331 captivi

892 339 1055 375 agebantur,
1073 339 1124 367 Lot
1137 348 1245 375 quoque
1268 341 1418 368 abductum
1443 341 1524 369 simul
1542 349 1605 369 eum
1620 341 1681 369 aliis

892 386 920 413 in
934 386 1055 414 hostium
1073 390 1234 421 potestatem
1254 387 1380 414 venisse:
1396 387 1455 420 sed,
1480 395 1543 414 eum
1567 388 1680 422 quidam

892 439 924 459 ex
934 431 967 459 iis
982 432 1027 467 qui
1041 436 1184 459 evaserant
1194 431 1360 463 advenisset,
1379 431 1525 459 «Nuntiata
1543 440 1588 459 res
1600 437 1652 465 est,
1667 442 1676 458 ι

892 479 991 514 inquit,
1014 489 1023 504 ι
1036 479 1174 506 Abraham
1187 478 1366 506 transﬂuviali
1377 487 1382 505 :
1395 478 1452 513 ipse
1469 484 1559 507 autem
1573 479 1681 506 habita-

891 525 939 553 bat
953 525 987 553 ad
1004 533 1136 560 quercum
1152 525 1283 557 Mambre,
1297 525 1448 552 Amorrheci
1462 525 1555 553 fratris
1568 524 1680 557 Eschol,

891 576 919 599 et
937 571 1030 599 fratris
1059 570 1168 603 Aunan,
1200 571 1247 606 qui
1266 575 1345 598 erant
1367 571 1501 605 coniurati
1531 570 1679 598 Abraham.

891 617 1013 644 Audiens
1026 621 1118 644 autem
1139 617 1279 644 Abraham
1300 617 1373 652 quod
1386 617 1511 651 captivus
1526 616 1613 644 factus
1635 625 1680 644 es-

891 667 933 690 set
960 663 1012 691 Lot
1035 663 1128 690 fratris
1148 663 1230 694 ﬁlius,
1255 662 1412 690 numeravit
1431 663 1558 697 proprios
1581 672 1680 691 verna-

891 708 968 735 culos
980 716 1046 736 suos
1061 712 1199 736 trecentos
1221 708 1316 736 decem
1331 713 1358 736 et
1375 713 1452 741 octo;
1469 713 1498 736 et
1520 714 1682 743 persecutus

891 758 933 782 est
940 761 988 781 eos
999 762 1084 789 usque
1094 755 1162 787 Dan,
1172 759 1200 782 et
1208 755 1288 781 irruit
1297 762 1381 789 super
1395 762 1443 782 eos
1454 758 1510 794 tota
1520 759 1610 787 noete,
1624 755 1682 790 ipse

891 804 919 827 et
938 801 1016 835 pueri
1032 802 1092 836 ejus
1105 810 1111 828 :
1123 805 1151 828 et
1174 801 1311 836 percussit
1337 809 1395 832 eos,
1410 805 1438 828 et
1462 805 1626 836 persecutus
1641 805 1683 828 est

892 853 979 880 usque
990 846 1106 879 Chobal,
1125 854 1186 880 qum
1199 850 1241 873 est
1266 846 1299 873 ad
1315 847 1410 873 ltevam
1427 846 1562 879 Damasci,
1580 851 1608 873 et
1635 854 1681 873 re-

893 892 971 919 duxit
985 900 1095 920 omnem
1106 893 1261 927 equitatum
1276 891 1472 925 Sodomorum,
1489 897 1518 919 et
1531 892 1582 920 Lot
1595 892 1681 920 tilium

892 938 986 965 fratris
997 939 1040 965 sui
1052 938 1171 970 reduxit,
1186 943 1213 965 et
1225 946 1335 965 omnem
1356 938 1539 966 substantiam
1562 939 1632 975 ejus,
1655 942 1684 966 et

892 984 1033 1016 mulieres,
1048 988 1076 1012 et
1100 984 1242 1019 populum.
1264 984 1344 1019 138
1370 985 1503 1019 Egressus
1518 988 1560 1012 est
1590 989 1683 1012 autem

892 1036 940 1056 rex
956 1029 1139 1056 Sodomorum
1156 1029 1184 1056 in
1202 1037 1348 1057 occursum
1369 1030 1452 1062 illius,
1479 1034 1622 1066 postquam
1641 1039 1685 1057 re-

891 1083 989 1103 versus
1003 1079 1044 1102 est
1057 1083 1074 1102 a
1088 1075 1161 1102 caede
1177 1075 1405 1108 Cbodorlaomor,
1418 1079 1446 1103 et
1456 1080 1620 1104 caeterorum
1637 1085 1682 1104 re—

891 1128 956 1156 gum
975 1121 1022 1156 qui
1037 1129 1099 1149 cum
1114 1121 1161 1148 illo
1184 1127 1273 1154 erant,
1288 1122 1316 1149 in
1332 1123 1430 1149 vallem
1451 1122 1532 1150 Sabe.
1557 1122 1609 1150 Hic
1624 1126 1684 1150 erat

892 1175 1005 1202 campus
1017 1175 1124 1202 regum,
1145 1172 1173 1195 et
1184 1168 1386 1196 Melchisedech
1412 1177 1461 1195 rex
1479 1168 1569 1196 Salem
1584 1172 1682 1203 protu-

891 1212 923 1239 lit
937 1220 1022 1247 panes
1035 1216 1063 1239 et
1074 1213 1169 1239 vinum
1183 1221 1190 1246 ;
1210 1217 1270 1240 erat
1300 1213 1374 1240 enim
1398 1213 1526 1240 sacerdos
1543 1213 1592 1240 Dei
1605 1213 1684 1240 altis-

892 1258 965 1290 simi,
979 1261 1007 1285 et
1025 1257 1169 1285 benedixit
1191 1258 1341 1291 Abraham,
1360 1262 1388 1286 et
1415 1258 1503 1286 dixit:
1519 1259 1684 1286 Benedictus

891 1303 1029 1330 Abraham
1044 1304 1100 1330 Deo
1122 1303 1266 1337 altissimo,
1293 1304 1340 1339 qui
1358 1304 1427 1331 fecit
1454 1305 1556 1331 malum
1580 1309 1608 1332 et
1628 1308 1686 1332 ter-

892 1357 968 1383 ram;
986 1353 1014 1376 et
1027 1350 1190 1377 benedictus
1202 1350 1275 1377 Deus
1286 1351 1447 1381 altissimus,
1462 1351 1509 1384 qui
1529 1345 1606 1377 dedit
1629 1350 1682 1378 ho-

893 1398 948 1422 stes
966 1398 1028 1422 tuos
1047 1395 1174 1422 subditos
1193 1395 1254 1423 tibi.
1269 1396 1303 1422 Et
1316 1396 1392 1423 dedit
1407 1396 1433 1423 ei
1457 1396 1592 1423 decimam
1617 1404 1683 1431 par-

894 1444 948 1467 tem
962 1440 996 1467 ab
1010 1440 1148 1468 omnibus.
1166 1441 1239 1468 Dixit
1258 1445 1351 1468 autem
1373 1449 1422 1468 rex
1453 1441 1635 1469 Sodomorum
1650 1442 1685 1469 ad

892 1486 1046 1514 Abraham:
1063 1487 1100 1514 Da
1120 1487 1189 1515 mihi
1204 1488 1289 1520 viros,
1307 1493 1335 1515 at
1350 1488 1505 1523 equitatum
1523 1489 1618 1523 accipe
1631 1487 1682 1517 tibi

893 1532 955 1567 ipsi.
967 1533 1040 1560 Dixit
1053 1536 1145 1560 autem
1165 1533 1303 1560 Abraham
1323 1534 1357 1560 ad
1374 1542 1465 1570 regem
1480 1534 1683 1563 Sodomorum:

893 1578 1044 1605 Extendam
1055 1586 1167 1606 manum
1185 1586 1274 1606 meum
1291 1579 1325 1606 ad
1345 1579 1432 1606 Deum
1452 1580 1625 1612 altissimum,
1637 1581 1684 1616 qui

893 1625 996 1651 creavit
1010 1625 1110 1651 caelum
1126 1628 1153 1652 et
1168 1629 1280 1657 terram,
1297 1625 1322 1652 si
1343 1633 1359 1652 a
1371 1625 1416 1652 filo
1432 1633 1520 1660 usque
1541 1626 1575 1653 ad
1596 1627 1684 1653 corri-

893 1670 964 1705 giam
985 1670 1302 1705 calceamentiaccipiam
1317 1671 1350 1698 de
1364 1671 1493 1698 omnibus
1510 1671 1574 1704 tuis,
1590 1680 1624 1699 ne
1640 1671 1684 1698 di-

894 1723 955 1749 cas,
984 1717 1042 1751 Ego
1065 1716 1150 1743 (litavi
1183 1716 1339 1758 Abraham,
1365 1722 1465 1752 praeter
1498 1726 1530 1745 ea
1552 1726 1613 1752 qua:
1637 1726 1686 1745 co-

893 1763 1039 1790 mederunt
1068 1763 1196 1798 juvenes,
1215 1767 1242 1790 et
1257 1766 1364 1798 partem
1381 1764 1504 1791 virorum
1526 1764 1574 1799 qui
1600 1772 1686 1791 vene-

894 1812 959 1836 runt
978 1816 1097 1842 meeum,
1111 1809 1220 1841 Eschol,
1240 1809 1357 1841 Annam,
1383 1809 1521 1842 Mambre;
1545 1809 1590 1836 isti
1612 1809 1686 1837 acci-

894 1853 971 1889 pient
986 1858 1102 1889 partem.
1119 1855 1183 1882 Post
1210 1854 1293 1882 verba
1319 1857 1410 1881 autem
1433 1854 1492 1882 haec
1514 1853 1617 1882 factum
1643 1857 1687 1882 est

894 1900 1008 1927 verbum
1019 1899 1127 1927 Domini
1141 1899 1175 1927 ad
1192 1899 1331 1927 Abraham
1347 1900 1376 1927 in
1393 1900 1509 1933 visione,
1522 1900 1618 1927 dicens
1629 1909 1635 1927 :
1645 1900 1686 1928 Ne

895 1945 1003 1977 timeas,
1034 1944 1190 1977 Abraham;
1216 1952 1267 1980 ego
1290 1948 1434 1980 protegam
1462 1948 1500 1978 te,
1517 1953 1625 1973 merces
1640 1950 1687 1972 tua

894 1991 980 2019 multa
993 1991 1046 2019 erit
1060 1991 1154 2018 nimis.
1177 1990 1250 2018 Dicit
1263 1994 1355 2018 autem
1383 1990 1521 2017 Abraham
1534 1999 1542 2018 ι
1560 1991 1686 2024 Domine,

894 2037 961 2072 quid
980 2036 1059 2064 dabis
1074 2035 1163 2063 mihi?
1179 2043 1229 2071 ego
1242 2040 1333 2063 autem
1345 2035 1470 2062 dimittor
1489 2035 1548 2063 sine
1570 2035 1685 2069 liberis;

895 2083 968 2110 filius
984 2086 1076 2109 autem
1090 2082 1200 2109 Masech
1216 2081 1372 2108 vernaculae
1384 2089 1461 2114 mem,
1477 2081 1523 2108 hic
1536 2081 1688 2109 Damascus

895 2129 1020 2157 Eliezer:
1035 2133 1062 2156 et
1079 2128 1148 2156 dixit
1162 2127 1300 2155 Abraham
1312 2148 1319 2160 ,
1339 2127 1409 2160 Quia
1427 2127 1495 2154 mihi
1515 2135 1570 2154 non
1588 2127 1688 2154 dedisti

895 2184 1000 2208 semen,
1013 2175 1179 2203 vernaculus
1207 2182 1286 2201 meus
1301 2174 1390 2201 haeres
1404 2181 1482 2205 meus
1497 2173 1562 2200 erit.
1578 2173 1614 2200 Et
1631 2177 1688 2200 sta-

75 2219 195 2256 Ἐλιέζερ·
223 2221 272 2248 καὶ
302 2219 379 2248 εἷπεν
407 2220 524 2256 Ἀϐράμ·
564 2220 673 2256 Ἐπειδὴ
703 2221 765 2256 ἐμοὶ¹
793 2219 842 2246 οὐκ

897 2223 945 2249 tim
957 2229 1010 2248 vox
1024 2220 1134 2248 Domini
1154 2219 1226 2247 facta
1244 2223 1287 2246 est
1302 2219 1336 2245 ad
1348 2226 1428 2251 eum,
1440 2218 1551 2245 dicens:
1570 2218 1630 2244 Non
1643 2218 1688 2244 hic

71 2265 159 2298 ἔδωκας
180 2267 311 2303 σπέρμα,
327 2268 341 2293 ὁ
356 2267 384 2293 δὲ
405 2266 547 2302 οἰκογενής
572 2274 622 2300 μου
645 2266 845 2302 κληρονομήσει

72 2313 172 2345 με.Καὶ
191 2313 274 2344 εὐθὺς
302 2312 378 2349 φωνὴ
400 2312 503 2348 Κυρίου
529 2313 637 2346 ἐγένετο
660 2312 728 2348 πρὸς
747 2311 844 2344 αὑτὸν,

71 2356 183 2391 λέγουσαι
202 2360 242 2385 Οὺ
263 2359 463 2394 κληρονομήσει
486 2367 515 2385 σε
534 2356 622 2390 οὗτος·
638 2357 717 2390 ἄλλος
740 2357 846 2390 ἐξελεύ-

72 2410 136 2430 σεται
147 2404 179 2431 ἐκ
196 2405 245 2432 σοῦ
257 2426 264 2438 ,
286 2403 364 2436 οὗτος
378 2405 577 2440 κληρονομήσει
600 2413 640 2432 σε.
668 2403 802 2439 Ἐξήγαγε
817 2404 846 2431 δὲ

71 2448 140 2475 αὑτὸν
158 2449 228 2482 ἔξω,
241 2451 289 2477 καὶ
303 2448 379 2477 εἶπεν
399 2450 483 2486 αὐτῷ·
505 2450 668 2486 ⁷Ανάὖλεψον
689 2450 721 2486 δὴ
740 2451 780 2482 εἰς
799 2450 845 2478 τὸν

71 2495 170 2531 οὐρανὸν
183 2497 230 2523 καὶ
251 2497 402 2533 ἀρίθμησον
415 2496 478 2528 τοὺς
499 2497 628 2532 ἀστέρας,
647 2498 670 2523 εἰ
686 2497 787 2532 δυνήσῃ
802 2496 846 2529 ἐξ·

72 2540 208 2577 αριθμῆσαι
238 2542 354 2574 αὐτούς.
384 2543 440 2569 Καὶ
469 2542 554 2569 εἷπεψ
582 2542 676 2574 Οὖτώς
711 2543 786 2569 ἔσται
815 2542 846 2569 τὺ

74 2586 169 2622 σπέρμα
188 2596 245 2614 σου.
266 2597 275 2614 ι
301 2588 382 2623 Ὁρᾷς
401 2588 455 2614 τῶν
474 2589 559 2622 ἁγίων
571 2588 601 2614 τὸ
618 2589 725 2624 ἕτοιμον
746 2589 785 2620 εἰς
800 2589 845 2615 εὑ-

73 2632 187 2668 τολμίαν,
202 2635 250 2661 καὶ
272 2634 345 2665 ὃπως
363 2633 454 2668 ἔχουσι
473 2634 503 2661 τὸ
522 2635 659 2670 τληπαθές
677 2634 850 2668 ἐθελούσιον;

75 2677 140 2712 ’Ἅμα
153 2678 205 2715 γὰρ
226 2679 343 2706 ἐπύθετο
370 2679 596 2707 κεκινδυνευκότα
616 2680 661 2707 τὸν
683 2680 764 2713 Λὼτ,
783 2689 846 2707 κατ·

76 2723 136 2757 ηλὲει
151 2725 198 2761 μὲν
207 2726 287 2758 εὐθὺς
300 2725 348 2752 τοῦ
363 2726 530 2760 προσγενοῦς
544 2726 594 2761 τὴν
619 2727 780 2762 συμφορὰν,
798 2726 848 2762 ἀρ-

75 2769 151 2802 πάσας
165 2771 192 2797 δὲ
203 2772 264 2804 τοὺς
283 2772 441 2805 οἰκογενεῖς,
455 2771 502 2798 καί
512 2780 588 2803 τινας
604 2771 658 2799 τῶν
673 2770 847 2807 συνωμοτῶν,

104 2858 198 2887 "Gen.
217 2869 273 2894 xxv,
292 2860 393 2894 15-24;
411 2868 456 2894 xv,
477 2861 534 2887 1-5.

895 2266 949 2294 erit
968 2266 1066 2298 haeres,
1085 2265 1133 2292 sed
1156 2265 1204 2300 qui
1227 2264 1314 2291 exibit
1338 2271 1371 2291 ex
1393 2267 1429 2294 te,
1446 2263 1493 2290 hic
1517 2262 1570 2290 erit
1600 2262 1689 2290 haeres

896 2317 970 2341 tuus.
1005 2312 1109 2340 Eduxit
1140 2317 1232 2339 autem
1261 2319 1324 2339 eum
1350 2310 1439 2342 foras,
1470 2313 1498 2337 ct
1524 2303 1594 2336 dixit
1624 2308 1651 2335 ei
1679 2317 1686 2334 :

897 2358 1012 2394 Suspice
1042 2358 1070 2385 in
1096 2358 1208 2389 ccelum,
1227 2360 1256 2384 et
1278 2364 1394 2384 numera
1421 2355 1524 2386 stellas,
1542 2354 1565 2381 si
1584 2353 1688 2389 poteris

894 2412 1042 2432 numerare
1053 2411 1109 2431 eas.
1126 2403 1161 2430 Et
1174 2403 1253 2434 dixit,
1269 2402 1316 2429 Sic
1330 2402 1498 2429 eritrsemen
1525 2403 1604 2426 tuum
1629 2398 1662 2424 ⁸⁸.
1675 2408 1684 2424 ›

897 2451 982 2480 Vides
995 2458 1076 2486 quam
1085 2449 1206 2484 prompti
1220 2448 1274 2475 sint
1284 2447 1318 2474 ad
1342 2446 1498 2474 audendum
1523 2444 1611 2472 sancti
1623 2444 1687 2476 viri,

899 2503 1036 2533 quamque
1052 2499 1149 2530 sponte
1165 2502 1213 2522 sua
1230 2493 1264 2520 ad
1287 2492 1430 2520 subeunda
1451 2491 1573 2526 pericula
1588 2489 1687 2525 parati.

900 2542 987 2571 Simul
1005 2541 1079 2569 enim
1095 2544 1177 2575 atque
1196 2538 1301 2566 audivit
1313 2538 1403 2572 ipsum
1419 2537 1471 2564 Lot
1492 2537 1520 2564 in
1539 2536 1688 2563 discrimen

899 2586 1018 2618 venisse,
1029 2585 1175 2612 miseratus
1186 2582 1334 2618 pmpinqui
1347 2581 1542 2612 calamitatem,
1554 2579 1688 2614 arreptis-

898 2640 952 2668 que
970 2629 1125 2659 vemaculis
1140 2633 1169 2657 et
1194 2628 1339 2656 foederatis
1365 2625 1542 2662 quibusdam,
1562 2624 1610 2659 qui
1634 2624 1690 2652 He-

899 2678 967 2706 braei
989 2685 1045 2705 non
1070 2680 1160 2709 erant,
1173 2675 1300 2703 celeriter
1325 2673 1466 2708 profectus
1487 2674 1530 2698 est
1556 2670 1690 2698 adversus

899 2731 947 2752 eos
960 2723 1007 2759 qui
1025 2722 1148 2750 dolorem
1165 2721 1335 2751 inusserant,
1358 2724 1461 2752 eosque
1485 2715 1562 2743 nullo
1579 2715 1689 2750 negotio

900 2771 1018 2807 subegit,
1031 2769 1213 2804 liberavitque
1225 2776 1240 2796 e
1252 2766 1410 2802 captivitate
1425 2768 1483 2792 tum
1497 2763 1588 2798 ipsum
1597 2762 1690 2790 fratris
