1934 3042
64 175 107 203 Mil
418 173 472 210 Dl-Z‘
481 173 702 202 ADORATIONE
721 175 755 202 lN
776 174 863 203 SPIRI

933 174 976 201 ΕΤ
998 174 1183 202 VERITATE.
1205 175 1269 202 LIB.
1291 174 1322 202 ν.

1638 172 1691 202 36!

64 234 100 259 ὅτι
121 242 130 258 ι
147 232 201 260 Καὶ
224 231 349 268 εἰσῆλθεν
372 232 475 268 Ἰησοῦς
501 234 515 260 ὁ
539 233 585 261 τοῦ
608 233 687 268 Ναυῆ
709 233 777 269 πρὸς
790 233 853 265 τοὺς

915 234 940 261 ιὰ
954 234 1129 269 pugnandum
1143 234 1288 269 aptissimi,
1300 235 1376 269 juxta
1394 233 1528 261 bellorum
1553 232 1627 268 leges
1648 232 1692 259 in~«

66 280 163 315 ἱερεῖς,
185 279 234 305 καὶ
254 277 332 305 εἶπεν
354 279 445 311 αὐτοῖς
469 279 566 313 λέγων’
587 279 794 314 Παραγγείλατε
813 279 854 314 τίς)

66 324 118 359 λαῷ
132 324 286 360 περιελθεῖν
306 324 353 351 καὶ
372 324 514 351 κυκλῶσαι
531 325 580 360 τὴν
596 325 683 357 πόλιν,
696 326 743 352 καὶ
755 326 780 352 ol.
800 326 855 360 μά.

68 365 138 405 χιμοι
156 370 450 407 παραπορευέσθωσαν
475 371 672 407 ὲνωτιλισμὲνοι
692 371 782 399 ἔναντι
799 373 855 399 Κυ-

69 418 132 453 ρίου.
152 427 162 443 ι
180 418 402 453 Πρω-τάττοντος
417 417 473 453 γὰρ
488 417 534 444 τοῦ
548 418 665 454 Χριστοῦ
678 418 722 445 διὰ
735 419 785 453 τῆς
801 418 855 445 τῶν

69 463 222 498 ἡγουμένων
241 464 350 500 φωνῆς,
369 465 646 501 καταστρατευὸμεθα
668 465 722 492 τῶν
738 464 854 500 ἐχθρῶν,

68 511 94 536 οὺ
117 510 186 546 πρὸς
211 508 282 546 αἷμα
307 512 354 538 καὶ
382 511 471 546 σάρκα
495 510 544 546 τὴν
572 511 662 547 μάχην
685 511 855 547 αἱρούμενοι,

69 556 131 591 πρὸς
150 556 240 592 ἀρχὰς
255 557 284 583 δὲ
301 557 402 592 μᾶλλον
417 559 465 584 καὶ
479 557 614 590 ἐξουσίας,
631 557 678 584 καὶ
697 557 743 584 τὸν
758 559 787 584 ὲν
800 559 857 590 τοῖς

70 602 158 637 μέλεσι
180 603 233 637 τῆς
254 604 355 639 σαρκὸς
373 604 581 639 τυραννήσαντα
603 603 695 639 νόμον.
724 604 858 640 Ἑσὸμεθα

69 649 94 674 δὲ
115 648 176 674 τότε
199 649 249 675 καὶ
273 650 302 675 ἐν
329 649 389 684 ὕψει
409 649 494 682 Θεοῦ,
519 649 668 686 παντευχίᾳ
691 650 741 686 μὲν
763 650 858 686 ὥσπερ

70 695 265 731 ἑνηρμοσμένοι
278 697 312 731 τῇ
332 695 393 732 θείᾳ
406 705 436 723 τε
450 697 498 724 καὶ
512 698 606 733 νοητῇ.
637 697 689 733 (Τὰ
716 696 770 732 γὰρ
789 697 858 724 ὅπλα

69 742 142 777 ἡμῶν
165 743 213 770 οὐ.
231 742 358 778 σαρκικὰ,
379 743 450 770 κατὰ
477 743 526 779 τὴν
546 743 593 770 τοῦ
616 743 724 771 Παύλου
744 743 858 779 φωνὴν),

69 791 119 822 τοῖς
127 790 154 817 δὲ
166 789 221 825 τῆς
228 790 402 826 δικαιοσύνης
412 791 571 827 αὐχήμασιν
584 790 744 825 ἐκπρεπεῖς.
759 789 861 825 Ἐςρορᾷ

69 835 98 870 δὴ
111 833 156 862 οὖν
169 836 237 868 τοὺς
256 836 468 872 μαχιμωτάτους
481 837 495 862 ὁ
509 836 617 863 πάντων
634 835 770 870 Δεσπότης
783 834 859 867 Θεὸς,

69 881 101 908 τὰ
118 881 234 917 λαμπρὰ
258 881 308 916 τῆς
332 881 506 917 δικαιοσύνης
526 881 612 916 σκεύη
637 880 859 916 περικειμένους,

70 926 136 953 τοῦτ’
150 927 222 960 ἔστι,
245 927 276 955 τὸ
292 927 330 959 ὡς
348 927 464 955 ἐνώπιον
481 927 601 963 Χριστοῦ
619 925 860 962 παραπορεύεσθαι

70 974 127 1005 τοὺς
152 974 290 1010 μαχίμους
317 974 544 1009 ἐνωπλισμένους.
570 969 667 1009 Τῖμιον
696 974 725 1000 δὲ
758 974 860 1009 σφόδρα

73 1019 115 1046 καὶ
137 1020 308 1047 πολύευκτον
323 1019 446 1056 ἀληθῶς,
471 1021 502 1047 τὸ
517 1021 546 1047 ὲν
567 1020 711 1056 ἐπισκέψει
733 1020 861 1054 γενέσθαι

71 1064 149 1097 Θεοῦ,
168 1066 250 1102 εἴπερ
274 1066 348 1093 ἐστὶν
372 1066 422 1093 οὐκ
445 1066 578 1094 ἀπίθανον
601 1067 720 1099 ἐννοεῖν,
742 1067 782 1093 ὅτι
805 1067 861 1098 τοῖς

71 1110 250 1145 λελυπηκόσι,
275 1112 386 1139 κόλασιν
407 1112 502 1147 ὥσπερ
526 1112 587 1139 τινὰ
612 1112 662 1147 τὴν
684 1112 862 1148 ἀποστροφήν

72 1156 208 1192 ἐπιτίθησι
226 1157 303 1190 Θεὸς,
320 1158 417 1192 λέγων·
433 1167 442 1184 ι
455 1159 539 1185 Ὅταν
551 1158 604 1189 τὰς
618 1158 710 1193 χεῖρας
721 1157 861 1193 ὲκτείνητε

74 1203 138 1238 πρός
146 1212 190 1239 με,
202 1203 370 1240 ἀποστρέψει)
382 1204 445 1236 τοὺς
455 1204 613 1239 ὀφθαλμούς
624 1213 674 1240 μου
687 1205 733 1239 ἀφ’
745 1204 831 1240 ὑμῶν.
849 1213 858 1229 ι

73 1248 293 1285 Παρατεινούσης
314 1249 343 1277 δὲ
363 1249 590 1285 τῆς-πολιορκίας
616 1250 663 1276 καὶ
689 1251 730 1282 εἰς
754 1250 862 1286 ἡμέραν

74 1293 204 1330 ἑϐδόμην,
224 1294 278 1330 ἔφη
293 1295 373 1322 πάλιν
401 1295 507 1331 Ἰησοῦς
526 1296 540 1322 ὁ
555 1295 602 1322 τοῦ
622 1295 700 1330 Ναυῆ
723 1297 779 1328 τοῖς
794 1297 863 1328 υῑοῖς

79 1341 200 1376 Ἰσραήλ·
227 1350 236 1367 ι
261 1340 421 1377 Κεκραξατε
446 1342 514 1377 πρὸς
539 1341 657 1377 Κύριον’
686 1343 863 1379 παραδέδωκε

74 1385 123 1421 γὰρ
138 1387 207 1421 ἡμῖν
222 1386 326 1422 Κύριος
342 1387 391 1423 τὴν
408 1387 500 1420 πόλιν,
516 1388 563 1414 καὶ
577 1387 654 1414 ἔσται
667 1388 684 1424 ή
703 1388 780 1420 πόλις
797 1388 864 1415 ἀνάο

74 1431 151 1468 θεμα,
166 1432 239 1467 αὕτη
252 1433 300 1460 καὶ
314 1433 403 1460 πάντα
417 1433 467 1460 ὃσα
482 1433 555 1461 ἐστὶν
570 1434 599 1460 ὲν
615 1434 699 1470 αὐτῇ,
715 1434 753 1469 τῷ
769 1434 864 1470 Κυρίῳ

74 1478 124 1505 τῶν
135 1478 280 1514 δυνάμεων
290 1478 415 1506 Σαϐαὼθ·
426 1479 496 1515 πλὴν
515 1479 601 1507 Ῥαὰϐ
610 1479 659 1515 τὴν
674 1480 776 1516 πόρνην
788 1488 864 1514 περι·

75 1524 192 1551 ποιεῖσθε
217 1524 319 1560 αὐτὴν,
344 1525 391 1552 καὶ
407 1524 496 1551 πάντα
515 1525 565 1552 ὅσα
587 1525 662 1552 ἐστὶν
686 1527 714 1552 ὲν
732 1525 771 1561 τῷ
797 1525 865 1561 οἴκῳ

76 1571 166 1608 αὐτῆς.
191 1571 264 1598 Ἀλλ’
281 1571 359 1607 ὑμεῖς
376 1572 531 1607 φυλάξασθε
545 1573 600 1600 ἀπὸ
613 1572 662 1600 τοῦ
681 1572 863 1609 ἀναθέματος,

76 1617 189 1652 μήποτε
216 1618 413 1653 ἐνθυμηθέντες
432 1619 510 1654 ὑμεῖς
528 1619 608 1646 αὐτοὶ
619 1619 720 1654 λάϐητε
739 1618 794 1646 ἀπὸ
814 1619 862 1646 τοῦ

75 1661 261 1697 ὰναθέματος.
295 1664 342 1690 καὶ
367 1665 502 1700 ποιήσητε
526 1664 576 1700 τὴν
607 1664 782 1700 παρεμϐολὴν
810 1664 864 1691 τῶν

77 1707 139 1734 υἱῶν
164 1707 277 1743 Ἰσραὴλ
298 1708 440 1744 ἀνάθεμα,
465 1709 512 1736 καὶ
538 1709 686 1745 ὲκτρίψητε
707 1709 795 1744 ἡμᾶς,
818 1708 865 1735 καὶ

76 1753 126 1780 πᾶν
153 1753 288 1791 ἀργύριον
303 1756 351 1782 καὶ
371 1755 495 1791 χρυσίον,
511 1756 558 1782 καὶ
575 1756 675 1791 χαλκὸς
694 1757 741 1783 καὶ
757 1755 866 1791 σίδηρος

76 1799 151 1833 ἅγιον
168 1800 248 1827 ἔσται
268 1800 308 1836 τῷ
331 1801 442 1837 Κυρίῳ,
465 1802 504 1833 εἰς
524 1801 660 1838 θησαυρὸν
682 1801 786 1837 Κυρίου
810 1803 867 1828 εἰσ-

77 1844 264 1881 ενεχθήσεται.
285 1855 295 1871 ›
322 1846 411 1881 Ἠφίει
430 1847 478 1882 μὲν
494 1846 547 1883 γὰρ
563 1849 624 1879 ταῖς
655 1847 749 1879 ἄλλαις
763 1847 867 1883 λαφυρ-

77 1891 213 1925 αγωγίαις
228 1892 365 1927 ἑντρυφᾷν
387 1893 451 1925 τοὺς
470 1893 695 1929 ἁνδριζομένους,
710 1894 867 1930 εἰσκομίζε-

79 1936 137 1964 σθαι
150 1937 179 1964 δὲ
193 1937 302 1976 δεῖηείς
315 1938 449 1974 θησαυρὸν
462 1939 577 1975 Κυρίου,
587 1940 664 1975 φησὶ,
674 1940 729 1966 πᾶν
736 1939 867 1975 ἀργύριον

78 1982 121 2009 καὶ
130 1983 259 2018 χρυσίον,
272 1983 371 2018 χαλκόν
383 1992 409 2010 τε
424 1983 471 2010 καὶ
487 1984 595 2020 σίδηρον
605 1992 612 1998 '
627 1984 704 2011 τοῦτο
724 1985 777 2022 γὰρ
792 1983 826 2021 ἦν
838 1985 868 2011 τὸ

78 2027 190 2064 ἐπίκλην
211 2029 350 2065 ἀνάθεμα,
366 2029 547 2064 τουτέστι,τὸ
559 2031 730 2066 ἀπονεμηθὲν
748 2032 780 2058 ὲκ
800 2031 868 2059 πάν-

78 2083 128 2101 των
140 2076 178 2110 (l)
193 2076 242 2102 καὶ
256 2075 402 2112 ἀφορισθὲν
414 2076 453 2111 τῷ
469 2076 537 2112 Θεῷ.
558 2076 739 2109 ’Δλλόὺδενὸς
750 2077 869 2110 ἀξιώσας

79 2119 154 2154 λόγου
173 2121 223 2156 τὴν
242 2121 361 2157 ἐντολὴν,
387 2131 397 2148 ι
421 2122 531 2154 Ἐλαδε,
547 2123 644 2158 φησὶν,
669 2124 758 2159 ’Δχαρ
782 2124 795 2150 ὀ
813 2124 870 2155 υἱὺς

80 2166 246 2201 Χαμμὶ,υἰοῦ
253 2168 439 2203 Ζαμϐρῆ,υἱοῦ
447 2169 521 2204 Ζαρᾶ
529 2169 614 2204 ἐκτῆς
623 2170 707 2204 φυλῆς
715 2169 809 2203 Ἰούδα,
816 2170 870 2196 ἀπὸ

81 2211 123 2238 τοῦ
136 2212 318 2248 ἁναθέματος.
336 2215 390 2240 Καὶ
403 2214 530 2250 ἐθυμώθη
542 2214 610 2251 ὀργῇ
624 2214 725 2250 Κύριος
736 2216 792 2246 τοῖς
802 2215 868 2246 υἱοῖς

905 281 1014 309 structi.
1029 281 1167 316 Scriptum
1181 285 1223 309 est
1248 281 1340 308 enim:
1361 280 1526 316 «Ingressus
1546 283 1589 307 est
1611 279 1691 307 Jesus

905 327 978 354 Nave
992 326 1026 354 ad
1040 326 1207 359 sacerdotes,
1221 330 1249 353 et
1268 327 1377 354 locutus
1388 330 1430 354 est
1443 326 1477 353 ad
1497 333 1555 359 eos,
1578 325 1690 353 dicens:

906 373 1050 408 Przecipite
1062 372 1165 407 populo
1187 373 1388 405 utcireumeat,
1412 376 1440 400 et
1460 371 1611 400 circumdet
1623 371 1693 398 civi-

907 423 1002 451 tatem,
1015 423 1043 446 et
1056 419 1108 446 viri
1121 422 1288 454 pugnatores
1298 422 1490 454 pertranseant
1505 417 1604 446 armati
1629 422 1693 445 ante

907 464 1052 492 Dominum
1062 459 1099 491 ἀε.
1112 474 1121 490 ›
1138 464 1248 492 Christo
1269 472 1386 499 namque
1400 472 1450 499 per
1467 464 1622 499 principum
1643 471 1694 490 vo-

908 517 967 537 cem
978 509 1103 545 jubente,
1118 509 1250 537 adversus
1258 509 1351 536 hostes
1367 509 1569 542 contendimus,
1580 509 1696 536 bellum-

908 563 962 590 que
975 563 1031 582 non
1044 556 1178 583 adversus
1191 563 1301 582 carnem
1312 559 1340 582 et
1347 555 1508 590 sanguinem
1517 555 1694 590 suscipimus,

909 601 958 629 sed
972 601 1105 629 adversus
1116 601 1256 637 principes
1282 605 1310 628 et
1329 604 1490 636 potestates,
1511 604 1539 628 ct
1563 601 1696 630 adversus

909 655 969 676 eam
976 648 1073 684 legem,
1082 656 1142 684 qua:
1150 649 1176 675 in
1183 649 1314 676 membris
1322 648 1413 676 carnis
1421 647 1586 675 dominatur.
1595 649 1628 664 "'
1635 648 1696 676 Eri-

910 701 972 721 mus
990 694 1072 721 etiam
1087 698 1151 721 tunc
1162 694 1190 721 in
1202 699 1351 729 conspectu
1362 693 1481 725 Domini,
1492 697 1549 720 tum
1559 698 1697 721 armatura

910 739 1028 774 quadam
1052 740 1181 768 instructi
1203 740 1298 768 divina
1327 744 1409 776 atque
1440 739 1599 775 spirituali:
1623 748 1697 767 arma

911 795 1030 822 namque
1050 792 1145 815 nostra
1169 795 1223 815 non
1241 787 1361 815 carnalia
1382 791 1456 819 sunt,
1481 790 1512 814 ut
1530 786 1632 815 Paulus
1644 786 1697 818 ait;

913 833 936 850 ⁵³
964 837 1022 861 tum
1041 842 1107 861 vero
1120 833 1234 868 justitize
1248 833 1333 868 gloria
1347 832 1476 867 insignes.
1490 832 1595 868 Aspicit
1607 832 1700 867 itaque

912 879 987 907 viros
999 879 1031 906 ad
1044 879 1220 915 pugnandum
1232 879 1421 914 paratissimos
1433 879 1506 906 Deus
1522 879 1570 906 ille
1587 878 1701 906 univer-

911 933 1002 953 sarum
1018 933 1111 953 rerum
1134 925 1276 958 Dominus,
1292 925 1501 960 splendentibus
1519 925 1633 960 iustitiae
1654 932 1700 952 ar-

911 971 963 999 mis
976 971 1097 1004 indutos,
1123 971 1205 1006 idque
1227 976 1269 999 est
1298 972 1325 998 in
1352 976 1501 1006 conspectu
1522 971 1624 998 Christi
1636 979 1701 1006 per-

911 1017 1028 1045 transire
1044 1023 1210 1053 pugnatores
1223 1022 1354 1045 armatos.
1364 1018 1516 1045 Honestum
1527 1024 1593 1044 vero
1605 1017 1632 1044 in
1641 1017 1701 1052 pri-

912 1064 963 1091 mis
976 1068 1004 1092 et
1025 1064 1176 1099 optandum
1197 1072 1272 1096 sane,
1302 1064 1330 1091 in
1352 1068 1500 1099 conspectu
1514 1063 1561 1090 Dei
1583 1071 1662 1096 esse;
1677 1063 1701 1090 si

911 1111 1023 1145 quidem
1037 1118 1093 1138 non
1107 1110 1227 1138 absurde
1250 1109 1423 1144 intelligitur,
1446 1110 1533 1136 Deum
1545 1110 1579 1137 iis
1602 1109 1650 1144 qui
1671 1117 1702 1136 se

911 1157 1088 1190 oﬂ‘euderint,
1106 1157 1178 1184 hanc
1187 1156 1271 1184 veluti
1284 1164 1392 1191 poenam
1410 1156 1562 1191 imponere,
1577 1160 1608 1183 ut
1625 1164 1654 1184 se
1667 1157 1702 1183 ab

912 1202 966 1230 illis
977 1207 1092 1236 avertat,
1106 1210 1168 1230 cum
1180 1203 1262 1230 dicat:
1281 1212 1290 1228 ‹
1304 1202 1355 1230 Ubi
1364 1210 1462 1230 manus
1473 1203 1653 1230 extenderitis
1667 1203 1701 1230 ad

913 1257 967 1282 me,
979 1253 1103 1277 avertam
1115 1249 1211 1277 oculos
1224 1256 1301 1276 meos
1311 1256 1327 1276 a
1350 1248 1430 1276 vobis
1443 1248 1475 1276 ‘°.
1493 1259 1501 1275 ι
1517 1248 1585 1276 Cum
1609 1253 1701 1276 autem

912 1295 1022 1322 obsidio
1033 1303 1120 1330 usque
1132 1294 1166 1322 ad
1175 1295 1247 1321 diem
1260 1294 1407 1330 septimum
1419 1294 1550 1329 perducta
1562 1298 1646 1326 esset,
1658 1294 1702 1321 di—

912 1339 953 1367 xit
964 1340 1064 1367 iterum
1089 1339 1168 1367 Iesus
1181 1340 1255 1367 Nave
1274 1339 1338 1366 filiis
1359 1340 1463 1367 lsrael:
1487 1349 1496 1365 ι
1509 1340 1707 1367 Vociferamln-

913 1385 948 1413 ad
961 1386 1108 1413 Dominum
1126 1394 1133 1412 :
1150 1385 1263 1413 tradidit
1275 1385 1348 1412 enim
1366 1385 1445 1412 nobis
1463 1386 1594 1414 Dominus
1607 1386 1704 1413 civita-

915 1436 984 1464 tem;
997 1435 1025 1458 ct
1036 1431 1090 1459 erit
1101 1431 1198 1458 civitas
1209 1430 1366 1463 anathema,
1385 1431 1453 1466 ipsa,
1474 1436 1503 1459 et
1523 1433 1615 1459 omnia
1643 1440 1704 1467 qua:

914 1482 977 1506 sunt
992 1478 1019 1505 in
1035 1477 1116 1514 144
1128 1485 1170 1510 ea,
1186 1478 1300 1505 Domino
1313 1477 1368 1505 Deo
1380 1478 1550 1506 exercituum
1571 1478 1703 1506 Sabaoth.

915 1524 1110 1552 Verumtamen
1131 1524 1207 1552 Raab
1228 1525 1403 1553 meretricem
1426 1530 1532 1554 servate
1554 1525 1652 1561 ipsam,
1676 1529 1706 1554 et

915 1571 1007 1599 omnia
1024 1579 1085 1607 qua:
1097 1576 1162 1599 sunt
1173 1571 1201 1599 in
1217 1571 1301 1600 domo
1319 1573 1389 1608 ejus.
1405 1572 1458 1600 Sed
1480 1579 1530 1601 vos
1548 1576 1645 1601 cavete
1670 1572 1705 1600 ab

916 1619 1100 1652 anathemate,
1113 1627 1148 1646 ne
1161 1619 1232 1647 forte
1255 1627 1304 1647 vos
1328 1619 1378 1654 ipsi
1398 1619 1549 1655 cogitantes
1566 1619 1706 1655 accipiatis

917 1665 951 1692 ab
969 1665 1156 1697 anathemate,
1182 1668 1210 1692 et
1237 1664 1344 1693 faciatis
1366 1669 1458 1692 castra
1481 1665 1599 1692 filiorum
1622 1665 1705 1694 Israel

917 1711 1073 1744 anathema,
1092 1715 1121 1738 et
1143 1711 1293 1738 conteratis
1308 1718 1374 1744 nos;
1393 1715 1421 1738 et
1432 1718 1513 1739 omne
1524 1714 1664 1747 argentum
1678 1715 1706 1739 et

917 1764 1026 1789 aurum,
1051 1761 1079 1784 et
1100 1765 1138 1784 aes
1159 1761 1187 1784 et
1201 1756 1304 1784 ferrum
1319 1761 1442 1784 sanctum
1457 1757 1510 1784 erit
1529 1757 1662 1784 Domino:
1678 1757 1705 1784 in

918 1804 1062 1831 thesauros
1073 1803 1121 1830 Dei
1138 1802 1272 1831 inferetur
1283 1803 1316 1830 “.
1332 1813 1340 1828 ι
1359 1802 1487 1830 Permisit
1504 1802 1578 1830 enim
1590 1803 1707 1830 fortibus

918 1850 985 1877 viris
1007 1854 1038 1877 ut
1049 1849 1154 1885 reliqua
1165 1849 1256 1884 praeda
1270 1848 1445 1882 fruerentur;
1463 1848 1510 1876 sed
1523 1849 1618 1876 inferri
1626 1857 1707 1885 opor-

919 1899 977 1922 tere
988 1894 1058 1922 dixit
1070 1895 1099 1922 in
1114 1895 1260 1922 thesauros
1274 1894 1382 1922 Domini
1397 1897 1541 1930 argentum
1565 1901 1656 1927 omne,
1679 1899 1707 1923 et

919 1949 1027 1973 aurum,
1039 1948 1077 1968 tes
1088 1948 1197 1976 quoque
1211 1949 1243 1968 ac
1264 1941 1383 1968 ferrum:
1397 1940 1450 1968 hoc
1467 1940 1622 1980 cnim_erat
1639 1941 1706 1968 illud

919 1987 992 2023 quod
1004 1987 1158 2023 appellatur
1168 1988 1324 2019 anathema,
1338 1987 1365 2014 id
1378 1992 1431 2019 est,
1446 1987 1519 2022 quod
1534 1995 1566 2014 ex
1579 1987 1708 2014 omnibus

920 2033 1104 2066 tribuebatur,
1117 2038 1145 2061 et
1158 2034 1215 2061 Deo
1238 2034 1442 2070 segregabatur.
1468 2033 1619 2066 Caeterum,
1632 2033 1708 2061 nulla

919 2080 1050 2115 praecepti
1064 2081 1170 2108 ratione
1180 2080 1288 2107 habita:
1305 2089 1313 2105 ι
1327 2080 1474 2115 Αοεεμὶι,”ι
1487 2079 1585 2114 inquit,
1606 2078 1710 2107 «Achar

921 2126 994 2154 illius
1001 2126 1124 2158 Charmi,
1139 2126 1186 2154 ﬁlii
1198 2126 1320 2158 Zambri,
1336 2126 1382 2153 lilii
1396 2126 1475 2158 Zara,
1490 2134 1524 2153 ex
1538 2126 1610 2153 tribu
1623 2126 1707 2158 Juda,

921 2181 954 2201 ex
969 2173 1159 2200 anathemate:
1174 2178 1201 2200 et
1210 2173 1297 2200 iratus
1310 2177 1351 2200 est
1363 2172 1456 2200 furore
1464 2172 1597 2199 Dominus
1608 2171 1709 2199 adver—

923 2225 969 2244 sus
980 2217 1051 2244 ﬁlios
1062 2217 1144 2245 lsrael
1153 2218 1186 2244 5'.
1202 2227 1210 2242 ι
1222 2217 1336 2253 Oportet
1350 2218 1434 2250 enim,
1450 2221 1479 2244 ut
1491 2221 1568 2252 puto,
1581 2217 1628 2252 qui
1641 2225 1709 2245 con-

87 2258 208 2294 Ὶσραήλ,
232 2268 241 2285 ι
262 2259 369 2294 Χρῆναι
393 2260 448 2296 γὰρ
471 2258 548 2295 οἶμαι
563 2262 627 2292 τοὺς
643 2261 702 2292 ταῖς
724 2261 863 2296 κοσμικαῖς

924 2268 964 2290 tra
994 2263 1086 2291 smculi
1109 2265 1265 2299 voluptates
1282 2267 1310 2291 et
1337 2264 1420 2300 hujus
1432 2264 1495 2291 vitae
1517 2264 1710 2292 distractiones

80 2303 183 2338 ἡδοναῖς
199 2304 315 2336 καὶτοῖς
339 2306 368 2331 ὲν
389 2306 457 2341 τῷδε
481 2306 521 2340 τῷ
545 2306 594 2342 βίῳ
614 2309 816 2344 περισπασμοῖς
838 2307 869 2334 τὺ

81 2349 205 2382 εὐσθενὲς
230 2351 260 2376 ἐν
281 2351 392 2387 Χριστῷ
422 2352 625 2388 παρεξὰγοντας
652 2353 796 2389 φρόνημα,
822 2353 868 2380 καὶ

81 2393 122 2421 διὰ
136 2395 192 2422 τῶν
209 2396 258 2431 τῆς
281 2396 454 2433 δικαιοσύνης
476 2399 566 2426 ὅπλων
590 2399 743 2435 εὐδοκιμεῖν
765 2401 869 2436 ᾑρημέ-

82 2449 151 2474 νους.
164 2443 194 2468 ἒν
212 2442 356 2478 ἐπισκέψει
370 2452 397 2471 τε
410 2444 461 2479 ἤδη
476 2445 623 2479 γεγονότας
640 2445 770 2481 Χριστοῦ,
787 2446 870 2482 μηδε-

81 2487 124 2518 νὸς
148 2486 276 2522 ἐφίεσθαι
300 2488 355 2514 τῶν
380 2490 408 2516 ἐν
435 2489 530 2526 κόσμῳ
552 2491 804 2526 τεθαυμασμένων.
832 2492 868 2526 μὴ

82 2533 197 2561 πλούτου
207 2554 214 2566 ,
223 2534 261 2570 μὴ
273 2534 367 2569 δόξης,
386 2536 423 2571 μὴ
440 2535 598 2568 δυναστείας
608 2557 616 2569 ,
631 2536 647 2572 ἢ
666 2537 816 2572 ὑπεροχῆς,
831 2538 868 2572 μὴ

82 2580 134 2606 τῶν
150 2581 185 2607 ὲκ
202 2580 254 2615 τῆς
275 2580 370 2615 σοφίας
391 2581 549 2618 Ἑλληνικῆς
576 2582 690 2609 ἀνοσίων
715 2582 868 2617 δογμάτων.

84 2622 144 2659 Εἶεν
163 2625 187 2652 δ’
215 2625 263 2657 ἂν,
291 2626 330 2657 εἰς
356 2626 439 2654 τύπον
464 2627 655 2664 λαμπρότητος
692 2628 741 2663 μὲν
767 2628 816 2662 τῆς
844 2629 873 2654 ἐν

84 2671 221 2708 ἀξιώμασι
236 2672 283 2699 καὶ
307 2673 470 2709 ὑπεροχαῖς,
483 2674 515 2701 τὸ
528 2674 658 2711 ἀργύριον
668 2683 675 2690 ·
691 2674 805 2710 λαμπρὰ
820 2674 873 2710 γὰρ

85 2718 100 2753 ἡ
125 2717 188 2753 ὕλη·
207 2718 323 2746 πλούτου
345 2719 389 2751 δὲ,
405 2721 419 2746 ὁ
440 2720 549 2756 χρυσός.
573 2720 611 2747 Τὸ
626 2720 654 2747 δὲ
678 2721 727 2755 τῆς
749 2720 872 2756 γλώττης

86 2763 183 2800 εὖηχες
212 2764 266 2791 τῶν
289 2766 317 2791 ὲν
347 2765 442 2801 κόσμῳ
475 2766 581 2800 σοφῶν,
607 2767 826 2802 κατασημήνειεν
858 2767 873 2793 ὀ

924 2310 1032 2337 ﬁrmum
1052 2310 1079 2337 in
1094 2310 1204 2338 Christo
1215 2311 1336 2338 animum
1352 2310 1541 2346 opposuerint,
1556 2318 1587 2338 ac
1598 2310 1709 2338 laudern

924 2365 972 2392 per
991 2364 1066 2384 arma
1077 2357 1189 2392 justitiae
1201 2357 1314 2392 adipisci
1332 2356 1516 2386 decreverint.
1542 2355 1644 2391 quique
1653 2355 1709 2392 jam

925 2401 951 2427 in
964 2405 1141 2436 conspectum
1154 2401 1255 2430 Christi
1267 2401 1402 2433 venerint,
1420 2408 1468 2429 eos
1478 2401 1545 2428 nihil
1561 2408 1594 2428 ex
1615 2400 1649 2428 iis
1661 2409 1709 2428 ex-

925 2451 1016 2480 petere
1029 2454 1090 2481 qua:
1102 2447 1130 2473 in
1142 2446 1194 2474 hoc
1207 2446 1310 2474 mundo
1322 2445 1493 2473 admirabilia
1504 2446 1642 2478 videntur,
1655 2453 1710 2474 non

923 2498 999 2525 opes,
1011 2498 1066 2519 non
1082 2492 1206 2526 gloriam,
1219 2500 1274 2519 non
1286 2491 1447 2527 potentiam,
1472 2496 1520 2519 aut
1536 2495 1710 2527 prtestantcm

923 2537 1048 2572 gradum,
1062 2544 1117 2565 non
1134 2538 1218 2573 impia
1230 2545 1263 2565 ex
1271 2538 1366 2573 gentili
1379 2538 1661 2574 sapientia‘dogmata.
1676 2537 1711 2565 Et
1734 2574 1737 2579 π

925 2583 999 2612 illius
1012 2584 1122 2619 quidem
1146 2584 1301 2620 splendoris
1319 2584 1367 2619 qui
1388 2584 1417 2612 in
1436 2584 1598 2619 dignitatum
1619 2583 1711 2618 gradi-

923 2630 977 2657 bus
983 2633 1010 2658 et
1021 2630 1202 2666 amplitudine
1214 2635 1366 2666 spectatur,
1377 2630 1464 2666 figura
1475 2638 1530 2658 non
1545 2630 1637 2665 inepta
1651 2629 1711 2656 fue-
1735 2642 1742 2647 -

924 2676 961 2704 rit
973 2682 1134 2712 argentum;
1151 2677 1324 2714 splendidum
1336 2681 1378 2705 est
1390 2677 1463 2705 enim
1484 2677 1537 2704 hoc
1549 2675 1651 2703 metalli
1664 2682 1712 2710 ge—

923 2729 990 2755 nus;
1013 2729 1097 2758 epum
1125 2731 1202 2756 vero,
1219 2732 1327 2751 aurum.
1350 2724 1429 2752 lllum
1446 2731 1529 2759 porro
1542 2723 1643 2756 lingua:
1666 2729 1712 2748 so-

923 2776 999 2801 num,
1012 2777 1068 2803 quo
1080 2770 1176 2797 mundi
1193 2771 1331 2805 sapientes
1354 2775 1480 2804 utuntur,
1496 2770 1651 2806 signiﬁcare
1665 2774 1712 2801 po-

88 2856 108 2872 "
122 2857 178 2885 Jos.
196 2867 232 2890 τι,
244 2859 275 2891 7;
289 2859 389 2894 Ephes.
410 2868 446 2890 vr.
460 2860 500 2886 ια
520 2858 553 2874 “‘
571 2861 649 2887 Rom.
666 2861 769 2893 $11,275.
790 2861 810 2874 ‘-‘
824 2859 846 2887 ll
860 2859 922 2887 Cor.
939 2867 964 2891 κ,
980 2860 1004 2886 .5.
1026 2860 1047 2875 "°
1062 2860 1112 2887 lsa.
1124 2869 1142 2894 ι,
1160 2861 1202 2888 15.
1221 2861 1240 2877 θ’
1257 2861 1313 2889 Jos.
1329 2863 1403 2892 ml6
1428 2871 1504 2898 seqq.
1523 2861 1610 2889 "los.
1628 2859 1711 2893 vuﬁ.

121 2904 159 2939 (l)
176 2904 223 2932 Sic
237 2905 298 2931 cod.
318 2905 405 2932 Vatis.
419 2905 510 2935 Codex
526 2905 613 2936 Sileti,
634 2907 750 2942 ἐκὰςτῳ.

229 2951 364 2982 Parnm“
389 2953 446 2982 Gn.
470 2953 585 2983 LXi'ltl

1459 2951 1492 2981 12
