1934 3042
218 178 272 206 365

220 236 286 264 terit
301 243 340 263 es
350 243 358 267 ;
369 235 442 261 vires
452 233 580 268 denique,
602 236 684 268 atque
698 233 863 269 potentiam,
885 233 1001 266 ferrum,
1018 234 1041 263 Α

219 282 294 318 quod
304 285 333 309 et
341 281 441 309 durum
453 280 599 308 admodum
614 280 661 313 sit,
678 284 779 308 etcum
792 280 916 308 omnium
939 287 1002 307 cor-

221 337 318 366 porum
330 328 443 356 materia
453 334 578 363 pugnans
589 336 596 354 :
609 334 671 362 quas
691 327 714 354 si
738 327 800 361 quis
813 326 927 362 adipisci
952 333 1001 353 vo-

220 377 311 409 luerit,
324 375 449 411 quamvis
468 375 512 402 ille
525 374 664 410 praecipuo
682 374 718 401 sit
730 373 803 409 apud
823 373 909 401 Deum
931 374 1001 405 loco,

218 427 246 449 et
261 422 333 449 inter
342 421 488 448 bellatores
499 418 814 454 numeretur,spirituali
826 425 935 453 quoque
946 419 1004 445 ani-

219 467 255 494 mi
268 466 455 502 magnitudine
468 465 504 493 sit
519 465 644 500 insignis,
657 465 680 492 is
706 464 802 500 procul
822 464 907 491 dubio
917 465 1003 491 Deum

217 513 350 546 oll‘endit;
366 519 484 547 cumque
499 518 563 538 eum
585 508 687 538 furtiva
704 510 891 547 subtractione
912 510 1000 538 olfen-

218 559 283 588 dcre
298 559 326 586 in
342 559 464 586 animum
491 557 639 590 induxerit,
654 556 702 592 qui
717 561 745 584 et
760 556 787 583 in
805 556 889 584 amis
910 563 1003 583 comes

217 614 249 634 ac
259 607 352 633 socius
366 609 437 638 erat,
450 609 478 632 et
496 604 654 636 auxiliator,
672 602 852 637 consequenti
874 602 1003 629 vindictae

216 651 379 686 subiacebit.

251 697 349 724 PALL.
374 696 458 723 Recte
469 695 519 723 ais.
546 695 688 723 Assentior
698 695 772 722 enim
793 695 852 722 tibi.
867 694 1002 723 Caeterum

217 746 283 774 illud
295 745 364 773 mihi
377 746 498 780 explices
517 745 609 777 velim,
636 752 786 780 parumper
807 752 822 771 a
841 751 870 771 re
882 747 957 779 gesta
975 746 1004 770 et

216 792 330 820 historia
341 791 489 819 deﬂectens
502 791 666 822 orationem,
681 798 730 818 cur
742 791 797 818 Deo
809 793 963 825 argentum,
976 792 1007 816 et

215 845 325 870 aurum,
337 845 375 864 aes
387 837 451 864 item
464 844 496 864 ac
514 836 617 863 ferrum
629 835 665 863 sit
677 839 877 867 consecratum,
902 842 934 862 ac
949 842 1003 862 non

216 883 309 918 potius
329 890 364 910 ea
384 881 427 909 vel
440 885 569 916 tanquam
598 880 705 908 inutilia
729 880 854 913 fortasse,
879 880 921 907 vel
943 883 1004 906 tan-

216 934 299 962 quam
311 926 445 962 ejusmodi
467 933 529 960 quae
540 926 665 961 polluere
683 929 803 960 possent,
817 933 832 952 e
844 925 941 952 castris
952 925 1002 952 ab-

213 975 287 1009 iecta
301 973 371 1000 sint:
387 979 450 999 nam
458 971 610 1006 spiritualis
622 971 864 1006 contemplationis
886 970 1003 998 facultas

215 1018 399 1048 abominanda
413 1017 497 1046 fuisse
510 1017 718 1045 demonstravit.

253 1066 332 1101 155
347 1065 424 1092 ΟΥΕ.
444 1063 513 1097 Quia
534 1064 664 1099 splendor
687 1064 786 1097 omnis,
810 1064 932 1096 Palladi,
957 1072 1002 1092 sa-

216 1111 383 1146 pientiaque,
398 1113 426 1136 et
442 1117 518 1144 opes,
530 1113 612 1144 atque
620 1109 702 1136 etiam
715 1110 787 1136 vires
809 1110 1004 1136 convenienter

216 1157 330 1192 acjuste
348 1156 403 1182 Deo
416 1155 594 1188 tribuuntur;
607 1155 682 1183 illius
692 1155 766 1182 enim
791 1159 833 1183 est
855 1155 950 1191 gloria,
975 1159 1004 1183 et

217 1203 348 1239 splendor
366 1202 466 1235 omnis,
479 1206 506 1229 et
519 1209 595 1237 opes,
609 1207 637 1230 et
647 1202 790 1237 sapientia,
816 1207 844 1229 et
868 1203 1002 1238 potentia.

214 1250 352 1278 Craterum
368 1248 493 1284 quisquis
505 1249 540 1276 ab
553 1249 601 1276 illo
612 1249 759 1284 acceperit,
772 1254 799 1277 et
808 1257 843 1276 cx
855 1249 928 1278 illius
944 1251 1005 1278 the-

215 1304 298 1323 sauro
307 1295 411 1323 ditatus
421 1294 536 1326 divitiis,
549 1295 679 1322 videlicet
691 1295 924 1323 intellectualibus
943 1296 1003 1323 fue-

215 1342 262 1373 rit,
273 1342 444 1377 gloriamque
467 1344 495 1367 et
505 1341 666 1375 sapientiam
679 1348 712 1368 ac
729 1342 880 1376 potentiam
898 1342 1003 1370 habue-

215 1389 252 1416 rit
277 1387 458 1423 spiritualem,
478 1387 524 1414 ille
544 1395 611 1414 vero
625 1388 791 1423 conspicuus
802 1389 857 1415 erit
875 1396 906 1416 ac
922 1389 1002 1422 felix;

216 1435 258 1461 sin
271 1435 329 1462 haec
341 1433 436 1460 eadem
445 1441 460 1460 a
471 1433 574 1460 mundo
583 1433 708 1468 accipere
714 1434 1002 1466 maluerit,cxsecran-

216 1480 268 1507 dus
279 1480 342 1511 erit,
356 1483 385 1506 et
396 1479 500 1506 invisus
523 1479 579 1506 Deo
591 1479 701 1507 virtutis
712 1480 838 1512 amatori,
852 1488 883 1508 ac
897 1481 1003 1516 judicio

215 1531 358 1561 partaeque
369 1523 515 1551 obnoxius.
539 1523 657 1551 Omnino
673 1524 880 1563 enim‘divitias
906 1533 1003 1553 consc-

215 1570 311 1607 quitur
322 1569 462 1604 voluptas;
476 1569 615 1604 splendori
628 1573 719 1596 autem
736 1574 817 1605 atque
827 1570 1001 1605 amplitudini
1016 1582 1038 1612 ο

215 1617 304 1643 vicina
319 1619 361 1644 est
372 1616 504 1644 continuo
511 1615 658 1650 superbia:
674 1617 803 1651 potentiae
817 1625 883 1644 vero
901 1617 1002 1652 adjun-

214 1667 259 1690 cta
276 1662 426 1697 iniquitas;
443 1661 586 1696 sapientize
597 1661 742 1689 mundana:
753 1663 871 1698 denique
890 1671 1003 1698 perver-

215 1707 284 1735 sitas
307 1708 486 1742 dogmatum,
513 1707 637 1742 quamvis
663 1715 758 1735 eorum
781 1709 828 1743 qui
857 1709 903 1736 illa
932 1710 1001 1736 scri-

214 1757 330 1789 pserunt
352 1753 444 1788 lingua
456 1753 577 1780 suaviter
591 1757 681 1780 sonet.
691 1753 852 1788 llujusmodi
871 1755 1002 1790 quiddam

214 1801 317 1828 Paulus
331 1800 386 1828 ait:
409 1809 418 1826 ι
431 1800 459 1827 Si
479 1800 542 1835 quis
556 1805 599 1828 est
620 1801 648 1828 in
659 1801 738 1829 vobis
755 1802 874 1837 sapiens,
901 1803 1002 1832 stultus

215 1847 274 1879 ﬁat,
286 1851 318 1874 ut
339 1847 375 1874 sit
395 1846 518 1881 sapiens:
550 1846 683 1881 sapientia
706 1848 779 1874 enim
800 1848 882 1883 hujus
905 1849 1002 1876 mundi

217 1893 334 1920 stultitia
354 1896 396 1919 cst
410 1891 482 1932 apud
525 1891 611 1920 Deum
626 1892 657 1918 ⁵⁸.
670 1901 679 1917 ι
695 1892 785 1920 Achar
820 1893 914 1929 igitur,
939 1902 1002 1922 cum

215 1939 275 1966 haec
286 1945 342 1965 non
355 1945 371 1964 e
384 1937 486 1964 Christi
498 1937 636 1970 thesauro,
644 1938 692 1965 sed
718 1939 794 1966 velut
808 1947 823 1967 e
840 1940 954 1973 mundo,
969 1947 1002 1967 ex

217 1984 276 2018 ipsa
293 1982 481 2010 urbeJericlio
507 1983 668 2017 accepisset,
690 1984 805 2014 oli'endit
827 1986 924 2013 Deum.
949 1986 1002 2014 Sed

217 2037 279 2064 qua:
293 2029 357 2056 inde
369 2036 402 2055 ex
416 2028 455 2056 ira
468 2029 515 2056 Dei
530 2033 675 2057 consecuta
701 2035 774 2063 sunt,
801 2039 856 2058 non
880 2031 914 2059 ad
938 2040 1002 2059 eum

217 2076 305 2102 solum
332 2075 537 2109 pertinuerunt,
566 2075 613 2110 qui
655 2084 688 2103 eo
714 2077 833 2104 crimine
856 2077 1002 2105 damnatus

215 2125 290 2153 erat,
304 2120 351 2148 sed
364 2124 448 2147 totam
471 2128 633 2156 synagogam
650 2121 806 2150 afﬂixerunt
825 2132 830 2149 :
858 2123 904 2150 ille
928 2124 1002 2151 enim

215 2165 354 2201 quondam
368 2165 488 2193 invictus
510 2167 626 2201 populus
645 2167 742 2199 Israel,
756 2175 854 2202 expers
881 2169 1002 2203 prasidii

216 2211 329 2248 superni
342 2211 440 2245 factus,
459 2211 584 2240 infirmus
596 2217 623 2240 et
638 2213 757 2240 imbellis
780 2214 841 2241 fuit.

710 174 738 200 Β.
758 171 896 201 CYRlLLl
916 171 1152 200 ALEXANDRINI
1172 171 1332 201 ARCHIEP.

1790 175 1846 203 36-5

1055 232 1169 268 χαλκός·
1190 234 1267 269 ίσχὺν
1283 233 1311 260 δὲ
1335 233 1383 261 καὶ
1402 233 1576 268 δυναστείαν,
1591 235 1707 271 σκληρὸς
1720 234 1759 262 ὢν
1775 235 1848 270 ἄγαν

1052 279 1067 304 ό
1082 279 1206 314 σίδηρος,
1221 279 1269 307 καὶ
1289 281 1323 315 τῇ
1346 279 1397 316 ’ὕλῃ
1418 281 1492 317 πάσῃ
1515 281 1678 317 μαχόμενος.
1695 277 1747 308 Ὧν
1764 281 1848 316 εἴπερ

1052 333 1095 357 τις
1118 325 1208 352 ἕλοιτο
1233 326 1411 362 μεταλαχεῖν,
1433 327 1522 354 καίτοι
1554 327 1604 362 τὴν
1627 327 1743 363 ἀρίστην
1765 326 1848 360 τάξιν

1053 369 1122 406 ἔχων
1135 371 1211 406 παρὰ
1220 370 1289 407 Θεῷ,
1301 372 1348 398 καὶ
1362 371 1600 408 ἀναμετρούμενος
1611 373 1639 398 ἐν
1649 372 1844 407 πολεμισταῑς,

1052 417 1100 443 καὶ
1127 416 1179 452 μὴν
1200 417 1248 444 καὶ
1271 418 1473 453 πνευματικαῖς
1494 417 1634 453 εὑψυχίαις
1656 417 1777 453 γεγονὼς
1799 419 1847 444 ἑκ-

1053 462 1173 498 πρεπὴς,
1189 463 1373 500 προσκρούσει
1395 464 1469 500 Θεῷ,
1486 465 1533 492 καὶ
1549 464 1687 500 κιὸδήλοις
1701 472 1846 500 παρατρο-

1054 510 1118 540 παίς
1147 509 1313 536 καταλυπεῖν
1342 510 1480 546 ᾑρημένος
1504 511 1549 538 τὸν
1581 511 1710 538 σύνοπλόν
1734 519 1764 537 τε
1800 510 1847 536 καὶ

1054 555 1171 591 ἀρωγὸν,
1184 557 1244 588 ταῖς
1259 555 1386 583 ἐντεῦθεν
1401 556 1497 593 ὀργαῖς
1508 557 1693 584 ὑποκείσεται.

1089 696 1196 724 ΠΑΛΛ.
1219 693 1258 722 Εὖ
1287 695 1365 730 ἔφης.
1390 694 1584 730 Συναινέσαιμι
1606 693 1661 730 γὰρ
1685 694 1728 722 ἄν.
1759 692 1844 729 Πλὴν,

1053 741 1143 768 ἐκεῖνό
1163 750 1208 777 μοι
1232 741 1354 776 φράσον,
1372 740 1458 776 βραχὺ
1480 741 1528 767 τοῦ
1552 739 1714 775 πράγματος
1731 740 1780 766 καὶ
1796 740 1846 774 τῆς

1056 787 1176 824 ίστορίας
1207 787 1380 822 ἀποκομίσας
1404 787 1451 813 τὸν
1481 786 1577 820 λόγον’
1600 786 1670 813 διατί
1694 785 1792 820 Κυρίῳ
1815 785 1847 811 τὺ

1054 832 1186 868 ἀργύριον
1203 832 1250 859 καὶ
1265 832 1295 859 τὸ
1313 832 1441 868 χρυσίον,
1456 831 1504 859 καὶ
1517 832 1531 858 ό
1548 831 1646 866 χαλκὸς
1660 831 1707 858 καὶ
1724 831 1846 866 σίδηρος,

1055 878 1103 905 καὶ
1116 879 1176 913 οὐχὶ
1202 878 1234 914 δὴ
1263 878 1380 914 μᾶλλον,
1407 878 1423 914 ἢ
1444 878 1482 910 ὼς
1508 877 1633 913 ἄχρηστα
1653 877 1785 912 τυχὸν,ῆ
1808 877 1848 908 ὡς

1018 909 1040 938 Β
1056 909 1377 960 καταμολύνείνείδότα,
1392 909 1444 959 της
1467 909 1643 960 παρεμϐολῆς
1663 909 1846 957 ὲέέπέμπετο·

1056 971 1167 1006 μυσαρὰ
1181 971 1234 1006 γὰρ
1251 971 1366 1006 δέδειχεν
1381 970 1451 997 αὐτὰ
1465 969 1515 1005 τῆς
1527 970 1716 1005 πνευματικῆς
1727 969 1847 1005 θεωρίας

1055 1017 1072 1052 ἡ
1087 1016 1210 1052 δύναμις.

1090 1063 1174 1090 ΚΥΡ.
1191 1063 1264 1096 Ὅτι,
1284 1059 1307 1090 ὦ
1327 1062 1470 1095 Παλλάδιε,
1489 1061 1650 1098 λαμπρότης
1675 1060 1724 1097 μὶν
1741 1061 1846 1092 ἅπασα⁷

1056 1109 1137 1144 σοφία
1146 1117 1177 1135 τε
1194 1108 1241 1136 καὶ
1257 1108 1381 1140 πλοῦτος,
1392 1108 1440 1134 καὶ
1457 1107 1509 1143 μὴν
1524 1107 1571 1134 καὶ
1587 1108 1673 1142 ἰσχὺς,
1684 1107 1848 1142 πρεπόντως

1054 1163 1085 1182 τε
1111 1155 1158 1182 καὶ
1181 1155 1263 1186 ὁσίως
1284 1154 1458 1181 ἁνακείσεται
1481 1153 1520 1189 τῷ
1546 1153 1616 1188 Θεῷ.
1640 1153 1728 1180 Αὐτοῦ
1753 1152 1809 1188 γὰρ
1829 1153 1847 1186 ἡ

1055 1201 1118 1234 δόξα
1135 1201 1182 1228 καὶ
1200 1201 1217 1236 ἡ
1233 1201 1307 1227 πᾶσα
1322 1200 1481 1236 λαμπρότης
1491 1220 1497 1232 ,
1520 1199 1636 1231 πλοῦτός
1652 1208 1681 1226 τε
1696 1199 1744 1226 καὶ
1755 1199 1848 1233 σοφία,

1056 1247 1104 1274 καὶ
1119 1247 1244 1283 δύναμις.
1268 1247 1338 1273 Ἀλλ’
1352 1247 1376 1273 εί
1392 1247 1440 1282 μέν
1454 1255 1496 1278 τις
1509 1247 1595 1273 ἕλοιτο
1615 1247 1679 1282 παρ’
1694 1245 1789 1278 αὐτοῦ,
1803 1247 1850 1272 καὶ

1055 1293 1109 1321 ἀπὸ
1125 1293 1264 1328 θησαυροῦ
1285 1293 1387 1328 Κυρίου
1405 1292 1584 1324 πλουτίζοιτο,
1598 1292 1711 1319 πλοῦτον
1725 1292 1849 1328 δηλονότι

1054 1339 1101 1364 τὸν
1125 1338 1230 1373 νοητὸν,
1253 1337 1333 1370 δόξαν
1355 1346 1384 1364 τε
1407 1338 1454 1364 καὶ
1476 1337 1594 1370 σύνεσιν,
1621 1337 1669 1364 καὶ
1688 1339 1766 1373 ίσχῦν
1791 1337 1850 1373 ἔχει

1055 1383 1254 1419 πνευματικὴν,
1267 1384 1415 1419 περίοπτος
1429 1383 1506 1411 ἔσται
1523 1384 1571 1410 καὶ
1583 1383 1713 1418 ζηλωτός.
1731 1383 1764 1410 Εἰ
1774 1383 1803 1410 δὲ
1817 1383 1850 1419 δὴ

1056 1431 1176 1466 βούλοιτο
1197 1431 1277 1457 ταυτὶ
1292 1431 1368 1466 παρὰ
1383 1430 1430 1456 τοῦ
1455 1430 1557 1465 κόσμου
1581 1429 1691 1463 λαδείν,
1720 1429 1850 1465 βδελυρὺς

1055 1477 1130 1504 ἔσται
1147 1477 1194 1504 καὶ
1210 1477 1404 1512 ἀπηχθημένος
1426 1477 1501 1512 παρά
1516 1485 1548 1512 γε
1564 1476 1602 1512 τῷ
1622 1476 1760 1513 φιλαρὲτῳ
1777 1476 1849 1511 Θεῷ,

1055 1523 1102 1551 καὶ
1115 1524 1168 1550 ὑπὸ
1182 1516 1273 1559 κρίσιν
1285 1523 1361 1550 ἔσται
1375 1523 1422 1550 καὶ⁵
1433 1523 1523 1559 δίκην.
1540 1523 1652 1558 "Ed/erat
1667 1523 1722 1558 γὰρ
1735 1519 1850 1554 πάντως

1055 1570 1093 1606 τῷ
1120 1570 1174 1605 μὲν
1198 1570 1305 1606 πλούτῳ
1326 1570 1357 1597 τδ
1382 1570 1532 1606 φιλήδονον,
1557 1570 1730 1606 λαμπρότητι
1751 1570 1781 1597 δὲ
1803 1571 1849 1596 και

1056 1618 1203 1653 ὑπεροχαῖς
1218 1617 1316 1651 γείτων
1335 1616 1415 1648 εὐθὺς
1429 1618 1446 1652 ἡ
1462 1616 1615 1652 ὑπεροψία·
1631 1616 1804 1648 δυναστείαις
1818 1624 1850 1650 γε

1058 1663 1111 1698 μὴν
1128 1663 1331 1698 παραπέπηγεν
1344 1663 1361 1698 ἡ
1383 1662 1541 1696 πλεονεξία·
1555 1662 1636 1698 σοφίᾳ
1656 1662 1685 1689 δὲ
1704 1663 1738 1698 τῇ
1756 1662 1787 1689 ὲν
1804 1662 1850 1688 κό-

1057 1717 1130 1743 σμῳ,
1148 1709 1179 1736 τὺ
1195 1710 1224 1736 ἰν
1239 1709 1372 1745 δόγμασιν
1383 1709 1510 1742 ἀκαλλὲς,
1523 1709 1576 1736 κᾶν
1587 1710 1611 1736 εἰ
1630 1709 1660 1735 τδ
1675 1707 1775 1744 εὖηχες
1792 1707 1850 1744 ἔχοι

1055 1754 1110 1781 τῶν
1127 1755 1217 1782 ὲκείνα
1229 1755 1408 1791 γεγραφότων
1423 1756 1439 1791 ἠ
1456 1755 1574 1789 γλῶττα.
1593 1755 1718 1782 Τοιοῦτόν
1737 1764 1763 1781 τι
1776 1755 1825 1781 καὶ
1836 1755 1850 1781 ό

1057 1801 1163 1833 Παῦλός
1176 1810 1260 1837 φησιν
1273 1809 1280 1817 ·
1302 1811 1311 1827 ι
1330 1801 1366 1828 Et
1380 1801 1420 1833 τίς
1435 1803 1508 1828 ἔστιν
1522 1803 1550 1828 ὲν
1567 1802 1631 1837 ὑμῖν
1647 1801 1739 1835 σοφδς,
1757 1801 1850 1837 μωρὸς

1055 1848 1187 1882 γενέσθω,
1202 1849 1245 1875 ἴνα
1254 1848 1366 1884 γένηται
1379 1848 1461 1884 σοφός
1471 1849 1504 1884 ’ἡ
1518 1848 1572 1884 γὰρ
1589 1848 1669 1883 σοφία
1683 1847 1730 1875 τοῦ
1743 1848 1849 1883 κόσμου

1055 1894 1162 1926 τούτου,
1178 1895 1269 1930 μωρία
1289 1895 1365 1930 παρὰ
1379 1894 1439 1930 Θεῷ
1451 1896 1534 1922 ἐστιν.
1554 1904 1563 1920 ι
1579 1895 1668 1930 ’Δχαρ
1681 1894 1714 1930 δὴ
1725 1892 1785 1927 οὖν,
1800 1895 1850 1922 οὐκ

1056 1940 1088 1967 ὲκ
1099 1941 1238 1976 Θησαυροῦ
1253 1941 1372 1978 Χριστοῦ
1387 1941 1488 1973 λαϐὼν,
1502 1941 1560 1968 ἀλλ’
1574 1941 1669 1976 ὥσπερ
1678 1940 1732 1967 ἀπὸ
1743 1941 1848 1976 κόσμου

1055 1987 1104 2022 τῆς
1119 1988 1258 2023 Ἱεριχοῦς,
1270 1988 1437 2025 προσκρούει
1448 1988 1518 2025 Θεῷ.
1529 1988 1568 2015 Τὰ
1579 1989 1607 2015 δὲ
1622 1988 1746 2015 ἐντεῦθεν
1760 1988 1848 2024 βλάϐη

1057 2033 1104 2060 καὶ
1119 2033 1154 2059 τὰ
1170 2033 1202 2059 ὲκ
1217 2033 1293 2064 Θείας
1309 2033 1396 2068 όργῆς
1413 2033 1610 2069 συμϐαίνοντα,
1628 2034 1679 2060 οὐκ
1704 2033 1752 2059 ἐπὶ
1766 2034 1848 2068 μόνον

1056 2079 1154 2115 ἐχώρει
1177 2079 1223 2106 τὸν
1247 2079 1294 2106 ἐπὶ
1312 2079 1400 2106 τοῖσδε
1423 2079 1665 2114 κατεγνωσμένον,
1699 2078 1758 2106 ἀλλ’
1783 2079 1848 2114 ὅλην

1056 2126 1157 2152 ἐκάκου
1172 2125 1222 2160 τὴν
1239 2125 1401 2161 συναγωγήν
1412 2133 1419 2141 ·
1435 2125 1568 2161 ἀμέτοχος
1581 2125 1635 2160 γὰρ
1649 2123 1771 2159 γεγονὼς
1786 2125 1847 2151 ἑπι-

1055 2173 1167 2209 κουρίας
1189 2172 1238 2208 τῆς
1258 2172 1371 2205 ἄνωθεν,
1390 2172 1509 2209 ἀδρανής
1527 2181 1556 2199 τε
1579 2172 1627 2199 καὶ
1646 2172 1760 2204 ἄναλκις
1775 2170 1810 2208 ἦν
1834 2173 1850 2199 ὸ

1056 2219 1140 2247 πάλαι
1157 2219 1376 2252 δυσαλωτότατος
1399 2220 1518 2256 Ἰσραήλ.

251 2258 349 2285 PALL.
381 2258 523 2291 Quomodo
550 2263 597 2285 aut
622 2259 758 2286 undenam
777 2260 886 2288 edoceri
903 2269 1001 2296 possu-

1089 2266 1193 2292 ΠΛΛΛ.
1210 2266 1265 2293 Καὶ
1281 2266 1340 2298 πῶς
1359 2266 1375 2302 ἢ
1402 2267 1485 2293 πόθεν
1500 2266 1698 2303 ἀναμάθοιμεν,
1715 2268 1754 2300 ὡς
1774 2268 1848 2296 ἔστιν

215 2313 277 2332 mus
305 2312 399 2331 verum
414 2313 474 2331 csse
504 2305 576 2340 quod
593 2309 635 2332 est
648 2313 663 2332 a
680 2310 705 2332 tc
721 2306 772 2333 hac
785 2306 818 2334 dc
836 2315 865 2334 re
881 2308 1004 2335 dictum?

248 2350 326 2377 CYR.
355 2350 395 2377 Ex
425 2351 458 2377 iis
481 2358 542 2385 qua:
572 2356 774 2385 consequenter
801 2353 901 2388 scripta
926 2359 999 2382 sunt.

213 2397 277 2424 Post
294 2397 340 2423 illa
352 2397 425 2423 enim
442 2405 502 2431 qua:
521 2397 593 2425 circa
607 2398 702 2424 urbem
718 2398 840 2431 Iericho,
858 2405 885 2427 ct
903 2401 1001 2428 adver-

213 2449 260 2468 sus
275 2450 345 2475 eam,
363 2445 429 2469 sunt
446 2442 576 2476 prmclare
595 2450 627 2470 ac
643 2442 753 2471 fortiter
777 2451 862 2479 gesta,
877 2454 910 2472 ex
936 2447 999 2473 uni-

213 2496 293 2515 verso
306 2488 413 2516 lsraelis
426 2489 528 2523 populo
553 2489 639 2517 lectos
669 2491 744 2518 viros
766 2492 841 2519 misit
860 2493 939 2520 Jcsus
965 2494 999 2521 ab

212 2533 322 2560 Jericbo
349 2533 376 2560 in
409 2534 540 2568 oppidum
563 2534 623 2567 Gai,
650 2535 765 2563 dicens:
791 2537 999 2566 «Ascendcntcs

211 2578 384 2611 considerate
398 2579 458 2606 Gai.
472 2579 506 2607 Et
519 2581 703 2608 ascenderunt
717 2582 769 2609 viri
797 2583 846 2615 illi,
863 2588 891 2610 et
905 2585 997 2611 consi-

211 2626 379 2652 deravcrunt
390 2625 449 2657 Gai,
465 2631 493 2653 et
508 2628 611 2654 reversi
626 2632 690 2654 sunt
699 2628 732 2656 ad
749 2629 854 2662 Jesum,
875 2621 904 2657 et
920 2631 996 2659 dixe-

212 2675 278 2697 runt
293 2671 332 2697 ei:
344 2671 383 2698 Ne
399 2672 529 2700 ascendat
559 2674 593 2701 ad
617 2682 677 2702 eam
696 2677 785 2704 omnis
799 2678 926 2712 populus,
947 2679 995 2706 scd

210 2716 321 2743 circiter
333 2716 388 2744 duo
411 2722 458 2744 aut
472 2719 523 2746 tria
541 2719 627 2747 millia
653 2721 775 2749 virorum
792 2724 950 2757 ascendam,
968 2729 997 2752 ct

211 2760 480 2790 obsitleanturbcm:
502 2771 536 2790 ne
555 2764 641 2792 ducas
666 2774 699 2793 co
725 2767 885 2795 universum
908 2777 996 2804 popu-

210 2805 283 2836 lum;
297 2806 374 2840 panci
384 2815 500 2842 namque
510 2813 582 2836 sunt.
593 2809 626 2836 Et
636 2811 818 2840 ascenderunt
830 2821 863 2841 eo
876 2814 927 2842 viri
941 2815 996 2843 cir-

251 2893 273 2908 "
290 2893 298 2920 l
317 2893 380 2921 Cor.
396 2903 433 2929 ιιι,
451 2896 494 2924 19.

1053 2310 1156 2346 ἀληθὴς
1169 2311 1184 2337 ὁ
1196 2311 1241 2337 ἐπὶ
1252 2311 1319 2347 τῷδε
1333 2312 1427 2346 λόγος;

1089 2358 1172 2385 ΚΥΡ.
1198 2358 1264 2385 Ἀπὸ
1284 2367 1316 2393 γε
1331 2358 1385 2385 τῶν
1408 2359 1508 2394 ἐφεξῆς
1531 2361 1743 2396 γεγραμμένων.
1769 2360 1848 2388 Μετὰ

1053 2403 1106 2439 γὰρ
1122 2404 1157 2430 τὰ
1174 2403 1243 2430 κατὰ
1258 2405 1307 2440 τὴν
1339 2405 1444 2441 Ἱεριχὼ
1461 2406 1507 2432 καὶ
1526 2406 1560 2433 τὰ
1575 2407 1618 2432 ἐπ’
1631 2407 1699 2442 αὐτῇ
1710 2407 1847 2442 λαμπρῶς

1053 2450 1099 2476 καὶ
1130 2450 1263 2482 νεανικῶς
1294 2451 1464 2487 εἰργασμένα
1491 2452 1567 2488 παρὰ
1591 2453 1691 2484 παντὸς
1723 2452 1845 2488 Ἰσραὴλ,

1051 2497 1210 2524 ἀπέστειλεν
1242 2498 1345 2533 Ἰησοῦς
1367 2499 1465 2536 ἄνδρας
1483 2500 1536 2527 ἀπὸ
1559 2499 1663 2535 Ἱεριχὼ
1675 2500 1715 2531 εἰς
1729 2499 1792 2532 Γαῒ,
1805 2499 1847 2526 λέ-

1052 2552 1108 2577 γων
1115 2552 1122 2558 ο
1129 2553 1137 2569 ι
1144 2544 1305 2576 Ἀναϐάντες
1312 2553 1381 2572 κατα
1385 2545 1519 2580 σκέψασθε
1528 2545 1577 2582 τὴν
1584 2546 1642 2573 Γαΐ.
1647 2545 1846 2582 Καὶςὰνὲὄησαν

1054 2590 1078 2616 οί
1104 2589 1201 2625 ἄνδρες
1229 2590 1276 2617 καὶ
1307 2591 1510 2626 κατεσκέψαντο
1537 2592 1586 2628 τὴν
1613 2591 1680 2624 Γαῖ,
1710 2593 1759 2618 καὶ
1803 2592 1845 2618 ἁν-

1053 2633 1188 2670 έστρεψαν
1210 2635 1278 2670 πρὸς
1294 2629 1408 2671 ’Ῐησοῦν,
1430 2637 1477 2663 καὶ
1494 2634 1573 2663 ε’ίπαν
1596 2637 1664 2673 πρὸς
1685 2637 1777 2663 αὐτόν·
1800 2637 1845 2672 Μὴ

1051 2680 1219 2708 ἀναϐαινέτω
1234 2683 1288 2713 πᾶς
1301 2683 1315 2708 6
1329 2681 1404 2714 λαὸς,
1421 2682 1478 2709 ἀλλ’
1490 2683 1556 2709 ὡσεὶ
1566 2683 1690 2718 δισχίλιοι
1704 2683 1721 2718 ἢ
1736 2683 1843 2719 τρισχί-

1049 2727 1101 2753 λιοι
1121 2727 1218 2763 ἄνδρες
1231 2728 1464 2763 ἀναδαινέτωσαν,
1481 2730 1528 2755 καὶ
1545 2729 1840 2765 ὲκπολιορκησάτωσαν

1049 2771 1098 2807 τὴν
1126 2772 1213 2800 πόλιν.
1236 2773 1282 2809 Μὴ
1302 2774 1443 2810 ἀναγάγῃς
1473 2776 1532 2802 ἐκεῖ
1561 2775 1606 2802 τὸν
1627 2775 1692 2802 λαὸν
1719 2775 1840 2802 amm-

1049 2817 1134 2852 ὀλίγοι
1150 2819 1204 2855 γάρ
1227 2820 1288 2846 sict.
1306 2821 1361 2848 Καὶ
1378 2821 1516 2857 ἀνέὃηςαν
1534 2823 1591 2848 ἐκεῖ
1607 2821 1674 2848 ὡσεὶ
1697 2821 1839 2858 τρισχίλιοι
