1934 3042
79 181 124 210 565

443 180 486 207 DE
505 177 726 207 ADOIIATIONE
745 179 779 207 IN
798 178 932 207 SPIRITU
952 179 996 207 ET
1017 180 1199 207 V'ERITATE.
1222 180 1283 206 LIB.
1307 179 1336 207 V.

1647 181 1697 210 3&6

80 240 178 273 ἂνδρες,
192 238 240 265 καὶ
257 236 358 272 τφυγον
371 237 425 265 ἀπὸ
447 237 593 273 προσώπου
616 237 720 273 ἀνδρῶν
736 236 797 272 Fat;
813 238 865 265 καὶ

919 238 981 265 :iter
992 238 1044 265 tria
1059 237 1154 271 millia,
1170 242 1199 265 et
1206 237 1335 273 fugerunt
1347 245 1362 264 a
1383 237 1451 265 facie
1461 226 1585 265 δῖνοι-σπι
1596 238 1656 270 Gai,
1673 244 1699 266 εἰ

79 285 236 312 ἀπέκτειναν
251 283 301 310 ἀπ’
323 283 413 311 αὐτῶν
434 283 530 319 ἄνδρες
554 282 604 309 Γατ
625 283 665 315 εἰς
684 284 866 319 τριακονταὲξ-

79 330 179 366 άνδρας,
200 330 251 357 καὶ
273 328 437 361 κατεδίωξαν
453 329 552 361 αὐτοὺς
565 329 621 356 ἀπὸ
638 329 688 365 τῆς
699 329 796 365 πύλης,
815 326 865 357 καῖ

81 375 235 412 συνέτριψαν
246 375 347 407 αὐτοὺς
359 374 412 403 ἀπὸ
421 374 468 401 τοῦ
481 374 669 410 καταφεροῦςι·
683 375 729 402 καὶ
742 375 871 412 ἐπτοήθη.

81 421 202 457 ήκαρδία
220 420 271 447 τοῦ
294 420 372 452 λαοῦ,
391 420 437 447 καὶ
459 420 571 454 ἐγένετο
586 419 681 457 ὥστερ
697 418 780 456 ὕδωρ.
800 429 810 446 ι
830 421 862 447 Οί

81 467 164 498 πόλεις
181 466 300 499 ἑλόντες,
313 466 360 493 καὶ
383 465 475 503 χώρας
498 466 733 502 καταδῃώπντες,
759 466 805 493 καὶ
828 466 863 493 τὰ

81 513 200 549 ὼμύτατα
219 513 276 539 τῶν
289 513 373 540 ἐθνῶν
387 512 508 548 ἀμογητὶ
523 513 695 548 νικήσαντες,
720 513 863 547 ἁκαταμα-

81 561 165 596 χήτοις
180 560 411 595 περιτυγχάνουσι
430 560 486 590 τοῖς
508 559 562 586 άπδ
581 559 632 594 τῆς
650 558 710 592 Γαῒ,
725 559 773 586 καὶ
787 558 864 594 μόλις

81 605 215 639 ὶσώζοντσ,
234 606 283 632 καὶ
300 605 462 641 ἀπεχώρουν
476 605 527 632 οὐκ
541 604 665 639 ἀζήμιοι,
680 604 748 640 μηδὲ
760 604 825 639 ὃλην
835 604 863 630 ἐν

80 654 169 689 ἀρχαῖς
180 652 230 688 τὴν
244 652 301 679 τῶν
320 652 448 687 μαχίμων
469 650 573 686 πληθὺν
586 652 615 678 ὲν
628 651 721 682 ὅπλοις
733 648 803 677 εἶναι
821 650 865 677 θε-

80 700 222 735 λήσαντες,
251 698 487 733 εὐκαταγώνιστον
509 699 543 725 δὲ·
567 695 666 733 κομιδῇ
691 696 739 724 καὶ
764 697 864 732 ὀλίγοις

82 746 182 773 ἔσεσθαι
209 746 262 781 τὴν
286 746 363 772 πόλιν
384 741 532 782 διαρρήδην
562 744 790 780 ὁμολογήσαντες.
815 744 862 779 Μὴ

82 791 244 819 ἁναδαινέτω
263 791 330 826 γὰρ,
354 790 483 825 ἔφασκον,
506 791 562 821 πᾶς
587 791 601 816 ὁ
623 789 697 822 λαδζ,
715 788 773 816 ἀλλ’
798 788 865 815 ὡσεὶ

83 836 201 870 δισχίλιοι
215 835 323 871 ἄνδρες.
336 835 409 871 Πρὸς
420 835 449 861 δὲ
462 834 492 861 τδ
503 835 635 870 ἀδόκητον
646 833 743 865 πάθος,
754 833 802 860 καὶ
813 833 864 867 τὴν

83 882 125 917 τῆς
133 880 238 913 ἐλπίδος
248 881 378 907 ἐπέκεινα
389 880 543 916 συμφορὰν,
555 880 657 917 βαρυθυ
662 880 796 915 μησαντος
805 878 866 905 λίαν

913 284 1111 312 interfecerunt
1123 292 1157 312 ex
1169 285 1236 321 ipsis
1250 285 1303 312 viri
1315 284 1363 312 Gai
1374 285 1449 312 viros
1460 285 1570 313 circiter
1586 285 1697 322 triginta

912 334 974 364 sex;
988 331 1164 367 etpersecuti
1184 335 1247 359 sunt
1262 339 1310 359 eos
1323 340 1338 359 a
1352 336 1442 367 porta,
1462 335 1491 359 et
1506 332 1700 360 contriverunt

913 378 975 405 illos
987 385 1003 404 a
1015 377 1115 405 declivi
1126 377 1203 406 loco:
1220 381 1247 404 et
1269 377 1441 412 pavefactum
1458 381 1500 405 est
1525 385 1573 405 cor
1593 378 1699 413 populi,
1719 398 1724 409 ,

912 422 1052 451 etfactum
1068 426 1110 449 est
1119 422 1274 458 velutaqua
1284 421 1315 449 “.
1332 431 1340 447 ι
1357 421 1409 455 Qui
1420 421 1504 449 urbes
1519 426 1660 457 ceperant,
1668 429 1701 450 ac

913 469 1041 504 regiones
1049 468 1171 503 populati
1185 467 1266 504 1&8
1277 467 1426 500 fuerant,et
1432 468 1596 504 saevissimas
1606 474 1701 504 gentes

912 514 990 542 nullo
1000 514 1111 550 negotio
1121 513 1255 547 vicerant,
1271 513 1298 541 in
1315 513 1441 541 homines
1452 513 1501 541 Gai
1516 519 1645 549 tanquam
1660 514 1701 541 in-

912 560 1001 588 victos
1014 561 1150 594 incidunt,
1177 560 1279 596 vixque
1295 560 1411 588 salutem
1433 564 1556 593 tuentur,
1574 567 1626 588 nec
1643 560 1702 587 sine

911 606 1018 642 jactura
1035 606 1191 639 discedunt,
1204 606 1251 641 qui
1270 606 1348 642 prius
1363 614 1399 634 ne
1415 606 1575 634 universum
1589 606 1702 641 quidem

913 657 1096 688 pugnatorum
1109 660 1254 680 numerum
1261 652 1289 679 in
1306 652 1390 679 armis
1400 660 1460 680 esse
1473 652 1626 684 voluerant,
1639 651 1703 686 qui-

913 703 967 734 que
980 697 1110 726 facillime
1119 699 1163 726 vel
1179 707 1194 726 a
1214 699 1311 734 paucu's
1326 698 1477 734 expugnari
1499 705 1578 733 posse
1604 698 1703 725 urbem

913 747 1010 779 aperte
1032 744 1150 780 professi
1178 745 1298 773 fuerant.
1318 745 1358 773 Ne
1381 744 1462 773 simul
1491 743 1635 776 ascendat,
1659 743 1702 770 ih-

914 790 1024 826 quiunt,
1041 791 1189 819 universus
1203 792 1338 827 populus,
1353 791 1401 819 sed
1423 791 1535 819 circiter
1547 790 1602 817 duo
1617 789 1704 817 millia

913 836 1048 864 virorum.
1061 837 1141 865 Hunc
1167 838 1338 874 inopinatum
1361 842 1456 865 casum
1481 837 1703 872 insperatumque

914 882 1108 915 calamitatem,
1127 890 1189 910 cum
1205 883 1365 918 gravissime
1385 881 1470 910 ferret
1483 882 1576 916 Iesus,
1603 886 1632 909 et
1656 883 1706 909 ve—

81 927 123 954 τοῦ
144 925 244 963 Ἰησοῦ,
258 927 307 953 καὶ
321 926 552 963 περιρρηγνύντος
570 926 620 961 μὲν
634 926 684 962 τὴν
702 925 815 961 ἐσθῆτα,
828 925 867 960 τῷ

919 933 987 955 stem
1000 928 1180 963 discinderet,
1193 933 1221 957 et
1236 933 1299 956 ante
1317 929 1403 956 Deum
1415 929 1583 964 procideret,
1597 936 1628 955 ac
1638 927 1705 963 quid

82 974 106 1000 δὲ
118 973 173 1008 Θεῷ
195 973 427 1009 προσπίπτοντος.
444 973 493 1000 καλ¹
512 972 539 999 τί
559 971 625 999 ποτέ
645 972 703 998 ἐστι
719 971 750 998 τὸ
771 970 872 1006 χρῆμα

83 1018 307 1052 κατατεθηπότος,
332 1018 385 1053 ἐφη
407 1018 488 1050 Θεός·
509 1026 519 1043 Ι
545 1017 691 1053 Ἀνάστηθι
704 1026 710 1032 ·
730 1017 772 1044 ἵνα
788 1016 815 1043 τί
833 1016 865 1043 σὺ

83 1064 147 1092 οὕτω
163 1064 373 1099 συμπέπτωκας
382 1063 429 1090 ἐπὶ
447 1063 593 1099 πρόσωπόν
606 1071 671 1096 σους
690 1063 871 1098 Ἦμάρτηκενι

83 1110 160 1142 ὁλαδς
168 1110 216 1137 καὶ
225 1110 336 1146 παρέϐη
347 1110 396 1145 τὴν
406 1109 538 1145 διαθήκην
548 1118 610 1145 μου,
619 1110 652 1146 ἢν
660 1109 789 1145 διεθέμην
799 1109 868 1145 πρὸς

83 1156 181 1189 αὐτοὺς,
196 1156 244 1182 καὶ
261 1155 409 1190 κλέψαντες
423 1154 477 1182 (tua
490 1155 536 1182 τοῦ
557 1155 726 1190 ἀναθέματος
742 1155 867 1183 ἐνέϐαλον

84 1203 118 1235 εἰς
130 1201 162 1228 τὰ
176 1201 263 1237 σκεύη
280 1201 379 1228 αὐτῶν.
394 1202 431 1228 Οὐ
449 1202 487 1237 μὴ
500 1201 631 1228 δύνωνται
645 1202 670 1228 οἱ
684 1201 737 1228 υἱοὶ
759 1201 867 1237 Ἰσραὴλ

85 1247 223 1282 ὑποστῆναι
248 1247 321 1274 κατὰ
339 1247 483 1283 πρόσωπον
499 1247 556 1274 τῶν
573 1248 679 1283 ἐχθρῶν
691 1248 798 1275 αὐτῶν·
816 1249 866 1276 αὑ-

84 1293 142 1328 χένα
162 1293 377 1329 ἐπιστρέφουσιν
393 1292 484 1321 ἔναντι
499 1293 553 1320 τῶν
574 1293 680 1329 ἐχθρῶν
703 1294 801 1326 αὑτῶν,
826 1292 867 1321 ὅτι

85 1334 245 1370 ἐγενήθησαν
264 1334 398 1370 ἀνάθεμα,
421 1336 451 1362 οὺ
472 1335 620 1371 προσθήσω
641 1335 682 1362 ἔτι
707 1333 777 1362 εἶναι
807 1335 867 1370 μεθ’

85 1380 164 1415 ὑμῶν,
176 1380 225 1407 ἑὰν
240 1380 279 1416 μὴ
294 1380 409 1417 ἐξάρητε
423 1381 455 1407 τὸ
468 1381 592 1416 ἀνάθεμα
607 1381 636 1413 ἐξ
649 1381 726 1416 ὑμῶν
739 1381 837 1408 αὐτῶν.
854 1391 864 1407 ι

86 1426 300 1462 Παραδειχθέντα
311 1426 343 1461 δὴ
356 1427 401 1453 τδν
418 1427 507 1462 ’Δχαρ
521 1427 604 1462 ἡρετο
619 1427 670 1462 μὲν
690 1427 803 1463 Ἰησοῦς,
822 1428 867 1454 λέ-

85 1480 150 1506 γων·
165 1481 175 1498 ι
198 1473 249 1504 Δὸς
263 1472 343 1505 δόξαν
357 1473 480 1508 σήμερον
498 1473 595 1509 Κυρίῳ
611 1472 650 1508 τῷ
662 1473 721 1509 Θεῷ
746 1474 866 1509 Ἰσραὴλ,

85 1518 127 1544 καὶ
149 1518 192 1550 δὸς
214 1518 267 1554 τὴν
285 1518 480 1554 ἐξομολόγησιν
504 1519 553 1546 καὶ
577 1519 741 1554 ἀνάγγειλόν
772 1528 816 1555 μοι
840 1520 868 1546 τί

85 1565 217 1600 ἐποίησας.
243 1565 343 1601 καὶμὴ
362 1565 472 1602 κρύψῃς
492 1565 539 1592 ἀπ’
563 1565 641 1601 ἐμοῦ.
669 1565 818 1602 Ἀπεκρίθη
839 1565 867 1592 δὲ

917 973 1030 1002 tandem
1055 983 1087 1002 ea
1112 983 1156 1003 res
1182 979 1256 1003 esset
1287 975 1488 1007 admiraretur,
1515 974 1585 1002 dixit
1611 974 1704 1002 Deus:

921 1020 1030 1055 «'Surge
1043 1029 1050 1054 ;
1064 1028 1114 1048 cur
1125 1025 1153 1048 tu
1170 1022 1210 1049 sic
1224 1021 1370 1048 concidisti
1384 1021 1412 1048 in
1424 1020 1521 1048 faciem
1535 1020 1629 1048 tuam?
1640 1020 1708 1047 Pec—

918 1066 988 1093 cavit
1000 1067 1128 1102 populus,
1154 1072 1183 1095 et
1200 1071 1386 1102 transgressus
1411 1070 1577 1102 estpactum
1602 1073 1706 1098 meum,

916 1112 992 1147 quod
1005 1120 1068 1140 cum
1083 1113 1138 1140 illis
1152 1114 1252 1149 pepigi,
1273 1118 1302 1141 et
1314 1113 1398 1141 furati
1418 1121 1453 1141 ex
1467 1113 1642 1140 anathemate
1653 1111 1706 1139 mi-

917 1162 1014 1185 serunt
1025 1158 1053 1185 in
1069 1167 1134 1186 vasa
1152 1166 1215 1186 sua.
1229 1159 1288 1186 Non
1299 1163 1430 1194 poterunt
1438 1159 1485 1186 lilii
1501 1157 1585 1187 Israel
1611 1157 1706 1185 subsi-

917 1208 991 1231 stere
1005 1207 1069 1232 ante
1079 1204 1187 1238 faciem
1212 1204 1333 1232 hostium
1355 1212 1486 1237 suorum;
1513 1204 1649 1231 cervicem
1674 1211 1707 1230 ac

918 1253 1026 1285 tergum
1038 1253 1147 1277 vertent
1156 1249 1185 1276 in
1202 1254 1351 1285 conspectu
1365 1250 1487 1278 hostium
1500 1257 1625 1282 suorum,
1642 1249 1708 1284 quia

917 1295 983 1323 facti
997 1300 1062 1324 sunt
1074 1295 1236 1323 anathema:
1248 1304 1303 1323 non
1312 1296 1439 1332 adjiciam
1455 1296 1537 1328 ultra,
1551 1300 1582 1322 ut
1592 1295 1644 1324 sim
1655 1302 1706 1322 vo-

918 1342 1036 1375 biscum,
1048 1342 1102 1370 nisi
1118 1342 1288 1370 abstuleritis
1302 1343 1449 1370 anathema
1462 1350 1478 1369 a
1487 1342 1566 1369 vobis
1579 1342 1703 1377 ipsis'h

918 1389 1015 1425 Igitur,
1046 1397 1109 1416 cum
1136 1389 1274 1417 indicatus
1300 1393 1374 1417 esset
1399 1389 1501 1421 Achar,
1529 1388 1708 1423 interrogavit

919 1440 982 1462 eum
999 1435 1090 1468 Jesus,
1106 1435 1215 1463 dicens:
1236 1445 1244 1461 ι
1255 1435 1293 1463 Da
1306 1435 1420 1471 gloriam
1432 1434 1516 1462 hodie
1526 1434 1641 1461 Domino
1650 1434 1706 1461 Deo

919 1481 1013 1513 ISrael,
1034 1484 1061 1508 et
1084 1481 1119 1508 da
1138 1480 1351 1514 confessionem,
1377 1485 1406 1508 et
1429 1480 1528 1508 nuntia
1545 1479 1614 1507 mihi
1640 1479 1707 1514 quid

919 1526 1019 1559 fecisti,
1044 1531 1122 1554 etne
1148 1527 1301 1554 abscondas
1321 1535 1336 1554 a
1353 1534 1407 1554 me.
1438 1526 1592 1562 Respondit
1614 1530 1707 1553 autem

919 1572 1010 1600 Kcha'r
1024 1572 1099 1605 Jesu,
1109 1577 1137 1601 et
1150 1573 1236 1601 dixit:
1252 1573 1323 1600 Vere
1344 1572 1456 1608 peccavi
1474 1580 1568 1600 coram
1589 1572 1708 1600 Domino

88 1612 170 1646 Ἀχαρ
183 1611 222 1646 τῷ
239 1610 339 1646 Ἰησοῦ,
353 1611 400 1638 καὶ
415 1610 505 1638 εἷπεψ
526 1611 646 1647 Ἀληθῶς
656 1612 780 1647 ἥμαρτον
790 1612 861 1639 ἐναν-

920 1618 1003 1645 Israel
1015 1627 1023 1651 ;
1038 1618 1077 1646 sic
1088 1618 1161 1646 etsic
1173 1618 1302 1646 ἰπὶ-νίᾶὶ
1314 1617 1387 1645 inter
1393 1618 1482 1653 spolia
1494 1618 1583 1654 psilen
1594 1617 1709 1650 variam,

85 1658 136 1685 τίον
148 1658 250 1694 Κυρίου
263 1657 331 1684 Θεοῦ
355 1658 475 1694 Ἰσραὴλ,
486 1658 573 1690 οὕτως
585 1659 631 1685 καὶ
642 1658 728 1689 οὕτως
739 1658 867 1693 ἐποίησα.

87 1700 156 1729 Εἶδον
173 1704 202 1730 ἐν
212 1703 247 1739 τῇ
265 1703 480 1739 προνομῇψιλὴν
497 1703 625 1738 ποικίλην
636 1703 683 1730 καὶ
697 1702 821 1729 διακόσια
830 1702 869 1729 δί-

87 1748 189 1784 δραχμα
204 1749 352 1785 ἀργυρίου,
369 1749 416 1775 καὶ
435 1749 561 1783 γλῶσσαν
577 1749 641 1785 μίαν
654 1749 758 1785 χρυσῆν
773 1749 870 1784 πεντή-

87 1803 163 1822 κοντα
176 1795 345 1831 διδράχμων,
357 1795 404 1822 καὶ
415 1793 581 1830 ἐνθυμηθεὶς
593 1794 682 1822 αὐτῶν
699 1794 806 1827 ἔλαϐον,
823 1794 869 1821 καὶ

89 1840 138 1867 ἰδοὺ
152 1841 308 1876 κέκρυπται
330 1840 417 1868 ταῦτα
438 1841 467 1867 ἐν
484 1842 517 1876 τῇ
537 1842 585 1876 γῇ,
606 1842 636 1867 ἐν
649 1842 683 1876 τῇ
701 1842 786 1876 σκηνῇ
807 1849 868 1876 μου,

88 1886 166 1913 καὶτὸ
175 1886 309 1923 ἀργύριον
322 1887 477 1922 κέκρυπται
487 1887 617 1913 ὑποκάτω
630 1886 730 1914 αὐτῶν.
748 1892 765 1913 ι’
774 1884 870 1922 Συνίης

87 1932 124 1959 ὅτι
145 1933 190 1959 καὶ
206 1933 322 1964 αὐτὴςὰ
338 1932 479 1967 κεκλοφὼς
508 1933 661 1969 ἑωρακέναι
684 1933 773 1968 φησϊνν
790 1934 819 1959 ἐν
836 1934 869 1968 τῇ

89 1982 205 2015 προνομῇ
235 1979 323 2015 quam
343 1979 481 2014 ποικίλην,
509 1979 557 2006 καὶ
583 1978 708 2006 διακόσια
735 1978 872 2015 δίδραχμα

88 2026 225 2062 ἀργυρίου,
252 2026 312 2054 καὶ.
324 2025 452 2060 γλῶσσαν
470 2025 575 2061 χρυσῆν
594 2026 763 2061 πεντήκοντα
782 2025 872 2061 etape-

88 2081 169 2106 χμων,
184 2071 372 2108 ἐνθυμηθῆναί
385 2078 415 2098 τε
428 2071 529 2104 αὐτῶν,
538 2072 687 2104 τουτέστιν,
700 2073 739 2103 εἰς
751 2069 877 2107 ἄθεσμον·

89 2118 170 2146 αὐτῶν
181 2118 330 2154 ἐπιθυμίαν
340 2118 438 2146 ἐλθεῖν.
447 2115 503 2155 Τὴν
513 2118 561 2153 μὲν
575 2112 622 2145 οὖν
632 2118 724 2154 ψιλὴν,
740 2126 873 2154 στρατιω-

88 2166 159 2201 τικὴν
174 2166 275 2193 οἴονται
288 2166 394 2202 στολὴν,
404 2165 528 2201 χλαμύδα
539 2174 568 2191 τε
582 2163 650 2192 εἷναί
667 2173 733 2200 φασι
744 2164 873 2196 ποικίλως

89 2210 284 2246 ὲξυφασμένην·
295 2209 530 2246 στρατιωτικὸν-δὲ
543 2209 574 2236 τὸ
589 2209 654 2245 ἔσϐη
660 2217 706 2245 μα,
719 2210 766 2236 καὶ
778 2209 874 2236 nicav—

90 2258 156 2292 εξίας
184 2259 330 2295 σύμὸολον.
341 2257 530 2294 Παραπέφυκε
545 2258 599 2294 γὰρ
614 2257 657 2284 ἀεί
667 2266 724 2289 πως
736 2254 774 2292 τῷ
790 2261 873 2293 στρα-

920 1667 949 1691 et
963 1664 1096 1691 ducentos
1106 1664 1188 1692 siclos
1196 1663 1312 1700 argenti,
1323 1667 1351 1691 et
1363 1664 1485 1699 linguam
1499 1672 1582 1692 uuam
1597 1672 1710 1692 auream

922 1711 1122 1747 quinquaginta
1134 1711 1277 1744 siclorum,
1288 1714 1316 1739 et
1328 1711 1451 1747 cogitans
1464 1710 1498 1738 de
1515 1710 1582 1746 ipsis
1593 1710 1688 1745 accepi
1701 1719 1710 1743 ;

921 1760 949 1783 et
961 1764 1026 1784 ecce
1045 1757 1178 1785 absconsa
1189 1761 1254 1784 sunt
1266 1756 1325 1784 haec
1347 1757 1375 1784 in
1390 1761 1464 1784 terra
1480 1757 1508 1783 in
1533 1756 1711 1784 tabernacqu

921 1810 993 1835 meo,
1016 1807 1044 1830 et
1055 1807 1199 1839 argentum
1224 1803 1386 1830 absconsum
1401 1806 1444 1830 est
1458 1802 1510 1830 sub
1529 1803 1583 1830 illis
1594 1802 1627 1829 ".
1642 1812 1651 1827 ι
1665 1802 1711 1830 In-

921 1848 1021 1883 telligis
1037 1857 1110 1882 cum,
1133 1849 1180 1884 qui
1191 1849 1296 1876 furtum
1319 1849 1432 1881 fecerat,
1454 1849 1546 1876 dicere
1566 1848 1668 1875 vidisse
1682 1855 1712 1875 se.

922 1894 994 1921 inter
1006 1895 1092 1930 spolia
1113 1895 1201 1929 psilen
1224 1894 1340 1927 variam,
1363 1898 1390 1922 et
1410 1894 1544 1922 ducentos
1564 1894 1645 1922 siclos
1666 1902 1712 1921 ar-

922 1941 1006 1977 genti,
1019 1941 1177 1976 etlinguam
1195 1948 1306 1968 auream
1318 1940 1515 1977 quinquaginta
1535 1940 1713 1968 didrachma-

922 1984 994 2019 rum,
1007 1989 1035 2014 et
1051 1987 1185 2022 cogitasse
1213 1986 1247 2014 de
1267 1986 1344 2022 ipsis,
1359 1986 1386 2013 id
1408 1990 1460 2019 est,
1478 1986 1513 2014 ad
1526 1994 1622 2014 eorum
1634 1985 1714 2014 nefa-

923 2032 992 2059 riam
1005 2031 1184 2066 cupiditatem
1200 2031 1320 2059 venisse.
1335 2031 1426 2060 Psilen
1440 2031 1648 2067 igit'ur‘quidam
1659 2032 1714 2059 mi-
1750 2027 1755 2031 ”

923 2077 1031 2105 litarem
1051 2085 1111 2105 esse
1128 2078 1226 2105 stolam
1240 2080 1348 2113 putant,
1364 2082 1392 2105 et
1414 2077 1584 2113 chlamydem
1598 2085 1658 2105 esse
1670 2077 1714 2105 di-

922 2116 1073 2151 c’untvarie
1090 2126 1262 2152 contextam:
1275 2127 1415 2151 estautem
1429 2132 1461 2151 ea
1475 2124 1561 2151 vestis
1576 2123 1714 2156 militaris,

924 2172 952 2197 c’t
965 2169 1122 2205 iniquitatis
1138 2170 1302 2205 symbolum.
1322 2169 1437 2197 lnsitum
1449 2174 1492 2197 est
1511 2177 1630 2205 namque
1644 2169 1716 2197 mili-

925 2215 977 2242 tari
998 2215 1141 2243 hominum
1151 2216 1253 2252 generi,
1265 2215 1488 2244 utlibentissime
1500 2215 1553 2243 sibi
1570 2216 1715 2251 plusquam

925 2260 1168 2296 aéquitas'patitur,
1182 2261 1314 2288 vindicet.
1341 2259 1428 2289 Porro
1458 2260 1612 2298 splendoris
1633 2268 1715 2288 mun-

89 2304 206 2341 τευσίμῳ
219 2294 295 2339 γένει
313 2305 344 2331 τὸ
364 2305 402 2336 ὡς
423 2304 521 2338 ἥδιστα
540 2303 723 2329 πλεονεκτεῖν.
738 2302 829 2334 Tum;
844 2301 868 2329 δὲ

926 2294 989 2333 dani
1004 2294 1091 2341 figura
1105 2310 1147 2334 est
1161 2310 1307 2342 argentum
1319 2315 1326 2340 ;
1336 2307 1430 2342 lingua
1442 2294 1508 2334 ve-ro
1521 2306 1716 2342 suaviloquen-

90 2349 120 2378 αὖ
130 2351 318 2388 λαμπρότητος
334 2351 480 2385 κοσμικῆς,
497 2350 527 2377 τὸ
543 2349 675 2385 ἀργύριον
690 2358 697 2365 ·
717 2349 764 2376 καὶ
777 2349 874 2384 σοφίας

89 2397 135 2432 τῆς
150 2397 312 2434 Ἑλληνικῆς
334 2397 383 2431 τῆς
406 2395 550 2431 ὴδυεποῧς,
575 2396 592 2431 ἡ
615 2394 735 2430 γλῶσσα.
755 2394 874 2430 Τοιαῦτη

89 2443 127 2475 τίς
141 2444 198 2471 ἐστι
215 2444 263 2470 καὶ
277 2445 293 2478 ή
312 2443 367 2470 τῶν
386 2443 451 2477 παρ’
471 2441 585 2476 Ἕλλησι
604 2440 694 2475 σοφῶν
713 2439 825 2475 γλῶσσά
844 2449 873 2467 τε

90 2491 132 2517 καὶ
143 2491 291 2524 παίδευσις,
303 2490 384 2518 οἱονεὶ
395 2489 484 2526 χρυσῆ
492 2498 523 2515 τε
534 2489 581 2515 καὶ
589 2487 773 2524 ἐντιμωτάτη,
787 2487 830 2514 διά
842 2496 873 2522 γε

90 2536 117 2563 τὺ
145 2538 173 2563 ἐν
192 2536 264 2570 λέξει
288 2536 447 2571 περιφανές.
483 2534 742 2569 Ἐκκεκαλυμμένης
764 2533 792 2560 δὲ
821 2531 872 2569 ἤδη

90 2583 136 2618 τῆς
148 2583 294 2619 ἁμαρτίας,
309 2583 414 2613 ποιναῖς
429 2581 551 2608 ὑπετίθει
563 2582 609 2608 τὸν
625 2581 715 2616 Ἀχαρ
726 2581 740 2607 ὁ
757 2579 872 2616 Ἰησοῦς,

90 2629 134 2665 οὐχ
149 2630 243 2657 ἑαυτὸν
254 2628 405 2664 ἦόικηκότα
423 2628 513 2663 μόνον,
527 2627 584 2655 ἀλλ’
597 2628 636 2660 εἰς
651 2627 715 2662 ὃλην
737 2626 786 2662 τὴν
809 2635 872 2653 συν-

91 2675 194 2711 αγωγὴν
207 2675 256 2711 τὴν
271 2676 303 2703 ἐκ
319 2674 368 2710 τῆς
387 2672 454 2707 ἰδίας
466 2674 603 2710 ἀκρατοῦς
617 2674 766 2709 ἐπιθυμίας
780 2673 869 2699 ἐκτεί-

91 2731 165 2749 ναντα
180 2722 292 2758 βλάϐην.
305 2721 360 2749 Καὶ
373 2721 444 2756 τάχα
456 2730 506 2747 που
520 2720 599 2747 τοῦτό
611 2721 669 2747 ἐστι
687 2720 717 2747 τὸ
728 2720 828 2756 ἄριστά
842 2728 871 2746 τε

92 2769 133 2795 καὶ
155 2768 245 2803 σαψῶς
264 2768 307 2795 διὰ
320 2768 370 2802 τῆς
387 2766 433 2794 τοῦ
454 2767 560 2794 Παύλου
588 2766 680 2801 φωνῆς
703 2766 770 2802 πρὶς
798 2766 871 2801 ἡμᾶς

91 2814 227 2850 εἰρημένον
240 2823 246 2829 ·
264 2824 273 2840 ι
297 2813 429 2849 Ὲξάρατε
439 2812 484 2839 τὸν
499 2812 617 2848 πονηρὸν
631 2812 660 2844 ἐξ
675 2812 751 2848 ὑμῶν
763 2812 851 2839 αὐτῶν
863 2818 870 2825 ”

126 2906 209 2936 “Jus.
223 2917 267 2936 vn.
281 2908 341 2935 2-5.
382 2908 403 2923 ⁸⁸
415 2907 483 2935 ibid.
502 2907 535 2934 10
549 2914 624 2942 seqq.

926 2352 961 2379 tis
973 2351 1116 2387 gentilium
1129 2352 1271 2387 sapientia:
1295 2352 1413 2388 signum.
1433 2352 1575 2388 Ejusmodi
1589 2356 1631 2380 est
1644 2352 1716 2388 apud

925 2398 1068 2433 gentilium
1081 2398 1218 2434 sapientes
1229 2399 1322 2435 lingua
1332 2403 1360 2426 et
1375 2399 1505 2432 eruditio,
1524 2404 1653 2435 tanquam
1670 2407 1718 2427 au-

927 2452 983 2477 rea,
997 2448 1025 2471 et
1040 2444 1067 2472 in
1076 2444 1174 2480 primis
1188 2444 1321 2480 pretiosa,
1335 2444 1408 2479 quod
1422 2444 1458 2471 ad
1480 2444 1612 2473 dictionis
1634 2442 1718 2473 clari-

927 2494 1010 2517 tatem
1038 2490 1168 2525 pertinet.
1186 2488 1266 2526 147
1283 2490 1399 2517 Peccato
1413 2494 1506 2518 autem
1518 2491 1575 2526 jam
1597 2490 1717 2523 detecto,

928 2544 1015 2572 poenae
1027 2536 1132 2564 addixit
1144 2536 1233 2572 ipsum
1244 2536 1335 2564 Achar
1346 2536 1436 2569 Iesus,
1449 2535 1523 2571 quod
1545 2544 1601 2564 non
1639 2536 1667 2564 in
1688 2544 1718 2564 se

928 2582 1018 2618 ipsum
1035 2583 1127 2615 modo,
1137 2582 1183 2618 qui
1197 2582 1310 2610 sceleris
1337 2587 1434 2610 auctor
1450 2587 1521 2615 erat,
1545 2581 1593 2610 sed
1607 2581 1636 2609 in
1657 2582 1720 2610 uni-

927 2636 1036 2657 versam
1052 2629 1220 2665 Synagogam
1236 2628 1398 2664 perniciem,
1415 2637 1430 2657 e
1446 2636 1494 2656 sua
1509 2627 1654 2664 impotenti
1668 2636 1719 2656 cu-

928 2675 1041 2711 piditate
1056 2676 1216 2715 profectam,
1238 2675 1383 2703 attulisset.
1408 2675 1442 2702 Et
1455 2675 1509 2702 hoc
1519 2674 1587 2702 illud
1605 2679 1647 2703 est
1661 2674 1718 2703 for-

928 2726 999 2749 tasse
1027 2722 1100 2756 quod
1114 2722 1216 2757 optime
1229 2730 1261 2750 ac
1278 2721 1482 2757 sapientissime
1496 2725 1538 2749 est
1553 2720 1634 2748 nobis
1642 2720 1720 2749 Pauli

926 2776 993 2795 voce
1006 2768 1125 2795 dictum:
1151 2778 1159 2794 ι
1171 2769 1283 2796 Auferte
1317 2769 1419 2796 malum
1433 2776 1449 2796 a
1472 2768 1549 2796 vobis
1561 2767 1644 2803 ipsis:
1659 2774 1720 2795 mo-

926 2814 1018 2841 dicum
1046 2814 1211 2843 fermentum
1232 2819 1319 2844 totam
1342 2822 1460 2844 massam
1483 2813 1635 2850 corrumpit
1657 2812 1691 2841 ⁸⁷.
1705 2820 1715 2838 ι

664 2907 685 2922 ⁵⁸
700 2906 768 2934 ibid.
785 2906 816 2935 l9
829 2913 904 2942 seqq.
945 2907 966 2923 "
983 2907 993 2934 Ι
1007 2906 1070 2934 Cor.
1084 2915 1109 2940 v,
1123 2907 1148 2935 ϐ.
