1934 3042
211 155 262 183 537

703 154 730 182 S.
748 154 885 182 CYRILLl
906 154 1143 183 ALEXANDRINI
1164 154 1322 185 ARCHIE‘P.

1787 158 1840 186 368

212 216 308 245 Nonne
335 215 410 250 igitu.
429 218 470 242 est
494 213 542 241 tibi
567 218 660 249 aperte
689 214 906 243 demonstratum
937 215 995 250 pri-

1053 216 1138 252 μικρά
1152 216 1224 252 ζύμη
1245 217 1304 244 ὅλον
1320 216 1350 242 τδ
1369 213 1482 252 φύραμα
1505 214 1595 251 ζυμοῖ.
1615 223 1624 241 ι
1640 213 1715 250 ’Ἀρά
1736 223 1779 242 σοι
1798 215 1841 242 ὂέο

211 267 287 287 mum
299 259 409 294 quidem
428 259 455 285 in
469 258 619 292 Abraham,
636 260 739 287 sanctis
761 260 829 287 viris
854 260 923 287 nihil
946 256 997 287 ob-

169 330 175 334 .
210 313 271 333 esse
286 305 358 332 illam
382 312 415 332 ex
435 303 598 331 fortitudine
621 304 747 340 gloriam,
761 313 792 333 ae
818 305 897 333 facile
912 313 946 332 ex
965 313 998 332 ea

211 349 299 384 sequi,
314 353 342 376 ut
356 356 513 384 expugnare
526 349 619 376 hostes
630 349 746 384 possint,
763 350 786 378 si
806 350 874 378 nihil
884 350 999 378 munda-

210 402 276 422 num
289 402 414 429 quan-ere
426 394 582 428 voluerim;
608 394 707 423 deinde
729 395 757 423 iu
777 396 867 425 Achar
891 404 949 424 rem
970 396 997 423 in

209 440 378 466 contrarium
397 440 574 474 proeessisse,
602 448 665 468 eum
683 440 705 468 is
725 448 743 467 e
761 445 835 468 recta
850 441 894 468 via
911 440 997 468 decli-

209 489 310 517 nassct,
328 489 355 512 et
370 479 411 512 ιιιῖ
427 492 459 512 ea
485 492 545 520 qua:
567 485 596 512 in
619 485 722 512 mundo
760 490 824 513 sunt
845 493 998 521 propensus

209 531 329 558 fuisset?

245 577 342 605 PALL.
357 578 472 606 Maxime
491 586 556 607 vero
573 588 580 613 ;
595 578 708 607 evidens
726 586 845 615 namque
855 579 908 607 fuit
932 587 996 608 ora—

209 623 257 651 tio.
970 643 973 646 .

243 668 322 697 CYll.
332 668 466 705 Oportere
478 674 569 699 autem
584 676 693 700 sanctos
700 672 774 699 viros
785 671 887 706 ubique
893 671 997 706 simpli-

207 720 254 742 ccs
278 714 402 742 moribus
424 715 522 748 viueri,
546 723 600 743 non
620 716 647 743 in
671 717 806 745 sententia
823 725 920 752 parum
944 717 996 744 sibi

208 764 345 793 constare;
361 759 389 787 id
401 766 466 787 vero
479 761 591 796 planum
606 760 661 794 ﬁet,
677 769 710 789 ex
723 769 756 790 eo
768 763 840 798 quod
850 763 893 790 lex
903 768 996 798 aperte

208 804 276 833 dicit
292 815 298 832 :
315 815 324 831 ι
338 806 397 834 Νοη
414 811 496 835 erunt
512 814 575 835 vasa
591 807 643 835 viri
665 816 747 843 super
763 808 888 841 muliere,
907 817 996 845 neque

208 858 306 879 rursus
316 851 359 879 vir
374 852 503 880 induetur
516 853 582 880 stola
604 853 733 881 muliebri
750 874 757 885 ,
782 854 912 889 quoniam
931 855 997 882 abo-

1047 261 1153 288 δεικται
1164 262 1267 296 σαφῶς,
1281 262 1310 288 ἐν
1331 260 1380 297 μὲν
1400 260 1436 296 τῷ
1456 259 1557 296 πρώτῳ
1583 259 1621 295 τῷ
1641 259 1780 296 Ἀϐραὰμ,
1802 261 1842 292 ὡς

1047 307 1199 343 ἀπήμαντα
1217 307 1266 343 μὲν
1281 308 1337 339 τοῖς
1352 307 1440 341 ἁγίοις
1453 306 1574 342 διαμένει
1587 306 1622 332 τὰ
1634 306 1674 337 εἰς
1684 305 1774 342 ἀλκὴν
1790 306 1842 332 αἰο-

1048 353 1174 389 χήματα’
1195 354 1292 388 ἕψηται
1315 353 1343 380 δὲ
1355 352 1452 389 ῥᾳδίως
1470 351 1499 378 τὸ
1513 351 1672 386 δεδυνῆσθαι
1691 351 1842 378 καταθλεῖν

1047 399 1101 425 τῶν
1110 399 1225 435 ἐχθρῶν,
1234 400 1258 426 εί
1271 399 1354 435 μηδὲν
1368 399 1470 425 ἕλοιντο
1479 398 1532 425 τῶν
1543 399 1597 424 (in?)
1611 398 1714 434 κόσμου
1727 397 1823 433 ζητεῖν
1833 404 1842 411 ’

1048 444 1076 471 ἐν
1085 444 1113 471 δέ
1127 453 1159 478 γε
1169 444 1208 480 τῷ
1229 445 1328 480 Ἀχαρ,
1342 445 1381 476 εις
1390 444 1421 471 τδ
1431 443 1535 476 τούτοις
1546 443 1664 472 ἐναντίον
1677 444 1841 478 ἐκκεχωρη-

1047 490 1114 517 κότα
1135 489 1169 516 τὰ
1186 491 1348 526 πράγματα,
1371 489 1549 517 ἀποκλίναντι
1567 491 1618 525 τῆς
1643 488 1763 522 εὐθείας,
1794 489 1842 514 καὶ

1047 537 1184 564 νενευκότι
1201 537 1268 573 πρὸς
1278 537 1311 565 τὰ
1322 538 1351 564 ἐν
1365 537 1475 572 κόσμῳ;

1082 585 1187 611 ΠΑΛΛ.
1201 584 1276 611 Πάνυ
1292 584 1342 619 μὲν
1360 581 1406 611 οὖν
1417 592 1424 600 ·
1439 583 1528 619 σαφὴς
1546 582 1601 619 γὰρ
1613 583 1627 609 ὁ
1638 582 1730 616 λόγος.

1085 674 1169 702 ΚΥΡ,
1191 674 1254 701 ’Ότι
1266 674 1294 701 δὲ
1312 674 1364 711 χρὴ
1377 675 1439 707 τοὺς
1453 674 1552 708 »ἁγίους
1567 674 1688 708 πανταχῆ
1705 672 1840 709 μονοτρό-

1048 727 1115 751 πους
1129 719 1255 755 ὁρᾶσθαι,
1270 719 1317 746 καὶ
1330 719 1378 754 οὐχ
1396 718 1630 754 ἐτερογνώμονας,
1647 718 1731 752 σαφὲς
1743 717 1779 744 ἃν
1791 718 1839 751 γέ-

1047 773 1127 797 νοιτο,
1138 764 1185 792 τοῦ
1192 765 1277 800 νόμον
1287 765 1411 799 λέγοντος
1421 764 1542 800 ἐναργῶς
1553 772 1561 780 ’
1576 773 1585 790 ι
1595 764 1652 790 οὐκ
1660 764 1738 791 ἔσται
1752 763 1838 798 σκεύη

1046 810 1142 846 ἀνδρὸς
1156 810 1201 837 ἐπὶ
1215 809 1334 844 γυναικὶ,
1351 810 1411 837 οὐδὲ
1428 810 1465 845 μὴ
1491 809 1634 844 ἐνδύσηται
1654 808 1724 845 ἀνὴρ
1739 807 1840 843 στολὴν

1048 855 1216 889 γυναικείαν,
1227 855 1268 882 ὅτι
1281 855 1418 890 βδέλυγμά
1433 856 1507 882 ἐστιν
1521 854 1636 882 ἐνώπιον
1663 854 1769 890 Κυρίου
1785 855 1840 885 πᾶς

209 897 322 924 minatio
337 897 419 925 estin
440 903 589 934 conspectu
613 899 720 927 Domini
750 900 873 935 quisquis
891 900 943 928 hoc
953 900 994 928 fe—

1053 899 1060 925 5
1077 899 1161 926 ποιῶν
1173 899 1270 926 ταῦτα.
1286 909 1295 925 ›
1309 900 1452 935 Βδέλυγμα
1465 899 1519 935 γὰρ
1528 900 1556 926 ἐν
1567 899 1616 934 ἴσῳ
1629 898 1704 934 παρὰ
1713 898 1777 934 Θεῷ
1791 899 1840 925 καὶ

207 943 276 970 eerit
291 943 312 958 “‘
328 953 334 970 :
357 953 366 969 ι
384 952 446 971 nam
460 952 537 980 aeque
557 945 732 973 abominatur
742 946 814 974 Deus
825 954 857 974 ac
872 946 996 981 turpissi-

207 996 282 1016 mum
299 990 484 1024 spectaculum
495 996 572 1026 putat
589 995 645 1019 tum
658 991 829 1020 fortitudinis
839 992 995 1028 opinionem

207 1036 234 1063 in
255 1036 329 1064 molli
351 1036 416 1068 vita,
438 1036 490 1064 hoc
508 1037 582 1064 enim
608 1042 659 1070 est,
680 1045 740 1065 esse
759 1045 823 1065 vasa
845 1038 897 1065 viri
914 1046 996 1074 super

207 1081 339 1114 muliere;
357 1086 414 1109 tum
429 1083 456 1109 in
472 1082 534 1110 forti
544 1083 705 1111 viromollis
717 1084 802 1111 animi
817 1084 974 1120 languorem
987 1093 994 1117 ;

207 1127 233 1154 id
247 1128 320 1155 enim
336 1128 448 1163 perinde
471 1132 513 1156 est
526 1136 556 1156 ac
572 1129 594 1156 si
613 1129 740 1157 muliebri
760 1130 830 1157 stola
839 1129 880 1156 vir
898 1129 995 1157 indua-

208 1178 262 1200 ίυΓ.

242 1219 340 1247 l‘ALL.
359 1220 445 1253 Quale
458 1220 531 1248 istud
548 1226 590 1248 est
620 1221 694 1256 quod
713 1222 776 1248 ais?

241 1267 319 1294 CYR.
340 1266 435 1294 Nonne
455 1271 482 1294 et
500 1267 572 1302 apud
595 1268 680 1296 Deum
707 1271 735 1295 et
766 1267 837 1302 apud
871 1266 996 1294 homines

207 1321 289 1349 prava
312 1319 393 1348 atque
414 1314 536 1349 improba
554 1322 598 1342 res
617 1320 659 1342 est
672 1314 845 1350 hypocrisis?

243 1359 340 1387 PALL.
354 1359 455 1386 Verum
476 1363 528 1386 est.

241 1403 320 1431 CYR.
335 1402 406 1431 Num
429 1403 523 1440 igitur,
542 1405 564 1432 si
580 1405 641 1439 quis
656 1404 828 1440 voluptarius
852 1404 934 1432 fuerit
968 1408 996 1431 et

208 1451 405 1484 intemperans,
421 1454 448 1476 et
464 1457 497 1476 ex
513 1449 579 1484 ipsis
597 1450 655 1477 suis
665 1449 744 1477 factis
762 1449 823 1477 talis
834 1457 893 1477 esse
917 1457 995 1476 coar-

207 1500 326 1531 guatur;
341 1494 440 1522 deinde
453 1496 597 1523 confictam
615 1495 759 1530 probitatis
776 1495 932 1530 opinionem
943 1494 995 1522 sibi

206 1548 365 1575 comparare
387 1540 510 1573 studeat,
528 1540 601 1568 hunc
622 1541 771 1573 hominem,
795 1539 908 1571 Palladi,
930 1546 1004 1576 pro-.

208 1586 277 1614 bes?

243 1630 341 1658 PALL.
357 1630 467 1658 Minime
483 1630 621 1666 equidem.

241 1676 319 1705 (ΠΒ.
336 1677 395 1704 Jam
406 1685 470 1704 vero
487 1681 668 1712 temperatum
691 1685 785 1705 revera
807 1677 946 1704 hominem
967 1681 995 1705 et

208 1725 363 1755 honestum,
377 1730 468 1751 nonne
487 1723 515 1750 in
532 1723 628 1750 eadem
653 1723 788 1751 sententia
807 1722 924 1755 ﬁrmum,
945 1730 996 1750 nec

207 1770 345 1798 diversum
373 1769 407 1796 ab
431 1777 464 1796 eo
492 1769 564 1804 quod
578 1773 629 1801 est,
646 1769 762 1804 spectari
789 1774 917 1804 oportere
930 1777 995 1796 cen-

207 1815 271 1842 ses?

242 1859 342 1887 PALL.
355 1860 464 1888 Fateor.

241 1905 319 1934 CYll.
334 1906 374 1934 Ne
388 1906 470 1942 igitur
486 1913 606 1940 unquam
626 1905 733 1932 solutus
745 1905 924 1940 quorumdam
945 1905 995 1932 ho-

208 1953 312 1980 minum
329 1956 357 1980 et
368 1952 457 1980 mollis
478 1951 563 1980 animi
584 1958 682 1979 sensus
704 1950 873 1978 fortitudinis
891 1951 997 1986 opinio-

175 2015 184 2023 .
207 2006 270 2026 nem
293 1997 409 2040 subeat;
427 1998 480 2026 hoc
499 1998 574 2025 enim
587 2001 629 2025 est
644 2006 651 2025 ε
668 1997 708 2024 Ne
729 1997 765 2025 sit
779 2005 826 2025 vas
846 1997 896 2024 viri
913 2005 997 2032 super

207 2043 350 2071 mulierem
363 2053 368 2070 :
380 2051 470 2079 neque
485 2051 581 2071 rursus
596 2043 641 2071 ille
652 2050 746 2070 revera
761 2043 839 2071 fortis
854 2043 997 2071 mollitiem

207 2094 329 2126 quaerat;
343 2089 395 2117 hoc
407 2097 523 2124 namque
536 2094 578 2117 est
591 2089 712 2116 vicissim
727 2097 733 2115 ί
753 2088 792 2117 Ne
810 2088 852 2116 vir
868 2088 997 2117 induatur

207 2133 277 2162 stola
296 2133 423 2161 muliebri
437 2143 443 2160 ι
461 2138 503 2161 est
514 2134 588 2161 enim
603 2141 653 2169 par
670 2133 698 2160 in
711 2137 826 2168 utraque
839 2141 868 2161 re
888 2133 995 2165 vitium,

207 2187 294 2215 eaque
309 2179 425 2207 erimina
434 2179 550 2206 similem
566 2179 694 2214 iniuriam
712 2178 806 2206 virtuti
824 2178 937 2206 faciunt.

1048 944 1247 972 ἀκαλλέστατον
1264 945 1365 981 θέαμα,
1375 946 1564 980 γενναιότητος
1580 944 1712 980 ὑπόληψις
1722 945 1774 970 ἐπὶ
1784 953 1840 979 μα-

1047 991 1189 1027 λακισμοῖς
1199 1000 1205 1007 ·
1217 992 1298 1018 τοῦτο
1317 992 1370 1027 γάρ
1382 992 1440 1018 ἐστι
1450 992 1479 1018 τὺ
1493 990 1562 1018 εῐναι
1581 991 1665 1026 σκεύη
1680 990 1778 1026 ἀνδρὸς
1791 991 1840 1017 ἐπὶ

1047 1038 1156 1073 γυναικί
1171 1045 1178 1052 ο
1192 1038 1239 1064 καὶ
1256 1038 1287 1064 τὸ
1298 1039 1385 1064 νοσεῖν
1400 1039 1428 1064 ἐν
1440 1037 1576 1072 ἀνδρείαις
1590 1037 1635 1064 τὸν
1649 1036 1836 1072 μαλακισμὸν·

1047 1084 1126 1112 τοῦτο
1140 1084 1194 1120 γὰρ
1214 1084 1314 1120 ὁμοίως
1334 1084 1363 1111 τὸ
1383 1084 1544 1111 ἐνδύσασθαι
1564 1083 1609 1110 τὸν
1628 1083 1714 1118 ἄνδρα
1739 1082 1838 1117 στολὴν

1047 1130 1217 1164 γυναικείαν.

1082 1220 1185 1247 ΠᾹᾹΛ.
1208 1217 1270 1247 Οἷον
1281 1219 1313 1255 δὴ
1328 1220 1354 1246 τί
1368 1221 1438 1256 φής;

1082 1266 1164 1292 ΚΥΡ.
1180 1266 1217 1292 Οὐ
1227 1267 1321 1302 χρῆμα
1334 1266 1451 1301 πονηρὸν
1463 1266 1509 1293 καὶ
1523 1265 1677 1301 ἀδόκιμονὴ
1691 1264 1838 1300 ὑπόκρισις

1047 1312 1122 1348 παρά
1137 1321 1166 1338 τε
1183 1313 1242 1347 Θεῷ
1253 1313 1300 1340 καὶ
1311 1312 1482 1348 ἀνθρώποις;

1082 1358 1187 1386 ΠΛΛΛ.
1213 1359 1334 1394 Ἀληθές.

1082 1404 1163 1432 ΚΥΡ.
1182 1404 1242 1439 'Ap‘
1257 1402 1303 1431 οὖν
1315 1405 1342 1431 εί
1360 1413 1402 1436 τις
1420 1405 1462 1440 εἴη
1481 1405 1618 1439 φιλήδονος
1640 1404 1687 1431 καὶ
1700 1404 1839 1440 ἀκρατὴς,

1047 1448 1093 1475 καὶ
1106 1448 1136 1481 ἐξ
1143 1449 1234 1476 αὐτῶν
1245 1449 1384 1485 ἐλέγχοιτο
1396 1449 1451 1477 τῶν
1463 1450 1620 1486 δρωμένων,
1634 1449 1672 1481 ὡς
1681 1450 1741 1476 ἔστι
1751 1450 1839 1476 τοιοῦ-

1046 1503 1103 1527 τος,
1127 1493 1188 1522 εἶτα
1211 1496 1261 1531 τῆς
1286 1496 1438 1528 ἐπιεικείας
1459 1496 1649 1523 κατάπλαστον
1679 1496 1722 1530 ἐφ’
1747 1495 1839 1530 ἐαυτῷ

1049 1541 1150 1567 ποιοῖτο
1164 1541 1213 1576 τὴν
1226 1540 1318 1573 δόξαν,
1334 1541 1491 1574 ἐπαινέσαις
1504 1541 1538 1568 ἂν
1549 1541 1593 1567 τόν
1603 1549 1633 1574 γε
1650 1539 1772 1567 τοιοῦτον
1787 1540 1836 1566 αὺ-

1046 1584 1101 1618 τδς,
1115 1581 1138 1612 ὦ
1150 1585 1297 1620 namus;

1081 1630 1186 1657 IIAAA.
1205 1631 1243 1658 Οὐ
1256 1631 1306 1666 μὲν
1321 1629 1378 1658 οὖν.

1081 1676 1164 1704 ΚΥΡ.
1177 1676 1209 1703 Τί
1223 1677 1253 1704 δὲ
1263 1677 1295 1713 δὴ
1309 1678 1354 1704 τὸν
1365 1677 1472 1713 ἀληθῶς
1485 1678 1597 1713 κόσμιον
1607 1679 1654 1705 καὶ
1665 1679 1750 1714 εὐσχή
1756 1689 1836 1715 μονα,

1046 1722 1095 1749 οὐκ
1110 1723 1191 1758 οἰήσῃ
1211 1722 1265 1749 δεῖν
1286 1723 1314 1749 ἐν
1336 1724 1481 1758 ταυτότητι
1500 1723 1611 1759 γνώμης
1626 1725 1834 1760 ἐρηρεισμένον,

1046 1768 1095 1804 οὺχ
1106 1767 1198 1804 ἔτερόν
1211 1776 1237 1795 τι
1259 1769 1321 1804 παρ’
1335 1769 1403 1805 ὅπερ
1419 1769 1478 1796 ἐστὶ
1492 1769 1671 1804 γινώσκεσθαι
1683 1780 1690 1803 ;

1082 1857 1186 1885 ΠΛΛΔ.
1199 1858 1237 1893 Φη
1243 1858 1282 1893 μί.

1082 1903 1164 1930 ΚΥΡ.
1179 1902 1283 1930 Οὐκοῦν
1299 1904 1402 1938 μήποτε
1419 1903 1450 1930 τδ
1463 1903 1615 1940 εὖθρυπτόν
1628 1914 1658 1932 τε
1670 1907 1718 1933 καὶ
1731 1906 1835 1942 μαλθαι

1047 1947 1095 1975 κὺν
1116 1948 1243 1984 φρόνημά
1259 1956 1349 1980 τινων,
1370 1949 1420 1984 τὴν
1437 1949 1488 1984 τῆς
1511 1950 1637 1985 ἀνδρείας
1661 1951 1834 1987 ὑποτρεχέτω

1047 1993 1142 2027 δόξαν·
1158 1993 1237 2020 τοῦτο
1260 1993 1313 2028 γὰρ
1335 1993 1447 2025 τὸ,λοὐκ
1462 1994 1539 2021 ἔσται
1566 1995 1649 2031 σκεύη
1670 1995 1768 2032 ἀνδρὸς
1788 1996 1834 2023 ἐπὶ

1047 2037 1157 2073 γυναικί
1172 2046 1178 2053 ·
1197 2038 1266 2074 μήτε
1284 2037 1337 2073 μὴν
1352 2037 1382 2064 τὸ
1398 2038 1506 2073 ἀληθῶς
1527 2039 1652 2071 εὐσθενὲς
1667 2039 1786 2075 ζητείτω
1804 2041 1834 2067 τὸ

1050 2083 1187 2119 μαλθακόν
1199 2091 1206 2098 ·
1224 2083 1303 2110 τοῦτο
1323 2083 1377 2119 γὰρ
1399 2084 1480 2111 πάλιν
1503 2084 1533 2111 τὸ
1545 2105 1552 2118 ,
1570 2085 1608 2111 Οὐ
1627 2085 1665 2122 μὴ
1691 2085 1834 2121 ἐνδύσηται

1048 2129 1117 2166 ἀνὴρ
1133 2129 1227 2165 στολὴν
1244 2130 1411 2164 γυναικείαν.
1430 2130 1489 2165 Ἴση
1506 2130 1560 2165 γὰρ
1577 2130 1668 2166 ὥσπερ
1690 2131 1719 2158 ἐν
1734 2132 1834 2166 ἀμφοῖν

1048 2176 1065 2211 ὴ
1086 2175 1231 2211 φαυλότης,
1245 2175 1292 2202 καὶ
1312 2175 1390 2212 ὕϐρις
1407 2176 1446 2207 είς
1463 2176 1563 2211 ἀρετὴν
1579 2176 1614 2204 τὰ
1627 2177 1797 2212 ἐγκλήματα.

245 2224 326 2262 148
350 2224 449 2252 PALL.
479 2224 636 2253 Periculosa
666 2232 710 2252 res
739 2230 792 2257 cst,
817 2229 848 2252 ut
866 2224 994 2258 videtur,

1084 2222 1188 2249 IIAAA.
1199 2222 1344 2257 Σφαλερδν,
1356 2222 1393 2254 ὡς
1402 2221 1499 2256 ἔοικεν,
1508 2223 1523 2249 ὁ
1537 2222 1734 2258 μαλθακισμὸς,
1748 2223 1834 2251 καὶτὸ

209 2271 338 2299 mollities
358 2271 454 2304 animi,
478 2279 567 2307 neque
593 2279 657 2298 vero
681 2279 768 2306 poenae
785 2278 890 2306 expers.

242 2317 320 2346 CYR.
335 2317 408 2344 Nihil
433 2318 546 2344 omnino
562 2317 682 2344 dubites.
701 2316 891 2348 Aversandum
910 2315 937 2343 id
956 2320 999 2343 est

207 2365 281 2392 enim
302 2371 378 2397 sane,
391 2367 420 2391 ct
444 2371 556 2391 exosum
569 2363 625 2391 Deo
646 2363 753 2390 vitium.
771 2362 864 2397 itaque
878 2369 893 2389 e
914 2361 999 2389 sacris

208 2410 290 2438 etiam
311 2409 463 2445 legionibus
489 2409 621 2444 rejicitur,
642 2408 690 2444 qui
710 2406 898 2443 hujuscemodi
928 2406 999 2434 forte

209 2455 370 2483 criminibus
386 2458 495 2481 tenetur
507 2463 514 2485 ;
527 2461 597 2489 opus
614 2453 686 2481 enim
705 2460 764 2481 esse
782 2459 891 2484 censeo,
907 2456 935 2478 ut
954 2451 998 2478 ille

209 2508 304 2528 revera
321 2500 398 2527 fortis
420 2507 451 2527 ac
474 2504 603 2527 strenuus
619 2506 755 2533 nusquam
777 2497 898 2525 animum
918 2505 998 2524 suum

209 2553 258 2581 per
274 2545 409 2573 incuriam
424 2544 510 2580 frangi
529 2545 659 2580 patiatur,
679 2543 726 2572 sed
737 2551 801 2570 cum
818 2550 832 2570 a
852 2542 998 2570 formidine

209 2597 292 2627 atque
313 2591 488 2619 cunctatione
514 2590 589 2618 omni
618 2590 737 2617 liberum
767 2593 873 2622 servet;
897 2596 928 2616 ac
947 2588 1000 2616 fide

211 2636 330 2672 perfecte
341 2637 432 2669 nixus,
447 2637 537 2664 dicat:
553 2645 562 2661 ι
580 2635 676 2663 Omnia
684 2643 795 2670 possum
810 2635 837 2661 in
852 2642 885 2661 eo
899 2634 946 2669 qui
957 2641 1000 2660 me

211 2682 348 2711 confortat
357 2682 467 2710 Christo
478 2682 501 2698 ⁶⁹
514 2691 520 2708 :
532 2679 548 2707 ί
558 2684 707 2715 caveatque
731 2688 766 2707 ne
778 2685 886 2708 terrena
906 2687 1000 2715 sapere

211 2728 293 2759 velit,
308 2731 403 2763 utpote
416 2734 480 2754 cum
492 2733 524 2753 ea
538 2733 583 2752 res
594 2724 744 2760 perniciem
756 2724 837 2751 nobis
851 2724 958 2755 afferat,
973 2727 1001 2750 et

213 2774 284 2809 apud
296 2774 381 2802 Deum
396 2773 536 2808 improbos
550 2778 610 2799 esse
623 2770 801 2798 demonstret.
824 2770 918 2805 itaque
937 2778 1000 2797 rur-

242 2865 265 2881 “
281 2866 359 2895 Deut.
381 2871 445 2897 nu,
467 2863 492 2889 5.
532 2862 553 2878 ’ν
570 2861 687 2896 Philipp.
710 2868 746 2892 Iv,
768 2860 808 2886 l5.

1050 2268 1146 2304 χρῆμά
1160 2269 1234 2295 ἐστιν
1249 2268 1300 2294 οὐκ
1319 2267 1444 2303 ἀζήμιον.

1085 2312 1167 2340 ΚΥΡ.
1183 2313 1229 2349 Μὴ
1256 2313 1311 2349 γὰρ
1334 2314 1472 2350 ἐνδοιάσῃς
1498 2314 1577 2346 ὅλως.
1602 2313 1768 2351 ’Δπόὸλητον
1783 2315 1835 2350 γὰρ

1049 2358 1158 2394 κομιδῇ,
1174 2359 1220 2385 καὶ
1240 2357 1366 2393 θεομισὲς
1386 2359 1416 2385 τὸ
1429 2357 1512 2390 πάθος
1526 2366 1532 2373 ·
1556 2358 1694 2393 τοιγάρτοι
1716 2359 1764 2385 καὶ
1783 2358 1836 2385 τῶν

1050 2402 1130 2438 ιερῶν
1146 2401 1318 2438 ἐκπέμπεται
1333 2402 1490 2437 καταλόγων
1513 2403 1527 2428 ὁ
1551 2403 1607 2435 τοῖς
1626 2403 1737 2430 τοιοῖσδε
1756 2402 1836 2438 τυχὸν

1051 2449 1219 2484 ἐγκλήμασιν
1238 2449 1405 2484 ἐνεχόμενος.
1426 2448 1531 2484 Χρῆναι
1542 2449 1597 2484 γὰρ
1608 2448 1694 2483 ἔγωγέ
1708 2457 1780 2484 φημι
1792 2449 1836 2475 τόν

1052 2502 1085 2528 γε
1100 2493 1208 2529 ἀληθῶς
1216 2493 1331 2530 εὐσθενῆ
1346 2502 1375 2520 τε
1393 2495 1440 2521 καὶ
1454 2495 1652 2529 γενναιότατον,
1665 2494 1778 2530 μηδαμῆ
1793 2495 1837 2521 τὸν

1052 2540 1153 2567 οἰκεῖον
1169 2539 1384 2575 περιθραύεσθαι
1400 2539 1464 2567 νοῦν
1479 2540 1654 2576 ἀμελετήτως
1674 2541 1731 2575 ἐᾷν,
1744 2540 1838 2575 δείμα-

1051 2593 1097 2617 τος
1111 2585 1140 2612 δὲ
1150 2585 1198 2613 καὶ
1210 2585 1291 2612 ὄκνου
1309 2586 1409 2618 παντὸς
1424 2586 1553 2621 ἀνωτέρω
1565 2586 1671 2620 τηρεῖν,
1690 2583 1736 2612 καὶ
1750 2585 1837 2611 πίστει

1053 2631 1146 2668 μὲντῇ
1162 2632 1202 2664 είς
1219 2631 1285 2658 Θεὸν
1303 2632 1460 2668 ἀμωμήτως
1472 2632 1684 2668 ὲρηρεισμένον,
1711 2641 1720 2657 ι
1747 2630 1837 2658 Πάντα

1053 2678 1164 2713 iuxtim,»
1176 2678 1275 2713 λέγειν,
1291 2680 1335 2705 «ἐν
1344 2678 1382 2714 τῷ
1389 2678 1582 2714 ἐνδυναμοῦντί
1594 2686 1627 2714 με
1638 2677 1759 2714 Χριστῷ·
1767 2686 1776 2703 ι
1791 2686 1838 2703 πα-

1053 2724 1203 2760 ραιτεῖσθαι
1222 2724 1250 2751 δὲ
1273 2725 1310 2758 ὡς
1336 2725 1447 2761 ὀλέθρου
1468 2724 1605 2761 πρόξενον,
1628 2724 1675 2751 καὶ
1694 2723 1837 2758 ἀδοκίμους

1053 2770 1126 2804 ἡμᾶς
1148 2770 1297 2805 ἀποφαῖνον
1315 2770 1390 2806 παρὰ
1414 2769 1483 2806 Θεῷ,
1502 2769 1531 2797 τὸ
1553 2770 1661 2805 φρονεῖν
1680 2768 1790 2795 ἑλέσθαι
1807 2768 1838 2794 τὰ
