1934 3042
210 170 263 198 5η

711 172 739 200 S.
768 173 906 202 CYRILLI
926 175 1162 204 ALEXANDRINI
1181 176 1342 206 ARCHIEP.

1786 175 1840 204 ΜΒ

209 230 369 258 ostendistis
382 230 409 257 in
422 237 521 257 nomen
546 230 606 265 ejus
623 229 658 256 ".
673 240 680 255 I
701 231 790 267 Atque
807 231 852 259 ille
880 233 992 267 quidem

1052 234 1094 260 ιὲν
1108 234 1208 269 ἣκιστά
1221 243 1264 269 γε,
1279 235 1403 271 διανεμεῖ
1418 235 1446 262 δὲ
1460 235 1501 262 ὅτι
1515 234 1575 262 ’τῶν
1596 235 1685 263 πόνων
1703 235 1738 262 τὰ
1757 236 1839 271 γέρα,

211 277 324 304 minime
354 275 550 308 obliviscetur;
570 275 628 303 fore
648 280 740 303 autem
764 281 794 304 ut
818 277 851 304 iis
871 277 996 305 laborum

211 323 322 358 praemia
342 322 455 353 tribuat,
471 322 517 356 qui
532 322 616 349 animi
630 322 789 357 languorem
804 323 838 350 ad
853 328 997 358 peccatum

210 369 404 403 perduceutem
422 369 588 403 superarint,
605 373 765 403 argumento
780 373 843 396 sunt
858 377 890 396 ea
901 378 997 398 rursus

210 421 271 448 quze
282 414 382 448 scripta
397 418 461 440 sunt
474 414 501 440 in
515 414 656 441 Numeris:
681 424 689 439 ‹
704 414 738 442 Et
750 415 861 442 locutus
877 419 919 442 est
945 416 998 443 Do-

211 460 302 487 minus
319 461 353 487 ad
377 461 487 497 Moysen
502 465 530 488 et
557 461 721 488 Eleazarum
753 461 936 494 sacerdotem,
956 463 998 490 di-

210 514 291 533 cens:
306 507 425 542 Accipite
437 516 570 534 summam
584 510 672 535 omnis
684 509 906 546 congregationis
916 509 999 536 Israel

216 560 229 578 a
242 553 338 588 viginli
355 554 433 580 annis
451 559 478 581 et
493 563 585 589 supra,
602 557 683 592 134
698 565 746 592 per
772 557 866 584 domos
884 555 999 583 familia-

211 606 273 624 rum
307 599 430 634 ipsorum
450 610 455 627 :
478 603 568 629 omnis
590 603 637 637 qui
660 603 800 638 egreditur
822 602 856 629 ad
874 609 999 636 pugnan-

210 645 275 671 dum
295 646 320 673 in
344 647 425 674 Israel
438 648 470 674 ’9.
488 658 496 672 ι
510 648 628 680 Deinde,
644 649 714 676 facta
730 647 935 676 enumeratione
947 655 1003 685 per

211 692 328 726 populos
345 697 373 719 et
391 694 490 726 tribus,
506 694 590 721 infert
606 695 707 722 iterum
725 703 731 722 :
755 705 763 719 ι
777 695 811 722 Ει
830 695 939 722 locutus
962 698 1004 722 est

210 738 344 768 Dominus
356 740 389 767 ad
418 740 540 775 Moysen,
561 741 655 768 dicens
669 751 675 768 :
687 742 735 769 llis
751 742 931 769 distribuetur
945 745 1002 768 ter-

210 792 250 815 ra.
264 790 295 813 ut
311 794 372 813 eam
402 787 559 821 possideant
575 795 608 815 ex
627 796 746 816 numero
762 789 923 816 nominum:
941 787 1001 822 plu—

210 831 287 858 ribus
307 833 436 867 majorem
456 833 646 861 luereditatem
665 834 755 867 dabis,
774 837 802 861 et
827 834 1005 869 paucioribus

209 877 346 904 minorem
372 878 451 906 dabis
475 879 665 907 liazrcdilatem
696 880 1003 915 ipsorum:unicuique,

209 922 280 949 sicut
296 924 423 951 recensiti
432 929 505 956 sunt,
515 925 626 952 dabitur
639 926 787 953 liazreditas
803 934 901 953 eorum
916 935 922 952 :
935 925 999 961 [per

210 972 298 996 sortes
313 969 454 997 dividetur
465 975 537 997 terra
555 971 732 1004 nominibus;
749 979 798 1006 per
811 971 898 998 tribus
920 971 999 998 fami—

209 1014 308 1041 liarum
325 1024 434 1042 suarum
451 1016 640 1044 licereditatem
652 1022 872 1052 consequentur:
885 1025 917 1044 ex
926 1021 1000 1044 sorte

209 1060 316 1087 divides
330 1061 517 1088 lizereditatem
538 1063 660 1096 ipsorum
678 1062 714 1098 (l)
729 1062 737 1098 ]
761 1062 833 1089 inter
859 1063 959 1090 multos
972 1066 1001 1090 et

209 1113 310 1140 paucos
320 1106 351 1132 ³⁸.
364 1116 373 1131 ›
385 1106 473 1141 Atque
487 1107 544 1134 lucc
556 1108 666 1142 quidem
676 1108 718 1135 lex
727 1112 778 1140 est,
790 1116 842 1142 qua
854 1112 926 1135 sorte
937 1115 1000 1142 pos-

209 1143 309 1178 sessuri
326 1157 405 1179 erant
419 1152 606 1180 hereditatem
623 1153 642 1179 ii
654 1153 699 1187 qui
712 1161 814 1180 annum
825 1154 881 1188 jam
899 1153 1000 1188 vigesi-

209 1204 283 1224 mum
295 1202 414 1232 agerent.
428 1198 493 1225 Post
508 1199 696 1226 recensionem
710 1200 792 1234 igitur
807 1199 926 1234 vulgaris
942 1204 1001 1226 tur-

209 1241 260 1274 bae,
280 1251 366 1278 genus
380 1243 533 1271 Levitieum
549 1249 675 1272 numerat
689 1254 694 1271 :
715 1255 723 1270 ι
740 1245 773 1272 Ει
788 1245 848 1277 ﬁlii,
870 1254 878 1270 ›
895 1245 994 1279 inquit,

213 1297 222 1313 ι
236 1287 301 1314 Levi
320 1296 369 1323 per
383 1289 498 1324 populos
514 1297 610 1316 eorum
626 1289 750 1324 :Gerson
767 1290 885 1325 populus
899 1289 1001 1317 Gerso-

209 1333 340 1366 nitarum,
358 1334 442 1361 Caath
454 1335 574 1370 populus
588 1335 790 1368 Caatliitarum,
802 1335 901 1362 Morari
912 1343 1000 1370 popu-

209 1379 253 1406 lus
270 1380 462 1408 Meraritarum
476 1389 482 1408 :
500 1380 529 1407 lli
552 1381 645 1416 populi
661 1381 779 1408 ﬁliorum
803 1381 868 1408 Levi
881 1381 913 1408 ³¹.
930 1391 939 1407 ι
956 1381 1001 1408 ln-

210 1428 252 1451 ter
263 1425 330 1455 inec,
345 1433 407 1452 cum
431 1434 517 1460 genus
536 1426 620 1461 Moysi
642 1430 670 1453 et
685 1426 778 1453 Aaron
808 1427 1000 1458 recensuisset,

211 1468 294 1496 infert
306 1470 405 1496 iterum
421 1471 455 1497 de
473 1471 536 1498 ﬁliis
554 1471 619 1498 Levi
633 1480 639 1498 :
659 1480 668 1496 ‹
681 1471 716 1498 Ει
732 1471 846 1498 fuerunt
855 1479 889 1498 ex
903 1479 1000 1498 recen—

211 1513 288 1540 sione
297 1522 394 1541 eoruin
403 1515 453 1541 tria
464 1515 593 1550 etviginti
613 1515 715 1542 millia:
728 1523 807 1542 omne
819 1515 1001 1542 masculinum

210 1559 245 1586 ab
262 1567 316 1586 uno
326 1568 419 1587 mense
433 1564 461 1587 et
472 1569 568 1595 supra:
581 1569 635 1588 non
648 1561 722 1588 enim
735 1561 927 1588 eonnumerati
938 1565 1002 1588 sunt

212 1605 239 1632 in
259 1604 323 1632 ﬁliis
337 1605 420 1632 Israel
433 1615 440 1638 ;
459 1606 522 1640 quia
539 1615 593 1633 non
603 1610 645 1634 est
661 1607 702 1634 eis
717 1607 779 1634 data
793 1615 853 1634 sors
867 1607 894 1633 in
911 1607 1001 1634 medio

213 1649 333 1677 ﬁliorum
348 1651 443 1678 Israel.
465 1652 498 1678 Et
524 1652 581 1679 hinc
598 1653 752 1680 numeratio
767 1653 867 1688 Moysis
878 1657 906 1680 et
920 1653 1001 1680 Elea-

212 1703 259 1722 zar
273 1696 435 1728 sacerdotis,
460 1697 507 1732 qui
527 1703 744 1727 numcraveruut
775 1698 845 1726 ﬁlios
870 1699 952 1726 Israel
973 1700 1000 1727 in

209 1740 333 1770 Araboth
348 1743 435 1776 Moab,
451 1744 478 1771 in
490 1745 619 1778 Iordane,
636 1750 728 1773 contra
740 1746 859 1774 Iericho.
875 1747 909 1773 Et
920 1747 945 1773 in
959 1747 1002 1774 liis

210 1794 266 1814 non
282 1794 342 1815 erat
358 1788 440 1816 homo
453 1798 487 1817 ex
504 1791 538 1818 iis
561 1791 608 1826 qui
625 1792 763 1820 numerati
774 1792 884 1820 fuerant
900 1801 915 1820 a
930 1794 1003 1829 Moy-

209 1841 239 1861 se
251 1838 279 1860 et
297 1835 396 1867 Aaron,
414 1844 483 1871 quos
495 1842 712 1865 numeraverunt
729 1839 799 1866 filios
812 1839 896 1867 Israel
911 1840 938 1866 in
951 1839 1000 1866 de-

210 1886 284 1909 serto
298 1882 376 1915 Sina;
391 1883 455 1917 quia
483 1883 697 1912 dixitDominus
725 1885 810 1920 ipsis:
827 1885 913 1912 Morte
940 1893 1001 1911 mo-

1047 282 1102 312 τοῖς
1117 282 1245 317 ἀνωτέρω
1263 282 1446 318 μαλακισμοῦ,
1461 282 1507 309 τοῦ
1522 282 1735 314 καταϐιάζοντος
1751 283 1792 314 είς
1809 283 1840 309 τὺ

1048 325 1222 360 πλημμελὲς,
1246 326 1449 362 πληροφορήσει
1476 327 1556 354 πάλιν
1577 327 1611 354 τά
1635 329 1663 354 ὲν
1684 328 1740 359 τοῖς
1763 328 1839 362 Ἀρι-

1049 369 1126 404 θμοῑς
1138 372 1328 407 γεγραμμένα·
1343 382 1352 398 ι
1368 373 1423 400 Καὶ
1433 373 1549 407 ὲλάλησε
1558 373 1659 408 Κύριος
1672 373 1741 408 πρὸς
1751 373 1839 406 Μωσῆ

1043 417 1096 443 ’καὶ
1130 417 1261 453 Ἐλεάζαρ
1288 418 1333 445 τὸν
1358 419 1431 454 ἱερέα
1456 418 1558 453 λέγων·
1576 419 1649 446 Λάϐε
1674 419 1724 454 τὴν
1752 417 1840 453 ἀρχὴν

1050 462 1139 497 πάσης
1153 464 1312 498 συναγωγῆς
1326 463 1390 490 υἱῶν
1410 464 1526 499 Ἰσραὴλ,
1540 465 1593 491 ἀπὸ
1608 463 1780 494 εἰκοσαετοῦς
1792 463 1840 490 καὶ

1050 508 1151 540 ἐπάνω,
1166 509 1226 535 κατ’
1238 509 1327 541 οἴκους
1341 510 1463 545 πατριῶν
1476 510 1576 536 αὐτῶψ
1599 510 1652 540 πᾶς
1664 510 1678 535 ὁ
1692 509 1841 544 ἐκπορευό-

1052 562 1131 588 μενος
1156 554 1362 588 παρατάξασθαι
1384 556 1412 581 sv
1435 555 1551 590 Ἰσραήλ.
1574 564 1583 580 ι
1603 553 1668 580 Εἶτα
1691 553 1841 588 γενομένης

1051 599 1100 634 τῆς
1120 600 1333 636 ἀπαριθμήσεως
1353 601 1422 627 κατὰ
1438 601 1551 637 δήμους,
1579 600 1713 627 καὶκατὰ.
1735 599 1840 634 φυλὰς,

1029 644 1031 646 ’
1052 646 1177 681 ἐπιφέρει
1193 646 1282 674 πάλιψ
1302 656 1311 672 ι
1330 647 1384 674 Καὶ
1400 647 1514 682 ἐλάλησε
1535 647 1636 682 Κύριος
1653 647 1721 682 πρὸς
1741 645 1840 680 Μωσῆ,

1052 692 1152 726 λέγων·
1176 692 1287 725 Τούτοις
1305 693 1499 729 μερισθήσεται
1516 694 1532 729 ὴ
1548 693 1583 728 γῆ
1608 693 1787 728 κληρονομεῖν
1812 691 1842 724 ἐξ

1053 737 1169 773 ἀριθμοῦ
1185 739 1323 773 ὀνομάτων
1332 747 1340 754 ·
1356 741 1412 771 τοῖς
1426 739 1531 766 πλείοσι
1547 740 1702 770 πλεονάσεις
1716 739 1765 774 τὴν
1779 738 1842 774 κλη-

1056 783 1192 819 ρονομίαν,
1203 785 1314 816 καὶτοῖς
1325 785 1462 812 ἐλάττοσιν
1474 784 1634 817 ἐλαττώσεις
1648 785 1698 821 τὴν
1712 785 1843 820 κληρονο-

1057 829 1120 864 μίαν
1145 830 1247 856 αὑτῶν·
1264 831 1385 866 ἑκάστῳ,
1400 831 1491 863 καθὼς
1505 831 1714 866 ἐπεσκέπησαν,
1730 831 1844 865 δοθήσευ

1054 883 1099 901 ται
1115 875 1131 910 ἡ
1143 875 1308 911 κληρονομία
1325 877 1430 909 αὐτῶν,
1446 877 1498 904 ἀνὰ
1515 878 1599 912 μέαον
1613 877 1717 904 πολλῶν
1731 877 1779 903 καὶ
1790 876 1844 903 (ιλὶ-

1015 917 1036 945 Β
1050 929 1115 954 γων.
1133 931 1142 948 ι
1159 923 1213 948 Καὶ
1230 922 1310 957 νόμος
1328 923 1377 958 μὲν
1391 919 1468 955 οὗτος
1484 923 1529 949 ἐπί
1545 932 1576 956 γε
1591 923 1621 949 τὸ
1632 923 1732 958 χρῆναι
1747 922 1844 957 κληρο-

1050 969 1142 1002 νομεῖν
1157 968 1220 999 τοὺς
1239 969 1269 995 τὺ
1285 969 1406 995 εἰκοστὸν
1420 969 1471 1004 ἤδη
1485 969 1625 1004 τρίϐοντας
1641 968 1709 1000 ἔτος.
1723 968 1802 995 Μετὰ
1813 968 1842 994 δέ

1050 1021 1081 1046 γε
1097 1013 1143 1038 τὸν
1162 1013 1323 1049 ἐκλογισμὸν
1337 1014 1386 1049 τῆς
1396 1014 1523 1048 ἀγελαίου
1534 1014 1653 1049 πληθύος
1662 1033 1669 1045 ,
1680 1014 1843 1048 ἐπαριθμεῦ

1051 1065 1094 1083 ται
1107 1057 1138 1083 τὸ
1150 1058 1226 1091 γένος
1241 1057 1270 1084 τὸ
1283 1057 1432 1084 Λευῖτικόν·
1449 1068 1457 1083 ι
1471 1059 1557 1084 Καὶοί
1568 1057 1647 1089 uici,»
1665 1058 1758 1092 φησὶν,
1771 1066 1780 1082 ι
1796 1056 1843 1082 τοῦ

1050 1103 1117 1130 Λευῖ
1130 1104 1200 1130 κατὰ
1214 1105 1317 1140 δήμους
1335 1104 1424 1131 αὐτῶν
1443 1105 1482 1140 τῷ
1502 1103 1624 1137 Γεδσὼν,
1645 1103 1731 1138 δῆμος
1748 1104 1762 1130 ὁ
1784 1102 1846 1129 Γεδ·

1053 1151 1126 1182 σωνὶ,
1141 1150 1179 1186 τῷ
1195 1151 1271 1177 Καὰθ
1282 1173 1289 1182 ,
1305 1151 1390 1185 δῆμος
1405 1152 1418 1177 ὁ
1436 1151 1535 1182 Κααθὶ,
1556 1150 1594 1185 τῷ
1611 1150 1739 1185 Μεραρὶ,
1757 1149 1845 1184 δῆμος

1051 1196 1065 1222 ὁ
1078 1196 1198 1232 Μεραρί·
1213 1194 1284 1223 οὗτοι
1299 1197 1379 1232 δῆμοι
1399 1197 1463 1222 υἱῶν
1479 1197 1554 1223 Λευῖ.
1572 1205 1581 1221 ι
1600 1195 1654 1221 Καὶ
1675 1194 1778 1230 μεταξὺ
1795 1203 1843 1228 γε-

1052 1242 1217 1278 νεαλογήσας
1240 1243 1361 1274 Μωσέως
1384 1251 1414 1269 τε
1431 1243 1494 1278 πέρι
1515 1242 1560 1268 καὶ¹
1581 1242 1696 1277 Ἀαρὼν,
1718 1240 1844 1276 ἐπιφέρει

1052 1288 1133 1314 πάλιν
1156 1288 1221 1323 περὶ
1242 1289 1295 1315 τῶν
1313 1289 1378 1314 υἱῶν
1398 1289 1480 1315 Λευῖ’
1501 1299 1509 1314 ι
1540 1288 1596 1315 Καὶ
1619 1286 1788 1322 ἐγενήθησαν
1815 1286 1844 1318 ἐξ

1052 1333 1221 1368 ἐπισκέψεως
1244 1333 1333 1360 αὐτῶν
1357 1335 1431 1370 τρεῖς
1458 1334 1504 1360 καὶ
1527 1333 1614 1360 εἴκοσι
1635 1332 1771 1367 χιλιάδες,
1789 1332 1844 1358 πᾶν

1052 1379 1195 1414 ἀρσενικὸν
1211 1379 1264 1405 ἀπὸ
1282 1379 1407 1413 μηνιαίου
1422 1379 1468 1405 καὶ
1482 1379 1573 1405 ἐπάνω
1584 1387 1590 1392 ·
1615 1378 1645 1404 οὐ
1669 1378 1723 1413 γὰρ
1749 1385 1845 1403 συνεπ-

1052 1425 1208 1458 εσκέπησαν
1223 1425 1251 1450 ὲν
1260 1426 1314 1455 τοῖς
1322 1425 1387 1455 υἱοῖς
1401 1424 1518 1460 Ἰσραήλ.
1530 1424 1583 1450 Καὶ
1596 1423 1688 1458 αὖττιὴ
1700 1421 1845 1456 ἐπίσκεψις

1052 1470 1137 1505 Μωσῆ
1153 1470 1200 1496 καὶ
1221 1470 1352 1503 Ἐλεάζαρ
1366 1469 1413 1496 τοῦ
1427 1470 1530 1504 ἱερέως,
1545 1469 1568 1495 οἳ
1582 1468 1768 1503 ἐπεσκέψαντο
1781 1468 1844 1498 τοὺς

1054 1517 1128 1548 υἱοὺς
1148 1516 1255 1551 Ἰσραὴλ
1269 1516 1298 1543 ἐν
1324 1515 1444 1551 Ἀραϐὼθ
1467 1515 1552 1542 Μωαὸ
1577 1515 1622 1541 ἐπὶ
1642 1514 1689 1540 τοῦ
1713 1514 1844 1549 Ἰορδάνου

1055 1561 1124 1588 κατὰ
1151 1561 1265 1596 Ἱεριχῴ.
1288 1561 1341 1588 Καὶ
1356 1563 1384 1588 ὲν
1399 1561 1502 1593 τούτοις
1518 1562 1567 1588 οὐκ
1581 1559 1614 1597 ἦν
1631 1562 1774 1596 ἄνθρωπος
1790 1562 1844 1588 τῶν

1053 1607 1266 1642 ἐπεσκεμμένων
1282 1607 1334 1634 ὑπὸ
1350 1608 1434 1642 Μωσῆ
1456 1608 1504 1634 καὶ
1525 1607 1645 1643 Ἀαρὼν,
1666 1607 1713 1639 οὓς
1727 1607 1844 1634 ἐπεσκέ-

1052 1653 1136 1688 ψαντο
1151 1655 1213 1685 τοὺς
1227 1654 1300 1686 υἱοὺς
1318 1654 1426 1689 Ἰσραὴλ
1441 1655 1469 1680 ἐν
1481 1655 1513 1689 τῇ
1530 1654 1624 1690 ἐρήμῳ
1637 1654 1713 1690 Σινᾷ,
1730 1655 1770 1680 ὅτι
1785 1652 1844 1680 εἷπε

1053 1700 1154 1735 Κύριος
1171 1701 1277 1731 αὐτοῖς·
1296 1700 1409 1735 Θανάτῳ
1423 1701 1621 1728 ἀποθανοῦνται
1643 1701 1671 1726 ἐν
1685 1701 1718 1735 τῇ
1737 1700 1843 1734 ἐρήμῳ,

1052 1747 1100 1772 καὶ
1122 1744 1152 1771 οὐ
1168 1745 1332 1781 κατελείφθη
1349 1745 1379 1777 ἐξ
1400 1745 1488 1772 αὐτῶν
1510 1746 1569 1772 οὺδέ
1591 1743 1641 1777 εἷς,
1667 1745 1736 1780 πλὴν
1754 1745 1844 1771 Χαλέὁ

1053 1792 1109 1823 υἱὸς
1130 1791 1252 1826 Ίεφωνῆ,
1276 1792 1323 1818 καὶ
1354 1791 1457 1827 Ἰησοῦς
1478 1792 1491 1818 ὁ
1508 1791 1553 1818 τοῦ
1567 1791 1656 1826 Ναυῆ.
1679 1801 1688 1817 ι
1707 1791 1762 1818 Καὶ
1779 1790 1843 1826 φέρε

1055 1838 1097 1871 ἂν,
1112 1839 1193 1865 πάλιν
1210 1838 1390 1874 ἐπιτροχάδην
1418 1839 1466 1865 καὶ
1480 1838 1532 1865 ἀνὰ
1549 1838 1631 1873 μέρος
1647 1838 1751 1864 ἕκαστα
1765 1836 1844 1863 διῐόν-

1053 1893 1109 1916 τες,
1124 1885 1247 1920 λέγωμεν
1269 1884 1434 1919 σαφέστερόν
1450 1893 1479 1910 τε
1496 1884 1543 1911 καὶ
1556 1884 1772 1920 εὐκρινέστερον.

210 1929 315 1956 rientur
331 1929 358 1956 in
371 1930 495 1963 deserto;
511 1935 539 1958 et
564 1940 619 1958 non
633 1931 685 1958 fuit
699 1932 813 1959 relictus
828 1940 862 1959 ex
872 1932 912 1959 eis
929 1940 1019 1967 neque
1043 1941 1124 1964 unus,
1141 1937 1322 1968 praeterquam
1347 1932 1430 1960 Calcb
1447 1932 1519 1959 ﬁlius
1531 1925 1663 1966 Jeplione,
1676 1935 1703 1958 et
1713 1930 1794 1958 Iesus
1811 1928 1842 1956 ﬁ-

209 1975 264 2003 lius
277 1975 390 2003 Nave“.
404 1986 412 2002 ι
432 1976 488 2011 Age
501 1977 593 2012 igitur,
607 1978 698 2005 denuo
708 1978 809 2005 cursim
820 1986 852 2005 ac
864 1987 912 2013 per
924 1983 1015 2013 partes
1032 1979 1138 2014 singula
1151 1984 1359 2014 prosequentes,
1373 1978 1496 2006 dicamus
1517 1978 1618 2005 clarius
1628 1986 1659 2004 ac
1675 1977 1844 2006 distinctius.

245 2023 343 2050 PALL.
358 2023 493 2058 Eloquere
508 2025 599 2058 itaque
617 2025 687 2051 nihil
703 2029 864 2058 cunctatus;
882 2034 944 2052 nam
970 2026 998 2053 in

210 2069 344 2104 ejusmodi
358 2070 440 2096 rebus
453 2069 605 2104 jucundum
617 2074 658 2097 est
671 2075 767 2105 argute
785 2071 931 2098 disserere.

241 2115 320 2142 CYR.
349 2115 434 2150 Igitur
461 2115 489 2141 in
504 2123 591 2150 pauca
623 2117 828 2151 propositorum
850 2117 998 2144 verborum

211 2168 322 2188 sensum
339 2161 522 2193 conferentes,
540 2161 608 2188 illud
619 2162 736 2189 dicimus
751 2171 757 2189 :
784 2162 912 2190 Adultam
939 2172 999 2190 rur-

211 2215 258 2234 sus
273 2212 300 2234 et
319 2207 384 2234 belli
405 2215 459 2234 non
485 2207 607 2242 ignaram
624 2212 731 2236 mtatem
756 2211 895 2237 numerari
921 2210 1000 2245 jubet

1089 2027 1190 2053 ΠΑΛΛ.
1207 2026 1296 2061 Φράζε
1313 2026 1344 2060 δὴ
1363 2024 1408 2053 οἷν
1425 2026 1542 2061 ὀκνήσας
1561 2026 1648 2058 οὐδὲν,
1668 2026 1706 2057 ὡς
1721 2025 1750 2053 ἕν
1766 2034 1798 2060 γε
1811 2026 1841 2061 δὴ

1049 2072 1153 2104 τούτοις
1170 2072 1218 2107 ἡδὺ
1239 2072 1269 2098 τὸ
1287 2073 1481 2107 στενολεσχεῖν.

1087 2117 1169 2143 ΚΥΡ.
1195 2116 1299 2143 υὺκοῦν
1325 2117 1353 2143 ὲν
1377 2117 1476 2150 ὀλίγοις
1503 2115 1558 2142 τῶν
1584 2116 1774 2151 προκειμένων
1797 2115 1841 2143 τὸν

1050 2164 1112 2191 νοῦν
1142 2163 1358 2198 συναγείροντες,
1383 2163 1470 2188 ἐκεῖνό
1493 2171 1598 2197 φαμεν·
1620 2162 1656 2188 Τὸ
1683 2162 1788 2197 ἡὸηκὸς
1810 2161 1840 2197 δὴ

1051 2210 1142 2241 πάλιν,
1158 2209 1205 2235 καὶ
1226 2208 1275 2243 τὴν
1291 2208 1526 2243 ὲμπειροπόλεμον
1544 2207 1649 2242 ἠλικίαν
1673 2206 1839 2242 ἀπαριθμεῖ·

210 2253 293 2280 Deus.
312 2253 351 2296 Ut
363 2253 436 2280 enim
449 2254 505 2287 jam
529 2254 605 2288 prius
623 2255 752 2288 diximus,
773 2256 874 2291 cogniti
894 2261 922 2283 et
947 2256 996 2283 de-

1052 2255 1111 2282 σθαι
1132 2255 1185 2282 δεῖν
1208 2254 1370 2290 προστάττει
1387 2253 1462 2284 Θεάς.
1489 2254 1532 2284 Ὠς
1547 2254 1600 2288 γὰρ
1620 2253 1669 2288 ἤδη
1688 2252 1840 2287 φθάσαντες

211 2299 306 2333 scripti
323 2303 388 2325 sunt
403 2299 474 2333 apud
499 2300 595 2332 Deum,
620 2306 647 2328 et
665 2301 692 2327 in
712 2302 813 2328 librum
845 2303 998 2329 viventium

211 2345 301 2377 relati,
314 2353 368 2372 non
382 2345 506 2372 imbelles
520 2350 548 2373 et
566 2346 677 2379 inﬁrmi,
694 2356 782 2382 neque
801 2349 881 2383 pueri
907 2348 998 2376 adhuc

211 2397 304 2421 sensu,
318 2390 365 2417 sed
380 2391 536 2426 quicunque
566 2392 650 2420 fortes
674 2397 702 2420 et
725 2393 812 2428 parati
831 2393 864 2420 ad
893 2393 997 2421 bellum

211 2443 273 2463 cum
296 2436 371 2464 vitiis
386 2441 468 2472 atque
497 2443 608 2473 peccato
624 2440 787 2474 gerendum,
813 2445 841 2467 et
858 2440 939 2468 ﬁrma
967 2449 998 2468 ac

210 2482 302 2510 stabili
329 2488 392 2510 sunt.
418 2485 573 2519 sapientia,
605 2491 633 2513 et
666 2487 722 2521 apti
750 2488 804 2522 jam
831 2487 865 2514 ad
892 2495 924 2514 ea
949 2496 997 2522 ge-

210 2529 295 2556 renda
322 2538 354 2558 ac
382 2531 566 2565 perﬁcienda,
594 2540 654 2567 qua:
691 2534 763 2560 Deus
788 2533 853 2560 velit
878 2543 884 2560 :
917 2534 994 2569 135

210 2575 293 2603 iidem
317 2584 366 2611 per
394 2577 491 2610 tribus,
516 2583 544 2605 ct
573 2586 607 2605 ex
639 2579 760 2611 nomine,
787 2583 815 2606 et
840 2580 997 2615 singulatim

211 2626 311 2650 terram
325 2624 415 2658 partiti
431 2628 504 2651 sunt.
521 2624 649 2651 llaeredes
661 2632 777 2659 namque
789 2628 871 2652 terra:
886 2629 996 2658 sanctis,

210 2672 239 2695 et
247 2674 416 2703 speratorum
426 2669 561 2696 bonorum
577 2669 725 2704 participes
733 2675 813 2696 erunt
826 2670 843 2696 ii
853 2670 886 2697 de
897 2670 998 2704 quibus

210 2713 359 2749 loquimur,
372 2723 422 2749 per
434 2715 523 2742 tribus
539 2719 567 2742 et
586 2715 713 2747 familias,
731 2721 761 2742 ut
776 2716 804 2742 in
816 2716 871 2743 illis
887 2716 996 2743 verbis:

215 2769 224 2785 ι
238 2760 312 2788 Beati
328 2761 408 2787 mites
421 2781 427 2792 ,
444 2761 573 2795 quoniam
593 2761 646 2796 ipsi
663 2761 866 2789 licereditabunt
880 2767 996 2795 terram;

212 2807 284 2834 beati
307 2807 516 2839 misericordes,
541 2808 671 2842 quoniam
699 2807 749 2842 ipsi
782 2807 998 2835 misericordiam

251 2865 273 2880 "‘
289 2865 372 2892 llcbr.
387 2874 424 2897 vr,
447 2866 487 2893 l0.
526 2867 548 2882 ¹⁹
568 2867 647 2894 Num.
669 2875 741 2897 xxvi,
777 2867 804 2898 2,
824 2868 849 2894 5.

251 2912 292 2945 (l)
309 2912 390 2940 [locis
403 2912 505 2940 inclusa
518 2913 615 2940 desunt
631 2914 656 2940 in
672 2918 745 2940 textu
759 2913 862 2940 Gneco.
876 2914 949 2941 Eutr.

907 2868 927 2882 ³η
946 2866 1025 2898 Ibid,

1048 2301 1171 2336 εἴπομεν,
1190 2301 1218 2326 ἐν
1234 2299 1334 2334 γνώσει
1357 2307 1386 2324 τε
1404 2299 1450 2325 καὶ
1467 2299 1614 2333 ἀπογραφῇ
1632 2299 1663 2334 τῇ
1678 2298 1754 2333 παρὰ
1770 2297 1839 2332 Θεῷ,

1046 2348 1093 2374 καὶ
1105 2348 1133 2373 ἐν
1148 2347 1230 2382 βίϐλῳ
1246 2346 1364 2378 ζώντων,
1382 2345 1411 2372 οὑ
1428 2346 1458 2371 τὸ
1469 2345 1566 2371 ἄναλκι
1580 2345 1625 2371 καὶ
1639 2344 1764 2379 ἀδρανὲς,
1780 2344 1839 2370 οὕτε

1049 2393 1101 2429 μὴν
1119 2393 1148 2419 τὸ
1164 2393 1204 2419 ἔτι
1225 2392 1358 2428 νηπιάζον
1374 2392 1444 2418 κατὰ
1457 2392 1506 2425 τὴν
1531 2391 1677 2426 φρόνησιν,
1703 2389 1772 2416 ἀλλὰ
1788 2391 1839 2416 πᾶν

1045 2439 1107 2465 ὅσον
1127 2439 1200 2465 ἐστὶν
1230 2438 1356 2469 εὐσθενὲς
1380 2446 1410 2464 τε
1426 2437 1476 2472 ἤδη
1491 2437 1536 2462 καὶ
1558 2436 1663 2470 ἕτοιμον
1689 2436 1729 2466 εἰς
1752 2435 1840 2470 παρά-

1044 2486 1120 2518 ταξιν
1140 2485 1189 2520 τὴν
1219 2484 1291 2511 κατὰ
1312 2483 1406 2510 παθῶν
1427 2491 1455 2509 τε
1473 2482 1518 2508 καὶ
1533 2481 1680 2516 ἁμαρτίας,
1697 2481 1744 2507 καὶ
1762 2481 1839 2515 βεϐη-

1051 2532 1097 2564 κὸς
1113 2533 1152 2563 εἰς
1175 2531 1300 2563 σύνεσιν,
1327 2529 1464 2564 εὐπρεπές
1484 2537 1513 2554 τε
1533 2528 1582 2564 ἤδη
1605 2527 1672 2562 πρὸς
1688 2527 1718 2553 ἐδ
1742 2527 1839 2562 χρῆναι

1051 2579 1115 2614 δρᾷν
1134 2578 1180 2604 καὶ
1194 2577 1322 2604 δύνασθαι
1346 2575 1510 2611 κατορθοῦν,
1529 2574 1547 2601 ἃ
1565 2574 1597 2600 ἂν
1613 2574 1733 2608 βούλοιτο
1754 2574 1836 2605 Θεὸς·

1050 2620 1124 2650 οὗτοι
1134 2632 1162 2650 τε
1173 2623 1221 2658 τὴν
1232 2623 1283 2658 γῆν
1298 2622 1368 2648 κατά
1381 2629 1410 2647 τε
1425 2621 1472 2652 τὰς
1485 2620 1580 2654 φυλὰς.
1592 2620 1639 2646 καὶ
1653 2619 1682 2651 ἐξ
1697 2619 1838 2654 ὀνόματος,

1052 2670 1098 2696 καὶ
1117 2669 1176 2696 καθ’
1193 2669 1307 2695 ἕκαστον
1324 2665 1353 2694 εὖ
1373 2667 1444 2703 μάλα
1460 2667 1669 2702 διεμοιρήσαντο
1680 2674 1687 2680 ”
1709 2665 1838 2701 κληρονό-

1054 2725 1098 2752 μοι
1121 2716 1175 2751 γὰρ
1197 2715 1302 2742 ἔσονται
1318 2715 1367 2749 τῆς
1387 2714 1467 2749 ἁγίας
1480 2714 1541 2748 γῆς,
1562 2713 1608 2739 καὶ
1630 2712 1684 2739 τῶν
1704 2713 1733 2739 ἐν
1749 2712 1838 2739 ἐλπίσι

1055 2761 1212 2797 μεθέξουσιν
1230 2761 1350 2794 ἀγαθῶν,
1366 2761 1389 2786 οἱ
1412 2761 1474 2794 περὶ
1490 2756 1527 2786 ὧν
1543 2759 1557 2785 ὀ
1573 2759 1652 2793 λόγος
1671 2759 1742 2785 κατὰ
1757 2758 1838 2793 φυλάς

1052 2816 1081 2833 τε
1097 2808 1143 2834 καὶ
1160 2807 1230 2833 κατὰ
1242 2807 1328 2841 γένος,
1343 2807 1380 2838 ὡς
1395 2807 1423 2832 ὲν
1437 2806 1484 2841 τῷ,
1505 2816 1514 2831 ι
1535 2805 1672 2841 Μακάριοι
1687 2806 1710 2831 οἱ
1732 2805 1838 2840 πραεῖς,

1048 2867 1137 2893 ἕὶ-ΐὶί.
1177 2866 1292 2897 ²¹ιὶιὶι1.,
1322 2866 1365 2897 57,
1397 2866 1439 2892 58.
1497 2865 1517 2881 ⁵¹
1539 2864 1618 2897 lbid.,
1640 2864 1737 2892 (ii-65.
