1934 3042
82 181 131 210 319

447 183 490 210 DE
510 183 731 212 ADORATIONE
751 184 784 211 IN
805 184 940 213 SPIRITU
960 184 1005 212 ΕΤ
1026 175 1211 213 VEltl'i'ATE.
1231 184 1295 212 LIB.
1313 184 1356 212 IV.

1666 185 1719 214 350

82 242 121 267 ὅτι
132 241 210 268 αὐτοὶ
228 241 467 278 κληρονομήσουσι
483 243 531 278 τὴν
546 245 614 280 γῆν·
631 245 760 280 μακάριοι
772 246 796 271 οἱ
808 240 876 280 ἑλεῆι

933 249 1138 280 cousequentur
1146 245 1184 278 ¹³;
1198 255 1207 270 ι
1220 249 1247 272 et
1257 245 1285 272 in
1295 245 1356 272 aliis
1373 243 1438 272 item
1449 243 1666 273 beatitudinibus
1675 245 1718 273 vi—

82 297 179 321 μονες,
201 288 244 314 ὅτι
269 289 349 315 αὐτοὶ
376 289 584 324 ἐλεηθήσονται·
613 300 621 316 ι
649 291 696 317 καὶ
716 291 753 322 ὡς
771 291 800 317 ὲν
822 293 878 323 τοῖς

82 333 186 368 ἑτέροις
204 336 403 369 μακαρισμοῖς.
417 335 524 371 Κλῆρος
538 335 591 371 γὰρ
608 333 683 367 οὗτός
697 338 770 362 ἐστιν
783 336 878 372 ὥσπερ

83 388 122 405 τις
132 379 199 410 ἴδιος
212 379 268 405 τῶν
281 380 451 414 ὴλεημένων,
467 380 576 416 πραέων
592 389 622 406 τε
636 380 748 406 καὶτῶν
763 380 878 415 πτωχῶν

84 427 110 451 ἐν
123 425 274 460 πνεύματι,
288 427 335 452 καὶ
347 426 532 460 δεδιωγμένων
542 427 624 452 ἕνεκα
637 426 684 460 τῆς
693 426 875 461 δικαιοσύνης.

84 471 156 502 Πλὴν
174 472 223 497 καὶ
242 471 304 498 καθ’
319 472 366 498 ἕνα
389 471 435 498 καὶ
454 471 482 504 ἐξ
502 471 633 505 ὀνόματος
657 472 705 506 τῆς
724 471 850 502 εὐκλείας
864 472 879 497 ὁ

84 516 230 550 στέφανος,
263 517 400 551 ἀναλόγως
422 517 536 544 ἕκαστον
555 518 610 548 τοῖς
635 517 716 544 αὐτοῦ
740 516 879 552 κατορθώ-

85 571 151 598 μασι
174 563 312 598 τιμῶντος
327 562 394 589 Θεοῦ
405 583 412 594 ,
429 563 476 589 καὶ
490 563 539 598 τὴν
553 562 664 590 δέουσαν
685 564 739 594 τοῖς
756 562 877 600 ἀνδριζο-

84 607 178 643 μένοις
205 609 417 643 ἐπιμετροῦντας
442 609 538 644 χάριν,
561 609 585 635 εἰ
604 612 651 635 καὶ
674 609 752 646 [forth
771 609 787 644 ἢ
808 609 873 645 καὶ]

83 655 168 680 νοοῖτο
184 654 278 689 τυχὸν,
296 655 334 687 ὡς
348 656 376 681 ὲν
393 655 484 690 μέτρῳ
501 655 612 687 πλείονι,
628 656 674 682 καὶ
691 655 878 691 πλουσιωτέρα

81 699 212 734 διανομῇ·
230 709 240 724 ι
254 700 360 736 Μέτρον
373 700 453 736 γὰρ.)
470 700 547 734 φησι,
562 710 571 726 ‹
586 700 668 727 καλὸν
684 701 875 736 πεπιεσμένον,

82 745 303 780 σεσαλευμένον,
329 746 582 781 ὑπερεκχυνόμενον
609 746 741 773 δώσουσιν
766 747 808 778 εἰς
833 746 877 773 τὸν

82 791 185 817 κόλπον
203 791 296 825 ὑμῶν·
315 801 324 817 ι
345 791 392 817 καὶ
407 792 471 818 αὐτὸ
488 791 519 826 δὴ
533 791 612 818 τοῦτο
625 792 721 827 δηλοῦν
735 791 811 827 οἶμαί
826 800 876 818 που

79 837 111 863 τὸ
123 837 209 872 φάναι
221 837 286 864 Θεόν
297 845 303 852 ·
319 847 328 863 ί
344 838 407 870 Τοῖς
424 838 529 864 πλείοσι
545 838 702 870 πλεονάσεις
719 838 768 874 τὴν
781 839 878 874 κληρο-

81 884 182 919 νομίαν
211 884 316 917 αὐτῶν,
339 885 386 911 καὶ
410 886 465 917 τοῖς
489 885 629 912 ἐλάττοσιν
648 884 810 917 ἐλαττώσεις
827 885 876 920 τὴν

81 930 266 966 κληρονομίαν
283 931 389 963 αὐτῶν,
411 930 528 965 ἑκάστῳ,
557 930 651 963 καθὼς
668 931 874 966 ὲπεσκέπησαν,

81 976 227 1012 δοθήσεται
253 978 269 1011 ἡ
289 977 456 1012 κληρονομία
483 978 582 1004 αὐτῶν.
608 987 617 1003 ›
645 978 683 1004 Τὸ
706 978 762 1014 γὰρ
787 978 825 1010 ὡς
848 979 876 1004 ὲν

81 1022 194 1058 ἀριθμῷ
209 1024 263 1050 τῶν
278 1023 419 1058 ὀνομάτων
435 1023 547 1056 πλείονι,
560 1024 644 1055 τύπος
660 1024 692 1050 ἂν
707 1024 811 1058 γένοιτο
826 1032 876 1050 σα-

81 1068 135 1103 φὴς
152 1068 200 1095 τοῦ
217 1069 414 1104 ὑπερκειμένου
431 1070 477 1096 καὶ
494 1069 685 1102 πλεονάζοντος
701 1071 730 1096 ἐν
745 1071 829 1106 ἀρετῇ
841 1080 847 1086 ·
864 1071 877 1097 ὁ

83 1116 135 1149 μὲν
148 1116 204 1151 γὰρ
223 1116 319 1148 οὕτως,
338 1117 351 1143 ὁ
368 1116 395 1142 δὲ
419 1116 505 1147 οὕτως
518 1117 665 1151 εὐδοκιμεῖ,
682 1116 753 1143 κατὰ
769 1116 815 1142 τὸν
827 1125 878 1151 μα-

81 1158 188 1194 κάριον
202 1159 319 1186 Παῦλον.
342 1159 476 1194 κληρωτὴ
496 1159 522 1185 δὲ
539 1161 555 1194 ἡ
572 1160 617 1193 γῆ,
639 1159 699 1186 κατ’
717 1159 805 1185 ἐκεῖνό
825 1168 877 1186 που

81 1205 153 1240 τάχει
171 1206 217 1232 τό’
239 1215 248 1231 ι
271 1206 315 1232 Ἐν
328 1207 388 1237 ταῖς
401 1206 478 1241 χερσί
495 1214 542 1232 σου
556 1207 580 1232 oi
597 1205 691 1241 κλῆροί
709 1215 768 1241 μου·
787 1215 795 1232 ι
811 1206 878 1241 πρὸς

81 1251 150 1277 Θεὸν
164 1251 320 1286 εἰρημένον.
337 1252 402 1287 Θείᾳ
415 1251 468 1287 γὰρ
482 1252 564 1286 ψήφῳ
577 1252 722 1287 γενήσεται
741 1251 796 1278 τῶν
818 1253 878 1278 ὲσο-

83 1297 174 1333 μένων
198 1297 310 1332 ἀγαθῶν
332 1299 348 1332 ὴ
371 1298 493 1333 ἀπλανὴς
519 1298 692 1332 διανέμησις,
718 1299 824 1333 ἑκάστῳ
848 1298 879 1324 τὺ

83 1344 190 1379 πρέπον
205 1345 245 1375 εἰς
257 1343 450 1380 ἀποκλήρωσιν
465 1344 502 1378 (1)
515 1343 652 1378 ὁρίζοντος
663 1343 722 1370 τότε
731 1343 778 1370 τοῦ
790 1344 879 1370 πάντα

81 1390 185 1421 εἰδότος
200 1390 234 1416 τὰ
247 1389 309 1417 καθ’
324 1391 407 1425 ἡμᾶς.
429 1389 511 1425 Ὶδικὴ
523 1390 551 1416 δὲ
569 1390 649 1416 πάλιν
664 1390 745 1425 ἡτῶν
759 1390 879 1417 Λευῖτῶν

81 1437 286 1472 άπαρίθμησις,
303 1437 356 1462 ἀπο
377 1436 501 1471 μηνιαίου
519 1436 565 1462 καὶ
587 1436 690 1462 ὲπάνω.
709 1437 763 1463 Καὶ
780 1436 880 1472 κλῆρος

82 1483 175 1514 αὑτοῖς
192 1483 222 1508 οὐ
241 1483 343 1509 δίδοται
368 1483 395 1508 ὲν
414 1483 490 1518 μέσῳ
512 1482 566 1509 τῶν
590 1483 656 1508 οἰῶν
679 1482 802 1518 Ἰσραὴλ,
819 1483 880 1509 ouk

83 1529 329 1564 συνεπεσκέπησαν
347 1529 448 1559 αὐτοῖς.
471 1528 634 1564 Ἀγιώτερον
651 1529 704 1564 γὰρ
720 1529 762 1555 ἀεί
779 1538 829 1556 που
849 1530 880 1555 τὸ

85 1575 230 1610 ἱερώτερον
261 1574 346 1608 γένος.
373 1574 417 1601 Διὸ
442 1576 488 1601 καὶ
515 1574 670 1610 ἐξῃρημένη
687 1575 740 1601 τῶν
758 1575 878 1611 ἄλλωνὴ

82 1621 233 1656 ἀπογραφὴ
252 1621 316 1656 περὶ
327 1620 418 1652 αὺτοῦ,
428 1621 475 1646 καὶ
487 1621 586 1655 κλῆρος
600 1621 688 1652 αὐτοῖς
703 1622 733 1647 οὐ
748 1622 814 1655 μετὰ
826 1620 878 1647 τῶν

82 1666 189 1697 ἄλλων,
208 1665 276 1692 ἀλλὰ
299 1666 345 1691 καὶ
367 1665 510 1700 ἐπίσκεψις
528 1666 615 1701 ἱδική·
637 1667 715 1701 μερὶς
739 1666 767 1692 δὲ
787 1666 879 1698 αὐτοῖς

81 1712 131 1738 καὶ
145 1712 257 1747 κλῆρος,
274 1711 355 1743 αὐτὸς
367 1712 380 1738 ὁ
394 1711 447 1738 τῶν
457 1711 525 1737 ὅλων
540 1712 617 1743 Θεὸς,
637 1712 707 1738 κατὰ
718 1712 748 1738 τὸ
763 1732 770 1744 ,
789 1721 796 1736 ι
818 1713 879 1738 Μα-

83 1758 176 1794 κάριοι
196 1759 220 1784 οἱ
244 1758 359 1792 καθαροὶ
380 1758 412 1792 τῇ
440 1757 556 1792 καρδίᾳ,
581 1758 622 1784 ὅτι
645 1757 722 1783 αὐτοὶ
741 1757 785 1783 τον
812 1756 878 1783 Θεὸν

83 1805 208 1840 ὗνζονται.
224 1815 233 1830 ι
245 1805 306 1831 Τῶν
316 1803 369 1839 γὰρ
383 1803 464 1830 καλου
470 1803 556 1838 μένων
570 1803 683 1837 πτωχῶν
692 1802 730 1838 τῷ
742 1802 877 1837 πνεύματι

82 1852 134 1886 τὴν
150 1851 206 1877 τῶν
222 1850 346 1885 οὐρανῶν
364 1849 501 1884 βασιλείαν
521 1849 672 1884 μελλόντων
689 1850 874 1885 κληρονομεῖν,

85 1895 377 1931 παρακληῦησομένων
391 1895 419 1921 δὲ
432 1895 478 1921 καὶ
494 1895 548 1922 τῶν
565 1895 698 1930 ἑλομένων
714 1895 743 1921 τὸ
758 1895 874 1928 πενθεῖν,

83 1942 307 1978 ἐλεηθησομένων
324 1942 352 1968 δὲ
371 1942 418 1968 καὶ
442 1941 497 1968 τῶν
515 1941 669 1977 ἐλεημόνων
681 1951 688 1957 ”
709 1942 740 1968 0t
762 1942 876 1978 καθαροὶ

83 1990 117 2024 τῇ
131 1988 240 2024 καρδίᾳ,
260 1988 337 2023 φησι,
354 1987 494 2023 μακάριοι,
507 1987 547 2013 ὅτι
563 1987 639 2014 αὐτο)¹
655 1987 700 2014 τὸν
717 1988 784 2014 Θεὸν
797 1988 875 2022 ὄψον.

83 2044 140 2062 ται.
155 2032 236 2062 Οὗτοι
250 2034 272 2061 δ’
291 2033 324 2061 ἂν
341 2032 395 2060 εἷεν
419 2034 443 2060 οἱ
462 2033 536 2070 παρὰ
551 2034 614 2065 τοὺς
636 2033 732 2065 ἄλλους
752 2034 874 2067 ἅπαντας

894 916 914 945 Β

893 1598 913 1627 C

84 2079 227 2116 ἱερώτεροί
244 2088 274 2105 τε
294 2080 340 2106 καὶ
359 2077 514 2114 ἁγιώτεροι,
535 2078 582 2105 καὶ
600 2078 698 2114 κλῆρος
716 2079 808 2110 αὐτοῖς
828 2080 875 2106 καὶ
901 2086 904 2091 “

86 2126 166 2162 μερὶς
188 2126 204 2161 ὴ
228 2125 345 2160 ἀκριϐὴς
362 2125 488 2165 βεοπτία,
510 2124 582 2151 τοῦτ’
600 2124 689 2156 ἔστιν,
708 2125 724 2160 ὴ
748 2125 811 2160 περὶ
826 2127 874 2161 τῆς

83 2173 212 2207 Θεότητος
225 2172 336 2205 γνῶσις.
353 2170 437 2197 Τοῦτό
451 2179 490 2197 τοι
505 2170 622 2206 Χριστὸς
636 2171 692 2202 τοῖς
707 2171 792 2204 ἁγίοις
808 2171 875 2197 ἀπο-

83 2218 190 2250 στόλοις
203 2216 387 2252 ἐπηγγέλλετο
402 2215 565 2251 χαριεῖσθαι,
585 2215 687 2250 λέγων’
709 2225 718 2242 ‹
738 2216 830 2243 Ταῦτα
845 2218 874 2243 ἐν

930 291 995 318 dere
1008 291 1072 318 licet
1088 299 1094 316 :
1107 291 1241 325 ejusmodi
1252 291 1325 318 enim
1337 283 1481 317 haereditas
1498 290 1718 318 misericordium

930 341 958 364 et
973 336 1080 363 mitium
1091 344 1124 363 ac
1134 343 1285 370 pauperum
1299 336 1407 371 spiritu,
1426 340 1455 363 et
1470 344 1568 363 eorum
1585 337 1633 371 qui
1653 344 1717 371 per-

929 381 1098 408 secutionem
1113 381 1256 416 patiuntur
1270 385 1381 415 propter
1397 381 1541 416 justitiam,
1564 381 1641 416 quasi
1652 389 1719 416 pro-

929 427 987 461 pria
1009 431 1060 454 est.
1092 427 1145 454 Sed
1169 431 1258 454 tamen
1283 427 1437 461 singulatim
1465 435 1574 461 quoque
1592 431 1619 454 et
1640 427 1718 462 juxta

929 474 1040 500 nomina
1054 481 1153 500 corona
1167 473 1260 507 glorim
1284 472 1374 503 datur,
1396 480 1457 499 cum
1473 473 1544 500 Dens
1560 473 1658 507 cuique
1669 480 1719 507 pro

930 523 1003 547 recte
1017 519 1150 546 factorum
1171 519 1276 546 ratione
1291 519 1410 545 honores
1423 519 1570 552 persolvat,
1591 519 1720 553 gratiam-

929 573 982 600 que
996 565 1113 592 fortibus
1121 565 1196 597 viris,
1215 572 1275 600 qum
1287 564 1392 596 deerat,
1408 564 1583 591 admeticndo
1591 564 1718 598 adjiciat;

929 611 1054 646 quamvis
1070 619 1102 638 ea
1119 611 1233 638 fortasse
1249 615 1377 645 tanquam
1403 611 1505 645 majore
1527 618 1654 637 mensura
1674 617 1722 636 cu—

929 657 1128 692 mulatioreque
1140 657 1268 684 distribui
1284 656 1462 691 intelligenda
1474 655 1510 682 sit
1524 665 1530 682 :
1545 665 1553 680 ι
1566 655 1720 682 Mensuram

929 702 1029 737 quippe
1038 702 1148 734 bonam,
1162 711 1170 727 ι
1181 702 1279 736 inquit,
1286 711 1294 726 ι
1309 705 1336 728 ct
1343 701 1503 732 confertam,
1513 704 1541 726 et
1548 699 1720 734 coagitatam,

928 752 956 775 et
966 748 1207 783 supereﬁluentem
1215 747 1320 775 dabunt
1333 748 1361 774 in
1378 748 1469 774 sinum
1481 749 1602 773 vestrum
1614 745 1636 760 ²⁸
1650 745 1721 771 nid-

928 801 982 828 que
992 793 1081 828 ipsum
1093 792 1246 827 signiﬁcare
1255 793 1363 828 opinor,
1375 800 1437 820 cum
1448 791 1515 818 dicit
1527 791 1614 817 Deus:
1634 799 1642 814 ι
1658 789 1722 816 Plu-

928 839 1006 866 ribus
1017 838 1147 873 majorem
1166 838 1355 864 bzereditatem
1371 837 1488 869 tribues,
1504 840 1532 863 et
1545 834 1723 871 paucioribus

928 884 1062 911 minorem
1082 883 1271 910 hmreditatem
1287 884 1366 911 dabis
1383 893 1389 910 :
1405 883 1566 917 unicuique,
1580 886 1611 908 ut
1626 888 1724 914 recen-

929 931 974 958 siti
994 935 1068 963 sunt,
1085 931 1197 958 dabitur
1222 930 1369 957 ba'reditas
1387 930 1509 964 ipsorum
1529 928 1562 954 ³⁸.
1588 937 1597 953 ι
1614 926 1722 953 Etenim

927 985 1059 1004 numerus
1083 977 1129 1004 ille
1161 977 1302 1004 nominum
1334 976 1437 1010 major,
1458 975 1544 1009 ﬁgura
1564 977 1606 1000 est
1628 975 1724 1007 aperla

927 1024 1124 1059 praestantioris
1133 1022 1390 1056 excellentior-isque
1400 1021 1510 1047 virtutis
1520 1028 1527 1053 ;
1536 1020 1581 1046 hic
1589 1019 1663 1046 enim
1671 1019 1722 1050 sic,

927 1070 973 1097 ille
988 1077 1054 1097 vero
1073 1069 1229 1096 siclaudem
1242 1073 1374 1100 meretur,
1386 1067 1463 1095 utait
1475 1066 1572 1094 beatus
1586 1064 1722 1092 Paulus".

929 1116 1007 1143 Sorte
1034 1119 1126 1143 autem
1155 1115 1288 1142 dividitur
1311 1119 1396 1146 terra,
1415 1122 1448 1141 ea
1477 1113 1592 1139 fortasse
1617 1111 1724 1138 ratione

928 1170 981 1197 qua
1005 1162 1109 1189 dictum
1134 1166 1177 1188 est
1199 1162 1255 1189 Deo
1275 1170 1281 1187 :
1305 1170 1314 1186 ι
1340 1161 1371 1187 In
1400 1159 1528 1186 manibus
1557 1157 1610 1184 tuis
1636 1160 1725 1183 sortes

927 1215 996 1234 mea:
1015 1208 1046 1233 ³⁷.
1071 1217 1080 1233 ι
1103 1207 1203 1235 Divina
1228 1206 1330 1241 quippe
1351 1204 1466 1232 arbitrio
1495 1204 1541 1231 ﬁet
1565 1203 1724 1230 futurorum

928 1254 1063 1281 bonorum
1078 1254 1157 1282 ﬁrma
1175 1253 1346 1285 distributio,
1364 1260 1427 1279 cum
1439 1272 1447 1283 ,
1467 1249 1534 1285 quid
1551 1249 1650 1283 cuique
1672 1248 1723 1275 tri-

929 1301 1015 1328 buere
1031 1306 1164 1336 oporteat,
1179 1309 1213 1328 eo
1232 1305 1354 1335 tempore
1375 1300 1420 1326 ille
1439 1298 1604 1326 deﬁniturus
1621 1296 1666 1327 sit.
1678 1295 1724 1322 cui

929 1347 1021 1374 omnia
1044 1352 1138 1374 nostra
1155 1347 1264 1383 cognita
1282 1349 1358 1373 sunt.
1387 1344 1501 1379 Propria
1516 1348 1607 1370 autem
1629 1348 1724 1368 rursus

929 1393 960 1420 ﬁt
976 1393 1135 1420 Levitarum
1159 1393 1333 1420 enumeratio
1351 1391 1386 1418 ab
1402 1398 1459 1417 uno
1474 1397 1568 1416 mense
1583 1393 1611 1415 et
1620 1395 1721 1421 supra;

929 1447 1019 1474 neque
1038 1447 1096 1467 sors
1121 1439 1175 1466 illis
1199 1439 1281 1466 datur
1308 1439 1336 1465 in
1366 1437 1459 1464 medio
1479 1437 1598 1464 ﬁliorum
1622 1434 1722 1466 lsrael,

929 1494 1019 1521 neque
1038 1494 1100 1513 cum
1109 1486 1163 1513 illis
1171 1489 1363 1512 recensentur.
1375 1484 1489 1518 Semper
1508 1482 1582 1510 enim
1602 1480 1726 1508 sanctius

929 1538 970 1559 est
982 1533 1088 1560 ueteris
1106 1539 1192 1567 genus
1218 1531 1286 1558 illud
1311 1530 1456 1557 sacratius.
1478 1528 1597 1562 Ideoque
1613 1526 1723 1553 illarum

931 1578 1078 1612 descriptio
1093 1578 1127 1604 ab
1135 1577 1197 1604 aliis
1214 1577 1340 1603 tribubus
1350 1579 1476 1609 exempta
1489 1578 1540 1605 est,
1557 1580 1647 1606 neque
1662 1571 1725 1598 iilo-

932 1633 992 1651 rum
1012 1631 1073 1651 sors
1084 1632 1147 1650 cum
1161 1623 1221 1650 aliis
1229 1623 1378 1658 permista;
1392 1621 1439 1648 sed
1455 1626 1511 1647 tum
1526 1618 1725 1653 inspectionem

930 1675 1011 1705 atque
1022 1670 1210 1697 recensionem
1225 1669 1365 1704 propriam
1386 1667 1499 1697 habent,
1518 1669 1576 1692 tum
1587 1671 1653 1690 vero
1663 1669 1727 1697 pars

931 1716 1039 1743 illorum
1055 1720 1135 1750 atque
1149 1722 1209 1741 sors
1226 1714 1269 1740 ille
1287 1713 1346 1748 ipse
1367 1716 1409 1739 est
1430 1711 1621 1738 universorum
1643 1708 1724 1737 Deus,

926 1763 1005 1797 juxta
1022 1761 1088 1788 illud
1110 1770 1116 1787 :
1140 1770 1149 1786 ι
1172 1760 1249 1787 Beati
1272 1758 1376 1785 mundo
1400 1757 1494 1788 corde,
1518 1755 1647 1790 quoniam
1673 1753 1724 1787 ipsi

929 1808 1014 1834 Deum
1024 1806 1158 1834 videbunt
1175 1806 1206 1832 ³⁸.
1223 1815 1231 1830 ι
1249 1805 1315 1831 Nam
1334 1811 1396 1830 cum
1417 1802 1435 1829 ii
1450 1801 1497 1836 qui
1511 1807 1645 1836 pauperes
1670 1797 1725 1831 spi-

928 1854 983 1880 ritu
1000 1857 1143 1882 vocantur,
1160 1858 1274 1885 regnum
1290 1849 1424 1876 cwlorum
1441 1846 1601 1874 haereditate
1617 1850 1724 1878 posscs-

927 1900 984 1928 suri
998 1900 1069 1932 sint;
1087 1899 1161 1934 iique
1181 1897 1396 1924 consolationem
1416 1893 1548 1925 habituri,
1573 1891 1724 1926 quilugrre

927 1947 1137 1983 proposuerint;
1159 1945 1432 1978 misericordiamque
1463 1941 1649 1973 consecuturi,
1676 1942 1723 1976 qui

926 1993 1119 2021 misericordes
1136 1992 1240 2020 fuerint
1256 2000 1262 2017 :
1280 1989 1384 2021 Mundi,
1406 1988 1510 2023 inquit,
1539 1986 1622 2013 corde
1652 1986 1724 2014 beati

926 2046 1000 2073 sunt,
1017 2041 1096 2076 136
1106 2040 1237 2075 quoniam
1252 2039 1303 2074 ipsi
1329 2038 1416 2064 Deum
1444 2035 1596 2067 vidi-bunt;
1612 2034 1641 2060 bi
1659 2042 1724 2061 vero

926 2091 991 2114 sunt
999 2086 1046 2120 qui
1062 2093 1116 2120 prae
1129 2084 1236 2112 ueteris
1244 2082 1372 2110 omnibus
1383 2080 1546 2108 sacratiores
1557 2087 1587 2106 ac
1603 2079 1724 2106 sanctio-

926 2140 970 2159 res
980 2132 1126 2162 habentur,
1145 2136 1258 2164 sorsque
1276 2128 1329 2154 illis
1338 2131 1366 2154 et
1381 2134 1444 2161 pars
1462 2125 1611 2153 constituta
1628 2129 1669 2152 est
1678 2124 1724 2150 illa

925 2177 1060 2205 excellens
1070 2176 1118 2204 Dei
1130 2176 1209 2207 visio,
1226 2174 1253 2202 id
1268 2177 1320 2204 est.
1332 2173 1419 2208 ipsius
1429 2171 1582 2199 divinitatis
1591 2170 1722 2205 cognitio.

925 2223 1081 2258 Hocipsum
1091 2222 1218 2249 Christus
1235 2220 1337 2248 sanctis
1349 2219 1480 2254 apostolis
1509 2217 1672 2251 largiturum
1693 2224 1722 2243 se

82 2264 245 2300 παροιμίαις
261 2263 397 2297 λελάληκα
407 2263 470 2297 ὑμῖν
482 2269 488 2276 ·
507 2262 616 2297 ἔρχεται
629 2261 687 2297 ὥρα
697 2283 705 2296 ,
716 2263 759 2289 ὅτε
779 2263 870 2290 οὐκέτι

928 2269 1114 2304 pollicebatur,
1131 2275 1195 2295 cum
1209 2267 1314 2294 diceret
1324 2275 1330 2292 :
1341 2275 1350 2290 ι
1365 2264 1462 2292 lla-ein
1477 2262 1631 2298 proverbiis
1647 2262 1721 2288 locu-

83 2312 113 2338 ἓν
135 2309 297 2345 παροιμίαις
318 2309 426 2344 λαλήσω
453 2308 532 2344 ὑμῖν,
557 2308 626 2335 ἀλλὰ
647 2309 788 2344 παρρησίᾳ
809 2310 874 2345 περὶ

81 2356 131 2383 τοῦ
149 2356 254 2391 Πατρὸς
269 2355 416 2389 ἀπαγγελῶ
430 2355 504 2389 ὑμῖν.
527 2364 536 2380 ι
558 2354 624 2380 Ἀπὸ
637 2355 762 2389 μηνιαίου
778 2355 806 2381 δὲ
820 2355 874 2381 τῶν

83 2403 237 2439 ἱερωτέρων
247 2403 265 2438 ἡ
278 2402 435 2437 ἀπογραφὴ,
450 2401 575 2435 καθάπερ
589 2401 656 2436 ἔφην
668 2400 778 2436 ἀρτίως.
794 2401 872 2428 Ἀνά-

82 2457 208 2485 γραπτον
232 2447 298 2483 γὰρ,
324 2447 369 2474 καὶ
387 2448 415 2473 ὲν
432 2446 516 2481 βίϐλῳ
530 2445 615 2478 Θεοῦ,
642 2446 696 2472 τῶν
718 2446 874 2482 ἁγιωτὲρων

81 2496 143 2530 οὐχὶ
155 2495 188 2530 δὴ
207 2495 287 2529 μόνον
309 2494 338 2520 τὸ
356 2495 384 2520 ὲν
406 2493 477 2528 ἰσχύϊ
496 2494 668 2527 πνευματικῇ
683 2493 729 2519 καὶ
746 2494 773 2519 ἐν
797 2493 876 2529 σοφίᾳ

83 2540 327 2577 περιφανέστερον,
346 2539 414 2566 ἀλλὰ
429 2539 475 2566 καὶ
489 2539 550 2565 ὅσον
564 2538 638 2564 ἐστὶν
652 2540 680 2564 ὲν
697 2539 826 2573 ἁπλότητι
843 2541 875 2575 τῇ

83 2587 156 2616 κατὰ
174 2586 302 2621 Χριστὸν,
318 2586 364 2612 xui.
377 2587 405 2611 ἐν
417 2585 500 2621 κακίᾳ
521 2585 663 2620 νηπιὰζον.
690 2585 876 2620 Ἀνάγραπτον

80 2631 130 2668 ρῦν
146 2634 220 2660 ἅπαν
241 2631 299 2658 ἐστὶ
316 2632 346 2658 τὸ
367 2631 445 2666 γένος
465 2631 494 2657 τὸ
513 2630 668 2666 ἱερώτερον,
685 2631 733 2657 καὶ
749 2630 780 2656 τὸ
796 2630 875 2664 σοερόν

83 2688 113 2706 τε
127 2679 173 2706 καὶ
189 2678 302 2706 ἁπλοῦν.
317 2678 395 2709 Ἶδοις
409 2677 430 2703 δ’
445 2677 489 2709 ἂν,
504 2674 526 2703 ὦ
540 2677 683 2708 Παλλάδιε,
695 2677 799 2704 τοιάνδε
814 2677 876 2704 τινὰ

82 2726 217 2761 διαφορὰν
232 2726 260 2751 ὲν
277 2725 336 2756 ταῖς
351 2725 405 2750 τῶν
418 2723 502 2757 ἁγίων
519 2723 628 2758 ψυχαῖς,
646 2722 769 2758 γνώμαις
784 2732 813 2749 τε
831 2723 879 2750 καὶ

82 2772 208 2808 τρόποις,
225 2769 405 2805 Προστέοεικε
424 2769 452 2796 δὲ
463 2770 502 2796 ὅτι
520 2769 571 2796 οὐκ
582 2767 617 2805 ἦν
630 2769 770 2805 ἄνθρωπος
783 2769 812 2795 ὲν
822 2771 879 2802 τοῖς

81 2827 366 2894 ιο.ἱ³ολέ¹ἓέἒι¹ἶίἶ-;,⁴ιδ.

372 2827 394 2844 ³⁸
409 2827 476 2854 Luc.
490 2835 526 2860 vt,
541 2827 586 2854 38.
613 2827 636 2843 ⁸⁵
649 2826 865 2860 Nuin.xxri,53,
877 2828 920 2856 Μ,
956 2829 978 2844 ³³
995 2828 1134 2860 ICor.x||,
1152 2828 1192 2854 Η.

927 2319 972 2342 tus
979 2322 1039 2341 sum
1049 2314 1138 2346 vobis;
1153 2313 1227 2340 venit
1236 2312 1302 2339 hora
1311 2319 1373 2339 cum
1382 2319 1435 2337 non
1445 2308 1562 2344 amplius
1574 2308 1600 2334 in
1612 2315 1722 2342 prover-

927 2361 980 2388 biis
996 2360 1093 2394 loquar
1107 2359 1195 2390 vobis,
1207 2358 1254 2385 sed
1263 2358 1351 2392 palam
1358 2356 1392 2384 de
1399 2356 1478 2383 Patre
1488 2353 1658 2382 annuntiabo
1672 2361 1721 2379 vo—

925 2407 1047 2435 bis”-‘°.
1062 2416 1070 2431 ι
1083 2407 1169 2433 Porro
1177 2405 1212 2432 ab
1226 2412 1279 2431 uno
1295 2412 1391 2431 mense
1401 2401 1580 2430 sacratiorum
1598 2399 1720 2426 virorum

926 2455 956 2481 tit
968 2452 1128 2488 descriptio,
1141 2456 1172 2479 ut
1182 2451 1263 2478 modo
1277 2450 1333 2477 dixi
1348 2458 1354 2475 :
1372 2458 1407 2477 ex
1423 2449 1471 2476 illo
1486 2454 1604 2481 namque
1615 2449 1723 2472 sancto—

929 2507 991 2527 rum
1018 2505 1135 2525 numero
1159 2505 1212 2524 non
1232 2496 1250 2523 ii
1277 2496 1366 2523 solum
1383 2495 1410 2521 in
1429 2495 1499 2520 libro
1517 2493 1564 2520 Dei
1590 2491 1720 2525 descripti

926 2550 991 2574 sunt
1007 2544 1054 2580 qui
1074 2543 1180 2570 viribus
1194 2541 1383 2577 spiritualibus
1401 2539 1515 2573 pollent,
1534 2541 1561 2563 et
1579 2535 1720 2570 sapientia:

927 2591 1039 2619 nomine
1051 2593 1115 2617 sunt
1133 2588 1274 2618 clariores,
1290 2585 1336 2612 sed
1348 2585 1504 2620 quicunque
1517 2582 1719 2617 simplicitatem

927 2645 989 2664 eam
1004 2645 1065 2671 qua:
1081 2634 1231 2662 secundum
1249 2633 1386 2660 Christum
1410 2635 1461 2661 est.
1481 2628 1624 2664 amplexati
1642 2633 1716 2662 sunt.

928 2686 956 2709 et
973 2681 1075 2709 malitia
1089 2683 1152 2707 sunt
1180 2678 1295 2715 parvuli.
1312 2677 1483 2712 Descripium
1510 2674 1593 2709 igitur
1608 2677 1650 2700 est
1671 2681 1719 2707 ge—

928 2735 982 2754 nus
1012 2726 1080 2753 iilud
1104 2725 1237 2753 sacratius
1263 2725 1441 2752 universum.
1471 2727 1528 2749 tum
1551 2719 1570 2746 ii
1589 2717 1718 2746 nimirum

930 2771 1133 2808 quisapientia,
1156 2776 1212 2798 tum
1229 2770 1275 2805 qui
1290 2768 1465 2804 simplicitate
1482 2766 1595 2802 pollent.
1628 2764 1721 2790 huic

1233 2827 1253 2842 ³⁷
1269 2826 1339 2854 Psal.
1354 2834 1416 2859 xxx,
1427 2825 1471 2853 '6.
1508 2822 1529 2838 5‘
1542 2819 1635 2848 Matth.
1649 2826 1674 2851 ι,
1687 2817 1714 2844 3.

123 2921 162 2958 (1)
179 2920 248 2949 Cod.
268 2921 340 2954 Vat.,
359 2921 563 2958 ἀποπλήρωσιν.
582 2921 664 2958 Magis
675 2921 762 2957 probo
773 2919 876 2947 lection

934 2919 1036 2946 codicis
1049 2926 1103 2954 quo
1117 2925 1182 2945 usus
1194 2927 1262 2945 sum.
