1934 3042
215 166 266 195 .551

726 164 755 193 S.
775 164 914 193 CYRILLI
935 163 1172 192 ALEXANDle
1190 163 1350 192 ARCHIEP.
1811 166 1864 193 52.”:

216 231 259 254 est
277 230 378 258 autem,
392 224 506 256 Palladi,
530 223 666 260 ejusmodi
686 224 835 252 discrimen
853 225 880 252 in
901 227 1008 252 sancto-

1070 223 1276 259 ,πι-εσκεμμένοις
1292 224 1344 251 ὑπὸ
1363 223 1449 260 Μωσῆ
1467 224 1513 251 καὶ
1535 224 1650 261 Ἀαρὼν,
1670 224 1718 257 οὓς
1736 224 1868 251 δπεσχέ-

217 280 280 300 rum
305 271 424 303 animis,
461 270 591 298 sensibus
621 279 653 298 ac
685 271 810 299 muribus
839 271 1004 306 perspicere.

218 318 287 346 Illud
309 325 418 353 quoque
438 317 574 353 adjunrit,
593 318 733 346 neminem
751 326 784 346 ex
799 318 834 346 iis
848 318 933 346 fuisse
959 318 1007 353 qui

216 364 342 392 recensiti
369 364 446 399 prius
466 364 576 392 fuerant
601 372 616 392 a
648 365 739 401 Moyse
758 370 786 393 et
806 365 910 398 Aaron,
938 372 1008 400 quos

216 415 416 438 r-ecensuerant
431 410 502 438 ﬁlios
521 411 603 438 Israel
614 411 642 438 in
661 411 772 439 deserto
790 411 865 444 Sina,
886 411 949 447 quia
967 412 1008 439 di-

215 455 255 482 xit
268 455 401 483 Dominus
417 456 485 491 ipsis
503 465 509 483 :
522 456 608 484 Morte
623 457 777 485 morientur
792 458 819 485 in
843 458 962 490 deserto,
980 463 1009 486 et

215 507 271 527 non
281 505 324 528 est
336 501 450 529 relictus
462 510 496 529 ne
508 510 580 530 unus
593 502 705 537 quidem
717 511 750 530 ex
764 503 841 538 ipsis,
856 503 909 530 nisi
924 503 1007 531 Caleb

215 544 288 572 ﬁlius
307 546 442 580 Jepbone,
468 552 496 575 et
517 547 597 576 Jesus
622 548 696 576 ﬁlius
718 549 793 576 Nave
822 549 844 565 “
869 558 875 576 :
899 550 927 576 in
951 557 1007 585 quo

214 591 362 626 perspicue
380 592 519 626 ostendit,
541 602 597 621 non
626 594 661 621 ad
684 593 841 622 incredulos
869 595 1008 630 pertinere

214 638 420 672 possessionum
439 639 673 672 distributionem,
687 645 716 667 et
737 640 812 667 illam
828 640 856 667 in
877 640 926 668 Dei
938 640 1009 668 libro

215 683 441 719 descriptionem,
456 686 504 714 sed
512 687 553 713 eis
561 687 652 721 potius
661 686 809 714 convenire
824 687 871 722 qui
880 686 962 714 ﬁdem
970 687 1011 714 ni—

215 730 317 757 mirum
327 731 355 758 in
365 731 505 759 Christum
520 733 639 767 amplexi
647 737 712 760 sunt
723 741 730 760 :
740 741 803 761 nam
814 733 848 761 de
858 733 1010 761 incredulis

216 776 255 804 ait
269 776 379 805 divinus
398 777 500 805 David:
519 787 527 804 ι
542 778 691 807 Deleantur
705 778 739 807 de
752 779 825 807 libro
843 779 1006 812 viventium,

216 827 244 850 et
260 830 323 850 cum
335 824 417 859 justis
434 832 489 851 non
505 824 662 853 scribantur
677 825 710 852 δ’.
729 835 738 851 ι
757 825 788 867 1n
802 826 904 861 quibus
925 826 1009 855 etiam

215 869 308 896 verbis
329 869 439 898 divinus
458 878 549 898 sermo
571 871 653 898 nobis
662 868 780 899 latenter
801 872 931 904 ostendit,
946 880 1008 900 cre-

1059 269 1145 304 ψαντο
1154 270 1217 302 τοὺς
1231 270 1306 301 υἱοὺς
1329 269 1437 306 Ἰσραὴλ
1452 271 1480 297 ὲν
1490 272 1522 306 τῇ
1534 271 1630 307 ἐρήμῳ
1644 271 1719 306 Σινᾷ.
1737 271 1783 297 am
1799 268 1863 297 εἷπε

1061 315 1164 352 Κύριος
1179 316 1279 348 αὐτοῖς·
1295 316 1410 352 Θανάτῳ
1429 316 1626 344 ἀποθανοῦνται
1642 318 1671 344 ὲν
1689 318 1723 353 τῇ
1743 316 1863 353 ἐρήμῳ,

1061 362 1108 388 καὶ
1125 362 1155 389 οὐ
1169 362 1333 399 κατελείφθη
1352 363 1382 395 ἐξ
1401 363 1490 391 αὐτῶν
1505 363 1564 390 οὐδὲ
1577 361 1617 396 εἷς
1627 383 1634 396 ,
1649 363 1719 399 πλὴν
1735 363 1836 390 Χαλὲϐ
1849 363 1864 389 6

1059 408 1117 440 υίὸς
1140 409 1243 444 ’ῐεφονῆ
1253 429 1260 441 ,
1277 410 1324 436 καὶ
1346 409 1447 444 Ἰησοῦς
1460 410 1474 436 6
1495 409 1542 436 τοῦ
1557 409 1651 444 Ναυῆ·
1667 409 1864 445 παραδεικνὺς

1060 453 1194 490 ἐναργῶς,
1211 455 1255 482 ὅτι
1282 454 1320 490 μὴ
1346 456 1402 486 τοῖς
1420 455 1603 491 ἀπειθήσασιν
1621 457 1637 491 ἡ
1664 455 1863 490 κληρονομία,

1058 502 1107 528 καὶ
1123 502 1154 528 τὸ
1168 503 1197 528 ὲν
1213 501 1297 537 βίϐλῳ
1310 502 1464 538 γεγράφθαι
1479 501 1563 529 Θεοῦ·
1579 501 1681 538 πρέποι
1692 502 1714 528 δ’
1731 501 1766 529 ἂν
1788 501 1863 536 μᾶλ-

1059 548 1104 576 λον
1126 549 1183 580 τοῖς
1203 548 1252 584 τὴν
1270 549 1362 576 πίστιν
1374 548 1586 584 εἰσδεδεγμένοις
1595 568 1604 581 ,
1618 548 1696 584 δῆλον
1707 548 1737 574 δὲ
1752 548 1799 574 ὅτι
1810 547 1862 583 τὴν

1061 596 1089 622 ὲν
1112 594 1239 631 Χριστῷ·
1263 594 1329 630 περὶ
1353 594 1402 630 μὲν
1425 593 1480 630 γὰρ
1505 594 1560 620 τῶν
1587 593 1785 629 ὴπειθηκότων
1817 592 1860 626 τὸ,

1062 650 1072 666 ι
1101 639 1354 676 Ἐξαλειφθήτωσαν
1382 640 1415 666 ὲκ
1441 639 1534 675 βίϐλου
1563 638 1681 672 ζώντων,
1711 638 1759 665 καὶ
1789 637 1861 672 μετὰ

1060 687 1172 714 δικαίων
1190 686 1228 723 μὴ
1250 687 1453 722 γραφήτωσαν,
1478 695 1487 712 ι
1502 686 1516 713 6
1528 685 1673 717 θεσπέσιος
1689 684 1744 720 ἔφη
1760 683 1861 711 Δαϐίδ.

1066 732 1249 768 Ὑπεμφαίνει
1265 732 1293 760 δὲ
1306 733 1372 768 ἡμῖν
1385 732 1433 759 καὶ
1446 732 1477 759 τὸ
1495 731 1566 759 θεῖον
1580 733 1609 758 ὲν
1624 731 1730 762 τούτοις
1752 729 1861 764 λόγιον,

1060 779 1101 806 ὅτι
1120 780 1177 810 τοῖς
1200 777 1375 806 πιστεύουσιν
1398 779 1416 814 ἡ
1437 777 1535 813 χάρις’
1561 777 1605 804 διὰ
1632 777 1687 813 γάρ
1707 785 1750 803 τοι
1777 775 1861 802 τοῦτο

1060 825 1129 860 πρὸς
1151 824 1189 860 τῷ
1221 823 1339 860 Ἰορδάνῃ
1367 824 1416 860 τὴν
1444 823 1606 859 ἀπογραφὴν
1632 822 1763 857 γενέσθαι
1791 822 1860 857 φησῖ

1063 870 1202 906 μυστικῶς
1215 871 1230 897 ὀ
1239 870 1328 904 λόγος⁸
1341 869 1517 906 ἀνάγραπτος
1529 869 1584 905 γὰρ
1595 869 1610 895 6
1623 867 1856 904 βεϐαπτισμένος·

217 914 347 943 dentibus
359 916 420 944 dari
433 917 548 952 gratiam
568 926 575 944 :
590 917 707 953 ideoque
728 918 843 954 mystice
868 918 1010 954 Scriptura

1070 917 1131 952 τλὴν
1155 917 1206 952 οὑχ
1230 916 1385 952 ὁλοκλήρως
1410 915 1595 943 ἁποπέπτωκε
1622 915 1673 950 τῆς
1702 914 1816 947 ὲλπίδος
1846 915 1860 942 6

217 961 295 994 dicit,
314 970 399 998 prope
411 962 558 990 Jordanem
576 963 676 991 factam
693 971 754 991 esse
774 964 1007 999 descriptionem;

217 1006 242 1034 is
256 1008 330 1034 enim
359 1008 539 1041 describitur,
554 1009 602 1044 qui
623 1009 778 1044 baptizatus
796 1009 890 1037 fuerit.
915 1009 1010 1044 Neque

217 1059 309 1082 tamen
324 1053 470 1081 universus
486 1054 568 1082 Israel
583 1061 632 1090 spe
656 1055 768 1083 excidit.
790 1054 911 1083 Servatae
931 1063 1010 1083 nam-

216 1107 270 1134 que
287 1104 352 1127 sunt
368 1100 502 1135 reliquim,
514 1101 592 1136 juxta
608 1101 751 1136 prophetae
763 1109 860 1129 vocem
873 1102 896 1118 ιδ
910 1111 917 1129 :
930 1102 1010 1138 cujus

217 1145 257 1172 rei
271 1144 385 1180 ﬁguram
402 1145 597 1181 geruntCalcb
616 1152 644 1175 et
659 1146 748 1179 Jesus,
763 1147 815 1175 soli
830 1155 865 1174 ex
881 1148 1011 1175 omnibus

217 1193 324 1223 relicti.
348 1193 396 1228 qui
424 1193 596 1221 haereditaria
618 1194 666 1222 illa
683 1198 758 1222 sorte
779 1195 953 1230 potirentur,
983 1199 1011 1223 et

217 1238 442 1267 describerentur
456 1247 510 1266 una
522 1247 584 1266 cum
599 1240 632 1268 iis
646 1240 693 1275 qui
710 1240 880 1269 inﬁdelitatis
893 1241 1010 1269 crimine

216 1293 273 1312 non
287 1285 462 1313 tenebantur.
477 1285 673 1314 Animadverte
685 1290 777 1314 autem
789 1287 894 1322 ubique
904 1291 1012 1315 sancto-

216 1339 278 1359 rum
292 1332 434 1360 hominum
446 1332 661 1367 descriptionem
685 1336 713 1360 et
732 1340 861 1368 agrorum
879 1333 1012 1361 distribu-

217 1378 348 1406 tionem:
370 1378 476 1414 geritur
505 1378 578 1406 enim
605 1386 652 1414 per
681 1379 791 1415 Moysen
819 1383 848 1407 et
875 1388 939 1407 eum
964 1381 1011 1415 qui

217 1425 374 1452 sacerdotio
385 1426 612 1460 praestantissimo
629 1426 805 1461 fungebatur,
817 1431 857 1459 ut,
873 1427 945 1454 sicut
955 1427 1011 1462 jam

217 1474 298 1498 antea
306 1470 374 1504 dixi,
388 1479 437 1506 per
447 1475 596 1506 utrumque
615 1479 699 1498 unum
711 1465 850 1500 Christum
864 1471 1010 1507 intelligas,

221 1515 300 1552 [37
314 1520 444 1552 tanquam
457 1517 629 1544 sacerdotem
650 1525 789 1545 summum
801 1522 884 1553 atque
905 1518 1012 1553 legisla-

219 1565 322 1595 torem;
339 1571 388 1598 per
404 1571 486 1599 quem
498 1564 587 1591 omnis
599 1564 686 1599 gratia
706 1563 853 1596 tribuitur,
871 1568 899 1591 et
919 1564 965 1591 illa
982 1564 1013 1591 ﬁt

1068 963 1187 1000 Ἰσραήλ.
1209 963 1346 990 Σέσωπται
1368 963 1422 998 γὰρ
1438 963 1468 989 τὺ
1493 962 1685 997 κατάλειμμα,
1708 961 1782 988 κατὰ
1810 960 1860 996 τὴν

1061 1008 1107 1035 τοῦ
1121 1009 1261 1044 προφήτου
1285 1008 1390 1043 φωνὴν,
1412 1003 1443 1034 οὗ
1457 1007 1543 1039 τύπος
1564 1007 1598 1035 ἂν
1622 1005 1676 1034 εἶεν
1696 1007 1720 1033 οί
1739 1007 1773 1033 ἐκ
1789 1006 1861 1033 πάν-

1061 1063 1115 1082 των
1133 1055 1375 1090 καταλελειμμένοι
1397 1055 1473 1090 μόνοι
1496 1054 1588 1081 Χαλέϐ
1612 1063 1642 1080 τε
1663 1053 1711 1080 καὶ
1740 1052 1859 1088 Ἰησοῦς,

1063 1101 1349 1138 συγκληρονομοῦντές
1368 1110 1398 1128 τε
1422 1102 1469 1128 καὶ
1490 1101 1714 1136 ἀπογραφόμενοι
1730 1101 1790 1131 τοῖς
1810 1099 1860 1133 τῆς

1062 1149 1192 1181 ἀπιστίας
1206 1149 1379 1184 ἐγκλήμασιν
1397 1149 1448 1175 οὑκ
1462 1148 1643 1184 ὲνεχομένοις.
1667 1147 1814 1182 Ἐπιτήρει
1833 1145 1860 1173 δὲ

1062 1197 1188 1231 πανταχῆ
1211 1196 1259 1232 τὴν
1279 1195 1332 1222 τῶν
1356 1196 1442 1230 ἁγίων
1467 1195 1631 1231 ἀπογραφὴν
1654 1195 1701 1220 καὶ
1726 1193 1859 1228 κληροδο-

1063 1241 1133 1268 σίαν.
1149 1241 1302 1277 Πράττετα(
1317 1242 1371 1277 γὰρ
1391 1241 1435 1268 διὰ
1452 1249 1480 1267 τε
1497 1241 1620 1272 Μωσέως
1644 1240 1691 1266 καὶ
1712 1238 1761 1266 τοῦ
1775 1238 1861 1274 πρού-

1063 1295 1156 1322 χοντος
1172 1288 1201 1314 ἐν
1217 1287 1362 1324 ἱερωσύνῃ,
1381 1287 1434 1317 ἵνα,
1447 1286 1572 1322 καθάπερ
1585 1286 1636 1322 ἤδη
1654 1286 1798 1321 προεῖπον,
1815 1284 1860 1311 τὸν

1063 1333 1111 1360 ἕνα
1131 1333 1165 1360 δι’
1179 1333 1281 1368 ἀμφοῖν
1296 1334 1395 1368 νοήσῃς
1409 1332 1539 1368 Χριστὸν,
1554 1331 1591 1363 ὼς
1605 1331 1737 1366 ἀρχιερέα
1758 1331 1806 1357 καὶ
1821 1338 1861 1356 νο-

1065 1378 1192 1415 μοθέτην,
1205 1379 1239 1406 δι’
1249 1376 1280 1406 οὗ
1293 1379 1369 1406 πᾶσα
1384 1379 1474 1414 χάρις,
1492 1378 1540 1406 καὶ
1559 1377 1589 1404 τὸ
1603 1378 1632 1405 ὲν
1654 1377 1714 1408 ταῖς
1733 1376 1792 1404 ἄνω
1811 1375 1860 1410 φέ-

1065 1425 1158 1460 ρεσθαι
1177 1425 1289 1461 βίϐλοις,
1303 1425 1337 1456 ἃς
1350 1426 1397 1452 καὶ
1410 1426 1424 1451 6
1445 1425 1580 1460 μακάριος
1595 1423 1695 1458 Δανιὴλ
1713 1421 1860 1450 τεθεᾶσθαί

1064 1480 1147 1507 φησιν
1179 1472 1294 1499 ἑαυτόν.
1320 1481 1330 1498 ι
1354 1471 1444 1498 Βίϐλοι
1464 1471 1518 1507 γὰρ
1530 1469 1718 1506 ὴνεᾴχθησαν,
1737 1478 1747 1495 ι
1765 1469 1860 1505 φησιν,

1063 1519 1105 1545 ὅτι
1128 1518 1212 1554 πολλή
1230 1527 1282 1545 που
1307 1519 1416 1546 πάντων
1438 1519 1485 1546 καὶ
1505 1518 1632 1553 διάφορος
1655 1517 1671 1552 ή
1693 1515 1859 1552 ἀπογραφὴ,

1064 1564 1107 1592 διὰ
1121 1565 1153 1601 δή
1168 1573 1208 1592 τοι
1219 1566 1297 1592 τοῦτο
1311 1564 1407 1597 πολλὰ,
1422 1565 1470 1591 καὶ
1481 1565 1531 1599 οὐχ
1543 1563 1571 1591 ἓν
1583 1563 1613 1590 τὺ
1629 1562 1741 1598 βιϐλίον.

218 1608 247 1636 in
255 1609 384 1645 supernis
395 1610 449 1637 illis
460 1610 538 1637 libris
550 1610 700 1645 descriptio
716 1618 805 1645 :quos
819 1610 903 1637 etiam
916 1610 1014 1638 beatus
1026 1611 1120 1639 Daniel
1143 1620 1173 1639 se
1191 1611 1294 1639 vidisse
1312 1612 1389 1639 dicit.
1417 1620 1426 1636 ι
1444 1611 1533 1643 Libri,
1554 1620 1562 1636 ι
1589 1609 1734 1645 inquiens,
1751 1618 1760 1635 ι
1772 1611 1860 1644 aperti

219 1660 284 1682 sunt
299 1655 322 1671 “
338 1664 345 1682 τ
362 1665 371 1682 ι
385 1663 448 1683 nam
462 1656 526 1691 quia
535 1656 679 1692 multiplex
699 1661 728 1684 et
754 1656 863 1684 diversa
891 1656 1041 1691 descriptio
1058 1662 1110 1691 est,
1129 1658 1192 1685 ideo
1205 1658 1311 1694 plures,
1322 1665 1378 1685 non
1396 1665 1468 1685 unus
1481 1656 1562 1685 liber.

253 1712 354 1740 PALL.
370 1713 455 1741 Recte
468 1714 551 1749 igitur
564 1721 596 1741 ac
607 1713 675 1741 scite
690 1713 794 1741 dictum
823 1713 891 1740 illud
906 1721 921 1740 e
941 1713 1010 1741 Pro-

1097 1715 1201 1742 ΠΑΛΛ.
1229 1714 1334 1750 Ὀρθῶς
1351 1712 1398 1741 οὖν
1414 1713 1467 1750 ἄρα
1487 1713 1534 1740 καὶ
1555 1712 1644 1748 σοφῶς
1660 1713 1674 1739 ὁ
1691 1712 1741 1747 τῆς
1758 1712 1859 1748 Παροι-

219 1759 473 1787 verbiisadmonet:
491 1759 669 1787 «Divitiarum
681 1759 751 1795 pigri
765 1759 1011 1795 indigentesﬁurrt;

220 1806 324 1833 strenui
343 1811 435 1833 autem
451 1805 603 1834 l'nlciuntnr
619 1806 719 1842 opibus
738 1807 772 1833 ⁵³.
788 1815 797 1832 ι

255 1853 333 1880 CVR.
352 1853 516 1880 Fulciuntur
535 1854 575 1881 illi
605 1853 729 1892 quidem,
749 1853 892 1888 Deumque
911 1853 1015 1881 habent

220 1897 370 1934 propitium
387 1906 419 1926 ac
433 1903 678 1934 propugnatorem,
701 1899 748 1933 qui
772 1899 932 1926 cmlestibus
954 1899 1015 1926 illos

221 1943 464 1972 benedictionibus
479 1949 771 1979 augeat,coronetque,
784 1952 816 1971 ae
833 1944 1015 1979 praeclarissi-

224 1991 437 2019 mishoﬂoribus
455 1995 484 2018 et
496 1991 596 2026 insigni
607 1991 693 2026 gloria
711 1991 880 2026 amplissime
890 1996 1014 2019 exornet.

222 2039 264 2065 An
274 2038 365 2065 minus
373 2045 437 2065 vere
446 2037 521 2072 loqui
530 2043 619 2072 putas,
629 2045 692 2064 cum
701 2037 768 2065 dicit
781 2047 787 2064 :
803 2048 813 2063 ‹
825 2038 893 2065 Vivo
900 2046 961 2073 ego,
972 2038 1015 2066 di-

223 2084 261 2112 cit
274 2084 415 2116 Dominus,
429 2083 493 2118 quia
507 2083 692 2119 gloriﬁcantcs
708 2091 752 2111 me
776 2083 936 2119 gloriﬁcabo
950 2084 990 2111 u?
1003 2094 1012 2110 ν

259 2129 358 2158 PALL.
373 2129 508 2164 Equidem
525 2129 653 2156 maxime.
823 2149 825 2151 ι

259 2175 338 2204 CYR.
353 2175 436 2211 Atqui
452 2175 561 2210 perﬁcit
588 2181 662 2203 certe
687 2184 749 2211 qua;
767 2175 800 2204 ad
828 2177 876 2204 Dei
901 2176 1016 2212 gloriam

224 2223 373 2259 pertinent,
393 2227 424 2250 ut
440 2222 552 2257 opinor,
573 2223 698 2258 quisquis
724 2223 809 2251 fuerit
829 2228 970 2255 strenuus,
989 2228 1018 2252 et

224 2269 378 2297 excoluerit
391 2268 563 2304 spiritualem
590 2268 794 2301 fortitudinem,
821 2272 849 2296 et
879 2269 914 2296 ad
942 2264 1018 2296 obsi-

225 2315 354 2343 stendum
374 2315 571 2350 spectabilibus
583 2315 754 2350 occultisque
778 2315 905 2343 hostibus
932 2315 1018 2344 fuerit

1066 1762 1130 1798 μίας
1148 1763 1212 1797 ἡμῖν
1228 1762 1280 1796 ἔφη
1293 1761 1381 1796 λόγος’
1405 1770 1414 1787 ι
1436 1761 1555 1787 Πλούτου
1570 1760 1682 1796 ὀκνηρολ⁵
1697 1759 1798 1791 ἐνδεεῖς
1817 1759 1860 1794 γί-

1065 1816 1165 1835 νονται·
1181 1809 1204 1835 οί
1220 1808 1248 1835 δὲ
1262 1808 1378 1844 ἀνδρεῖοι
1390 1807 1538 1843 ὲρείδονται
1556 1805 1675 1842 πλούτῳ.
1692 1815 1701 1831 ι

1101 1855 1183 1882 ΚΥΡ.
1205 1854 1367 1890 Ἐρείδονται
1381 1854 1435 1890 γὰρ
1456 1850 1514 1885 οὖν,
1530 1853 1577 1879 καὶ
1599 1852 1666 1879 Θεὸν
1690 1851 1799 1887 ἔχουσιν
1817 1852 1860 1878 εὖ.

1067 1899 1137 1934 μενῆ
1149 1899 1196 1924 καὶ
1211 1898 1411 1934 προεστηκότα,
1427 1897 1475 1924 καὶ
1488 1897 1704 1924 καταπιαιίνοντα
1723 1897 1774 1932 μὲν
1787 1897 1860 1924 εὐλο-

1066 1944 1139 1979 γίαις
1151 1946 1212 1976 ταῖς
1225 1944 1337 1976 ἀνωθεν,
1351 1944 1554 1980 διαφανεστάτῃ
1565 1943 1594 1970 δὲ
1603 1943 1664 1970 λίαν
1676 1943 1860 1977 στεφανοῦντα

1066 1992 1144 2026 τιμῇ,
1158 1992 1206 2017 καὶ
1220 1990 1373 2026 διαϐοήτοις
1393 1990 1532 2025 αὐχήμασι
1561 1989 1697 2021 πλουσίως
1721 1989 1856 2016 κατακαλ-

1066 2036 1189 2064 λύνοντα.
1204 2037 1239 2063 Ἦ
1258 2037 1307 2063 οὐκ
1328 2035 1473 2072 ἀληθεύει,
1488 2035 1584 2070 λέγων·
1603 2045 1612 2062 (
1644 2035 1688 2063 Ζῶ
1704 2036 1772 2071 ἐγὼ,
1787 2035 1859 2070 λέγει

1067 2082 1179 2118 Κύριος,
1198 2083 1239 2109 ὅτι
1252 2083 1315 2114 τοὺς
1327 2081 1488 2114 δοξάζοντας
1505 2090 1539 2116 με
1555 2080 1677 2115 δοξάσω;
1697 2091 1706 2108 ι

1104 2129 1208 2156 ΠΑΛΛ.
1225 2129 1299 2155 Πάνυ
1315 2129 1364 2164 μὲν
1380 2126 1437 2156 οὖν.

1103 2175 1186 2202 ΚΥΡ.
1210 2175 1402 2211 Ἀποπεραίνει
1413 2183 1445 2209 γε
1459 2175 1512 2211 μὴν
1522 2174 1558 2201 τὰ
1575 2174 1616 2206 εἰς
1630 2173 1709 2208 δόξαν
1726 2173 1792 2200 Θεοῦ
1808 2174 1858 2204 πᾶς

1068 2230 1110 2253 τις
1122 2219 1184 2254 οὖν,
1202 2218 1281 2256 οἶμαι
1292 2242 1299 2254 ,
1314 2221 1456 2254 νεανικὸς,
1474 2221 1520 2248 καὶ
1544 2219 1710 2255 ὲπησκηκὼς
1737 2219 1858 2256 ἀνδρείαν

1068 2267 1117 2304 τήν
1137 2267 1345 2303 πνευματικὴν,
1362 2267 1410 2294 καὶ
1432 2266 1644 2294 ἀντανίστασθαι
1668 2265 1858 2302 μεμελετηκὼς

1068 2315 1175 2350 ὁρατοῖς
1187 2323 1218 2340 τε
1237 2314 1284 2340 καὶ
1298 2314 1423 2349 ἀοράτοις
1438 2313 1564 2349 ἐχθροῖς,
1582 2313 1679 2340 ἑαυτόν
1694 2321 1725 2339 τε
1743 2312 1788 2339 καὶ
1804 2311 1852 2338 ἐτί-

225 2362 404 2394 exercitatus,
419 2369 504 2397 seque
522 2365 551 2389 et
578 2366 692 2389 caeteros
717 2369 828 2390 servare
854 2362 973 2395 noverit,
988 2367 1011 2390 el

1071 2369 1134 2396 pou;
1159 2359 1310 2393 ἀνασώζειν
1337 2359 1431 2393 εἰδὼς,
1460 2360 1508 2387 καὶ
1530 2361 1560 2386 ὲν
1585 2360 1645 2396 Θεῷ
1669 2359 1758 2387 πάντα
1781 2359 1857 2386 δυνά-

225 2408 317 2436 omnia
332 2407 360 2435 in
374 2408 430 2435 Deo
443 2408 573 2443 potuerit.

262 2455 360 2482 PALL.
377 2455 530 2483 Assentior.

261 2501 340 2529 CYR.
354 2501 435 2530 Visne
447 2501 530 2538 igitur
545 2503 598 2530 hoc
617 2503 706 2539 ipsum
722 2504 750 2531 in
770 2504 804 2531 iis
817 2512 878 2540 quae
892 2504 926 2532 de
954 2504 1018 2533 bea-

227 2553 256 2575 to
272 2547 410 2574 Abraham
428 2547 462 2574 ad
477 2547 624 2575 maximam
647 2548 795 2576 utilitatem
814 2554 938 2578 nostram
953 2558 1017 2577 nar-

227 2597 335 2626 rantur,
351 2593 428 2621 velut
456 2593 485 2621 in
498 2593 593 2622 tabula
610 2595 729 2630 quadam
741 2596 841 2624 leviter
870 2596 1019 2625 adumbra-

226 2641 286 2666 tum
301 2639 539 2675 contemplemur?

263 2684 363 2714 PALL.
373 2685 460 2713 Velim
471 2687 599 2722 equidem
610 2687 810 2722 libentissime;
827 2688 924 2723 quidni
936 2688 947 2714 τ

262 2731 343 2760 CYR.
361 2731 501 2768 Scriptum
523 2739 565 2761 est
585 2733 678 2769 igitur,
701 2733 753 2761 Lot
773 2734 913 2762 habitasse
924 2742 1020 2761 versa-

228 2780 343 2814 tumque
358 2786 418 2806 esse
431 2778 558 2807 Sodomis
567 2780 589 2796 ’⁸⁷
603 2788 611 2812 ;
629 2787 692 2807 cum
714 2787 780 2807 vero
793 2788 875 2816 grave
896 2786 923 2808 et
940 2788 1021 2815 aspe-

266 2871 286 2886 “
301 2870 383 2898 Num.
398 2878 470 2897 XXVI.
483 2869 526 2898 65.

568 2870 587 2886 "’
603 2870 674 2898 Psal.
688 2878 779 2903 varu,
799 2869 843 2897 29.

231 2906 252 2926 ⁵⁷
262 2905 330 2935 Gen.
345 2913 398 2939 χιιι,
412 2905 452 2932 12.

887 2869 908 2885 ³³
922 2869 973 2897 lsa.
995 2869 1073 2900 x.2l.

1034 2398 1056 2426 Ῐ)
1073 2415 1164 2443 μενος.

1107 2454 1212 2481 ΠΑΛΛ.
1231 2453 1374 2489 Σύμφημι.

1109 2500 1192 2527 ΚΥΡ.
1211 2499 1304 2528 Βούλει
1321 2500 1353 2535 δὴ
1370 2497 1416 2527 οὖν
1441 2499 1506 2526 αὐτὸ
1526 2499 1558 2534 δὴ
1581 2497 1661 2525 τοῦτο
1683 2497 1857 2533 καταθρῶμεν

1071 2544 1100 2574 εὖ
1116 2546 1189 2582 μάλα
1199 2566 1206 2578 ,
1221 2546 1346 2582 καθάπερ
1362 2547 1391 2573 ἐν
1412 2545 1507 2572 πίνακι
1526 2544 1751 2580 σκιαγραφηθὲν,
1766 2545 1794 2571 ἐν
1807 2546 1857 2576 τοῖς

1072 2593 1143 2621 κατὰ
1164 2593 1210 2620 τὸν
1226 2593 1368 2620 θεσπέσιον
1397 2592 1525 2629 Ἀϐραὰμ
1547 2591 1784 2629 ὲπωφελεστᾴτοις
1797 2592 1857 2627 ἡμῖν

1071 2639 1237 2675 διηγήμασιν
1248 2647 1254 2672 ;
1450 2628 1453 2629 ν
1714 2628 1722 2636 ”

1108 2686 1213 2713 ΠΑΛΛ.
1235 2684 1361 2720 Ἐλοίμην
1375 2684 1408 2711 ἂν
1428 2683 1542 2720 σφόδρα.
1561 2683 1624 2715 Πῶς
1640 2683 1694 2719 γὰρ
1711 2683 1758 2716 οὓς

1106 2731 1187 2758 ΚΥΡ.
1198 2731 1356 2766 Γέγραπται
1367 2731 1457 2758 τοίνυν
1469 2752 1476 2764 ,
1492 2730 1530 2761 ὡς
1550 2729 1671 2765 κατῴκει
1689 2737 1717 2756 τε
1735 2728 1782 2756 καὶ
1797 2737 1856 2755 κατ-

1073 2778 1197 2814 ηυλίζετο
1216 2777 1264 2812 μὲν
1279 2778 1306 2803 ἐν
1324 2776 1452 2811 Σοδόμοις
1480 2777 1494 2802 6
1510 2775 1581 2802 Λώτ·
1598 2775 1693 2809 ἐπειδὴ
1707 2774 1736 2800 δὲ
1753 2774 1799 2808 τὴν
1811 2773 1856 2807 γῆν

1113 2869 1135 2884 ’⁸
1149 2869 1216 2896 Dan.
1230 2877 1277 2901 vn,
1297 2867 1338 2894 10.
1378 2867 1400 2883 ⁵³
1418 2867 1496 2894 Prov.
1509 2865 1596 2898 xui“).
1638 2865 1678 2892 "l
1694 2865 1761 2900 Reg.
1777 2872 1804 2898 ιι,
1815 2862 1854 2891 30.
