1934 3042
64 140 108 168 55>.

408 138 452 167 DE
471 136 690 167 ADOBATIONE
710 136 744 164 ΙΝ
764 134 899 164 SPIRITU
919 136 963 163 ET
982 137 1167 165 VERITATE.
1189 137 1253 165 LIB.
1270 136 1313 166 iV.

1633 140 1685 168 3:14

64 197 141 228 δεινὸς
162 196 208 223 καὶ
234 195 320 232 βαρὺς
343 198 451 224 κατέοει
472 199 600 233 πόλεμος,
618 197 671 224 τῶν
694 206 724 224 τε
749 196 845 232 ἀγχοῦ,

899 205 960 224 rum
977 197 1080 224 bellum
1096 198 1123 225 in
1138 205 1198 225 eam
1219 199 1359 234 regionem
1384 197 1540 231 invasisset,
1568 207 1657 235 cumq:
1669 210 1685 228 e

65 243 106 271 καὶ
119 242 171 269 τῶν
186 243 219 269 ἐκ
235 243 287 278 τῆς
302 244 403 279 ὁμόρου
428 244 521 280 χώρας
531 265 537 277 ,
551 243 620 279 ὁμοῦ
637 244 693 275 τοῖς
720 242 846 278 ἡγεῖσθαι

63 290 164 326 λαχοῦσι
182 290 255 317 κατὰ
269 291 371 326 κράτος
391 291 505 318 ἑλόντων
519 291 568 327 τὴν
584 290 661 317 πόλιν
671 312 678 323 ,
696 298 846 318 συναπεκο-

66 336 149 372 μίζετο
161 337 216 367 τοῖς
231 336 410 368 ὲξαναστᾶσιν
427 338 440 363 6
457 337 529 370 Λὼτ,
543 337 589 363 καὶ
602 336 669 371 ὁμοῦ
680 337 736 368 τοῖς
756 336 846 368 ἄλλοις

65 383 220 419 δορύλητιτος
233 381 281 419 ἦν·
299 384 521 419 παραγενόμενος
535 383 563 410 δέ
577 392 620 415 τις
636 383 690 409 τῶν
708 383 846 409 ἀνασεσω-

66 429 170 464 σμένων,
192 438 202 454 ‹
213 428 400 464 Ἀτι-ηγγέλη,ι
414 430 506 465 φησιν,
519 438 528 454 ι
541 428 666 464 Ἀϐραὰμ
676 428 714 464 τῷ
727 428 844 464 περάτῃ,

66 475 135 506 αὐτὸς
150 474 178 501 δὲ
193 474 315 510 κατῴκει
330 476 397 510 πρὸς
411 476 444 511 τῇ
459 475 521 511 δρυῖ
539 476 571 510 τῇ
588 474 710 511 Μαμὸρῇ
720 496 726 507 ,
748 475 845 510 Ἀμορ-

66 522 133 556 talen
146 520 191 546 τοῦ
206 521 326 555 ἀδελφοῦ
346 521 448 556 Ἐσχὼλ
458 541 465 553 ,
480 521 527 547 καὶ
549 522 596 548 τοῦ
612 521 727 556 ἀδελφοῦ
743 522 843 555 Δὺνᾶν,

65 568 85 594 οἳ
121 565 186 602 ἦσαν
220 568 377 602 συνωμόται
407 567 455 593 τοῦ
498 567 616 603 Ἀδράμ.
647 567 780 599 Ἀκούσας
812 568 840 594 δὲ

70 612 174 647 ’Δὸρὰμ,
190 611 231 638 ὅτι
248 611 460 647 ᾑχμαλώτευτσι
474 611 535 639 Λὼτ
546 613 560 639 6
578 613 735 647 ἀδελφιδοῦς
750 612 843 648 αὑτοῦ,

65 659 189 693 ἠρίθμησε
199 660 264 690 τοὺς
288 659 369 691 ἰδίους
384 660 532 693 οίκογενεῖς
556 660 655 692 αὑτοῦ,
672 661 845 696 τριακοσίους

65 703 120 729 δέκα
134 703 179 730 καὶ
200 703 285 730 ὀκτώ.
309 704 364 730 Καὶ
387 704 551 737 κατεδίωξεν
575 705 663 731 ὀπίσω
690 705 778 732 αὐτῶν
792 705 845 737 ἕως

65 748 120 775 Δάν·
142 749 186 775 καὶ
201 749 339 776 ἐπέπεσεν
358 749 400 776 ἐπ’
414 750 512 781 αὐτοὺς
525 750 574 785 τὴν
589 750 675 777 νύκτα
692 751 782 783 αὐτὸς,
798 752 845 778 καὶ

65 795 86 820 οι
95 794 180 826 παῖδες
190 794 288 821 αὑτοῦ.
296 795 351 821 Καὶ
360 794 495 827 ἐπάταξεν
506 795 614 827 αὐτοὺς,
627 796 674 822 καὶ
682 796 844 829 κατεδίωξεν

67 838 154 870 αὐτοὺς
168 838 221 870 ἓως
244 839 339 871 Χοὸὰ,
356 840 373 875 ἥ
389 839 466 866 ἐστιν
488 840 517 866 ὲν
533 841 666 876 ἀριστερᾷ
685 842 842 877 Δαμασκοῦ.

66 884 112 910 Καὶ
125 883 279 918 ἀπέστρεψε
294 885 385 911 πᾶσαν
397 885 446 920 τὴν
461 885 544 912 ἵππον
564 885 700 920 Σοδόμων,
716 886 764 913 καὶ
782 886 844 914 Λὼτ

64 929 103 956 τὸν
128 929 284 964 ἀδελφιδοῦν
311 930 393 957 αὑτοῦ
423 930 600 965 ἀπέστρεψε,
625 932 673 958 καὶ
699 932 787 959 πάντα
810 933 845 960 τὰ

67 975 209 1010 ὑπάρχοντα
225 975 310 1002 αὐτοῦ
322 995 329 1007 ,
346 977 393 1002 καὶ
409 976 459 1008 τὰς
479 978 623 1010 γυναῖκας,
641 978 689 1005 καὶ
708 979 753 1005 τὸν
770 978 843 1005 λαόν.

71 1021 169 1057 Ἐξῆλθε
183 1022 212 1048 δὲ
232 1021 362 1056 βασιλεὺς
379 1023 504 1058 Σοδόμων
519 1024 560 1055 εἰς
575 1024 737 1058 συνάντησιν
750 1024 844 1058 αὐτοῦ,

67 1067 127 1101 μεςὰ
142 1066 171 1093 τὸ
186 1066 358 1102 ὑποστρέψαι
379 1067 461 1094 αὐτὸν
475 1067 529 1094 ἀπὸ
543 1067 594 1103 τῆς
614 1069 703 1103 κοπῆς
717 1069 846 1096 Χοδολλο-

65 1111 155 1148 γομδρ,
172 1113 219 1139 καὶ
242 1112 299 1139 τῶν
324 1112 457 1148 βασιλέων
478 1114 533 1140 τῶν
550 1114 619 1149 μετὰ
634 1115 718 1141 αὐτοῦ
734 1116 774 1148 εἰς
794 1117 845 1152 τὴν

66 1157 166 1185 κοιλάδα
178 1158 226 1184 τοῦ
237 1158 326 1193 Σαὸῆ.
341 1158 427 1185 Τοῦτο
443 1156 477 1194 ἦν
489 1160 520 1186 τὸ
534 1159 623 1186 πεδίον
634 1160 689 1187 τῶν
703 1161 842 1195 βασιλέων.

66 1204 112 1231 Καὶ
139 1204 309 1239 Μελχισεδὲκ
327 1204 452 1240 βασιλεὺς
471 1205 564 1241 Σαλὴμ
584 1207 727 1242 ἐξήνεγκεν
746 1206 846 1242 ἄρτους

67 1249 106 1275 καὶ
123 1247 199 1276 οἶνον·
219 1247 254 1285 ἦν
268 1249 299 1276 δὲ
311 1250 399 1286 ἱερεὺς
418 1249 464 1276 τοῦ
477 1250 544 1277 Θεοῦ
562 1251 687 1286 ὑψίστου·
705 1252 752 1278 καὶ
768 1252 844 1278 εὐλό-

67 1303 123 1331 γησε
136 1296 178 1322 τὸν
201 1295 327 1332 Ἀὁρὰμ,
344 1297 391 1324 καὶ
415 1293 503 1323 εἶπεν·
525 1296 715 1333 Εὐλογημένος
739 1297 845 1333 ’Λὸρὰμ

67 1342 99 1377 τῷ
111 1341 165 1378 Θεῷ
182 1343 221 1378 τῷ
235 1343 358 1378 ὑψίστῳ,
373 1343 403 1375 ὃς
426 1343 520 1370 ἔκτισε
536 1343 581 1370 τὸν
602 1344 716 1380 οὐρανὸν
733 1345 780 1371 καὶ
796 1344 846 1380 τὴν

67 1387 120 1423 γῆν.
136 1388 188 1415 Καὶ
208 1388 356 1424 εὐλογητὸς
371 1390 384 1415 6
405 1389 470 1421 Θεὸς
489 1390 504 1415 ὁ
519 1389 630 1424 ὕψιστος
640 1410 646 1421 ,
660 1390 689 1422 ὃς
703 1390 844 1426 παρέδωκε

68 1434 120 1466 τοὺς
134 1434 243 1470 ἐχθρούς
260 1443 310 1461 σου
323 1435 496 1471 ὑποχειρίους
510 1444 562 1463 σοι,
584 1436 639 1463 Καὶ
657 1436 756 1463 ἔδωκεν
772 1435 846 1471 αὐτῷ

68 1480 170 1516 δεκάτην
188 1482 285 1516 μοῖραν
298 1481 352 1508 ἀπὸ
368 1482 487 1508 πάντων.
501 1480 570 1508 Εἶπε
583 1482 611 1509 δὲ
623 1481 751 1517 βασιλεὺς
765 1481 846 1508 Σοδόο

70 1525 197 1572 μων-πρὸς
217 1525 337 1572 Ἄϐραμ·
352 1526 406 1572 A6;
423 1535 468 1561 μοι
483 1527 546 1558 τοὺς
562 1526 672 1561 ἄνδρας,
692 1527 742 1562 τὴν
757 1526 786 1552 δὲ
801 1527 846 1552 ῖπ-
859 1544 879 1572 C

69 1575 110 1593 πον
125 1568 186 1595 ME:
198 1569 316 1604 σεαυτῷ.
331 1568 398 1596 Eine
413 1570 442 1596 δὲ
462 1570 569 1606 ’Λὸρὰμ
586 1571 654 1607 πρὸς
669 1571 714 1597 τὸν
733 1571 844 1605 βασιλέα

69 1613 188 1649 Σοδόμων·
213 1615 333 1642 Ἐκτενῶ
359 1615 407 1651 τὴν
431 1617 510 1653 χεῖρὰ
527 1625 578 1652 μου
599 1616 667 1651 πρὸς
682 1617 785 1651 Κύριον
799 1617 845 1644 τὸν

69 1661 124 1688 Θεὸν
133 1662 175 1688 τὸν
189 1662 314 1698 ὕψιστον,
327 1663 356 1695 ὃς
375 1664 465 1691 ἔκτισε
478 1665 524 1691 τὸν
537 1665 650 1700 οὐρανὸν
661 1665 708 1691 καὶ
722 1664 770 1700 τὴν
780 1664 844 1699 γῆν,

70 1709 146 1736 ctam
158 1710 293 1745 σπαρτίου
309 1710 362 1742 ’ἐως
376 1711 556 1746 σφυρωτῆρος
572 1711 746 1746 ὑποδήματος
761 1711 845 1746 λήψο-

71 1763 112 1788 μαι
134 1755 185 1781 ἀπὸ
209 1755 321 1782 πάντων
338 1755 392 1782 τῶν
414 1756 484 1788 σῶν,
505 1756 548 1782 ἵνα
566 1756 603 1791 μὴ
615 1756 694 1791 εῐπῃς
709 1756 751 1782 ὄτι
774 1755 846 1789 Ἐγὼ

70 1799 198 1827 ἑπλούτισα
211 1800 257 1827 τὸν
272 1800 390 1836 Ἀϐρὰμ,
403 1801 472 1836 πλὴν
485 1797 522 1828 ὧν
539 1800 640 1835 ἔφαγον
655 1801 679 1826 oi
695 1800 842 1833 νεανίσκοι,

70 1844 167 1880 καὶτῆς
191 1846 301 1881 μερίδος
317 1845 371 1872 τῶν
393 1845 499 1881 ἀνδρῶν
521 1845 575 1872 τῶν
598 1845 845 1881 συμπορευθέντων

72 1891 120 1924 μετ’
135 1890 208 1926 ἐμοῦ,
227 1891 342 1927 Ἐσχὼλ,
359 1892 459 1924 Αὑνᾶν,
475 1891 597 1928 Μαμὸρῆ
607 1900 613 1907 ·
628 1888 701 1918 οὗτοι
715 1891 846 1927 λήψονται

73 1937 167 1971 μερίδα.
195 1937 275 1964 Μετὰ
295 1937 324 1964 δὲ
347 1938 380 1965 τὰ
402 1939 513 1974 ῥήματα
531 1937 618 1965 ταῦτα
640 1937 756 1972 ὶγενήθη
772 1937 848 1972 ῥῆμα

72 1983 159 2017 Κυρίου
171 1985 238 2020 πρὸς
260 1985 369 2020 ’Δὸρὰμ
385 1986 414 2012 ὲν
425 1984 545 2021 ὁράματι
559 1985 609 2020 τῆς
622 1984 729 2016 νυκτὸς,
747 1984 846 2018 λέγων’

71 2029 109 2064 Μὴ
128 2030 217 2064 φοϐοῦ,
234 2031 353 2066 Ἀσρὰμ,
369 2029 424 2065 ἐγὼ
443 2030 623 2067 ὑπερασπίζω
636 2038 697 2063 σου,
724 2031 738 2057 6
750 2030 847 2066 μισθός

73 2081 111 2100 σου
127 2075 206 2107 πολὺς
223 2077 301 2103 ἔσται
316 2076 429 2112 σφόδρα.
446 2076 529 2111 Λέγει
540 2076 569 2103 δὲ
590 2076 708 2111 Ἀὃρὰμ,
723 2076 848 2103 Δέσποτα

73 2120 147 2156 Κύριε
158 2140 165 2153 ,
180 2122 205 2148 τί
221 2131 266 2158 μοι
279 2122 390 2155 δώσεις;
409 2121 465 2157 ἐγὼ
479 2123 508 2148 δὲ
530 2122 684 2157 ἀπολύομαι
698 2122 820 2154 ἄτεκνος,
833 2122 848 2148 6

72 2167 95 2193 δὲ
108 2168 159 2200 υίὸς
172 2169 267 2204 Μασὲχ
283 2169 332 2204 τῆς
347 2168 502 2203 οίκογενοῦς
525 2177 591 2204 μου,
608 2166 684 2200 οὗτος
699 2167 847 2203 Δαμασκὸς

78 2213 199 2250 Ἐλιέζερ·
226 2215 275 2241 καὶ
306 2213 382 2241 εἶπεν
411 2214 527 2250 Ἀϐράμ-

74 2258 163 2291 ἑδωκας
184 2261 315 2297 σπέρμα,
331 2262 345 2287 6
360 2261 387 2287 δὲ
409 2260 550 2296 οἰκογενής
576 2269 626 2295 μου
649 2260 848 2296 κληρονομήσει

75 2313 112 2338 με.
125 2306 176 2333 Καὶ
195 2307 278 2338 εὐθὺς
305 2306 382 2342 φωνὴ
404 2307 506 2342 Κυρίου
533 2306 641 2341 ἐγένετο
664 2307 731 2342 πρὸς
751 2306 847 2338 αὑτὸν,

73 2349 186 2384 λέγουσα·
205 2354 244 2379 Οὐ
266 2353 467 2388 κληρονομήσει
489 2361 518 2379 σε
538 2351 626 2384 οὗτος·
642 2352 720 2383 ἄλλος
744 2351 850 2384 ἐξελεύ-

75 2404 140 2423 σεται
151 2398 183 2425 ὲκ
200 2399 248 2425 σοῦ
260 2420 268 2432 ,
290 2397 367 2430 οὗτος
382 2399 581 2434 κληρονομήσει
603 2407 643 2426 σε.
672 2398 805 2433 Ἐξήγαγε
821 2399 849 2425 δὲ

75 2442 144 2468 αὑτὸν
162 2443 231 2476 ἔξω,
244 2445 293 2471 καὶ
306 2443 382 2471 εἶπεν
402 2444 486 2480 αὐτῷ·
508 2444 671 2480 Ἀνάϐλεψον
693 2444 724 2480 δὴ
743 2445 784 2476 εἰς
803 2444 848 2472 τὸν

75 2488 174 2524 οὐρανὸν
188 2491 234 2517 καὶ
254 2491 406 2527 ἀρίθμησον
419 2490 482 2522 τοὺς
503 2491 632 2526 ἀστέρας,
650 2492 673 2518 ει
690 2491 791 2527 δυνήσῃ
806 2490 849 2523 ἐξ·

76 2533 212 2570 αριθμῆσαι
241 2536 358 2568 αὐτούς.
388 2537 444 2562 Καὶ
473 2536 557 2564 εἶπεν·
585 2536 679 2568 Οὕτως
715 2537 790 2563 ἔσται
819 2536 849 2563 τὸ

78 2580 173 2616 σπέρμα
192 2589 248 2609 σου.
269 2592 279 2608 ι
304 2582 386 2617 Ὁρᾷς
405 2582 458 2608 τῶν
477 2582 562 2616 ἁγίων
574 2583 605 2609 τὸ
622 2582 729 2618 ἕτοιμον
749 2583 788 2614 εἰς
803 2582 849 2608 εὐ-

76 2625 191 2661 τολμίαν,
207 2629 253 2654 καὶ
275 2628 349 2659 ὅπως
366 2628 458 2662 έχουσι
476 2628 506 2655 τὸ
525 2629 663 2663 τληπαθὲς
680 2628 853 2662 sedatio-Iov;

78 2670 144 2706 Ἅμα
157 2673 209 2708 γὰρ
230 2673 346 2700 ἐπύθετο
373 2673 599 2701 κεκινδυνευκότα
620 2674 665 2701 τὸν
686 2674 768 2707 Λὼτ,
787 2682 850 2701 κατ-

79 2716 140 2750 ηλέει
155 2719 202 2754 μὲν
211 2720 290 2752 εὐθὺς
304 2719 350 2746 τοῦ
366 2720 533 2754 προσγενοῧς
548 2720 598 2755 τὴν
623 2720 766 2756 συμφορὰν
776 2740 783 2753 ,
801 2721 852 2756 ἁρ-

79 2763 156 2795 πάσας
169 2764 196 2791 δὲ
207 2766 268 2798 τοὺς
286 2766 444 2798 οἰκογενεῖς,
458 2765 506 2791 καί
516 2773 592 2797 τινας
608 2765 662 2793 τῶν
676 2765 851 2801 συνωμοτῶν,

109 2851 202 2881 "Gen.
222 2863 276 2889 xiv,
295 2854 396 2888 13-24;
415 2862 460 2888 xv,
479 2854 538 2881 1-5.

897 243 1027 278 proximae
1037 251 1069 270 ac
1087 243 1214 271 ﬁnitimze
1229 249 1324 279 gentes
1339 252 1392 271 una
1405 252 1467 271 cum
1489 244 1608 272 ducibus
1623 247 1681 273 suis

896 289 922 316 vi
942 297 1002 316 eam
1024 288 1122 316 urbem
1134 289 1287 324 cepissent,
1307 297 1361 317 una
1383 297 1446 317 cum
1464 290 1498 317 iis
1515 290 1563 325 qui
1582 292 1684 326 captivi

895 334 1059 369 agebantur,
1076 334 1128 361 Lot
1140 342 1249 369 quoque
1272 335 1421 362 abductum
1447 335 1527 363 simul
1546 343 1608 363 cum
1624 336 1685 364 aliis

896 381 924 408 in
938 380 1059 408 hostium
1076 384 1238 415 potestatem
1257 381 1384 408 venisse:
1399 381 1458 414 sed,
1484 390 1546 409 cum
1570 382 1683 416 quidam

896 425 971 453 exiis
986 426 1032 461 qui
1045 425 1363 457 evaserantadvenissct,
1382 426 1528 453 «Nuntiata
1547 434 1591 454 res
1604 432 1656 459 est,
1671 437 1680 452 ι

895 473 995 508 inquit,
1018 483 1026 498 (
1040 473 1177 500 Abraham
1191 472 1386 500 transfluviali:
1399 472 1456 507 ipse
1472 477 1563 501 autem
1577 473 1684 500 habita-

895 519 943 547 bat
957 519 991 547 ad
1007 527 1139 554 quercum
1155 519 1286 551 Mambre,
1301 518 1452 546 Amorrhtci
1466 519 1559 547 fratris
1571 519 1683 552 Eschol,

895 570 923 593 et
941 565 1034 593 fratris
1063 565 1171 597 Aunan,
1204 565 1251 600 qui
1270 569 1348 592 erant
1371 565 1504 600 conjurati
1534 565 1683 592 Abraham.

895 611 1017 638 Audiens
1030 615 1122 638 autem
1143 611 1283 638 Abraham
1304 610 1377 646 quod
1390 611 1514 645 captivus
1529 611 1616 638 factus
1638 619 1683 639 es-

895 662 937 685 set
964 657 1015 685 Lot
1039 657 1132 684 fratris
1151 657 1234 688 ﬁlius,
1259 657 1416 684 numeravit
1434 657 1562 692 proprios
1585 666 1683 685 verna—

896 703 972 730 culos
985 710 1049 730 suos
1064 706 1202 730 trecentos
1224 703 1320 730 decem
1334 707 1362 730 et
1379 707 1455 735 octo;
1473 708 1501 730 et
1524 708 1685 737 persecutus

895 753 937 776 est
945 756 991 776 eos
1003 757 1087 784 usque
1098 749 1166 781 Dan,
1176 753 1203 776 et
1211 749 1292 776 irruit
1301 757 1384 783 super
1398 757 1446 776 eos
1457 753 1514 788 tota
1523 753 1614 782 nocte,
1627 749 1686 784 ipse

895 799 923 821 et
942 796 1020 830 pueri
1035 796 1096 830 ejus
1109 804 1114 822 :
1127 800 1155 823 et
1177 795 1315 830 percussit
1341 803 1398 827 eos,
1413 799 1441 822 et
1466 800 1629 830 persecutus
1644 799 1687 823 est

895 848 983 875 usque
994 840 1109 873 Chobal,
1129 848 1190 875 quae
1203 843 1245 867 est
1270 840 1303 867 ad
1318 841 1414 867 laevam
1431 841 1566 874 Damasci,
1583 845 1611 867 et
1638 849 1685 868 rc-

896 887 974 914 duxit
989 894 1098 914 omnem
1110 887 1264 921 equitatum
1280 886 1475 918 Sodomorum,
1493 890 1521 913 ct
1534 886 1586 914 Lot
1599 887 1684 914 filium

896 932 990 960 fratris
1001 933 1043 960 sui
1055 933 1175 965 reduxit,
1190 937 1217 959 et
1229 940 1338 959 omnem
1359 933 1543 960 substantiam
1566 934 1636 969 ejus,
1658 936 1688 961 et

895 978 1036 1011 mulieres,
1052 982 1079 1006 et
1103 979 1246 1014 populum.
1268 978 1347 1013 138
1373 979 1506 1014 Egressus
1522 982 1564 1006 est
1594 983 1686 1006 autem

895 1031 943 1051 rex
959 1023 1142 1051 Sodomorum
1159 1024 1187 1050 in
1205 1031 1351 1051 occursum
1372 1024 1455 1056 illius,
1482 1029 1626 1060 postquam
1644 1033 1689 1052 re—

895 1077 992 1097 versus
1006 1074 1048 1097 est
1061 1077 1077 1097 a
1091 1069 1164 1097 caede
1181 1069 1409 1103 Chodorlaomor,
1422 1074 1450 1097 et
1460 1075 1624 1098 caeterorum
1641 1080 1686 1098 re-

895 1123 959 1151 gum
979 1116 1026 1150 qui
1040 1123 1102 1143 cum
1118 1115 1165 1143 illo
1188 1121 1277 1149 erant,
1291 1116 1320 1143 in
1335 1117 1433 1144 vallem
1454 1116 1535 1144 Sabe.
1561 1117 1612 1144 Hic
1627 1121 1688 1144 erat

895 1169 1008 1197 campus
1020 1170 1127 1196 regum,
1149 1166 1176 1189 et
1188 1162 1390 1190 Melchisedech
1415 1171 1464 1189 rex
1483 1162 1573 1190 Salem
1588 1167 1686 1198 protu—

895 1207 927 1234 lit
940 1214 1026 1241 panes
1038 1210 1066 1234 et
1078 1207 1172 1234 vinum
1187 1216 1194 1240 ;
1213 1211 1273 1234 erat
1303 1207 1377 1234 enim
1401 1207 1530 1234 sacerdos
1547 1207 1596 1234 Dei
1609 1207 1687 1235 altis~

896 1252 968 1284 simi,
983 1256 1011 1279 et
1029 1252 1172 1279 benedixit
1194 1252 1345 1285 Abraham,
1363 1256 1391 1280 et
1419 1253 1507 1280 dixit:
1522 1253 1687 1280 Benedictus

895 1297 1033 1324 Abraham
1047 1298 1104 1325 Deo
1125 1298 1269 1330 altissimo,
1296 1298 1343 1333 qui
1362 1298 1431 1326 fecit
1458 1299 1559 1326 cmlum
1584 1303 1612 1326 et
1632 1303 1690 1326 ter-

896 1351 972 1376 ram;
989 1347 1017 1370 et
1030 1344 1193 1371 benedictus
1205 1344 1279 1371 Deus
1290 1345 1451 1376 altissimus,
1466 1345 1513 1379 qui
1533 1340 1610 1372 dedit
1633 1345 1686 1372 ho-

896 1392 952 1416 stes
969 1392 1032 1416 tuos
1050 1389 1176 1416 subditos
1197 1389 1257 1417 tibi.
1272 1390 1307 1417 Et
1319 1390 1396 1417 dedit
1410 1390 1436 1417 ei
1461 1390 1596 1418 decimam
1621 1399 1686 1426 par-

896 1438 951 1461 tem
966 1434 1000 1461 ab
1013 1435 1152 1462 omnibus.
1169 1435 1242 1462 Dixit
1261 1439 1354 1462 autem
1377 1444 1426 1462 rex
1457 1435 1638 1463 Sodomorum
1653 1436 1689 1464 ad

895 1481 1049 1508 Abraham:
1066 1481 1104 1508 Da
1124 1482 1193 1509 mihi
1208 1483 1292 1515 viros,
1311 1486 1339 1509 at
1354 1482 1509 1517 equitatum
1527 1483 1621 1518 accipe
1635 1482 1686 1511 tibi

897 1526 958 1561 ipsi.
970 1527 1043 1554 Dixit
1056 1531 1148 1555 autem
1169 1527 1306 1555 Abraham
1327 1528 1361 1555 ad
1378 1536 1468 1564 regem
1484 1529 1686 1557 Sodomorum:

896 1572 1048 1599 Extendam
1059 1580 1171 1600 manum
1189 1580 1278 1600 meam
1295 1573 1329 1600 ad
1349 1574 1436 1601 Deum
1455 1574 1629 1607 altissimum,
1640 1575 1688 1610 qui

896 1619 1000 1645 creavit
1013 1619 1113 1646 coelum
1129 1622 1157 1646 et
1171 1623 1283 1651 terram,
1301 1619 1326 1646 si
1347 1619 1419 1646 alilo
1437 1627 1524 1654 usque
1545 1620 1578 1647 ad
1599 1621 1688 1648 corri—

896 1664 967 1699 giam
988 1664 1165 1692 calceamenti
1174 1665 1306 1700 accipiam
1320 1666 1354 1692 de
1369 1665 1497 1692 omnibus
1514 1666 1578 1698 tuis,
1594 1674 1628 1693 ne
1644 1666 1688 1693 di-

897 1718 958 1743 cas,
987 1710 1045 1746 Ego
1069 1710 1154 1738 ditavi
1186 1711 1342 1744 Abraham,
1369 1716 1468 1746 praeter
1501 1720 1533 1739 ea
1556 1720 1617 1746 quae
1640 1720 1689 1739 co-

897 1757 1043 1784 mederunt
1071 1758 1200 1792 juvenes,
1218 1747 1246 1784 et
1261 1761 1367 1792 partem
1385 1758 1508 1785 virorum
1530 1758 1578 1793 qui
1603 1766 1690 1785 vene-

897 1806 962 1830 runt
981 1811 1101 1836 mecum,
1114 1803 1224 1835 Eschol,
1243 1803 1361 1836 Annam,
1386 1803 1524 1836 Mambre;
1548 1804 1593 1830 isti
1615 1803 1690 1832 acci—

897 1848 975 1883 pient
989 1852 1105 1883 partem.
1122 1849 1187 1876 Post
1213 1848 1297 1876 verba
1322 1852 1414 1876 autem
1437 1849 1496 1876 lucc
1517 1848 1620 1876 factum
1647 1852 1690 1876 est

898 1894 1012 1921 verbum
1022 1894 1131 1922 Domini
1144 1894 1178 1922 ad
1195 1894 1335 1921 Abraham
1351 1894 1379 1922 in
1397 1894 1513 1927 visione,
1525 1894 1622 1922 dicens
1633 1904 1638 1921 :
1649 1894 1690 1922 Ne

898 1939 1006 1972 timeas,
1037 1938 1193 1972 Abraham;
1220 1946 1270 1974 ego
1293 1943 1437 1974 protegam
1466 1943 1503 1972 te,
1520 1947 1629 1967 merces
1644 1944 1691 1967 tua

897 1986 983 2013 multa
996 1986 1050 2013 erit
1063 1985 1157 2012 nimis.
1180 1985 1253 2012 Dicit
1267 1989 1359 2012 autem
1386 1984 1545 2012 Abraham:
1563 1985 1690 2018 Domine,

898 2031 964 2066 quid
984 2031 1063 2058 dabis
1078 2030 1166 2058 mihi?
1183 2038 1233 2066 ego
1245 2034 1337 2057 autem
1348 2029 1473 2057 dimittor
1492 2030 1551 2057 sine
1574 2029 1688 2063 liberis;

898 2077 971 2104 filius
988 2081 1080 2104 autem
1094 2076 1204 2103 Masech
1219 2076 1375 2103 vernacula:
1387 2083 1464 2108 mem,
1480 2075 1527 2103 hic
1539 2075 1691 2103 Damascus

898 2124 1023 2151 Eliezer:
1038 2127 1066 2151 et
1082 2123 1152 2150 dixit
1166 2122 1303 2150 Abraham
1315 2142 1322 2155 ,
1343 2121 1412 2154 Quia
1430 2122 1499 2148 mihi
1519 2129 1574 2149 non
1591 2121 1691 2148 dedisti

899 2178 1003 2202 semen,
1016 2169 1182 2197 vernaculus
1210 2176 1290 2196 meus
1305 2168 1394 2195 haeres
1407 2175 1486 2200 meus
1501 2167 1565 2195 erit.
1582 2168 1617 2194 Et
1634 2171 1692 2195 sta~

568 2214 677 2250 Ἐπειδὴ
707 2215 769 2250 ἐμοὶ
797 2214 845 2240 οὑκ

900 2217 949 2243 tim
961 2223 1014 2242 vox
1028 2214 1138 2242 Domini
1157 2213 1229 2241 facta
1248 2217 1290 2240 est
1305 2213 1339 2240 ad
1352 2221 1431 2245 eum,
1443 2212 1555 2239 dicens:
1573 2212 1633 2239 Non
1646 2212 1692 2238 hic

899 2261 953 2288 erit
971 2261 1069 2292 haeres,
1088 2259 1137 2287 sed
1160 2259 1207 2294 qui
1231 2258 1317 2286 exibit
1341 2265 1374 2285 ex
1397 2261 1432 2289 te,
1449 2257 1496 2284 hic
1521 2256 1573 2283 erit
1604 2257 1692 2284 haeres

900 2311 973 2335 tuus.
1009 2307 1112 2334 Eduxit
1143 2311 1236 2334 autem
1264 2313 1328 2332 eum
1353 2303 1442 2336 foras,
1473 2307 1501 2331 et
1528 2297 1597 2330 dixit
1627 2302 1654 2329 ei
1682 2311 1690 2329 :

900 2353 1015 2388 Suspice
1045 2352 1073 2379 in
1099 2352 1211 2383 caalum,
1231 2355 1259 2378 et
1282 2358 1397 2377 numera
1424 2348 1527 2380 stellas,
1545 2348 1568 2374 si
1588 2347 1691 2383 poteris

898 2406 1045 2426 numerare
1056 2405 1112 2425 eas.
1129 2397 1164 2424 Et
1177 2397 1256 2428 dixit,
1273 2396 1319 2424 Sic
1333 2395 1501 2423 crit‘semen
1529 2397 1607 2419 tuum
1632 2392 1665 2418 ⁸⁸.
1679 2401 1687 2417 ι

901 2445 985 2473 Vides
999 2452 1079 2480 quam
1088 2443 1208 2478 prompti
1223 2443 1278 2470 sint
1288 2442 1321 2469 ad
1345 2440 1502 2469 audendum
1526 2438 1613 2466 sancti
1626 2438 1691 2470 viri,

902 2498 1040 2527 quamque
1056 2493 1153 2524 sponte
1168 2495 1217 2516 sua
1233 2488 1268 2515 ad
1290 2487 1434 2515 subeunda
1454 2484 1576 2521 pericula
1591 2483 1690 2519 parati.

904 2536 991 2565 Simul
1008 2535 1082 2563 enim
1099 2538 1181 2568 atque
1199 2533 1304 2560 audivit
1317 2533 1407 2567 ipsum
1423 2532 1474 2559 Lot
1495 2532 1524 2559 in
1543 2530 1692 2558 discrimen

902 2580 1021 2612 venisse,
1032 2579 1179 2606 miseratus
1189 2577 1338 2612 propinqui
1351 2576 1546 2607 calamitatem,
1558 2573 1691 2609 arreptis-

902 2634 956 2662 que
973 2623 1128 2653 vernaculis
1143 2626 1172 2651 et
1197 2622 1342 2650 foederatis
1369 2620 1546 2656 quibusdam,
1566 2619 1614 2654 qui
1638 2619 1693 2646 l-le-

903 2672 970 2700 braei
993 2679 1048 2699 non
1073 2674 1163 2702 erant,
1176 2669 1304 2697 celeriter
1328 2667 1470 2702 profectus
1491 2669 1534 2693 est
1561 2665 1694 2692 adversus

902 2726 951 2746 eos
963 2717 1011 2753 qui
1028 2716 1151 2744 dolorem
1168 2716 1339 2745 inusserant,
1361 2719 1464 2746 eosque
1489 2710 1565 2737 nullo
1582 2710 1693 2745 negotio

903 2765 1022 2802 subegit,
1034 2763 1216 2798 liberavitque
1228 2770 1243 2790 e
1255 2760 1413 2796 captivitate
1430 2762 1487 2786 tum
1502 2757 1591 2792 ipsum
1601 2757 1694 2784 fratris
