1934 3042
707 118 734 146 S.
759 118 897 146 CYRILLI
917 117 1152 147 ALEXANDRINI
1169 119 1327 147 ARCHIEP.

506 291 704 355 ΠΕΡΙ
736 291 907 354 ΤΗΣ
945 292 1048 354 ΕΝ
1081 288 1522 358 ΠΝΕΥΜΑΤΙ

810 420 906 464 ΚΑΙ
943 419 1194 466 ΑΛΗΘΕΙΑ

408 532 1019 590 ΠΡΟΣΚΥΝΗΣΕΩΣ
1065 533 1204 588 ΚΑΙ
1251 529 1620 589 ΛΑΤΡΕΙΑΣ

766 657 948 700 ΛΟΓΟΣ
987 657 1261 701 ΠΕΜΠΤΟΣ

276 855 366 913 DE
403 831 891 922 ‘ADORATIONE.
926 855 1018 910 ET
1059 853 1299 913 CULTU
1340 856 1414 913 IN
1457 854 1747 914 SPIRITU

779 987 862 1038 ET
910 984 1241 1038 VERITATE

750 1107 936 1146 LIBER
983 1107 1282 1155 QUINTUS.

314 1271 392 1308 142
405 1271 442 1299 De
454 1271 609 1307 fortitudine
619 1279 677 1306 qua:
688 1271 715 1298 in
728 1271 831 1299 Christo
843 1275 890 1298 est.

231 1329 325 1357 Sancti
349 1328 401 1355 viri
428 1328 523 1364 igitur,
548 1328 657 1355 tametsi
692 1335 742 1362 pro
774 1327 893 1355 aliorum
933 1327 984 1354 ho—

196 1375 301 1402 minum
327 1374 384 1401 vita
411 1377 538 1406 certant,
556 1372 584 1399 id
607 1372 659 1400 sibi
681 1371 854 1407 propositum
871 1372 984 1403 habent,

195 1419 309 1451 Palladi,
323 1423 353 1445 ut
361 1418 395 1445 ad
407 1418 511 1445 nullam
525 1425 663 1452 rem,quae
673 1417 784 1451 quidem
797 1417 824 1443 in
838 1417 890 1444 hoc
904 1424 985 1443 mun-

195 1465 232 1491 do
243 1464 289 1496 sit,
303 1464 424 1491 animum
441 1464 560 1499 adjicere
576 1464 678 1491 velint:
696 1463 732 1490 ita
756 1463 830 1490 enim
849 1463 987 1497 sapientes

195 1518 229 1537 ac
240 1514 376 1545 potentes.
391 1513 418 1537 et
432 1509 542 1544 optimae
553 1509 611 1543 spei
624 1509 708 1543 pleni,
726 1513 754 1535 et
765 1515 884 1542 superna
905 1507 986 1534 beni—

197 1556 301 1591 gnitate
318 1555 418 1582 muniti
434 1558 526 1582 erunt.
543 1554 641 1588 Atque,
660 1557 691 1580 ut
717 1557 747 1580 tu
767 1553 879 1587 quidem
902 1552 984 1584 nosti,

197 1607 241 1626 res
261 1607 317 1626 non
329 1599 409 1626 aliter
426 1599 529 1626 habere
548 1607 577 1626 se
591 1603 689 1633 potest.
707 1598 774 1625 Nam
795 1598 818 1625 si
839 1597 986 1625 mundanis

196 1644 433 1677 distractionibus,
448 1652 480 1671 ac
491 1644 689 1678 temporalibus
705 1643 904 1678 cupiditatibus
924 1642 986 1670 ani-

196 1698 272 1718 mum
286 1691 466 1718 excelsiorem
481 1690 639 1722 habuerint,
652 1689 777 1717 imbelles
789 1689 869 1724 plane
892 1689 987 1716 hostes

196 1736 347 1768 otfendent,
365 1736 534 1771 minimoque
547 1737 657 1772 negotio
678 1735 851 1763 adversarios
875 1742 987 1770 supera-

195 1783 275 1815 bunt,
288 1782 344 1810 Deo
355 1783 465 1810 illorum
481 1783 554 1810 vires
566 1782 744 1818 proﬂigante:
759 1782 801 1809 sin
811 1781 862 1816 ipsi
876 1788 986 1815 quoque

196 1827 343 1855 mundanis
359 1827 504 1855 aﬂ‘ectibus
520 1828 591 1863 capti
611 1831 704 1860 erunt,
721 1831 750 1854 et
769 1826 886 1854 terrenis
907 1826 986 1860 cupi-

195 1873 329 1900 ditatibus
343 1873 469 1906 involuti,
492 1873 571 1901 facile
598 1873 676 1909 143
695 1873 921 1908 persequentium
946 1872 988 1898 in-

196 1919 374 1947 cursionibus
386 1919 529 1954 patebunt,
554 1923 582 1946 et
606 1920 685 1946 nullo
710 1919 820 1954 negotio
846 1925 987 1952 expugna-

1192 1269 1260 1304 Περὶ
1277 1269 1416 1304 ἀνδρείας
1427 1268 1482 1304 τῆς
1497 1269 1532 1296 ὲν
1546 1269 1672 1304 Χριστῷ.

1070 1327 1175 1360 Σκοπὸς
1189 1324 1235 1354 οὖν
1253 1326 1359 1361 ἁγίοις,
1377 1325 1428 1352 κᾶν
1452 1327 1476 1352 εἰ
1501 1326 1552 1361 τῆς
1570 1326 1624 1352 τῶν
1637 1325 1725 1353 ἄλλων
1740 1325 1825 1362 ὑπερ-

1036 1373 1141 1400 αθλοῖεν
1161 1373 1250 1408 ζωῆς,
1273 1369 1295 1398 ὧ
1320 1371 1466 1403 Παλλάδιε,
1495 1371 1576 1407 μηδὲν
1600 1371 1655 1398 τῶν
1677 1372 1706 1398 ὲν
1730 1371 1826 1407 κόσμῳ

1036 1417 1275 1454 προσοιχειοῦσθαι
1299 1417 1396 1451 φιλεῖν”
1414 1415 1469 1443 εἷεν
1490 1417 1543 1452 γὰρ
1565 1416 1599 1442 ἂν
1612 1416 1683 1443 οὕτω
1702 1417 1782 1451 σοφοί
1797 1423 1826 1443 τὲ

1037 1464 1085 1490 καὶ
1101 1464 1229 1495 δυνατοὶ,
1241 1463 1288 1490 ml.
1310 1462 1415 1498 ἀγαθῆς
1428 1462 1533 1494 ἐλπίδος
1546 1462 1665 1498 ἔμπλεῳ,
1683 1463 1732 1489 καὶ
1746 1463 1827 1498 εὐμε-

1037 1509 1121 1541 νείαις
1134 1510 1193 1541 ταῖς
1216 1509 1318 1536 ἄνωθεν
1342 1507 1370 1535 εὖ
1391 1508 1463 1543 μάλα
1483 1509 1690 1544 τετειχισμένοι,
1713 1509 1773 1541 καὶ,
1789 1508 1826 1540 ὡς

1036 1552 1066 1581 εὖ
1079 1554 1133 1581 ἴσθι
1153 1563 1204 1586 τοι,
1218 1554 1256 1590 μὴ
1268 1554 1367 1590 ἑτέρως
1384 1554 1455 1589 ἔχειν
1471 1553 1500 1580 τὸ
1510 1556 1613 1589 χρῆμα,
1630 1551 1652 1580 ὧ
1665 1555 1724 1581 τᾶν.
1743 1555 1826 1581 ’Λνως

1036 1599 1119 1635 τέραν
1136 1599 1186 1634 μὲν
1215 1600 1270 1634 γὰρ
1290 1599 1345 1626 τῶν
1373 1600 1402 1626 ἐν
1428 1599 1522 1634 κόσμῳ
1555 1599 1756 1635 περισπασμῶν
1779 1601 1825 1626 καὶ

1037 1645 1210 1682 προσκαίρων
1224 1645 1375 1680 ἐπιθυμιῶν
1388 1645 1437 1680 τὴν
1450 1645 1567 1672 διάνοιαν
1587 1645 1705 1681 ἔχοντες,
1725 1646 1825 1672 εὐκατ‹

1035 1692 1196 1726 αγωνιστοις
1231 1691 1330 1726 κομιδῆ
1365 1690 1568 1726 περιτεύξονται
1601 1693 1657 1722 τοῖς
1698 1691 1823 1727 ἐχθροῖς.

1039 1738 1212 1773 περιέσονται
1228 1747 1257 1765 τε
1272 1738 1319 1765 καὶ
1339 1738 1411 1773 μάλα
1425 1738 1522 1773 ῥᾳδίως
1538 1737 1591 1764 τῶν
1606 1737 1825 1772 ἀνθεστηκότων,

1037 1783 1279 1820 προκατασειοντος
1302 1785 1349 1811 τοῦ
1381 1783 1448 1811 Θεοῦ
1472 1783 1521 1819 τὴν
1550 1783 1662 1811 ἐκείνων
1687 1784 1802 1819 δύναμιν
1817 1792 1823 1799 ·

1037 1831 1176 1862 ὲναλὸντες
1187 1831 1215 1858 δὲ
1230 1831 1276 1857 καὶ
1293 1831 1370 1858 αὐτοὶ
1386 1831 1485 1857 πάθεσι
1501 1832 1652 1866 χοσμικοῖς,
1668 1831 1713 1857 καὶ
1728 1831 1826 1865 γεωδε-

1039 1877 1148 1912 στέραις
1163 1877 1323 1912 ἐπιθυμίαις
1338 1877 1527 1912 ἑνειλημμένοι
1539 1897 1545 1909 ,
1560 1877 1756 1913 εὐκατάτροχοι
1777 1878 1825 1912 μὲν

1038 1922 1132 1958 ὥσπερ
1153 1923 1200 1950 καὶ
1222 1923 1418 1950 εὐαλωτότατοι
1447 1923 1506 1950 λίαν
1534 1923 1748 1958 παρακείσονται
1764 1923 1824 1950 τότε

195 1964 309 1995 buntur,
324 1971 355 1990 ac
368 1964 512 1991 manifeste
528 1964 622 1991 divino
633 1964 762 1998 praesidio
771 1963 894 1998 spoliati,
909 1963 984 1990 velut

1043 1969 1093 2000 toi;
1107 1968 1215 1995 διώκειν
1227 1969 1325 2001 αὐτοὺς
1339 1969 1496 2005 ᾑρημένοις,
1506 1969 1604 2004 γυμνοὶ
1614 1969 1642 1995 δὲ
1660 1969 1709 2004 τῆς
1721 1969 1824 1996 ἄνωθεν

197 2010 370 2045 paratissima
386 2010 478 2044 praeda
489 2014 572 2037 erunt
587 2010 714 2038 hostibus
728 2011 873 2047 propositi.

232 2097 331 2125 PALL.
350 2097 404 2124 Sed
430 2098 567 2125 undenam
597 2099 655 2127 haec
672 2108 733 2135 quae
755 2101 848 2129 dixisti
872 2104 983 2137 probari

196 2143 314 2178 possint,
331 2143 411 2177 plane
427 2144 497 2171 scire
513 2146 604 2180 cupio.

231 2189 309 2216 CYR.
330 2189 351 2216 E
368 2190 453 2217 sacris
470 2190 591 2222 Litteris,
620 2200 680 2226 qua:
703 2193 803 2228 priscis
826 2194 985 2223 hominibus

196 2234 373 2269 contigerunt
394 2235 499 2262 utiliter
517 2236 751 2270 praedicantibus;
774 2240 898 2274 nunquid
909 2241 983 2267 enim

195 2287 251 2308 non
276 2280 310 2307 ad
326 2284 448 2308 nostram
468 2281 684 2310 admonitionem
704 2284 749 2311 illa
771 2285 873 2320 scripta
898 2287 983 2315 fuisse

196 2326 294 2354 beatus
308 2335 417 2362 quoque
429 2327 530 2354 Paulus
546 2328 585 2355 ait
599 2327 638 2354 '7?

231 2373 330 2400 PALL.
354 2373 470 2401 Fateor:
490 2375 664 2403 narrationes
685 2377 759 2404 enim
785 2385 845 2412 quae
871 2386 904 2405 ex
930 2379 984 2407 illis

197 2418 347 2453 Scripturis
358 2419 546 2454 proferuntur,
565 2429 620 2448 non
642 2422 808 2450 mediocrem
825 2425 906 2452 nobis
926 2426 982 2452 uti—

196 2465 301 2492 litatem
315 2465 444 2493 ail'erunt.
458 2466 514 2495 Illa:
525 2468 599 2494 enim
611 2468 716 2496 umbrae
727 2473 755 2496 et
776 2469 867 2505 {igqu
880 2472 982 2500 verita—

197 2511 232 2538 tis
248 2515 336 2539 erant.

232 2556 310 2584 (ΠΒ.
347 2558 406 2586 Jam
438 2558 522 2594 igitur
554 2560 646 2588 dicere
681 2562 881 2597 aggrediamur.
913 2563 982 2592 Cum

196 2602 326 2631 Israelita?
336 2603 483 2632 Iordanem
501 2607 685 2642 trajecissent,
700 2609 860 2637 invaserunt
884 2611 981 2638 urbem

194 2647 315 2680 Iericho,
329 2649 483 2685 divinisque
493 2651 576 2686 jussis
597 2652 789 2687 obsequentes,
800 2655 833 2681 ad
857 2662 917 2682 eam
934 2656 983 2684 ob—

195 2693 337 2720 sidendam
350 2694 447 2722 intenti
470 2701 559 2729 erant,
586 2701 714 2732 tanquam
737 2700 881 2728 celerrime
905 2701 979 2728 illam

193 2741 376 2774 “pugnaturi
389 2745 471 2776 atque
484 2743 600 2778 capturi.
625 2743 747 2772 Aderant
772 2745 854 2780 igitur
877 2747 979 2775 milites

231 2826 253 2842 ⁵⁷
267 2827 276 2853 l
288 2826 340 2854 Cor
365 2836 390 2860 x,
407 2829 448 2856 ΙΙ.

1040 2013 1190 2048 ἀσφαλείας
1212 2013 1428 2048 ὲκδεδειγμένοι,
1446 2013 1518 2049 θήρα
1540 2022 1580 2045 τις
1600 2013 1694 2049 ὥσπερ
1716 2015 1823 2048 ἑτοιμο-

1036 2057 1104 2092 τάτη
1121 2058 1334 2093 παρακείσονται
1350 2061 1405 2091 τοῖς
1425 2060 1541 2095 ἐχθροῖς.

1072 2104 1174 2131 ΠΑΛΛ.
1192 2105 1246 2131 Καὶ
1263 2104 1303 2136 τίς
1325 2105 1357 2132 ἂν
1381 2105 1486 2139 γένοιτο
1500 2106 1554 2132 τῶν
1575 2106 1727 2142 εἰρημένων
1745 2107 1762 2143 ἡ
1780 2107 1824 2133 πί-

1037 2157 1106 2182 στις,
1125 2150 1243 2184 ἐθέλοιμ’
1257 2149 1398 2177 ἆνεὲδέναι
1419 2151 1520 2185 σαφῶς.

1071 2196 1153 2222 ΚΥΡ.
1173 2196 1208 2222 Τὸ
1222 2195 1342 2230 Γράμμα
1361 2197 1390 2222 τὸ
1404 2198 1486 2231 ἱερὸν,
1501 2197 1534 2223 τὰ
1545 2198 1601 2229 τοῖς
1616 2196 1740 2233 ἀρχαίοις
1755 2205 1824 2233 συμ-

1036 2241 1170 2276 ϐεϐηκότα
1203 2243 1347 2277 χρησίμως
1371 2244 1565 2278 παραφωνοῦν.
1598 2241 1637 2270 Ἦ
1666 2244 1735 2279 γὰρ,
1764 2245 1823 2280 οὐχὶ

1035 2287 1102 2322 πρὸς
1118 2288 1259 2314 νουθεσίαν
1272 2289 1349 2324 ἡμῶν
1363 2289 1455 2316 ἐκεῖνα
1470 2290 1622 2325 γεγράφθαι
1640 2291 1687 2317 καὶ
1698 2291 1712 2317 ὁ
1723 2291 1822 2318 θεσπέ-

1036 2341 1092 2365 σιος
1104 2334 1154 2370 ἔῳη
1175 2334 1293 2367 Παῦλος;

1070 2381 1175 2408 ΠΛΛΛ.
1197 2382 1280 2416 Φημί·
1306 2382 1451 2417 ὲμποιήσει
1482 2382 1535 2417 γὰρ
1565 2383 1595 2409 οὐ
1619 2383 1734 2418 μετρίαν
1755 2384 1822 2418 ἡμῖν

1034 2425 1082 2460 τὴν
1099 2426 1190 2462 ὄνησιν
1205 2427 1239 2454 τὰ
1252 2427 1280 2460 ἐξ
1295 2427 1387 2454 αὐτῶν
1401 2427 1561 2463 δηλούμενα.
1583 2428 1670 2454 Τύποι
1684 2428 1739 2464 γὰρ
1751 2426 1821 2464 ἦσαν

1034 2471 1084 2506 ’τῆς
1095 2472 1221 2506 ἀληθείας
1234 2473 1261 2499 αἱ
1278 2473 1362 2500 σκιαί.

1070 2517 1152 2544 ΚΥΡ.
1182 2518 1287 2545 Οὐκοῦν
1315 2518 1364 2554 ἤδη
1391 2518 1524 2554 λέγωμεν.
1551 2520 1821 2556 Διαπεραιωσάμενοι

1035 2563 1090 2599 γὰρ
1107 2564 1152 2590 τὸν
1185 2564 1322 2599 Ἰορδάνην
1347 2565 1371 2590 οἱ
1396 2564 1425 2596 ἐξ
1449 2565 1570 2600 Ἰσραὴλ,
1593 2565 1762 2600 προσέϐαλον
1788 2568 1820 2602 τῇ

1040 2610 1143 2646 ἰεριχώ
1153 2617 1160 2625 '
1174 2611 1221 2636 καὶ
1236 2611 1266 2645 δὴ
1288 2611 1334 2636 καὶ
1354 2610 1436 2642 θείοις
1450 2612 1577 2646 ἑπόμενοι
1592 2611 1725 2647 νεύμασιν
1739 2613 1820 2639 ἐκπο-

1035 2656 1153 2691 λιορκεῖν
1173 2655 1348 2688 ἐσπούδαζον,
1366 2656 1403 2687 ὡς
1430 2656 1528 2683 αὐτίκα
1545 2656 1576 2690 δὴ
1600 2658 1673 2692 μάλα
1696 2658 1821 2693 περιεσόα

1036 2710 1121 2737 μενοι,
1139 2702 1184 2728 καὶ
1200 2703 1374 2737 αἱρήσοντες,
1393 2702 1438 2728 καὶ
1453 2703 1498 2729 τὸν
1509 2703 1625 2738 πολέμου
1642 2703 1723 2738 νόμον
1740 2703 1821 2739 ὲξηρ-
1856 2714 1858 2716 ·

1032 2748 1144 2784 τημένοι
1167 2749 1294 2785 παρῆσαν
1318 2750 1341 2775 οἱ
1361 2749 1559 2784 μαχιμώτατοι.
1579 2750 1737 2785 Γέγραπται
1754 2750 1823 2786 γάρὴ
