1934 3042
68 178 108 207 5H
414 176 698 212 DE_ADORATIONE
718 177 751 205 IN
773 176 908 206 SPLRITU
929 177 973 204 ET
994 177 1179 204 \‘ERITATE.
1202 177 1265 204 LIB.
1288 177 1318 204 ν.

1634 175 1688 204 362

68 238 102 263 ὅτι
122 235 199 262 ιΚαὶ
222 233 346 270 εἰσῆλθεν
369 235 472 270 Ἰησοῦς
498 237 512 263 ὸ
535 235 581 264 τοῦ
604 235 684 270 Ναυῆ
705 236 774 271 πρὸς
786 236 849 268 τοὺς

911 237 936 263 td
951 237 1125 271 pugnandum
1139 237 1284 272 aptissimi,
1297 238 1372 272 juxta
1390 236 1524 263 bellorum
1549 235 1623 270 leges
1644 235 1688 262 in—

71 283 162 319 ἱερείς,
183 281 231 309 καὶ
251 279 328 308 εἶπεν
350 281 441 313 αὐτοῖς
465 281 562 315 λέγων·
584 282 790 317 Παραγγείλατε
810 282 850 316 τῷ

71 327 119 363 λαῷ
132 326 282 362 περιελθεῖν
302 326 350 354 καὶ
369 326 510 353 κυκλῶσαι
527 327 577 363 τὴν
592 327 679 359 πόλιν,
693 329 739 355 καὶ
752 329 776 355 οῖ
796 328 851 363 μά.

72 382 137 409 χιμοι
155 372 446 409 παραπορευέσθωσαν
471 373 668 409 ὲνωπλισμένοι
688 374 778 401 ἔναντι
795 375 852 402 Κυ-

73 422 132 456 ρίου.
151 430 160 446 ι
177 420 398 456 Προστάττοντος
413 420 469 456 γὰρ
484 420 531 447 τοῦ
545 421 662 456 Χριστοῦ
674 421 718 448 διὰ
732 421 782 456 τῆς
797 421 851 448 τῶν

73 466 217 502 ἡγουμένων
236 466 347 502 φωνῆς,
365 467 643 503 καταστρατευόμεθα
665 467 718 494 τῶν
735 467 850 502 ἐχθρῶν,

72 514 96 540 οὺ
119 513 183 549 πρὸς
207 510 278 548 αἷμα
304 514 351 540 καὶ
378 513 468 549 σάρκα
492 513 541 549 τὴν
568 513 658 550 μάχην
682 513 851 550 αἱρούμενοι,

73 559 132 595 πρὸς
149 559 235 594 ἀρχὰς
250 559 280 586 δὲ
297 560 398 595 μᾶλλον
414 561 462 586 καὶ
475 559 610 593 ἐξουσίας,
627 560 674 587 καὶ
693 560 739 586 τὸν
755 561 784 587 ὲν
797 561 853 592 τοῖς

74 605 156 640 μέλεσι
178 605 228 640 τῆς
249 606 351 641 σαρκὸς
369 606 577 641 τυραννήσαντα
599 606 692 641 νόμον.
721 606 854 642 Ἐσόμεθα

73 651 97 678 ὂὲ
117 651 174 677 τότε
195 651 243 678 καὶ
267 652 298 678 ὲν
325 652 386 687 ὕψει
405 652 490 685 Θεοῦ,
515 652 664 688 παντευχίᾳ
688 653 737 688 μὲν
759 652 854 688 ὥσπερ

74 698 260 734 ἑνηρμοσμένοι
274 699 308 734 τῇ
329 697 389 734 θεία
402 707 432 725 τε
447 699 494 726 καὶ
508 700 602 735 νοητῇ.
633 699 685 735 (Τὰ
712 699 767 735 γὰρ
785 699 855 726 ὅπλα

73 744 142 780 ἡμῶν
163 745 208 772 οὺ,
224 745 354 780 σαρκικὰ,
376 745 446 773 κατὰ
473 746 523 781 τὴν
542 745 589 773 τοῦ
612 745 720 773 Παύλου
740 746 855 782 φωνὴν),

74 794 121 824 rei;
128 792 154 820 δὲ
165 792 214 828 τῆς
222 793 398 828 δικαιοσύνης
409 793 567 829 αὐχήμασιν
580 792 740 828 ἐκπρεπεῖς.
755 792 857 827 Ἐφορᾷ

73 838 101 873 δὴ
113 835 155 865 οὖν
167 838 231 870 τοὺς
251 838 464 874 μαχιμωτάτους
478 839 492 865 ὁ
505 838 613 865 πάντων
630 837 767 872 Δεσπότης
779 836 856 870 Θεὸς,

74 883 103 910 τὰ
119 883 228 919 λαμπρά
252 884 304 919 τῆς
328 883 501 919 δικαιοσύνης
523 884 608 918 σκεύη
633 882 855 919 περικειμένους,

74 929 137 956 τοῦτ’
149 930 216 962 εστι,
239 930 271 957 τὺ
288 929 327 962 ὼς
344 929 460 958 ἐνώπιον
477 929 598 965 Χριστοῦ
615 928 856 965 παραπορεύεσθαι

75 976 128 1008 τοὺς
152 976 287 1012 μαχίμους
313 977 540 1012 ἐνωπλισμένους.
566 972 663 1012 Τίμιον
692 976 721 1003 δὲ
754 977 856 1012 σφόδρα

77 1022 116 1048 καὶ
137 1022 304 1050 πολύευκτον
319 1022 442 1058 ἀληθῶς,
467 1023 498 1049 τὸ
514 1024 542 1050 ὲν
563 1022 708 1058 ἐπισκέψει
729 1023 857 1057 γενέσθαι

75 1067 149 1100 Θεοῦ,
166 1068 245 1105 εἴπερ
269 1068 344 1095 ἐστὶν
368 1069 418 1095 οὑκ
441 1069 574 1097 ἀπίθανον
598 1069 716 1102 ἐννοεῖν,
738 1069 779 1095 ὅτι
801 1070 858 1100 τοῖς

75 1112 244 1148 λελυπηκόσι,
270 1114 382 1141 κόλασιν
403 1114 499 1150 ὥσπερ
522 1114 583 1142 τινὰ
608 1114 658 1150 τὴν
680 1114 858 1150 ἀποστροφὴν

76 1159 203 1195 ἐπιτίθησι
220 1159 299 1192 Θεὸς,
316 1160 413 1195 λέγων·
429 1170 438 1186 ι
451 1161 535 1187 ’Ὁταν
547 1160 601 1192 τὰς
614 1161 707 1196 χεῖρας
717 1160 858 1195 ὲκτείνητε

77 1206 138 1241 πρός
146 1215 187 1240 με,
197 1206 367 1242 ἀποστρέψω
378 1207 441 1239 τοὺς
452 1207 609 1242 ὀφθαλμούς
620 1216 671 1242 μου
683 1207 729 1242 ἀφ’
740 1206 828 1243 ὑμῶν.
846 1216 855 1232 ι

77 1250 289 1287 Παρατεινούσης
310 1252 339 1280 δὲ
359 1252 586 1288 τῆς-πολιορκίας
612 1253 659 1278 καὶ
685 1253 726 1284 εἰς
750 1252 858 1288 ἡμέραν

77 1296 200 1332 ὲῦδὸμην,
217 1297 273 1332 ἔφη
289 1297 370 1324 πάλιν
398 1297 503 1334 Ἰησοῦς
522 1299 536 1324 ὀ
552 1297 598 1324 τοῦ
619 1298 696 1332 Ναυῆ
719 1299 775 1330 τοῖς
790 1299 859 1330 υἱοῖς

82 1343 195 1378 Ἰσραήλ·
221 1353 230 1369 ε
256 1343 417 1379 Κεκράξατε
442 1344 510 1380 πρὸς
535 1344 653 1380 Κύριον·
682 1345 859 1381 παραδέδωκε

77 1387 124 1424 γὰρ
138 1389 202 1424 ἡμῖν
216 1388 322 1425 Κύριος
338 1389 387 1425 τὴν
404 1389 496 1422 πόλιν,
512 1390 559 1417 καὶ
573 1390 650 1417 ἔσται
664 1391 680 1426 ἡ
699 1391 776 1422 πόλις
792 1390 860 1417 ἀνά-

78 1433 150 1470 θεμα,
164 1434 234 1469 αὕτη
246 1435 296 1462 καὶ
310 1436 400 1463 πάντα
413 1435 463 1463 ὅσα
478 1436 551 1463 ἐστὶν
566 1437 596 1462 ὲν
611 1436 695 1472 αὐτῇ,
711 1436 749 1472 τῷ
765 1437 860 1472 Κυρίῳ

78 1479 125 1507 τῶν
135 1481 276 1516 δυνάμεων
286 1480 412 1509 Σαϐαὼθ·
422 1481 492 1518 πλὴν
511 1481 597 1509 Ῥαὰϐ
607 1481 656 1518 τὴν
670 1483 772 1518 πόρνην
785 1490 860 1517 nept-

79 1526 189 1554 ποιεῖσθε
211 1526 316 1563 αὐτὴν,
341 1528 387 1555 καὶ
404 1527 492 1554 πάντα
511 1527 561 1554 ὅσα
583 1528 658 1555 ἐστὶν
681 1529 710 1555 ὲν
729 1527 768 1563 τῷ
792 1527 861 1563 οἴκῳ

79 1573 165 1610 αὐτῆς.
188 1573 259 1601 Ἀλλ’
278 1574 356 1610 ὑμεῖς
373 1574 527 1610 φυλάξασθε
541 1575 596 1602 ἀπὸ
609 1575 658 1602 τοῦ
676 1575 859 1612 ἀναθέματος,

79 1619 112 1655 μή
125 1628 186 1646 ποτε
210 1620 410 1655 ἐνθυμηθέντες
428 1621 506 1657 ὑμεῖς
525 1621 603 1648 αὐτοὶ
615 1621 716 1657 λάϐητε
736 1621 789 1648 ἀπὸ
811 1621 859 1648 τοῦ

79 1664 255 1700 ἀναθέματος,
291 1667 339 1692 καὶ
364 1667 498 1702 ποιήσητε
522 1666 572 1702 τὴν
603 1667 778 1703 παρεμϐολὴν
806 1667 860 1694 τῶν

80 1709 139 1736 υἱῶν
163 1710 273 1746 Ἰσραὴλ
294 1711 436 1747 ἀνάθεμα,
460 1712 508 1738 καὶ
534 1711 682 1747 ὲκτρίψητε
703 1712 791 1746 ἡμᾶς,
814 1711 861 1738 καὶ

79 1755 127 1782 πᾶν
153 1756 284 1793 ἀργύριον
299 1758 347 1784 καὶ
367 1757 492 1793 χρυσίον,
508 1758 555 1785 καὶ
571 1758 670 1794 χαλκὸς
690 1759 737 1785 καὶ
753 1758 862 1794 σίδηρος

80 1800 150 1835 am»
166 1802 243 1829 Eata:
263 1802 303 1838 τῷ
328 1804 438 1840 Κυρίῳ,
461 1804 500 1836 εἰς
520 1804 657 1840 θησαυρὸν
679 1804 783 1840 Κυρίου
806 1805 863 1831 εἰσ-

81 1847 259 1883 ενεχθήσεται.
282 1857 291 1874 t
318 1849 407 1884 Ἦφίει
426 1850 474 1885 μὲν
490 1849 543 1885 γὰρ
559 1851 620 1881 ταῖς
651 1849 745 1882 ἄλλαις
759 1850 863 1886 λαφυρ-

80 1893 207 1927 αγωγίαις
223 1895 361 1930 ὲντρυφᾷν
383 1896 447 1928 τοὺς
467 1895 691 1931 ἀνδριζομένους,
706 1896 864 1932 εἰσκομίζεο

82 1938 137 1966 σθαι
149 1939 176 1966 δὲ
189 1939 298 1979 δεῖξείς
311 1940 445 1977 θησαυρὸν
458 1941 574 1977 Κυρίου,
583 1942 660 1978 φησὶ,
670 1943 725 1969 πᾶν
732 1941 864 1978 ἀργύριον

81 1984 122 2010 καί
130 1985 255 2020 χρυσίον,
268 1986 367 2020 χαλκόν
379 1994 406 2012 τε
420 1986 467 2013 καὶ
483 1987 608 2023 σίδηρον·
623 1987 701 2014 τοῦτο
720 1988 773 2024 γὰρ
789 1985 822 2023 ἦν
834 1987 864 2014 τὸ

80 2029 187 2066 ἐπίκλην
205 2032 346 2067 ἀνάθεμα,
362 2031 543 2066 τουτέστι,τὸ
555 2033 727 2069 ἀπονεμηθὲν
744 2034 777 2060 ὲκ
795 2034 864 2062 πάν-

81 2084 128 2103 των
139 2078 175 2112 (l)
190 2079 238 2104 καὶ
252 2078 399 2114 ἀφορισθὲν
411 2078 449 2113 τῷ
465 2078 533 2114 Θεῷ,
554 2079 735 2111 nimam;
746 2079 865 2113 ἀξιώσας

81 2121 153 2156 λόγου
171 2123 219 2159 τὴν
237 2123 358 2159 ἐντολὴν,
383 2133 393 2150 ι
417 2124 527 2156 "Elatia,
544 2126 640 2160 φησὶν,
666 2126 754 2162 Ἂχαρ
777 2127 791 2152 ὀ
809 2126 866 2158 υἱὸς

83 2168 242 2204 Χαμμὶ,υίοῦ
249 2170 436 2206 Ζαμερῆ,υίοῦ
443 2172 518 2207 Ζαρᾶ
526 2172 611 2207 ὲκτῆς
619 2172 703 2206 φυλῆς
711 2172 806 2206 Ἰούδα,
812 2172 866 2199 ἀπὸ

83 2213 124 2240 τοῦ
136 2214 314 2251 ἀναθέματος.
332 2217 386 2243 Καὶ
399 2217 526 2253 ἐθυμώθη
539 2217 606 2253 ὀργῇ
620 2217 721 2252 Κύριος
732 2219 787 2249 τοῖς
798 2217 865 2249 υἱοῖς

901 284 1011 311 structi.
1025 283 1164 318 Scriptum
1177 288 1220 311 est
1244 284 1336 311 cnim:
1358 293 1366 309 ι
1379 283 1522 318 Ingressus
1542 286 1586 310 est
1607 282 1687 310 Iesus

901 329 974 356 Nave
989 329 1023 356 ad
1036 329 1203 361 sacerdotes,
1217 333 1246 356 et
1265 329 1373 356 locutus
1385 333 1427 356 est
1439 328 1473 355 ad
1493 335 1551 361 eos,
1575 328 1687 355 dicens:

902 375 1046 410 Prtecipite
1059 375 1161 410 populo
1183 375 1384 407 utcircumeat,
1408 379 1436 402 et
1456 374 1608 402 circumdet
1619 374 1689 401 civi-

903 425 998 454 tatem,
1011 425 1040 449 et
1052 421 1104 448 viri
1117 425 1284 456 pugnatores
1294 425 1486 456 pertranscant
1502 420 1600 448 armati
1625 425 1689 447 ante

903 461 1096 494 Dominum“.
1108 477 1117 492 ›
1134 467 1244 494 Christo
1265 475 1382 501 namque
1397 475 1446 502 per
1463 466 1619 502 principum
1639 474 1690 493 v0-

904 520 964 540 cem
974 512 1099 548 jubente,
1114 511 1246 539 adversus
1255 512 1347 539 hostes
1363 512 1566 544 contendimus,
1576 512 1692 539 bellum-

904 565 959 592 que
972 565 1028 585 non
1040 558 1174 585 adversus
1187 565 1296 585 carnem
1309 561 1336 585 et
1344 557 1503 592 sanguinem
1514 558 1691 592 suscipimus,

906 603 955 631 sed
968 603 1101 632 adversus
1113 604 1253 639 principes
1278 608 1306 631 et
1325 607 1486 639 potestates,
1507 607 1535 631 et
1559 604 1692 632 adversus

905 658 966 678 eam
972 651 1070 686 legem,
1078 659 1138 686 qua:
1146 651 1172 678 in
1180 651 1310 679 membris
1318 651 1409 678 carnis
1417 650 1582 678 dominatur.
1591 651 1624 666 "‘
1631 651 1693 678 Eri-

906 703 969 723 mus
986 697 1069 724 etiam
1083 701 1148 724 tunc
1158 697 1186 724 in
1199 701 1348 732 conspectu
1358 696 1477 728 Domini,
1489 700 1545 723 tum
1556 701 1694 724 armatura

906 742 1025 777 quadam
1048 743 1177 770 instructi
1200 743 1295 770 divina
1322 747 1405 778 atque
1437 742 1596 778 spirituali:
1619 750 1693 770 arma

907 798 1026 825 namque
1046 795 1141 817 nostra
1165 798 1219 817 non
1237 790 1357 817 carnalia
1378 794 1452 821 sunt,
1477 792 1508 816 ut
1526 789 1628 818 Paulus
1640 789 1693 820 ait;

909 836 932 852 ⁸³
960 840 1018 863 tum
1037 844 1103 863 vero
1116 836 1230 871 justitize
1244 836 1329 871 gloria
1343 835 1472 870 insignes.
1486 835 1591 870 Aspicit
1603 835 1696 870 itaque

908 881 983 909 viros
995 881 1027 909 ad
1041 882 1217 917 pugnandum
1229 881 1417 916 paratissimos
1429 882 1502 909 Deus
1519 881 1566 908 ille
1584 881 1697 908 univer-

908 935 999 956 sarum
1014 936 1107 955 rerum
1130 928 1272 961 Dominus,
1288 927 1497 963 splendentibus
1515 927 1629 963 justitire
1649 935 1696 955 ar-

907 974 959 1002 mis
972 974 1093 1006 indutos,
1119 974 1202 1009 idque
1223 978 1265 1002 est
1294 975 1321 1001 in
1348 978 1497 1009 conspectu
1518 973 1621 1001 Christi
1632 981 1696 1009 per-

907 1020 1024 1048 transire
1041 1025 1207 1056 pugnatores
1219 1025 1349 1047 armatos.
1361 1021 1511 1047 Honestum
1523 1027 1589 1047 vero
1601 1020 1629 1046 in
1637 1020 1697 1055 pri-

908 1067 960 1094 mis
972 1071 1000 1094 et
1021 1067 1172 1102 optandum
1193 1074 1268 1099 sane,
1299 1067 1326 1093 in
1348 1070 1496 1101 conspectu
1510 1066 1557 1093 Dei
1579 1073 1657 1099 esse;
1674 1066 1697 1093 si

907 1113 1019 1148 quidem
1033 1121 1089 1140 non
1103 1113 1223 1140 absurde
1247 1112 1419 1147 intelligitur,
1443 1113 1529 1139 Deum
1541 1112 1576 1140 iis
1598 1112 1646 1147 qui
1667 1120 1698 1139 se

907 1159 1085 1192 oﬁ'enderint,
1103 1159 1174 1187 hanc
1183 1159 1268 1186 veluti
1280 1167 1388 1193 pmnam
1406 1159 1558 1194 imponere,
1573 1163 1604 1186 ut
1621 1167 1650 1187 se
1663 1159 1698 1186 ab

908 1205 963 1233 illis
973 1209 1089 1238 avertat,
1102 1213 1164 1232 cum
1176 1205 1258 1233 dicat:
1278 1214 1286 1230 ι
1300 1205 1351 1233 Ubi
1361 1213 1458 1232 manus
1469 1205 1649 1233 extenderitis
1663 1205 1697 1233 ad

909 1260 964 1285 me,
976 1255 1099 1279 avertam
1112 1252 1208 1279 oculos
1221 1259 1297 1279 meos
1308 1259 1323 1278 a
1347 1251 1426 1278 vobis
1439 1251 1471 1278 ⁶⁰.
1489 1261 1498 1277 ι
1513 1251 1581 1279 Cum
1606 1255 1698 1278 autem

909 1297 1017 1325 obsidio
1029 1305 1117 1332 usque
1128 1297 1163 1324 ad
1171 1297 1244 1324 dietn
1257 1297 1403 1332 septimutn
1415 1297 1547 1331 perducta
1558 1301 1642 1329 esset,
1654 1297 1698 1324 di-

909 1342 1060 1370 xititerum
1085 1342 1165 1370 Iesus
1177 1342 1251 1369 Nave
1270 1342 1334 1369 ﬁliis
1356 1342 1459 1370 Israel:
1483 1351 1492 1367 ι
1505 1342 1703 1370 Vociferamln-

909 1388 944 1415 ad
958 1388 1105 1415 Dominum
1122 1397 1128 1414 :
1146 1387 1259 1415 tradidit
1272 1387 1344 1415 enim
1362 1388 1441 1415 nobis
1459 1388 1591 1416 Dominus
1603 1389 1700 1416 civita-

911 1439 980 1466 tem;
994 1438 1022 1461 et
1032 1433 1194 1461 eriteivitas
1205 1433 1362 1465 anathema,
1381 1434 1450 1468 ipsa,
1470 1439 1499 1461 et
1519 1435 1610 1462 omnia
1639 1443 1701 1470 qum

911 1485 974 1508 sunt
988 1481 1015 1508 in
1032 1480 1112 1517 ιήᾰ.
1124 1488 1166 1512 ea,
1182 1480 1296 1508 Domino
1308 1480 1364 1508 Deo
1376 1481 1546 1508 exercituum
1566 1481 1699 1509 Sabaoth.

910 1527 1106 1554 Verumtamen
1127 1527 1204 1555 Raab
1224 1527 1399 1556 meretricem
1422 1533 1529 1556 servate
1550 1527 1648 1564 ipsam,
1672 1532 1702 1557 et

911 1574 1004 1601 omnia
1021 1581 1081 1609 qua:
1093 1579 1158 1602 sunt
1169 1574 1197 1602 in
1213 1575 1297 1602 domo
1315 1576 1385 1611 ejus.
1400 1575 1454 1602 Sed
1476 1582 1527 1603 vos
1544 1579 1640 1603 cavete
1665 1575 1700 1603 ab

913 1621 1095 1654 anathemate,
1109 1629 1144 1649 ne
1158 1621 1228 1649 forte
1251 1630 1301 1649 vos
1324 1622 1374 1657 ipsi
1394 1622 1546 1657 cogitantes
1562 1622 1702 1658 accipiatis

913 1667 947 1695 ab
965 1667 1152 1700 anathemate,
1178 1671 1206 1695 et
1233 1667 1339 1695 faciatis
1361 1672 1454 1695 castra
1476 1667 1595 1695 ﬁliorum
1618 1668 1700 1696 Israel

913 1713 1069 1746 anathema,
1089 1717 1117 1741 et
1139 1713 1288 1741 conteratis
1305 1721 1370 1746 ῐιοε;
1389 1718 1417 1741 ct
1428 1721 1509 1741 omne
1520 1717 1660 1749 argentum
1674 1718 1703 1742 et

913 1766 1022 1791 aurum,
1047 1764 1076 1786 et
1097 1767 1134 1787 aes
1155 1763 1183 1787 et
1197 1759 1300 1787 ferrum
1315 1763 1438 1786 sanctum
1452 1759 1506 1787 erit
1525 1759 1658 1787 Domino:
1674 1759 1701 1787 in

914 1806 1058 1834 thesauros
1069 1805 1118 1833 Dei
1134 1805 1268 1833 inferetur
1280 1806 1312 1832 σι.
1327 1815 1336 1830 ι
1356 1805 1483 1833 Permisit
1500 1805 1574 1832 enim
1585 1805 1703 1833 fortibus

914 1853 981 1880 viris
1004 1856 1034 1879 ut
1045 1852 1151 1887 reliqua
1162 1851 1252 1887 praeda
1267 1851 1442 1885 fruerentur;
1459 1851 1506 1879 sed
1519 1851 1704 1887 interriopor-

915 1901 973 1925 tere
985 1897 1054 1924 dixit
1066 1897 1095 1924 in
1110 1897 1256 1924 thesauros
1270 1897 1378 1925 Domini
1393 1900 1537 1932 argentum
1561 1904 1653 1930 omne,
1675 1902 1703 1926 et

915 1951 1023 1975 aurum,
1035 1951 1074 1971 tes
1085 1951 1194 1978 quoque
1207 1951 1239 1970 ac
1260 1943 1380 1971 ferrum:
1393 1943 1447 1970 hoc
1463 1942 1618 1982 cnim'erat
1635 1943 1703 1971 illud

915 1990 988 2025 quod
1000 1990 1153 2025 appellatur
1164 1991 1320 2022 anathema,
1334 1990 1361 2017 id
1374 1993 1427 2022 est,
1442 1989 1515 2025 quod
1531 1997 1562 2017 ex
1575 1989 1704 2017 omnibus

916 2036 1100 2068 tribuebatur,
1114 2041 1141 2063 et
1155 2037 1211 2063 Deo
1234 2036 1438 2072 segregabatur.
1464 2035 1600 2064 Caeterum
1609 2056 1616 2068 ,
1629 2036 1705 2064 nulla

915 2082 1045 2118 praecepti
1060 2083 1166 2110 ratione
1176 2082 1284 2109 habita:
1300 2092 1309 2107 ι
1323 2082 1453 2117 Accepit,‘
1463 2091 1471 2107 ι
1483 2082 1581 2117 inquit,
1602 2081 1706 2109 «Achar

917 2128 990 2157 ﬁlius
998 2129 1120 2161 Charmi,
1135 2128 1182 2156 ﬁlii
1194 2129 1316 2160 Zambri,
1331 2128 1378 2156 ﬁlii
1392 2129 1471 2160 Zara,
1486 2137 1521 2156 ex
1534 2128 1606 2156 tribu
1620 2128 1704 2161 Juda,

917 2184 950 2204 ex
965 2175 1155 2203 anathemate:
1170 2180 1197 2203 et
1206 2175 1293 2203 iratus
1306 2179 1347 2203 est
1359 2175 1452 2202 furore
1460 2175 1593 2202 Dominus
1605 2174 1705 2202 adver—

919 2227 966 2247 sus
976 2219 1047 2247 ﬁlios
1058 2220 1181 2247 Israel“.
1198 2229 1206 2245 ι
1218 2220 1332 2255 Oportet
1346 2220 1430 2252 enim,
1446 2224 1475 2247 ut
1487 2224 1564 2254 pulo,
1577 2220 1623 2255 qui
1637 2227 1705 2247 con—

89 2260 203 2296 Ίσραήλ.
227 2271 237 2287 ι
257 2262 365 2297 Χρῆναι
390 2263 444 2298 γᾶιρ
467 2261 544 2298 οἴμαι
560 2264 623 2295 τοὺς
639 2264 698 2295 ταῖς
720 2264 859 2298 κοσμικαῖς

919 2271 959 2293 tra
990 2266 1083 2294 seculi
1105 2267 1261 2302 voluptates
1277 2270 1306 2293 et
1333 2267 1416 2302 hujus
1429 2267 1491 2294 vitae
1513 2266 1706 2294 distractiones

83 2305 180 2340 ἡδοναῖς
195 2307 243 2333 καὶ
256 2309 312 2339 τοῖς
335 2308 364 2335 ὲν
386 2309 453 2344 τῷδε
477 2309 517 2343 τῷ
541 2309 591 2345 βίῳ
611 2311 812 2346 περισπασμοῖς
835 2310 865 2336 τὸ

83 2351 200 2384 εὐσθενὲς
226 2353 256 2379 ἐν
277 2354 388 2390 Χριστῷ
418 2355 622 2390 παρεξάγοντας
648 2356 792 2391 φρόνημα,
818 2356 865 2383 καὶ

83 2395 123 2422 διὰ
136 2397 189 2424 τῶν
204 2399 255 2434 τῆς
277 2399 450 2436 δικαιοσύνης
472 2401 562 2428 ὅπλων
586 2402 739 2437 εὐδοκιμεῖν
761 2403 866 2439 ᾑρημέ-

84 2451 150 2476 νους,
163 2445 190 2471 ἐν
208 2445 353 2481 ἐπισκέψει
366 2455 393 2473 τε
406 2447 457 2482 ἤδη
473 2448 619 2482 γεγονότας
636 2448 765 2484 Χριστοῦ,
783 2449 866 2484 μηδε-

84 2488 124 2520 νὸς
147 2489 272 2524 ἐφίεσθαι
296 2491 351 2517 τῶν
376 2492 404 2518 ἐν
431 2493 526 2528 κόσμῳ
548 2493 800 2528 τεθαυμασμένων.
827 2494 863 2528 μὴ

84 2535 194 2564 πλούτου
203 2557 210 2569 ,
220 2537 257 2573 μὴ
269 2537 363 2572 δόξης,
382 2539 419 2574 μὴ
436 2538 594 2571 δυναστείας
605 2560 613 2572 ,
627 2539 643 2574 ἢ
662 2539 812 2575 ὑπεροχῆς,
828 2540 864 2574 μὴ

84 2581 134 2608 τῶν
150 2583 182 2609 ὲκ
198 2583 250 2618 τῆς
271 2583 365 2618 σοφίας
387 2583 545 2621 Ἑλληνικῆς
572 2585 686 2611 ἀνοσίων
712 2584 864 2620 δογμάτων.

86 2625 143 2661 Εἶεν
162 2628 184 2654 δ’
211 2628 259 2660 ἂν,
287 2629 327 2660 εἰς
352 2629 435 2657 τύπον
460 2629 651 2666 λαμπρότητος
688 2630 737 2666 μὲν
763 2630 812 2665 τῆς
840 2631 869 2656 ἐν

86 2673 218 2710 ἀξιώμασι
232 2675 279 2702 καὶ¹
303 2675 466 2712 ὑπεροχαῖς,
479 2677 511 2703 τὸ
524 2676 654 2713 ἀργύριον
665 2686 671 2693 ·
687 2677 801 2712 λαμπρὰ
816 2677 870 2712 γὰρ

88 2720 102 2754 ἠ
125 2719 184 2756 ὕλη·
203 2720 320 2748 πλούτου
341 2722 384 2754 δὲ,
401 2724 415 2749 ὁ
435 2723 545 2759 χρυσός.
569 2723 607 2749 Τὸ
622 2722 650 2750 δὲ
674 2724 723 2757 τῆς
745 2723 869 2758 γλώττης

88 2764 179 2801 εἱηχες
208 2767 262 2794 τῶν
285 2768 314 2793 ὲν
343 2768 438 2803 κόσμῳ
472 2769 577 2803 σοιρῶν,
603 2770 822 2804 κατασημήνειεν
854 2770 870 2796 ὁ

920 2313 1028 2340 ﬁrmum
1048 2312 1074 2340 in
1090 2312 1200 2341 Christo
1211 2313 1332 2341 animum
1348 2313 1537 2348 opposuerim,
1552 2321 1583 2340 ac
1595 2313 1705 2341 laudem

919 2368 969 2394 per
987 2367 1062 2386 arma
1072 2359 1185 2395 justitiaz
1197 2360 1311 2395 adipisci
1327 2359 1512 2389 decreverint,
1538 2359 1640 2394 quique
1649 2358 1705 2394 jam

921 2403 947 2430 in
960 2407 1137 2438 conspectum
1150 2403 1252 2432 Christi
1263 2404 1398 2437 venerint,
1417 2411 1464 2432 eos
1474 2403 1541 2432 nihil
1557 2411 1590 2431 ex
1611 2404 1645 2432 iis
1657 2411 1705 2431 ex-

921 2453 1013 2483 petere
1026 2456 1087 2484 qua:
1099 2449 1126 2476 in
1138 2449 1191 2476 hoc
1203 2449 1307 2477 mundo
1319 2449 1489 2477 admirabilia
1500 2449 1638 2481 videntur,
1651 2456 1706 2477 non

919 2500 995 2528 opes,
1008 2501 1063 2521 non
1079 2494 1203 2529 gloriam,
1215 2503 1270 2522 non
1283 2495 1443 2531 potentiam,
1468 2499 1516 2523 aut
1532 2498 1706 2531 praestantem

919 2539 1044 2574 gradum,
1058 2547 1114 2568 non
1131 2540 1214 2576 impia
1226 2549 1259 2568 ex
1268 2541 1362 2576 gentili
1376 2540 1658 2578 sapientia‘dogmata.
1673 2540 1708 2568 Et
1730 2577 1733 2581 1

921 2585 995 2614 illius
1008 2586 1119 2622 quidem
1142 2587 1298 2623 splendoris
1315 2587 1364 2622 qui
1385 2587 1414 2614 in
1432 2587 1595 2623 dignitatum
1615 2585 1707 2622 gradi-

920 2633 1006 2660 buset
1017 2633 1198 2668 amplitudine
1210 2637 1362 2668 spectatur,
1373 2633 1460 2668 ﬁgura
1472 2641 1526 2661 non
1541 2633 1633 2668 inepta
1648 2632 1707 2659 l'uec
1731 2645 1738 2650 -

920 2679 957 2706 rit
969 2684 1130 2715 argentum;
1148 2679 1320 2715 splendidum
1332 2684 1374 2707 est
1386 2680 1459 2707 enim
1481 2679 1533 2707 hoc
1545 2678 1647 2706 mctalli
1660 2685 1708 2713 gc—

919 2732 986 2758 nus;
1009 2732 1093 2761 opum
1121 2733 1198 2759 vero,
1215 2734 1324 2754 aurum.
1347 2726 1425 2754 Illum
1441 2733 1525 2761 porro
1538 2725 1640 2758 lingua:
1662 2732 1708 2751 so-

919 2778 995 2804 num,
1008 2779 1064 2806 quo
1076 2772 1172 2800 mundi
1189 2773 1327 2808 sapientes
1350 2777 1476 2805 utuntur,
1492 2773 1647 2808 signiﬁcare
1661 2777 1708 2804 po-

90 2858 109 2874 "
122 2859 175 2886 los.
192 2869 228 2893 vr,
240 2862 272 2893 7;
286 2861 385 2896 Ephes.
406 2870 442 2893 vr,
457 2862 496 2888 12.
517 2861 549 2876 δν
567 2863 645 2889 Rom.
662 2871 709 2895 ru,
722 2863 766 2890 ‘15.
786 2863 806 2877 ‘“
820 2862 842 2890 ll
856 2862 919 2890 Cor.
934 2870 960 2894 κ,
976 2863 1001 2890 .l.
1023 2863 1044 2878 ‘°
1059 2863 1138 2896 lsa.t,
1157 2864 1198 2891 lii.
1217 2865 1236 2880 “
1253 2864 1309 2892 Jos.
1326 2865 1399 2895 γωδ
1424 2873 1500 2900 seqq.
1519 2863 1606 2891 "los.
1624 2862 1707 2895 ruﬁ.

122 2906 157 2941 (Ι)
173 2906 218 2934 Sic
232 2907 295 2934 cod.
316 2907 400 2934 Vatis.
415 2908 506 2938 Codex
522 2907 609 2939 Sileti,
630 2909 746 2944 ἑκάστῳ.

224 2953 360 2984 Parum.
384 2955 442 2984 (in.
466 2956 582 2985 LXVltl

1455 2953 1488 2983 12
