1934 3042
214 187 269 216 363

205 245 283 274 .torit
298 252 354 277 as;
366 244 439 270 vires
449 242 577 276 denique,
599 245 681 276 atque
695 242 860 277 potentiam,
882 241 997 273 ferrum,
1014 241 1038 270 Α

216 291 290 328 quod
301 295 329 318 et
338 290 438 318 durum
451 289 596 316 admodum
611 289 658 322 sit,
675 292 776 317 etcum
789 288 913 316 omnium
936 295 998 315 cor-

218 346 315 375 porum
327 337 440 365 materia
450 343 575 372 pugnans
587 344 593 362 :
607 343 668 370 quae
688 335 712 363 si
735 335 797 370 quis
810 334 925 370 adipisci
949 341 999 361 vo—

217 386 308 418 luerit,
321 384 446 420 quamvis
465 383 510 411 ille
523 383 662 418 praecipuo
679 382 715 410 sit
727 381 800 417 apud
820 381 906 409 Deum
928 381 998 413 loco,

215 436 243 458 et
258 431 330 458 inter
339 430 486 457 bellatores
496 432 667 460 numeretur,
675 427 811 462 spirituali
823 433 933 462 quoque
943 427 1001 452 ani-

216 477 252 503 mi
264 474 453 511 magnitudine
465 474 502 502 sit
516 473 642 509 insignis,
654 474 678 500 is
703 473 799 508 procul
820 472 904 499 dubio
915 472 1000 499 Deum

215 522 347 555 offendit;
364 528 481 556 cumque
497 527 561 547 eum
583 516 684 547 furtiva
702 519 889 556 subtractione
909 518 998 545 offen-

215 569 281 597 dere
296 568 323 595 in
340 568 462 595 animum
488 565 636 598 induxerit,
651 565 699 600 qui
715 569 743 592 et
758 564 785 592 in
803 564 886 592 armis
908 571 1001 591 comes

214 623 247 644 ac
257 616 349 643 socius
363 618 434 647 erat,
447 618 476 641 et
494 613 651 645 auxiliator,
671 610 850 646 consequenti
872 610 1001 637 vindicta

214 660 377 695 subiacebit.

249 706 346 734 PALL.
372 706 456 733 Recte
467 704 517 732 ais.
544 703 685 732 Assentior
696 703 770 731 enim
791 703 850 730 tibi.
865 702 1001 731 Cteterum

215 756 281 783 illud
294 755 362 782 mihi
375 755 496 789 explices
514 753 607 785 velim,
634 761 784 788 parumper
805 760 820 779 a
839 759 868 779 re
880 755 956 787 gesta
974 753 1002 778 et

214 801 329 829 historia
340 800 488 828 deﬂectens
500 799 664 831 oralionem,
679 807 728 826 cur
740 800 796 826 Deo
808 800 962 833 argentum,
975 799 1006 823 et-

213 855 323 879 aurum,
336 854 373 874 aes
385 846 450 873 item
462 853 494 872 ac
512 845 616 872 ferrum
628 844 663 871 sit
676 848 876 876 consecratum,
901 850 933 870 ac
947 850 1003 869 non

213 892 307 928 potius
328 900 362 919 ea
382 891 426 919 vel
439 894 569 925 tanquam
597 889 704 917 inutilia
728 889 854 920 fortasse,
877 888 920 915 vel
942 891 1003 914 tan-

214 943 297 972 quam
309 935 444 971 ejusmodi
467 943 528 970 qua:
539 935 665 970 polluere
681 938 802 969 possent,
816 941 831 961 e
843 933 940 960 castris
951 932 1001 959 ab-

213 984 285 1019 jecta
300 982 371 1009 sint:
386 989 449 1008 nam
458 981 610 1016 spiritualis
621 979 863 1015 contemplationis
885 978 1002 1006 facultas

214 1027 398 1057 abominanda
413 1027 496 1056 fuisse
510 1026 718 1054 demonstravit.

252 1075 331 1111 155
346 1074 424 1102 ΟΥΕ.
444 1073 513 1106 Quia
533 1073 664 1108 splendor
686 1073 785 1105 omnis,
809 1072 931 1104 Palladi,
957 1080 1002 1099 sa-

214 1121 383 1156 pientiaque,
397 1123 426 1146 et
441 1125 517 1153 opes,
529 1121 611 1152 atque
619 1117 701 1144 etiam
714 1117 786 1144 vires
809 1117 1003 1144 convenienter

215 1175 247 1194 ac
256 1167 329 1201 juste
347 1165 403 1192 Deo
416 1164 593 1197 tribuuntur;
607 1163 681 1191 illius
692 1163 766 1190 enim
790 1167 833 1191 est
854 1163 950 1198 gloria,
975 1167 1004 1190 et

217 1212 347 1248 splendor
366 1211 465 1244 omnis,
479 1215 506 1238 et
518 1218 594 1246 opes,
609 1215 636 1238 et
647 1210 790 1245 sapientia,
816 1214 844 1237 et
868 1211 1001 1245 potentia.

214 1259 352 1287 Caeterum
368 1257 493 1293 quisquis
505 1257 539 1284 ab
553 1257 600 1284 illo
612 1257 758 1292 acceperit,
772 1261 799 1284 et
808 1265 842 1284 ex
854 1257 928 1285 illius
944 1258 1005 1285 the-

215 1313 298 1333 sauro
307 1304 411 1331 ditatus
421 1303 535 1335 divitiis,
549 1303 678 1330 videlicet
691 1303 924 1330 intellectualibus
943 1303 1003 1331 fue-

215 1352 261 1383 rit,
273 1351 443 1386 gloriamque
467 1353 494 1376 et
505 1349 667 1384 sapientiam
679 1357 711 1376 ac
729 1350 881 1384 potentiam
898 1350 1003 1377 habue—

215 1398 253 1425 rit
277 1396 458 1432 spiritualem,
478 1395 524 1422 ille
545 1403 611 1423 vero
626 1396 791 1430 conspicuus
803 1396 857 1423 erit
875 1403 907 1423 ae
923 1397 1001 1430 felix;

217 1444 260 1471 sin
271 1444 329 1470 haec
342 1442 437 1469 eadem
445 1450 460 1469 a
471 1441 574 1469 mundo
583 1442 707 1476 accipere
714 1442 1003 1474 maluerit,exsecran—

216 1489 268 1517 dus
280 1489 342 1521 erit,
357 1491 385 1515 et
396 1487 501 1515 invisus
523 1488 579 1515 Deo
590 1487 701 1515 virtutis
712 1488 838 1520 amatori,
852 1496 884 1516 ac
898 1488 1003 1524 judicio

215 1541 358 1570 panaque
369 1533 516 1560 obnoxius.
539 1531 657 1560 Omnino
673 1532 881 1571 enim'divitias
907 1540 1004 1560 conse-

215 1579 312 1616 quitur
321 1578 463 1613 voluptas;
476 1577 615 1612 splendori
629 1582 719 1604 autem
737 1582 818 1613 atque
828 1578 1002 1613 amplitudini
1017 1590 1039 1619 α

215 1626 305 1653 vicina
320 1629 362 1653 est
373 1625 504 1652 continuo
513 1624 659 1658 superbia:
674 1624 804 1659 potentiae
819 1633 884 1652 vero
902 1625 1003 1660 adjun-

215 1676 260 1699 cta
277 1671 427 1706 iniquitas;
443 1670 586 1705 sapientia:
598 1670 743 1698 mundana:
754 1671 872 1706 denique
891 1679 1004 1706 perver-

217 1717 284 1745 sitas
308 1717 487 1751 dogmatum,
513 1715 639 1750 quamvis
664 1723 759 1742 eorum
783 1717 829 1751 qui
858 1716 904 1744 illa
933 1718 1002 1744 scri-

215 1766 331 1798 pserunt
353 1762 445 1797 lingua
457 1761 578 1788 suaviter
593 1765 682 1788 sonet.
692 1761 854 1797 Hujusmodi
872 1763 1003 1798 quiddam

215 1811 318 1838 Paulus
332 1809 388 1838 ait:
410 1818 419 1834 ι
432 1809 460 1836 Si
481 1809 543 1844 quis
558 1813 600 1836 est
622 1809 649 1836 in
661 1809 739 1837 vobis
756 1810 876 1845 sapiens,
903 1811 1004 1839 stultus

217 1856 275 1888 fiat.
288 1860 319 1883 ut
340 1855 376 1883 sit
396 1855 520 1890 sapiens:
551 1855 685 1889 sapientia
708 1856 780 1883 enim
801 1856 884 1891 hujus
907 1856 1003 1884 mundi

218 1902 336 1930 stultitia
355 1905 398 1928 est
411 1900 484 1935 apud
527 1900 613 1929 Deum
628 1900 660 1927 ⁸³.
672 1910 682 1926 ι
697 1900 787 1928 Achar
822 1901 915 1937 igitur,
940 1909 1003 1929 eum

217 1948 276 1975 hac
287 1955 344 1974 non
357 1954 372 1973 ο
386 1941 488 1973 Christi
500 1946 693 1978 thesauro,sed
720 1947 796 1974 velut
810 1955 825 1975 e
842 1948 956 1981 mundo,
970 1955 1004 1975 ex

219 1994 277 2028 ipsa
295 1991 483 2019 nrbeJericho
509 1992 669 2026 accepisset,
692 1992 807 2022 oﬂ'endit
829 1994 926 2020 Deum.
951 1994 1004 2021 Sed

219 2046 281 2074 qua:
295 2038 358 2065 inde
371 2045 405 2064 ex
418 2037 457 2064 ira
470 2037 517 2065 Dei
532 2042 678 2066 consecuta
703 2043 776 2072 sunt,
803 2047 858 2066 non
882 2039 916 2066 ad
940 2048 1004 2067 eum

219 2085 307 2111 solum
334 2084 539 2118 pertinuerunt,
568 2084 616 2118 qui
657 2092 690 2112 eo
717 2085 835 2112 crimine
858 2084 1004 2113 damnatus

217 2135 292 2162 erat,
306 2129 353 2157 sed
366 2134 450 2156 totam
473 2137 635 2165 synagogam
652 2130 807 2158 afﬂixerunt
827 2140 833 2157 :
861 2131 906 2158 ille
930 2131 1004 2158 enim

217 2175 356 2210 quondam
370 2174 490 2202 invictus
511 2175 629 2210 populus
647 2176 744 2207 lsracl,
758 2183 857 2210 expers
883 2177 1005 2211 praesidii

218 2221 331 2257 superni
345 2220 443 2254 factus,
461 2221 587 2248 infirmus
599 2226 626 2248 et
640 2222 759 2248 imbellis
783 2222 844 2249 fuit.

706 182 734 209 S.
754 179 892 209 CYRILLl
913 178 1148 207 ALEXANDRINI
1169 178 1329 208 ARCHIEP.

1787 180 1842 208 364

1052 240 1165 275 χαλκός·
1187 241 1263 276 ίσχὺν
1279 239 1308 266 δὲ
1331 239 1379 267 καὶ
1399 239 1573 273 δυναστείαν,
1588 240 1704 277 σκληρὸς
1717 240 1756 267 ὣν
1772 241 1844 275 ἄγαν

1049 286 1064 311 ὁ
1079 286 1202 322 σίδηρος,
1218 287 1266 314 καὶ
1286 288 1319 322 τῇ
1343 285 1394 323 ὕλῃ
1415 287 1489 323 πάσῃ
1511 287 1675 323 μαχόμενος.
1693 283 1744 314 Ὧν
1761 286 1844 322 εἰπερ

1049 341 1092 365 τις
1115 332 1205 359 ἕλοιτο
1230 333 1408 368 μεταλαχεὴ,
1431 333 1519 360 καίτοι
1551 333 1601 369 τὴν
1624 333 1740 369 ἀρίστην
1763 332 1844 366 τάξιν

1050 377 1119 413 ἔχων
1132 378 1208 414 παρὰ
1217 377 1287 414 Θεῷ,
1298 378 1345 405 καὶ
1359 377 1597 414 ἀναμετρούμενος
1609 379 1637 405 ὲν
1647 377 1841 413 πολεμισταϊς,

1050 425 1097 451 καὶ
1125 424 1176 459 μὴν
1197 424 1245 452 καὶ
1268 425 1469 459 πνευματικαῖς
1491 424 1632 459 εὐψυχίαις
1653 423 1775 458 γεγονὼς
1796 425 1844 449 Ex-

1051 469 1170 506 πρεπὴς,
1187 470 1371 506 προσκρούσει
1392 470 1467 506 Θεῷ,
1484 471 1530 498 καὶ
1547 470 1684 506 κιὸδήλοις
1699 478 1844 506 παρατρο-

1052 517 1116 548 παϊς
1144 516 1311 544 καταλυπεῖν
1339 517 1478 552 ᾑρημένος
1501 517 1547 544 τδν
1578 516 1708 544 σύνοπλόν
1731 525 1762 543 τε
1797 516 1844 542 καὶ

1051 562 1169 599 ἀρωγὸν,
1182 563 1242 595 ταῖς
1257 562 1383 590 ἐντεῦθεν
1399 562 1495 600 ὀργαῖς
1506 563 1691 590 ὑποκείσεται.

1086 703 1194 732 ΠΔΛΔ.
1218 699 1256 730 Εὖ
1284 701 1363 737 ἔφης.
1388 701 1582 736 Συναινέσαιμι
1604 699 1659 736 γὰρ
1684 699 1726 727 ἄν.
1756 697 1843 734 Πλὴν,

1052 749 1141 776 ἐκεῖνό
1162 757 1207 784 μοι
1230 748 1352 782 φράσον,
1370 747 1457 783 βραχὺ
1478 747 1526 773 τοῦ
1551 746 1712 781 πράγματος
1729 745 1777 772 καὶ
1795 745 1844 780 τῆς

1054 794 1175 831 ἱστορίας
1206 793 1378 829 ἀποκομίσας
1402 793 1449 819 τὸν
1479 792 1575 826 λόγον·
1599 792 1668 818 διατί
1692 791 1790 826 Κυρίῳ
1814 790 1846 816 τὺ

1053 839 1184 876 ἀργύριον
1201 839 1249 866 καὶ
1263 838 1293 866 τὸ
1311 838 1440 874 χρυσίον,
1455 838 1502 865 καὶ
1516 838 1529 864 ό
1547 837 1645 872 χαλκὸς
1659 837 1706 863 καὶ
1722 836 1845 872 σίδηρος,

1054 885 1101 913 καὶ
1114 886 1174 920 οὐχὶ
1201 885 1233 921 δὴ
1261 885 1379 921 μᾶλλον,
1405 885 1422 920 ἢ
1443 884 1481 916 ὡς
1507 883 1631 919 ἄχρηστα
1653 883 1752 918 τυχὸν,
1767 883 1784 918 ἢ
1807 882 1847 914 ὡς

1055 931 1252 967 καταμολύνειν
1269 931 1372 963 εἰδότα,
1391 930 1442 966 τῆς
1466 929 1642 965 παρεμϐολῆς
1663 929 1846 963 ἐξεπέμπετο·

1055 978 1166 1013 μυσαρὰ
1180 978 1233 1013 γὰρ
1249 977 1364 1012 δέδειχεν
1380 976 1450 1004 αὐτὰ
1464 976 1515 1011 τῆς
1527 975 1716 1011 πνευματικῆς
1726 975 1846 1011 θεωρίας

1053 1024 1070 1059 ἡ
1085 1024 1209 1059 δύναμις.

1090 1071 1173 1097 ΚΥΡ.
1191 1070 1264 1102 Ὅτι,
1283 1066 1306 1096 ὦ
1326 1068 1469 1101 nauale,
1488 1067 1649 1104 λαμπρότης
1674 1067 1723 1103 μἐν
1739 1067 1846 1098 ἅπασα,

1055 1117 1136 1151 σοφία
1146 1123 1176 1142 τε
1193 1115 1240 1143 καὶ
1256 1115 1380 1146 πλοῦτος,
1391 1114 1440 1141 καὶ
1456 1113 1508 1149 μὴν
1524 1113 1570 1140 καὶ
1586 1113 1673 1148 ἰσχὺς,
1683 1112 1848 1148 πρεπόντως

1054 1171 1084 1189 τε
1111 1161 1158 1189 καὶ
1181 1162 1262 1193 ὁσίως
1284 1161 1457 1188 ἀνακείσεται
1481 1159 1520 1195 τῷ
1545 1159 1615 1194 Θεῷ.
1639 1159 1727 1186 Αὐτοῦ
1752 1158 1810 1194 γὰρ
1830 1158 1847 1192 ἡ

1055 1208 1117 1241 δόξα
1135 1207 1182 1234 καὶ
1200 1209 1216 1243 ἠ
1232 1208 1306 1234 πᾶσα
1322 1207 1497 1243 λαμπρότης,
1519 1205 1636 1237 πλοῦτός
1652 1214 1681 1231 τε
1695 1205 1743 1232 καὶ
1755 1204 1848 1238 σοφία.

1055 1254 1103 1281 καὶ
1119 1253 1243 1289 δύναμις.
1268 1253 1337 1279 Ἀλλ’
1351 1254 1376 1279 εί.
1392 1253 1440 1288 μέν
1454 1261 1496 1284 τις
1509 1252 1595 1279 ἕλοιτο
1615 1253 1679 1288 παρ’
1694 1251 1789 1284 αὑτοῦ,
1802 1252 1850 1278 καὶ

1055 1300 1109 1328 ἀπὸ
1125 1299 1264 1335 θησαυροῦ
1285 1299 1388 1335 Κυρίου
1405 1298 1584 1330 πλουτίζοιτο,
1598 1298 1711 1325 πλοῦτον
1724 1298 1849 1334 δηλονότι

1054 1346 1101 1372 τὸν
1125 1345 1229 1380 νοητὸν,
1253 1344 1333 1376 δόξαν
1355 1352 1384 1370 τε
1407 1345 1454 1371 καὶ
1476 1344 1594 1376 σύνεσιν,
1621 1343 1669 1370 καὶ
1687 1344 1765 1379 ίσχῦν
1791 1343 1849 1378 ἔχει

1055 1391 1254 1426 πνευματικὴν,
1268 1390 1415 1426 περίοπτος
1429 1390 1507 1417 ἔσται
1523 1390 1572 1417 καὶ
1583 1389 1713 1424 ζηλωτός.
1730 1389 1803 1415 Είδὲ
1817 1389 1850 1424 δὴ

1056 1438 1177 1473 βούλοιτο
1197 1438 1278 1464 ταυτὶ
1293 1437 1367 1472 παρά
1384 1436 1431 1462 τοῦ
1455 1436 1558 1472 κόσμου
1582 1436 1692 1468 λαΰεῖν,
1720 1435 1850 1471 βδελυρὸς

1055 1484 1131 1511 ἔσται
1148 1484 1195 1511 καὶ
1211 1483 1404 1519 ἀπηχθημένος
1427 1483 1502 1518 παρά
1517 1491 1549 1517 γε
1564 1482 1603 1518 τῷ
1622 1482 1760 1519 φιλαρέτῳ
1777 1481 1848 1516 Θεῷ,

1055 1531 1102 1558 καὶ
1115 1531 1168 1557 ὑπὸ
1182 1531 1274 1566 κρίσιν
1285 1530 1361 1556 ἔσται
1376 1530 1422 1556 καὶ
1433 1530 1523 1565 δίκην.
1541 1529 1653 1564 Ἕψεται
1667 1529 1722 1564 γὰρ
1734 1525 1850 1559 πάντως

1055 1577 1094 1613 τῷ
1121 1578 1175 1613 μὲν
1199 1577 1305 1612 πλούτῳ
1327 1577 1358 1603 τδ
1383 1577 1533 1612 φιλήδονον,
1557 1576 1730 1612 λαμπρότητι
1751 1575 1780 1602 δὲ
1802 1575 1849 1601 καὶ

1057 1625 1204 1660 ὑπεροχαῖς
1219 1623 1317 1658 γείτων
1335 1623 1416 1655 εὐθὺς
1430 1624 1446 1658 ἡ
1463 1622 1598 1658 ὑπεροψία
1608 1631 1615 1638 ·
1631 1622 1804 1653 δυναστείαις
1818 1629 1850 1655 γε

1059 1670 1112 1706 μὴν
1129 1670 1332 1705 παραπέπηγεν
1345 1669 1362 1704 ἡ
1384 1669 1542 1702 πλεονεξία·
1556 1668 1637 1704 σοφίᾳ
1657 1668 1686 1695 δὲ
1705 1669 1739 1703 τῇ
1757 1668 1787 1694 ὲν
1804 1667 1851 1694 κό-

1058 1724 1131 1751 σμῳ,
1149 1716 1179 1742 τὺ
1196 1716 1372 1752 ἔν’δόγμασιν
1384 1716 1511 1748 ἀκαλλὲς,
1524 1715 1577 1742 κᾶν
1588 1716 1611 1742 εί
1631 1714 1661 1741 τὺ
1676 1713 1776 1749 εὖηχες
1792 1713 1850 1749 ἔχοι

1057 1761 1111 1789 τῶν
1128 1762 1218 1789 ἐκεῖνα
1230 1761 1409 1798 γεγραφότων
1424 1763 1440 1797 ἡ
1457 1761 1575 1795 γλῶττα.
1593 1760 1719 1787 Τοιοῦτόν
1737 1769 1764 1787 τι
1777 1761 1825 1787 καὶ
1836 1761 1850 1786 6

1058 1808 1164 1840 Παῦλός
1178 1817 1262 1844 φησιν
1274 1816 1281 1824 ⁸
1303 1818 1312 1834 ι
1332 1808 1367 1835 El’
1381 1808 1422 1840 τίς
1437 1809 1509 1835 ἐστιν
1523 1809 1551 1834 ὲν
1568 1808 1632 1843 ὑμῖν
1647 1806 1739 1841 σοφὸς,
1757 1806 1850 1842 μωρὸς

1057 1855 1189 1890 γενέσθω,
1204 1856 1246 1882 ίνα
1255 1855 1367 1890 γένηται
1380 1855 1463 1890 σοφός
1472 1863 1479 1870 ·
1489 1855 1506 1890 ή
1519 1854 1572 1890 γὰρ
1590 1854 1670 1888 σοφία
1684 1853 1732 1880 τοῦ
1743 1853 1849 1888 κόσμου

1056 1901 1163 1933 τούτου,
1180 1902 1271 1937 μωρία
1291 1901 1367 1937 παρὰ
1381 1901 1440 1937 Θεῷ
1452 1902 1535 1928 ἐστιν,
1555 1911 1564 1926 ι
1580 1901 1669 1936 ’Δχαρ
1682 1900 1715 1936 δὴ
1725 1898 1785 1932 οὖν,
1800 1900 1850 1927 οὐκ

1057 1947 1090 1974 ὲκ
1101 1947 1239 1983 θησαυροῦ
1254 1947 1373 1984 Χριστοῦ
1388 1947 1490 1980 λαϐὼν,
1504 1947 1561 1974 ἀλλ’
1576 1946 1733 1982 ὥσπράπδ
1743 1946 1848 1981 κόσμου

1057 1995 1106 2030 τῆς
1121 1995 1260 2030 Ἱεριχοῦς,
1272 1995 1438 2031 προσκρούει
1450 1994 1519 2031 Θεῷ.
1530 1995 1569 2021 Τὰ
1581 1995 1608 2021 δὲ
1624 1994 1747 2021 ἐντεῦθεν
1761 1993 1848 2029 βλάϐη

1058 2040 1106 2067 καὶ
1121 2040 1156 2066 τὰ
1172 2041 1204 2066 ὲκ
1219 2039 1295 2071 Θείας
1311 2040 1397 2075 ὀργῆς
1415 2039 1611 2075 συμϐαίνοντα,
1630 2039 1680 2066 οὐκ
1705 2039 1752 2065 ἐπὶ
1768 2039 1848 2074 μόνον

1058 2086 1155 2122 ἐχώρει
1179 2086 1224 2113 τὸν
1249 2086 1295 2113 ἐπὶ
1313 2086 1401 2113 τοῖσδε
1425 2085 1666 2121 κατεγνωσμένον,
1700 2084 1759 2112 ἀλλ’
1785 2084 1849 2119 ὅλην

1058 2133 1159 2159 ἐκάκου
1175 2132 1223 2167 τὴν
1241 2131 1403 2167 συναγωγήν
1414 2140 1421 2147 ·
1437 2131 1570 2166 ἀμέτοχος
1582 2130 1636 2166 γὰρ
1651 2129 1772 2164 γεγονὼς
1786 2130 1848 2156 ὲπι-

1058 2179 1169 2216 κουρίας
1191 2179 1240 2214 τῆς
1260 2178 1373 2212 ἄνωθεν,
1393 2179 1511 2215 ἀδρανής
1529 2187 1559 2205 τε
1581 2178 1629 2205 καὶ
1648 2178 1760 2210 ἄναλκις
1776 2175 1811 2213 ἦν
1834 2178 1850 2204 ὁ

1058 2227 1142 2254 πάλαι
1160 2226 1189 2252 δυ
1194 2227 1379 2258 σαλωτότατος
1402 2226 1520 2261 Ἰσραήλ,

253 2268 351 2295 PALL.
383 2267 526 2300 Quomodo
553 2271 600 2294 aut
624 2268 761 2294 nndcnam
779 2268 888 2295 edoceri
905 2277 1002 2303 possu-

1091 2273 1195 2299 ΠᾹΛΔ.
1213 2273 1267 2299 Καὶ
1283 2273 1342 2305 πῶς
1361 2273 1377 2308 ἢ
1405 2273 1487 2299 πόθεν
1502 2272 1700 2309 ἀναμάθοιμεν,
1717 2274 1756 2306 ὡς
1775 2273 1849 2301 ἐστιν

218 2322 279 2341 mus
307 2321 402 2341 verum
417 2322 477 2341 esse
506 2314 580 2348 quod
596 2318 639 2341 est
651 2322 665 2340 a
683 2318 708 2341 te
724 2314 774 2341 hac
787 2315 820 2342 dc
839 2323 868 2342 re
884 2316 1006 2342 dictum?

251 2359 329 2387 CYR.
358 2359 398 2386 Ex
428 2359 461 2386 iis
484 2367 545 2393 quae
575 2364 776 2393 consequenter
803 2361 904 2395 scripta
928 2366 1001 2388 sunt.

216 2406 280 2433 Post
297 2406 343 2432 illa
355 2407 428 2433 enim
444 2413 505 2440 qua:
524 2406 595 2433 circa
610 2406 705 2433 urbem
721 2406 842 2440 Jericlm,
861 2412 888 2435 et
905 2408 1004 2436 adver-

216 2459 263 2478 sus
278 2459 348 2483 eam,
367 2454 432 2478 sunt
448 2450 580 2485 prmciare
598 2459 630 2478 ac
646 2451 756 2480 fortiter
780 2458 864 2487 gesta,
880 2461 913 2480 ex
939 2454 1002 2480 uni-

217 2505 296 2525 verso
309 2497 416 2525 lsraelis
429 2498 531 2532 populo
556 2498 643 2525 lectos
673 2499 747 2526 viros
770 2500 844 2527 misit
863 2500 942 2528 Jcsus
967 2501 1002 2528 ab

215 2543 325 2570 Jericho
352 2542 379 2569 in
412 2543 543 2577 oppidum
567 2543 626 2574 Gai,
653 2543 768 2571 dicens:
794 2545 1002 2573 «Asecndenles

215 2588 387 2621 considerate
401 2587 460 2615 Gai.
475 2588 509 2616 Et
522 2589 706 2616 ascenderunt
720 2590 772 2617 viri
800 2591 850 2623 illi,
866 2595 894 2618 et
909 2592 1000 2618 consi-

214 2635 382 2662 deraverunt
393 2633 452 2666 Gai,
469 2640 497 2662 et
511 2636 614 2662 reversi
629 2640 693 2663 sunt
702 2636 736 2663 ad
752 2637 857 2669 Jesum,
878 2628 907 2665 et
923 2639 999 2666 dixe-

215 2685 281 2707 runt
296 2680 336 2707 ei:
348 2680 387 2707 Ne
402 2680 533 2708 ascendat
563 2682 595 2709 ad
621 2690 681 2710 eam
700 2684 788 2711 omnis
802 2685 929 2719 populus,
951 2686 998 2713 sed

214 2725 325 2752 circiter
336 2725 391 2753 duo
414 2731 462 2753 aut
475 2727 527 2754 tria
545 2728 630 2755 millia
656 2729 779 2757 virorum
796 2731 954 2764 asoendanl,
972 2737 1000 2758 ct

214 2769 484 2799 obsideanturbem:
505 2780 539 2799 ne
558 2773 643 2801 ducas
669 2782 702 2801 co
728 2775 888 2803 universum
912 2785 999 2812 popu-

214 2814 287 2845 lum;
301 2815 379 2849 pauci
388 2823 503 2851 namquc
513 2822 586 2845 sunt.
597 2818 630 2845 Et
640 2819 822 2847 ascenderunt
833 2828 866 2849 eo
879 2822 931 2849 viri
945 2822 1000 2850 cir-

254 2902 277 2916 "
294 2902 302 2929 1
321 2903 384 2930 Cor.
399 2912 437 2938 ιιι,
455 2905 497 2934 19.

1055 2317 1158 2353 ἀληθὴς
1172 2318 1186 2344 ὁ
1198 2318 1243 2344 ἐπὶ
1254 2318 1322 2353 τῷδε
1335 2318 1429 2352 λόγος;

1092 2365 1174 2392 ΚΥΡ.
1200 2365 1266 2391 Ἀπό
1287 2374 1319 2399 γε
1334 2364 1388 2392 τῶν
1411 2365 1510 2400 ἐφεξῆς
1533 2366 1745 2401 γεγραμμένων.
1771 2365 1850 2393 Μετὰ

1055 2410 1108 2446 γὰρ
1125 2410 1159 2437 τὰ
1176 2410 1246 2438 κατὰ
1260 2411 1309 2447 τὴν
1342 2411 1446 2447 Ἰεριχὼ
1463 2412 1510 2438 καὶ
1529 2412 1563 2438 τὰ
1577 2412 1621 2438 ἐπ’
1633 2412 1702 2447 αὐτῇ
1712 2412 1849 2448 λαμπρῶς

1055 2457 1102 2483 καὶ
1132 2456 1265 2489 νεανικῶς
1297 2458 1467 2493 εἰργασμένα
1493 2457 1570 2494 παρὰ
1594 2458 1693 2490 παντὸς
1726 2458 1846 2493 Ἰσραὴλ,

1054 2504 1213 2531 ἀπέστειλεν
1245 2504 1348 2540 Ἰησοῦς
1369 2505 1468 2542 ἄνδρας
1486 2506 1539 2532 ἀπὸ
1562 2505 1665 2541 Ἱεριχὼ
1678 2505 1718 2537 είς
1731 2505 1793 2537 Fat,
1806 2505 1848 2531 λέ-

1055 2559 1110 2584 γων
1118 2559 1124 2565 ·
1131 2561 1140 2576 ι
1147 2550 1307 2583 Ἀναϐάντες
1315 2551 1522 2586 κατασκέψασθε
1531 2551 1580 2587 τὴν
1587 2550 1848 2586 Γαΐ.Καὶλᾱνέ6ησαν

1057 2597 1081 2623 oi
1107 2597 1204 2632 ἄνδρες
1233 2597 1278 2623 καὶ
1310 2597 1513 2632 κατεσκέψαντο
1540 2597 1589 2634 τὴν
1616 2597 1683 2630 Γαῒ,
1713 2598 1761 2624 καὶ
1805 2597 1847 2623 ἀν-

1056 2641 1191 2676 έστρεψαν
1214 2641 1281 2677 πρὸς
1297 2636 1411 2677 ’Ϊησοῦν,
1433 2643 1480 2669 καὶ
1497 2640 1576 2668 εἶπαν
1599 2642 1667 2678 πρὸς
1688 2642 1780 2668 αὐτόν·
1802 2642 1847 2677 Μὴ

1054 2687 1222 2715 ἀναϐαινέτω
1238 2689 1291 2720 πᾶς
1304 2689 1318 2715 ὁ
1333 2687 1407 2720 λαὸς,
1425 2688 1482 2715 ἀλλ’
1494 2689 1559 2715 ὡσεὶ
1569 2689 1692 2724 δισχίλιοι
1707 2688 1724 2724 ἦ
1738 2689 1846 2724 τρισχί-

1052 2734 1104 2760 λιοι
1125 2734 1221 2770 ἄνδρες
1235 2734 1468 2769 ἁναὸαινὲτωσαν,
1485 2735 1532 2762 καὶ
1548 2735 1842 2770 ὲκπολιορκησάτωσαν

1052 2778 1102 2814 τὴν
1129 2779 1216 2807 πόλιν.
1239 2780 1285 2816 Μὴ
1305 2780 1446 2816 ἀναγάγῃς
1477 2782 1535 2808 ἐκεῖ
1564 2781 1609 2808 τὸν
1631 2781 1695 2808 λαὸν
1723 2781 1842 2807 ἆπαντα’

1053 2825 1137 2859 ὀλίγοι
1153 2826 1208 2862 γάρ
1230 2826 1292 2853 είσι.
1309 2827 1364 2854 Καὶ
1382 2827 1519 2863 ἀνέϐησαν
1537 2828 1595 2854 ἐκεῖ
1611 2827 1677 2854 ὡσεὶ
1700 2826 1842 2863 τρισχίλιοι
