1934 3042
78 177 130 206 365
454 177 497 205 DE
516 176 737 205 ADORATIONE
756 178 789 205 1N
809 177 943 206 SPIRITU
963 177 1007 204 ET
1028 177 1210 205 V'ERITATE.
1233 177 1294 204 LIB.
1317 177 1347 204 V.

1657 179 1708 208 3m

80 236 187 271 ἄνδρες,
201 236 251 262 καὶ
267 234 370 270 ἔφυγον
382 235 435 262 ἀπὸ
457 235 604 271 προσώπου
626 235 730 272 ἀνδρῶν
747 234 807 269 Fat,
823 236 871 263 καὶ

931 235 992 263 :iter
1003 235 1055 263 tria
1069 235 1165 269 millia,
1181 239 1209 263 et
1217 235 1346 271 fugerant
1358 243 1373 262 a
1393 234 1462 263 facie
1472 223 1596 263 viirorum
1607 235 1667 267 Gai.
1684 241 1709 263 r-t

80 282 246 309 ἀπέκτειναν
261 281 311 308 ἀπ’
334 281 424 309 αὐτῶν
445 281 541 316 ἄνδρες
565 280 615 307 Fat
636 281 677 313 εἰς
695 281 876 317 τριακονταὲξ-

80 327 189 363 ἇνδρας.
211 328 262 354 καὶ
282 327 448 359 κατεδίωξαν
464 327 563 358 αὐτοὺς
576 327 633 353 ἀπὸ
649 327 699 362 τῆς
710 327 808 363 πύλης,
826 327 879 355 καὶ

82 373 247 409 συνέτριψαν
257 373 358 405 αὐτοὺς
370 372 423 400 άπὸ
432 372 479 399 τοῦ
492 372 666 408 καταφεροΰς
674 381 681 388 ·
694 372 741 400 καὶ
753 373 881 410 ἐπτοήθη,

81 419 98 454 ἡ
114 419 214 454 καρδία
232 418 281 445 τοῦ
305 418 382 450 λαοῦ,
402 418 448 445 καὶ
471 418 582 452 ἐγένετο
597 417 694 455 ὥσπερ
707 416 790 454 ὔδωρ.
811 427 821 444 ι
841 419 873 444 0t

82 465 175 496 πόλεις
194 465 311 497 ἑλόντες,
324 464 371 491 καὶ
394 463 486 501 χώρας
509 463 744 500 καταδῃώπιντες,
770 464 816 491 καί
839 463 874 490 τὰ

82 511 213 547 ὠμότατα
232 510 287 537 τῶν
300 510 519 546 ὲθνῶνάμογητὶ
534 511 706 546 νικήσαντες,
731 510 874 545 ἀκαταμαι

82 558 177 594 χήτοις
193 558 422 593 περιτυγχάνουσι
441 558 498 588 τοῖς
518 556 573 584 ἀπὸ
592 557 643 592 τῆς
661 555 721 589 Γατ,
736 556 784 583 καὶ
798 556 875 591 μόλις

83 603 229 637 ἐσώζοντο,
247 604 294 630 καὶ
312 603 473 639 ἀπεχώρουν
487 603 538 630 οὐκ
552 602 676 638 ἀζήμιοι,
691 602 759 638 μηδὲ
772 602 836 637 ὃλην
846 602 874 628 ὲν

82 651 182 686 ἀρχαῖς
193 650 243 686 τὴν
257 650 312 677 τῶν
331 650 460 685 μαχίμων
480 648 584 684 πληθὺν
597 650 626 676 ὲν
639 648 732 680 ὅπλοις
744 646 814 675 εἶναι
832 648 876 675 θε-

82 697 236 733 λήσαντες,
263 696 498 731 εὐκαταγώνιστον
521 697 554 723 δὲ’
577 696 677 731 κομιδῇ
702 694 750 722 καὶ
775 694 876 730 ϐλίγοις

84 744 195 771 ἔσεσθαι
223 744 274 779 τὴν
297 743 374 770 πόλιν
395 739 544 779 διαρρήδην
573 742 801 778 ὁμολογήοαντες.
825 741 873 777 Μὴ

84 789 257 817 ἀναδαινὲτω
275 789 340 825 γὰρ,
365 788 494 823 ἔφασκον,
518 789 573 819 πᾶς
598 788 612 814 ὁ
633 787 709 820 λαδζ,
726 786 784 813 ἀλλ’
809 786 876 812 ὡσεὶ

86 834 214 869 δισχίλιοι
228 833 334 869 ἄνδρες.
347 833 420 869 Πρὸς
432 832 460 859 δὲ
473 832 503 859 τὸ
514 833 645 868 ἀδόκητον
657 831 754 863 πάθος,
765 831 813 858 καὶ
824 830 875 865 τὴν

85 879 132 914 τῆς
141 878 251 911 ἐλπίδος
261 879 389 906 ἐπέκεινα
400 878 554 914 συμφορὰν,
566 878 668 915 βαρυθυ
673 878 709 913 μή
714 885 808 908 σαντος
816 875 877 903 λίαν

923 282 1122 310 interieeerunt
1134 290 1167 310 ex
1180 282 1247 318 ipsis
1261 282 1314 309 viri
1326 281 1374 310 Gai
1385 282 1460 310 viros
1471 282 1581 311 circiter
1597 283 1708 319 triginta

923 337 985 363 sex;
999 328 1175 365 etpersecuti
1195 333 1258 357 sunt
1273 337 1321 357 eos
1334 337 1349 356 ιι
1363 333 1453 365 porta,
1473 333 1502 357 et
1517 330 1711 358 contrivernnt

923 375 985 403 illos
998 383 1014 402 a
1025 375 1125 403 declivi
1137 375 1214 404 loco;
1230 379 1258 401 et
1280 374 1452 410 pavefactum
1469 378 1512 402 est
1536 382 1584 402 eor
1603 375 1710 411 populi,
1730 395 1735 406 ,

923 421 1064 448 etinctum
1079 424 1121 447 est
1130 420 1284 455 velutaqua
1295 419 1326 446 “.
1342 429 1352 445 ι
1368 419 1419 453 Qui
1431 419 1515 446 urbes
1530 424 1671 455 ceperant,
1679 427 1712 447 ac

924 467 1051 502 regiones
1060 465 1182 501 populati
1196 465 1277 502 ιω
1287 465 1437 497 fuerant,et
1443 465 1607 501 saevissimas
1616 471 1712 501 gentes

923 512 1000 539 nullo
1010 512 1121 548 negotio
1132 511 1266 544 vicerant,
1281 511 1309 538 in
1326 511 1452 539 homines
1463 511 1512 539 Gai
1527 517 1656 546 tanquam
1671 511 1712 538 in-

923 558 1012 586 victos
1025 558 1161 592 incidunt,
1188 558 1289 594 vixque
1306 558 1422 585 salutem
1443 561 1567 591 tuentur,
1585 565 1637 585 nec
1654 558 1713 585 sine

922 604 1029 639 jactura
1045 603 1202 637 discedunt,
1214 603 1262 639 qui
1280 604 1359 640 prius
1374 612 1409 632 ne
1426 603 1586 632 universum
1599 603 1713 638 quidem

924 655 1106 685 pugnatorum
1120 658 1265 678 numerum
1272 650 1300 677 in
1317 650 1401 677 armis
1410 657 1471 677 esse
1484 650 1637 682 voluerant,
1650 649 1715 684 qui-

924 700 978 732 que
991 695 1120 724 facillime
1131 696 1174 724 vel
1190 704 1206 724 a
1225 697 1322 732 paucis
1337 696 1489 732 expugnari
1510 703 1589 731 posse
1615 695 1714 722 urbem

924 745 1020 778 aperte
1044 742 1161 778 professi
1189 742 1308 771 fuerant.
1329 743 1369 771 Ne
1391 742 1472 770 simul
1501 741 1646 773 ascendat,
1669 740 1713 767 in-

925 787 1035 823 quiunt,
1052 789 1200 816 universus
1214 789 1349 824 populus,
1364 788 1412 816 sed
1434 788 1546 816 circiter
1558 787 1613 815 duo
1628 787 1715 815 millia

924 834 1059 861 virorum.
1072 834 1152 862 Hunc
1178 835 1349 872 inopinatum
1373 840 1467 862 casum
1492 834 1714 869 insperatumque

926 879 1119 913 calamitatem,
1138 888 1200 908 cum
1216 881 1376 916 gravissime
1395 879 1481 908 ferret
1494 879 1588 913 Iesus,
1615 882 1643 907 et
1667 881 1716 907 ve-

83 925 131 952 ςοῦ
154 923 257 961 Ἰησοῦ,
271 925 319 951 καὶ
332 924 564 961 περιρρηγνύντος
582 925 631 959 μὲν
645 924 695 959 τὴν
713 923 826 958 ἐσθῆτα,
839 922 877 958 τῷ

931 930 999 953 stem
1011 925 1191 960 discinderet,
1204 931 1232 954 et
1247 930 1310 954 ante
1328 927 1414 954 Deum
1426 926 1594 962 procideret,
1608 933 1639 953 ac
1649 924 1715 961 quid

84 972 111 998 δὲ
124 971 186 1006 Θεῷ
208 971 438 1007 προσπίπτοντος,
456 971 505 998 καὶ
523 970 550 997 τί
571 969 636 996 ποτέ
656 970 714 996 ἐστι
730 969 762 996 τὸ
782 968 883 1004 χρῆμα»

85 1016 318 1050 κατατεϐηπὸτος,
343 1016 396 1051 ἔφη
418 1016 499 1048 Θεός·
520 1024 530 1041 ι
556 1015 703 1050 Ἀνάστηθι
715 1024 722 1030 ·
741 1015 784 1041 ἵνα
800 1014 826 1040 τί
844 1014 885 1041 σὺ·

83 1063 157 1090 οὕτω
175 1062 384 1098 συμπέπτωκας
393 1061 440 1088 ἐπὶ
457 1061 604 1097 πρόσωπόν
618 1069 683 1094 aou;
702 1061 883 1096 Ἦμάρτηκεν-

83 1110 98 1136 ὸ
106 1109 171 1140 λαὸς
180 1108 230 1135 καὶ
239 1116 278 1135 πα
282 1108 348 1144 ρέὸη
358 1108 408 1143 τὴν
418 1107 550 1143 διαθήκην
560 1116 621 1143 μου,
630 1107 664 1143 ἣν
671 1107 800 1142 διεθέμην
811 1107 879 1143 πρὸς

84 1154 194 1187 αὐτοὺς,
209 1154 257 1180 καὶ
273 1153 420 1188 κλέψαντες
435 1152 488 1180 άπὸ
501 1153 547 1180 τοῦ
568 1152 738 1188 ἀναθέματος
753 1153 883 1180 ἐνέϐαλον.

84 1201 123 1232 είς
136 1200 173 1226 τὰ
188 1199 275 1235 σκεύη
292 1199 391 1226 αὐτῶν.
406 1199 443 1226 Οὐ
460 1199 498 1235 μὴ
511 1199 643 1226 δύνωνται
657 1200 681 1226 οἰ
695 1199 749 1226 υἱοὶ
770 1199 878 1235 Ἰσραὴλ

85 1245 237 1280 ὑποστῆναι
261 1245 332 1272 κατὰ
350 1245 494 1280 πρόσωπον
510 1245 567 1272 τῶν
584 1245 690 1282 ἐχθρῶν
702 1246 809 1273 αὐτῶν·
828 1246 877 1274 αὕ-

84 1291 150 1327 χένα
173 1291 387 1327 ἐπιστρέφουσιν
405 1290 496 1318 ἔναντι
511 1291 565 1318 τῶν
586 1291 691 1327 ἐχθρῶν
714 1291 812 1324 αὐτῶν,
837 1290 878 1319 ὅτι

84 1332 258 1368 ἐγενήθησαν
276 1332 409 1368 ἀνάθεμα,
433 1333 462 1360 οὐ
483 1333 632 1369 προσθήσω
652 1333 693 1360 ἔτι
718 1331 788 1360 εῖναι
818 1333 879 1368 μεθ’

85 1378 176 1414 ὑμῶν,
188 1378 238 1405 ἐὰν
254 1378 291 1414 μὴ
305 1378 420 1414 ὲξάρητε
435 1378 467 1405 τὸ
479 1379 604 1414 ἀνάθεμα
618 1379 648 1411 ἐξ
661 1378 737 1414 ὑμῶν
750 1379 849 1406 αὐτῶν.
866 1388 875 1405 ι

87 1424 312 1460 Παραδειχῦέντα
322 1424 354 1459 δὴ
367 1424 412 1451 τὸν
429 1425 518 1460 ’Δχαρ
533 1425 615 1460 ἤρετο
630 1425 681 1460 μὲν
701 1424 814 1460 Ἰησοῦς,
833 1425 879 1452 λέ-

85 1478 142 1504 γων
153 1479 160 1486 ·
176 1479 187 1496 ι
211 1471 262 1502 Δὸς
275 1470 355 1503 δόξαν
369 1471 492 1506 σήμερον
509 1470 607 1506 Κυρίῳ
622 1469 662 1506 τῷ
673 1471 733 1506 Θεῷ
758 1472 877 1507 Ἰσραὴλ,

86 1516 134 1543 καὶ
159 1516 205 1548 δδς
228 1516 278 1552 τὴν
297 1515 491 1552 ἐξομολόγησιν
515 1517 564 1544 καὶ
589 1516 752 1552 ἀνάγγειλόν
783 1526 828 1553 μοι
852 1518 880 1544 τί

87 1563 231 1598 ἐποίησας.
256 1563 303 1591 καὶ
317 1562 354 1599 μὴ
374 1563 483 1600 κρύψῃς
503 1563 551 1590 ἀπ’
574 1563 653 1599 ἐμοῦ.
680 1563 829 1600 Ἀπεκρίθη
851 1563 879 1590 δὲ

928 971 1038 999 tandem
1066 980 1098 1000 ea
1124 981 1167 1000 res
1193 977 1267 1000 esset
1298 973 1499 1005 admiraretur,
1526 972 1596 1000 dixit
1621 971 1716 999 Deus:

932 1017 1041 1053 «‘Sm'ge
1054 1027 1061 1051 ;
1075 1026 1128 1045 cur
1135 1023 1165 1046 tu
1181 1019 1222 1046 sic
1236 1018 1381 1046 eoneidisti
1395 1018 1423 1045 in
1436 1018 1532 1045 faciem
1546 1017 1640 1046 tuam?
1651 1017 1719 1044 Pec-

929 1064 1000 1091 cavit
1011 1064 1140 1099 populus,
1166 1070 1194 1092 et
1211 1069 1397 1100 transgressus
1423 1067 1589 1100 estpactum
1613 1070 1717 1096 meum,

927 1109 1004 1145 quod
1016 1118 1079 1137 cum
1094 1111 1150 1138 illis
1162 1111 1264 1147 pepigi,
1284 1115 1313 1138 et
1326 1111 1409 1138 furati
1430 1118 1463 1138 ex
1479 1110 1653 1138 anathemate
1663 1109 1718 1136 mi-

928 1159 1025 1183 serunt
1036 1155 1065 1183 in
1081 1164 1145 1183 vasa
1163 1163 1226 1184 sua.
1240 1156 1299 1183 Non
1310 1160 1441 1192 poterunt
1449 1156 1497 1184 ﬁlii
1513 1155 1596 1184 lsrael
1623 1155 1717 1182 subsi-

929 1205 1002 1229 stere
1017 1201 1199 1236 antepfaciem
1223 1201 1345 1229 hostium
1367 1209 1498 1235 suorum;
1524 1201 1660 1229 cervicem
1685 1208 1719 1228 ac

929 1251 1038 1283 tergum
1049 1251 1159 1275 vertent
1167 1247 1197 1274 in
1214 1252 1363 1283 conspectu
1376 1248 1498 1275 hostium
1512 1254 1636 1280 suorum,
1653 1247 1719 1282 quia

928 1293 995 1321 laeti
1008 1298 1073 1321 sunt
1085 1293 1231 1320 anathema
1242 1302 1248 1321 :
1259 1301 1315 1321 non
1323 1293 1451 1330 adjiciam
1467 1294 1549 1326 ultra,
1563 1297 1593 1322 ut
1604 1293 1655 1320 sim
1666 1300 1718 1320 vo-

929 1340 1048 1373 biscum,
1059 1339 1113 1368 nisi
1129 1340 1300 1368 abstuleritis
1314 1340 1460 1368 anathema
1474 1347 1489 1367 a
1498 1339 1577 1367 vobis
1590 1339 1714 1375 ipsis".n

929 1386 1026 1422 Igitur,
1058 1395 1121 1414 cum
1148 1387 1286 1414 indicatus
1311 1391 1385 1414 esset
1410 1386 1512 1419 Achar,
1540 1385 1719 1421 interrogavit

930 1438 994 1460 eum
1010 1433 1101 1465 Iesus,
1117 1433 1226 1461 dicens:
1247 1442 1255 1459 ι
1266 1433 1305 1461 Da
1317 1432 1432 1469 gloriam
1444 1431 1527 1460 hodie
1537 1431 1652 1459 Domino
1661 1431 1718 1458 Deo

930 1479 1024 1511 ISrael,
1045 1482 1073 1506 et
1096 1478 1130 1506 da
1149 1477 1362 1511 confessionem,
1388 1482 1417 1506 et
1441 1477 1540 1506 nuntia
1557 1477 1626 1505 mihi
1651 1477 1718 1512 quid

931 1525 1030 1557 fecisti,
1055 1528 1082 1552 et
1099 1532 1134 1552 ne
1159 1525 1312 1552 abscondas
1332 1533 1347 1552 a
1364 1532 1418 1552 me.
1450 1523 1603 1559 Respondit
1626 1527 1717 1551 autem

931 1570 1022 1598 Achar
1035 1570 1111 1603 Jesu,
1121 1574 1148 1598 et
1161 1570 1247 1598 dixit:
1264 1571 1334 1598 Vere
1356 1570 1468 1606 peccavi
1485 1578 1579 1597 coram
1600 1569 1719 1597 Domino

90 1610 182 1645 ’Δχαρ
196 1609 236 1644 τῷ
252 1608 351 1644 Ἰησοῦ,
365 1610 412 1636 καὶ
426 1607 516 1636 εἶπεν·
538 1609 658 1645 ’Δληθῶς
668 1610 792 1645 ἥμαρτον
801 1610 873 1636 Evar-

932 1616 1035 1648 lsrael;
1050 1616 1088 1643 sic
1100 1616 1173 1643 etsic
1185 1615 1313 1643 feci.Vidi
1326 1615 1398 1643 inter
1405 1615 1493 1650 spolia
1505 1615 1595 1651 psilen
1605 1615 1720 1647 variam.

87 1656 145 1684 τίον
159 1656 262 1692 Κυρίου
275 1655 343 1682 Θεοῦ
367 1656 486 1692 Ἰσραὴλ,
498 1655 585 1688 οὕτως
597 1657 643 1683 καὶ
654 1656 740 1687 οὕτως
751 1655 879 1691 ἐποίησα.

89 1699 168 1728 Εἶδον
185 1702 216 1728 ὲν
226 1701 259 1737 τῇ
276 1702 403 1737 προνομῇ⁴
410 1701 492 1737 ψιλὴν
509 1701 637 1737 ποικίλην
648 1701 694 1728 καὶ
708 1700 833 1727 διακόσια
842 1700 881 1727 δί-

89 1747 202 1783 δραχμα
218 1747 363 1783 ἀργυρίου,
380 1747 428 1773 καὶ
446 1747 573 1781 γλῶσσαν
589 1747 653 1783 μίαν
665 1747 770 1783 χρυσῆν
784 1747 881 1782 πεντή-

90 1802 175 1821 κοντα
189 1793 357 1829 διδράχμων,
369 1793 416 1820 καὶ
427 1790 592 1828 ἐνθυμηθεὶς
605 1792 694 1820 αὐτῶν
711 1791 818 1825 ἔλαϐον,
834 1792 881 1819 καὶ

92 1839 147 1866 ἰδοὺ
163 1839 319 1874 κέκρυπται
342 1839 429 1866 ταῦτα
450 1839 479 1866 ὲν
496 1840 529 1874 τῇ
549 1840 597 1874 γῇ,
617 1840 648 1865 ὲν
661 1840 694 1874 τῇ
713 1840 798 1874 σκηνῇ
819 1847 880 1874 μου,

90 1886 140 1912 καὶ
147 1885 179 1911 τὺ
188 1884 321 1920 ἀργύριον
334 1884 489 1920 κέκρυπται
499 1885 628 1912 ὑποκάτω
641 1884 741 1912 αὐτῶν.
760 1880 882 1920 γΣυνίης

89 1932 131 1959 ὅτι
156 1931 203 1957 καὶ
220 1931 334 1962 a61b¢~6'
350 1930 491 1965 κεκλοφὼς
520 1931 673 1967 ἑωρακέναι
695 1931 785 1966 φησῖψ
801 1931 831 1957 ὲν
848 1931 881 1966 τῇ

91 1980 219 2013 προνομῇ
248 1977 335 2013 ψιλὴν
354 1977 493 2012 ποικίλην,
521 1977 569 2004 καὶ
595 1976 720 2004 διακόσια
747 1975 883 2013 δίδραχμα

90 2025 238 2061 ἀργυρίου,
264 2024 324 2051 καὶ.
336 2023 464 2058 γκῶσσαν
482 2023 587 2059 χρυσῆν
606 2023 775 2059 πεντήκοντα
794 2022 883 2058 διδρά-

90 2079 181 2106 χμων,
197 2069 384 2106 ἐνθυμηθῆναί
397 2076 427 2096 τε
440 2069 541 2102 αὐτῶν,
550 2069 698 2102 τουτέστιν,
711 2070 751 2101 εἰς
763 2069 889 2104 ἄθεσμον·

90 2117 183 2145 αὐτῶν
194 2116 343 2152 ἐπιθυμίαν
352 2116 450 2144 ἐλθεῖν.
460 2114 514 2153 Τὴν
525 2116 573 2151 μὲν
587 2110 633 2143 οὖν
644 2116 735 2152 ψιλὴν,
752 2123 884 2152 στρατιω-

89 2164 171 2200 τικὴν
186 2164 287 2191 οἴονται
300 2164 406 2199 στολὴν,
415 2163 540 2199 χλαμύδα
550 2172 580 2189 τε
593 2161 661 2190 εἷναί
679 2171 744 2198 φασι
755 2162 885 2194 ποικὶλως

91 2209 295 2245 ὲξυφασμένην·
307 2207 502 2244 στρατιωτικδν
514 2207 542 2234 δὲ
555 2207 586 2233 τδ
601 2207 666 2243 ἔσϐη
672 2215 718 2243 μα,
731 2207 778 2234 καὶ
790 2207 886 2233 πλεον-

91 2257 168 2290 εξίας
197 2257 342 2293 σύμὸολον.
353 2255 542 2291 Παραπέφυκε
556 2256 611 2291 γὰρ
626 2255 669 2282 ἀεί
679 2264 736 2287 πως
747 2252 786 2290 τῷ
802 2260 885 2290 στρα-

91 2303 219 2339 τευσίμῳ
231 2291 307 2337 γένει
325 2302 356 2329 τὸ
376 2303 414 2334 ὡς
435 2302 533 2337 ἥδιστα
551 2300 734 2327 πλεονεκτεῖν.
750 2299 841 2331 Tum;
855 2299 885 2326 δὲ
903 2291 923 2318 D

91 2348 126 2377 αὖ
138 2350 331 2385 λαμπρότητος
345 2348 493 2383 κοσμικῆς,
509 2347 539 2374 τὸ
555 2347 687 2383 ἀργύριον
701 2355 709 2362 σ
729 2347 776 2374 καὶ
789 2346 886 2382 σοφίας

90 2397 143 2432 τῆς
161 2395 324 2432 Ἑλληνικῆς
346 2395 395 2430 τῆς
417 2393 562 2429 ἡδυεποῦς,
587 2393 604 2428 ή
627 2391 747 2428 γλῶσσα.
767 2392 886 2428 Τοιαύτη

90 2442 134 2474 τίς
150 2443 211 2469 ἑστι
227 2441 275 2468 καὶ
288 2442 305 2476 ἡ
323 2441 379 2468 τῶν
397 2439 465 2475 παρ’
482 2439 597 2474 Ἕλλησι
616 2437 706 2473 σοφῶν
725 2437 837 2472 γλῶσσά
855 2445 885 2464 τε

91 2490 140 2517 καὶ
153 2489 303 2522 παίδευσις,
315 2487 396 2515 οἱονεὶ
408 2486 495 2524 χρυσῆ
505 2495 534 2513 τε
546 2486 593 2513 καὶ
601 2484 785 2522 ὲντιμωτιὶτη,
799 2485 842 2513 διά
853 2494 885 2519 γε

91 2536 122 2563 τὸ
155 2536 184 2561 ἐν
204 2534 276 2568 λέξει
300 2533 459 2569 περιφανές.
495 2532 754 2567 Ἐκκεκαλυμμένης
776 2531 804 2558 δὲ
833 2529 884 2566 ἤδη

90 2583 143 2618 τῆς
157 2581 306 2617 ἁμαρτίας,
320 2581 426 2611 ποιναῖς
441 2579 563 2606 ὑπετίθει
575 2579 621 2606 τὸν
637 2579 727 2614 Ἀχαρ
738 2579 752 2604 ὁ
769 2577 884 2613 Ἰησοῦς,

90 2629 141 2665 οὐχ
157 2628 255 2656 ἑαυτὸν
266 2626 417 2662 ἠδικηκότα
435 2626 525 2661 μόνον,
539 2625 596 2652 ἀλλ’
609 2626 649 2658 εἰς
663 2625 727 2660 ὅλην
748 2623 798 2660 τὴν
821 2633 884 2650 συν-

90 2674 205 2710 αγωγὴν
218 2673 268 2709 τὴν
283 2674 315 2701 ὲκ
331 2672 379 2708 τῆς
399 2671 466 2704 ἰδίας
478 2671 615 2708 ἀκρατοῦς
629 2671 778 2707 ἐπιθυμίας
792 2670 882 2697 ἐκτεί-

89 2731 175 2750 ναντα
190 2720 304 2756 βλάϐην.
317 2718 372 2747 Kal
384 2719 455 2754 τάχα
468 2728 518 2745 που
532 2718 611 2745 τοῦτό
623 2719 681 2745 ἐστι
699 2717 729 2744 τὸ
741 2717 841 2754 ἄριστὰ
854 2725 884 2743 τε

91 2769 139 2795 καὶ
163 2766 257 2801 σαφῶς
276 2765 319 2793 διὰ
332 2765 382 2801 τ’ἡς
398 2764 445 2792 τοῦ
466 2765 572 2792 Παύλου
601 2763 692 2799 φωνῆς
715 2764 782 2799 πρὶς
810 2764 884 2799 ἡμᾶς

89 2814 238 2850 εἰρημένον
252 2821 258 2827 ·
276 2822 285 2838 ι
309 2811 441 2847 Ἑξάρατε
451 2809 496 2837 τὸν
511 2810 629 2845 πονηρὸν
643 2809 673 2842 ἐξ
687 2809 763 2846 ὑμῶν
775 2809 863 2836 αὐτῶν
875 2816 882 2823 ·

129 2906 220 2936 “Jos.
235 2914 280 2934 vn.
294 2905 353 2933 2—5.
393 2904 495 2932 “ibid.
514 2905 546 2932 lO
561 2911 636 2939 seqq.

676 2905 697 2919 ⁸⁵
712 2903 780 2931 ibid.
797 2904 828 2932 19
841 2911 916 2940 seqq.

932 1665 960 1689 et
975 1661 1108 1689 ducentos
1118 1662 1199 1689 siclos
1208 1661 1324 1697 argenti,
1334 1664 1362 1689 et
1374 1661 1496 1697 linguam
1510 1670 1594 1689 unam
1609 1669 1721 1690 auream

934 1708 1133 1744 quinquaginta
1145 1709 1289 1742 siclorum,
1299 1712 1327 1736 et
1339 1708 1463 1744 cogitans
1475 1707 1509 1736 de
1526 1708 1594 1744 ipsis
1604 1708 1699 1743 accepi
1713 1716 1721 1741 ;

932 1758 961 1781 et
972 1762 1037 1782 ecce
1056 1754 1189 1782 abseonsa
1201 1758 1266 1782 sunt
1277 1754 1336 1782 haec
1358 1754 1386 1782 in
1401 1759 1475 1782 terra
1491 1754 1519 1781 in
1544 1753 1723 1782 tabernaculo

932 1807 1004 1833 meo,
1028 1805 1056 1828 et
1067 1805 1211 1836 argentum
1235 1801 1398 1828 absconsum
1413 1803 1455 1828 est
1469 1800 1521 1828 sub
1540 1800 1595 1827 illis
1606 1800 1638 1827 ".
1654 1809 1662 1825 ι
1677 1799 1723 1827 In-

933 1847 1033 1881 telligis
1048 1855 1122 1879 eum,
1144 1847 1192 1882 qui
1203 1847 1308 1874 furtum
1330 1846 1444 1878 fecerat,
1465 1846 1558 1874 dicere
1577 1846 1680 1873 vidisse
1694 1853 1724 1873 se

933 1892 1006 1919 inter
1017 1892 1104 1927 spolia
1124 1892 1212 1927 psilen
1236 1892 1351 1925 variam,
1374 1896 1402 1919 et
1422 1891 1556 1919 ducentos
1575 1891 1657 1919 siclos
1677 1899 1724 1919 ar-

933 1939 1017 1974 genti,
1031 1943 1059 1966 et
1069 1938 1189 1974 linguam
1206 1945 1318 1966 auream
1329 1938 1527 1974 quinquaginta
1547 1937 1725 1966 didrachma-

934 1982 1005 2017 rum,
1018 1987 1047 2011 et
1062 1985 1197 2019 cogitasse
1224 1984 1259 2011 de
1279 1983 1356 2020 ipsis,
1371 1984 1398 2011 id
1420 1988 1472 2016 est,
1489 1984 1524 2012 ad
1538 1992 1634 2012 eorum
1645 1983 1726 2011 nefa-

935 2029 1004 2056 riam
1017 2029 1196 2064 cupiditatem
1212 2029 1331 2056 venis'se.
1347 2028 1438 2057 Psilen
1452 2028 1659 2064 igitur‘quidam
1671 2029 1725 2056 mi—
1762 2024 1767 2029 ’

935 2075 1043 2103 litarent
1062 2083 1123 2103 esse
1140 2075 1237 2103 stolam
1251 2078 1360 2110 putant,
1376 2079 1404 2103 et
1425 2074 1596 2111 chlamydem
1610 2082 1670 2102 esse
1682 2075 1725 2102 di-

934 2114 1001 2148 eunt
1008 2121 1084 2148 varie
1101 2124 1273 2148 contextam:
1286 2125 1427 2148 cstautem
1441 2129 1473 2149 ea
1487 2121 1573 2149 vestis
1588 2120 1726 2152 militaris,

936 2170 964 2194 et
977 2167 1133 2203 iniquitatis
1149 2167 1314 2203 symbolum.
1334 2167 1449 2195 lnsitum
1460 2171 1504 2195 est
1523 2175 1642 2203 namque
1656 2167 1728 2195 mili-

937 2213 989 2240 tari
1010 2212 1152 2240 hominum
1163 2213 1265 2249 generi,
1276 2213 1499 2241 utlibentissime
1512 2213 1565 2241 sibi
1582 2214 1727 2249 plusquam

937 2258 1180 2293 aquitas‘patitur,
1194 2258 1326 2286 vindicet.
1352 2256 1440 2286 Porro
1469 2257 1624 2295 splendoris
1645 2265 1727 2286 mun—

937 2303 1001 2331 dani
1016 2303 1102 2339 ﬁgura
1116 2308 1159 2331 est
1173 2307 1319 2340 argentum
1331 2313 1337 2337 ;
1348 2304 1442 2340 lingua
1453 2311 1520 2331 vero
1532 2304 1728 2339 suaviloquen-

938 2349 973 2377 tis
985 2349 1128 2385 gentilium
1141 2350 1283 2385 sapientia:
1307 2350 1426 2386 signum.
1445 2349 1587 2385 Ejusmodi
1600 2353 1642 2377 est
1656 2350 1728 2386 apud

937 2395 1080 2431 gentilium
1093 2395 1230 2432 sapientes
1240 2396 1334 2432 lingua
1344 2401 1372 2424 et
1388 2396 1517 2430 eruditio,
1536 2401 1664 2432 tanquam
1682 2405 1730 2424 au.

938 2449 995 2474 rea,
1009 2446 1037 2469 et
1051 2441 1079 2469 in
1088 2441 1185 2477 primis
1200 2442 1333 2477 pretiosa,
1347 2442 1421 2477 quod
1435 2442 1470 2469 ad
1492 2441 1624 2470 dictionis
1646 2440 1729 2470 clari-

938 2488 1022 2515 tatem
1050 2488 1180 2522 pertinet.
1198 2484 1278 2523 147
1295 2487 1411 2515 Peccato
1426 2492 1518 2516 autem
1530 2489 1586 2524 jam
1609 2487 1729 2521 detecto,

941 2542 1027 2569 preme
1039 2534 1144 2562 addixit
1156 2533 1245 2570 ipsum
1256 2533 1347 2561 Achar
1358 2533 1448 2568 Iesus,
1462 2533 1535 2570 quod
1557 2542 1613 2562 non
1651 2534 1679 2562 in
1700 2542 1730 2562 se

940 2579 1030 2615 ipsum
1047 2581 1139 2612 modo,
1149 2579 1196 2616 qui
1209 2579 1322 2607 sceleris
1349 2583 1446 2607 auctor
1462 2585 1533 2614 erat,
1557 2580 1606 2608 sed
1620 2579 1648 2608 in
1669 2580 1732 2608 uni—

940 2634 1048 2654 versam
1064 2626 1233 2663 Synagogam
1248 2625 1410 2662 perniciem,
1427 2633 1442 2654 e
1459 2633 1506 2653 sua
1522 2626 1665 2661 impotenti
1681 2634 1732 2654 cu-

940 2673 1054 2708 piditate
1068 2673 1229 2709 profectam,
1250 2672 1395 2701 attulisset.
1420 2672 1454 2699 Et
1467 2672 1521 2699 hoc
1531 2672 1598 2700 illud
1617 2676 1659 2700 est
1673 2672 1731 2700 for-

940 2723 1011 2747 tasse
1039 2712 1113 2754 quod
1126 2719 1229 2754 optime
1242 2727 1273 2747 ac
1291 2718 1494 2754 sapientissime
1507 2722 1550 2746 est
1565 2717 1645 2745 nobis
1653 2718 1732 2747 Pauli

939 2773 1004 2793 voce
1018 2765 1137 2793 dictum:
1163 2766 1296 2794 «Auferte
1329 2765 1431 2792 malum
1446 2772 1461 2792 a
1483 2764 1561 2792 vobis
1573 2763 1656 2799 ipsis:
1670 2772 1732 2792 mo-

938 2811 1030 2838 dicum
1058 2811 1224 2840 fermentum
1244 2817 1331 2841 totam
1354 2819 1472 2840 massam
1495 2810 1647 2847 corrumpit
1669 2809 1703 2838 ⁶⁷.
1717 2817 1727 2835 ι

957 2905 978 2920 ⁴¹⁷
995 2904 1005 2932 l
1020 2903 1082 2932 Cor.
1096 2912 1121 2937 v,
1135 2905 1160 2932 6.
