1934 3042
84 124 142 152 573

85 272 178 308 ἄνδρα
195 272 244 298 Eva.
255 272 327 298 κατὰ
343 271 438 306 φυλὴν,
454 271 525 298 κατὰ
542 272 645 307 δήμους
661 270 783 306 πατριῶν
796 270 884 297 αὐτῶν

30 315 39 356 ί
85 319 256 350 ἀποστελεῖς
277 318 388 349 αὐτοὺς,
405 318 496 344 πάντα
519 317 641 353 ἀρχηγὸν
665 317 695 349 ἐξ
711 316 811 344 αὐτῶν.
830 316 885 343 Καὶ

87 364 287 398 ἐξαπέστειλεν
301 364 400 396 αὐτοὺς
425 363 528 399 Μωσῆς
545 365 578 390 ὲκ
602 363 654 399 τῆς
670 364 775 400 ἐρήμου
795 363 885 398 Φαρὰν

31 444 41 448 ,ν
87 411 135 438 διὰ
159 411 253 446 φωνῆς
279 409 402 445 Κυρίου,
431 410 533 442 πάντες
558 410 654 446 ἄνδρες
677 410 795 445 ἀρχηγοὶ
820 410 886 436 υῑῶν

94 455 220 491 Ἰσραήλ.
245 465 255 482 ›
283 455 533 491 Ἀπηριθμημένων
550 455 579 482 δὲ
593 455 664 482 κατὰ
682 451 768 490 φυλάς
790 464 819 482 τε
839 456 887 482 καὶ

88 502 160 537 γένη
178 501 234 529 τῶν
257 500 513 536 ὲξαπεσταλμένων,
539 501 666 537 ἐπιφέρει
685 501 782 528 πάλιν·
804 511 812 527 ι
831 501 887 529 Kal

29 536 40 591 ἶ
89 536 249 579 ἀναϐάντες
269 546 474 581 κατεσκέψαντο
497 547 546 582 τὴν
560 547 614 582 γῆν
626 536 688 574 άπὸ
710 548 760 584 τῆς
783 549 886 584 ἐρήμου

91 595 151 627 ἓν,
168 594 223 626 ἕως
241 593 336 626 Ῥοὼϐ,
359 594 595 630 εἰσπορευομένων
612 594 710 630 Ἑμάθ.
727 604 735 620 ι
755 595 810 622 Καὶ
829 594 887 637 μεθ’

29 642 34 645 ’
89 641 195 676 ἕτερα·
214 642 284 668 dial
297 639 378 677 ἦλθον
389 641 443 673 ἕως
456 642 599 677 φάραγγος
613 643 739 678 Βότρυος,
758 643 804 670 καὶ
820 652 888 670 κατ-

93 687 252 722 εσκέψαντο
277 688 374 723 αὐτὴν,
392 688 439 714 καὶ
455 687 557 722 ἔκοψαν
587 688 692 715 ἐκεῖθεν
716 688 818 725 κλῆμα.
841 690 888 717 καὶ

30 725 36 741 τ
91 731 197 767 βότρυν
216 732 353 768 σταφυλῆς
369 732 417 759 ἕνα
439 733 482 759 ἐπ’
504 733 599 766 αὑτοῦ,
617 734 662 760 καὶ
676 732 746 769 ἦραν
760 735 825 762 αὐτὸ
845 735 888 761 ἐπ’

29 780 37 787 ‘
87 778 275 813 ἁναφορεῦσι,
290 779 338 804 καὶ
348 779 403 805 ἀπὸ
410 778 466 805 τῶν
483 779 572 814 ῥοιῶν,
590 779 636 806 καὶ
647 780 702 807 ἀπὸ
711 780 765 807 τῶν
781 781 887 808 σύκων·

33 823 38 834 ⁵
91 823 143 850 καὶ
159 823 207 850 ’τὸν
223 824 305 850 τόπον
318 824 422 851 ἐκεῖνον
437 824 630 860 ἐπωνόμασαν,
645 825 753 861 φάραγξ
762 826 887 862 Βότρυος,

30 867 34 916 ζ
89 870 139 897 διὰ
163 871 211 897 τὸν
230 871 337 907 βότρυν,
354 872 383 898 ὃν
400 871 501 907 ἔκοψαν
523 856 627 900 ἐκεῖθεν
649 856 673 899 οἱ
687 856 752 900 'uldl'
769 856 886 908 Ἰσραὴλ,
905 856 926 883 Β

29 924 33 927 “
91 916 143 943 καὶ
160 917 337 953 ἀπέστρεψαν
362 918 466 945 ἐκεῖθεν
491 919 730 954 κατασκεψάμενοι
753 918 802 947 τὴν
824 918 886 953 γῆν,

94 963 170 997 μετὰ
191 964 394 999 τεσσαράκοντα
408 965 515 1001 ἡμέρας
526 974 533 981 ·
546 966 594 992 καὶ
617 965 795 1001 πορευθέντες
807 962 888 1001 ἦλθον

93 1009 167 1044 πρὸς
181 1010 283 1046 Μωσῆν
302 1011 349 1037 καὶ
372 1010 491 1046 Ἀαρὼν,
517 1011 564 1038 καὶ
577 1011 643 1046 πρὸς
657 1012 749 1043 πᾶσαν
765 1019 902 1044 συναγω-.

94 1054 150 1090 γὴν
164 1055 221 1081 τῶν
237 1056 303 1082 υἱῶν
324 1057 433 1092 Ἰσραὴλ
449 1058 489 1088 εἰς
503 1057 553 1092 τὴν
569 1056 671 1093 ἔρημον
685 1056 776 1092 Φαρὰν
786 1056 887 1090 Κάδης.

93 1100 152 1127 Καὶ
167 1100 358 1136 ἀπεκρίθησαν
372 1101 464 1133 αὐτοῖς
480 1102 566 1137 ῥῆμα,
586 1102 631 1128 καὶ
640 1102 714 1138 πάσῃ
732 1104 888 1138 συναγωγῇ,

93 1147 146 1172 καὶ
170 1146 276 1179 ἔδειξαν
291 1147 338 1174 τὸν
359 1148 465 1183 καρπδν
492 1148 542 1183 τῆς
567 1148 628 1183 γῆς,
654 1148 700 1175 καὶ
727 1148 889 1183 διηγήσαντο

94 1192 184 1227 αὐτῷ,
201 1193 248 1219 καὶ
263 1190 350 1220 εἷπον·
375 1193 510 1229 Ἤλθομεν
521 1194 561 1225 εἰς
579 1194 629 1230 τὴν
643 1194 694 1230 γῆν
710 1195 749 1226 εἰς
770 1195 803 1230 ἦν
835 1195 889 1222 άπ-

95 1237 229 1270 έστειλας
243 1239 328 1274 ἡμᾶς,
337 1239 389 1275 γῆν
404 1239 518 1275 ῥέουσαν
526 1239 596 1274 γάλα
612 1240 658 1267 καὶ
673 1240 743 1276 μέλι,
756 1240 801 1267 καὶ
813 1238 890 1272 οὗτος

94 1284 112 1310 6
127 1285 236 1320 καρπὸς
251 1285 347 1320 αὐτῆς.
367 1285 437 1312 ’Δλλ’
452 1285 468 1321 ἥ
485 1286 526 1312 ὅτι
537 1285 624 1321 θρασὺ
642 1286 672 1312 τὸ
690 1286 765 1318 ἔθνος
778 1286 808 1312 τὸ
822 1294 890 1312 κατ-

95 1329 190 1356 οικοῦν
207 1330 253 1356 ἐπ’
269 1331 365 1366 αὐτῆς,
389 1332 436 1358 καὶ
464 1332 558 1363 πόλεις
572 1331 670 1367 ὀχυραὶ
691 1331 891 1366 τετειχισμέναι

95 1375 147 1402 καὶ
161 1375 278 1410 μεγάλαι
295 1377 409 1412 σφόδρα,
428 1377 475 1404 καὶ
488 1377 538 1413 τὴν
551 1376 647 1411 γενεὰν
669 1377 750 1404 Ἐνὰκ
765 1377 890 1412 ἑωράκα-

101 1430 150 1456 μεν
169 1423 238 1448 ἐκεῖ.
254 1431 265 1447 ›
281 1422 379 1457 Συνίης
391 1423 468 1453 ὅπως
481 1423 506 1449 οἱ
517 1422 662 1458 εὐπτόητοι
673 1431 703 1449 τε
718 1423 765 1458 καὶ
779 1422 893 1456 ἀτολμό-

99 1476 177 1494 τατοι
198 1468 253 1494 τῶν
269 1468 500 1503 κατεσκεμμένων
523 1468 572 1504 τὴν
591 1468 642 1503 γῆν
661 1468 711 1503 τῆς
727 1467 893 1503 ἐπαγγελίας

462 123 507 151 DE
525 123 746 151 ADORATIONE
765 123 798 151 IN
819 122 955 151 SPIRITU
974 123 1018 151 ET
1039 124 1221 152 VENTATE.
1242 124 1306 152 LIB.
1327 125 1358 152 V.

33 209 40 215 ,
84 180 203 216 ἄνδρας,
221 179 268 206 καὶ
293 178 563 214 κατασκεψάσθωσαν
580 179 628 215 τὴν
643 179 695 214 γῆν
710 179 764 206 τῶν
791 179 881 205 Χανα-

943 178 1019 212 viros,
1043 183 1071 206 et
1090 180 1234 215 explerent
1256 183 1357 208 terram
1381 179 1616 213 Chananaeorum,
1641 188 1721 216 quam

38 260 43 266 Α
84 227 187 258 ναίων,
204 226 238 261 ὴν
254 224 309 259 ἐγὼ
321 225 417 260 διδωμι
429 227 486 257 τοῖς
498 226 566 258 υἱοῖς
583 225 693 261 Ἰσραὴλ
707 225 882 260 κατάσχεσιν,

1671 126 1720 152 5τᾶ

936 231 986 259 ego
1010 224 1046 252 do
1062 224 1127 252 ﬁliis
1143 223 1226 253 Israel
1245 226 1273 253 in
1293 225 1505 261 possessionem,
1531 226 1653 261 singulos
1675 234 1721 262 per

936 269 1057 305 singulas
1089 271 1195 302 tribus;
1227 273 1377 300 secundum
1411 273 1527 308 populos
1556 271 1722 300 familiarum

936 316 1058 351 ipsorum
1070 317 1164 344 mittes
1179 318 1250 351 illos,
1262 326 1371 346 omnem
1386 318 1537 354 principem
1548 326 1583 346 ex
1595 318 1672 353 ipsis.
1689 319 1723 346 Et

936 361 1011 390 misit
1024 369 1072 390 eos
1088 363 1194 398 Moyses
1205 371 1238 391 ex
1257 363 1366 392 deserto
1380 364 1487 392 Pharan
1504 372 1554 399 per
1564 371 1659 392 vacem
1671 365 1724 391 Do-

936 409 1022 443 mini;
1045 418 1144 438 omnes
1162 410 1216 438 viri
1244 410 1383 446 principes
1405 410 1524 438 ﬁliorum
1545 411 1627 438 Israel
1651 411 1684 438 "'.
1710 420 1719 436 ι

937 455 1050 489 Deinde,
1069 457 1220 484 numeratis
1236 457 1270 484 iis
1287 457 1333 492 qui
1353 457 1429 485 missi
1440 461 1513 490 sunt,
1533 465 1583 492 per
1599 457 1686 485 tribus
1695 462 1736 485 et

937 510 1053 537 genera,
1074 502 1198 538 adiungit
1219 502 1318 530 iterum
1341 512 1348 529 :
1369 512 1378 528 ι
1394 503 1506 531 Etcum
1524 503 1722 536 ascendissent,

937 547 1148 581 exploraverunt
1173 552 1271 574 terram
1296 547 1371 583 151
1389 555 1404 575 a
1425 547 1533 576 deserto
1552 548 1615 581 Sin,
1637 556 1724 583 usque

938 594 1026 627 Roob,
1041 594 1208 627 intrantibus
1217 595 1315 622 Emath
1328 595 1375 622 ⁷³.»
1389 595 1423 622 Et
1433 599 1495 630 post
1505 596 1652 622 nonnulla:
1667 605 1677 621 ι
1691 595 1725 622 Et

937 645 1073 667 venerunt
1084 648 1168 675 usque
1179 641 1213 668 ad
1229 641 1328 670 vallem
1340 641 1424 673 Botri,
1438 645 1466 668 et
1479 641 1724 669 consideraverunt

938 693 1008 718 eam,
1027 690 1055 713 et
1081 686 1260 714 absciderunt
1278 687 1343 714 inde
1362 687 1514 722 palmitem,
1551 691 1579 714 et
1612 686 1723 713 botrum

938 737 998 757 uvaa
1011 737 1096 757 unum
1106 738 1189 766 super
1204 739 1278 764 eum,
1299 735 1327 758 et
1338 731 1510 760 sustulerunt
1530 731 1607 758 illum
1633 730 1661 756 in
1676 738 1724 757 ve-

939 775 1040 808 ctibus,
1065 779 1093 802 et
1119 776 1153 803 de
1174 776 1377 812 malogranatis,
1403 780 1431 804 et
1447 776 1481 804 de
1499 776 1569 809 ﬁcis;
1578 775 1726 803 et-Ioeum

940 820 1016 847 illum
1028 821 1236 856 appellaverunt
1245 822 1344 849 vallem
1358 822 1434 849 Botri
1447 841 1454 853 ,
1468 825 1582 856 propter
1604 821 1725 851 botrum,

939 874 1022 902 quem
1036 867 1214 894 absciderunt
1230 867 1293 895 inde
1307 867 1355 894 ﬁlii
1376 867 1468 895 Israel.
1483 867 1519 894 Et
1533 866 1637 894 reversi
1662 870 1727 893 sunt

939 912 1013 944 inde,
1031 917 1174 947 postquam
1188 913 1399 948 exploraverunt
1412 917 1524 945 terram,
1539 916 1602 947 post
1609 912 1726 947 quadra—

939 958 1012 994 ginta
1025 958 1094 991 dies,
1104 962 1132 985 et
1141 963 1238 986 euntes
1248 962 1384 986 venerunt
1397 959 1431 986 ad
1441 959 1551 994 Moysen
1557 962 1585 986 et
1591 957 1690 989 Aaron,
1699 960 1728 984 et

939 1004 974 1031 ad
988 1012 1096 1032 omnem
1111 1005 1349 1039 congregationem
1362 1004 1479 1032 ﬁliorum
1491 1004 1573 1031 Israel
1594 1004 1622 1030 in
1635 1003 1741 1030 deseru-

939 1053 997 1076 tum
1005 1049 1122 1082 Pharan,
1133 1049 1160 1076 in
1172 1049 1267 1076 Cades.
1279 1049 1313 1075 Et
1326 1048 1524 1085 responderunt
1536 1047 1590 1074 illis
1601 1046 1726 1077 verbum,

938 1099 967 1122 et
987 1095 1121 1122 universae
1148 1095 1368 1130 congregationi;
1396 1098 1424 1121 et
1452 1093 1637 1121 ostenderunt
1661 1091 1729 1126 ipsis

938 1140 1059 1167 fructum
1078 1144 1168 1172 terrm,
1192 1144 1220 1167 et
1238 1143 1420 1166 narraverunt
1430 1139 1472 1166 eis
1490 1137 1614 1166 dicentes
1629 1137 1729 1165 :‘Veni-

939 1193 1001 1212 mus
1017 1186 1046 1212 in
1063 1190 1163 1213 terram
1183 1192 1238 1220 quo
1268 1185 1366 1212 misisti
1390 1192 1451 1217 nos,
1473 1189 1574 1212 terram
1594 1174 1727 1212 ﬂuentem

939 1231 1010 1259 lacte
1024 1236 1052 1258 et
1072 1231 1170 1264 melle;
1189 1235 1218 1262 et
1233 1231 1278 1258 hic
1299 1235 1342 1257 est
1362 1230 1468 1258 fructus
1485 1230 1546 1265 ejus
1563 1228 1641 1259 :‘nisi
1654 1228 1728 1263 quod

941 1277 1028 1304 audax
1049 1281 1092 1304 est
1106 1284 1173 1312 gens
1199 1284 1260 1311 quae
1274 1276 1381 1303 habitat
1395 1275 1422 1303 in
1436 1275 1504 1310 ipsa,
1522 1279 1551 1302 et
1563 1274 1647 1302 nrbes
1666 1281 1729 1301 mu-

940 1322 1014 1354 nitae,
1027 1325 1055 1350 et
1069 1330 1174 1357 magna:
1185 1322 1378 1354 vehementer,
1396 1326 1424 1349 et
1443 1321 1558 1356 stirpem
1579 1320 1653 1348 Enac
1686 1319 1729 1346 vi-

941 1368 1033 1395 dimus
1050 1367 1087 1394 ibi
1101 1367 1134 1394 9°.
1155 1377 1164 1393 ι
1184 1367 1316 1403 Intelligis
1330 1367 1393 1394 illos
1406 1367 1516 1394 timidos
1543 1373 1575 1394 ac
1585 1365 1730 1394 meticulo-

943 1421 987 1440 sos
1010 1417 1089 1440 terrae
1112 1412 1303 1448 promissionis
1319 1411 1509 1446 exploratores
1526 1410 1670 1438 manifeste
1689 1418 1731 1437 re-

942 1458 1050 1494 gionem
1063 1459 1137 1486 illam
1152 1458 1256 1486 vitibus
1278 1458 1400 1486 ferendis
1426 1461 1517 1492 aptam
1537 1464 1597 1484 esse
1609 1463 1642 1484 ac
1667 1456 1730 1491 pin-

99 1514 314 1550 ὤμολογήκασιν
328 1501 462 1550 ἐναργῶς,
474 1515 511 1547 ὡς
524 1501 679 1550 εθάμπελός
690 1501 721 1541 τε
732 1515 779 1541 καὶ
788 1501 860 1541 πίων
875 1516 891 1549 ὴ

943 1512 1034 1540 gnem,
1055 1509 1083 1532 et
1095 1505 1211 1532 maturis
1226 1504 1363 1532 fructibus
1386 1503 1572 1535 abundantem
1591 1501 1733 1530 confessos

99 1562 148 1596 γῆ,
167 1561 214 1587 καὶ
227 1562 344 1597 καρποῖς
355 1561 466 1596 ὡραίοις
481 1561 632 1597 διαόριθὴς,
646 1561 851 1597 παραπλέκουσι
864 1561 892 1588 δὲ

99 1607 208 1639 τούτοις
223 1607 259 1634 τὰ
273 1609 313 1642 εἰς
326 1608 439 1639 δειλίαν,
455 1607 542 1643 θρασῦ
559 1607 609 1642 μὲν
623 1608 654 1634 τὸ
666 1607 740 1639 ἔθνος
757 1607 786 1634 τὸ
801 1615 893 1634 κατοι-

100 1654 166 1681 xciv
181 1654 372 1689 ὀνομάζοντες,
394 1655 486 1687 πόλεις
506 1663 536 1681 τε
551 1653 653 1690 ὀχυρὰς
665 1654 712 1680 καὶ
725 1653 893 1688 τετειχισμέ-

100 1709 149 1732 νας
164 1701 222 1728 ἄνω
237 1701 284 1727 καὶ
301 1701 376 1728 κάτω
387 1701 523 1735 λέγοντες,
533 1701 580 1728 καὶ
591 1701 640 1736 τῆς
651 1701 697 1727 ἐπὶ
709 1700 738 1727 τὺ
747 1700 893 1736 κρατήσειν

100 1746 210 1778 ἐλπίδος
224 1746 385 1778 ὲξιστῶντες
401 1746 447 1773 τὸν
475 1746 595 1782 Ἰσραὴλ,
613 1746 660 1773 καὶ
677 1745 894 1780 καταφοὸοῠντες

101 1793 143 1824 εἰς
155 1792 304 1828 ἀνανδρίαν
314 1802 322 1826 ;

137 1839 244 1866 ΠΔΛΛ.
263 1835 329 1865 Ὧδε
341 1838 408 1874 ἔχει.

136 1885 223 1912 ΚΥΡ.
247 1885 318 1911 ‘AD.’
331 1885 389 1919 οἶγε
402 1884 480 1919 σοφοὶ
498 1885 547 1912 καὶ
562 1885 689 1918 νεανικοὶ,
705 1885 796 1912 Χαλέὸ
806 1893 835 1911 τε
849 1884 895 1912 καὶ

108 1929 225 1966 Ἰησοῦς,
236 1931 297 1962 ταῑς
314 1929 425 1957 ἐκείνων
437 1929 592 1966 τερθρείαις
606 1929 644 1966 (Ι)
661 1930 894 1964 ἀνθειστήκεισαν,

102 1974 228 2009 λέγοντες
240 1974 310 2009 πρὸς
327 1983 357 2001 τε
373 1974 418 2001 τὸν
434 1975 496 2002 λαὸν
514 1975 562 2002 καὶ
572 1975 618 2002 τὸν
629 1975 732 2002 Μωσὲα
747 1976 792 2002 τὸν
807 1976 893 2011 ἱερὸν·

105 2031 114 2047 ι
137 2021 207 2056 Οὐχί
217 2028 225 2035 ·
244 2021 312 2047 ἀλλὰ
328 2021 479 2053 ἀναϐάντες
494 2020 686 2057 ἀναθησόμεθα
698 2022 745 2048 καὶ
761 2022 896 2058 κατακλη-

102 2067 295 2103 ρονομήσομίεν
309 2066 403 2102 αὐτὴν,
419 2067 459 2093 ὅτι
477 2066 648 2102 δυνησόμεθα
671 2066 739 2102 πρὸς
756 2066 863 2098 αὐτούς.
883 2075 892 2093 ι

101 2110 266 2147 Κατέληγον
282 2112 310 2138 δὲ
338 2111 464 2147 οὐδαμῶς
489 2113 513 2138 οἱ
538 2112 806 2148 συναπεσταλμένοι,
832 2112 896 2139 δυσ-

101 2158 208 2185 άλωτον
226 2157 336 2184 ἔσεσθαι
360 2157 595 2193 διαϐεϐαιούμενοι
611 2159 668 2189 τοῖς
680 2157 710 2190 ἐξ
729 2158 836 2193 Ἰσραὴλ
848 2158 897 2194 τῆς

945 1558 1005 1578 esse
1017 1559 1026 1577 τ
1037 1554 1228 1578 verumtamen
1240 1550 1284 1577 his
1296 1557 1327 1577 ea
1342 1553 1510 1577 connectunt
1534 1555 1595 1583 quae
1606 1547 1732 1574 timorem

944 1597 1116 1624 incuterent:
1139 1596 1270 1623 audacem
1293 1595 1420 1622 videlicet
1443 1598 1562 1630 gentem,
1589 1601 1655 1627 qum
1678 1591 1733 1618 illic

944 1641 1092 1674 habitaret,
1105 1641 1284 1676 appellantes,
1311 1640 1396 1668 urbes
1413 1647 1523 1674 quoque
1546 1638 1667 1666 munitas
1689 1641 1732 1664 at-

945 1695 998 1722 que
1015 1691 1137 1714 muratas
1149 1686 1299 1713 identidem
1316 1685 1485 1717 dictitantes,
1498 1688 1526 1711 et
1548 1691 1563 1712 a
1579 1691 1627 1718 spe
1644 1683 1732 1710 victo-

947 1733 996 1760 τίω
1010 1732 1141 1768 populum
1154 1731 1262 1759 Israelis
1276 1730 1446 1758 deducentes
1457 1750 1465 1763 ,
1478 1735 1507 1757 et
1518 1733 1592 1756 metu
1607 1728 1641 1756 ad
1658 1728 1734 1763 igna-

945 1778 1016 1805 viam
1037 1777 1219 1812 impellentes.

981 1834 1079 1862 PALL.
1096 1833 1141 1861 Sic
1152 1841 1181 1861 se
1196 1833 1288 1861 habet.

985 1881 1063 1908 (ΝΒ.
1081 1880 1134 1907 Sed
1149 1879 1196 1914 qui
1213 1879 1284 1907 inter
1296 1879 1357 1905 illos
1371 1881 1450 1905 erant
1465 1877 1602 1912 sapientes
1618 1883 1650 1903 ac
1663 1879 1740 1902 stren

947 1927 1006 1959 nui,
1025 1925 1108 1953 Caleb
1121 1929 1149 1952 et
1164 1925 1253 1956 Iesus,
1268 1924 1376 1951 illorum
1396 1923 1475 1950 vanis
1491 1920 1666 1950 sermonibus
1686 1919 1737 1946 ob-

948 1971 1088 2002 stiterunt,
1104 1969 1228 1998 dicentes
1247 1969 1280 1996 ad
1291 1968 1423 2004 populum
1444 1970 1472 1994 et
1480 1966 1513 1993 ad
1525 1966 1634 2002 Moysen
1647 1973 1654 1991 :
1670 1963 1737 1991 «Mi-

947 2018 1039 2049 nime;
1056 2015 1103 2043 sed
1124 2014 1302 2043 ascendentes
1319 2013 1509 2044 ascendemus,
1533 2015 1562 2039 et
1582 2009 1737 2046 possidebi-

948 2071 1011 2091 mus
1024 2063 1118 2095 illam;
1141 2061 1205 2096 quia
1228 2063 1354 2095 potentes
1376 2058 1528 2094 poterimus
1550 2056 1684 2084 adversus
1703 2054 1735 2082 il-

947 2111 990 2138 los
1010 2110 1043 2136 θ¹.
1070 2119 1079 2135 ι
1102 2107 1199 2137 theri
1220 2111 1312 2134 autem
1333 2106 1379 2140 qui
1402 2105 1479 2132 missi
1501 2103 1629 2135 fuerant,
1656 2102 1739 2130 ﬁnem

950 2157 1057 2185 nullum
1071 2153 1212 2183 asserendi
1223 2153 1369 2185 faciebant,
1386 2151 1621 2187 inexpugnabilem
1631 2150 1690 2177 fore
1704 2149 1738 2176 ﬁ-

101 2204 273 2238 ἐπαγγελίας
283 2204 333 2240 τὴν
347 2204 408 2240 γῆν.
425 2202 491 2231 Εἶτά
503 2213 586 2240 φησιν
597 2212 604 2220 ·
622 2213 631 2230 ‹
650 2204 705 2231 Καὶ
725 2204 893 2232 ἁναλαὸοῢσα

948 2202 991 2230 liis
1001 2201 1082 2230 Israel
1092 2199 1281 2236 promissionis
1292 2203 1404 2226 terram.
1414 2197 1518 2225 Deinde
1527 2196 1617 2232 inquit
1632 2205 1639 2223 :
1655 2205 1664 2221 ι
1674 2195 1739 2223 Ele-

101 2251 179 2277 πᾶσα
195 2251 212 2286 ὴ
229 2250 383 2286 συναγωγὴ,
396 2250 495 2277 δέδωκε
512 2251 614 2286 φωνὴν,
628 2251 674 2278 καὶ
689 2250 796 2278 ἔκλαιεν
811 2252 824 2278 ὁ
835 2251 898 2285 λαὸς

102 2296 168 2331 ὃλην
182 2297 235 2330 τὴν
249 2296 334 2322 νύκτα
345 2297 463 2332 ἐκείνην,
480 2297 526 2323 καὶ
545 2296 719 2331 διεγόγγυζον
736 2297 783 2324 ἐπὶ
794 2298 898 2333 Μωσῆν

102 2341 151 2366 καὶ
170 2339 280 2376 ’Δαρὼν
298 2340 398 2372 πάντες
420 2341 445 2366 οἱ
467 2341 520 2367 ulol
547 2341 672 2377 Ἰσραήλ”
691 2342 738 2369 καὶ
752 2340 812 2369 εἶπε
830 2343 898 2378 πρὸς

102 2386 206 2417 αὐτοὺς
222 2386 298 2412 πᾶσα
311 2386 328 2420 ἡ
340 2387 495 2422 συναγωγή·
512 2387 628 2421 Ὄφελον
642 2387 813 2424 ἀπεθάνομεν
823 2389 851 2414 ἐν
863 2389 897 2423 γῇ

102 2431 259 2465 Αἰγύπτου,
279 2430 295 2466 ἢ
315 2432 343 2456 ὲν
366 2431 399 2466 τῇ
422 2431 518 2466 ἐρήμῳ
533 2430 630 2466 ταύτῃ,
659 2431 684 2457 εἰ
710 2431 898 2466 ἀπεθάνομεν’

104 2478 154 2504 καὶ
172 2477 220 2504 ἵνα
233 2477 260 2503 τί
273 2477 377 2512 Κύριος
390 2477 495 2511 εἰσάγει
517 2478 592 2512 ἡμᾶς
607 2478 647 2509 εἰς
663 2477 712 2512 τὴν
731 2478 783 2512 γῆν
799 2477 901 2512 ταύτην

109 2525 208 2551 πεσεῖν
236 2525 266 2550 ὲν
279 2523 319 2558 τῷ
336 2522 464 2559 nolente;
486 2523 518 2549 Al
538 2524 666 2557 γυναῖκες
689 2522 768 2558 ἡμῶν
791 2523 839 2549 καὶ
868 2523 901 2550 τὰ

107 2570 205 2597 παιδία
220 2569 330 2596 ἔσονται
343 2569 384 2600 εἰς
394 2569 562 2604 διαρπαγήν.
580 2569 637 2596 Νῦν
651 2567 698 2596 οὖν
716 2568 819 2603 βέλτιον
835 2570 902 2604 ἡμῖν

109 2617 187 2642 ἐστιν
202 2615 415 2650 ἀποστραφῆναι
429 2615 469 2647 εἰς
487 2614 634 2649 Αἴγυπτον.
652 2615 708 2641 Καὶ
723 2612 800 2641 εἷπον
815 2616 828 2642 ὁ
842 2614 902 2641 ἓτε-

110 2670 156 2698 ρος
172 2661 214 2696 τῷ
240 2661 338 2696 ἑτέρῳ·
355 2661 450 2696 Δῶμεν
472 2660 605 2696 ἀρχηγδν,
624 2660 671 2687 καὶ
685 2660 901 2697 άποστρέψωμεν

143 2732 165 2747 ⁷⁸
176 2731 262 2759 Num.
275 2739 323 2763 xu,
334 2731 352 2758 5
363 2738 438 2766 seqq.

475 2731 497 2748 ⁷³
514 2730 581 2758 ibid.
598 2730 643 2757 22.
680 2730 703 2747 ”
718 2730 784 2758 ibid.
801 2729 832 2757 21
847 2737 925 2765 seqq.

950 2255 1018 2276 vans
1031 2246 1160 2275 universa
1171 2245 1344 2281 congregatio
1354 2243 1430 2271 dedit
1442 2250 1548 2275 vocem,
1559 2245 1588 2270 et
1599 2241 1674 2269 ﬂevit
1688 2247 1739 2276 po-

950 2294 1031 2330 pulus
1043 2297 1098 2320 tota
1114 2293 1160 2320 illa
1174 2295 1273 2324 nocte;
1295 2295 1324 2317 et
1341 2292 1583 2316 murmuraverunt
1608 2286 1740 2314 adversus

950 2340 1058 2376 Moysen
1083 2343 1110 2366 et
1122 2339 1213 2366 Aaron
1227 2344 1323 2364 omnes
1343 2335 1392 2362 ﬁlii
1407 2335 1500 2366 Israel,
1515 2337 1543 2361 et
1555 2333 1625 2361 dixit
1643 2332 1676 2360 ad
1693 2339 1741 2360 eos

950 2387 1079 2413 universa
1090 2384 1263 2420 congregatio
1276 2383 1395 2410 ﬁliorum
1405 2381 1486 2408 Israel
1499 2389 1505 2407 2
1518 2379 1627 2410 Utinam
1638 2378 1741 2406 mortui

953 2439 1076 2461 essemus
1087 2431 1116 2458 in
1128 2435 1199 2458 terra
1215 2429 1332 2465 Egypti,
1352 2431 1400 2455 aut
1424 2427 1452 2454 in
1473 2427 1524 2454 bac
1547 2425 1694 2453 solitudine
1717 2423 1740 2451 si

952 2480 1055 2508 mortui
1066 2479 1204 2507 essemus!
1216 2478 1251 2504 Et
1260 2485 1309 2504 cur
1323 2476 1456 2504 Dominus
1466 2474 1571 2502 inducit
1585 2480 1635 2500 nos
1645 2472 1671 2499 in
1683 2475 1740 2499 ter-

952 2533 1010 2553 ram
1029 2525 1110 2557 hanc,
1125 2527 1156 2550 ut
1166 2522 1296 2550 cudamus
1309 2522 1337 2548 in
1351 2521 1445 2548 bello?
1462 2520 1567 2548 Uxores
1589 2523 1690 2546 nostra:
1714 2520 1745 2544 et

951 2571 1032 2599 liberi
1049 2574 1130 2597 erunt
1140 2570 1168 2596 in
1178 2567 1371 2603 direptionem.
1384 2566 1463 2594 Nunc
1478 2566 1557 2601 152
1577 2565 1660 2600 igitur
1682 2570 1741 2590 me-

950 2617 1005 2644 lius
1017 2620 1058 2644 est
1067 2616 1148 2644 nobis
1163 2614 1265 2642 reverti
1280 2613 1308 2641 in
1319 2612 1474 2648 Egyptum.
1487 2612 1522 2639 Et
1534 2611 1664 2639 dixerunt
1672 2609 1742 2636 alter

952 2661 986 2688 ad
994 2662 1110 2689 alterum
1123 2670 1129 2688 :
1139 2659 1344 2688 Constituamus
1359 2657 1523 2693 principem,
1532 2660 1561 2684 et
1572 2658 1743 2684 revertamur

964 2729 985 2745 “
1006 2729 1073 2757 ibid.
1087 2729 1132 2756 5i.

147 2801 187 2831 (Il
204 2801 253 2828 Sic
287 2800 373 2828 codex
406 2800 519 2834 Sirlcti;
555 2805 582 2828 at
599 2800 660 2828 cod.
687 2800 759 2834 Vat.,
779 2799 891 2828 ἐκείνων

943 2799 1031 2832 uitat;
1049 2791 1100 2827 ’καὶ
1121 2797 1338 2834 ματαιολογιαις,
1355 2793 1427 2832 quod
1450 2794 1649 2830 expositionem
1676 2798 1701 2826 Γ

111 2833 272 2872 τερθρειῶν.
