1934 3042
213 168 264 196 J51

723 165 752 194 S.
772 165 912 194 CYRlLLI
933 165 1169 193 ALEXANDRIM
1188 165 1348 194 ARCHIEP.

1805 168 1860 196 τιζέ

213 232 256 255 est
274 231 376 258 autem,
389 225 503 258 Palladi,
528 225 664 261 ejusmodi
683 225 832 254 discrimen
850 226 878 253 in
898 229 1006 253 sancto-

1065 225 1274 261 ιτιεσκεμμένοις
1290 225 1341 252 ὑπὸ
1360 225 1446 262 Μωσῆ
1463 226 1510 253 καὶ
1533 226 1648 263 Ἀαρὼν,
1667 226 1715 260 οὓς
1732 227 1864 254 ὶπεσκές

215 281 277 300 rum
302 272 421 304 animis,
458 271 588 300 sensibus
619 280 651 300 ac
682 273 807 300 moribus
836 272 1002 308 perspicere.

215 319 284 347 Illud
306 326 415 354 quoque
435 318 571 354 adjunxit,
590 319 731 347 neminem
748 327 781 347 ex
797 319 831 347 iis
845 319 930 347 fuisse
956 319 1003 354 qui

213 365 340 393 recensiti
366 365 442 400 prius
464 365 574 393 fuerant
598 374 613 393 a
645 366 736 402 Moyse
755 371 783 394 et
804 367 906 400 Aaron,
935 374 1005 402 quos

213 416 413 438 recensuerant
427 411 499 439 ﬁlios
518 411 600 439 Israel
611 412 639 439 in
657 412 769 440 deserto
788 412 863 445 Sina,
883 412 947 448 quia
964 413 1005 440 di-

213 457 252 483 xit
266 456 398 484 Dominus
414 457 482 492 ipsis
500 466 506 484 :
520 457 605 486 Morte
620 458 774 486 morientur
789 459 816 486 in
840 459 959 492 deserto,
978 465 1006 487 et

212 508 268 528 non
278 506 320 528 est
333 502 447 530 relictus
459 511 494 530 ne
505 511 577 530 unus
590 503 702 539 quidem
714 512 747 531 ex
761 504 838 540 ipsis,
853 505 906 532 nisi
921 504 1004 532 Caleb

212 545 285 573 ﬁlius
305 546 439 582 Jephone,
465 553 493 576 et
514 549 594 577 Jesus
618 549 692 577 ﬁlius
715 550 790 577 Nave
818 550 840 566 ⁴¹
866 559 871 577 :
895 551 924 578 in
949 559 1004 586 quo

211 592 359 627 perspicue
378 593 515 627 ostendit,
538 602 594 622 non
623 595 658 622 ad
681 595 838 623 incredulos
864 596 1005 631 pertinere

212 639 417 672 possessionum
436 639 671 674 distributionem,
684 646 712 668 et
734 641 810 668 illam
825 641 853 668 in
874 641 923 669 Dei
935 641 1006 669 libro

212 684 438 720 descriptionem,
452 687 500 714 sed
509 687 550 714 eis
557 688 649 722 potius
658 687 806 715 convenire
820 688 868 723 qui
876 687 959 716 ﬁdem
967 689 1008 716 ni-

212 731 314 758 mirum
323 731 352 759 in
361 732 501 760 Christum
517 734 709 768 amplexisunt
720 742 727 761 :
737 742 800 762 nam
811 734 845 762 de
854 734 1007 762 incredulis

213 777 251 805 ait
266 777 376 805 divinus
395 778 498 806 David:
515 789 524 805 ι
538 779 688 808 Deleantur
702 780 736 808 de
748 780 821 808 libro
840 781 1003 814 viventium,

212 828 241 851 et
257 831 320 851 cum
332 825 414 860 justis
431 833 486 853 non
502 825 659 854 scribantur
674 826 706 853 δ’.
726 836 735 852 ι
754 827 784 868 lp
799 827 901 862 quibus
921 828 1005 856 etiam

212 869 306 896 verbis
326 870 435 898 divinus
455 879 547 899 sermo
568 872 650 900 nobis
659 869 777 901 latenter
798 873 928 906 ostendit,
944 882 1005 902 cre—

1056 271 1142 306 ψαντο
1151 271 1214 303 τοὺς
1228 271 1303 303 υἱοὺς
1325 271 1434 308 Ἰσραὴλ
1450 273 1477 299 ὲν
1487 273 1520 308 τῇ
1531 273 1628 309 ἐρήμῳ
1641 273 1716 308 Σινᾷ,
1734 273 1777 300 ἇτι
1793 270 1860 300 εἷπε

1058 317 1161 353 Κύριος
1176 318 1277 349 αὐτοῖς·
1292 317 1406 353 Θανάτῳ
1426 318 1623 346 ἀποθανοῦνται
1640 320 1669 346 ἐν
1686 320 1720 355 τῇ
1740 319 1858 355 ἐρήμῳ,

1059 364 1105 390 καὶ
1122 364 1152 390 οὺ
1166 364 1330 400 κατελείφθη
1349 365 1379 397 ἐξ
1398 365 1487 392 αὐτῶν
1502 365 1562 391 οὐδὲ
1574 363 1632 398 εἷς,
1646 365 1716 401 πλὴν
1732 365 1831 392 Χαλὲσ
1843 365 1859 391 ἀ

1057 409 1114 441 υἱὸς
1137 411 1239 446 Ίεφονῆ
1250 430 1257 443 ,
1274 411 1321 437 καὶ
1342 410 1444 446 Ἰησοῦς
1457 411 1471 438 6
1491 411 1539 438 τοῦ
1554 411 1648 447 Ναυῆ·
1665 412 1860 447 παραδεικνὺς

1057 455 1191 492 ἐναργῶς,
1208 456 1252 483 ὅτι
1279 456 1317 492 μὴ
1343 458 1399 488 τοῖς
1416 457 1600 493 ἀπειθήσασιν
1619 459 1635 493 ἡ
1661 457 1858 493 κληρονομία,

1055 503 1104 529 καὶ
1120 503 1151 529 τὸ
1165 504 1194 530 ὲν
1210 503 1294 539 βῐὸλῳ
1306 503 1461 540 γεγράφθαι
1476 503 1544 531 Θεοῦ
1555 511 1561 519 ³
1576 503 1678 540 πρέποι
1690 503 1711 530 δ’
1728 503 1762 531 ἃν
1783 504 1859 539 μᾶλ-

1056 549 1102 578 λον
1123 551 1180 582 τοῖς
1200 549 1249 585 τὴν
1267 550 1359 577 πίστιν
1371 550 1583 586 είσδεδεγμένοις
1593 570 1600 583 ,
1615 550 1694 586 δῆλον
1705 550 1734 576 δὲ
1748 550 1795 577 ὃτι
1805 549 1858 586 τὴν

1057 598 1086 623 ὲν
1109 595 1235 632 Χριστῷ-
1261 595 1325 632 περὶ
1350 595 1399 631 μὲν
1422 595 1477 632 γὰρ
1502 595 1557 622 τῶν
1584 595 1781 631 ὴπειθηκότων
1812 594 1856 628 τὸ,

1059 651 1069 668 ‹
1098 641 1351 677 Ἑξαλειφθήτωσαν
1380 642 1412 668 ὲκ
1438 640 1530 677 βίϐλου
1560 640 1679 674 ζώντων,
1708 641 1756 668 καὶ
1784 640 1858 675 μετά

1056 689 1168 716 δικαίων
1187 688 1225 724 μὴ
1247 689 1450 724 γραφήτωσαν,
1475 697 1485 714 ι
1499 688 1513 715 ὁ
1525 687 1670 719 θεσπέσιος
1687 687 1740 723 ἔφη
1756 686 1857 713 Δαὸἰδ.

1063 734 1246 769 Ὑπεμφαίνει
1262 734 1290 761 δὲ
1303 735 1369 770 ἡμῖν
1381 734 1429 761 καὶ
1443 734 1474 760 τὸ
1492 733 1563 760 θεῖον
1576 735 1606 761 ὲν
1621 733 1726 764 τούτοις
1748 732 1857 766 λόγιον,

1056 780 1098 807 ὅτι
1116 782 1174 812 τοῖς
1196 779 1372 807 πιστεύουσιν
1395 781 1412 816 ἡ
1434 779 1532 815 χάρις·
1558 779 1602 806 διὰ
1629 779 1684 815 γάρ
1704 787 1746 805 τοι
1773 777 1856 804 τοῦτο

1057 826 1125 861 πρὸς
1147 825 1186 861 τῷ
1218 825 1336 862 Ἰορδάνῃ
1364 826 1413 862 τὴν
1441 825 1603 861 ἀπογραφὴν
1629 824 1759 860 γενέσθαι
1787 824 1856 860 φησὶ

1060 871 1198 908 μυστικῶς
1212 873 1226 899 ὸ
1236 872 1324 906 λόγος·
1337 871 1514 907 ἀνάγραπτος
1527 871 1581 907 γὰρ
1592 872 1606 897 ὁ
1619 869 1851 906 βεϐαπτισμένος·

214 915 344 944 dentibus
356 917 418 945 dari
430 919 545 953 gratiam
565 919 704 954 :ideoque
725 919 839 955 mystice
864 919 1006 955 Scriptura

1065 918 1127 954 πλὴν
1152 919 1203 954 οὐχ
1227 918 1382 954 ὁλοκλήρως
1407 917 1592 945 ἀποπέπτωκε
1619 917 1670 952 τῆς
1699 916 1811 949 ἐλπίδος
1841 918 1855 944 ό

214 961 292 995 dicit,
311 971 396 999 prope
408 963 555 991 Jordanem
572 964 673 992 factam
690 972 751 993 esse
771 965 1004 1000 descriptionem;

214 1007 240 1035 is
253 1009 327 1036 enim
357 1009 535 1042 describitur,
551 1011 598 1045 qui
619 1010 774 1046 baptizatus
793 1010 886 1038 fuerit.
911 1010 1006 1046 Neque

214 1059 305 1082 tamen
321 1054 467 1082 universus
483 1055 565 1082 Israel
579 1063 628 1090 spe
653 1056 765 1084 excidit.
786 1055 906 1084 Servata
927 1064 1006 1084 nam-

212 1108 266 1135 que
284 1105 349 1127 sunt
365 1101 498 1136 reliquiae,
511 1102 588 1136 juxta
604 1102 748 1137 propheta:
759 1110 856 1130 vocem
869 1103 892 1118 "
906 1112 913 1130 :
926 1103 1006 1139 cujus

213 1146 253 1172 rei
267 1145 382 1180 ﬁguram
399 1146 593 1181 geruntCalcb
612 1152 640 1175 et
655 1147 744 1180 Jesus,
760 1148 811 1176 soli
827 1155 861 1175 ex
877 1149 1007 1176 omnibus

213 1193 321 1223 relicti.
345 1193 392 1229 qui
420 1193 592 1221 haereditaria
615 1194 662 1222 illa
679 1199 754 1222 sorte
776 1196 949 1231 potirentur,
979 1200 1007 1224 et

213 1238 438 1267 describerentur
452 1248 506 1267 una
518 1248 580 1267 cum
595 1241 629 1268 iis
642 1241 690 1276 qui
706 1241 876 1270 inﬁdelitatis
889 1242 1006 1270 crimine

212 1293 270 1313 non
283 1285 458 1313 tenebantur.
473 1286 669 1315 Animadverte
681 1291 773 1315 autem
786 1288 891 1323 ubique
900 1293 1008 1316 sancto-

212 1340 275 1359 rum
288 1332 430 1360 hominum
442 1333 658 1367 descriptionem
681 1337 709 1361 et
728 1341 857 1369 agrorum
875 1334 1008 1362 distribu-

213 1378 317 1406 tionem
338 1388 344 1406 :
365 1379 472 1415 geritur
500 1380 575 1406 enim
601 1387 648 1415 per
677 1380 787 1416 Moysen
815 1384 844 1408 et
872 1389 935 1408 eum
960 1382 1007 1416 qui

213 1426 370 1453 sacerdotio
381 1427 609 1462 praestantissimo
625 1427 800 1462 fungebatur,
813 1432 853 1460 ut,
869 1428 940 1455 sicut
951 1429 1008 1463 jam

213 1475 294 1498 antea
302 1471 370 1504 dixi,
384 1479 432 1506 per
443 1476 591 1508 utrumque
610 1480 695 1500 unum
707 1466 846 1500 Christum
860 1473 1005 1508 intelligas,

217 1516 295 1552 [37
310 1521 439 1553 tanquam
453 1518 625 1546 sacerdotem
646 1526 785 1546 summum
797 1523 880 1554 atque
900 1519 1007 1554 legisla-

214 1566 318 1596 torem;
335 1572 384 1599 per
400 1572 482 1600 quem
493 1565 583 1592 omnis
595 1565 682 1600 gratia
702 1564 849 1597 tribuitur,
866 1569 894 1592 ct
915 1565 961 1592 illa
978 1566 1009 1592 iit

1065 964 1183 1001 Ἰσραήλ.
1205 965 1342 992 Σέσωσται
1364 965 1419 1000 γὰρ
1435 964 1465 991 τὸ
1491 963 1682 999 κατάλειμμα,
1704 963 1778 990 κατὰ
1804 963 1854 999 τὴν

1057 1009 1103 1036 ’τυῦ
1118 1010 1258 1046 προφήτου
1283 1009 1386 1045 φωνὴν,
1409 1006 1440 1036 οὗ
1454 1009 1539 1041 τύπος
1561 1009 1594 1036 ἂν
1619 1007 1673 1035 εἷεν
1692 1010 1716 1035 οἱ
1735 1009 1769 1035 ὲκ
1784 1008 1855 1035 πάν-

1058 1065 1111 1084 των
1129 1056 1372 1092 καταλελειμμένοι
1394 1056 1470 1092 μόνοι
1493 1056 1585 1083 Χαλέὸ
1608 1065 1638 1082 τε
1660 1055 1707 1082 καὶ
1736 1055 1854 1090 Ἰησοῦς,

1059 1103 1345 1139 συγκληρονομοῦντές
1364 1112 1394 1130 τε
1418 1104 1465 1130 καὶ
1486 1103 1710 1138 ἀπογραφόμενοι
1726 1103 1785 1133 τοῖς
1804 1101 1855 1136 τῆς

1058 1150 1188 1182 ἀπιστίας
1203 1151 1375 1186 ἐγκλήμασιν
1393 1151 1444 1177 οὐκ
1459 1150 1640 1185 ὲνεχομένοις.
1664 1149 1808 1184 Ἐπιτήρει
1826 1148 1854 1175 δὲ

1059 1198 1185 1232 πανταχῆ
1206 1198 1256 1234 τὴν
1275 1197 1329 1224 τῶν
1353 1197 1439 1232 ἀγίων
1463 1197 1628 1232 ἀπογραφὴν
1651 1197 1698 1223 καὶ
1722 1195 1854 1230 κληροδο-

1059 1242 1129 1270 σίαν.
1145 1243 1299 1278 Πράττεται
1313 1243 1367 1279 γὰρ
1387 1243 1432 1270 διά
1448 1252 1477 1268 τε
1493 1243 1616 1274 Μωαέως
1640 1242 1687 1269 καὶ
1708 1241 1756 1268 τοῦ
1771 1240 1855 1276 προῦ-

1059 1297 1152 1323 χοντος
1168 1289 1198 1315 ἐν
1213 1289 1358 1325 ἱερωσύνῃ,
1377 1289 1430 1319 ἵνα,
1443 1288 1568 1324 καθάπερ
1582 1288 1632 1324 ἠδη
1650 1288 1793 1323 προεῖπον,
1809 1287 1855 1313 τὸν

1059 1334 1108 1361 ἕνα
1127 1334 1162 1361 δι’
1175 1335 1277 1370 ἀμφοῖν
1292 1336 1392 1370 νοήσῃς
1405 1334 1535 1369 Χριστὸν,
1550 1333 1587 1365 ὡς
1601 1333 1732 1369 ἀρχιερέα
1753 1334 1801 1359 καὶ
1816 1341 1855 1358 νο-

1061 1380 1188 1416 μοθέτην,
1201 1380 1235 1407 δι’
1244 1378 1276 1408 οὗ
1289 1381 1365 1407 πᾶσα
1380 1381 1470 1416 χάρις,
1488 1380 1536 1407 καὶ
1555 1380 1586 1406 τὺ
1599 1381 1627 1406 ὲν
1649 1379 1710 1411 ταῖς
1729 1378 1787 1406 ἀνω
1805 1378 1855 1412 φέ-

1060 1426 1154 1462 ρεσθαι
1173 1426 1285 1462 βίϐλοις,
1299 1426 1333 1458 ἃς
1346 1427 1393 1454 καὶ
1405 1427 1420 1453 ὁ
1441 1426 1576 1462 μακάριος
1591 1425 1691 1460 Δανιὴλ
1709 1423 1854 1452 τεθεᾶσθαι

1060 1481 1142 1508 φησιν
1175 1473 1290 1500 ἑαυτόν.
1316 1483 1325 1500 ι
1349 1473 1440 1500 Βίὸλοι
1460 1473 1514 1509 γὰρ
1526 1471 1713 1508 ὴνεᾴχθησαν,
1732 1480 1742 1497 ι
1760 1471 1854 1507 φησὶν,

1059 1520 1101 1547 ὅτι
1123 1519 1207 1556 πολλή
1226 1529 1278 1546 που
1303 1521 1412 1547 πάντων
1433 1521 1481 1548 καὶ
1501 1519 1628 1555 διάφορος
1650 1519 1667 1554 ή
1689 1517 1854 1554 ἀπογραφὴ,

1060 1565 1103 1593 διὰ
1117 1566 1148 1602 δή
1163 1575 1204 1593 τοι
1214 1567 1292 1594 τοῦτο
1307 1566 1403 1600 πολλὰ,
1418 1566 1466 1593 καὶ
1477 1567 1526 1601 οὐχ
1539 1565 1567 1593 ἓν
1579 1565 1609 1592 τὸ
1625 1564 1737 1600 βιϐλίον.

214 1609 243 1637 in
251 1610 380 1646 supernis
390 1611 445 1638 illis
455 1611 533 1638 libris
545 1611 695 1646 descriptio
711 1619 800 1646 :quos
815 1611 899 1638 etiam
911 1611 1009 1639 beatus
1022 1612 1116 1640 Daniel
1139 1621 1169 1640 se
1187 1613 1289 1641 vidisse
1308 1613 1385 1641 dicit.
1413 1623 1422 1638 ‹
1440 1612 1528 1645 Libri,
1549 1622 1558 1638 ι
1584 1611 1730 1648 inquiens,
1746 1620 1755 1637 ι
1767 1613 1854 1647 aperti

215 1661 280 1684 sunt
295 1656 318 1672 ⁸⁸
334 1665 341 1683 :
358 1666 367 1682 ›
381 1664 445 1684 nam
458 1657 522 1692 quia
530 1657 674 1692 multiplex
695 1661 723 1685 et
749 1657 858 1685 diversa
887 1657 1037 1693 descriptio
1053 1663 1106 1692 est,
1125 1659 1188 1687 ideo
1201 1659 1307 1695 plures,
1318 1667 1375 1687 non
1392 1666 1464 1687 unus
1476 1658 1557 1686 liber.

250 1713 350 1741 PALL.
367 1714 450 1742 Recte
464 1714 546 1750 igitur
559 1722 591 1741 ac
603 1714 670 1742 scite
685 1714 789 1742 dictum
818 1714 886 1741 illud
901 1721 917 1741 e
937 1715 1005 1742 Pro-

1093 1717 1197 1743 HAAA.
1225 1715 1330 1752 Ὀρθῶς
1347 1714 1393 1743 οὖν
1409 1715 1463 1752 ἄρα
1483 1715 1530 1742 καὶ
1550 1714 1640 1750 σοφῶς
1655 1715 1670 1741 ὁ
1685 1714 1736 1750 τῆς
1753 1714 1854 1751 Παροι-

215 1760 469 1788 verbiisadmonet:
487 1760 664 1788 «Divitiarum
677 1761 747 1796 pigri
760 1760 1006 1796 indigentesﬁunt;

216 1807 320 1834 strenui
338 1812 430 1834 autem
446 1806 599 1835 fulciuntur
614 1807 714 1842 opibus
734 1808 767 1834 ⁵³.
782 1817 792 1833 ι

251 1853 329 1881 CVR.
348 1854 511 1881 Fulciuntur
530 1854 570 1882 illi
600 1854 724 1893 quidem,
744 1854 887 1889 Deumque
907 1854 1010 1883 habent

216 1898 365 1934 propitium
382 1907 415 1927 ac
428 1904 673 1936 propugnatorem,
696 1899 743 1935 qui
767 1900 927 1927 ccelestibus
949 1900 1010 1927 illos

216 1937 459 1972 benedictionibus
473 1950 765 1981 augeat,coronetque,
779 1953 811 1973 ac
828 1946 1010 1980 praeclarissi-

220 1992 432 2021 mis-honoribus
451 1997 479 2020 et
491 1992 591 2027 insigni
602 1992 688 2027 gloria
706 1992 875 2027 amplissime
884 1998 1009 2021 exornet.

217 2040 259 2066 An
269 2039 360 2066 minus
368 2047 432 2066 vere
441 2039 516 2074 loqui
525 2044 614 2073 putas,
624 2046 687 2066 cum
696 2039 763 2066 dicit
775 2048 782 2065 :
798 2048 807 2064 ί
820 2039 888 2066 Vivo
895 2048 956 2075 ego,
966 2040 1010 2067 di-

218 2085 256 2114 cit
269 2086 410 2118 Dominus,
424 2085 488 2120 quia
502 2084 687 2120 gloriﬁcantcs
703 2093 747 2112 me
771 2085 931 2120 gloriﬁcabo
945 2085 984 2113 “?
997 2095 1007 2111 ι

254 2131 353 2159 PALL.
367 2131 503 2165 Equidem
518 2131 648 2158 maxime.
818 2150 820 2152 -

254 2177 333 2205 CVR.
347 2177 431 2212 Atqui
448 2176 556 2212 perﬁcit
583 2182 657 2204 certe
683 2185 743 2213 qum
761 2177 794 2205 ad
822 2178 870 2206 Dei
895 2178 1010 2214 gloriam

219 2225 368 2260 pertinent,
388 2229 419 2252 ut
435 2223 547 2259 opinor,
568 2224 693 2259 quisquis
719 2224 803 2252 fuerit
824 2229 964 2258 strenuus,
984 2230 1012 2253 et

219 2270 372 2299 excoluerit
386 2270 558 2305 spiritualem
585 2269 788 2303 fortitudinem,
815 2274 844 2298 et
873 2270 908 2298 ad
937 2266 1013 2298 obsi-

220 2316 349 2344 stendum
369 2316 566 2351 spectabilibus
578 2317 748 2352 occultisque
772 2316 900 2344 hostibus
927 2316 1013 2345 fuerit

220 2363 399 2395 exercitatus,
414 2370 499 2398 seque
517 2366 546 2390 et
572 2368 686 2391 caeteros
711 2371 823 2391 servare
848 2363 968 2396 noverit,
983 2367 1012 2391 et

221 2408 312 2436 omnia
327 2409 354 2436 in
369 2409 425 2436 Deo
438 2410 568 2445 potuerit.

257 2455 355 2483 PALL.
372 2456 524 2484 Assentior.

256 2502 335 2530 CYR.
348 2502 430 2531 Visne
441 2503 524 2540 igitur
539 2504 591 2532 hoc
611 2505 700 2539 ipsum
715 2504 744 2532 in
764 2504 798 2532 iis
811 2513 872 2540 quae
887 2505 921 2533 de
948 2505 1012 2534 bea-

222 2554 251 2576 to
267 2548 404 2575 Abraham
422 2548 456 2576 ad
471 2550 617 2576 maximam
642 2549 789 2577 utilitatem
808 2555 932 2578 nostram
948 2559 1011 2578 nar-

222 2598 330 2627 rantur,
346 2595 422 2623 velut
451 2595 478 2622 in
492 2595 587 2623 tabula
604 2595 723 2631 quadam
735 2597 835 2626 leviter
864 2597 1013 2626 adumbra—

221 2642 281 2667 tum
295 2641 533 2677 contemplemur?

258 2686 357 2714 PALL.
366 2687 454 2715 Velim
465 2688 593 2723 equidem
605 2688 804 2723 libentissime;
821 2689 918 2725 quidni
930 2689 941 2716 ?

257 2732 337 2761 CYR.
356 2733 495 2769 Scriptum
517 2740 559 2762 est
579 2734 672 2770 igitur,
695 2735 747 2762 Lot
766 2735 906 2763 habitasse
919 2742 1014 2762 versa-

224 2781 338 2815 tumque
353 2787 413 2807 esse
426 2778 552 2808 Sodomis
562 2781 583 2797 "
598 2789 605 2814 ;
623 2788 686 2808 cum
708 2789 773 2808 vero
787 2789 869 2817 grave
890 2787 917 2809 et
934 2789 1015 2816 aspe-

261 2871 281 2886 ⁵¹
297 2870 378 2898 Num.
393 2878 464 2897 XXVI.
478 2870 520 2898 65.
562 2871 581 2888 δ’
597 2871 668 2899 Psal.
682 2879 772 2904 vam,
793 2871 837 2898 29.
881 2871 902 2887 ’⁸³
916 2871 967 2898 lsa.
988 2870 1067 2901 L21.

227 2906 248 2926 ⁸⁷
258 2905 326 2934 Gen.
340 2913 393 2938 xw,
406 2904 447 2932 12.

1062 1763 1126 1799 μίας
1143 1764 1208 1798 ἡμῖν
1224 1763 1275 1798 ἔφη
1288 1763 1376 1797 λόγος’
1400 1772 1409 1789 ι
1432 1762 1551 1789 Πλούτου
1566 1762 1677 1798 ὀκνηροὶ
1693 1761 1794 1793 ἐνδεεῖς
1812 1761 1854 1797 γί-

1061 1818 1160 1836 νονται·
1176 1811 1200 1836 οἱ
1216 1809 1244 1836 δὲ
1257 1809 1373 1846 ἀνδρεῖοι
1386 1808 1534 1845 ὲρείδονται
1552 1808 1670 1844 πλούτῳ.
1688 1817 1697 1833 ι

1096 1857 1179 1883 ΚΥΡ.
1200 1856 1363 1892 Ἐρείδονται
1376 1855 1430 1892 γὰρ
1451 1853 1509 1887 οὖν,
1525 1855 1572 1881 καὶ
1595 1854 1662 1881 Θεὸν
1686 1854 1794 1889 ἔχουσιν
1812 1854 1854 1881 εὐ-

1063 1900 1133 1935 μενῆ
1145 1900 1192 1926 καὶ
1207 1900 1406 1936 προεστηκότα,
1422 1899 1470 1926 καὶ
1483 1899 1700 1926 καταπιαίνοντα
1718 1899 1769 1935 μὲν
1783 1900 1854 1926 εὐλο-

1061 1946 1134 1980 γίαις
1146 1947 1207 1978 ταῖς
1219 1946 1332 1978 ἄνωθεν,
1346 1946 1549 1982 διαφανεστάτῃ
1561 1945 1590 1972 δὲ
1598 1945 1659 1973 λίαν
1672 1945 1854 1980 στεφανοῦντα

1061 1994 1139 2028 τιμῇ,
1153 1994 1201 2019 καὶ
1215 1992 1368 2028 διαὸοήτοις
1387 1992 1528 2028 αὐχήμασι
1557 1991 1692 2023 πλουσίως
1716 1992 1850 2018 κατακαλ-

1061 2038 1184 2066 λύνοντα.
1199 2039 1235 2065 Ἢ
1253 2038 1302 2065 οὐκ
1323 2037 1468 2074 ἀληθεύει,
1483 2037 1579 2072 λέγων·
1598 2047 1607 2064 ι
1639 2038 1684 2065 Ζῶ
1699 2038 1768 2073 ἐγὼ,
1783 2038 1853 2073 λέγει

1062 2084 1174 2120 Κύριος,
1193 2084 1233 2111 δτι
1247 2085 1310 2115 τοὺς
1322 2083 1482 2117 δοξάζοντας
1500 2092 1535 2118 με
1550 2083 1672 2117 δοξάσω;
1691 2093 1701 2110 ι

1098 2131 1203 2158 ΠΑΛΛ.
1220 2130 1294 2157 Πάνυ
1310 2131 1359 2166 μὲν
1375 2128 1432 2158 οὖν.

1098 2177 1181 2204 ΚΥΡ.
1204 2177 1397 2213 Ἀποπεραίνει
1409 2185 1440 2211 γε
1454 2177 1507 2213 μὴν
1517 2176 1552 2203 τὰ
1571 2177 1611 2208 εἰς
1625 2176 1703 2210 δόξαν
1720 2175 1788 2203 Θεοῦ
1804 2177 1853 2207 πᾶς

1062 2231 1104 2254 τις
1117 2220 1178 2256 οὖν,
1197 2220 1294 2258 οἶμαι,
1309 2223 1450 2256 νεανικὸς,
1468 2223 1515 2250 καὶ
1539 2222 1705 2258 ὲπησκηκὼς
1731 2222 1853 2258 ἀνδρείαν

1063 2269 1112 2305 τὴν
1131 2269 1340 2304 πνευματικὴν,
1356 2269 1404 2296 καὶ
1427 2269 1638 2296 ἀντανίστασθαι
1663 2267 1852 2304 μεμελετηκὼς

1063 2317 1170 2351 ὁρατοῖς
1182 2324 1212 2342 τε
1232 2316 1278 2342 καὶ
1292 2316 1418 2351 ἀοράτοις
1433 2315 1559 2351 ἐχθροῖς,
1577 2315 1673 2342 ἑαυτόν
1689 2323 1720 2341 τε
1737 2315 1784 2341 καὶ
1799 2313 1851 2341 ἐτι

1066 2370 1129 2397 ρους
1153 2361 1304 2394 ἀνασώζειν
1331 2361 1426 2395 είδὼς,
1455 2362 1502 2389 καὶ
1525 2363 1555 2388 ὲν
1579 2362 1639 2398 Θεῷ
1664 2361 1754 2389 πάντα
1777 2361 1851 2389 δυνά-

1028 2399 1051 2427 Ῑ)
1067 2416 1158 2444 μενος.

1102 2455 1207 2482 ΗΔΛΛ.
1225 2455 1368 2491 Σύμφημι.

1104 2502 1186 2529 ΚΥΡ.
1205 2501 1299 2529 Βούλει
1315 2502 1347 2537 δὴ
1364 2499 1410 2529 οὖν
1435 2501 1501 2528 αὐτὸ
1520 2501 1552 2536 δὴ
1575 2499 1655 2528 τοῦτο
1677 2499 1852 2536 καταθρῶμεν

1065 2545 1094 2575 εὖ
1110 2547 1183 2584 μάλα
1193 2567 1200 2580 ,
1215 2547 1340 2583 καθάπερ
1356 2549 1385 2575 ὲν
1406 2547 1501 2574 πίνακι
1521 2546 1745 2582 σκιαγραφηθὲν,
1760 2547 1790 2573 ὲν
1803 2549 1851 2578 τοῖς

1066 2594 1137 2623 κατὰ
1158 2595 1204 2622 τὸν
1220 2595 1363 2622 θεσπέσιον
1391 2594 1518 2631 Ἀϐραὰμ
1542 2593 1780 2629 ὲπωφελεστάτοις
1793 2595 1851 2630 ἡμῖν

1066 2640 1231 2676 διηγήμασιν
1242 2649 1248 2674 ;
1707 2630 1716 2638 ’

1102 2687 1207 2714 ΠΑΛΛ,
1228 2686 1355 2722 Ἐλοίμην
1369 2686 1402 2712 ἂν
1422 2685 1536 2722 σφόδρα.
1555 2686 1618 2717 Πῶς
1634 2685 1688 2722 γὰρ
1704 2685 1752 2718 ob;

1100 2733 1181 2760 ΚΥΡ.
1192 2733 1349 2768 Γέγραπται
1361 2733 1450 2759 τοίνυν
1462 2754 1469 2765 ,
1486 2732 1523 2764 ὡς
1544 2732 1664 2768 κατῴκει
1682 2740 1711 2758 τε
1728 2731 1778 2758 καὶ
1793 2739 1850 2758 κατ-

1067 2779 1191 2815 ηυλίζετο
1209 2779 1258 2814 μὲν
1273 2780 1300 2805 ἑν
1318 2778 1446 2814 Σοδόμοις
1474 2779 1488 2804 ὁ
1503 2777 1575 2804 Λώτ·
1591 2777 1686 2812 ἐπειδὴ
1701 2777 1729 2803 δὲ
1747 2776 1795 2811 τὴν
1806 2775 1850 2809 γῆν

1107 2870 1129 2886 ⁸⁸
1143 2871 1209 2898 Dan.
1224 2879 1271 2902 νη,
1291 2869 1332 2896 10.
1372 2869 1394 2885 ⁸⁸
1411 2869 1489 2896 Prov.
1502 2867 1590 2900 sui“).
1631 2868 1672 2895 "l
1686 2867 1755 2903 Reg.
1772 2865 1848 2900 11,30.
