1934 3042
57 140 106 168 55-5

420 140 463 169 DE
482 138 702 170 ADORATIONE
722 138 755 166 IN
775 136 910 166 SPmlTU
930 138 975 164 ET
994 138 1178 166 VERITATE.
1201 139 1264 166 LIB.
1281 138 1324 168 IV.

1644 140 1696 169 5:14

58 197 142 229 δεινὸς
166 197 217 225 καὶ
244 198 332 234 βαρὺς
353 200 463 227 κατέθει
483 201 611 236 πόλεμος,
629 199 682 226 τῶν
705 208 735 226 τε
760 198 857 234 ἀγχοῦ,

911 206 971 225 rum
988 198 1091 226 bellum
1107 199 1134 226 in
1149 207 1209 226 eam
1230 200 1371 235 regionem
1395 198 1551 232 invasisset,
1579 208 1696 236 cumqie

59 243 105 271 καὶ
120 243 178 270 τῶν
194 244 230 271 ἐκ
246 245 297 280 τῆς
313 246 414 281 ὁμόρου
440 246 532 282 χώρας
542 267 549 279 ,
562 245 631 282 ὁμοῦ
648 246 704 277 τοῖς
731 244 856 280 ἡγεῖσθαι

59 290 171 327 λαχοῦσι
190 292 266 319 κατὰ
281 293 382 328 κράτος
402 293 517 320 ἑλόντων
530 293 579 329 τὴν
595 292 672 319 πόλιν
682 314 690 325 ,
708 300 857 319 συναπεκο-

60 337 155 372 μίζετο
168 339 228 370 τοῖς
243 338 422 370 ὲξαναστᾶσιν
438 339 452 365 6
469 339 541 372 Λὼτ,
554 339 601 366 καὶ
613 338 680 373 ὁμοῦ
691 339 747 370 τοῖς
768 338 858 370 ἄλλοις

58 383 232 420 δορύληπτος
245 382 292 421 ἧν·
311 386 533 421 παραγενόμενος
546 385 574 412 δέ
589 394 632 417 τις
647 385 701 411 τῶν
720 385 858 411 ἀνασεσω-

61 431 180 464 σμένων,
203 440 213 456 ι
225 430 412 466 ’Δπηγγέλη,»
426 432 517 467 φησὶν,
531 440 539 456 ι
552 430 678 465 Ἀϐραὰμ
688 430 726 466 τῷ
738 430 855 465 περάτῃ,

61 476 141 508 αὐτὸς
158 476 190 503 δὲ
205 477 326 512 κατῴκει
341 477 409 512 πρὸς
423 478 456 513 τῇ
471 477 532 512 δρυῒ
551 478 583 512 τῇ
600 476 738 512 Μαμϐρῇ,
760 477 856 512 Ἀμορ-

61 523 138 556 ραίου
153 522 204 549 τοῦ
220 523 338 558 ἀδελφοῦ
357 522 476 558 Ἐσχὼλ,
491 523 539 549 καὶ
561 523 607 550 τοῦ
623 523 738 558 ἀδελφοῦ
754 523 854 556 Λὺνᾶν,

60 570 83 595 υἱ
125 567 198 604 ἦσαν
234 570 388 604 συνωμόται
418 569 466 595 τοῦ
509 569 627 604 Ἀδραμ.
659 569 792 600 Ἀκούσας
823 569 852 596 δὲ

67 613 187 648 Ἀϐρὰμ,
203 614 244 640 ὅτι
261 614 471 649 ᾐχμαλώτευται
485 613 547 641 Λὼτ
558 615 571 640 ὁ
590 614 747 649 ἀδελφιδοῦς
762 614 854 649 αὑτοῦ,

62 659 202 694 ἠρίθμησε
212 662 277 693 τοὺς
299 661 380 693 ίδίους
396 661 544 695 οἰκογενεῖς
567 661 666 693 αὐτοῦ,
683 662 857 697 τριακοσίους

62 704 126 731 δέκα
142 705 191 731 καὶ
214 705 297 732 ὀκτώ.
320 706 375 732 Καὶ
399 705 562 738 κατεδίωξεν
586 706 675 732 ὀπίσω
702 707 790 733 αὐτῶν
803 707 857 739 ἕως

62 749 125 776 Δάν·
150 751 200 777 καὶ
215 751 351 777 ἐπέπεσεν
369 751 412 777 ἐπ’
425 751 524 783 αὐτοὺς
537 751 586 787 τὴν
601 751 687 778 νύκτα
703 752 793 785 αὐτὸς,
809 753 856 780 καὶ

63 796 86 822 οι
97 796 193 828 παῖδες
203 796 300 823 αὑτοῦ.
309 797 362 823 Καὶ
372 796 507 829 ἐπάταξεν
518 797 626 829 αὐτοὺς,
639 797 685 823 καὶ
694 797 856 831 κατεδίωξεν

64 840 165 872 αὐτοὺς
180 840 234 872 ἕως
258 841 351 873 Χοϐὰ,
367 841 385 877 δή
401 842 478 868 ἐστιν
500 842 529 868 ὲν
545 842 678 878 ἀριστερᾷ
696 843 854 878 Δαμασκοῦ.

63 886 118 912 Καὶ
133 885 292 921 ἀπέστρεψε
307 887 397 913 πᾶσαν
409 886 458 921 τὴν
472 886 555 913 ἵππον
575 887 712 922 Σοδόμων,
728 888 776 914 καὶ
794 888 856 915 Λὼτ

61 931 108 957 τὸν
136 931 297 966 ἀδελφιδοῦν
322 932 405 959 αὑτοῦ
435 932 612 967 ἀπέστρεψε,
637 934 684 960 καὶ
711 934 800 961 πάντα
822 934 857 961 τὰ

63 977 223 1012 ὑπάρχοντα
238 977 322 1004 αὑτοῦ
333 997 340 1009 ,
358 979 405 1004 καὶ
421 978 470 1010 τὰς
491 980 634 1012 γυναῖκας,
652 979 700 1006 καὶ
720 980 765 1006 τὸν
781 980 855 1007 λαόν.

69 1023 180 1058 nemo:
196 1024 225 1050 δὲ
247 1023 374 1058 βασιλεὺς
391 1024 516 1059 Σοδόμων
532 1026 571 1056 είς
587 1026 748 1060 συνάντησιν
762 1025 856 1060 αὑτοῦ,

64 1068 135 1104 μετὰ
153 1068 184 1095 τὸ
199 1068 371 1104 ὑποστρέψαι
390 1069 473 1096 αὐτὸν
487 1069 541 1096 ἀπὸ
555 1070 606 1105 τῆς
625 1071 714 1105 κοπῆς
729 1071 857 1097 Χοδολλοο

62 1114 168 1150 γομδρ,
185 1115 234 1141 καὶ
256 1114 311 1141 τῶν
335 1114 469 1149 βασιλέων
490 1116 545 1142 τῶν
562 1115 631 1151 μετὰ
646 1117 729 1143 αὑτοῦ
746 1118 786 1149 είς
806 1117 857 1153 τὴν

62 1160 178 1187 κοιλάδα
191 1160 240 1186 τοῦ
252 1160 338 1195 Σαὸἦ.
353 1160 438 1187 Τοῦτο
455 1158 489 1196 ἦν
501 1162 532 1187 τὸ
546 1161 635 1188 πεδίον
646 1161 701 1189 τῶν
715 1162 854 1197 βασιλέων.

63 1207 118 1233 Καὶ
149 1206 321 1242 Μελχισεδὲκ
339 1206 464 1242 βασιλεὺς
483 1207 576 1243 Σαλὴμ
596 1208 739 1244 ὲξήνεγκεν
758 1208 857 1244 ἄρτους

63 1252 111 1278 καὶ
130 1249 213 1278 οἶνον·
233 1249 269 1287 ἦν
282 1251 310 1278 δὲ
322 1252 411 1288 ἱερεὺς
430 1251 476 1278 τοῦ
489 1252 556 1279 Θεοῦ
574 1253 699 1288 ὑψίστου·
717 1253 764 1280 καὶ
780 1253 856 1280 εὐλό-

63 1306 130 1334 γησε
145 1298 191 1325 τὸν
215 1297 339 1334 Ἀὃρὰμ,
356 1299 403 1325 καὶ
427 1295 514 1325 εἶπεν·
538 1298 728 1335 Εὐλογημένος
750 1299 857 1335 ’Δϐρὰμ

63 1344 102 1380 τῷ
116 1344 177 1380 Θεῷ
195 1345 234 1380 τῷ
250 1345 370 1380 ὑψίστῳ,
385 1345 416 1377 ὃς
439 1345 532 1372 ἔκτισε
548 1345 594 1372 τὸν
614 1346 728 1381 οὐρανὸν
745 1346 792 1373 καὶ
808 1346 858 1382 τὴν

63 1390 126 1426 γῆν.
145 1391 203 1417 Καὶ
222 1390 368 1426 εὐλογητὸς
383 1393 397 1417 ό
417 1391 483 1423 Θεὸς
501 1392 516 1417 6
531 1391 642 1426 ὕψιστος
652 1412 658 1423 ,
672 1392 701 1423 ὃς
715 1392 857 1428 παρέδωκε

64 1437 126 1469 τοὺς
142 1436 258 1472 ἐχθρούς
274 1445 322 1463 σου
336 1437 508 1473 ὑποχειρίους
522 1445 574 1464 σοι.
596 1438 651 1464 Καὶ
669 1438 769 1464 ἔδωκεν
784 1437 858 1473 αὐτῷ

64 1483 182 1518 δεκάτην
202 1484 298 1518 μοῖραν
311 1483 364 1509 ἀπὸ
380 1484 500 1510 πάντων.
513 1482 582 1510 Eine
595 1484 624 1511 δὲ
636 1483 763 1518 βασιλεὺς
778 1483 858 1510 Σοδό-

66 1536 123 1562 μων
142 1528 212 1563 πρὺς
231 1527 349 1563 ’Δὸράμ’
364 1528 419 1574 θός
435 1537 481 1563 μοι
495 1528 558 1560 τοὺς
575 1528 685 1564 ἄνδρας,
704 1528 754 1564 τὴν
770 1528 798 1554 δὲ
814 1528 859 1554 ἴπ-
871 1546 891 1574 C

65 1579 114 1596 πον
132 1571 200 1598 λάϐε
212 1571 328 1606 σεαυτῷ.
343 1570 411 1598 Eine
425 1572 454 1598 δὲ
475 1572 582 1607 Ἀὸρὰμ
599 1573 667 1608 πρὸς
681 1573 726 1599 τὸν
746 1573 857 1607 βασιλέα

65 1616 202 1652 Σοδόμων·
228 1617 345 1644 Ἐκτενῶ
371 1617 420 1652 τὴν
443 1618 523 1654 χεῖρά
540 1627 590 1654 μου
611 1618 680 1653 πρὸς
695 1618 797 1654 Κύριον
811 1619 857 1645 τὸν

64 1664 131 1692 Θεδν
143 1665 188 1692 τὸν
204 1664 326 1700 ὕψιστον,
339 1665 368 1697 ὃς
387 1665 478 1693 ἔκτισε
490 1667 536 1693 τδν
549 1667 663 1702 οὐρανὸν
674 1667 720 1693 καὶ¹
734 1666 783 1702 τὴν
793 1666 857 1701 γῆν,

65 1713 89 1738 εί
100 1712 156 1738 ἀπὸ
169 1712 305 1748 σπαρτίου
322 1712 374 1744 ἓως
389 1713 569 1748 σφυρωτῆρος
584 1713 759 1748 ὑποδήματος
774 1712 858 1747 λήψο-

66 1766 116 1793 μαι
143 1757 199 1784 ἀπὸ
223 1757 333 1784 πάντων
351 1757 405 1784 τῶν
427 1758 496 1790 σῶν,
518 1758 561 1784 ἵνα
578 1758 615 1793 μὴ
627 1758 707 1793 εἴπῃς
722 1758 763 1784 ὅτι
787 1756 858 1791 Ἐγὼ

65 1802 213 1829 ὲπλούτισα
226 1802 272 1829 τὸν
287 1802 403 1838 Ἀὁρὰμ,
415 1803 484 1838 πλὴν
498 1799 535 1829 ὧν
551 1802 653 1837 ἔφαγον
667 1803 692 1828 οί
708 1802 855 1835 νεανίσκοι,

65 1847 180 1882 καὶτῆς
205 1847 313 1883 μερίδος
330 1847 384 1874 τῶν
406 1847 511 1883 ἀνδρῶν
533 1847 587 1874 τῶν
611 1847 857 1883 συμπορευθέντων

68 1894 127 1928 μετ’
144 1893 223 1929 ἐμοῦ,
241 1893 355 1929 Ἐσχὼλ,
372 1894 472 1926 Δύνᾶν,
488 1893 626 1930 Μαμὸρῆ·
641 1890 713 1920 οὗτοι
728 1893 859 1928 λήψονται

69 1939 180 1975 μερίδα.
209 1939 289 1967 Μετὰ
308 1939 336 1966 δὲ
359 1940 393 1966 τὰ
415 1941 526 1976 ῥήματα
544 1939 631 1966 ταῦτα
653 1939 769 1974 ἐγενήθη
785 1939 860 1974 ῥῆμα

68 1987 171 2021 Κυρίου
184 1987 253 2022 πρὸς
275 1987 382 2022 ’Δϐρὰμ
398 1988 427 2013 ὲν
438 1986 558 2023 ὁράματι
571 1986 622 2021 τῆς
635 1986 742 2017 νυκτὸς,
760 1985 858 2020 λέγων·

65 2033 112 2069 Μὴ
136 2033 232 2068 φοϐοῦ,
249 2033 366 2068 Ἀϐράμ,
382 2031 437 2067 ἐγὼ
456 2031 636 2069 ὑπερασπίζω
649 2040 709 2064 σου,
737 2032 751 2058 ὁ
763 2031 860 2067 μισθός

68 2085 115 2104 σου
134 2078 220 2110 πολὺς
238 2079 314 2105 ἔσται
329 2078 442 2113 σφόδρα.
459 2078 542 2112 Λέγει
553 2078 582 2104 δὲ
603 2077 721 2113 Ἀϐρὰμ,
736 2077 860 2104 Δέσποτα

68 2124 156 2160 Κύριε
169 2143 177 2156 ,
193 2124 220 2150 τί
236 2133 280 2160 μοι
291 2124 404 2157 δώσεις;
422 2123 478 2158 ἐγὼ
493 2124 521 2150 δὲ
542 2124 697 2159 ἀπολύομαι
711 2124 833 2156 ἄτεκνος,
846 2123 861 2149 ό

67 2172 95 2198 δὲ
111 2171 170 2203 υἱὸς
185 2171 280 2206 Μασὲχ
296 2171 345 2206 τῆς
360 2170 515 2205 οίκογενοῦς
538 2178 604 2206 μου,
621 2167 697 2201 οὗτος
712 2168 859 2204 Δαμασκὺς

907 244 1038 280 proxima:
1048 252 1080 271 ac
1098 244 1225 272 ﬁnitima:
1241 250 1335 280 gentes
1350 253 1404 272 una
1416 253 1479 272 eum
1500 245 1619 273 ducibus
1634 247 1692 274 suis

907 291 933 318 vi
953 298 1013 318 eam
1035 290 1133 317 urbem
1145 290 1298 325 cepissent,
1318 299 1373 318 una
1395 298 1457 318 cum
1476 291 1509 318 iis
1526 291 1574 326 qui
1594 293 1695 327 captivi

907 335 1070 371 agebantur,
1087 335 1140 363 Lot
1152 343 1261 370 quoque
1283 336 1433 363 abductum
1458 337 1539 364 simul
1557 344 1620 364 cum
1635 337 1696 364 aliis

907 382 935 409 in
950 382 1070 409 hostium
1087 385 1249 417 potestatem
1268 382 1395 409 venisse:
1411 382 1469 415 sed,
1495 391 1558 410 cum
1582 383 1695 418 quidam

907 427 982 455 exiis
997 428 1042 463 qui
1055 432 1200 454 evaserant
1209 426 1375 458 advenisset,
1393 427 1540 454 «Nuntiata
1558 435 1603 454 res
1615 432 1667 460 est,
1682 438 1692 453 ι

907 474 1007 510 inquit,
1029 484 1038 500 ι
1052 474 1189 501 Abraham
1202 473 1381 500 transﬂuviali
1392 483 1397 500 :
1410 474 1467 508 ipse
1484 478 1575 502 autem
1588 474 1696 502 habita-

907 521 954 549 bat
968 521 1002 548 ad
1019 528 1151 556 quercum
1167 520 1298 552 Mambre,
1313 519 1463 547 Amorrhzei
1477 519 1570 548 fratris
1583 520 1694 553 Esehol,

906 572 934 595 et
952 567 1046 594 fratris
1074 566 1183 599 Aunan,
1215 566 1262 601 qui
1282 570 1360 593 erant
1382 566 1516 601 coniurati
1545 566 1695 594 Abraham.

907 612 1029 640 Audiens
1041 617 1134 640 autem
1154 612 1295 640 Abraham
1315 612 1388 647 quod
1401 612 1526 646 captivus
1541 612 1628 639 factus
1650 620 1695 640 es-

906 664 948 686 set
975 659 1027 687 Lot
1050 658 1143 686 fratris
1163 658 1245 689 ﬁlius,
1271 658 1427 685 numeravit
1446 658 1573 693 proprios
1596 667 1695 686 verum

907 704 984 731 culos
996 711 1061 731 suos
1076 708 1214 731 trecentos
1236 704 1331 731 decem
1346 708 1373 731 et
1391 709 1467 736 octo;
1484 708 1512 731 et
1535 709 1697 739 persecutus

906 754 948 778 est
956 757 1003 777 eos
1014 758 1099 785 usque
1110 750 1178 782 Dan,
1187 755 1215 777 et
1223 750 1304 777 irruit
1313 758 1396 785 super
1410 757 1458 777 eos
1469 753 1525 789 tota
1535 753 1625 783 nocte,
1639 750 1697 785 ipse

907 800 934 823 et
953 797 1032 831 pueri
1047 797 1107 831 ejus
1120 805 1126 823 :
1139 802 1166 823 et
1189 797 1327 831 percussit
1352 804 1410 827 eos,
1425 801 1453 823 et
1478 801 1641 831 persecutus
1656 800 1698 824 est

907 849 995 876 usque
1005 842 1121 874 Chobal,
1141 850 1202 876 quae
1215 845 1257 869 est
1282 841 1315 868 ad
1330 842 1426 869 laevam
1443 841 1578 874 Damasci,
1595 846 1623 868 et
1649 849 1696 868 re-

908 888 986 915 duxit
1000 896 1110 915 omnem
1122 888 1275 922 equitatum
1291 887 1487 920 Sodomorum,
1505 891 1533 914 et
1546 887 1597 915 Lot
1612 887 1696 915 filium

907 934 1002 961 fratris
1013 934 1055 961 sui
1067 934 1187 966 reduxit,
1202 938 1229 961 et
1240 941 1350 961 omnem
1372 934 1554 961 substantiam
1578 935 1648 970 ejus,
1670 937 1699 962 et

907 979 1048 1012 mulieres,
1063 983 1091 1007 et
1115 980 1258 1015 populum.
1279 979 1360 1014 138
1385 980 1519 1015 Egressus
1534 984 1576 1007 est
1606 984 1698 1008 autem

907 1032 955 1052 rex
971 1024 1154 1052 Sodomorum
1171 1025 1199 1052 in
1217 1032 1364 1052 occursum
1384 1025 1467 1058 illius,
1494 1029 1638 1061 postquam
1656 1034 1700 1052 re-

906 1079 1004 1098 versus
1018 1075 1060 1098 est
1073 1079 1089 1098 a
1103 1071 1176 1098 cmde
1193 1071 1421 1103 Chodorlaomor,
1434 1075 1461 1098 et
1471 1076 1635 1099 caeterorum
1653 1081 1698 1099 re-

907 1124 971 1152 gum
990 1117 1038 1152 qui
1052 1124 1115 1144 cum
1130 1117 1177 1144 illo
1200 1122 1289 1150 erant,
1303 1118 1332 1144 in
1348 1118 1446 1144 vallem
1466 1117 1548 1145 Sabe.
1573 1118 1624 1145 Hic
1639 1122 1700 1145 erat

907 1171 1021 1198 campus
1033 1171 1140 1198 regum,
1161 1167 1188 1190 et
1200 1164 1402 1191 Melchisedech
1428 1172 1476 1190 rex
1495 1163 1585 1191 Salem
1601 1167 1698 1199 protu-

907 1208 939 1235 lit
953 1216 1038 1243 panes
1050 1208 1185 1235 etvinum
1199 1217 1206 1241 ;
1225 1213 1286 1235 erat
1315 1208 1390 1235 enim
1413 1208 1542 1235 sacerdos
1559 1208 1608 1236 Dei
1621 1208 1699 1236 altis-

908 1253 980 1285 simi,
995 1257 1023 1280 et
1041 1253 1185 1281 benedixit
1206 1253 1357 1286 Abraham,
1376 1257 1404 1281 et
1431 1254 1519 1281 dixit:
1534 1254 1700 1282 Benedictus

907 1299 1045 1326 Abraham
1060 1299 1116 1326 Deo
1138 1299 1281 1332 altissimo,
1308 1299 1355 1334 qui
1374 1299 1443 1326 fecit
1470 1300 1572 1326 caelum
1596 1304 1624 1327 et
1644 1303 1702 1327 ter-

908 1352 984 1378 ram;
1002 1349 1029 1372 et
1043 1345 1206 1372 benedictus
1217 1346 1291 1372 Dens
1302 1346 1463 1376 altissimus,
1478 1346 1525 1379 qui
1545 1345 1622 1373 dedit
1645 1346 1698 1373 ho-

909 1393 964 1418 stes
982 1394 1044 1418 tuos
1062 1391 1189 1418 subditos
1209 1391 1270 1418 tibi.
1285 1391 1319 1418 Et
1332 1391 1408 1419 dedit
1422 1391 1449 1418 ei
1474 1391 1608 1418 decimam
1633 1399 1699 1427 par-

909 1440 964 1462 tem
978 1436 1012 1463 ab
1025 1436 1164 1463 omnibus.
1182 1436 1255 1463 Dixit
1274 1441 1367 1464 autem
1388 1445 1438 1464 rex
1469 1436 1651 1464 Sodomorum
1666 1437 1701 1464 ad

908 1482 1061 1509 Abraham:
1078 1483 1117 1510 Da
1136 1483 1205 1510 mihi
1219 1483 1304 1516 viros,
1323 1487 1351 1510 at
1366 1483 1522 1518 equitatum
1539 1484 1634 1519 accipe
1647 1483 1698 1512 tibi

909 1528 971 1562 ipsi.
983 1529 1056 1555 Dixit
1068 1531 1161 1556 autem
1181 1529 1319 1556 Abraham
1339 1529 1373 1556 ad
1390 1537 1481 1565 regem
1497 1530 1699 1558 Sodomorum:

909 1574 1060 1601 Extendam
1072 1582 1183 1601 manum
1201 1582 1290 1601 meam
1307 1575 1342 1601 ad
1361 1575 1448 1602 Deum
1467 1575 1641 1608 altissimum,
1653 1576 1700 1611 qui

908 1620 1013 1647 creavit
1026 1621 1125 1647 caelum
1141 1623 1169 1647 et
1183 1625 1296 1652 terram,
1313 1621 1338 1647 si
1360 1629 1375 1648 a
1386 1621 1432 1647 {ilo
1449 1629 1536 1655 usque
1557 1621 1590 1648 ad
1612 1621 1700 1648 corri—

909 1665 980 1701 giam
1001 1666 1178 1693 calceamenti
1187 1666 1318 1701 accipiam
1333 1666 1366 1693 de
1381 1666 1509 1694 omnibus
1526 1667 1590 1699 tuis,
1606 1675 1641 1694 ne
1656 1667 1700 1694 di-

909 1719 970 1744 cas,
1000 1712 1058 1747 Ego
1081 1712 1167 1739 (litavi
1199 1712 1355 1754 Abraham,
1381 1717 1481 1747 praeter
1514 1721 1546 1740 ea
1569 1721 1630 1747 quae
1653 1721 1702 1740 co-

909 1758 1055 1786 mederunt
1084 1759 1212 1794 juvenes,
1231 1763 1259 1786 et
1274 1762 1380 1793 partem
1397 1759 1520 1786 virorum
1543 1759 1590 1794 qui
1616 1767 1703 1786 vene-

910 1808 974 1832 runt
994 1805 1237 1837 mecum,Esehol,
1256 1805 1373 1837 Annam,
1399 1804 1537 1837 Mambre;
1561 1805 1606 1831 isti
1627 1805 1702 1833 acci-

911 1849 987 1885 pient
1002 1854 1118 1885 partem.
1135 1850 1200 1877 Post
1225 1849 1310 1877 verba
1335 1853 1427 1877 autem
1450 1850 1509 1877 haec
1530 1849 1633 1877 factum
1659 1853 1703 1877 est

910 1896 1025 1922 verbum
1035 1895 1143 1923 Domini
1157 1895 1192 1923 ad
1208 1895 1347 1923 Abraham
1364 1895 1392 1922 in
1409 1895 1526 1928 visione,
1539 1895 1635 1923 dicens
1646 1904 1651 1922 :
1662 1895 1703 1923 Ne

911 1941 1019 1973 timeas,
1050 1940 1206 1973 Abraham;
1233 1947 1283 1975 ego
1306 1943 1450 1975 protegam
1479 1944 1516 1973 te,
1533 1948 1642 1968 merces
1656 1945 1704 1967 tua

910 1987 997 2014 multa
1009 1987 1063 2014 erit
1076 1986 1170 2014 nimis.
1194 1986 1266 2013 Dicit
1280 1990 1372 2013 autem
1399 1985 1537 2013 Abraham
1551 1994 1558 2012 :
1576 1986 1703 2019 Domine,

910 2033 977 2068 quid
996 2032 1075 2059 dabis
1090 2031 1179 2059 mihi?
1195 2039 1246 2066 ego
1258 2035 1349 2058 autem
1361 2030 1486 2058 dimittor
1505 2031 1564 2058 sine
1586 2031 1701 2064 liberis;

911 2079 984 2106 ﬁlius
1001 2081 1093 2105 autem
1106 2077 1216 2105 Maseeh
1232 2077 1388 2104 vernaculae
1400 2084 1477 2109 meze,
1493 2076 1540 2104 hic
1552 2076 1704 2104 Damascus

911 2125 1036 2152 Eliezer:
1051 2129 1079 2152 et
1095 2124 1165 2152 dixit
1178 2123 1316 2150 Abraham
1328 2143 1335 2156 ,
1356 2122 1425 2155 Quia
1443 2123 1511 2149 mihi
1532 2130 1587 2150 non
1604 2122 1705 2150 dedisti

912 2179 1016 2204 semen,
1030 2171 1195 2198 vernaculus
1223 2177 1302 2197 meus
1318 2169 1407 2196 haeres
1420 2176 1499 2200 meus
1514 2168 1578 2195 erit.
1595 2168 1630 2195 Et
1647 2172 1704 2195 sta-

75 2217 214 2253 Ἑλιέζερο
241 2217 288 2243 καὶ
318 2215 396 2243 εἶπεν
424 2216 540 2252 Ἀδράμ·
580 2216 690 2252 Ἐπειδὴ
719 2217 782 2251 ἐμοὶ
810 2215 858 2242 οὐκ

914 2218 962 2244 tim
974 2224 1027 2244 vox
1041 2216 1150 2243 Domini
1170 2214 1242 2242 facta
1261 2218 1303 2242 est
1318 2214 1352 2241 ad
1365 2222 1444 2246 eum,
1457 2213 1568 2240 dicens:
1586 2213 1645 2239 Non
1659 2213 1705 2239 hic

70 2264 175 2295 ἔδωκας
197 2263 328 2299 σπέρμα,
344 2264 358 2289 ὁ
372 2263 400 2289 δὲ
421 2262 563 2298 οἰκογενής
589 2270 639 2296 μου
663 2262 861 2297 κληρονομήσει

71 2318 116 2344 με.
131 2310 188 2336 Καὶ
209 2309 292 2340 εὐθὺς
318 2308 394 2345 φωνὴ
417 2308 520 2344 Κυρίου
546 2308 653 2342 ἐγένετο
677 2308 744 2344 πρὸς
764 2308 861 2340 αὑτὸν,

69 2355 199 2389 λέγουσα·
220 2356 258 2381 Οὺ
279 2355 480 2390 κληρονομήσει
502 2363 531 2380 σε
551 2352 639 2385 οὗτος·
655 2354 733 2385 ἄλλος
757 2353 862 2386 ἐξελεύ-

71 2409 148 2428 σεται
161 2402 195 2428 ἐκ
213 2401 262 2428 σοῦ
274 2422 281 2434 ,
303 2399 380 2432 οὗτος
395 2401 594 2436 κληρονομήσει
617 2409 657 2428 σε.
686 2400 818 2435 Ἐξήγαγε
833 2400 862 2426 δὲ

70 2447 153 2473 αὑτὸν
173 2445 245 2479 ἔξω,
258 2447 306 2473 καὶ
320 2444 396 2473 εἶπεν
416 2446 500 2482 αὐτῷ⁸
521 2446 685 2482 Ἀνάϐλεψον
706 2446 738 2482 δὴ
756 2447 797 2478 εἰς
816 2446 862 2473 τὸν

70 2494 185 2530 obpava
200 2493 247 2519 καὶ
268 2493 418 2528 ἁρίθμησον
432 2493 495 2524 τοὺς
516 2493 645 2528 ἀστέρας,
663 2494 687 2519 εἰ
703 2493 804 2528 δυνήσῃ
819 2491 862 2525 ἐξ·

70 2538 226 2575 αριομῆσαι
254 2538 371 2570 αὐτούς.
402 2538 457 2564 Καὶ
486 2538 571 2566 εἶπεν·
599 2538 693 2570 Οὖτώς
728 2538 804 2565 ἔσται
832 2537 863 2564 τὸ

72 2585 184 2620 σπέρμα
204 2592 262 2611 σου.
283 2594 292 2610 ι
318 2584 399 2619 Ὁρᾷς
418 2584 472 2610 τῶν
491 2584 576 2618 ἁγίων
588 2584 618 2610 τὸ
635 2584 742 2619 ἕτοιμον
762 2584 802 2616 εἰς
817 2584 862 2610 εὐ-

70 2630 203 2666 τολμίαν,
219 2631 266 2657 καὶ
289 2630 362 2661 ὅπως
380 2629 472 2664 ἔχουσι
490 2630 520 2656 τὸ
539 2630 676 2665 τληπαθὲς
694 2629 867 2663 ὲθελούσιον;

72 2677 150 2712 Ἅμα
166 2676 221 2711 γὰρ
243 2674 360 2702 ἐπύθετο
387 2675 612 2703 κεκινδυνευγσότα
633 2675 678 2702 τὸν
699 2675 781 2708 Λὼτ,
799 2684 863 2702 κατ-

72 2722 145 2758 ηλέει
162 2722 213 2758 μὲν
222 2722 305 2754 εὐθὺς
318 2720 365 2748 τοῦ
381 2721 547 2756 προσγενοῦς
561 2722 612 2756 τὴν
636 2722 797 2757 συμφορὰν,
815 2721 865 2757 ἁρ-

72 2769 162 2799 πάσας
177 2767 206 2794 δὲ
218 2768 282 2800 τοὺς
300 2767 458 2800 οἰκογενεῖς,
472 2767 519 2793 καί
530 2775 606 2799 τινας
622 2766 676 2795 τῶν
690 2765 864 2802 συνωμοτῶν,

107 2857 130 2873 ⁵⁸
143 2857 213 2886 Gen.
234 2865 291 2890 xw,
310 2855 410 2890 ιῦ-οη
429 2863 474 2889 xv,
494 2855 552 2882 1-5.

912 2262 966 2290 erit
984 2262 1083 2293 haeres,
1101 2260 1150 2288 sed
1173 2261 1220 2295 qui
1244 2260 1330 2287 exibit
1354 2267 1387 2286 ex
1410 2262 1446 2290 te,
1463 2258 1509 2285 hic
1534 2257 1586 2284 erit
1616 2257 1705 2284 hmres

913 2313 986 2336 tuus.
1022 2307 1125 2336 Eduxit
1157 2312 1249 2334 autem
1277 2314 1341 2333 eum
1366 2305 1456 2338 foras,
1486 2308 1514 2332 et
1541 2298 1610 2331 dixit
1640 2303 1667 2330 ei
1695 2312 1703 2330 :

913 2354 1028 2389 Suspice
1058 2353 1086 2380 in
1113 2353 1224 2384 caelum,
1244 2355 1272 2379 et
1295 2359 1410 2378 numera
1437 2350 1540 2382 stellas,
1559 2349 1581 2376 si
1601 2348 1705 2384 poteris

911 2407 1059 2428 numerare
1070 2407 1126 2426 eas.
1143 2399 1178 2426 Et
1191 2398 1270 2428 dixit,
1286 2397 1332 2424 Sic
1346 2396 1400 2423 erit
1420 2403 1514 2423 semen
1542 2399 1620 2421 tuum
1645 2393 1678 2420 ⁸³.
1691 2403 1700 2418 ι

914 2447 998 2475 Vides
1012 2453 1092 2481 quam
1102 2444 1222 2479 prompti
1236 2443 1291 2470 sint
1301 2442 1334 2469 ad
1358 2441 1514 2468 audendum
1540 2440 1627 2467 sancti
1639 2439 1704 2471 viri,

916 2499 1053 2528 quamque
1069 2495 1166 2525 sponte
1181 2497 1230 2517 sua
1247 2488 1280 2516 ad
1303 2486 1447 2515 subeunda
1467 2486 1590 2520 pericula
1604 2485 1704 2520 parati.

917 2538 1004 2566 Simul
1021 2536 1096 2565 enim
1112 2539 1194 2569 atque
1212 2533 1317 2561 audivit
1329 2533 1419 2567 ipsum
1435 2531 1487 2558 Lot
1508 2531 1536 2558 in
1556 2530 1705 2557 discrimen

915 2582 1035 2613 venisse,
1046 2580 1192 2607 miseratus
1203 2577 1351 2613 propinqui
1364 2575 1559 2606 calamitatem,
1571 2574 1704 2608 arreptis-

915 2636 969 2664 que
987 2625 1142 2655 vernaculis
1157 2628 1186 2652 et
1211 2623 1356 2651 faederatis
1382 2620 1559 2656 quibusdam,
1579 2618 1626 2654 qui
1650 2618 1706 2646 He-

916 2673 984 2702 braei
1006 2680 1062 2700 non
1087 2675 1176 2703 erant,
1190 2670 1318 2698 celeriter
1342 2667 1484 2703 profectus
1505 2669 1547 2693 est
1574 2664 1706 2691 adversus

916 2727 964 2748 eos
977 2718 1024 2754 qui
1042 2717 1165 2745 dolorem
1182 2716 1352 2745 inusserant,
1375 2719 1478 2747 eosque
1503 2710 1579 2738 nullo
1595 2709 1706 2744 negotio

917 2766 1035 2802 subegit,
1048 2763 1230 2798 liberavitque
1242 2771 1257 2790 e
1269 2760 1428 2797 captivitate
1444 2763 1501 2787 tum
1515 2758 1606 2792 ipsum
1614 2756 1707 2784 fratris
