1934 3042
90 139 142 168 357

442 144 486 172 DE
505 144 726 172 ADORA'I‘IONE
745 144 779 172 ΙΝ
800 144 936 172 SPIRITU
956 145 1000 172 ET
1020 146 1204 175 VERITATE.
1225 148 1290 176 LIB.
1311 148 1355 176 Π.

1665 148 1719 178 διε

94 197 221 229 Χριστός.
250 199 285 225 Οἵ
301 208 333 233 γε
359 201 412 235 μὴν
442 201 594 236 συνωμόται
619 201 740 236 δέχονται
765 201 883 236 μερίδας,

939 201 1022 228 rebus
1038 210 1098 236 quze
1114 203 1147 230 ad
1160 209 1322 238 praesentem
1341 204 1424 232 vitam
1447 205 1597 240 pertinent,
1611 209 1721 233 sancto-

94 242 272 276 ιὺλογοῦντος
291 242 370 279 οἶμαί
386 253 436 271 που
452 245 535 277 Θεοῦ,
559 245 606 271 καὶ
625 246 652 271 ὲν
667 246 723 276 τοῖς
739 245 809 271 κατὰ
823 244 884 271 τόν-

94 286 121 312 δε
142 287 187 313 τὸν
208 287 265 322 βίον
286 288 432 324 πράγμασι
453 290 515 321 τοὺς
537 290 589 316 τῶν
611 290 696 324 ἁγίων
717 289 882 324 συζηλωτάς·

95 333 241 365 πλεονάζει
258 334 314 369 γὰρ
325 335 417 366 αὐτοῖς
433 335 464 360 ἐκ
477 335 585 366 δικαίας
594 334 654 362 ὀδοῦ
667 335 830 372 συμμέτρως
850 335 886 361 τὰ

95 379 170 405 ὃντιν
193 381 250 411 τοῖς
267 379 322 415 γὰρ
344 379 419 406 οὔπω
439 380 577 412 παντελῶς
597 381 650 406 τῶν
674 380 801 415 ἐπιγείων
818 381 885 407 ἀπο-

97 426 261 460 φοιτήσασι,
285 426 496 461 μεμερισμένοις
521 427 549 452 δὲ
573 426 668 461 ὥσπερ
697 426 756 461 Θεῷ
784 435 813 452 τε
839 427 884 453 καὶ

97 471 206 506 κόσμῳ,
229 472 277 497 καὶ
298 472 348 503 τὰς
376 472 421 498 ἐπὶ
443 472 494 506 γῆς
517 472 641 505 εὐλογίας
664 472 784 507 διανέμει
807 472 882 503 Θεός.

97 516 192 548 Οὕτως
214 517 327 552 ηὐλόγει
352 518 397 545 τὸν
428 517 536 551 Ἰακὼϐ,
565 519 604 550 εἰς
630 518 730 554 πλῆθος
756 518 829 552 ἄγων
852 518 885 546 τὰ

96 562 256 597 θρέμματα.
778 564 788 577 ¹

130 609 237 636 ΠΔΛΛ.
253 606 290 636 Εὖ
309 609 409 644 λέγεις.

130 655 215 681 ΚΥΡ.
242 655 423 691 Εὑδοκιμοῦσι
444 655 473 681 δὲ
489 654 589 688 οὕτως,
608 656 654 682 καὶ
672 655 883 691 λελαμπρυσμέ-

95 709 161 733 νοις,
179 701 217 732 ὡς
234 701 284 736 ἤδη
293 701 423 736 γνησίοις,
441 701 471 727 τὸ
499 702 568 737 μήτε
589 702 686 736 χρῆναι
710 703 885 737 καταναρκᾷν

95 754 180 781 φησιν
205 747 220 772 ὀ
238 746 335 778 σώζειν
356 745 448 778 εἰδὼς.
473 747 521 773 καὶ
543 747 595 781 μὴν
616 747 656 773 ὃτι
674 747 721 773 καὶ
741 747 883 782 ἀμφιλαφῆ

95 792 259 827 κομιοῦνται
295 791 409 827 μισθὸν,
441 793 586 828 χρησίμως
619 794 882 827 κατεπαγγέλλεται·

94 839 162 874 ὁμοῦ
181 840 212 866 τὸ
237 839 334 867 ἄναλκί
359 848 387 866 τε
412 841 458 867 καὶ
482 840 700 876 ἀποτολμότατον
733 841 818 872 πάθος
847 840 885 872 ὡς

94 886 236 913 ἀπωτάτω
249 886 334 918 τιθεὶς
348 887 398 921 τῆς
413 887 467 913 τῶν
485 887 661 922 φοϋουμένων
678 887 759 914 αὐτὸν
773 887 884 922 ἀγέλης,
902 879 922 906 Β

95 933 142 958 καὶ
168 931 258 958 ἐλπίδι
280 932 333 958 τῶν
350 932 564 968 ἐπηγγελμένων
580 933 743 968 καταθήγων
758 935 797 966 είς
816 942 884 969 προ-

95 978 213 1013 θυμίας,
229 977 276 1004 καὶ
297 978 427 1010 καθιστὰς
452 980 716 1014 ἐρρωμενεστέρους.
741 980 884 1016 Τοιγάρτοι

95 1024 143 1051 καὶ
162 1026 177 1051 ὁ
201 1024 344 1056 θεσπέσιος
360 1024 478 1057 Παῦλος,
499 1025 570 1052 οὕτω
594 1026 737 1058 διατιθεὶς,
753 1026 818 1052 ποτε
836 1026 886 1061 μὲι

96 1069 212 1104 ἔφασκε·
229 1079 237 1096 t
257 1071 350 1098 Πάντα
368 1070 452 1106 ἰσχύω
475 1073 504 1098 ὲν
525 1071 563 1107 τῷ
585 1072 746 1107 δυναμοῦντί
763 1081 796 1107 με
819 1073 886 1108 Χρι-

96 1115 162 1151 στῷ·
182 1126 191 1143 ι
211 1117 276 1144 ποτὲ
290 1117 318 1143 δὲ
342 1115 386 1144 αὖ*
404 1126 413 1142 ι
435 1118 486 1144 Τὸν
500 1118 598 1153 δρόμον
618 1119 760 1151 τετέλεκα,
777 1118 826 1153 τὴν
840 1119 886 1146 πί-

97 1169 157 1188 στιν
177 1163 329 1197 τετήρηκα·
355 1162 448 1188 λοιπὸν
462 1163 605 1189 ἀπόκειταί
622 1171 666 1198 μοι
686 1164 700 1189 ὸ
716 1164 764 1199 τῆς
785 1163 886 1190 δικαιο-

97 1208 183 1243 σύνης
209 1208 352 1242 στέφανος.
381 1219 390 1234 ι
413 1209 554 1244 Ἀσχάλλει
577 1210 606 1235 δὲ
626 1209 685 1236 λίαν
707 1210 721 1236 6
743 1210 886 1242 θεσπέσιος

103 1254 247 1289 Ἀδραὰμ,
261 1255 308 1280 καὶ
336 1254 393 1280 υίδν
415 1254 483 1289 ἔχων
505 1252 644 1289 οἱκογενῆ,
661 1255 811 1290 δυσουμίας
836 1256 886 1282 οὐκ

98 1301 220 1336 ἀμοιρεῖ.
243 1300 276 1326 Τί
300 1300 354 1336 γάρ
387 1309 432 1335 μοι
463 1299 577 1332 δώσεις,
600 1301 696 1336 φησὶν,
722 1302 746 1327 εί
775 1302 886 1332 ἄτεκνος

97 1346 270 1381 ἀπολύομαι;
282 1347 330 1373 καὶ
352 1346 480 1378 ἀπαιδίας
498 1347 526 1372 ὲν
545 1345 594 1381 ἴσῳ
617 1348 734 1373 ποιεῖται
761 1347 791 1374 τὸ
807 1347 883 1374 νόθον

98 1393 172 1427 ἔχειν
187 1393 304 1428 καρπόν.
325 1391 391 1419 Εἶτα
405 1393 470 1424 Θεὸς
488 1393 685 1426 ἐπαγγέλλεται
703 1393 748 1419 τὸν
761 1393 791 1426 ἐξ
811 1394 886 1420 ὲλευ-

98 1437 183 1472 θέρας
199 1437 256 1463 υἱὸν
267 1458 274 1470 ,
287 1437 411 1464 τουτέστι
426 1437 472 1463 τὸν
491 1437 601 1469 Ἰσαὰκ,
618 1438 664 1464 καὶ
681 1438 789 1464 ἔσεσθαί
805 1447 886 1474 φησιν

99 1483 181 1510 αῦτδν
196 1484 225 1510 ἐν
246 1483 341 1518 ἐκείνῳ
360 1483 467 1518 πατέρα
481 1483 586 1509 πολλῶν
609 1482 710 1516 ὲονῶν,
730 1483 800 1516 ἕξειν
815 1484 843 1510 δὲ
856 1485 886 1510 τὸ

100 1529 214 1566 σπέρμα
231 1529 323 1561 καθὼς
344 1529 378 1555 τὰ
394 1529 482 1564 ἄστρα
498 1528 544 1555 τοῦ
569 1529 694 1564 οὐρανοῦ
717 1529 810 1556 ἐλύπει
832 1530 886 1565 γὰρ
900 1545 920 1573 C

97 1576 160 1602 λίαν
183 1576 246 1607 τοὺς
263 1575 357 1610 ἁγίους
379 1575 560 1606 ἀποστόλους,
576 1575 606 1600 τὸ
626 1574 721 1610 ὥσπερ
740 1575 793 1602 ἀπό
815 1584 886 1607 τινος

98 1621 213 1658 δούλης,
229 1622 280 1656 τῆς
297 1621 368 1648 κατὰ
383 1621 464 1657 νόμον
481 1621 620 1657 λατρείας,
637 1621 712 1647 νόθον
731 1621 802 1656 ἔχειν
817 1631 885 1658 καρ-

98 1668 160 1695 πόν.
174 1668 302 1704 Ἐζήτουν
312 1668 341 1694 δὲ
353 1667 452 1703 μᾶλλον
463 1667 508 1694 τὸν
520 1669 553 1694 ὲκ
565 1667 614 1702 τῆς
629 1667 793 1702 ἐλευθερίας,
808 1677 886 1695 τουτ-

99 1714 173 1745 έστι,
196 1714 242 1740 τὸν
257 1714 289 1740 ὲκ
309 1713 358 1747 τῆς
373 1713 476 1747 Καινῆς
501 1713 647 1748 Διαοήκης.
668 1711 752 1746 Οὗτος
775 1714 804 1740 δὲ
823 1713 857 1749 ἦν
873 1715 886 1741 ὁ

99 1759 230 1796 Χριστὸς,
242 1756 272 1786 οὗ
286 1759 334 1786 καὶ
356 1761 396 1790 εἰς
410 1759 494 1786 τύπον
507 1760 520 1786 ὁ
542 1759 633 1786 Ἰσαὰκ
647 1761 707 1786 κατ’
722 1760 886 1794 ἐπαγγελίαν

98 1806 212 1836 νοεῖται,
229 1805 276 1837 καὶ
287 1804 332 1831 διὰ
347 1804 473 1836 πίστεως.
492 1805 547 1832 Καὶ
561 1804 626 1838 γοῦν
640 1806 654 1831 ὸ
669 1806 802 1841 μακάριος
817 1806 887 1833 [lati-

98 1851 156 1883 λος,
173 1851 237 1886 περὶ
258 1850 311 1877 τῶν
336 1851 365 1877 ὲν
386 1851 476 1886 ἑαυτῷ
496 1851 578 1886 νόμου
603 1850 685 1885 φησὶν
707 1851 884 1886 αὐχημάτων,

102 1909 111 1924 σ
135 1899 233 1925 Ἀτινα
252 1895 286 1933 ἦν
309 1906 353 1933 μοι
368 1897 464 1933 κέρδη,
480 1897 565 1924 ταῦτα
579 1897 684 1933 ἥγημαι
704 1897 746 1924 διὰ
763 1897 807 1924 τὸν
820 1897 887 1932 Χρι-

99 1945 163 1972 στὸν
179 1943 290 1979 ζημίαν·
318 1943 386 1970 ἀλλὰ
403 1943 453 1978 μὲν
474 1941 520 1970 οὖν
538 1952 570 1978 γε
589 1943 636 1970 καὶ
654 1943 772 1978 ἡγοῦμαι
797 1944 886 1970 πάντα

99 1989 204 2025 ζημίαν
227 1987 297 2016 εἶναι
320 1989 364 2016 διὰ
384 1990 414 2015 τὸ
430 1989 562 2024 ὑπερέχον
586 1989 636 2024 τῆς
652 1988 777 2023 γνώσεως
797 1989 885 2025 Ἰησοῦ

98 2035 218 2071 Χριστοῦ
235 2035 282 2062 τοῦ
305 2034 407 2070 Κυρίου
423 2034 511 2070 ἡμῶν.
525 2034 558 2061 δι’
574 2034 602 2061 ὂν
615 2034 649 2062 τὰ
663 2035 751 2062 πάντα
765 2035 886 2071 ἐζημιώ-

99 2081 167 2116 θην,
178 2081 224 2106 καὶ
240 2080 360 2116 ἡγοῦμαι
381 2079 502 2106 σκύϐαλα
523 2077 606 2111 εἶναι,
633 2080 675 2107 ἵνα
689 2080 806 2116 Χριστὸν
823 2089 887 2116 κερ-

98 2125 186 2161 δήσω,
196 2125 243 2152 καὶ
251 2125 354 2161 εὐρεθῶ
367 2125 395 2151 ὲν
407 2125 490 2160 αὐτῷ,
503 2126 540 2161 μὴ
549 2125 617 2160 ἔχων
625 2125 693 2161 ἐμὴν
703 2126 885 2162 δικαιοσύνην,

98 2171 150 2206 τὴν
161 2171 206 2197 διὰ
217 2172 315 2205 νόμου,
342 2170 410 2196 ἀλλὰ
431 2171 481 2206 τὴν
507 2171 550 2198 διὰ
572 2171 690 2203 πίστεως
719 2171 805 2206 Ἰησοῦ
818 2173 885 2207 Χρι-

936 254 996 272 rum
1015 247 1139 274 virorum
1157 250 1331 277 aemulatores
1353 254 1436 285 alque
1459 251 1611 278 imitatores
1639 251 1724 278 bene«

935 291 1002 318 dicit
1014 292 1086 320 Deus
1098 302 1103 319 :
1116 293 1256 321 abundant
1268 295 1340 322 enim
1358 296 1412 323 illis
1424 296 1506 329 bona,
1521 304 1572 331 pro
1591 304 1647 323 suae
1658 304 1724 323 con-

935 337 1047 365 ditionis
1060 339 1140 365 modo
1161 340 1234 374 justa
1254 342 1360 369 ratione
1375 342 1471 377 viaque
1484 347 1579 377 parta;
1603 350 1723 376 namque

934 383 968 411 iis
981 385 1027 418 qui
1046 385 1166 412 nondum
1180 386 1299 420 perfecte
1320 395 1335 414 a
1360 389 1477 415 terrenis
1489 389 1571 416 rebus
1584 389 1724 415 abscesse-

935 434 1010 462 runt,
1030 435 1058 458 et
1079 432 1134 458 Deo
1157 440 1189 459 ac
1203 433 1306 460 mundo
1328 434 1408 461 divisi
1432 435 1633 469 quodammodo
1645 441 1721 467 sunt,

934 477 1015 503 etiam
1029 481 1153 504 terrenas
1165 478 1372 507 benedictiones
1384 480 1480 507 tribuit
1496 481 1575 508 Deus.
1601 480 1646 508 Sic
1672 483 1722 508 be.

934 524 1039 552 nedixit
1053 526 1136 553 Jacob
1150 534 1212 553 cum
1227 527 1287 562 ejus
1298 535 1396 562 pecora
1417 528 1609 562 multiplicavit
1622 528 1656 555 ⁸³.

972 612 1070 640 PALL.
1089 613 1172 641 Recte
1183 614 1233 641 ais.

970 659 1048 686 ΟΥΕ.
1062 660 1120 687 Jam
1140 668 1215 692 vero,
1234 664 1308 688 tanta
1321 661 1412 692 laude,
1425 665 1553 696 tantoque
1577 661 1721 696 splendore

934 710 1101 738 comparato,
1122 710 1252 740 tanquam
1266 706 1404 740 germanis
1421 707 1477 741 jam
1501 706 1557 732 suis
1570 705 1721 732 cultoribus

935 750 1008 776 haud
1026 750 1236 784 torpescendum
1254 759 1312 778 esse
1326 751 1414 785 inquit
1439 751 1484 777 ille
1501 751 1597 778 salutis
1607 755 1720 783 auctor;

934 794 992 822 fore
1001 796 1081 822 etiam
1094 800 1123 822 ut
1136 804 1190 822 non
1202 796 1288 823 levem
1301 797 1435 830 recipiant
1445 796 1609 827 mercedem,
1622 803 1723 830 oppor~

935 844 1002 868 tune
1026 842 1172 876 pollicetur
1187 851 1193 868 2
1208 843 1234 869 in
1253 850 1307 877 quo
1336 842 1417 869 simul
1441 841 1559 868 imbellis
1577 842 1722 876 ignavique

937 887 1020 913 animi
1040 887 1168 914 atl'ectutn
1189 895 1203 914 a
1217 895 1298 922 grege
1313 887 1466 914 timentium
1480 895 1508 914 se
1520 895 1601 921 quam
1618 886 1722 920 longis-

936 933 1004 960 sime
1018 933 1134 967 repellit,
1152 937 1179 960 et
1189 941 1236 968 spe
1252 941 1344 960 rerum
1358 941 1426 967 quas
1444 933 1599 967 pollicetur,
1612 932 1644 959 ad
1664 932 1724 960 ani-

936 978 974 1004 mi
992 978 1160 1006 alacritatem
1180 979 1298 1009 exacuit,
1311 982 1338 1005 et
1351 978 1479 1005 fortiores
1490 978 1572 1005 efﬁcit
1586 987 1591 1004 :
1606 978 1723 1012 ideoque

936 1024 1019 1050 etiam
1043 1024 1141 1052 beatus
1163 1025 1275 1056 Paulus,
1290 1025 1354 1059 quia
1375 1024 1414 1051 sic
1424 1024 1540 1051 affectus
1561 1028 1629 1056 erat,
1652 1032 1722 1051 non-

935 1076 1075 1103 nunquam
1088 1070 1126 1096 ait
1140 1079 1146 1096 ε
1165 1079 1174 1094 ι
1186 1069 1281 1097 Omnia
1302 1078 1413 1104 possum
1430 1070 1457 1096 in
1473 1077 1506 1097 eo
1526 1070 1573 1104 qui
1600 1077 1642 1097 me
1655 1078 1722 1097 con-

936 1114 1029 1146 fortat,
1059 1114 1169 1142 Christo
1182 1115 1223 1141 "2
1241 1125 1250 1141 ιι
1276 1116 1423 1150 aliquando
1452 1124 1548 1143 rursus
1563 1125 1569 1142 :
1586 1125 1594 1140 ί
1605 1116 1723 1143 Cursum

936 1161 1134 1193 consummavi,
1150 1161 1231 1188 ﬁdem
1249 1162 1355 1188 servavi
1367 1170 1374 1194 ;
1388 1162 1415 1188 in
1433 1162 1539 1196 reliquo
1551 1163 1669 1196 reposita
1681 1165 1724 1189 est

936 1206 1004 1233 mihi
1017 1214 1119 1233 corona
1136 1207 1251 1242 justitiaz
1263 1207 1295 1234 ⁵⁸.
1313 1217 1322 1233 ι
1336 1207 1418 1242 Egre
1433 1208 1487 1235 fert
1497 1212 1588 1234 autem
1604 1209 1723 1235 maxime

935 1250 1073 1278 Abraham
1095 1252 1168 1287 quod
1186 1252 1272 1279 ﬁlium
1291 1253 1406 1280 haberet
1419 1254 1607 1285 vernaculum,
1622 1259 1650 1281 et
1662 1254 1723 1281 ani-

938 1304 983 1323 mo
995 1297 1104 1332 angitur
1117 1306 1123 1324 :
1138 1297 1208 1330 Quid
1220 1297 1304 1329 enim,
1319 1297 1417 1332 inquit,
1435 1297 1501 1324 mihi
1518 1297 1606 1329 dabis,
1622 1297 1645 1324 si
1664 1297 1724 1325 sine

936 1343 1030 1370 liberis
1058 1343 1182 1370 dimittor
1202 1344 1252 1370 “‘7
1274 1343 1444 1378 nothumque
1468 1343 1569 1370 habere
1593 1343 1723 1376 fructum,

936 1389 1050 1423 perinde
1067 1390 1184 1416 mstimat
1199 1393 1280 1424 atque
1296 1390 1453 1417 orbitatem.
1471 1390 1575 1417 Deinde
1597 1391 1669 1418 Deus
1687 1399 1722 1418 cx

937 1436 1024 1463 libera
1052 1435 1110 1462 fore
1134 1436 1174 1462 illi
1192 1436 1288 1468 ﬁlium,
1303 1436 1330 1463 id
1350 1441 1393 1464 est
1413 1437 1498 1469 lsaac,
1519 1438 1672 1471 pollicetur,
1695 1438 1724 1465 in

938 1489 1026 1515 eoque
1038 1485 1144 1516 patrem
1167 1489 1196 1508 se
1210 1481 1268 1509 fore
1288 1482 1434 1508 multarum
1457 1482 1590 1517 gentium,
1614 1483 1724 1510 habitu-

937 1534 1054 1561 rumque
1074 1534 1169 1555 semen
1183 1527 1255 1554 sicut
1281 1531 1355 1554 astra
1378 1528 1458 1554 cmli:
1475 1528 1588 1555 moleste
1607 1537 1726 1563 namque

938 1573 1063 1600 ferebant
1074 1573 1160 1600 sancti
1176 1573 1291 1607 apostoli
1304 1573 1376 1607 quod
1389 1574 1465 1600 velut
1486 1582 1521 1600 ex
1545 1574 1642 1601 ancilla
1654 1582 1725 1608 qua-

939 1619 1014 1650 dam,
1029 1626 1063 1645 ex
1074 1619 1148 1645 cultu
1166 1626 1264 1653 nempe
1277 1619 1367 1653 legali,
1380 1619 1495 1645 nothum
1515 1619 1652 1647 haberent
1665 1619 1724 1646 fru-

939 1668 1030 1697 ctum;
1048 1668 1130 1698 atque
1148 1671 1181 1691 ex
1195 1664 1281 1691 libera
1293 1665 1395 1698 potius,
1421 1665 1448 1692 id
1463 1669 1515 1697 est,
1529 1673 1563 1691 ex
1587 1665 1663 1692 Novo
1674 1665 1726 1692 Te—

939 1713 1084 1741 stamento,
1098 1710 1185 1737 ﬁlium
1196 1709 1382 1744 expetebant:
1400 1710 1423 1737 is
1444 1715 1535 1736 autem
1559 1714 1618 1737 erat
1643 1710 1725 1738 Chri-

939 1760 1008 1788 stus,
1029 1756 1056 1782 in
1068 1757 1146 1791 cujus
1158 1763 1267 1790 quoque
1280 1755 1366 1790 ﬁgura
1377 1755 1452 1782 Isaae
1475 1763 1523 1789 per
1537 1756 1726 1790 repromissio-

939 1808 1001 1828 nem
1013 1804 1094 1835 atque
1108 1808 1158 1835 per
1170 1800 1251 1827 ﬁdem
1262 1804 1344 1827 natus
1356 1800 1529 1834 intelligitur.
1544 1800 1637 1834 itaque
1657 1800 1724 1828 bea-

940 1849 984 1872 tus
995 1845 1098 1872 Paulus
1108 1845 1141 1872 de
1155 1845 1223 1880 legis
1246 1845 1424 1877 ornamentis,
1449 1853 1510 1879 quae
1533 1845 1585 1872 sibi
1605 1845 1723 1877 inerant,

939 1891 991 1918 ait:
1012 1900 1020 1916 ε
1035 1891 1101 1924 Ουω
1119 1891 1186 1917 mihi
1208 1895 1287 1918 erant
1313 1891 1401 1923 lucra,
1414 1891 1471 1918 lucc
1489 1891 1639 1919 arbitratus
1662 1899 1724 1919 sum

939 1941 1051 1971 propter
1063 1936 1204 1963 Christum
1220 1937 1417 1965 detrimentum
1432 1946 1437 1963 :
1458 1944 1552 1964 verum
1569 1937 1653 1964 etiam
1667 1937 1726 1964 exi-

939 1984 1020 2011 stimo
1035 1983 1124 2010 omnia
1144 1982 1338 2010 detrimentum
1353 1990 1412 2010 esse
1424 1987 1537 2017 propter
1557 1982 1632 2018 14],
1658 1983 1726 2010 emi-

939 2032 1050 2055 nentem
1063 2028 1205 2055 scientiam
1233 2027 1298 2055 Jesu
1317 2027 1419 2054 Christi
1431 2027 1538 2054 Domini
1551 2028 1648 2060 nostri,
1662 2035 1727 2063 pro-

939 2077 1000 2108 pter
1012 2080 1093 2108 quem
1108 2072 1229 2100 omnium
1249 2073 1383 2106 jacturam
1399 2072 1461 2104 feci,
1477 2077 1505 2100 et
1517 2073 1638 2100 arbitror
1651 2076 1722 2100 ster-

940 2126 1003 2145 cora
1014 2126 1086 2150 esse,
1102 2123 1132 2145 ut
1146 2119 1288 2146 Christum
1311 2118 1492 2151 lucrifaciam,
1509 2123 1538 2146 et
1560 2119 1684 2146 inveniar
1696 2119 1724 2146 in

940 2165 1002 2199 ipso
1020 2172 1075 2192 non
1088 2164 1192 2192 habens
1208 2173 1295 2192 meam
1317 2165 1462 2200 justitiam,
1485 2173 1546 2199 quae
1567 2173 1617 2200 per
1636 2165 1724 2199 legem

99 2215 177 2243 στοῦ.
203 2225 213 2242 ›
236 2216 280 2243 Ἐν
295 2215 406 2251 Χριστῷ
425 2216 478 2251 γὰρ
494 2217 621 2251 γεγόνασι
646 2217 763 2252 πατέρες
783 2217 885 2244 πολλῶν

940 2214 999 2242 est,
1013 2210 1060 2237 sed
1071 2218 1131 2244 qua:
1147 2218 1181 2237 ex
1195 2210 1247 2238 ﬁde
1261 2215 1302 2238 est
1315 2211 1378 2238 Jesu
1394 2210 1495 2238 Christi
1515 2211 1548 2237 ⁵⁵.
1564 2221 1574 2236 ι
1589 2211 1619 2238 1η
1642 2211 1724 2238 Chri—

99 2261 186 2289 ὲθνῶν
215 2261 263 2289 καὶ
278 2261 464 2298 ἀναριθμήτου
487 2263 652 2298 σπέρματος,
677 2263 803 2299 καθάπερ
818 2264 887 2300 ἀμέ-

99 2308 140 2334 λει
163 2308 212 2335 καὶ
245 2308 370 2344 ’Δῦραὰμ
395 2309 424 2334 ἐν
452 2309 553 2335 Ἰσαάκ.
583 2309 766 2345 Ἀναθήσομεν
787 2310 816 2337 δὲ
841 2310 886 2337 τὸν

98 2355 146 2381 ἐπὶ
165 2354 236 2390 τῷδε
255 2355 344 2389 λόγον,
363 2355 423 2390 οὐχὶ
448 2355 479 2390 δὴ
500 2355 593 2390 μόνοις
613 2357 669 2388 τοῖς
693 2357 776 2383 πάλαι
789 2365 819 2382 τε
840 2358 887 2384 καὶ

99 2401 190 2435 ἁγίοις
210 2401 387 2434 ἀποστόλοις,
410 2401 478 2428 ἀλλὰ
502 2401 549 2428 καὶ
570 2403 626 2434 τοῖς
645 2402 703 2437 μετ’
717 2403 837 2434 ἐκείνους
855 2402 886 2429 τὸ

99 2445 240 2481 ίεροῦσθαι
250 2445 372 2480 λαχοῦσι,
386 2446 432 2473 καὶ
451 2446 617 2481 Ἐκκλησιῶν
632 2447 803 2482 ἡγουμένοις,
813 2447 829 2482 ἦ
839 2447 886 2474 καὶ

99 2491 182 2518 παντί
192 2500 223 2518 τε
235 2491 329 2518 λοιπὸν
343 2491 409 2527 ὁσίῳ
426 2492 472 2518 καὶ
483 2492 585 2526 ἀγαθῷ.

939 2258 989 2289 sto;
1000 2264 1116 2290 namque
1134 2260 1226 2291 patres
1248 2257 1396 2283 multarum
1417 2256 1538 2290 gentium
1561 2260 1589 2282 et
1611 2257 1724 2284 seminis

939 2301 1156 2333 innumerabilis,
1170 2305 1200 2328 ut
1210 2301 1346 2328 Abraham
1360 2302 1386 2329 in
1400 2301 1474 2328 lsaac
1481 2301 1544 2329 facti
1558 2306 1630 2328 sunt.
1645 2302 1722 2335 Quod

940 2349 1031 2373 autem
1045 2346 1096 2373 hac
1109 2346 1142 2373 de
1163 2354 1193 2374 re
1207 2347 1309 2374 dictum
1324 2351 1366 2374 est
1379 2355 1393 2373 ιι
1407 2347 1495 2379 nobis,
1510 2347 1537 2374 id
1559 2355 1613 2374 non
1634 2348 1723 2374 solum

939 2392 1037 2426 priscis
1048 2392 1102 2419 illis
1111 2392 1178 2420 viris
1190 2401 1223 2421 ac
1235 2393 1336 2421 sanctis
1347 2393 1477 2427 apostolis
1491 2393 1655 2425 tribuemus,
1673 2394 1722 2420 sed

938 2438 972 2466 ad
984 2446 1031 2466 eos
1042 2446 1151 2473 quoque
1163 2439 1209 2473 qui
1218 2443 1280 2474 post
1292 2439 1352 2466 illos
1359 2439 1524 2467 sacerdotale
1534 2436 1722 2467 suntol‘ticinni

938 2483 1039 2516 sortiti,
1052 2487 1080 2511 et
1104 2484 1232 2512 Ecclesia
1249 2485 1334 2513 duces
1356 2485 1509 2518 conslituti,
1524 2489 1572 2514 aut
1589 2485 1671 2512 etiam
1688 2485 1722 2512 ad

939 2529 1065 2564 quemvis
1076 2533 1199 2556 sanctum
1215 2530 1387 2566 probumque
1398 2531 1489 2558 virum
1506 2531 1666 2559 referemus.

127 2625 150 2642 ⁸³
169 2624 272 2653 Cenes.
285 2632 346 2658 xxx,
358 2623 402 2652 5|.
442 2623 590 2659 “Philipp.
609 2633 645 2664 iv,
663 2625 704 2651 li.
743 2625 764 2641 "
779 2625 928 2659 llTim.lv,
946 2627 972 2654 8.
1010 2627 1042 2643 "'
1056 2627 1155 2656 Cenes.
1170 2636 1213 2661 xv,
1226 2629 1251 2655 5.
1291 2629 1438 2664 "Philipp.
1459 2639 1498 2662 Ill,
1516 2631 1573 2658 7-9.
