1934 3042
187 115 241 145 359

700 108 727 136 S.
752 107 890 136 C'l'RlLLl
910 105 1145 135 ALEXANDRINI
1162 106 1320 135 ARCHIEP.

1767 109 1829 140 560

500 281 697 346 ΠΕΡΙ
729 280 900 343 ΤΗΣ
938 281 1041 343 ΕΝ
1075 275 1516 344 ΠΝΕΥΜΑΤΙ

804 409 900 454 ΚΑΙ
938 407 1188 454 ΑΛΗΘΕΙΑ

403 521 1014 582 ΠΡΟΣΚΥΝΗΣΕΩΣ
1060 521 1199 576 ΚΑΙ
1245 516 1614 576 ΛΑΤΡΕΙΑΣ

761 646 943 689 ΛΟΓΟΣ
981 645 1257 689 ΠΕΜΠΤΟΣ

271 847 362 904 DE
398 822 887 911 ‘ADORATIONE,
922 843 1014 899 ET
1055 841 1295 900 CULTU
1335 843 1410 899 IN
1453 839 1741 900 SPIRITU

775 977 858 1027 ET
906 972 1237 1027 VEBITATE

748 1096 933 1136 LIBER
980 1096 1278 1144 QUINTUS.

312 1263 390 1300 15.2
402 1263 440 1290 De
452 1262 607 1298 fortitudine
617 1270 675 1297 quae
686 1262 713 1288 in
726 1261 829 1289 Christo
841 1265 888 1287 est.

228 1321 322 1350 Sancti
347 1320 399 1348 viri
427 1320 521 1355 igitur,
547 1318 654 1346 tametsi
690 1325 740 1352 pro
772 1317 891 1344 aliorum
930 1316 982 1343 ho-

194 1367 299 1394 minum
325 1366 382 1393 vita
409 1368 537 1397 certant,
555 1363 582 1390 id
606 1363 657 1390 sibi
678 1361 852 1398 propositum
869 1361 982 1392 habent,

193 1411 307 1443 Palladi,
321 1410 393 1438 utad
406 1410 510 1437 nullam
523 1416 592 1441 rem,
601 1415 661 1443 quae
672 1407 782 1442 quidem
794 1407 823 1433 in
836 1406 888 1433 hoc
903 1413 984 1432 mun—

194 1457 230 1484 do
242 1457 288 1489 sit,
301 1456 423 1483 animum
440 1455 559 1491 adjicere
574 1454 676 1482 velint:
694 1454 730 1480 ita
754 1452 828 1480 enim
847 1452 986 1486 sapientes

194 1511 227 1530 ac
238 1507 374 1538 potentes.
389 1505 417 1529 et
431 1501 541 1536 optima:
552 1500 610 1535 spei
623 1499 706 1534 pleni,
724 1503 753 1525 et
764 1505 883 1532 superna
904 1496 968 1523 beni
977 1513 985 1516 -

196 1549 300 1584 gnitate
317 1547 417 1574 muniti
433 1550 524 1574 erunt.
542 1545 640 1579 Atque,
658 1547 689 1571 ut
717 1547 745 1571 tu
766 1542 878 1577 quidem
901 1541 984 1572 nosti,

195 1600 241 1620 res
261 1599 316 1619 non
328 1591 409 1618 aliter
425 1591 527 1618 habere
547 1598 576 1617 se
590 1593 688 1624 potest.
705 1588 772 1615 Nam
794 1588 816 1615 si
838 1585 985 1614 mundanis

195 1637 432 1669 distractionibus,
447 1643 478 1663 ac
490 1635 688 1670 temporalibus
704 1633 903 1668 cupiditatibus
923 1631 985 1659 ani-

195 1691 271 1711 mum
286 1683 465 1710 excelsiorem
480 1681 638 1713 habuerint,
651 1680 776 1707 imbelles
788 1679 868 1714 plane
891 1678 986 1704 hostes

195 1729 347 1760 oﬂ'endent,
364 1728 534 1762 minimoque
546 1727 656 1762 negotio
677 1725 850 1754 adversarios
875 1731 987 1759 supera-

195 1775 276 1808 bunt,
288 1775 344 1802 Deo
355 1775 465 1802 illorum
481 1774 554 1801 vires
565 1773 743 1808 proﬂigante:
759 1771 801 1798 sin
812 1770 862 1806 ipsi
876 1777 986 1805 quoque

196 1819 344 1847 mundanis
359 1819 504 1847 aﬂ'ectibus
520 1819 591 1854 capti
612 1821 704 1850 erunt,
722 1821 750 1844 et
769 1816 886 1844 terrenis
907 1815 986 1850 cupi-

195 1865 329 1893 ditatibus
343 1865 469 1898 involuti,
491 1865 572 1892 facile
598 1864 676 1899 153
695 1862 921 1898 persequentium
947 1861 988 1888 in-

196 1912 374 1940 cursionibus
387 1911 530 1946 patebunt,
554 1914 582 1937 et
607 1909 685 1936 nullo
710 1908 820 1943 negotio
847 1914 987 1941 expugna-

1190 1257 1258 1292 Περὶ
1274 1256 1414 1291 ἀνδρείας
1425 1255 1480 1291 τῆς
1495 1256 1529 1283 ὲν
1544 1255 1669 1290 Χριστῷ.

1069 1315 1173 1348 Σκοπὸς
1187 1312 1233 1342 οὖν
1251 1314 1357 1348 ἁγίοις,
1375 1313 1426 1340 κᾶν
1450 1313 1474 1339 εἰ
1499 1313 1550 1348 τῆς
1568 1312 1622 1339 τῶν
1634 1311 1721 1339 ἄλλων
1736 1311 1822 1347 ὕπερ-

1034 1362 1139 1389 αθλοίεν
1159 1361 1249 1395 ζωῆς,
1271 1356 1294 1386 ὦ
1318 1358 1464 1389 Παλλάδιε,
1493 1358 1574 1393 μηδὲν
1598 1357 1653 1384 τῶν
1675 1357 1704 1384 ὲν
1727 1357 1824 1392 κόσμῳ

1035 1405 1273 1442 προσοικειοῦοθαι
1297 1404 1394 1439 φιλείψ
1412 1402 1466 1430 εἶεν
1488 1403 1541 1438 γὰρ
1563 1402 1597 1429 ἂν
1610 1402 1680 1428 οὓτω
1700 1402 1779 1436 σοφοί
1794 1408 1823 1428 τε

1036 1453 1083 1479 καὶ
1100 1452 1228 1483 δυνατοὶ,
1239 1451 1286 1477 καὶ
1308 1449 1413 1485 ἀγαθῆς
1426 1449 1531 1480 ἐλπίδος
1545 1448 1664 1484 ἔμπλεῳ,
1681 1449 1729 1474 καὶ
1743 1448 1824 1484 εὐμε-

1036 1498 1120 1529 νείαις
1133 1499 1192 1529 ταῖς
1215 1497 1316 1524 ἄνωθεν
1341 1494 1369 1522 εὖ
1389 1495 1461 1530 μάλα
1482 1495 1688 1530 τετειχισμένα,
1711 1495 1770 1527 καὶ,
1787 1494 1824 1525 ὡς

1035 1540 1065 1570 εὖ
1078 1543 1132 1569 ἴσθι
1152 1551 1203 1575 τοι,
1217 1542 1255 1577 μὴ
1266 1542 1366 1577 ἑτέρως
1383 1541 1454 1576 ἔχειν
1470 1540 1499 1567 τὸ
1509 1542 1612 1576 χρῆμα,
1629 1537 1650 1567 ὦ
1663 1541 1722 1567 τᾶν.
1740 1540 1823 1567 Ἀνωι

1036 1587 1118 1624 τέραν
1136 1587 1185 1623 μὲν
1215 1587 1269 1622 γὰρ
1289 1586 1344 1613 τῶν
1371 1587 1400 1613 ὲν
1427 1586 1522 1621 κόσμῳ
1555 1585 1754 1621 περισπασμῶν
1778 1587 1824 1612 καὶ

1036 1633 1210 1670 προοκαίρων
1223 1632 1374 1668 ἐπιθυμιῶν
1388 1632 1436 1667 τὴν
1449 1632 1567 1659 διάνοιαν
1587 1632 1704 1667 ἔχοντες,
1724 1632 1823 1658 εὐχαῖς

1035 1680 1196 1714 αγωνίστοις
1231 1679 1330 1714 κομιδῆ
1365 1677 1568 1714 περιτεύξονται
1601 1679 1656 1709 τοῖς
1697 1677 1822 1712 ἐχθροῖς,

1039 1726 1212 1762 περιέσονται
1228 1735 1257 1753 τε
1272 1726 1318 1753 καὶ
1339 1725 1411 1761 μάλα
1424 1725 1522 1760 ῥᾳδίως
1538 1724 1591 1750 τῶν
1606 1723 1824 1758 ἀνθεστηκότων,

1037 1771 1279 1808 προκατασείοντος
1302 1772 1349 1799 τοῦ
1381 1771 1448 1798 Θεοῦ
1472 1770 1520 1806 τὴν
1550 1770 1661 1797 ἐκείνων
1686 1769 1802 1805 δύναμιν
1816 1778 1822 1785 ·

1037 1819 1176 1850 ὲναλόντες
1187 1818 1215 1845 δὲ
1230 1818 1276 1845 καὶ
1293 1818 1370 1845 αὐτοὶ
1385 1818 1485 1844 πάθεσι
1501 1818 1652 1852 κοσμικαῖς,
1667 1817 1713 1843 καὶ
1727 1817 1825 1851 γεωδεέ

1039 1865 1148 1901 στέραις
1163 1864 1323 1899 ἐπιθυμίαις
1338 1864 1528 1899 ὲνειλημμένοι
1539 1884 1546 1896 ,
1560 1863 1755 1898 εὐκατὰῐροχοι
1776 1863 1825 1898 μὲν

1038 1911 1132 1946 ὥσπερ
1153 1911 1200 1938 καὶ
1223 1911 1419 1937 εὐαλωτότατοι
1447 1910 1506 1936 λίαν
1535 1908 1747 1944 παρακεῐσονται
1764 1909 1824 1935 τότε

195 1957 309 1988 buntur,
324 1964 356 1983 ac
368 1955 513 1983 manifeste
529 1955 623 1982 divino
634 1953 763 1989 prasidio
773 1952 895 1988 spoliati,
910 1952 984 1978 velut

1043 1958 1094 1988 ῐοῖς
1107 1956 1215 1983 διώκειν
1228 1956 1326 1988 αὐτοὺς
1339 1955 1497 1992 ᾑρημένοις,
1508 1955 1605 1990 γυμνοὶ
1615 1955 1642 1981 δὲ
1661 1955 1710 1990 τῆς
1722 1954 1824 1982 ἄνωθεν

197 2003 370 2038 paratissima
386 2002 478 2037 praeda
490 2005 572 2029 erunt
588 2001 715 2028 hostibus
729 2001 874 2037 propositi.

232 2091 332 2119 PALL.
351 2090 404 2117 Sed
431 2090 569 2117 undenam
598 2090 656 2118 haec
673 2099 735 2125 quze
757 2091 849 2119 dixisti
874 2093 984 2127 probari

197 2136 314 2171 possint,
332 2137 412 2170 plane
428 2136 498 2163 scire
514 2137 605 2171 cupio.

232 2183 311 2210 CYR.
332 2183 353 2209 Ε
369 2182 454 2208 sacris
471 2182 593 2214 Litteris,
621 2190 682 2217 quae
705 2183 804 2218 priscis
828 2184 986 2213 hominibus

198 2228 375 2262 contigerunt
396 2227 500 2254 utiliter
519 2227 753 2261 praedicantibus;
775 2229 900 2264 nunquid
911 2230 985 2257 enim

197 2281 253 2301 non
278 2273 312 2300 ad
328 2276 450 2300 nostram
470 2273 686 2301 admonitionem
705 2275 751 2302 illa
772 2275 874 2310 scripta
900 2276 985 2304 fuisse

198 2319 297 2346 beatus
311 2327 420 2354 quoque
431 2319 533 2346 Paulus
548 2319 587 2346 ait
601 2318 640 2344 "?

235 2365 333 2392 PALL.
357 2365 473 2392 Fateor:
492 2365 666 2393 narrationes
687 2367 761 2394 enim
787 2375 847 2402 qua:
873 2375 906 2394 ex
932 2368 986 2396 illis

199 2410 350 2446 Scripturis
361 2411 548 2446 proferuntur,
567 2420 622 2438 non
644 2412 811 2439 mediocrem
828 2413 908 2440 nobis
929 2415 985 2441 uti-

199 2458 304 2485 litatem
318 2457 446 2485 aﬂ‘erunt.
461 2458 516 2486 Illae
527 2459 601 2486 enim
613 2459 718 2486 umbrae
730 2462 757 2486 et
779 2458 870 2494 figurae
883 2461 984 2488 verita—

201 2504 236 2531 tis
252 2508 339 2531 erant.

236 2550 314 2577 CYR.
350 2550 409 2578 Jam
441 2551 525 2586 igitur
557 2551 650 2578 dicere
684 2551 884 2587 aggrediamur.
915 2552 984 2580 Cum

199 2595 329 2624 Israelita:
339 2596 486 2625 Iordanem
503 2598 687 2633 trajecissent,
703 2598 863 2626 invaserunt
886 2599 984 2626 urbem

198 2641 317 2675 Iericho,
332 2642 486 2678 divinisque
496 2642 580 2677 jussis
600 2642 792 2677 obsequentes,
803 2644 836 2671 ad
860 2651 920 2671 eam
937 2644 986 2672 ob-

199 2686 340 2714 sidendam
353 2688 450 2715 intenti
473 2692 562 2720 erant,
589 2693 718 2723 tanquam
740 2689 884 2717 celerrime
908 2690 983 2717 illam

197 2734 380 2768 expugnaturi
393 2737 474 2768 atque
487 2735 604 2769 capturi.
629 2733 750 2762 Aderant
775 2735 857 2770 igitur
881 2735 983 2764 milites

235 2820 256 2837 ¹⁷
271 2820 345 2848 [Cor
368 2828 394 2852 ι,
411 2820 452 2848 Η.

1041 2001 1191 2036 ἀσφαλείας
1213 2001 1429 2035 ὲκδεδειγμὲνοι,
1447 2000 1519 2036 θήρα
1541 2008 1581 2031 τις
1601 1999 1695 2035 ὥσπερ
1717 2000 1822 2034 ὲτοιμψ

1037 2046 1105 2081 τάτη
1122 2046 1335 2081 παρακείσονται
1351 2048 1407 2078 τοῖς
1426 2047 1542 2081 ἐχθροῖς.

1073 2093 1176 2119 ΠΑΛΛ.
1194 2093 1248 2118 Καὶ
1264 2091 1305 2124 τίς
1326 2092 1359 2118 ἂν
1383 2093 1487 2126 γένοιτο
1501 2092 1555 2118 τῶν
1576 2091 1728 2128 εἰρημένων
1746 2092 1764 2129 ἠ
1781 2092 1824 2118 πίε

1038 2145 1108 2171 στις,
1126 2137 1244 2172 ἐθέλοιμ’
1258 2136 1400 2164 ἃνιεδέναι
1420 2138 1522 2172 σαφῶς.

1072 2184 1154 2210 ΚΥΡ.
1174 2183 1210 2210 Τὸ
1223 2183 1343 2218 Γράμμα
1362 2184 1392 2210 τὸ
1405 2184 1487 2218 ἱερὸν,
1502 2183 1536 2210 τὰ
1547 2184 1602 2216 τοῖς
1617 2182 1741 2219 ἀρχαίοις
1757 2191 1823 2218 συμ-

1037 2229 1172 2264 ϐεϐηκότα
1205 2230 1348 2265 χρησίμως
1373 2231 1566 2265 παραφωνοῦν.
1600 2228 1638 2256 Ἦ
1668 2230 1736 2265 γὰρ,
1766 2230 1823 2264 οὐχὶ

1037 2275 1104 2311 πρὸς
1121 2276 1261 2302 νουθεσίαν
1274 2276 1351 2311 ἡμῶν
1365 2276 1458 2302 ἐκεῖνα
1472 2276 1624 2312 γεγράφθαι
1641 2277 1688 2303 καὶ
1699 2277 1714 2302 ὀ
1725 2276 1822 2303 θεσπέ-

1038 2330 1094 2354 σιος
1106 2323 1156 2358 ἔφη
1177 2322 1296 2355 Παῦλοςς

1072 2369 1177 2396 ΠΛΛΛ.
1199 2369 1282 2404 Φημί·
1308 2369 1454 2404 ἐμποιήσει
1485 2368 1538 2404 γὰρ
1567 2369 1597 2395 οὐ
1622 2368 1736 2404 μετρίαν
1758 2370 1822 2403 ἡμῖν

1036 2413 1084 2448 τὴν
1101 2414 1192 2450 ὄνησιν
1207 2415 1241 2441 τὰ
1255 2414 1282 2447 ἐξ
1297 2414 1389 2441 αὐτῶν
1403 2414 1564 2450 δηλούμενα.
1586 2414 1672 2440 Τὺποι
1686 2414 1741 2450 γὰρ
1754 2412 1822 2450 ἦσαν

1037 2459 1086 2494 τῆς
1097 2460 1223 2494 ἀληθείας
1235 2460 1263 2486 αἱ
1281 2460 1364 2487 σκιαί.

1072 2505 1154 2532 ΚΥΡ.
1185 2505 1289 2532 Οὐκοῦν
1318 2506 1367 2541 ἤδη
1395 2505 1527 2540 λέγωμεν.
1554 2506 1821 2542 Διαπεραιωσάμενοι

1038 2551 1092 2588 γὰρ
1110 2552 1154 2578 τὸν
1188 2551 1325 2586 Ἰορδάνην
1350 2552 1373 2577 οἱ
1398 2551 1428 2583 ἐξ
1453 2551 1573 2586 Ἰσραὴλ,
1596 2551 1765 2586 προσέϐαλον
1791 2554 1820 2588 τῇ

1043 2597 1146 2634 Ίεριχώ
1156 2605 1163 2612 ·
1177 2598 1224 2624 καὶ
1239 2598 1270 2632 δὴ
1291 2598 1337 2624 καὶ
1358 2597 1440 2629 eam;
1454 2598 1581 2632 ἑπόμενοι
1595 2597 1728 2633 νεύμασιν
1743 2599 1821 2624 ἐκπο-

1037 2644 1156 2679 λιορκεῖν
1176 2643 1351 2676 ἐσπούδαζον,
1369 2643 1406 2675 ὡς
1433 2643 1532 2670 αὐτίκα
1548 2643 1579 2677 δὴ
1603 2644 1677 2678 μάλα
1699 2643 1821 2678 περιεσό-

1040 2699 1124 2726 μενοι,
1142 2690 1188 2716 ml.
1204 2690 1378 2725 αἱρήσοντες,
1396 2689 1442 2715 καὶ
1456 2689 1502 2715 τὸν
1513 2690 1629 2724 πολέμου
1645 2689 1726 2724 νόμον
1743 2689 1821 2724 ἐξηρ-

1035 2736 1148 2772 τημένοι
1171 2737 1298 2772 παρῆσαν
1322 2737 1346 2762 οἱ
1365 2736 1564 2772 μαχιμώτατοι.
1583 2737 1740 2771 Γέγραπται
1757 2735 1823 2771 γάρ’⁴
