1934 3042
73 160 116 188 5H
435 160 719 197 DE~ADORATIONE
739 161 772 189 ΙΝ
793 161 928 190 SPlBlTU
950 162 993 189 ET
1015 161 1200 189 VERITATE.
1222 162 1286 189 LIB.
1308 162 1339 189 ν.

1655 159 1708 189 36‘!

74 219 112 245 ὅτι
134 228 143 244 ι
160 218 217 246 Καὶ
241 217 366 254 εἰσῆλθεν
389 219 492 255 Ἰησοῦς
518 221 532 247 ὁ
557 220 602 249 τοῦ
625 220 704 255 Ναυῆ
726 220 794 256 πρὸς
807 221 870 252 τοὺς

931 221 956 248 ιι]
971 222 1146 256 pugnandum
1159 222 1305 256 aptissimi,
1317 222 1393 257 juxta
1411 221 1544 248 bellorum
1570 220 1643 255 leges
1665 220 1708 247 in~

78 265 178 301 ἱερεϊς,
200 265 250 292 καὶ
270 264 348 292 εἶπεν
371 266 462 298 αὐτοῖς
486 265 583 300 λέγων·
605 267 811 301 Παραγγείλατε
830 266 871 301 τῷ

78 309 132 345 λαῷ
146 310 302 346 περιελθεῖν
323 311 370 338 καὶ
389 311 531 338 κυκλῶσαι
548 312 598 347 τὴν
613 312 700 344 πόλιν,
714 313 760 340 καὶ
772 313 797 339 ol
817 313 871 348 μά‹

80 351 153 391 χιμοι
172 356 467 393 παραπορευέσθωσαν
492 358 688 394 ὲνωπλισμένοι
709 358 799 386 ἔναντι
816 360 872 387 Κυ-

81 404 148 439 ρίου.
169 413 179 429 3
196 405 419 440 Προστάττοντος
434 404 489 440 γὰρ
505 404 552 431 τοῦ
565 405 682 441 Χριστοῦ
695 406 739 432 διὰ
752 406 802 440 τῆς
818 406 872 432 τῶν

80 450 239 485 ἡγουμένων
257 451 350 486 φωνῆς
361 471 367 483 ,
386 451 663 487 καταστρατευόμεθα
685 452 739 479 τῶν
755 451 870 487 ἐχθρῶν,

79 497 107 523 οὐ
133 497 204 533 πρὸς
229 495 299 533 αἷμα
324 499 371 525 καὶ
399 498 488 533 σάρκα
512 497 561 533 τὴν
588 498 680 534 μάχην
702 498 872 534 αἱρούμενοι,

80 542 148 578 πρὸς
168 542 257 578 ἀρχὰς
271 543 300 570 δὲ
317 544 418 579 μᾶλλον
434 545 482 570 καὶ
495 544 631 577 ἐξουσίας,
648 545 695 572 καὶ
714 545 759 571 τὸν
775 545 804 571 ὲν
817 546 874 577 τοῖς

81 589 177 623 μέλεσι
199 590 249 624 τῆς
271 590 372 626 σαρκὸς
390 590 598 626 τυραννήσαντα
619 590 712 626 νόμον.
741 591 874 627 Ἐσόμεθα

79 635 108 661 δὲ
132 635 196 661 τότε
218 636 266 662 καὶ
289 637 318 662 ὲν
345 636 406 671 ὄψει
425 636 511 669 Θεοῦ,
536 637 685 673 παντευχίᾳ
708 637 758 673 μὲν
780 637 875 673 ὥσπερ

81 682 282 719 ὶνηρμοσμένοι
295 684 329 718 τῇ
349 682 410 718 θείᾳ
423 692 453 710 τε
467 683 514 711 καὶ
528 685 623 720 νοητῇ.
654 684 706 719 (Τὰ
733 683 787 719 γὰρ
806 684 875 711 ὅπλα

80 728 160 764 ἡμῶν
185 729 231 757 οὐ.
247 729 375 764 σαρκικὰ,
396 730 467 757 κατὰ
494 730 543 766 τὴν
563 730 609 758 τοῦ
633 730 741 757 Παύλου
761 730 874 766 φωνὴν),

81 778 137 808 τοῖς
145 776 175 803 δὲ
187 776 237 812 τῆς
245 777 419 812 δικαιοσύνης
429 778 588 813 αὐχήμασιν
600 777 760 812 ἐκπρεπεῖς.
776 776 878 811 Ἐφορᾷ

81 821 114 857 δὴ
128 819 176 849 οὖν
189 823 254 854 τοὺς
273 823 485 858 μαχιμωτάτους
498 824 513 849 ὁ
525 822 634 850 πάντων
651 822 787 857 Δεσπότης
799 821 876 854 Θεὸς,

81 867 116 894 τὰ
135 867 251 904 λαμπρὰ
275 869 325 903 τῆς
348 868 522 903 δικαιοσύνης
543 868 628 903 σκεύη
654 867 875 903 περικειμένους,

82 913 155 940 τοῦτ’
170 914 240 946 ἐστι,
262 915 293 941 τὸ
309 914 347 946 ὡς
364 914 481 942 ἐνώπιον
497 913 618 950 Χριστοῦ
635 913 876 949 παραπορεύεσθαι

82 960 145 992 τοὺς
172 961 308 996 μαχίμους
334 961 560 996 ἐνωπλισμένους.
586 956 683 996 Τίμων
713 961 741 987 δὲ
775 961 877 996 σφόδρα

85 1006 132 1032 καὶ
156 1006 325 1034 πολύευκτον
339 1007 462 1042 ἀληθῶς,
488 1008 518 1034 τὸ
534 1008 563 1034 ὲν
583 1007 728 1043 ἐπισκέψει
749 1007 878 1041 γενέσθαι

84 1051 170 1084 Θεοῦ,
187 1052 267 1089 εἵπερ
291 1053 365 1079 ἐστὶν
388 1053 438 1080 οὐκ
462 1053 594 1081 ἀπίθανον
618 1054 736 1085 ἐννοεῖν,
758 1054 799 1080 ὅτι
821 1054 878 1085 τοῖς

83 1096 267 1132 λελυπηκόσι,
291 1099 402 1126 κόλασιν
423 1099 519 1134 ὥσπερ
542 1099 603 1126 τινὰ
629 1099 678 1134 τὴν
701 1098 878 1134 ἀποστροφὴν

84 1143 226 1179 ἐπιτίθησι
243 1144 319 1177 Θεὸς,
336 1144 434 1179 λέγων’
449 1154 458 1170 ε
472 1145 555 1172 Ὅταν
567 1144 621 1176 τὰς
634 1145 727 1180 χεῖρας
738 1145 878 1180 ὲκτείνητε

86 1190 156 1225 πρός
165 1199 210 1225 με,
221 1190 387 1226 ἁποστρέψω
399 1191 462 1223 τοὺς
472 1191 629 1226 ὀφθαλμούς
640 1200 691 1227 μου
703 1192 750 1226 ἀφ’
761 1191 848 1227 ὑμῶν.
866 1201 875 1216 3

85 1235 310 1271 Παρατεινούσης
330 1236 360 1264 δὲ
379 1236 606 1272 τῆς-πολιορκίας
633 1237 679 1263 καὶ
706 1237 746 1269 εὶς
771 1237 878 1272 ἡμέραν

85 1280 223 1316 ἑϐδόμην,
240 1281 294 1316 ἔφη
310 1282 390 1309 πάλιν
417 1281 523 1317 Ἰησοῦς
543 1283 557 1308 ὁ
572 1282 619 1309 τοῦ
639 1282 716 1317 Ναυῆ
739 1284 795 1314 τοῖς
810 1284 880 1315 υἱοῖς

92 1327 218 1363 Ἰσραήλ·
244 1337 252 1353 ι
278 1327 437 1363 Κεκράξατε
462 1328 530 1364 πρὸς
555 1328 673 1364 Κύριοψ
702 1329 879 1365 παραδέδωκε

86 1371 140 1408 γὰρ
157 1373 225 1408 ἡμῖν
240 1373 343 1409 Κύριος
358 1373 407 1410 τὴν
425 1374 517 1406 πόλιν,
533 1375 579 1401 καὶ
594 1374 670 1401 ἔσται
683 1376 700 1411 ἠ
719 1375 796 1406 πόλις
813 1375 880 1402 ἀνά-

86 1418 170 1454 θεμα,
185 1418 256 1453 αὕτη
269 1419 316 1446 καὶ
330 1420 420 1447 πάντα
434 1420 484 1447 ὅσα
499 1420 571 1448 ἐστὶν
586 1421 616 1447 ὲν
631 1421 699 1456 αὐτῇ
709 1441 715 1452 ,
731 1421 770 1456 τῷ
785 1421 880 1457 Κυρίῳ

86 1464 141 1492 τῶν
154 1465 297 1501 δυνάμεων
306 1465 432 1493 Σαϐαὼθ·
443 1465 513 1502 πλὴν
531 1466 617 1493 Ῥαὰὸ
627 1466 676 1502 τὴν
691 1467 792 1502 πόρνην
804 1475 880 1501 περι-

87 1511 212 1538 ποιεῖσθε
234 1510 336 1547 αὐτὴν,
361 1511 408 1539 καὶ
424 1511 512 1538 πάντα
531 1512 582 1539 ὅσα
603 1512 678 1539 ἐστὶν
701 1513 730 1539 ὲν
748 1511 788 1548 τῷ
813 1512 881 1548 οἴκῳ

87 1558 186 1594 αὐτῆς.
211 1557 281 1585 Ἀλλ’
298 1558 376 1594 ὑμεῖς
392 1559 547 1594 φυλάξασθε
561 1559 616 1586 ἀπὸ
630 1559 678 1587 τοῦ
697 1559 879 1596 ἀναθέματος,

88 1605 126 1640 μή
141 1612 208 1630 ποτε
233 1604 430 1640 ἐνθυμηθέντες
448 1605 526 1641 ὑμεῖς
545 1606 624 1633 αὐτοὶ
635 1605 736 1642 λάϐητε
756 1606 810 1632 ἀπὸ
831 1606 879 1632 τοῦ

87 1648 277 1684 ἀναθέματος,
311 1651 359 1677 καὶ
384 1651 518 1686 ποιήσητε
542 1650 592 1686 τὴν
623 1651 798 1687 παρεμϐολὴν
826 1651 880 1678 τῶν

89 1694 158 1720 υἱῶν
184 1694 294 1730 Ἰσραὴλ
315 1695 456 1731 ἀνάθεμα,
481 1696 528 1723 καὶ
554 1696 702 1732 ὲκτρίψητε
723 1696 811 1731 ἡμᾶς,
834 1696 882 1722 καὶ

88 1740 144 1767 πᾶν
173 1740 305 1779 ἀργύριον
320 1743 367 1768 καὶ
387 1742 512 1778 χρυσίον,
527 1743 574 1770 καὶ
591 1743 691 1778 χαλκὸς
710 1744 757 1770 καὶ
773 1743 882 1778 σίδηρος

89 1786 170 1821 ἆγιον
187 1786 264 1813 ἔσται
284 1787 323 1822 τῷ
348 1788 458 1823 Κυρίῳ,
481 1789 520 1820 εἰς
540 1788 676 1824 θησαυρὸν
698 1789 802 1824 Κυρίου
826 1790 883 1815 εἱσ-

89 1832 280 1868 ενεχθήσεται.
302 1842 311 1858 3
338 1833 427 1868 Ὴφίει
446 1834 494 1869 μὲν
510 1833 563 1870 γὰρ
579 1836 640 1866 ταῖς
671 1834 765 1866 ἄλλαις
779 1834 883 1870 λαφυρ-

90 1878 229 1912 αγωγίαις
244 1879 382 1914 ὲντρυφᾷν
403 1880 467 1912 τοὺς
487 1880 712 1916 ἀνδριζομένους,
726 1881 883 1916 εἰσκομίζε-

92 1924 156 1951 σθαι
169 1923 198 1950 δὲ
211 1923 318 1962 Gerasi;
331 1924 465 1961 θησαυρὸν
478 1926 594 1962 Κυρίου,
603 1927 680 1962 φησὶ,
690 1927 745 1953 πᾶν
752 1926 884 1963 ἀργύριον

91 1969 138 1996 καὶ
147 1970 275 2004 χρυσίον,
288 1969 387 2005 χαλκόν
399 1979 426 1997 τε
440 1971 487 1998 καὶ
503 1971 611 2007 σίδηρον
621 1979 627 1985 ·
643 1971 720 1998 τοῦτο
740 1972 793 2009 γὰρ
808 1969 842 2008 ἦν
854 1972 884 1998 τὸ

90 2015 209 2051 ἐπίκλην
227 2016 365 2051 ἀνάθεμα,
382 2016 562 2050 τουτέστι,τὸ
575 2018 746 2054 ἀπονεμηθὲν
764 2018 797 2045 ὲκ
816 2018 884 2046 πάν-

90 2070 146 2088 των
158 2062 196 2097 (l)
211 2063 259 2089 καὶ
272 2062 419 2098 ἀφορισθὲν
430 2063 469 2098 τῷ
485 2063 553 2098 Θεῷ.
574 2063 755 2096 Ἀλλόὺδενὸς
766 2064 885 2098 ἀξιώσας

91 2107 173 2141 λόγου
191 2107 240 2143 τὴν
258 2107 377 2143 ἐντολὴν,
403 2118 413 2134 (
437 2109 547 2141 Ἔλαδε,
563 2111 660 2145 φησὶν,
685 2111 774 2146 Ἀχαρ
797 2112 811 2137 ὀ
829 2111 885 2142 υἱὸς

93 2153 262 2188 Χαμμὶ,υἱοῦ
269 2154 393 2190 Ζαμδρῆ,
399 2155 455 2182 υἱοῦ
463 2156 538 2191 Ζαρᾶ
545 2156 630 2191 ἐκτῆς
638 2157 723 2190 φυλῆς
731 2156 826 2190 Ἰούδα,
832 2157 886 2184 ἀπὸ

93 2199 140 2226 τοῦ
154 2199 334 2235 ἀναθέματος.
351 2201 406 2227 Καὶ
419 2201 546 2237 ἐθυμώθη
558 2201 626 2238 ὀργῇ
640 2201 741 2237 Κύριος
752 2203 808 2233 τοῖς
817 2201 884 2234 υἱοῖς

922 269 1031 296 structi.
1046 268 1185 303 Scriptum
1198 273 1240 296 est
1265 269 1357 296 enim:
1378 277 1387 294 ‹
1400 268 1543 303 Ingressus
1563 271 1606 294 est
1628 267 1708 295 Jesus

922 314 995 341 Nave
1009 314 1043 341 ad
1057 313 1224 346 sacerdotes,
1238 318 1266 341 et
1285 314 1394 341 locutus
1405 318 1447 342 est
1460 313 1493 340 ad
1514 321 1572 346 eos,
1595 313 1708 341 dicens:

923 360 1067 395 Praecipite
1080 360 1182 394 populo
1204 359 1404 393 utcireumeat,
1429 364 1457 387 et
1476 359 1628 387 circumdet
1640 359 1710 386 civi-

924 410 1019 438 tatem,
1032 410 1061 434 et
1072 406 1124 434 viri
1138 410 1304 441 pugnatores
1315 410 1506 441 pertranseant
1523 405 1621 433 armati
1646 410 1709 432 ante

924 451 1069 479 Dominum
1079 446 1116 478 '5'.
1129 462 1138 477 ι
1154 451 1265 479 Christo
1285 459 1403 486 namque
1417 460 1466 487 per
1483 451 1639 487 principum
1660 459 1710 478 vo-

925 504 984 524 cem
995 497 1120 532 jubente,
1135 496 1267 524 adversus
1275 497 1368 524 hostes
1384 497 1586 529 contendimus,
1596 497 1712 524 bellum-

925 550 979 577 que
992 550 1048 569 non
1061 543 1195 570 adversus
1207 550 1317 570 carnem
1328 542 1524 577 etsanguinem
1534 543 1711 577 suscipimus,

926 588 975 616 sed
989 588 1121 616 adversus
1133 589 1273 624 principes
1299 593 1327 616 et
1345 591 1506 624 potestates,
1528 592 1556 616 et
1579 589 1713 617 adversus

926 643 986 663 eam
993 635 1090 671 legem,
1099 644 1158 671 quae
1166 636 1192 663 in
1200 636 1331 663 membris
1339 635 1429 663 carnis
1438 635 1602 663 dominatur.
1612 636 1644 651 "‘
1652 636 1713 663 Eri-

926 688 989 708 mus
1006 681 1090 708 etiam
1103 686 1168 709 tunc
1179 682 1206 709 in
1219 686 1369 717 conspectu
1379 681 1498 712 Domini,
1509 685 1566 708 tum
1576 686 1714 709 armatura

926 727 1045 761 quadam
1069 728 1198 755 instructi
1220 727 1315 755 divina
1343 731 1425 763 atque
1457 727 1616 763 spirituali:
1639 735 1714 755 arma

927 782 1047 809 namque
1066 779 1161 802 nostra
1185 783 1240 802 non
1258 775 1377 802 carnalia
1399 779 1472 806 sunt,
1498 777 1529 801 ut
1546 774 1648 803 Paulus
1661 774 1714 806 ait;

929 821 953 837 ⁸⁹
980 824 1038 848 tum
1057 829 1123 848 vero
1137 820 1250 856 iustitiae
1265 820 1349 855 gloria
1363 819 1493 855 insignes.
1507 819 1612 855 Aspicit
1623 820 1716 855 itaque

928 866 1004 894 viros
1015 866 1047 893 ad
1061 866 1237 902 pugnandum
1249 866 1437 901 paratissimos
1450 867 1522 894 Deus
1539 866 1586 894 ille
1604 866 1717 893 univer-

928 920 1019 940 sarum
1034 921 1127 940 rerum
1150 913 1292 945 DominUS,
1309 913 1518 948 splendentibus
1535 912 1649 947 justitize
1670 920 1717 939 ar-

927 959 980 986 mis
992 958 1114 991 indutos,
1140 959 1222 994 idque
1243 963 1286 986 est
1314 959 1342 986 in
1368 963 1517 993 conspectu
1538 958 1641 986 Christi
1652 966 1717 994 per-

928 1005 1044 1032 transire
1062 1010 1227 1040 pugnatores
1239 1010 1369 1032 armatos.
1381 1005 1531 1032 Honestum
1543 1012 1609 1032 vero
1621 1005 1648 1032 in
1657 1005 1717 1040 pri-

928 1052 979 1078 mis
993 1056 1021 1078 et
1042 1051 1193 1086 optandum
1213 1059 1288 1084 sane,
1319 1051 1346 1078 in
1369 1055 1517 1086 conspectu
1531 1051 1578 1078 Dei
1599 1058 1677 1083 esse;
1694 1050 1717 1078 si

928 1097 1039 1132 quidem
1054 1105 1110 1125 non
1124 1097 1244 1125 absurde
1266 1097 1439 1132 intelligitur,
1463 1097 1549 1124 Deum
1561 1097 1596 1125 iis
1618 1097 1666 1132 qui
1688 1105 1718 1124 se

927 1144 1105 1177 ollenderint,
1123 1144 1194 1172 hanc
1203 1144 1288 1171 veluti
1300 1151 1409 1178 poenam
1427 1144 1578 1178 imponere,
1594 1148 1624 1170 ut
1641 1151 1670 1172 se
1683 1144 1718 1171 alt

928 1189 983 1218 illis
993 1193 1109 1223 avertat,
1122 1197 1184 1217 cum
1197 1189 1278 1218 dicat:
1298 1199 1306 1215 ‹
1320 1189 1371 1217 Ubi
1381 1197 1478 1217 manus
1490 1190 1670 1218 extenderitis
1683 1190 1718 1218 ad

929 1244 984 1269 me,
996 1240 1119 1264 avertam
1132 1236 1228 1264 oculos
1241 1244 1317 1264 meos
1328 1244 1344 1263 a
1367 1236 1447 1263 vobis
1459 1236 1491 1263 ‘°.
1509 1246 1518 1262 3
1533 1236 1601 1264 Cum
1626 1240 1718 1263 autem

929 1281 1038 1309 obsidio
1050 1290 1137 1317 usque
1149 1282 1183 1309 ad
1191 1282 1264 1309 diem
1277 1281 1423 1317 septimum
1436 1282 1567 1316 perducta
1579 1286 1662 1314 esset,
1675 1282 1718 1309 di-

929 1327 969 1354 xit
980 1327 1080 1354 iterum
1105 1327 1185 1354 Jesus
1197 1327 1271 1354 Nave
1291 1327 1355 1354 ﬁliis
1376 1327 1479 1354 lsrael:
1503 1337 1512 1352 ι
1525 1327 1723 1355 Vociferamln-

929 1372 964 1400 ad
978 1372 1125 1400 Dominum
1143 1381 1148 1399 :
1166 1372 1280 1400 tradidit
1292 1373 1364 1400 enim
1382 1373 1462 1400 nobis
1479 1373 1611 1401 Dominus
1624 1374 1720 1401 civita-

931 1423 1000 1451 tem;
1014 1422 1041 1445 ct
1052 1419 1107 1446 erit
1118 1418 1214 1446 civitas
1225 1417 1382 1451 anathema,
1401 1419 1470 1454 ipsa,
1490 1423 1519 1446 et
1539 1420 1631 1446 omnia
1659 1427 1721 1455 qua:

930 1469 994 1493 sunt
1008 1465 1037 1492 in
1052 1465 1132 1501 ιω
1144 1473 1186 1498 ea,
1202 1465 1317 1492 Domino
1329 1465 1384 1492 Deo
1396 1466 1566 1493 exercituum
1587 1466 1719 1494 Sabaoth.

931 1511 1126 1539 Verumtamen
1147 1512 1223 1540 Raab
1244 1512 1419 1541 meretricem
1442 1518 1549 1541 servate
1570 1513 1668 1548 ipsam,
1692 1517 1722 1542 et

931 1558 1024 1586 omnia
1041 1566 1102 1594 quae
1113 1559 1218 1586 suntin
1233 1559 1317 1587 domo
1336 1560 1404 1595 ejus.
1421 1559 1474 1587 Sed
1497 1567 1547 1588 vos
1564 1563 1660 1588 cavete
1686 1559 1721 1587 ab

933 1606 1116 1638 anathemate,
1129 1614 1164 1633 ne
1177 1606 1249 1634 forte
1271 1614 1320 1634 vos
1344 1606 1394 1642 ipsi
1414 1607 1565 1642 cogitantes
1582 1607 1722 1643 accipiatis

933 1652 968 1679 al)
985 1652 1172 1684 anathemate,
1198 1655 1227 1679 et
1253 1651 1359 1680 faciatis
1382 1656 1475 1680 castra
1496 1652 1615 1680 ﬁliorum
1638 1653 1720 1681 lsrael

933 1698 1089 1731 anathema,
1109 1702 1137 1725 et
1159 1698 1309 1725 conteratis
1324 1705 1390 1731 nos;
1408 1703 1437 1726 et
1448 1705 1529 1726 omne
1540 1701 1681 1734 argentum
1694 1703 1723 1727 et

933 1751 1042 1776 aurum,
1067 1748 1096 1771 et
1117 1751 1154 1771 as
1174 1747 1203 1771 et
1217 1743 1320 1771 ferrum
1335 1747 1458 1771 sanctum
1472 1744 1526 1772 erit
1545 1744 1678 1772 Domino:
1694 1745 1721 1772 in

934 1790 1079 1818 thesauros
1090 1790 1138 1818 Dei
1154 1790 1288 1818 inferetur
1300 1791 1332 1817 σι.
1347 1799 1356 1815 3
1376 1789 1503 1817 Permisit
1520 1790 1594 1818 enim
1605 1790 1724 1818 fortibus

933 1837 1002 1864 viris
1024 1841 1054 1864 ut
1066 1837 1171 1872 reliqua
1182 1836 1272 1872 prada
1286 1836 1461 1869 fruerentur;
1479 1836 1526 1864 sed
1539 1836 1634 1864 inferri
1643 1844 1724 1872 opor-

935 1886 993 1910 tere
1005 1882 1074 1909 dixit
1086 1882 1115 1909 in
1131 1882 1276 1909 thesauros
1290 1881 1398 1910 Domini
1413 1885 1557 1917 argentum
1581 1889 1672 1914 omne,
1695 1887 1723 1910 et

935 1936 1044 1960 aurum,
1056 1935 1094 1956 tes
1105 1935 1213 1962 quoque
1227 1935 1259 1955 ac
1280 1927 1399 1956 ferrum:
1414 1927 1466 1955 hoc
1483 1927 1638 1967 cnim_erat
1654 1928 1723 1956 illud

935 1975 1008 2010 quod
1020 1974 1174 2010 appellatur
1184 1975 1340 2006 anathema,
1355 1975 1381 2001 id
1394 1978 1447 2006 est,
1462 1974 1535 2009 quod
1551 1982 1582 2001 ex
1595 1974 1724 2002 omnibus

936 2020 1120 2053 tribuebatur,
1133 2025 1161 2048 ct
1174 2021 1230 2048 Deo
1254 2021 1458 2057 segregabatur.
1484 2020 1635 2054 Ceterum,
1649 2021 1724 2049 nulla

935 2067 1065 2102 praecepti
1080 2067 1186 2095 ratione
1196 2067 1304 2094 habita:
1321 2076 1329 2092 ε
1343 2066 1473 2102 Accepit,‘
1482 2076 1490 2092 ι
1504 2067 1601 2102 inquit,
1622 2066 1726 2094 «Achar

937 2113 1140 2145 ﬁliusCharmi,
1154 2113 1201 2141 ﬁlii
1214 2113 1336 2145 Zambri,
1351 2113 1399 2140 lilii
1412 2113 1491 2145 Zara,
1506 2121 1540 2141 ex
1554 2113 1626 2141 tribu
1639 2113 1724 2146 Juda,

937 2168 971 2188 ex
985 2161 1174 2188 anathemate:
1190 2165 1216 2188 et
1226 2160 1312 2187 iratus
1325 2164 1367 2187 est
1379 2160 1472 2187 furore
1480 2160 1613 2187 Dominus
1625 2159 1725 2187 advero

939 2211 985 2231 sus
996 2204 1066 2231 ﬁlios
1077 2205 1160 2232 Israel
1169 2205 1201 2231 θ’.
1218 2214 1226 2230 3
1238 2204 1352 2240 Oportet
1366 2205 1450 2237 enim,
1465 2209 1495 2232 ut
1507 2209 1584 2240 puto,
1597 2205 1644 2240 qui
1657 2213 1724 2232 con—

100 2245 224 2281 Ἰσραήλ.
248 2255 257 2272 3
278 2246 385 2281 Χρῆναι
409 2247 463 2282 γὰρ
487 2245 564 2282 οἶμαι
579 2249 643 2279 τοὺς
658 2249 718 2279 ταῖς
740 2249 879 2283 κοσμικαῖς

940 2255 980 2278 tra
1010 2251 1102 2278 seculi
1125 2252 1281 2287 voluptates
1297 2255 1326 2278 et
1353 2251 1436 2287 hujus
1449 2252 1511 2279 vita:
1533 2251 1725 2279 distractiones

93 2291 201 2326 ἡδοναῖς
216 2291 332 2323 καὶτοῖς
355 2293 384 2318 ὲν
405 2293 472 2328 τῷδε
497 2293 536 2327 τῷ
561 2293 610 2329 βίῳ
630 2296 832 2330 περισπασμοῖς
854 2294 885 2321 τὸ

93 2336 221 2369 εὐσθενὲς
247 2337 276 2363 ἐν
298 2338 408 2374 Χριστῷ
438 2339 641 2374 παρεξάγοντας
668 2340 812 2376 φρόνημα,
838 2340 884 2367 καὶ

94 2381 138 2408 διὰ
153 2382 209 2409 τῶν
225 2382 275 2418 τῆς
297 2383 469 2420 δικαιοσύνης
492 2386 582 2413 ὅπλων
606 2386 758 2422 εὐδοκιμεῖν
780 2388 885 2423 ᾑρημέ-

95 2437 168 2461 νους,
181 2430 210 2456 ἐν
228 2430 372 2465 ἐπισκέψει
385 2440 413 2457 τε
426 2431 477 2466 ἤδη
492 2432 639 2466 γεγονότας
656 2432 786 2469 Χριστοῦ,
802 2433 885 2468 μηδε-

94 2474 140 2506 νὸς
164 2473 292 2509 ἐφίεσθαι
316 2475 371 2502 τῶν
396 2477 424 2503 ἐν
450 2476 545 2512 κόσμῳ
567 2477 819 2513 τεθαυμασμένων,
847 2479 883 2513 μὴ

95 2520 213 2548 πλούτου
223 2541 230 2554 ,
240 2521 277 2557 μὴ
290 2521 367 2556 δόξης
376 2542 383 2554 ,
401 2523 439 2558 μὴ
456 2522 613 2555 δυναστείας
624 2544 633 2557 ,
646 2523 663 2559 ἥ
681 2524 832 2560 ὑπεροχῆς,
847 2525 884 2559 μὴ

95 2567 150 2594 τῶν
166 2568 201 2594 ἐκ
217 2567 270 2602 τῆς
291 2567 385 2602 σοφίας
406 2568 565 2605 Ἑλληνικῆς
592 2569 706 2596 ἀνοσίων
731 2569 884 2605 δογμάτων.

98 2610 159 2647 Εἶεν
179 2612 203 2639 δ’
231 2612 279 2644 ἂν,
307 2613 346 2644 εἰς
371 2613 455 2641 τύπον
479 2613 670 2650 λαμπρότητος
707 2615 757 2650 μὲν
782 2615 831 2649 τῆς
859 2616 888 2641 ἐν

97 2659 237 2695 ἀξιώμασι
252 2660 299 2686 καὶ
323 2660 486 2696 ὑπεροχαῖς,
499 2661 530 2688 τὸ
544 2661 691 2698 ἀργύριον·
707 2661 820 2697 λαμπρὰ
836 2662 889 2697 γὰρ

98 2707 114 2741 ἡ
139 2705 202 2741 ὕλη·
222 2705 339 2733 πλούτου
361 2706 405 2737 δὲ,
421 2708 435 2733 ὀ
455 2707 565 2743 χρυσός.
589 2707 626 2734 Τὸ
642 2707 670 2734 δὲ
693 2707 743 2742 τῆς
764 2707 888 2743 γλώττης

99 2751 197 2788 εἱηχες
226 2751 281 2778 τῶν
305 2753 333 2777 ὲν
363 2752 458 2788 κόσμῳ
491 2753 596 2787 cognitu,
623 2754 842 2788 κατασημήνειεν
874 2754 889 2780 ὁ

939 2297 1048 2325 ﬁrmum
1068 2297 1095 2324 in
1110 2297 1220 2325 Christo
1231 2298 1352 2326 animum
1368 2298 1557 2333 opposuerim,
1573 2305 1603 2325 ac
1615 2298 1725 2326 laudem

939 2352 989 2379 per
1007 2351 1082 2371 arma
1092 2344 1205 2379 justitiae
1217 2345 1331 2380 adipisci
1347 2344 1532 2374 decreverint,
1558 2343 1660 2379 quique
1669 2343 1725 2379 jam

941 2388 967 2415 in
980 2391 1156 2423 conspectum
1170 2388 1271 2416 Christi
1283 2389 1418 2422 venerint,
1437 2396 1484 2416 eos
1494 2388 1561 2416 nihil
1577 2395 1610 2416 ex
1631 2388 1665 2416 iis
1677 2396 1725 2416 ex-

940 2438 1032 2467 petere
1045 2440 1106 2468 quae
1118 2433 1145 2461 in
1158 2433 1211 2461 hoc
1223 2434 1326 2462 mundo
1338 2434 1509 2462 admirabilia
1520 2434 1658 2466 videntur,
1671 2441 1726 2462 non

939 2485 1014 2513 opes,
1028 2486 1082 2506 non
1098 2479 1223 2514 gloriam,
1235 2487 1290 2507 non
1302 2480 1463 2515 potentiam,
1488 2484 1536 2507 aut
1552 2483 1725 2516 praestantem

939 2524 1064 2559 gradum,
1078 2532 1134 2552 non
1150 2525 1234 2560 impia
1246 2533 1279 2553 ex
1287 2526 1382 2561 gentili
1396 2524 1678 2562 sapientia’dogmata.
1692 2525 1727 2552 Et
1749 2558 1755 2566 η

940 2570 1015 2599 illius
1027 2571 1138 2606 quidem
1162 2571 1317 2608 splendoris
1335 2571 1383 2606 qui
1404 2572 1433 2599 in
1452 2572 1615 2607 dignitatum
1635 2570 1727 2607 gradi-

939 2617 1025 2645 buset
1037 2618 1218 2653 amplitudine
1230 2622 1382 2653 spectatur,
1393 2617 1480 2653 ﬁgura
1491 2626 1546 2645 non
1560 2618 1654 2653 inepta
1667 2617 1727 2644 l'ue-
1750 2629 1757 2634 ε

939 2664 976 2691 rit
989 2669 1150 2699 argentum;
1167 2664 1340 2701 splendidum
1352 2668 1394 2692 est
1405 2664 1479 2692 enim
1501 2663 1553 2691 hoc
1565 2662 1668 2690 metalli
1680 2670 1728 2698 ge-

939 2717 1006 2742 nus;
1029 2717 1112 2745 opum
1141 2718 1218 2743 vero,
1235 2719 1344 2739 aurum.
1366 2711 1444 2739 lllum
1461 2718 1545 2746 porro
1558 2710 1660 2743 linguze
1682 2716 1727 2736 so-

938 2763 1014 2789 num,
1028 2764 1083 2791 quo
1096 2757 1191 2784 mundi
1208 2758 1347 2793 sapientes
1370 2762 1496 2790 utuntur,
1511 2758 1667 2793 signiﬁcare
1680 2761 1728 2789 p0-

101 2844 122 2860 "
135 2845 191 2872 Jos.
209 2854 248 2877 Vl,
259 2846 291 2877 '7;
305 2845 405 2880 Ephes.
425 2854 461 2877 vr,
476 2846 516 2872 12.
536 2845 569 2861 δί’
587 2847 665 2873 Rom.
682 2856 728 2880 Tll,
741 2847 785 2874 ‘23.
805 2848 826 2861 η
840 2847 861 2874 Π
876 2851 879 2868 ι

933 2868 939 2874 .
954 2855 980 2879 x,
996 2848 1020 2874 ti.
1042 2848 1063 2863 πθ
1079 2848 1158 2881 lsa.r,
1177 2849 1218 2876 l5.
1237 2849 1256 2865 ει
1273 2848 1329 2877 Jos.
1345 2849 1418 2880 mlG
1443 2858 1520 2884 seqq.
1539 2848 1626 2876 IllJos.
1644 2847 1727 2880 ruﬁ.

135 2892 172 2927 (Ι)
189 2891 237 2919 Sic
252 2891 314 2918 cod.
335 2892 420 2918 Vatis.
435 2891 526 2921 Codex
542 2892 629 2923 Silet},
650 2893 766 2929 Ξκάττῳ.

243 2938 379 2969 ΡΑτιιοιη
404 2939 461 2969 GR.
486 2940 600 2970 LXVI”

886 2976 902 2984 ο.

1475 2938 1507 2968 1‘2
