1934 3042
220 175 275 203 365

712 171 740 198 S.
761 169 898 198 CYRILLI
918 169 1154 198 ALEXANDRINI
1174 169 1335 200 ARCHTEP.

1792 174 1850 203 564

223 233 288 262 terit
303 240 342 259 tes
352 240 360 264 ;
372 232 445 258 vires
454 229 583 265 denique,
604 234 687 266 atque
701 231 866 266 potentiam,
888 231 1002 263 ferrum,

1058 230 1172 266 χαλκός’
1193 232 1269 267 ἰσχὺν
1285 231 1314 258 δὲ
1337 232 1385 260 καὶ
1405 232 1578 267 δυναστείαν,
1593 233 1710 270 σκληρὸς
1723 234 1761 261 ὣν
1777 234 1852 269 ἄγαν

221 279 295 315 quod
306 282 335 306 et
343 277 443 306 durum
456 277 601 305 admodum
616 277 663 310 sit,
680 281 781 306 etcum
794 278 918 305 omnium
941 285 1004 305 cor-

223 333 320 362 porum
332 324 445 353 materia
455 332 598 360 pugnans:
612 332 673 359 quae
694 324 717 352 si
741 325 803 359 quis
815 324 930 359 adipisci
955 331 1004 351 vo-

222 373 313 406 luerit,
326 372 451 408 quamvis
470 372 515 400 ille
527 371 667 407 pracipuo
684 371 720 399 sit
732 371 805 406 apud
825 371 911 398 Deum
933 371 1004 403 loco,

220 424 248 446 et
263 419 334 446 inter
344 418 490 446 bellatores
501 421 671 449 numeretur,
679 416 816 451 spirituali
828 423 938 452 quoque
948 417 1006 443 ani-

221 464 257 491 mi
270 463 457 499 magnitudine
470 463 506 490 sit
521 462 646 498 insignis,
660 463 683 489 is
708 462 804 497 procul
825 462 910 490 dubio
920 462 1005 490 Deum

219 509 352 543 offendit;
368 517 486 544 cumque
501 515 565 536 eum
587 505 688 536 furtiva
706 509 893 546 subtractione
914 508 1003 536 offen-

220 556 285 584 dere
300 556 327 583 in
343 556 466 583 animum
492 554 641 587 induxerit,
656 554 703 589 qui
719 559 747 582 et
762 553 789 581 in
807 554 891 582 armis
913 562 1006 582 comes

219 611 251 631 ac
261 604 354 630 socius
368 606 439 635 erat,
451 606 480 630 et
498 601 656 634 auxiliator,
675 600 854 635 consequenti
876 600 1005 627 vindicta:

218 648 381 683 subiacebit.

252 693 351 721 PALL.
376 694 460 720 Recte
471 693 520 721 ais.
548 692 689 720 Assentior
700 693 774 720 enim
795 693 854 720 tibi.
868 692 1004 721 Caeterum

218 743 284 771 illud
297 743 365 770 mihi
379 743 499 778 explices
518 743 611 774 velim,
638 750 787 777 parumper
808 750 824 769 a
842 749 872 769 re
884 745 959 777 gesta
977 744 1005 768 et

217 789 332 817 historia
343 788 491 816 deflectens
504 788 667 820 orationem,
683 796 732 815 cur
744 789 799 816 Deo
810 791 965 823 argentum,
978 790 1009 814 et-

217 842 326 867 aurum,
339 842 376 862 es
388 834 453 862 item
465 841 498 861 ac
515 833 618 861 ferrum
631 833 666 860 sit
679 837 878 866 consecratum,
903 840 936 860 ac
950 840 1005 860 non

217 880 310 916 potius
331 887 364 907 ea
385 879 429 907 vel
441 883 571 914 tanquam
600 878 707 906 inutilia
731 878 856 910 fortasse,
880 878 923 906 vel
945 881 1006 905 tan-

217 931 300 959 quam
312 923 446 959 ejusmodi
469 931 531 958 qua:
541 923 667 958 polluere
684 927 805 958 possent,
818 931 834 950 e
845 923 943 951 castris
953 923 1004 950 ab-

215 972 288 1006 jecla
302 970 373 997 sint:
389 977 451 996 nam
460 969 612 1004 spiritualis
623 969 865 1004 contemplationis
887 969 1005 996 facultas

216 1015 400 1044 abominanda
415 1015 499 1044 fuisse
511 1015 720 1043 demonstravit.

254 1062 332 1098 145
348 1061 426 1090 CYR.
446 1061 515 1094 Quia
535 1061 666 1097 splendor
688 1062 787 1094 omnis,
811 1062 933 1094 Palladi,
959 1071 1004 1090 sa-

216 1108 385 1144 pientiaque,
399 1111 427 1134 et
443 1114 519 1141 opes,
531 1110 613 1141 atque
621 1107 704 1134 etiam
716 1107 788 1134 vires
810 1107 1005 1134 convenienter

217 1162 248 1182 ac
258 1154 330 1189 juste
349 1153 404 1180 Deo
417 1153 595 1186 tribuuntur;
609 1153 683 1180 illius
693 1153 767 1180 enim
792 1157 834 1181 est
855 1153 952 1189 gloria,
977 1158 1005 1181 et

219 1199 348 1236 splendor
367 1200 467 1232 omnis,
480 1203 508 1226 et
520 1207 596 1235 opes,
610 1204 638 1227 et
648 1199 792 1235 sapientia,
817 1204 845 1227 ct
869 1201 1002 1236 potentia.

215 1247 353 1274 Cmterum
369 1246 494 1281 quisquis
507 1246 541 1273 ab
554 1246 602 1273 illo
613 1247 759 1281 acceperit,
773 1252 800 1274 et
809 1255 844 1274 ex
855 1247 929 1275 illius
945 1248 1006 1276 the-

216 1300 299 1320 sauro
308 1292 412 1319 ditatus
422 1291 537 1324 divitiis,
550 1292 680 1319 videlicet
692 1293 925 1321 intellectualibus
944 1294 1004 1321 fue-

216 1339 262 1370 rit,
274 1338 444 1374 gloriamque
468 1341 496 1365 et
506 1337 667 1372 sapientiam
680 1345 712 1366 ac
730 1340 881 1374 potentiam
899 1340 1004 1368 habue-

216 1385 254 1412 rit
277 1384 459 1420 spiritualem,
479 1384 525 1411 ille
545 1392 612 1412 vero
626 1386 792 1420 conspicuus
803 1386 857 1413 erit
876 1394 907 1414 ac
923 1387 1002 1421 felix;

217 1431 259 1458 sin
271 1431 330 1458 lucc
342 1430 437 1457 eadem
445 1438 460 1457 a
471 1430 574 1458 mundo
583 1431 708 1465 accipere
715 1432 1003 1464 maluerit,exsecran-

216 1477 268 1504 dus
279 1476 343 1508 erit,
357 1480 386 1503 et
397 1475 501 1503 invisus
523 1477 580 1503 Deo
591 1477 702 1504 virtutis
712 1478 838 1509 amatori,
852 1486 885 1506 ac
898 1479 1004 1514 judicio

215 1528 359 1558 poenasque
369 1521 516 1548 obnoxius.
539 1520 658 1548 Omnino
673 1522 881 1560 enim‘divitias
907 1531 1004 1550 conse-

215 1567 312 1603 quitur
322 1566 462 1601 voluptas;
476 1566 615 1601 splendori
629 1571 719 1594 autem
736 1571 818 1602 atque
827 1568 1002 1603 amplitudini
1017 1580 1039 1610 ο

215 1613 304 1640 vicina
319 1616 362 1641 est
372 1613 504 1641 continuo
512 1612 658 1647 superbia:
674 1614 804 1648 potentiae
818 1622 884 1642 vero
902 1615 1002 1650 adjun-

215 1663 261 1686 cta
276 1659 426 1694 iniquitas;
443 1658 586 1693 sapientia
598 1659 742 1687 mundana:
754 1660 872 1696 denique
891 1669 1004 1696 perver-

216 1704 284 1732 sitas
307 1704 487 1739 dogmatum,
513 1704 638 1739 quamvis
663 1712 758 1732 eorum
782 1706 829 1740 qui
857 1707 903 1734 illa
932 1708 1001 1734 scri-

214 1754 330 1786 pserunt
352 1749 444 1785 lingua
456 1749 578 1777 suaviter
592 1755 681 1778 sonet.
691 1751 853 1786 Hujusmodi
871 1753 1002 1788 quiddam

214 1798 316 1826 Paulus
331 1797 386 1825 ait:
408 1806 417 1822 ι
431 1797 459 1824 Si
479 1797 542 1833 quis
556 1802 599 1825 est
620 1798 648 1825 in
659 1799 738 1826 vobis
755 1800 874 1835 sapiens,
902 1801 1003 1829 stultus

215 1843 273 1876 ﬁat,
286 1848 318 1871 ut
338 1844 375 1871 sit
394 1843 519 1878 sapiens:
550 1843 684 1878 sapientia
706 1846 779 1872 enim
800 1845 882 1881 hujus
906 1846 1002 1874 mundi

216 1890 333 1918 stultitia
353 1893 396 1916 est
410 1888 482 1925 apud
525 1889 611 1917 Deum
626 1889 657 1916 “.
670 1899 679 1915 ι
696 1890 785 1918 Achar
820 1891 913 1927 igitur,
939 1899 1002 1919 cum

215 1935 274 1963 hac
285 1943 342 1962 non
355 1942 370 1962 e
384 1934 486 1962 Christi
498 1934 692 1968 thesauro,sed
718 1937 794 1964 velut
808 1945 824 1964 e
840 1938 954 1970 mundo,
969 1946 1003 1965 ex

217 1981 275 2015 ipsa
293 1979 481 2008 urbeJericlio
507 1981 667 2015 accepisset,
690 1982 805 2012 offendit
827 1983 923 2010 Deum.
950 1983 1003 2011 Sed

217 2034 278 2061 quae
292 2026 356 2053 inde
368 2033 402 2053 ex
416 2025 455 2053 ira
467 2026 515 2053 Dei
529 2032 676 2055 consecuta
701 2032 774 2061 sunt,
801 2036 856 2056 non
880 2029 914 2056 ad
938 2037 1002 2057 eum

217 2073 305 2099 solum
332 2072 536 2106 pertinuerunt,
566 2073 613 2108 qui
655 2081 688 2100 eo
715 2074 833 2101 crimine
856 2074 1002 2103 damnatus

214 2123 290 2150 erat,
304 2117 351 2145 sed
363 2122 448 2145 totam
471 2126 633 2154 synagogam
650 2119 806 2147 afﬂixerunt
824 2129 830 2146 ε
859 2120 904 2148 ille
927 2122 1002 2148 enim

215 2163 353 2198 quondam
367 2163 488 2191 invictus
509 2165 626 2199 populus
645 2164 741 2197 Israel,
756 2172 854 2200 expers
881 2167 1002 2201 praesidii

215 2209 328 2245 superni
342 2208 440 2242 factus,
458 2210 584 2237 infirmus
596 2214 623 2237 et
638 2210 756 2237 imbellis
780 2211 841 2239 fuit.

1054 277 1069 302 ὁ
1085 277 1208 312 σίδηρος,
1223 278 1272 305 καὶ
1291 280 1325 314 τῇ
1348 277 1399 316 ὕλῃ
1420 280 1494 316 πάσῃ
1517 280 1680 316 μαχόμενος.
1698 277 1749 307 Ὧν
1766 280 1851 316 εἴπερ

1054 331 1098 356 τις
1121 323 1210 351 ἕλοιτο
1236 325 1413 360 μεταλαχεῖν,
1436 325 1525 352 καίτοι
1556 326 1606 361 τὴν
1629 326 1744 362 ἀρίστην
1767 326 1852 359 τάξιν

1055 367 1125 404 ἔχων
1137 369 1213 405 παρὰ
1223 369 1292 406 Θεῷ,
1303 371 1350 397 καὶ
1364 370 1602 406 ἀναμετρούμενος
1613 372 1642 398 ὲν
1652 371 1848 406 πολεμισταῖς,

1055 416 1102 442 καὶ
1129 415 1182 450 μὴν
1202 416 1250 443 καὶ
1273 417 1474 452 πνευματικαῖς
1495 417 1636 452 εὐψυχίαις
1658 417 1779 452 γεγονὼς
1801 418 1851 444 ἐκ·

1055 460 1175 497 πρεπὴς,
1192 462 1375 498 προσκρούσει
1397 463 1471 498 Θεῷ,
1488 463 1535 490 καὶ
1551 464 1689 500 κιὸδήλοις
1703 472 1851 500 παρατρο-

1056 508 1121 539 παῑς
1149 508 1316 535 καταλυπιῖν
1344 509 1482 545 ᾑρημένος
1505 509 1551 536 τὸν
1582 510 1712 538 σύνοπλόν
1735 519 1766 537 τε
1802 510 1851 536 καὶ

1056 553 1173 590 ἀρωγὸν,
1187 555 1246 587 ταῖς
1261 554 1388 582 ἐντεῦθεν
1402 555 1499 592 ὀργαῖς
1510 556 1695 584 ὑποκείσεται.

1091 694 1198 723 ΠΔΛΛ,
1222 691 1259 721 Εὖ
1288 693 1366 729 ἔφης.
1392 693 1586 730 Συναινέσαιμι
1608 693 1663 729 γὰρ
1688 693 1730 722 ἄν.
1760 692 1848 729 Πλὴν,

1055 740 1145 767 ἐκεῖνό
1165 748 1210 776 μοι
1234 739 1356 774 φράσον,
1374 739 1460 776 βραχὺ
1482 740 1530 766 τοῦ
1554 739 1716 774 πράγματος
1733 740 1780 766 καὶ
1798 740 1849 774 τῆς

1057 786 1178 822 ῑστορίας
1209 786 1382 821 ἀποκομίσας
1406 785 1453 812 τὸν
1482 785 1578 820 λόγον·
1601 785 1672 812 om!
1695 785 1793 820 Κυρίῳ
1818 785 1851 811 τδ

1055 831 1188 867 ἀργύριον
1204 831 1252 858 καὶ
1266 830 1297 858 τὸ
1314 831 1443 866 χρυσίον,
1458 831 1505 858 καὶ
1518 831 1533 857 ό
1549 830 1648 865 χαλκὸς
1661 831 1709 857 καὶ
1725 831 1849 866 σίδηρος,

1057 876 1104 904 καὶ
1117 877 1178 912 οὐχὶ
1203 877 1235 913 δὴ
1264 877 1382 913 μᾶλλον,
1408 877 1425 913 ἢ
1446 877 1484 909 ὡς
1510 877 1635 912 ἄχρηστα
1655 877 1754 912 τυχὸν,
1769 877 1786 912 ἢ
1810 877 1851 908 ὡς

1019 908 1042 936 Β
1057 908 1379 958 καταμολύνειννείδόταξ
1393 908 1445 958 της
1469 908 1645 959 παρεμέολῆς
1665 908 1849 957 ἐξεπέμπετο·

1058 969 1168 1005 μυσαρὰ
1182 969 1236 1005 γὰρ
1252 969 1367 1004 δέδειχεν
1383 969 1452 996 αὐτὰ
1467 969 1517 1004 τῆς
1529 969 1718 1005 πνευματικῆς
1728 969 1849 1004 θεωρίας

1056 1016 1073 1050 ή
1088 1015 1211 1051 δύναμις.

1092 1062 1175 1088 ΚΥΡ.
1193 1061 1266 1094 Ὅτι,
1286 1058 1309 1089 ὦ
1328 1061 1471 1094 Παλλάδιε,
1491 1060 1652 1097 λαμπρότης
1677 1059 1726 1096 μὶν
1742 1060 1848 1092 ἅπασα,

1057 1108 1138 1142 σοφία
1148 1115 1178 1134 τε
1195 1107 1243 1134 καὶ
1258 1107 1382 1138 πλοῦτος,
1393 1107 1442 1133 καὶ
1458 1106 1510 1142 μὴν
1525 1106 1572 1133 καὶ
1588 1107 1675 1142 ἰσχὺς,
1685 1106 1849 1141 πρεπόντως

1055 1162 1086 1180 τε
1112 1153 1160 1180 καὶ
1183 1153 1264 1185 ὁσίως
1285 1153 1460 1180 ἀνακείσεται
1483 1152 1522 1188 τῷ
1547 1152 1617 1188 Θεῷ.
1641 1152 1729 1179 Αὐτοῦ
1753 1152 1811 1187 γὰρ
1831 1152 1848 1186 ἡ

1055 1199 1119 1232 δόξα
1136 1199 1183 1226 καὶ
1201 1200 1218 1235 ἠ
1234 1200 1308 1226 πᾶσα
1323 1199 1482 1235 λαμπρότης
1492 1219 1498 1231 ,
1521 1198 1638 1230 πλοῦτός
1653 1207 1682 1225 τε
1697 1199 1744 1225 καὶ
1756 1198 1849 1232 σοφία,

1057 1245 1105 1272 καὶ
1120 1245 1245 1281 δύναμις.
1269 1245 1339 1271 Ἀλλ’
1353 1246 1377 1271 εί
1393 1245 1442 1280 μέν
1455 1253 1497 1277 τις
1510 1245 1596 1272 ἕλοιτο
1615 1247 1680 1281 παρ’
1695 1244 1790 1277 αὑτοῦ.
1803 1246 1850 1272 καὶ

1056 1291 1110 1319 ἀπὸ
1127 1291 1265 1327 Θησαυροῦ
1286 1291 1388 1327 Κυρίου
1406 1291 1585 1323 πλουτίξοιτο,
1599 1291 1712 1318 πλοῦτον
1725 1291 1849 1327 δηλονότι

1055 1337 1102 1363 τὸν
1126 1337 1231 1372 νοητὸν,
1254 1336 1334 1368 δόξαν
1355 1344 1385 1362 τε
1408 1337 1455 1363 καλ
1477 1337 1595 1370 σύνεσιν,
1622 1337 1670 1364 καὶ
1688 1338 1766 1373 ἰσχὺν
1791 1337 1850 1372 ἔχει

1056 1382 1255 1418 πνευματικὴν,
1268 1383 1416 1418 περίοπτος
1430 1382 1507 1410 ἔσται
1524 1383 1572 1409 καὶ
1583 1382 1714 1417 ζηλωτός.
1731 1382 1764 1410 Et
1773 1383 1803 1409 δὲ
1817 1383 1849 1418 δὴ

1057 1429 1177 1464 βούλοιτο
1198 1430 1278 1456 ταυτὶ
1293 1429 1368 1464 παρὰ
1384 1429 1432 1455 τοῦ
1455 1429 1558 1464 κόσμου
1582 1429 1673 1456 λαῦεἰν
1685 1450 1692 1462 ,
1721 1429 1849 1464 βδελυρὸς

1055 1475 1131 1502 ἐσται
1148 1475 1195 1502 καὶ
1211 1475 1405 1514 ἀπηχθημένος
1427 1476 1502 1510 παρά
1517 1484 1549 1510 γε
1564 1475 1603 1511 τῷ
1623 1475 1760 1512 φιλαρέτῳ
1777 1475 1848 1510 Θεῷ,

1055 1522 1103 1550 καὶ
1116 1523 1168 1549 ὑπὸ
1183 1522 1274 1558 κρίσιν
1285 1522 1362 1548 ἔσται
1376 1522 1422 1548 καὶ
1433 1522 1523 1558 δίκην.
1541 1522 1653 1557 Ἐψεται
1667 1523 1722 1558 γὰρ
1735 1519 1849 1554 πάντως

1055 1568 1094 1604 τῷ
1121 1569 1174 1604 μὲν
1199 1569 1305 1604 πλούτῳ
1327 1569 1358 1595 τδ
1383 1569 1533 1604 φιλήδονον,
1557 1569 1730 1605 λαμπρότητι
1751 1569 1780 1596 δὲ
1802 1570 1848 1596 και

1057 1616 1204 1651 ὑπεροχαῖς
1219 1615 1316 1650 γείτων
1335 1615 1416 1647 εὐθὺς
1430 1616 1446 1651 ἡ
1462 1615 1598 1651 ὑπεροψία
1608 1623 1615 1630 '
1631 1615 1803 1647 δυναστείαις
1817 1623 1848 1649 γε

1059 1660 1112 1696 μὴν
1129 1661 1332 1697 παραπέπηγεν
1344 1662 1361 1696 ἡ
1383 1661 1541 1695 πλεονεξία·
1556 1661 1636 1698 σοφίᾳ
1657 1661 1685 1688 δὲ
1704 1662 1738 1697 τῇ
1756 1661 1786 1688 ὲν
1803 1661 1849 1687 κό-

1057 1715 1130 1742 σμῳ,
1149 1707 1179 1734 τδ
1195 1709 1224 1734 ἐν
1239 1707 1372 1744 δόγμασιν
1383 1708 1511 1740 ἀκαλλὲς,
1523 1708 1576 1735 κᾶν
1587 1709 1611 1734 εί
1630 1708 1660 1734 τὺ
1675 1706 1774 1742 εὖηχες
1791 1707 1848 1743 ἔχοι

1056 1752 1111 1780 τῶν
1127 1753 1218 1780 ἐκεῖνα
1229 1754 1408 1790 γεγραφότων
1423 1755 1439 1790 ἠ
1456 1754 1574 1788 γλῶττα.
1593 1754 1718 1781 Τοιοῦτόν
1736 1763 1763 1781 τι
1775 1754 1823 1781 καὶ
1834 1755 1848 1780 ό

1057 1799 1163 1832 Παῦλός
1177 1808 1261 1836 φησιν
1273 1808 1280 1816 ⁸
1302 1810 1311 1826 ι
1331 1800 1366 1827 El
1379 1800 1420 1832 τίς
1435 1801 1508 1827 ἐστιν
1522 1801 1550 1827 ὲν
1567 1801 1631 1836 ὑμῖν
1647 1800 1738 1834 σοφὸς,
1756 1800 1847 1836 μωρὸς

1056 1847 1188 1880 γενέσθω,
1202 1847 1245 1873 ίνα
1254 1846 1366 1882 γένηται
1379 1847 1462 1882 σοφός
1471 1856 1478 1862 ·
1488 1848 1505 1883 ἡ
1518 1847 1571 1883 γὰρ
1589 1847 1669 1882 σοφία
1683 1846 1730 1874 τοῦ
1742 1847 1846 1882 κόσμου

1055 1893 1162 1925 τούτου,
1179 1893 1270 1928 μωρία
1289 1894 1366 1929 παρὰ
1379 1893 1438 1929 Θεῷ
1451 1895 1534 1920 ἐστιν.
1554 1904 1562 1919 ι
1579 1895 1668 1929 ’Λχαρ
1681 1893 1713 1930 δὴ
1724 1891 1783 1926 οὖν,
1798 1894 1847 1921 οὐκ

1056 1939 1089 1965 ὲκ
1099 1938 1238 1974 θησαυροῦ
1253 1939 1372 1976 Χριστοῦ
1387 1939 1488 1972 λαϐὼν,
1502 1940 1560 1967 ἀλλ’
1574 1940 1730 1975 ὦσπεράπδ
1741 1940 1845 1975 κόσμου

1055 1985 1104 2020 τῆς
1120 1986 1258 2022 Ἱεριχοῦς,
1271 1987 1436 2023 προσκρούει
1448 1987 1517 2023 Θεῷ.
1528 1988 1568 2014 Τὰ
1579 1987 1606 2014 δὲ
1621 1987 1744 2014 ἐντεῦθεν
1758 1987 1844 2023 βλάϐη

1057 2031 1104 2057 καὶ
1119 2031 1154 2057 τὰ
1170 2032 1201 2058 ὲκ
1217 2031 1293 2063 θείας
1309 2032 1396 2066 ὀργῆς
1413 2031 1610 2067 συμϐαίνοντα,
1628 2033 1678 2059 οὐκ
1703 2033 1750 2059 ἐπὶ
1765 2033 1844 2067 μόνον

1056 2077 1153 2113 ἐχώρει
1176 2077 1222 2104 τὸν
1247 2077 1293 2104 ἐπὶ
1312 2078 1399 2104 τοῖσδε
1423 2078 1664 2113 κατεγνωσμένον,
1698 2078 1756 2105 ἀλλ’
1782 2078 1844 2113 ὃλην

1056 2123 1156 2150 ἐκάκου
1172 2123 1221 2158 τὴν
1239 2123 1401 2159 συναγωγήν
1411 2132 1419 2139 ’
1434 2123 1568 2159 ἀμέτοχος
1580 2123 1634 2159 γὰρ
1648 2122 1770 2158 γεγονὼς
1784 2124 1842 2150 tm-

1055 2171 1166 2207 κουρίας
1188 2170 1238 2206 τῆς
1257 2170 1371 2204 ἄνωθεν,
1390 2171 1508 2207 ἀδρανής
1527 2179 1556 2198 τε
1579 2171 1626 2198 καὶ
1645 2171 1758 2204 ἄναλκις
1773 2169 1807 2207 ἧν
1829 2172 1845 2199 ὁ

1056 2217 1139 2245 πάλαι
1157 2217 1376 2250 δυσαλωτότατος
1399 2218 1517 2254 Ἰσραήλ.

250 2255 348 2283 PALL.
380 2255 523 2289 Quomodo
550 2260 597 2282 aut
621 2256 758 2284 undenam
776 2257 885 2285 edoceri
902 2267 1000 2294 possu-

1089 2263 1192 2290 IIAAA.
1210 2264 1264 2291 Kal
1281 2264 1339 2297 πῶς
1358 2265 1374 2300 ἢ
1401 2265 1484 2292 πόθεν
1499 2265 1697 2302 ἀναμάθοιμεν,
1714 2267 1753 2299 ὡς
1772 2267 1844 2295 ἐστιν

215 2310 276 2329 mus
304 2309 399 2328 verum
414 2310 474 2329 esse
503 2302 576 2336 quod
593 2306 635 2330 est
648 2310 662 2329 a
679 2307 704 2330 tc
720 2303 771 2331 hac
783 2304 817 2331 de
836 2313 864 2332 re
880 2306 1003 2333 dictum?

247 2347 326 2374 ΟΥΕ.
355 2347 395 2374 Ex
425 2347 458 2373 iis
481 2355 542 2381 quae
572 2354 772 2383 consequenter
800 2351 900 2385 scripta
924 2357 998 2379 sunt.

213 2393 277 2420 Post
294 2394 340 2420 illa
352 2394 425 2420 enim
441 2401 502 2428 quae
521 2394 592 2422 circa
607 2395 702 2422 urbem
717 2396 838 2429 Iericho,
857 2402 884 2424 et
901 2399 1000 2426 adver-

212 2445 260 2465 sus
275 2446 345 2470 eam,
363 2442 428 2465 sunt
446 2438 576 2473 prmclarc
594 2447 626 2467 ac
642 2440 752 2468 fortiter
776 2448 861 2477 gesta,
876 2451 909 2470 ex
935 2445 998 2471 uni—

214 2493 293 2511 verso
306 2485 413 2512 lsraelis
426 2486 527 2520 populo
553 2486 639 2514 lectos
668 2488 743 2515 viros
765 2489 840 2516 misit
859 2490 938 2518 Jesns
964 2491 998 2518 ab

211 2530 322 2557 Jericlio
349 2529 376 2556 in
409 2531 538 2565 oppidum
563 2531 622 2563 Gai,
649 2532 763 2560 dicens:
790 2534 997 2563 «Ascendentes

211 2575 383 2608 considerate
397 2575 456 2602 Gai.
471 2576 505 2604 Et
518 2577 701 2605 ascenderunt
715 2579 767 2606 viri
795 2580 845 2613 illi,
862 2585 889 2608 et
904 2583 995 2609 consi-

210 2623 378 2649 deravcrunt
389 2621 448 2654 Gai,
464 2628 492 2650 et
507 2625 609 2652 reversi
624 2625 731 2653 suntad
748 2626 852 2659 Iesum,
874 2619 903 2655 et
919 2629 995 2656 dixe-

211 2672 277 2694 runt
292 2667 382 2695 eizNe
398 2669 528 2697 ascendat
558 2671 591 2698 ad
616 2680 676 2699 eam
695 2674 783 2701 omnis
797 2675 925 2709 populus,
946 2677 993 2703 sed

209 2713 320 2740 circiter
331 2713 386 2741 duo
409 2720 456 2742 aut
471 2716 521 2743 tria
539 2717 625 2744 millia
651 2719 774 2746 virorum
790 2721 949 2754 ascendant,
967 2727 995 2749 et

208 2758 478 2788 obsideanturbcm:
500 2769 534 2788 ne
552 2762 638 2790 ducas
663 2772 697 2791 eo
723 2765 883 2793 universum
906 2775 994 2802 popu-

208 2803 281 2835 lum;
295 2804 372 2839 pauci
382 2813 498 2840 namque
507 2811 580 2834 sunt.
591 2807 817 2838 Etasccndcrunt
828 2818 861 2839 eo
874 2812 926 2840 viri
940 2813 995 2841 cir-

248 2891 270 2907 ⁵³
287 2892 296 2920 1
314 2892 378 2920 Cor.
393 2902 431 2928 lll,
450 2894 491 2923 19.

1052 2308 1155 2344 ἀληθὴς
1169 2309 1183 2336 ὁ
1195 2309 1240 2336 ἐπὶ
1251 2310 1318 2345 τῷδε
1332 2310 1426 2344 λόγος;

1089 2356 1171 2383 ΚΥΡ.
1197 2356 1263 2382 Ἀπό
1283 2365 1316 2391 γε
1330 2357 1384 2384 τῶν
1407 2357 1507 2392 ἑφεξῆς
1530 2359 1742 2394 γεγραμμένων.
1768 2359 1844 2387 Μετὰ

1051 2401 1105 2437 γὰρ
1121 2402 1155 2428 τὰ
1173 2402 1242 2429 κατὰ
1256 2403 1306 2438 τὴν
1338 2403 1442 2439 Ίεριχὼ
1460 2405 1506 2431 καὶ
1525 2404 1559 2431 τὰ
1573 2405 1617 2431 ἐπ’
1630 2405 1698 2441 αὕτῇ
1709 2406 1843 2442 λαμπρῶς

1051 2448 1098 2474 καὶ
1129 2447 1262 2480 νεανικῶς
1293 2450 1463 2485 εἰργασμένα
1489 2450 1565 2486 παρὰ
1590 2451 1689 2483 παντὸς
1722 2451 1840 2487 Ἰσραὴλ,

1050 2495 1210 2522 ἀπέστειλεν
1241 2496 1344 2532 Ἰησοῦς
1365 2497 1464 2534 ἄνδρας
1481 2498 1534 2525 ἀπὸ
1558 2498 1661 2534 Ἰεριχὼ
1674 2499 1714 2530 είς
1727 2498 1789 2531 Fat,
1801 2499 1841 2525 λέ-

1051 2550 1106 2575 γων
1114 2550 1120 2556 ·
1127 2551 1136 2568 ι
1143 2542 1303 2574 Ἀναϐάντες
1311 2544 1518 2578 κατασκέψασοε
1526 2545 1575 2580 τὴν
1582 2543 1840 2581 ΓατΚαὶλάνέῦησαν

1052 2588 1076 2614 oi
1102 2587 1200 2623 ἄνδρες
1228 2589 1274 2615 καὶ
1305 2589 1509 2624 κατεσκέψαντο
1535 2591 1584 2626 τὴν
1612 2590 1678 2623 Fat,
1708 2592 1756 2618 καὶ
1800 2591 1840 2618 ἁν-

1051 2631 1186 2667 έστρεψαν
1209 2633 1277 2668 πρὸς
1292 2628 1407 2669 Ἰησοῦν,
1429 2635 1475 2662 καὶ
1492 2633 1572 2661 εἶπαν
1594 2636 1662 2671 πρὸς
1683 2635 1775 2662 αὐτόν·
1797 2636 1840 2671 Μὴ

1049 2678 1218 2706 ἁναϐαινὲτω
1233 2681 1286 2711 πᾶς
1299 2681 1313 2706 ὁ
1328 2679 1402 2712 λαδςν
1420 2681 1477 2707 ἀλλ’
1488 2681 1554 2708 ὡσεὶ
1565 2682 1687 2717 δισχίλιοι
1702 2682 1719 2718 ἢ
1734 2683 1838 2718 τρισχί-

1047 2725 1099 2751 λιοι
1120 2725 1216 2761 ἄνδρες
1230 2726 1463 2762 ἀναδαινέτωσαν,
1480 2728 1527 2754 καὶ
1543 2729 1835 2764 ὲκπολιορκησάτωσαν

1048 2769 1097 2805 τὴν
1124 2770 1212 2798 πόλιν.
1234 2771 1280 2808 Μὴ
1300 2772 1442 2808 ἀναγάγῃς
1471 2775 1530 2800 ἐκεῖ
1559 2774 1604 2800 τὸν
1626 2774 1690 2801 λαὸν
1717 2774 1834 2801 ἅπαντα·

1047 2815 1132 2850 ὀλίγοι
1148 2817 1202 2853 γάρ
1225 2818 1286 2844 είσι.
1304 2819 1359 2846 Καὶ
1376 2819 1514 2855 ἀνέϐησαν
1532 2821 1589 2847 ἐκεῖ
1605 2820 1671 2847 ὡσεὶ
1695 2820 1835 2857 τρισχίλια
