1934 3042
76 170 127 198 365

453 169 497 197 DE
515 168 736 197 ADORATIONE
755 169 789 196 IN
809 168 943 196 SPIRI'I'U
963 168 1007 195 ΕΤ
1027 168 1210 196 VERITATE.
1233 168 1294 195 LIB.
1318 167 1347 195 ν.

1657 169 1708 198 διίϐ

78 229 186 263 ἄνδρες,
201 228 251 255 καὶ
267 226 369 262 ἔφυγον
381 227 435 255 ἀπὸ
457 227 604 263 προσώπου
626 226 730 263 ἀνδρῶν
746 225 807 260 Fat,
823 227 871 254 καὶ

933 226 992 254 :iter
1003 227 1055 254 tria
1069 226 1165 260 millia,
1181 230 1209 253 et
1217 226 1345 262 fugerunt
1358 234 1372 252 a
1393 225 1461 253 facie
1471 214 1596 254 viii-orum
1607 226 1666 257 Gai,
1684 231 1709 254 ct

77 274 247 301 ἀπέκτειναν
262 273 311 300 ἀπ’
333 273 424 301 αὐτῶν
445 273 541 309 ἄνδρες
565 272 615 299 Γατ
636 272 676 304 si;
695 273 876 308 τριακονταὲξ

76 319 189 355 ἄνδρας.
212 320 262 347 καὶ
282 319 448 352 κατεδεωξαν
464 319 563 350 αὐτοὺς
576 318 632 345 ἀπὸ
649 319 699 354 τῆς
710 318 807 354 πύλης,
825 318 873 346 καὶ

79 365 247 402 συνέτριψαν
258 366 358 397 αὐτοὺς
370 365 423 393 ἀπὸ
432 364 478 391 τοῦ
492 364 681 399 κοιταφεροίἷς⁵
694 364 740 391 καὶ
753 364 881 401 ἐπτοήθη,

78 411 95 446 ή
111 411 215 446 καρδία
232 410 281 438 τοῦ
305 411 382 442 λαοῦ,
402 410 448 437 καὶ
471 409 582 444 ἐγένετο
597 409 694 446 ὥσπερ
708 407 791 445 ὕδωρ.
811 419 821 436 ι
841 410 873 436 Οἱ

79 457 174 489 πόλεις
193 457 311 489 ἑλόντες,
324 456 371 483 καὶ
394 455 486 493 χώρας
509 455 744 492 καταδῃώσαντες,
770 456 817 482 καὶ
839 455 874 482 τὰ

79 503 213 539 ὠμότατα
232 503 288 530 τῶν
300 503 385 530 ἐθνῶν
398 502 520 538 ἀμογητὶ
534 502 706 538 νικήσαντες,
731 502 874 536 ἁκαταμα-

80 550 176 586 χὴτοις
192 550 422 585 περιτυγχάνουσι
441 550 497 580 τοῖς
519 548 573 576 ἀπὸ
592 548 643 584 τῆς
661 547 721 581 Γατ,
737 548 784 575 καὶ
799 547 875 583 μόλις

80 595 228 629 ἐσώζοντο,
247 596 295 622 καὶ
312 594 473 630 ἀπεχώρουν
487 595 539 622 οὐκ
552 594 676 629 ἀζήμιοι,
692 593 760 629 μηδὲ
772 593 836 628 ὃλην
846 593 875 619 ἐν

80 644 182 679 ἀρχαῖς
192 643 243 679 τὴν
257 642 313 669 τῶν
332 642 460 677 μαχίμων
481 640 584 676 πληθὺν
597 641 626 667 ἐν
640 640 732 671 ὅπλοις
745 637 814 666 εἶναι
832 639 877 666 θε-

80 690 236 725 λήσαντες,
263 688 499 723 εὐκαταγώνιστον
521 689 555 715 δι’
578 684 678 723 κομιδῇ
703 686 750 714 καὶ
776 686 876 721 ἀλιγοις

82 736 195 763 ἔσεσθαι
223 737 275 772 τὴν
299 736 375 762 πόλιν
396 731 544 772 διαρρήδην
574 734 801 770 ὁμολογήσαντες.
826 733 874 768 Μὴ

83 781 257 809 ἀναὼινέτω
276 782 341 816 γὰρ,
366 781 495 816 ἔφασκον,
518 780 573 811 πᾶς
599 780 613 806 ὁ
634 779 709 811 λαδς,
727 777 785 805 ἀλλ’
810 777 876 804 ὡσεὶ

85 826 215 861 δισχίλιοι
229 825 335 861 ἄνδρες.
348 825 420 861 Πρὸς
433 824 461 851 δέ
474 825 504 851 τὸ
515 825 646 860 ἀδόκητον
659 823 755 855 πάθος,
765 822 814 850 καὶ
825 822 876 856 τὴν

84 872 134 907 τῆς
142 871 252 903 ἐλπίδος
262 871 390 898 ἐπέκεινα
401 870 555 906 συμφορὰν,
567 870 669 906 βαρυθυ
674 869 808 904 μήσαντος
818 867 878 894 λιαν

923 273 1122 301 interfecerunt
1134 281 1168 301 ex
1180 273 1247 309 ipsis
1261 273 1314 300 viri
1325 272 1373 301 Gai
1385 273 1460 300 viros
1471 273 1581 301 circiter
1596 273 1708 309 triginta

923 323 985 353 sex;
999 319 1174 355 etpersecuti
1195 324 1258 347 sunt
1273 327 1321 347 eos
1334 328 1349 347 a
1363 324 1453 355 porta,
1473 323 1502 348 et
1517 320 1711 348 contriverunt

924 366 986 394 Illos
998 373 1015 393 a
1026 365 1125 393 declivi
1137 366 1214 394 loco:
1231 369 1258 392 et
1280 364 1452 400 pavefactum
1469 369 1511 393 est
1535 373 1584 393 cor
1603 365 1710 401 populi,
1730 386 1735 396 ,

923 411 1063 439 etfactum
1079 414 1121 438 est
1130 409 1326 445 velutaqua“.
1343 419 1351 435 ι
1368 409 1420 443 Qui
1431 409 1515 437 urbes
1530 414 1671 445 ceperant,
1679 417 1712 437 ac

925 457 1053 492 regiones
1060 455 1182 492 populati
1197 455 1277 492 ιω
1287 455 1437 488 fucrant,et
1443 456 1607 491 satvispimas
1617 462 1712 492 gentes

924 503 1001 530 nullo
1011 503 1122 538 negotio
1132 501 1266 535 vicerant,
1282 501 1309 528 in
1326 501 1452 529 homines
1463 501 1512 529 Gai
1527 507 1657 536 tanquam
1671 501 1713 529 in-

923 549 1012 577 victos
1026 549 1162 582 incidunt,
1189 548 1290 584 vixque
1307 548 1423 576 salutem
1444 551 1567 581 tuentur,
1585 555 1637 575 nec
1654 548 1713 575 sine

922 595 1030 630 jactura
1046 594 1203 627 discedunt,
1215 594 1263 630 qui
1281 594 1360 630 prius
1374 602 1410 621 ne
1426 593 1586 622 universum
1600 594 1714 629 quidem

924 645 1107 676 pugnatorum
1121 648 1265 668 numerum
1273 640 1301 667 in
1318 640 1402 667 armis
1411 647 1472 668 esse
1485 640 1638 672 voluerant,
1650 639 1715 674 qui-

925 692 979 723 que
991 686 1121 715 facillime
1131 687 1174 715 vel
1191 695 1206 714 a
1226 687 1322 722 paucis
1338 685 1490 722 expugnari
1511 693 1590 721 posse
1616 685 1714 712 urbem

925 737 1021 768 aperte
1045 733 1162 769 professi
1190 733 1309 761 fuerant.
1330 733 1370 761 Ne
1392 731 1474 760 simul
1503 731 1646 764 ascendat,
1670 731 1714 757 in-

926 779 1036 815 quiunt,
1053 780 1201 807 universus
1215 780 1349 815 populus,
1365 779 1413 807 sed
1435 779 1547 806 circiter
1559 777 1614 805 duo
1629 777 1716 805 millia

925 825 1060 852 virorum.
1073 825 1153 853 Hunc
1179 826 1350 862 inopinatum
1373 830 1468 852 casum
1493 825 1715 860 insperat'amque

927 870 1120 903 calamitatem,
1139 879 1201 899 cum
1217 871 1377 906 gravissime
1396 870 1482 898 ferret
1495 870 1589 904 Iesus,
1616 873 1644 897 et
1668 877 1718 897 ve-

83 917 133 945 τοῦ
156 915 258 953 Ἰησοῦ,
272 918 319 943 καὶ
333 917 564 953 περιρρηγνύντος
583 916 632 951 μὲν
646 916 696 951 τὴν
714 914 827 950 ἐσθῆτα,
840 913 882 949 τῷν

933 921 999 944 stem
1012 916 1192 951 discinderet,
1204 921 1232 945 et
1247 921 1311 945 ante
1328 917 1415 944 Deum
1427 916 1595 953 procideret,
1609 923 1641 943 ac
1650 915 1717 951 quid

84 965 113 991 δέ
126 964 188 999 Θεῷ
210 963 439 999 προσπὶπτοντος.
456 963 506 990 καὶ
524 962 551 988 τί
571 961 637 988 ποτέ
657 962 715 988 ἐστι
731 960 763 987 τὸ
783 960 882 996 χρῆμα

86 1008 319 1043 κατα-τεθηπότας,
344 1008 397 1043 ἔφη
419 1008 501 1039 Θεός·
521 1016 531 1033 ι
558 1006 704 1042 Ἀνάστηθι
716 1015 723 1022 ”
742 1006 785 1033 ἴνα
801 1005 827 1032 τι
845 1005 885 1032 σὺ

85 1055 160 1082 οὕτω
177 1054 386 1090 συμπέπτωκας
395 1053 441 1080 ἐπὶ
459 1053 606 1090 πρόσωπόν
619 1061 684 1085 σου;
703 1052 884 1088 Ἡμάρτηκενι

85 1103 100 1129 ὸ
109 1101 174 1133 λαδς
183 1101 232 1128 καὶ
240 1109 278 1127 πα
284 1100 349 1136 ρέὃη
360 1100 409 1136 τὴν
419 1099 552 1135 διαθήκην
561 1107 622 1135 μου,
632 1099 665 1135 ἢν
672 1098 802 1134 διεθέμην
812 1098 880 1134 πρὸς

86 1147 196 1180 αὐτοὺς,
211 1146 259 1173 καὶ
273 1145 422 1180 κλέψαντες
436 1145 490 1172 ἀπὸ
503 1145 549 1172 τοῦ
570 1144 741 1180 ἅναθέματος
755 1145 885 1172 ἐνέϐαλον

87 1194 128 1226 εἰς
141 1192 176 1219 τὰ
191 1192 276 1227 σκεύη
293 1192 393 1218 αὐτῶν.
407 1191 444 1218 Οὐ
462 1191 500 1227 μὴ
513 1191 644 1218 δύνωνται
658 1191 683 1218 οἱ
697 1191 750 1218 υἱοὶ
772 1190 880 1226 Ἰσραὴλ

88 1238 239 1273 ὑποστῆναι
263 1237 334 1264 κατὰ
351 1238 496 1273 πρόσωπον
512 1237 568 1264 τῶν
586 1237 692 1274 ἐχθρῶν
704 1237 811 1265 αὐτῶν
829 1238 879 1265 αὐ-

87 1284 155 1319 χένα
176 1283 390 1319 ἐπιστρέφουσιν
406 1282 498 1311 ἔναντι
513 1283 566 1310 τῶν
588 1283 693 1319 ἐχθρῶν
716 1283 814 1316 αὐτῶν,
839 1282 880 1310 ὃτι

88 1326 260 1361 ἐγενήθησαν
277 1325 412 1360 ἀνάθεμα,
435 1325 464 1352 οὺ
485 1325 633 1361 προσθήσω
654 1325 695 1352 ἔτι
720 1323 790 1352 εἶναι
820 1325 881 1360 μεθ’

89 1371 179 1406 ὑμῶν,
191 1370 240 1397 ἐὰν
255 1370 292 1406 μὴ
307 1370 423 1407 ἐξάρητε
437 1370 469 1397 τὸ
481 1371 606 1406 ἀνάθεμα
620 1370 650 1403 ἐξ
662 1370 739 1406 ὑμῶν
752 1371 851 1398 αὐτῶν.
867 1380 877 1397 ι

90 1417 313 1452 Παραδειχθέντα
324 1417 356 1452 δὴ
369 1417 415 1443 τδν
432 1417 520 1452 ’Δχαρ
535 1417 621 1452 ἤρετο
632 1417 683 1452 μιν
703 1416 816 1452 Ἰησοῦς,
835 1417 881 1443 λέ-

88 1471 147 1497 γων
157 1472 164 1478 ·
179 1472 190 1489 ι
213 1463 264 1495 Δὺς
277 1463 357 1496 δόξαν
371 1463 495 1498 σήμερον
512 1462 609 1498 Κυρίῳ
624 1461 663 1498 τῷ
675 1463 734 1498 Θεῷ
759 1463 879 1498 Ἰσραὴλ,

89 1509 138 1535 καὶ
163 1509 207 1541 δὸς
230 1509 280 1544 τὴν
299 1508 494 1544 ἐξομολόγησιν
518 1509 566 1536 καὶ
591 1508 755 1544 ἁνάγγειλον
785 1517 830 1544 μοι
854 1509 881 1536 τι

89 1556 232 1591 ἐποίησας.
258 1555 305 1584 καὶ
319 1555 357 1591 μὴ
376 1555 485 1592 κρύψῃς
506 1555 553 1582 ἀπ’
577 1555 655 1591 ἐμοῦ.
682 1555 832 1591 ’Δπεκρξθη
852 1555 881 1582 δὲ

930 963 1040 990 tandem
1067 971 1099 991 ea
1125 971 1168 991 res
1194 967 1267 991 esset
1299 963 1500 995 admiraretur,
1527 962 1597 990 dixit
1622 962 1717 990 Deus;

934 1009 1042 1044 «‘Surge
1055 1018 1062 1042 ;
1076 1017 1126 1036 cur
1136 1014 1166 1036 tu
1182 1010 1223 1037 sic
1237 1009 1382 1037 concidisti
1396 1009 1424 1036 in
1437 1009 1533 1036 faciem
1547 1007 1641 1037 tuam?
1652 1007 1720 1035 Pec—

930 1055 1001 1082 cavit
1013 1055 1141 1090 populus,
1167 1060 1195 1083 et
1212 1059 1398 1090 transgressus
1424 1059 1466 1082 est
1478 1058 1589 1090 pactum
1614 1060 1718 1086 meum,

928 1100 1006 1136 quod
1018 1109 1081 1129 cum
1096 1101 1151 1129 illis
1164 1102 1265 1138 pepigi,
1286 1105 1314 1129 et
1327 1102 1410 1129 furati
1431 1109 1465 1129 ex
1479 1101 1654 1129 anathemate
1664 1099 1719 1126 mi—

930 1151 1027 1174 serunt
1038 1147 1066 1174 in
1082 1155 1147 1175 vasa
1165 1155 1228 1175 sua.
1242 1147 1301 1174 Non
1312 1151 1443 1182 poterunt
1451 1147 1498 1174 lilii
1514 1146 1597 1175 Israel
1624 1145 1719 1173 subsi-

930 1197 1004 1220 stere
1018 1193 1200 1227 antevfaciem
1225 1193 1346 1220 hostium
1369 1201 1499 1225 suorum;
1525 1192 1661 1220 cervicem
1686 1198 1720 1219 ac

931 1243 1039 1274 tergum
1051 1242 1160 1266 vertent
1169 1238 1198 1265 in
1215 1243 1365 1274 conspectu
1378 1239 1500 1266 hostium
1513 1245 1638 1270 suorum,
1655 1237 1720 1272 quia

930 1282 997 1312 facti
1010 1289 1075 1312 sunt
1087 1284 1232 1312 anathema
1243 1293 1250 1311 :
1261 1292 1316 1312 non
1325 1284 1453 1320 adjiciam
1468 1284 1550 1316 ultra,
1564 1288 1595 1311 ut
1604 1284 1657 1311 sim
1668 1290 1719 1310 vo-

931 1331 1050 1365 biscum,
1061 1331 1115 1359 nisi
1131 1331 1302 1359 abstuleritis
1315 1331 1462 1359 anathema
1476 1338 1491 1358 ιι
1500 1330 1579 1358 vobis
1591 1330 1716 1365 ipsis‘h

931 1378 1028 1413 Igitur,
1060 1386 1123 1405 cum
1150 1378 1287 1405 indicatus
1313 1382 1387 1406 esset
1413 1377 1514 1410 Achar,
1542 1376 1721 1411 interrogavit

932 1430 996 1451 eum
1012 1423 1103 1456 Iesus,
1119 1424 1228 1452 dicens:
1249 1434 1257 1450 ι
1268 1424 1307 1452 Da
1319 1423 1433 1459 gloriam
1445 1422 1529 1451 hodie
1538 1422 1654 1450 Domino
1663 1422 1719 1449 Deo

932 1470 1026 1502 ISrael.
1047 1473 1075 1497 et
1098 1469 1132 1497 da
1151 1468 1364 1502 confessionem,
1390 1473 1419 1496 et
1442 1468 1542 1497 nuntia
1558 1467 1628 1495 mihi
1653 1468 1720 1503 quid

933 1516 1032 1549 fecisti,
1057 1520 1085 1543 et
1102 1522 1136 1543 ne
1161 1516 1314 1543 abscondas
1334 1523 1349 1542 a
1366 1522 1420 1542 me.
1452 1515 1606 1550 Respondit
1627 1518 1719 1542 autem

933 1561 1024 1589 Achar
1037 1561 1150 1594 Jesu,et
1163 1561 1249 1589 dixit:
1265 1561 1336 1589 Vere
1357 1561 1470 1596 peccavi
1487 1569 1580 1588 coram
1603 1560 1721 1588 Domino

92 1603 185 1637 ’Δχαρ
199 1602 238 1637 τῷ
254 1601 353 1636 Ἰησοῦ,
367 1602 414 1628 καὶ
429 1599 518 1629 εἶπεν·
540 1601 660 1636 Ἀληθῶς
670 1601 794 1637 ἥμαρτον
803 1602 875 1628 ἐνανι

934 1607 1017 1635 Israel
1029 1616 1037 1640 ;
1052 1607 1091 1635 sic
1102 1607 1175 1635 etsic
1186 1606 1315 1635 feci.Vidi
1328 1606 1400 1634 inter
1406 1606 1494 1641 spolia
1507 1606 1596 1642 psilen
1607 1605 1722 1638 variam.

90 1649 149 1676 τίον
162 1648 264 1684 Κυρίου
277 1648 345 1674 Θεοῦ
369 1648 489 1684 Ἰσραὴλ,
500 1647 587 1680 οὕτως
599 1649 645 1674 καὶ
656 1647 742 1679 οὕτως
753 1647 881 1683 ἐποίησα.

91 1692 171 1720 Εἶδον
188 1694 218 1720 ἐν
228 1693 261 1730 τῇ
278 1693 494 1729 προνομῇψιλὴν
511 1693 639 1729 ποικίλην
650 1693 697 1719 καὶ
711 1692 835 1719 διακόσια
844 1691 884 1719 δι-

91 1739 205 1775 δραχμα
221 1740 366 1775 ἀργυρίου,
383 1739 431 1766 καὶ
449 1739 575 1773 γλῶσσαν
591 1739 655 1775 μίαν
668 1738 772 1774 χρυσῆν
787 1738 884 1774 πεντήα

92 1795 178 1814 κοντα
192 1786 360 1821 διδράχμων,
372 1785 418 1811 καὶ
430 1785 595 1820 ἐνθυμηθεὶς
607 1784 697 1812 αὐτῶν
714 1783 821 1817 ἔλαϐον,
837 1784 884 1810 καὶ

94 1832 151 1859 ἰδοὺ
166 1831 322 1866 κέκρυπται
345 1831 432 1858 ταῦτα
453 1831 482 1858 ἐν
499 1832 531 1867 τῇ
551 1832 599 1866 γῇ,
620 1832 650 1857 ἐν
664 1832 697 1866 τῇ
715 1831 801 1866 σκηνῇ
821 1839 883 1865 μου,

93 1878 144 1905 καὶ
151 1877 182 1904 τὸ
191 1876 324 1913 ἀργύριον
337 1877 492 1912 κέκρυπται
502 1877 631 1904 ὑποκάτω
644 1876 744 1904 αὐτῶν.
763 1882 779 1903 γ
788 1873 885 1911 Suvqu

92 1924 134 1951 ὃτι
159 1924 206 1950 καὶ⁵
223 1923 337 1954 αὐτὸς-ἁ
353 1922 494 1957 κεκλοφὼς
523 1923 675 1959 ἑωρακέναι
698 1922 787 1958 φησὶν
804 1923 834 1949 ἐν
850 1923 884 1958 τῇ

94 1972 222 2006 προνομῇ
251 1969 338 2005 ψιλῆν
357 1969 496 2004 ποικὶλην,
523 1969 572 1996 καὶ
598 1968 723 1996 διακόσια
750 1966 886 2004 δῐδραχμα

93 2017 241 2054 ἀργυρίου,
267 2017 327 2044 καὶ.
339 2015 467 2051 γλῶσσαν
484 2015 589 2051 χρυσῆν
609 2016 778 2051 πεντήκοντα
797 2014 886 2050 διδρά-

93 2071 184 2099 χμων,
201 2062 387 2098 ἐνθυμηθῆναί
400 2070 430 2088 τε
443 2061 543 2094 αὐτῶν,
553 2061 701 2093 τουτέστιν,
714 2062 754 2093 εἰς
766 2060 892 2096 ἄθεσμον

94 2110 186 2138 αὐτῶν
197 2109 346 2144 ἐπιθυμίαν
355 2108 453 2136 ἐλθεῖν.
462 2104 517 2145 Τὴν
528 2108 576 2144 μὲν
590 2102 636 2136 οὖν
647 2108 738 2143 ψιλὴν,
755 2114 887 2144 στρατιω-

92 2157 174 2193 τικὴν
189 2157 291 2183 οἴονται
303 2156 409 2192 στολὴν,
419 2155 543 2191 χλαμύδα
554 2163 583 2181 τε
597 2152 665 2182 εἶναι
681 2163 747 2189 φασι
759 2153 888 2185 ποικίλως

94 2201 299 2237 ἐξυφασμένην·
310 2199 545 2237 στρατιωτικδν-δὲ
559 2199 589 2225 τὸ
604 2199 721 2235 ἔσοημα,
735 2199 782 2226 καῖ
793 2198 889 2225 πλεον‹

95 2250 170 2283 εξῑσς
200 2249 345 2285 σύμὸολον.
356 2247 545 2284 Παραπέφυκε
559 2247 614 2284 γὰρ
629 2247 739 2278 ἀεί-πως
751 2244 789 2282 τῷ
805 2251 888 2282 στρα-

934 1656 963 1680 et
977 1653 1110 1680 ducentos
1120 1653 1202 1681 siclos
1210 1652 1326 1688 argenti,
1337 1655 1364 1680 et
1376 1652 1498 1687 linguam
1513 1660 1596 1680 unam
1611 1660 1724 1680 auream

936 1700 1136 1736 quinquaginta
1148 1699 1291 1733 siclorum,
1302 1703 1329 1727 et
1342 1699 1465 1735 cogitans
1478 1699 1511 1727 de
1528 1699 1596 1735 ipsis
1607 1699 1701 1734 accepi
1715 1707 1723 1732 ;

935 1749 963 1773 et
975 1753 1040 1773 ecce
1059 1746 1192 1774 absconsa
1203 1750 1269 1773 sunt
1280 1745 1339 1773 haec
1361 1745 1389 1773 in
1403 1750 1477 1773 terra
1493 1745 1521 1772 in
1547 1744 1725 1772 tabernaculo

935 1799 1007 1824 meo,
1031 1796 1059 1820 et
1069 1796 1213 1828 argentum
1238 1792 1401 1819 absconsum
1415 1794 1457 1819 est
1472 1790 1524 1818 sub
1543 1791 1597 1818 illis
1608 1791 1641 1817 ".
1656 1800 1665 1816 ›
1679 1790 1725 1818 ln-

936 1838 1036 1873 telligis
1051 1846 1125 1871 eum,
1147 1838 1194 1874 qui
1207 1839 1311 1866 furtum
1333 1837 1446 1870 fecerat,
1468 1837 1560 1864 dicere
1579 1836 1682 1864 vidisse
1696 1843 1726 1864 se

936 1883 1009 1911 inter
1021 1883 1107 1918 spolia
1127 1884 1215 1918 psilen
1239 1884 1354 1917 variam,
1377 1887 1405 1911 et
1425 1883 1558 1911 ducentos
1578 1882 1659 1910 siclos
1680 1891 1726 1910 ar-

936 1930 1020 1966 genti,
1034 1934 1062 1957 et
1072 1930 1192 1965 linguam
1209 1937 1321 1958 auream
1332 1929 1530 1965 quinquaginta
1549 1928 1727 1956 didrachma-

937 1973 1008 2008 rum,
1021 1979 1050 2003 ct
1065 1976 1200 2011 cogitasse
1227 1975 1261 2002 de
1282 1975 1358 2011 ipsis,
1373 1975 1401 2002 id
1423 1979 1475 2008 est,
1493 1975 1527 2003 ad
1541 1983 1636 2003 eorum
1648 1973 1728 2002 nefa-

938 2021 1007 2047 riam
1020 2020 1199 2055 cupiditatem
1215 2020 1334 2047 venisse.
1349 2020 1441 2048 Psilen
1455 2019 1662 2056 igit‘ur'quidam
1674 2020 1728 2047 mi-
1765 2015 1769 2019 ’

938 2066 1046 2094 litarem
1065 2074 1126 2095 esse
1143 2066 1240 2094 stolam
1255 2069 1362 2101 putant,
1379 2070 1411 2094 et
1428 2065 1599 2102 chlamydem
1613 2073 1673 2093 esse
1685 2065 1728 2093 di-

937 2113 1088 2140 cuntvarie
1104 2115 1277 2140 contextam:
1289 2116 1430 2139 cstautem
1444 2120 1476 2140 ea
1490 2112 1576 2140 vestis
1591 2111 1728 2144 militaris.

939 2162 967 2186 c't
980 2158 1137 2194 iniquitatis
1152 2158 1318 2194 symbolum.
1337 2158 1452 2186 Insitum
1463 2162 1507 2186 est
1526 2166 1645 2194 namque
1658 2158 1731 2186 mili-

940 2204 992 2231 tari
1013 2204 1155 2232 hominum
1166 2205 1268 2241 gcneri,
1279 2204 1502 2232 utlibentissime
1515 2204 1568 2232 sibi
1585 2205 1729 2240 plusquam

940 2249 1183 2285 atquitas‘patitur,
1197 2249 1329 2278 vindicet.
1356 2247 1443 2278 Porro
1472 2248 1627 2287 splendoris
1648 2256 1730 2277 mun-

94 2296 222 2332 τευσίμῳ
235 2283 310 2329 γένει
329 2295 360 2321 τὸ
379 2283 417 2326 ὡς
438 2294 536 2329 ἥδιστα
555 2293 738 2319 πλεονεκτεῖν.
753 2288 844 2323 Τύπος
859 2290 882 2318 δέ

940 2283 1004 2322 dani
1019 2283 1105 2330 ﬁgura
1120 2299 1163 2323 est
1176 2299 1322 2331 argentum
1334 2305 1341 2329 ;
1351 2296 1445 2331 lingua
1457 2283 1523 2322 vero
1535 2295 1732 2331 suaviloquen-

94 2341 130 2370 αὖ
142 2342 334 2378 λαμπρότητος
349 2340 496 2376 κοσμικῆς,
512 2339 542 2367 τὺ
559 2339 690 2375 ἀργύριον
705 2347 712 2354 ο
733 2339 779 2366 καὶ
792 2338 889 2373 σοφίας

94 2389 147 2425 τῆς
164 2388 328 2424 Ἑλληνικῆς
349 2387 398 2422 τῆς
420 2385 565 2421 ἠδυεποῦς,
591 2385 608 2421 ἡ
631 2383 751 2419 γλῶσσα.
770 2384 889 2419 Τοιαύτη

94 2435 138 2467 τις
153 2436 214 2462 ἐστι
231 2434 279 2460 καὶ
292 2435 309 2469 ἡ
327 2433 382 2461 τῶν
401 2431 468 2467 παρ’
486 2430 600 2466 Ἕλλησι
619 2430 709 2465 σοφῶν
729 2429 840 2464 γλῶσσᾶ
859 2438 889 2456 τε

95 2483 144 2510 καὶ
155 2482 306 2514 παίδευσις,
318 2480 400 2508 οἱονεὶ
411 2478 499 2516 χρυσῆ
508 2488 538 2505 τε
550 2478 597 2505 καὶ
605 2477 789 2514 ἐντιμωτάτη,
802 2477 846 2504 διά
857 2485 889 2512 γε

94 2529 126 2556 τὺ
157 2529 187 2554 ἐν
207 2527 280 2561 λέξει
304 2526 462 2562 περιφανές.
498 2524 757 2559 Ἑκκεκαλυμμένης
780 2523 808 2550 δὲ
836 2521 888 2558 ἤδη

94 2576 146 2611 τῆς
160 2574 310 2610 ἁμαρτίας,
324 2573 430 2604 ποιναῖς
445 2571 567 2598 ὑπετίθει
579 2572 624 2598 τὸν
641 2571 730 2606 Ἀχαρ
742 2571 756 2596 ό
772 2569 887 2605 Ἰησοῦς,

94 2622 144 2658 οὐχ
160 2620 259 2649 ἐαυτὸν
271 2618 421 2655 ἤδικηκότα
438 2619 529 2654 μόνον,
543 2618 600 2645 ἀλλ’
613 2618 653 2650 εἰς
667 2617 730 2652 ὅλην
752 2615 802 2652 τὴν
824 2624 888 2642 συν-

95 2667 208 2703 αγωγὴν
222 2665 272 2702 τὴν
287 2666 319 2693 ἐκ
335 2664 383 2700 τῆς
403 2663 470 2696 ἰδίας
482 2663 619 2700 ἀκρατοῦς
633 2663 781 2699 ἐπιθυμίας
795 2662 885 2689 ἐκτεί-

95 2723 178 2742 ναντα
193 2711 308 2750 βλάϐην.
322 2710 376 2739 Καὶ
389 2711 460 2746 τάχα
472 2720 522 2737 που
536 2710 616 2738 τοῦτό
627 2711 685 2737 ἐστι
703 2709 733 2736 τὸ
744 2709 844 2746 ἄριστά
858 2717 887 2735 τε

95 2761 142 2788 καὶ
166 2759 261 2794 σαφῶς
280 2758 324 2785 διὰ
337 2758 386 2793 τῆς
402 2757 449 2784 τοῦ
470 2757 577 2784 Παύλου
604 2755 696 2791 φωνῆς
719 2755 786 2791 πρλς
813 2756 888 2790 ἡμᾶς

94 2806 242 2843 εἰρημένον
256 2813 262 2820 ·
281 2814 289 2830 ι
313 2803 445 2839 Ἐξὰρατε
456 2802 501 2829 τδν
515 2802 633 2838 πονηρὸν
647 2801 676 2834 ἐξ
691 2800 767 2837 ὑμῶν
780 2801 867 2828 αὐτῶν
879 2807 886 2814 '

132 2899 223 2929 “Jos.
239 2907 285 2926 vn.
298 2897 358 2925 2-5.
399 2897 420 2912 ⁸⁸
433 2896 500 2924 ibid.
519 2896 551 2923 IO
565 2903 640 2931 seqq.

680 2896 701 2911 σε
717 2895 784 2922 ibid.
801 2895 833 2923 ta
845 2902 920 2931 seqq.

941 2341 976 2369 tis
988 2340 1131 2376 gentilium
1144 2341 1286 2376 sapientiae
1311 2340 1429 2376 signum.
1448 2340 1590 2377 Ejusmodi
1603 2344 1646 2368 est
1659 2341 1731 2376 apud

940 2388 1083 2422 gentilium
1097 2387 1233 2423 sapientes
1244 2387 1337 2424 lingua
1347 2392 1375 2415 et
1391 2387 1520 2420 eruditio,
1539 2392 1667 2423 tanquam
1685 2395 1733 2414 au-

942 2441 998 2467 rea,
1012 2438 1040 2461 et
1055 2433 1083 2461 in
1091 2433 1189 2469 primis
1204 2433 1336 2468 pretiosa,
1350 2433 1423 2468 quod
1438 2433 1474 2460 ad
1495 2432 1627 2461 dictionis
1649 2429 1732 2460 clari-

941 2479 1026 2507 tatem
1054 2479 1184 2514 pertinet.
1201 2476 1282 2515 147
1298 2478 1414 2506 Peccato
1429 2483 1521 2507 autem
1534 2480 1590 2515 jam
1612 2478 1732 2511 detecto,

944 2533 1031 2561 preme
1042 2525 1148 2553 addixit
1159 2525 1249 2561 ipsum
1259 2524 1350 2553 Achar
1361 2524 1451 2558 Iesus,
1465 2524 1539 2560 quod
1561 2533 1617 2553 non
1654 2525 1683 2553 in
1704 2533 1734 2552 se

943 2571 1034 2607 ipsum
1051 2572 1143 2604 modo,
1153 2571 1199 2607 qui
1212 2570 1325 2599 sceleris
1352 2574 1450 2598 auctor
1465 2576 1536 2604 erat,
1561 2571 1609 2599 sed
1623 2571 1652 2599 in
1673 2571 1735 2599 uni-

944 2625 1051 2646 versam
1068 2617 1236 2654 Synagogam
1252 2616 1413 2653 perniciem,
1430 2624 1445 2645 e
1462 2624 1510 2644 sua
1525 2617 1669 2652 impotenti
1685 2625 1735 2645 cu-

943 2665 1057 2700 piditate
1071 2665 1232 2706 profectam,
1254 2664 1398 2692 attulisset.
1423 2663 1458 2690 Et
1471 2663 1524 2690 hoc
1534 2662 1602 2690 illud
1620 2667 1663 2691 est
1677 2663 1734 2692 for-

944 2715 1015 2738 tasse
1043 2711 1116 2745 quod
1130 2711 1232 2746 optime
1245 2719 1276 2739 ac
1295 2709 1498 2745 sapientissime
1511 2713 1553 2737 est
1568 2709 1649 2736 nobis
1658 2709 1736 2738 Pauli

942 2765 1009 2784 voce
1022 2757 1141 2784 dictum:
1167 2757 1299 2785 «Auferte
1332 2756 1434 2784 malum
1449 2763 1464 2783 a
1488 2755 1565 2784 vobis
1576 2754 1660 2790 ipsis:
1675 2763 1735 2783 mo-

943 2802 1034 2830 dicum
1062 2803 1227 2831 fermentum
1248 2807 1334 2832 totam
1357 2810 1475 2831 massam
1499 2801 1651 2838 corrumpit
1673 2799 1707 2829 "’.
1721 2807 1731 2825 »

961 2896 983 2911 ⁸⁷
999 2896 1009 2923 Ι
1024 2894 1086 2923 Cor.
1100 2904 1125 2928 v,
1139 2896 1164 2923 I3.
