1934 3042
206 158 256 186 337

698 157 724 185 S.
743 157 880 186 CYRILLl
901 158 1138 187 ALEXANDRINI
1159 158 1317 189 ARCHIE‘P.

1779 162 1833 191 368

207 220 302 248 Nonne
329 219 405 253 igitu.
424 221 465 246 est
489 217 537 244 tibi
561 222 656 252 aperte
684 217 902 247 demonstratum
932 219 989 254 pri-

1047 220 1133 256 μικρὰ
1147 219 1219 256 ζύμη
1240 220 1299 248 ὅλον
1315 219 1344 246 τὸ
1364 218 1476 255 φύραμα
1500 218 1590 255 ζυμοῖ.
1610 227 1619 245 ι
1635 217 1709 255 ’Ἀρά
1729 228 1772 246 σοι
1789 220 1834 246 δὲ-

207 271 281 291 mum
294 262 404 298 quidem
423 262 450 289 in
464 262 614 295 Abraham,
631 263 734 290 sanctis
756 263 824 291 viris
849 263 918 291 nihil
941 260 992 291 ob-

164 333 171 337 .
205 316 266 336 esse
281 307 353 335 illam
377 316 411 335 ex
430 307 593 335 fortitudine
617 308 743 344 gloriam,
756 316 788 336 ac
813 308 892 337 facile
907 317 941 336 ex
961 317 993 336 ea

206 353 294 388 sequi,
309 356 337 379 ut
351 360 507 388 expugnare
521 353 615 380 hostes
625 353 742 388 possint.
758 354 781 381 si
800 354 868 382 nihil
879 354 994 382 munda-

206 406 271 425 num
285 405 409 432 quatrcre
421 398 576 432 voluerim;
603 398 702 426 deinde
725 399 752 426 in
772 400 862 429 Achar
887 408 944 428 rem
964 400 993 427 in

204 443 373 470 contrarium
393 443 569 478 processisse,
597 451 660 472 cum
677 444 700 471 is
720 452 737 471 e
756 448 830 471 recta
845 444 888 472 via
906 444 992 472 dec'li-

204 492 306 520 nasset,
324 492 350 516 et
365 482 406 516 alr
422 496 454 516 ea
480 496 540 523 qua:
562 489 590 515 in
614 488 718 516 mundo
755 493 818 516 sunt
840 497 993 525 propensus

205 534 324 562 fuisset?

240 581 337 608 PALL.
352 581 467 610 Maxime
485 589 551 610 vero
568 592 574 616 ;
590 581 703 611 evidens
721 590 840 618 namque
850 583 902 611 fuit
927 591 990 612 ora-

203 627 252 655 tio.
966 647 968 650 ,

238 671 317 700 CYR.
327 672 461 708 Oportere
473 678 564 703 autem
579 680 688 703 sanctos
695 675 769 703 viros
780 675 882 710 ubique
888 674 992 710 simpli-

203 724 249 745 eos
273 718 397 745 moribus
418 718 517 751 vioeri,
541 727 595 746 non
615 719 642 746 in
666 720 801 748 sententia
818 729 915 756 parum
939 721 991 749 sibi

203 767 340 797 constare;
356 763 384 790 id
396 770 461 791 \ero
474 764 586 799 planum
601 763 656 797 fiet,
672 773 705 793 cx
718 773 750 794 eo
763 766 836 801 quod
844 767 888 794 lex
898 772 991 802 aperte

203 808 271 836 dicit
287 818 292 835 :
309 819 318 835 ι
333 809 392 837 Non
409 814 491 838 erunt
507 818 570 838 vasa
586 811 638 838 viri
660 819 742 847 super
757 811 882 845 muliere,
901 820 990 848 neque

203 862 300 882 rursus
311 855 354 882 vir
368 855 498 883 induetur
511 856 578 884 stola
599 857 727 884 muliebri
745 878 752 889 ,
776 858 906 892 quoniam
926 858 991 886 abo-

1043 265 1262 300 δεικταισαφῶς,
1276 266 1305 292 ἐν
1325 265 1375 300 μὲν
1394 264 1431 300 τῷ
1452 263 1551 300 πρώτῳ
1578 263 1617 299 τῷ
1636 263 1772 300 Ἀϐραὰμ,
1794 265 1835 296 ὡς

1042 310 1193 347 ἀπήμαντα
1211 311 1260 346 μὲν
1275 312 1332 343 τοῖς
1347 311 1434 344 ἁγίοις
1448 309 1569 346 διαμένει
1582 309 1617 336 τὰ
1629 310 1668 342 είς
1679 310 1766 346 ἀλκὴν
1782 310 1835 336 αὐ-

1043 357 1169 393 χήματα·
1190 357 1287 392 ἕψηται
1309 357 1338 384 δὲ
1350 357 1447 392 ῥᾳδίως
1464 356 1494 382 τὸ
1507 355 1667 390 δεδυνῆσθαι
1686 355 1835 383 καταθλεῖν

1042 402 1095 429 τῶν
1105 403 1219 439 ἐχθρῶν,
1229 404 1253 430 εί
1265 403 1349 439 μηδὲν
1362 403 1464 429 ἕλοιντο
1473 402 1526 429 τῶν
1538 403 1592 428 duo
1606 402 1708 438 κόσμου
1721 401 1815 437 ζητεῖν
1825 408 1834 415 ·

1043 448 1071 475 ἐν
1080 448 1108 475 δέ
1122 457 1153 482 γε
1163 448 1203 484 τῷ
1223 449 1323 484 Ἄχαρ,
1336 448 1376 480 εἰς
1385 448 1415 475 τὸ
1425 447 1530 480 τούτοις
1541 447 1659 476 ἐναντίον
1672 448 1833 483 ἐκκεχωρη-

1041 494 1108 521 κότα
1129 494 1164 520 τὰ
1181 495 1343 530 πράγματα,
1365 493 1544 521 ἀποκλίναντι
1562 495 1612 529 τῆς
1638 493 1756 526 εὐθείας,
1785 493 1833 518 καὶ

1043 541 1179 568 νενευκότι
1196 541 1263 577 πρὸς
1273 541 1306 568 τὰ
1316 542 1346 568 ἐν
1359 541 1470 576 uocum;

1077 588 1271 615 llAAAJIdw
1287 588 1336 623 μὲν
1355 585 1401 615 οὖν
1411 596 1419 604 ·
1434 587 1522 623 σαφὴς
1541 586 1596 623 γὰρ
1607 587 1621 614 ὁ
1632 586 1723 621 λόγος.

1080 678 1163 706 ΚΥΡ,
1186 678 1249 705 ’Ότι
1261 678 1289 705 δὲ
1307 678 1358 715 χρὴ
1371 679 1434 711 τοὺς
1447 678 1547 712 -ἁγίους
1561 678 1683 713 πανταχῆ
1699 677 1832 713 μονοτρό-

1043 730 1109 755 πους
1123 723 1249 758 ὁρᾶσθαι,
1265 723 1312 750 καὶ
1325 723 1373 758 οὐχ
1390 724 1434 750 ὲτε
1440 722 1624 758 ρογνώμονας,
1642 722 1724 757 σαφὲς
1736 721 1770 748 ἂν
1782 722 1830 755 γέ-

1041 777 1121 801 νοιτο,
1133 768 1179 795 τοῦ
1189 769 1271 804 νόμου
1282 769 1405 803 λέγοντος
1416 768 1536 804 ἐναργῶς
1548 776 1556 784 ⁸
1571 777 1580 794 ι
1590 769 1646 795 Οὐκ
1655 768 1730 795 ἔσται
1744 767 1829 802 σκεύη

1041 813 1136 850 ἀνδρὸς
1151 814 1196 840 ἐπὶ
1209 813 1329 848 γυναικὶ,
1345 814 1405 841 οὐδὲ
1423 814 1459 849 μὴ
1485 813 1628 848 ἐνδύσηται
1646 812 1718 848 ἀνὴρ
1732 811 1831 847 στολὴν

1043 858 1211 893 γυναικείαν,
1221 859 1262 886 ὅτι
1275 859 1413 894 βδέλυγμα
1428 860 1501 886 ἐστιν
1515 858 1631 886 ἐνώπιον
1657 858 1761 894 Κυρίου
1775 859 1831 890 πᾶς

203 900 317 928 minatio
332 901 414 929 estin
435 906 584 938 conspectu
607 902 715 930 Domini
744 904 868 939 quisquis
885 904 937 931 hoc
948 903 988 932 fe-

1047 903 1055 929 5
1071 903 1156 930 ποιῶν
1167 903 1264 930 ταῦτα.
1281 913 1289 928 ι
1304 903 1446 938 Βδέλυγμα
1460 903 1513 939 γὰρ
1522 905 1551 930 ὲν
1562 903 1611 938 ἴσῳ
1623 902 1698 938 παρὰ
1708 902 1769 938 Θεῷ
1783 903 1832 929 καὶ

202 947 271 974 cerit
286 947 307 962 "‘
323 957 329 974 :
351 957 361 974 ι
379 955 441 974 nam
455 956 532 983 atque
552 948 727 976 abominatur
736 950 808 978 Deus
819 958 851 978 ac
867 950 991 985 turpissi-

202 1000 278 1020 mum
294 994 566 1029 spectaculumputat
583 998 639 1023 tum
653 995 823 1023 fortitudinis
833 996 989 1031 opinionem

202 1039 229 1066 in
249 1040 323 1068 molli
346 1040 411 1072 vita,
432 1040 485 1067 hoc
502 1040 576 1068 enim
603 1045 654 1073 est,
675 1049 734 1068 esse
753 1049 818 1069 vasa
839 1041 891 1068 viri
908 1049 991 1077 super

202 1085 334 1117 muliere;
352 1090 409 1112 tum
424 1086 450 1112 in
466 1085 528 1114 forti
538 1087 602 1113 viro.
611 1087 699 1114 mollis
712 1088 796 1115 animi
811 1088 988 1124 languorem;

201 1130 227 1157 id
241 1131 313 1158 enim
330 1131 442 1166 perinde
465 1135 507 1159 est
521 1140 551 1159 ac
566 1132 588 1159 si
607 1132 734 1160 muliebri
754 1133 825 1161 stola
833 1133 875 1160 vir
892 1133 989 1161 indua-

203 1181 257 1203 llll‘.

236 1223 334 1250 l’ALL.
353 1223 439 1256 Quale
453 1224 525 1251 istud
543 1230 585 1252 est
614 1225 688 1260 quod
707 1225 769 1252 ais?

235 1270 313 1297 CYR.
333 1270 429 1297 Nonne
449 1275 477 1298 et
495 1271 566 1306 apud
588 1271 675 1299 Deum
701 1275 729 1298 et
759 1270 831 1306 apud
865 1270 991 1298 homines

201 1324 283 1352 prava
306 1321 387 1351 atque
408 1317 530 1352 improba
548 1326 592 1346 res
611 1323 653 1346 est
667 1318 839 1354 hypocrisis?

237 1362 334 1390 PALL.
348 1362 449 1390 Verum
471 1366 522 1390 est.

235 1407 314 1434 CYR.
329 1406 400 1434 Num
423 1408 517 1443 igitur,
536 1409 558 1435 si
573 1409 635 1443 quis
650 1408 822 1443 voluptarius
846 1408 929 1436 fuerit
962 1411 990 1435 et

202 1455 399 1488 intemperans,
415 1457 443 1480 et
458 1461 491 1480 ex
507 1453 573 1488 ipsis
591 1454 649 1481 suis
659 1453 738 1481 factis
756 1453 817 1481 talis
828 1460 887 1480 esse
910 1460 989 1480 coar-

201 1504 320 1534 guatur;
335 1498 435 1526 deinde
447 1499 590 1526 confictam
608 1499 753 1534 probitatis
770 1498 927 1534 opinionem
937 1497 989 1526 sibi

200 1551 359 1579 comparare
381 1543 504 1577 studeat,
522 1544 595 1572 hunc
615 1545 765 1577 hominem,
789 1543 902 1575 Palladi,
924 1550 998 1580 pro-I

202 1590 271 1617 bes?

236 1633 335 1661 PALL.
351 1634 462 1662 Minime
477 1634 615 1669 equidem.

235 1679 313 1708 ΟΥΕ.
330 1680 389 1708 Jam
401 1688 464 1708 vero
481 1684 662 1715 temperatum
685 1688 778 1708 revera
801 1681 939 1708 hominem
961 1684 989 1709 et

202 1728 358 1759 honestum,
371 1734 462 1754 nonne
481 1726 509 1753 in
526 1726 621 1754 eadem
646 1726 782 1754 sententia
800 1726 918 1759 firmum,
939 1734 990 1754 nec

201 1773 339 1801 diversum
367 1772 402 1800 ab
425 1780 458 1800 eo
486 1773 558 1808 quod
572 1777 623 1806 est,
640 1772 756 1808 spectari
783 1778 911 1808 oportere
923 1781 989 1800 cen-

201 1819 265 1845 ses?

236 1862 336 1890 PALL.
349 1863 458 1891 Fateor.

235 1908 313 1937 CYR.
328 1909 368 1937 Ne
382 1910 467 1945 igitur.
479 1916 600 1944 unquam
620 1909 727 1936 solutus
739 1909 918 1944 quorumdam
938 1909 989 1936 ho—

201 1957 305 1983 minum
322 1959 350 1983 et
361 1956 451 1984 mollis
472 1955 556 1984 animi
578 1963 676 1983 sensus
697 1954 866 1982 fortitudinis
884 1954 991 1990 opinio-

169 2019 177 2026 .
201 2009 264 2029 nem
287 2001 402 2043 subeat;
421 2002 473 2030 hoc
493 2002 567 2029 enim
580 2005 622 2029 est
638 2010 644 2028 :
662 2001 701 2028 Ne
723 2001 758 2028 sit
773 2009 819 2029 vas
838 2001 889 2028 viri
907 2009 990 2036 super

201 2047 344 2075 mulierem
356 2057 362 2074 :
374 2056 463 2083 neque
478 2055 575 2075 rursus
589 2047 634 2075 ille
645 2055 739 2074 revera
755 2047 832 2074 fortis
848 2047 990 2074 mollitiem

200 2098 322 2130 quarat;
336 2093 388 2122 hoc
400 2102 516 2129 namque
529 2097 571 2122 est
584 2092 705 2120 vicissim
721 2101 727 2119 ι
747 2092 785 2120 Ne
804 2091 845 2119 vir
861 2092 991 2120 induatur

201 2138 270 2166 stola
289 2138 416 2166 muliebri
431 2148 436 2164 :
454 2143 496 2165 est
507 2138 582 2164 enim
597 2145 646 2172 par
664 2137 691 2163 in
705 2141 819 2171 utraque
833 2144 861 2164 re
881 2136 989 2169 vitium,

201 2191 287 2220 eaque
303 2183 418 2212 crimina
427 2183 544 2210 similem
560 2182 688 2218 injuriam
706 2181 799 2209 virtuti
817 2181 930 2208 faciunt.

1043 948 1242 976 ἁκαλλὲστατον
1258 949 1359 984 θέαμα,
1369 949 1559 984 γενναιότητος
1574 948 1706 984 ὑπόληψις
1719 949 1766 975 ἐπὶ
1775 957 1832 984 μα-

1042 994 1183 1030 λακισμοῖς
1193 1004 1199 1011 ·
1212 995 1293 1022 τοῦτο
1311 996 1365 1031 γάρ
1376 995 1434 1022 ἐστι
1445 996 1474 1022 τδ
1487 994 1556 1023 εἷναι
1575 995 1659 1030 σκεύη
1674 994 1769 1030 ἀνδρὸς
1782 995 1831 1021 ἐπὶ

1042 1041 1150 1076 γυναικί
1165 1049 1172 1056 ·
1186 1042 1234 1068 καὶ
1251 1041 1281 1068 τὸ
1293 1043 1380 1068 νοσεῖν
1394 1043 1422 1068 ἑν
1435 1041 1571 1076 ἀνδρείαις
1584 1041 1629 1068 τὸν
1643 1039 1828 1076 μαλακισμόν·

1042 1088 1120 1115 τοῦτο
1134 1088 1188 1124 γὰρ
1209 1088 1309 1124 ὁμοίως
1328 1088 1357 1115 τὸ
1378 1088 1538 1115 ἐνδύσασθαι
1558 1087 1603 1115 τὸν
1622 1087 1707 1122 ἄνδρα
1731 1086 1829 1121 στολὴν

1041 1134 1211 1168 γυναικείαν.

1076 1224 1180 1251 ΠΑᾹΔ.
1202 1221 1264 1251 Οἷον
1275 1223 1307 1259 δὴ
1323 1224 1349 1251 τί
1362 1225 1432 1260 φής

1076 1270 1158 1296 ΚΥΡ.
1174 1270 1211 1296 Οὐ
1221 1270 1315 1306 χρῆμα
1328 1270 1445 1305 πονηρὸν
1457 1270 1504 1296 καὶ
1517 1269 1645 1305 ἀδόκιμον
1654 1269 1671 1304 ἡ
1684 1268 1830 1304 ὑπόκρισις

1042 1316 1117 1352 παρά
1131 1325 1160 1343 τε
1177 1317 1236 1350 Θεῷ
1247 1317 1294 1343 καὶ
1305 1316 1458 1352 ἀνθρώποις
1469 1325 1476 1350 ;

1076 1361 1181 1390 ΠΛΛΛ.
1207 1363 1328 1398 Ἀληθές.

1076 1407 1157 1435 ΚΥΡ.
1176 1408 1236 1443 Ἆρ’
1251 1406 1297 1435 οὖν
1310 1409 1337 1435 εῐ
1354 1417 1397 1440 τις
1414 1409 1456 1443 εἴη
1475 1408 1612 1443 φιλήδονος
1634 1409 1680 1435 καὶ
1693 1408 1831 1444 ἀκρατὴς,

1041 1452 1087 1478 καὶ
1100 1452 1130 1485 ἐξ
1137 1453 1228 1479 αὐτῶν
1238 1453 1378 1489 ἐλέγχοιτο
1391 1453 1445 1480 τῶν
1456 1454 1614 1489 δρωμένων,
1629 1453 1666 1485 ὼς
1675 1454 1733 1480 ἔστι
1744 1454 1831 1480 τοιοῦο

1040 1507 1097 1530 τος,
1121 1496 1181 1525 εἶτα
1205 1499 1255 1535 τῆς
1280 1500 1432 1532 ἐπιεικείας
1453 1500 1642 1527 κατάπλαστον
1673 1500 1715 1534 ἐφ’
1740 1499 1831 1534 ἑαυτῷ

1043 1545 1144 1571 ποιοῖτο
1158 1544 1207 1579 τὴν
1220 1544 1312 1577 δόξαν,
1327 1545 1484 1577 ὲπαινὲσαις
1498 1545 1531 1572 ἂν
1542 1545 1587 1571 τόν
1597 1553 1627 1579 γε
1643 1544 1765 1571 τοιοῦτον
1779 1544 1829 1571 αὑ-

1040 1588 1095 1622 τδς,
1109 1585 1132 1616 ὦ
1144 1589 1292 1624 Παλλάδιε;

1075 1634 1180 1661 ΠΑΛΛ.
1199 1635 1236 1661 Οὐ
1250 1635 1301 1670 μὲν
1316 1633 1371 1662 οὗν.

1075 1680 1158 1708 ΚΥΡ.
1171 1680 1203 1707 Τί
1217 1681 1246 1707 δὲ
1256 1681 1288 1717 δὴ
1302 1682 1348 1708 τὸν
1358 1680 1466 1717 ἀληθῶς
1478 1682 1591 1717 κόσμιον
1601 1683 1647 1709 καὶ
1658 1683 1829 1719 εὐσχήμονα,

1039 1726 1088 1753 οὐχ
1104 1727 1184 1762 οίήσῃ
1205 1726 1259 1753 δεῖν
1279 1727 1308 1753 ὲν
1330 1727 1475 1762 ταυτότητι
1493 1727 1605 1764 γνώμης
1620 1729 1828 1764 ὲρηρεισμένον,

1040 1772 1089 1808 οὐχ
1100 1771 1192 1807 ἔτερόν
1204 1780 1230 1799 τι
1252 1773 1314 1808 παρ’
1329 1773 1397 1809 ὅπερ
1413 1773 1472 1800 ἐστὶ
1486 1773 1664 1808 γινώσκεσθαι
1676 1784 1683 1808 ;

1075 1861 1179 1889 ηΑΑΑ.
1193 1861 1275 1897 Φημί.

1076 1907 1158 1934 ΚΥΡ.
1173 1906 1277 1934 οὐκοῦν
1293 1907 1396 1942 μήποτε
1413 1907 1443 1934 τὸ
1456 1907 1608 1945 εὖθρνπτόν
1622 1918 1652 1936 τε
1664 1911 1711 1937 καὶ
1724 1911 1829 1947 μαλθα-

1041 1951 1088 1979 κὸν
1109 1951 1237 1987 φρόνημά
1252 1961 1343 1984 τινων,
1364 1953 1414 1988 τὴν
1431 1953 1481 1988 τῆς
1504 1954 1631 1989 ἀνδρείας
1654 1955 1829 1992 ὑποτρεχέτω

1041 1996 1136 2030 δόξανο
1151 1997 1230 2024 τοῦτο
1253 1998 1306 2032 γὰρ
1329 1997 1440 2030 τδ,οὺκ
1455 1998 1532 2025 ἔσται
1559 1999 1642 2035 σκεύη
1663 2000 1761 2036 ἀνδρὸς
1781 2001 1828 2027 ἐπὶ

1041 2041 1150 2076 γυναικί
1165 2050 1172 2057 ·
1191 2042 1259 2078 μήτε
1277 2041 1330 2078 μὴν
1345 2042 1376 2068 τὸ
1392 2042 1499 2078 ἀληθῶς
1520 2043 1645 2076 εὐσθενὲς
1660 2043 1778 2080 ζητείτω
1797 2046 1828 2071 το

1044 2087 1180 2123 μαλθακόν
1192 2095 1199 2102 ·
1218 2087 1296 2114 τοῦτο
1316 2088 1370 2123 γὰρ
1393 2088 1474 2115 πάλιν
1496 2088 1545 2122 τὸ,
1564 2089 1601 2115 Οὐ
1621 2089 1658 2125 μὴ
1683 2089 1828 2125 ἐνδύσηται

1042 2133 1111 2169 ἀνὴρ
1126 2133 1220 2169 στολὴν
1236 2134 1405 2168 γυναικείαν.
1424 2135 1482 2170 Ἱση
1500 2134 1553 2170 γὰρ
1570 2134 1662 2171 ὥσπερ
1683 2135 1712 2162 ἐν
1727 2136 1828 2171 ἀμφοῖν

1041 2180 1059 2215 ἡ
1079 2179 1223 2215 φαυλότης,
1238 2180 1285 2206 καὶ
1305 2180 1383 2216 ὕϐρις
1400 2180 1439 2211 είς
1456 2180 1557 2216 ἀρετὴν
1573 2180 1607 2208 τὰ
1621 2181 1791 2216 ἐγκλήματα.

238 2229 319 2266 148
343 2228 442 2257 PALL.
473 2228 630 2256 Periculosa
660 2235 704 2255 res
733 2232 785 2260 est,
811 2231 841 2254 ut
859 2227 988 2261 videtur,

1077 2226 1181 2253 IIAAA.
1192 2226 1337 2261 Σφαλερδν,
1349 2226 1386 2258 ὡς
1395 2225 1492 2260 ἔοικεν,
1501 2227 1516 2254 ὁ
1530 2226 1727 2263 μαλθακισμὸς,
1741 2228 1828 2255 καὶτὸ

203 2275 332 2303 mollities
352 2275 448 2307 animi,
472 2282 560 2309 neque
587 2282 651 2301 vero
675 2282 762 2309 poenae
778 2281 884 2308 expers.

236 2321 315 2349 CYR.
329 2321 402 2348 Nihil
428 2321 541 2347 omnino
556 2319 676 2347 dubites.
695 2319 884 2352 Aversandum
903 2319 931 2347 id
950 2323 992 2346 est

201 2368 276 2396 enim
296 2374 372 2400 sane,
386 2370 414 2394 et
438 2374 550 2393 exosum
563 2366 620 2393 Deo
640 2365 747 2393 vitium.
765 2365 857 2400 Itaque
871 2373 886 2392 e
907 2365 992 2392 sacris

201 2414 284 2442 etiam
305 2412 457 2447 legionibus
483 2412 615 2447 rejicitur,
636 2411 683 2447 qui
703 2410 892 2446 hujuscemodi
922 2410 992 2438 forte

202 2459 365 2487 criminibus
380 2461 488 2484 tenetur
501 2466 508 2488 ;
521 2464 590 2492 opus
607 2456 679 2484 enim
698 2464 758 2484 esse
775 2463 884 2487 censeo,
900 2460 928 2482 ut
947 2454 990 2482 ille

202 2512 298 2531 revera
314 2503 392 2531 fortis
414 2510 445 2530 ac
468 2506 596 2530 strenuus
613 2510 748 2537 nusquam
770 2501 891 2528 animum
911 2508 990 2527 suum

203 2557 252 2585 per
268 2549 402 2576 incuriam
417 2547 504 2583 frangi
522 2548 652 2583 patiatur,
672 2547 720 2576 sed
730 2555 793 2574 eum
811 2554 825 2573 a
846 2545 991 2573 formidine

203 2601 286 2631 atque
306 2595 481 2622 cunctatione
507 2594 581 2621 omni
611 2593 730 2621 liberum
760 2597 866 2625 servet;
890 2599 921 2619 ac
940 2591 992 2619 fide

204 2640 323 2676 perfecte
335 2641 424 2672 nixus,
440 2640 530 2667 dicat:
546 2649 555 2665 ‹
572 2639 669 2666 Omnia
678 2646 788 2674 possum
803 2638 830 2665 in
845 2645 878 2665 eo
892 2637 938 2672 qui
950 2645 992 2664 me

204 2686 340 2714 confortat
351 2686 460 2714 Christo
471 2686 494 2702 ⁸⁸³
507 2695 513 2712 :
525 2695 533 2710 ι
551 2689 700 2719 caveatque
723 2692 758 2712 ne
771 2688 878 2711 terrena
899 2691 992 2718 sapere

204 2731 270 2761 velit
279 2752 286 2763 ,
302 2735 396 2767 utpote
409 2738 473 2758 cum
485 2737 517 2756 ea
532 2737 577 2756 res
587 2728 737 2764 perniciem
749 2727 830 2755 nobis
843 2727 950 2759 atterat,
965 2730 994 2754 et

206 2777 277 2814 apud
289 2778 374 2806 Deum
389 2777 528 2812 improbos
543 2783 604 2803 esse
616 2775 794 2802 demonstret.
817 2773 910 2809 Itaque
929 2781 992 2800 rur-

235 2870 257 2886 “
273 2870 351 2900 Deut.
373 2876 437 2903 xw,
460 2868 485 2895 5.
525 2868 545 2883 ε’
563 2866 680 2901 Philipp.
702 2873 738 2897 iv,
758 2864 800 2891 l5.

1043 2271 1139 2307 χρῆμά
1153 2272 1226 2299 ἐστιν
1242 2272 1293 2298 οὑκ
1312 2271 1438 2308 ἀζήμιον.

1078 2316 1160 2344 ΚΥΡ.
1176 2317 1222 2352 Μὴ
1249 2317 1304 2353 γὰρ
1326 2318 1465 2354 ὲνδοιάσῃς
1491 2318 1570 2350 ὅλως.
1596 2318 1762 2355 ’Δπόὸλητον
1776 2319 1829 2355 γὰρ

1043 2362 1151 2397 κομιδῇ,
1167 2362 1213 2388 καὶ
1233 2361 1358 2397 Θεομισὲς
1379 2363 1409 2389 τὸ
1421 2361 1506 2394 πάθος
1519 2371 1526 2377 ·
1550 2362 1687 2398 τοιγάρτοι
1709 2363 1757 2389 καὶ
1776 2363 1830 2389 τῶν

1043 2405 1123 2442 ἱερῶν
1139 2405 1310 2441 ἐκπέμπεται
1326 2406 1483 2441 καταλόγων
1506 2407 1520 2433 ὁ
1544 2408 1600 2439 τοῖς
1619 2407 1730 2434 τοιοῖσδε
1749 2407 1830 2442 τυχὸν

1044 2452 1212 2488 ἐγκλήμασιν
1231 2452 1398 2487 ἐνεχόμενος.
1418 2452 1524 2488 Χρῆναι
1536 2454 1590 2489 γὰρ
1601 2452 1687 2488 ἔγωγέ
1701 2461 1772 2488 φημι
1785 2453 1830 2480 τόν

1045 2505 1078 2532 γε
1092 2497 1201 2533 ἀληθῶς
1209 2497 1323 2533 εὐσθενῆ
1338 2507 1367 2524 τε
1385 2499 1433 2526 καὶ
1446 2499 1645 2533 γενναιότατον,
1658 2498 1771 2534 μηδαμῆ
1786 2499 1831 2525 τὸν

1045 2544 1145 2570 οίκεῖον
1162 2543 1376 2579 περιθραύεσθαι
1392 2543 1456 2571 νοῦν
1473 2544 1647 2580 ἁμελετήτως
1666 2545 1724 2579 ὲᾷν,
1737 2544 1832 2579 δεῖμα-

1044 2597 1090 2620 τος
1104 2589 1132 2615 δὲ
1143 2589 1191 2616 καὶ
1203 2589 1284 2616 ὗκνου
1301 2590 1401 2622 παντὸς
1416 2590 1546 2626 ἀνωτέρω
1558 2590 1663 2625 τηρεῖν,
1683 2589 1729 2616 καὶ
1743 2589 1831 2615 πίστει

1045 2635 1095 2670 μὲν
1106 2636 1138 2671 τῇ
1155 2636 1195 2668 είς
1212 2635 1277 2662 Θεὸν
1296 2636 1453 2672 ἀμωμήτως
1465 2636 1677 2672 ὲρηρεισμὲνον,
1703 2645 1712 2661 ι
1740 2635 1831 2662 Πάντα

1046 2681 1156 2716 ἰσχύω.»
1169 2681 1267 2716 λέγειν,
1284 2683 1328 2709 «ἐν
1336 2682 1374 2717 τῷ
1382 2682 1574 2718 ἐνδυναμοῦντί
1587 2690 1619 2718 με
1630 2681 1770 2717 Χριστῷ-ι
1784 2689 1832 2707 τια-

1046 2728 1196 2763 ραιτεῖσθαι
1215 2728 1242 2755 δὲ
1265 2729 1303 2761 ὡς
1328 2729 1440 2764 ὀλέθρου
1461 2729 1598 2764 πρόξενον,
1621 2728 1668 2755 καὶ
1687 2727 1832 2763 ἀδοκίμους

1046 2773 1119 2808 ἡμᾶς
1140 2773 1289 2810 ἀποφαῖνον
1307 2773 1383 2810 παρὰ
1406 2773 1476 2810 Θεῷ,
1494 2773 1523 2801 τὸ
1545 2774 1653 2809 φρονεῖν
1673 2772 1783 2799 ἑλέσθαι
1801 2772 1833 2798 τὰ
