1934 3042
96 116 148 144 575

468 116 513 144 DE
531 117 754 146 ADORATIONE’
770 119 804 146 IN
825 117 960 146 SPIRITU
980 118 1024 146 ET
1045 120 1227 148 VERITATE.
1248 120 1312 148 LIB.
1333 122 1364 149 V.

1677 124 1725 151 3N

96 173 209 208 ἄνδρας,
227 172 275 199 καὶ
299 171 569 207 κατασκεψάσθωσαν
585 172 634 208 τὴν
649 173 701 208 γῆν
715 174 769 200 τῶν
796 174 887 200 Χανα-

944 173 1025 207 viros,
1048 179 1076 202 et
1096 176 1239 211 explorent
1262 180 1363 205 terram
1387 176 1621 211 Chananmornm,
1646 187 1727 214 quam

95 218 192 250 ναίων,
208 218 244 253 ἢν
259 217 315 252 ἐγὼ
326 218 423 253 δίδωμι
434 220 492 250 τοῖς
504 220 571 252 υἱοῖς
589 219 698 255 Ἰσραὴλ
713 220 888 254 κατάσχεσιν,

96 264 183 299 ἄνδρα
200 264 249 291 ’ἐνα
261 265 332 291 κατὰ
348 264 443 300 φυλὴν,
459 264 531 291 κατὰ
548 265 651 301 δήμους
666 265 788 301 πατριῶν
801 264 890 291 αὐτῶν

95 310 261 342 ἀποστελεῖς
282 310 392 343 αὐτοὺς,
411 311 500 338 πάντα
524 311 646 347 ἀρχηγὸν
669 311 700 343 ἐξ
716 311 816 338 αὐτῶν.
834 311 890 338 Καὶ

96 357 292 390 ἐξαπέστειλεν
306 357 406 389 αὐτοὺς
430 357 533 393 Μωσῆς
551 359 583 384 ὲκ
607 357 658 392 τῆς
675 358 780 394 ἐρήμου
800 358 890 393 Φαρὰν

96 403 140 429 διὰ
164 403 258 438 φωνῆς
282 402 406 438 Κυρίου,
436 403 537 435 πάντες
563 403 658 440 ἄνδρες
682 404 799 440 ἀρχηγοὶ
824 405 891 431 υίῶν

103 448 224 483 Ἰσραήλ.
249 457 259 474 ›
288 448 538 484 ’Λπηριθμημένων
554 449 583 476 δὲ
598 449 668 476 κατὰ
686 445 772 484 φυλάς
794 459 823 476 τε
844 451 891 478 καὶ

96 494 165 529 γένη
182 493 237 521 τῶν
261 494 518 529 ὲξαπεσταλμένων,
543 495 670 531 επιφέρει
690 495 786 522 πάλιν·
808 506 816 522 ι
835 497 891 524 Καὶ

97 539 252 571 ἀναϐάντες
274 539 478 574 κατεσκέψαντο
501 541 549 576 τὴν
565 541 617 575 γῆν
638 541 692 568 ἀπὸ
714 543 764 578 τῆς
787 544 890 578 ἐρήμου

98 586 156 619 Σῖν,
172 586 226 618 ἓως
243 585 339 619 Ῥοὼὸ,
362 587 598 623 εἰσπορευομένων
616 589 714 624 Ἐμάθ.
730 599 739 615 ι
759 590 814 616 Καὶ
832 589 891 626 μεθ’

96 633 182 668 ἔτερα
191 642 198 648 ·
217 634 288 660 «Καὶ
300 632 382 669 ἦλθον
393 635 446 666 ἕως
460 635 603 671 φάραγγος
617 636 743 672 Βότρυος,
761 638 808 665 καὶ
824 626 891 665 κοίτ-

99 679 255 714 εσκέψαντο
280 680 376 715 αὐτὴν,
395 681 443 707 καὶ
459 681 560 715 ἔκοψαν
591 682 695 709 ἐκεῖθεν
719 683 821 719 κλῆμα,
845 685 891 712 καὶ

98 723 199 759 βότρυν
220 725 356 760 σταφυλῆς
373 725 420 752 ἕνα
443 727 486 752 ἐπ’
507 727 602 760 αὐτοῦ,
620 728 666 754 καὶ
679 726 750 763 ἦραν
763 729 828 757 αὐτὸ
848 730 891 756 ἐπ’

93 770 278 805 ἁναφορεϋσι,
293 771 341 797 καὶ
352 771 406 798 ἀπὸ
414 771 469 798 τῶν
486 772 575 807 ῥοιῶν,
593 773 639 800 καὶ
651 774 705 800 ἀπὸ
714 775 768 801 τῶν
784 775 873 803 σύκων
882 785 890 793 ’

97 815 147 842 καὶ
161 815 209 842 τὸν
225 816 308 843 τόπον
322 817 425 844 ἐκεῖνον
440 818 633 853 ἐπωνόμασαν,
648 819 756 855 φάραγξ
765 821 890 857 Βότρυος,

94 862 143 890 διὰ
166 863 213 889 τὸν
233 863 340 899 βότρυν,
357 865 386 891 ὃν
402 864 503 901 ἔκοψαν
525 851 628 894 ἐκεῖθεν
652 851 676 893 ἐπι
689 851 755 894 ὐῐδὶ-
771 851 889 902 Ἰσραὴλ,
908 851 929 878 Β

96 908 147 935 καὶ
164 909 340 945 ἀπέστρεψαν
364 911 469 938 ἐκεῖθεν
494 912 732 948 κατασκεψάμενοι
756 913 805 942 τὴν
827 913 888 948 γῆν,

99 955 173 989 μετὰ
193 957 397 992 τεσσαράκοντα
410 959 518 994 ἡμέρας
529 967 535 974 ·
549 959 596 985 καὶ
620 959 797 995 πορευθέντες
810 957 890 995 ἦλθον

97 1000 170 1036 πρὸς
183 1002 286 1038 Μωσῆν
305 1003 351 1029 καὶ
374 1003 493 1039 Ἀαρὼν,
519 1005 566 1031 καὶ
580 1005 645 1040 πρὸς
659 1006 751 1037 πᾶσαν
767 1014 904 1039 συναγω-.

98 1045 153 1081 γῆν
166 1047 223 1073 τῶν
239 1048 305 1075 υἱῶν
326 1049 435 1085 Ἰσραὴλ
452 1051 492 1081 είς
505 1051 555 1086 τὴν
571 1050 673 1086 ἔρημον
687 1050 778 1086 Φαρὰν
788 1051 889 1085 Κάδης.

97 1091 154 1118 Καὶ
168 1092 359 1128 ἀπεκρίθησαν
374 1094 466 1126 αὐτοῖς
481 1095 568 1130 ῥῆμα,
587 1096 632 1122 καὶ
642 1097 716 1133 πάσῃ
734 1099 889 1132 συναγωγῇ.

97 1138 148 1164 καὶ
171 1137 278 1171 ἔδειξαν
293 1139 340 1167 τὸν
361 1141 467 1176 καρπὸν
494 1141 543 1176 τῆς
569 1141 630 1176 γῆς,
656 1141 702 1169 καὶ¹
729 1143 891 1178 διηγήσαντο

97 1183 186 1218 αὐτῷ,
203 1185 250 1211 καὶ
264 1183 352 1212 εἷπον
376 1186 511 1222 Ἦλθομεν
523 1187 563 1218 είς
580 1187 630 1223 τὴν
644 1188 696 1224 γῆν
712 1189 751 1220 εἰς
771 1189 805 1224 ἢν
836 1190 891 1216 ἀπ-

98 1229 230 1262 έστειλας
245 1231 329 1266 ἡμᾶς,
339 1232 390 1268 γῆν
405 1233 520 1268 ῥέουσαν
527 1233 598 1268 γάλα
613 1234 660 1260 καὶ
674 1234 744 1270 μέλι,
757 1235 803 1261 καὶ
814 1232 891 1267 οὗτος

96 1275 113 1301 ὁ
129 1277 237 1311 καρπὸς
253 1278 347 1313 αὐτῆς.
368 1278 438 1305 Ἀλλ’
452 1278 469 1314 ἦ
486 1279 526 1305 ὅτι
539 1279 625 1315 θρασὺ
643 1279 674 1306 τὸ
691 1280 766 1312 ἔθνος
779 1280 809 1307 τὸ
823 1289 891 1307 κατ-

97 1321 191 1347 οικοῦν
209 1322 254 1348 ἐπ’
270 1323 366 1358 αὐτῆς,
389 1325 437 1350 καὶ¹
465 1325 558 1356 πόλεις
572 1325 671 1361 ὀχυραὶ⁵
692 1326 891 1361 τετειχισμέναι

97 1367 148 1394 καὶ
162 1368 279 1402 μεγάλαι
295 1369 409 1405 σφόδρα,
428 1370 476 1397 καὶ
489 1370 538 1406 τὴν
552 1370 648 1405 γενεὰν
670 1371 751 1398 Ἐνὰκ
765 1372 891 1407 ἑωράκα-

101 1421 152 1448 μεν
171 1414 238 1440 ἐκεῖ.
255 1423 266 1439 ι
281 1415 379 1450 Συνὶης
391 1416 468 1446 ὅπως
481 1417 506 1442 οἱ
518 1416 663 1451 εὐπτόητοι
674 1425 703 1442 τε
718 1417 766 1452 καὶ
780 1417 893 1451 ἀτολμό-

99 1468 178 1485 τατοι
199 1459 253 1486 τῶν
269 1461 500 1497 κατεσκεμμένων
523 1461 572 1497 τὴν
591 1462 642 1497 γῆν
661 1462 711 1497 τῆς
727 1462 893 1498 ἐπαγγελίας

941 227 992 254 ego
1015 220 1051 249 do
1068 220 1133 249 ﬁliis
1148 220 1231 249 Israel
1251 223 1279 250 in
1298 223 1510 258 possessionem,
1536 224 1658 260 singulos
1680 233 1727 260 per

941 265 1062 301 singulas
1094 267 1199 298 tribus:
1233 269 1382 297 secundum
1416 270 1532 305 populos
1562 269 1727 299 familiarum

941 311 1064 346 ipsorum
1075 313 1169 341 mittes
1184 314 1255 347 illos,
1267 322 1376 343 omnem
1391 316 1541 351 principem
1553 324 1588 344 ex
1600 316 1677 352 ipsis.
1694 317 1728 345 Et

941 357 1016 385 misit
1029 365 1077 386 eos
1093 358 1198 395 Moyses
1210 368 1243 387 ex
1262 360 1370 389 deserto
1385 361 1492 390 Pbaran
1508 369 1559 397 per
1569 370 1663 390 vocem
1676 363 1728 390 Do-

941 405 1027 439 mini;
1050 413 1148 434 omnes
1167 407 1220 434 viri
1249 407 1388 442 principes
1409 407 1529 436 ﬁliorum
1550 409 1632 437 Israel
1655 410 1689 436 ".
1715 419 1724 435 ι

941 451 1054 485 Deinde,
1073 453 1225 480 numeratis
1240 453 1274 481 iis
1291 454 1338 488 qui
1358 455 1433 482 missi
1444 459 1518 488 sunt,
1538 463 1587 491 per
1603 456 1691 484 tribus
1699 461 1730 484 et

941 505 1057 532 genera,
1079 498 1202 534 adiungit
1224 499 1322 527 iterum
1346 509 1352 526 :
1374 500 1433 528 rEt
1448 509 1510 529 cum
1528 502 1727 534 ascendissent,

941 541 1152 577 exploravernnt
1177 548 1275 570 terram
1300 543 1375 580 151
1394 552 1408 572 a
1429 545 1537 573 deserto
1556 546 1619 579 Sin,
1640 554 1728 582 usque

941 589 1030 623 Roob,
1044 590 1212 623 intrantibus
1220 591 1320 618 Emalh
1332 592 1379 619 1°.»
1392 592 1426 619 Et
1437 596 1498 627 post
1509 593 1656 621 nonnulla:
1671 603 1681 619 ι
1695 593 1728 621 Et

941 641 1077 663 venerunt
1088 644 1172 671 usque
1183 637 1217 664 ad
1233 637 1332 666 vallem
1344 638 1428 671 Betri,
1442 642 1470 665 et
1483 639 1728 666 eonsideraverunt

941 687 1011 714 eam,
1030 686 1059 709 et
1084 682 1262 710 absciderunt
1282 683 1346 711 inde
1366 684 1517 718 palmitem,
1555 689 1583 711 et
1616 685 1726 711 botrum

942 733 1001 752 uva:
1014 733 1099 752 unum
1110 733 1192 762 super
1207 735 1281 760 eum,
1302 731 1330 755 et
1341 728 1514 757 sustulerunt
1533 728 1610 756 illum
1636 729 1665 755 in
1679 736 1727 755 ve-

942 770 1043 803 ctibus,
1068 775 1097 798 et
1122 772 1156 799 de
1178 773 1380 808 malogranatis,
1405 777 1433 801 et
1450 774 1484 801 de
1502 773 1571 807 ﬁcis;
1581 778 1609 801 et
1637 774 1729 800 locum

943 815 1019 843 illum
1030 817 1238 851 appellaverunt
1248 819 1346 845 vallem
1361 819 1438 846 Botri
1450 839 1457 851 ,
1471 823 1584 854 propter
1607 819 1727 850 botrum,

941 869 1024 897 quem
1039 862 1217 890 absciderunt
1233 863 1296 891 inde
1310 864 1358 891 ﬁlii
1378 864 1471 892 Israel.
1485 864 1521 892 Et
1535 865 1639 892 reversi
1664 869 1730 892 sunt

942 907 1015 940 inde,
1033 913 1176 943 postquam
1191 909 1401 944 exploravcrunt
1415 915 1526 943 terram,
1541 910 1728 945 postquadra—

941 953 1015 989 ginta
1027 954 1097 986 dies,
1106 958 1134 981 et
1143 958 1240 982 euntes
1250 959 1386 983 venerunt
1399 956 1433 983 ad
1443 956 1553 992 Moysen
1560 959 1587 983 et
1593 955 1692 987 Aaron,
1702 959 1730 983 et

942 999 976 1026 ad
989 1007 1098 1027 omnem
1113 1001 1351 1036 congregationem
1365 1001 1481 1029 ﬁliorum
1493 1001 1575 1029 Israel
1596 1001 1624 1028 in
1638 1001 1742 1029 ἀδεεῖ--

941 1048 998 1071 tum
1007 1044 1124 1077 Pbaran,
1135 1044 1162 1072 in
1174 1045 1269 1072 Gades.
1281 1045 1315 1072 Et
1328 1045 1526 1082 responderunt
1538 1045 1592 1073 illis
1603 1044 1728 1075 verbum,

940 1094 968 1117 et
989 1090 1123 1118 universa;
1150 1091 1370 1126 congregationi;
1398 1095 1426 1118 et
1454 1091 1636 1119 ostenderunt
1663 1090 1730 1125 ipsis

940 1135 1060 1162 fructum
1080 1140 1169 1168 terrae,
1193 1140 1221 1163 et
1238 1141 1422 1163 narraverunt
1432 1136 1473 1163 eis
1491 1135 1616 1164 dicentes
1631 1135 1731 1163 :'Veni—

941 1189 1002 1208 mus
1019 1181 1047 1208 in
1064 1185 1165 1208 terram
1185 1189 1240 1216 quo
1269 1181 1367 1208 misisti
1392 1189 1453 1214 nos,
1474 1186 1574 1209 terram
1596 1173 1729 1210 ﬂuentem

940 1226 1011 1254 lacte
1025 1232 1053 1254 et
1074 1227 1171 1260 melle;
1191 1231 1219 1258 et
1233 1227 1280 1254 hic
1300 1231 1343 1254 est
1363 1227 1469 1255 fructus
1486 1227 1547 1262 ejus
1565 1227 1641 1257 :inisi
1655 1226 1729 1261 quod

941 1272 1030 1299 audax
1051 1277 1093 1300 est
1107 1280 1174 1307 gens
1200 1280 1261 1307 qua:
1276 1272 1382 1300 habitat
1396 1273 1423 1299 in
1437 1273 1505 1307 ipsa,
1523 1277 1552 1300 et
1564 1272 1648 1300 urbes
1667 1280 1730 1299 mn-

941 1317 1015 1349 nitze,
1028 1321 1056 1345 et
1070 1326 1174 1353 magnae
1186 1319 1379 1351 vehementer,
1397 1323 1425 1346 et
1445 1319 1559 1354 stirpem
1580 1319 1654 1346 Enac
1687 1318 1729 1345 vi-

942 1363 1034 1390 dimus
1051 1363 1088 1390 ibi
1102 1364 1134 1390 3°.
1156 1373 1164 1389 ι
1185 1363 1317 1400 Intelligis
1331 1364 1393 1391 illos
1406 1364 1516 1391 timidos
1544 1372 1576 1391 ae
1585 1363 1730 1392 meticulo-

943 1416 987 1436 sos
1009 1412 1089 1436 terrm
1112 1409 1303 1444 promissionis
1320 1409 1509 1444 exploratores
1526 1408 1670 1437 manifeste
1689 1416 1732 1435 re—

943 1454 1050 1489 gionem
1063 1455 1137 1482 illam
1153 1455 1256 1482 vitibus
1278 1455 1401 1483 ferendis
1426 1459 1517 1490 aptam
1536 1462 1597 1482 esse
1609 1462 1641 1482 ac
1667 1454 1730 1489 pin-

99 1506 313 1541 ὡμολογήκασιν
328 1508 462 1543 ἐναργῶς,
474 1509 511 1540 ὡς
524 1508 679 1544 εὐάμπελός
692 1518 721 1535 τε
732 1509 779 1535 καὶ
792 1509 860 1535 πίων
875 1510 891 1544 ὴ

944 1508 1034 1535 gnem,
1054 1505 1083 1527 et
1095 1501 1212 1528 maturis
1226 1501 1364 1529 fructibus
1386 1501 1572 1533 abundantem
1591 1499 1733 1528 confessos

99 1553 149 1588 γῆ,
167 1553 216 1579 καί
228 1555 344 1589 καρποῖς
355 1554 466 1589 ὡραίοις
481 1555 632 1591 διαϐριθὴς,
646 1556 851 1590 παραπλέκουσι
863 1556 892 1583 δὲ

98 1598 209 1631 τούτοις
224 1599 259 1626 τὰ
273 1601 313 1631 εἰς
325 1600 439 1632 δειλίαν,
455 1600 542 1636 θρασὺ
559 1601 608 1636 μὲν
622 1602 653 1628 τδ
666 1601 740 1633 ἔθνος
757 1601 786 1628 τὸ
800 1610 892 1628 κατοι-

98 1645 167 1672 κοῢν
181 1646 372 1681 ὀνομάζοντες,
393 1647 486 1680 πόλεις
505 1656 536 1674 τε
550 1647 652 1683 ὀχυρὰς
665 1649 712 1674 καὶ
724 1648 892 1683 τετειχισμέ-

98 1701 150 1724 νας
165 1693 223 1719 ἄνω
238 1694 284 1719 καὶ
301 1694 376 1720 κάτω
386 1694 522 1728 λέγοντες,
532 1695 639 1730 καὶτῆς
651 1695 697 1721 ἐπὶ
708 1694 738 1721 τδ
746 1695 892 1731 κρατήσειν
924 1728 926 1730 η

97 1737 210 1770 ἐλπίδος
225 1737 384 1771 ὲξιστῶντες
400 1739 446 1766 τδν
474 1739 594 1775 Ἰσραὴλ,
612 1740 659 1767 καὶ
676 1739 892 1775 καταφοὸοῠντες

99 1784 143 1816 είς
155 1784 302 1820 ἀνανδρίαν
312 1794 321 1818 ;

137 1831 244 1858 ΠΑΔΛ.
262 1827 328 1857 Ὧδε
340 1831 407 1867 ἔχει.

136 1877 223 1904 ΚΥΡ.
247 1877 317 1904 Ἀλλ’
330 1878 388 1912 οἵγε
401 1877 478 1912 σοφοὶ
497 1879 546 1905 καὶ
561 1879 687 1912 νεανικοὶ,
704 1879 794 1906 Χαλέὸ
805 1888 834 1906 τε
847 1879 893 1907 καὶ

107 1921 224 1957 Ἰησοῦς,
235 1923 295 1954 ταῖς
312 1922 423 1950 ἐκείνων
436 1923 590 1959 τερθρείαις
604 1924 642 1960 (I)
660 1925 892 1959 ἀνθειστήκεισαν,

101 1966 228 2000 λέγοντες
240 1967 308 2001 πρὸς
326 1976 355 1994 τε
371 1967 416 1995 τὸν
432 1968 495 1995 λαὸν
512 1969 560 1995 καὶ
570 1968 615 1995 τὸν
627 1969 730 1996 Μωσέα
745 1970 790 1997 τὸν
806 1971 890 2005 ἱερὸν·

104 2022 114 2038 ι
138 2012 224 2047 Οὑχί⁸
243 2013 310 2040 ἀλλὰ
325 2014 477 2046 ἀναϐάντες
492 2014 684 2050 ἀναθησόμεθα
696 2016 743 2042 καὶ
759 2017 894 2053 κατακλη-

102 2059 293 2094 ρονομήσομῖεν
307 2059 401 2094 αὐτὴν,
417 2060 457 2086 ὅτι
475 2059 646 2096 δυνησόμεθα
668 2060 737 2096 πρὸς
754 2061 861 2093 αὐτούς.
880 2071 890 2088 ›

102 2102 264 2139 Κατέληγον
279 2104 308 2131 δὲ
335 2104 462 2140 οὐδαμῶς
486 2106 510 2132 οἱ
536 2106 803 2142 συναπεσταλμένοι,
830 2107 893 2134 δυσ-

101 2149 208 2176 άλωτον
226 2149 333 2177 ἔσεσθαι
357 2150 593 2186 διαὸεὸαιούμενοι
609 2153 665 2184 τοῖς
678 2151 707 2184 ἐξ
727 2153 833 2188 Ἰσραὴλ
845 2153 894 2189 τῆς

945 1553 1004 1573 esse
1017 1554 1026 1572 ε·
1037 1549 1227 1573 verumtamen
1240 1546 1284 1574 bis
1296 1554 1327 1574 ea
1342 1550 1510 1574 connectunt
1533 1553 1595 1581 quae
1605 1545 1731 1573 timorem

944 1592 1116 1619 incuterent:
1138 1592 1270 1620 audacem
1292 1592 1420 1619 videlicet
1442 1596 1562 1627 gentem,
1589 1599 1649 1626 quae
1677 1589 1733 1617 illic

944 1637 1092 1669 habitaret,
1104 1637 1283 1672 appellantes,
1311 1637 1395 1665 urbes
1413 1645 1522 1672 quoque
1545 1637 1666 1665 munitas
1688 1639 1732 1663 at-

945 1691 998 1718 que
1014 1687 1136 1710 muratas
1148 1682 1298 1710 identidem
1315 1682 1484 1715 dictitantes,
1497 1686 1525 1709 et
1547 1690 1562 1710 a
1579 1689 1626 1717 spe
1644 1681 1732 1708 victo-

946 1728 995 1755 riae
1009 1728 1140 1763 populum
1153 1727 1262 1756 Israelis
1276 1727 1445 1756 deducentes
1456 1748 1464 1761 ,
1476 1732 1506 1755 et
1517 1731 1592 1754 metu
1606 1726 1640 1754 ad
1657 1727 1733 1762 igna-

943 1773 1015 1800 viam
1036 1772 1218 1808 impellentes.

980 1829 1078 1857 PALL.
1095 1829 1140 1857 Sic
1151 1838 1180 1857 se
1195 1830 1287 1857 habet.

983 1876 1061 1904 CYII.
1079 1875 1132 1904 Sed
1147 1876 1195 1911 qui
1212 1876 1282 1903 inter
1294 1876 1355 1903 illos
1370 1879 1448 1903 erant
1464 1875 1600 1910 sapientes
1616 1881 1647 1901 ac
1661 1877 1737 1900 stre-

946 1922 1004 1955 nui,
1024 1921 1107 1949 Caleb
1119 1925 1147 1948 et
1162 1921 1252 1954 Jesus,
1266 1921 1374 1948 illorum
1395 1920 1473 1948 vanis
1489 1918 1664 1947 sermonibus
1684 1917 1735 1945 ob-

946 1967 1087 1999 stiterunt,
1102 1965 1226 1995 dicentes
1245 1965 1278 1992 ad
1289 1965 1421 2000 populum
1442 1968 1470 1992 et
1478 1964 1512 1991 ad
1522 1964 1632 2000 Moysen
1645 1971 1652 1990 :
1668 1962 1734 1990 «Mi-

945 2013 1037 2045 nime;
1054 2011 1101 2039 sed
1121 2010 1300 2039 ascendentes
1317 2010 1507 2042 aseendemus,
1532 2013 1560 2037 et
1581 2008 1735 2044 possidebi-

946 2066 1008 2086 mus
1023 2059 1116 2091 illam;
1138 2057 1202 2092 quia
1225 2060 1352 2091 potentes
1374 2056 1526 2091 poterimus
1548 2054 1681 2083 adversus
1700 2053 1732 2081 il-

945 2106 987 2134 los
1008 2106 1040 2132 ⁸¹.
1067 2115 1076 2131 ν
1099 2103 1197 2133 Czeteri
1218 2107 1310 2130 autem
1330 2103 1377 2138 qui
1400 2102 1476 2131 missi
1498 2101 1627 2134 fuerant,
1653 2101 1736 2128 ﬁnem

947 2153 1055 2180 nullum
1068 2150 1209 2178 asserendi
1220 2149 1366 2182 faciebant,
1383 2149 1618 2184 inexpugnabilem
1628 2148 1687 2176 fore
1702 2147 1735 2174 ﬂ-

101 2195 270 2230 ὲπαγγελὶας
281 2197 330 2232 τὴν
344 2197 405 2232 γῆν.
422 2195 488 2224 Εἶτά
501 2206 583 2234 φησιν
594 2206 601 2213 ·
619 2207 628 2224 ‹
647 2199 702 2225 Καὶ
722 2199 892 2226 ἀναλαϐοῦσα

944 2198 988 2225 liis
998 2197 1080 2225 Israel
1089 2196 1278 2232 promissionis
1288 2199 1401 2222 terram.
1411 2195 1515 2222 Deinde
1524 2194 1614 2230 inquit
1629 2203 1636 2221 :
1652 2203 1661 2220 ι
1671 2194 1736 2222 Ele-

102 2243 180 2268 πᾶσα
195 2243 211 2277 ἠ
227 2243 380 2278 συναγωγὴ,
393 2243 492 2270 δέδωκε
510 2245 611 2280 φωνὴν,
625 2245 671 2271 καὶ
686 2245 792 2273 ἔκλαιεν
808 2247 822 2273 ὁ
832 2246 895 2280 λαὸς

103 2287 168 2322 ὃλην
182 2288 233 2322 τὴν
247 2288 331 2314 νύκτα
342 2289 459 2324 ἐκείνην,
476 2290 523 2316 καὶ
541 2290 716 2325 διεγόγγυζον
732 2291 779 2318 ἐπὶ
791 2292 895 2328 Μωσῆν

103 2332 152 2358 καὶ
170 2331 277 2368 ’Δαρὼν
295 2333 394 2365 πάντες
417 2334 441 2359 οἱ
464 2334 517 2360 υἱοὶ
544 2335 668 2370 Ἰσραήλ·
688 2336 734 2362 καὶ
749 2334 809 2363 εἷπε
826 2338 895 2373 πρὸς

103 2377 204 2409 αὐτοὺς
219 2378 294 2404 πᾶσα
308 2379 324 2413 ἠ
336 2380 492 2415 συναγωγήν
509 2380 624 2414 Ὄφελον
638 2381 810 2417 ἀπεθάνομεν
819 2384 847 2409 ὲν
859 2384 894 2418 γῇ

102 2422 256 2456 Αἰγύπτου,
276 2423 291 2458 ἢ
311 2424 339 2449 ὲν
362 2424 395 2458 τῇ
418 2424 514 2460 ἐρήμῳ
529 2424 626 2460 ταύτῃ,
655 2425 680 2451 εί
706 2425 894 2461 ἀπεθάνομεν’

104 2469 153 2495 καὶ
171 2469 217 2496 ἵνα
230 2469 257 2495 τί
269 2469 372 2505 Κύριος
386 2470 491 2505 εἰσάγει
513 2471 588 2506 ἡμᾶς
603 2471 643 2502 εῐς
659 2471 708 2506 τὴν
728 2472 780 2507 γῆν
795 2472 898 2507 ταύτην

109 2517 206 2542 πεσεῖν
233 2516 262 2542 ὲν
276 2515 315 2550 τῷ
331 2515 460 2551 πολέμῳ;
481 2516 514 2542 Ai
533 2518 662 2550 γυναῖκες
684 2516 764 2552 ἡμῶν
787 2518 835 2544 καὶ
863 2518 897 2545 τὰ

106 2561 203 2588 παιδία
217 2561 326 2588 ἔσονται
339 2562 379 2593 είς
390 2561 557 2597 διαρπαγήν.
575 2562 633 2590 Νῦν
647 2561 693 2590 οὖν
712 2562 814 2597 βέλτιον
831 2564 897 2600 ἡμῖν

107 2608 184 2634 ἐστιν
199 2607 410 2643 ἀποστραφῆναι
421 2608 464 2640 είς
483 2608 629 2642 Αιγυπτον.
648 2609 703 2636 Καὶ
718 2607 795 2636 εἶπον
810 2610 824 2636 ὁ
838 2609 897 2636 ἓτε-

109 2661 153 2689 po;
168 2652 211 2687 τῷ
236 2653 333 2688 ἑτέρῳ·
350 2653 445 2688 Δῶμεν
468 2654 601 2689 ἀρχηγὸν,
619 2654 666 2681 καὶ
680 2655 896 2691 ἀποστρέψωμεν

139 2724 162 2739 ⁷⁸
172 2723 258 2750 Num.
271 2731 318 2756 xu,
329 2723 346 2750 5
357 2731 432 2759 seqq.

471 2724 492 2741 τυ
510 2724 576 2751 ibid.
593 2723 638 2751 se.
676 2724 698 2740 κ
713 2724 779 2752 ibid.
795 2724 827 2751 si
842 2732 920 2760 seqq.

947 2251 1015 2271 vans
1027 2242 1158 2271 universa
1167 2241 1341 2277 congregatio
1351 2240 1426 2268 dedit
1438 2247 1544 2272 vocem,
1555 2243 1584 2267 et
1596 2239 1671 2267 ﬂevit
1685 2246 1735 2274 po-

947 2289 1028 2325 pulus
1040 2292 1095 2316 tota
1110 2288 1156 2316 illa
1170 2291 1269 2321 nocte;
1292 2291 1320 2314 et
1338 2290 1579 2313 mnrmuravcrunt
1604 2285 1736 2312 adversus

947 2335 1055 2371 Moysen
1079 2339 1107 2362 et
1118 2335 1209 2362 Aaron
1223 2341 1319 2361 omnes
1339 2332 1388 2359 ﬁlii
1403 2332 1496 2364 Israel,
1511 2335 1539 2359 et
1551 2331 1621 2359 dixit
1639 2330 1672 2358 ad
1689 2338 1738 2358 eos

946 2382 1075 2409 universa
1087 2380 1259 2416 congregatio
1272 2379 1391 2407 ﬁliorum
1401 2379 1483 2406 Israel
1495 2387 1502 2404 :
1514 2377 1623 2405 Utinam
1634 2377 1737 2404 mortui

949 2435 1072 2456 essemus
1084 2427 1112 2454 in
1124 2431 1195 2454 terra
1210 2426 1329 2462 Egypti,
1348 2429 1396 2453 aut
1420 2425 1448 2452 in
1469 2425 1520 2452 hac
1543 2424 1690 2452 solitudine
1713 2423 1735 2451 si

948 2475 1051 2503 mortui
1062 2475 1200 2503 essemusi
1213 2475 1247 2501 Et
1256 2482 1305 2502 cur
1319 2474 1452 2501 Dominus
1462 2472 1567 2499 inducit
1581 2479 1631 2499 nos
1640 2471 1667 2498 in
1678 2475 1735 2498 ter-

948 2529 1005 2548 ram
1025 2521 1105 2552 hanc,
1121 2523 1152 2547 ut
1162 2519 1292 2547 cadamus
1305 2519 1333 2546 in
1347 2519 1440 2547 bello!
1458 2519 1563 2546 Uxores
1585 2522 1686 2544 nostra;
1709 2519 1739 2543 et

947 2567 1027 2594 liberi
1044 2566 1164 2593 eruntin
1174 2565 1367 2600 direptionem.
1380 2565 1459 2592 Nunc
1474 2564 1553 2599 15a
1573 2564 1655 2599 igitur
1677 2570 1736 2590 me-

945 2612 1001 2640 lius
1012 2616 1053 2639 est
1062 2611 1143 2639 nobis
1158 2611 1260 2638 reverti
1275 2610 1303 2638 in
1314 2610 1470 2646 Egyptum.
1483 2611 1518 2638 Et
1530 2609 1742 2637 dixeruntalter-

948 2657 981 2684 ad
989 2657 1105 2684 alterum
1118 2666 1124 2684 :
1134 2655 1339 2684 Constituamus
1355 2655 1518 2691 principem,
1527 2659 1556 2682 et
1568 2657 1738 2682 revertamur

958 2725 980 2741 ⁸¹
1000 2725 1067 2753 ibid.
1082 2725 1126 2752 5l.

143 2793 183 2831 (ᾖ)
200 2792 248 2831 Si_c
282 2793 368 2821 codex
401 2793 513 2828 Sirleti;
549 2798 576 2822 at
593 2794 655 2822 cod.
682 2794 753 2829 \’at.,
774 2794 885 2822 ἐκείνων

945 2794 1025 2827 ιλίαις
1043 2786 1094 2822 ’καὶ
1115 2793 1338 2831 ματαιολογίαις,
1349 2789 1421 2828 quod
1444 2791 1644 2828 expositionem
1672 2795 1740 2826 puto

107 2828 268 2863 τερορ;ιών.
