1934 3042
79 159 131 190 5ῗῖ

437 162 480 189 DE
499 161 720 190 ADORATIONE
739 163 773 191 ΙΝ
795 163 932 192 SPIRITU
955 165 998 192 ET
1018 166 1203 195 VERITATE.
1224 167 1288 194 LIB.
1311 167 1340 194 ι’.

1657 169 1709 196 578

77 218 233 251 tutatuta:
249 219 404 255 ἀρξάμενος
422 219 494 252 νοῦς,
514 220 605 251 ικανὺς
623 221 663 252 εἰς
678 221 709 246 τὸ
726 221 871 256 δοκιμάζε-

933 223 1038 250 usmodi
1066 224 1148 251 rebus
1168 225 1343 252 mediocriter
1362 224 1464 252 versari
1491 226 1574 260 coepit
1591 225 1709 258 animus,

78 266 143 293 σθαι
157 266 206 292 καὶ
217 265 397 301 πειράζεσθαι
408 274 414 298 ;
430 266 477 292 καὶ
489 267 543 297 τοῖς
555 265 589 292 τὰ
602 265 670 302 ὀρθᾶ
679 266 870 302 διαστρέφουσι

78 311 237 346 περιτυχὼν
262 312 276 338 6
297 312 379 346 σοφίᾳ
398 311 562 346 συνοικήσας
585 311 624 346 (Ι)
650 312 825 347 προσφάτως,
840 313 870 339 οὐ

77 357 316 392 ὃιαστραφήσεται
331 356 440 392 μᾶλλον,
450 357 534 393 ἤγουν
543 357 684 392 περιέσται
691 358 738 384 καὶ
745 357 872 393 διακρού-

79 402 204 428 σεταιτά
219 402 332 429 ἐκείνων
350 402 447 438 βλάϐη,
469 402 594 438 βεϐηκὼς
616 403 662 430 καὶ
677 403 872 439 ἐρηρεισμένος

78 443 202 484 ὃιαρὶιῶς
213 447 290 474 οΰπω
306 448 375 484 πρὸς
388 448 495 476 σύνεσιν
506 458 521 478 ’ρ

115 538 223 564 ΠΑΛΔ.
239 538 357 566 Ἔοικεν.

115 582 201 609 ΚΥΡ.
218 583 440 619 Παροτρύνοντος
451 585 478 611 δέ
489 593 572 617 τινος⁹
583 586 597 612 ὀ
609 585 657 621 τὴν
672 586 816 622 πραότητα
827 595 873 622 με-

78 627 177 662 λετῶν,
195 629 220 655 ει
237 630 321 665 μήπω
335 638 378 662 τις
397 630 439 665 ειη
454 630 524 666 πρὸς
541 631 621 657 τοῦτο
633 632 870 667 γεγυμνασμένος,

77 673 109 701 οὐ
123 675 319 710 κατοιχήσεται
336 676 405 712 πρὸς
419 676 503 712 ὀργὴν
517 677 652 710 εὐκόλως

115 720 223 748 ΠΑΛΛ.
239 718 326 756 οἶμαι
338 730 382 756 γε.

116 766 202 794 ΚΥΡ.
226 767 366 803 Ἐντριὸὴς
378 767 407 794 δὲ
423 767 504 803 σοφὸς
520 768 694 804 διαμαχεῖται
709 771 811 805 σοφοῖς,
825 770 873 796 καὶ

77 811 225 846 ἀντεξάγει
237 813 370 846 νεανικῶς
386 815 447 846 ταῖς
470 814 583 842 ἐκείνων
601 816 778 851 πανουργίαις
793 816 827 843 τὰ
844 816 873 850 ἐξ

76 857 226 894 ὀρθότητος
239 858 396 894 λογισμῶν;

114 904 222 931 nam.
246 904 367 941 Ἀληθές.

114 950 199 977 ΚΥΡ.
214 950 246 978 Τί
256 950 297 984 δέ,
310 951 325 977 6
343 951 476 987 πραότητι
491 952 681 989 κατωρθωκὼς
692 953 723 980 οὺ
739 953 873 989 δυσχερὴς

77 997 119 1028 εἰς
130 996 228 1032 ὀργὰς,
243 996 294 1024 κᾶν
308 998 332 1024 εἰ
345 997 414 1033 πρὸς
428 998 508 1025 τοῦτο
519 998 600 1026 αὐτὸν
616 999 802 1035 παραθήγοιεν
816 997 872 1025 ἐσθ’

77 1043 124 1069 ὅτε
138 1043 213 1075 τινές
222 1053 230 1076 ;

117 1090 225 1117 ΠΑΛΔ.
240 1089 324 1125 Φημί.

116 1136 202 1163 ΚΥΡ.
226 1136 329 1172 Ὀρθῶς
348 1134 394 1163 οὖν
413 1137 427 1162 ὁ
441 1135 522 1172 νόμος
537 1136 675 1172 ’καθάπερ
690 1137 720 1164 ὲν
743 1136 809 1163 εῐδει
835 1136 873 1172 τῷ

79 1182 212 1216 γυναικὸς
223 1182 418 1218 διαμορφώσας
433 1182 550 1214 ἀστείως
567 1183 616 1217 τὴν
630 1183 686 1214 τοῖς
708 1182 796 1217 ἁγίοις
812 1183 874 1209 σύν-

78 1236 157 1255 οικον
172 1227 286 1264 ἀρετὴν,
302 1238 312 1254 ι
328 1227 392 1255 Ἐάν
407 1236 450 1260 τις
473 1227 543 1264 λάϐῃ
556 1229 675 1262 γυναῖκα
697 1228 872 1264 προσφάτως.

79 1273 177 1309 φησὶν,
189 1273 240 1300 οὐκ
251 1273 421 1307 ἐξελεύσεται
435 1274 476 1304 εἰς
491 1274 620 1309 πόλεμον,
636 1274 684 1302 καὶ
697 1274 747 1301 οὐκ
762 1274 874 1310 ἐπιϐλη-

79 1319 197 1355 θήσεται
211 1319 286 1355 αὐτῷ
296 1319 372 1346 οὐδὲν
385 1320 503 1355 πρᾶγμα
514 1327 521 1334 ·
536 1319 625 1352 ἀθῶος
634 1319 711 1347 ἔσται
721 1321 751 1347 ὲν
758 1321 792 1356 τῇ
800 1320 874 1355 οἰκίᾳ

79 1365 177 1392 αὑτοῦ.
214 1364 353 1392 Ἐνιαυτὸν
379 1364 429 1392 ἕνα
455 1365 587 1401 εὐφρανεῖ
614 1365 665 1401 τὴν
697 1366 813 1400 γυναῖκα
841 1365 874 1400 ἢν

80 1412 176 1439 ἔλαϐε.
192 1421 203 1438 ι
221 1411 479 1448 Καταφορτίζεσθαι
493 1411 547 1447 γὰρ
561 1411 612 1438 οὐκ
627 1412 662 1448 ἑᾷ
677 1411 768 1443 πόνοις
780 1420 810 1438 τε
827 1411 875 1438 καὶ

80 1459 213 1494 διωγμοῖς
235 1458 282 1485 τὸν
305 1458 446 1490 οἱονείπως
460 1458 611 1493 ἁρτιπαγῆ,
634 1458 682 1485 καὶ
703 1459 874 1493 νεαρωτέραν

81 1505 182 1540 ἔχοντα
193 1505 245 1540 τὴν
257 1505 297 1536 εις
309 1505 340 1531 τὸ
349 1503 451 1538 ἀγαθὸν
460 1504 590 1539 σπουδὴν,
602 1503 725 1539 σχολαῖον
737 1503 766 1530 δέ
780 1503 875 1539 ὥσπερ

80 1551 131 1578 καὶ
154 1552 198 1586 ἐφ’
226 1550 315 1586 ἑαυτῷ
337 1551 462 1586 μένοντα,
490 1551 538 1577 καὶ
559 1550 728 1586 θαλπόμενον
749 1551 809 1581 ταῖς
835 1551 874 1581 εἰς
888 1569 909 1598 C

81 1597 186 1633 ἀρετὴν
210 1597 439 1632 καταδεσμεῖσθαι
464 1595 678 1632 φιλοστοργίαις.
701 1595 829 1623 Τοιοῦτόν
848 1603 875 1621 τι

82 1643 262 1679 πεπραχότας
283 1643 437 1679 εὑρήσομεν
455 1642 519 1674 τοὺς
539 1642 634 1676 ἁγίους
650 1641 828 1674 ἀποστόλους,
851 1641 876 1668 οἳ

82 1691 141 1721 τοῖς
158 1688 189 1721 ἐξ
204 1688 289 1716 ὲθνῶν
306 1679 510 1724 ἐπιστρέφουσι,
528 1689 574 1715 καὶ
588 1688 686 1715 νεωστὶ
697 1687 877 1722 κεκλημένοις

82 1737 123 1769 εις
137 1735 288 1770 ἐπίγνωσιν
303 1735 381 1768 Θεοῦ,
401 1736 495 1769 σαφῶς
509 1735 728 1762 ἐπιστέλλουσιν
747 1744 756 1760 ι
782 1734 876 1767 Ἔδοξε

82 1783 140 1818 γὰρ
155 1783 196 1818 τῷ
211 1782 282 1817 ἁγίῳ
300 1781 440 1817 Πνεύματι
457 1782 504 1809 καὶ
522 1782 597 1817 ἡμῖν,
615 1781 699 1816 μηδὲν
721 1780 800 1807 πλέον
817 1781 876 1807 ἐπι-

83 1828 208 1856 τίθεσθαι
222 1829 288 1864 ὑμῖν
299 1827 382 1863 βάρος
395 1848 401 1860 ,
421 1827 491 1863 πλὴν
500 1827 651 1862 ἀπέχεσθαι
661 1827 734 1862 ὑμᾶς
750 1826 877 1861 πορνείας

84 1876 133 1902 καὶ
150 1874 277 1907 πνικτοῦ,
295 1875 343 1901 καὶ
357 1874 482 1909 αἵματος.
496 1883 504 1899 ι
524 1873 662 1909 Παρέντες
677 1872 731 1908 γὰρ
741 1873 877 1907 οἰκονομι-

85 1920 142 1953 κῶς
155 1920 211 1947 τῶν
226 1920 403 1956 ὲνταλμάτων
423 1920 458 1947 τὰ
480 1919 680 1954 φορτικώτερα,
693 1918 772 1953 ὀλίγα
786 1926 815 1944 τε
830 1918 876 1945 καὶ

85 1967 226 2001 ἀναγκαῖα
232 1967 326 2001 τηρεῖν
341 1965 479 1999 ἐκέλευον,
492 1965 546 1992 τῶν
556 1964 657 2001 ἀρτίως
671 1963 879 2000 είσκεκομισμέ-

85 2020 140 2038 νων
150 2010 198 2038 επὶ
208 2009 239 2037 τδ
252 2010 350 2047 χρῆναι
362 2010 497 2036 θεοσεϐεῖν
510 2010 541 2036 τὸ
551 2009 707 2044 ἀτληπαθὲς
718 2009 768 2036 οὐκ
780 2010 878 2044 ὴγνση-

86 2057 175 2089 κότες.
192 2057 248 2083 Καὶ
268 2056 346 2091 γοῦν,
365 2056 456 2091 ἀνίησι
479 2056 527 2091 μὲν
550 2055 614 2087 τοὺς
632 2055 770 2086 τοιούτους
795 2056 809 2081 ὁ
823 2054 877 2081 τῶν

85 2103 155 2131 ὅλων
169 2103 237 2134 Θεὸς
251 2103 298 2129 καὶ
313 2102 398 2138 ὀργῆς
413 2101 460 2128 καὶ
484 2101 663 2137 αίτιαμάτων,
687 2101 737 2128 κᾶν
757 2101 780 2126 εί
800 2108 879 2135 περι-

85 2149 201 2177 πέσοιεν
220 2148 417 2183 ὀλιγοψυχίαις,
435 2148 485 2183 τὴν
504 2147 625 2183 ἀσυνήθη
642 2146 696 2174 τῶν
717 2147 806 2174 πόνων
821 2147 878 2173 δια-

87 2195 244 2230 στείχοντες
261 2194 330 2222 ὁδόν.
346 2194 544 2229 Είσπράττεται
558 2193 586 2220 δὲ
607 2193 677 2228 μετά
690 2193 770 2219 τοῦτο
787 2192 876 2224 δίκας,

921 268 1037 296 idoneus
1057 270 1110 301 erit
1127 270 1173 304 qui
1195 271 1328 305 probetur
1345 280 1376 299 ac
1393 271 1532 299 tentetur?
1551 275 1578 297 et
1599 272 1644 306 qui
1665 279 1710 299 sa-

921 315 1031 350 pientiae
1042 315 1222 343 contubernio
1238 316 1278 343 uti
1291 321 1416 344 recenter
1432 317 1575 352 inceperit,
1590 317 1613 344 si
1623 317 1650 344 in
1661 325 1710 345 eos

921 361 1060 394 inciderit,
1075 361 1122 396 qui
1142 365 1216 388 recta
1234 366 1405 396 pervertunt,
1427 369 1517 390 nonne
1535 367 1709 397 pervertetur

921 407 1013 441 potius
1035 414 1116 442 quam
1132 407 1234 439 vincat,
1245 411 1274 434 et
1285 407 1395 434 illorum
1409 407 1557 442 perniciem
1578 407 1707 443 depellat,

921 453 1022 487 quippe
1038 460 1100 479 cum
1112 460 1167 479 non
1180 452 1246 479 satis
1256 452 1347 479 adhuc
1359 453 1465 480 stabilis
1476 460 1507 480 ac
1525 452 1595 480 ﬁxus
1616 453 1642 479 in
1663 460 1709 479 sa-

922 498 1027 533 pientia
1040 497 1097 525 sit?

957 543 1055 570 PALL.
1067 543 1288 571 Consentaneum
1303 544 1423 571 videtur.

958 589 1036 616 CYR.
1051 589 1194 623 Praeterea,
1208 590 1254 625 qui
1268 589 1473 617 mansuetudini
1488 590 1589 623 studet,
1610 597 1710 625 provo-

921 640 1001 663 cante
1012 635 1115 670 aliquo,
1124 636 1147 663 si
1158 636 1281 663 nondum
1293 637 1321 663 in
1331 643 1363 663 ea
1374 635 1476 663 virtute
1487 636 1523 663 sit
1532 636 1709 669 exercitatus,

922 689 1013 709 nonne
1023 681 1103 709 facile
1114 682 1308 710 suceensebit?

958 726 1057 754 PALL.
1068 727 1108 754 lla
1120 727 1229 762 opinor.

957 771 1036 800 CYR.
1049 772 1222 800 Exercitatus
1238 777 1330 801 autem
1340 774 1450 809 sapiens
1464 781 1527 801 cum
1545 773 1713 807 sapientibus

923 816 1066 852 pugnabit,
1077 821 1105 844 et
1116 817 1226 844 illorum
1238 818 1344 857 astutia
1363 821 1466 844 rectam
1485 816 1617 844 rationem
1633 816 1713 843 forti-

924 867 967 890 ter
978 868 1109 898 opponet.

889 897 912 925 Β
958 897 1058 936 PALL.
1074 909 1175 936 Verum
1187 909 1246 936 est.‘

958 954 1037 982 CYR.
1049 953 1119 986 Quid
1131 961 1197 981 vero
1207 954 1264 986 ille,
1278 954 1326 988 qui
1338 953 1578 981 mansuetudinem
1591 957 1633 981 est
1651 960 1714 987 per-

924 999 994 1027 fecte
1005 1003 1179 1031 consecutus,
1189 1006 1281 1026 nonne
1295 998 1404 1026 dillicile
1419 999 1602 1031 succensebit,
1620 1007 1715 1034 quam-

924 1046 966 1072 vis
975 1053 1172 1080 nonnunquam
1184 1046 1218 1073 ab
1236 1045 1375 1080 aliquibus
1394 1045 1583 1080 provocetur?

959 1092 1058 1119 PALL.
1068 1092 1176 1119 Fateor.

959 1138 1038 1165 ΟΥΕ.
1053 1138 1137 1165 Recte
1161 1138 1252 1172 itaque
1276 1137 1330 1168 lex,
1354 1144 1417 1164 cum
1437 1136 1576 1171 eleganter
1597 1135 1670 1162 velut
1687 1135 1715 1161 in

924 1182 1049 1211 mulieris
1066 1182 1157 1217 specie
1177 1182 1307 1209 virtutem
1331 1185 1489 1209 sanctorum
1505 1181 1648 1215 conjugem
1666 1179 1715 1206 de-

924 1229 1078 1265 pinxisset:
1097 1238 1106 1254 ι
1122 1228 1149 1255 Si
1161 1229 1233 1263 quis,
1248 1227 1347 1263 inquit,
1359 1235 1448 1262 nuper
1467 1234 1578 1254 uxorem
1599 1233 1715 1260 accepe—

924 1275 971 1307 rit,
983 1282 1039 1301 non
1049 1273 1206 1309 egredietur
1218 1273 1254 1300 ad
1273 1273 1387 1305 bellum,
1400 1280 1489 1308 neque
1511 1272 1595 1299 ullum
1615 1279 1718 1298 munus

925 1321 949 1348 ei
962 1321 1133 1355 imponetur:
1150 1320 1279 1347 immunis
1290 1319 1344 1346 erit
1355 1320 1382 1346 in
1392 1319 1474 1347 domo
1487 1326 1545 1346 sua.
1560 1318 1639 1345 Anno
1650 1325 1716 1349 uno,

924 1365 1074 1393 laetiﬁcabit
1083 1373 1199 1392 uxorem
1219 1372 1308 1396 suam,
1321 1372 1403 1399 quam
1422 1364 1556 1398 accepit"
1570 1372 1576 1390 :
1594 1373 1602 1388 ι
1616 1370 1717 1391 onera-

925 1411 948 1439 ri
959 1418 1078 1446 namque
1087 1411 1230 1439 laboribus
1252 1418 1285 1437 ac
1309 1409 1548 1445 persecutionibus
1573 1416 1628 1435 non
1653 1416 1718 1443 per-

924 1456 1009 1483 mittit
1020 1463 1094 1488 eum,
1111 1455 1159 1490 qui
1168 1463 1256 1491 nuper
1266 1455 1351 1483 veluti
1381 1457 1539 1490 compactus
1559 1457 1599 1481 est
1618 1457 1647 1481 et
1672 1460 1717 1480 re-

926 1500 1042 1528 centiori
1056 1505 1099 1528 est
1107 1508 1172 1536 erga
1182 1500 1312 1527 virtutem
1322 1498 1432 1532 studio;
1449 1498 1498 1526 sed
1517 1502 1646 1533 tanquam
1668 1505 1717 1525 cu-

927 1547 965 1574 ris
976 1554 1091 1574 vacuum
1101 1550 1182 1581 atque
1192 1546 1266 1581 apud
1278 1554 1307 1573 se
1328 1549 1484 1572 manentem
1505 1553 1537 1572 ac
1554 1545 1641 1572 fotum
1660 1545 1718 1572 vir-

927 1592 994 1619 tutis
1002 1591 1144 1619 amoribus
1158 1590 1316 1619 conﬁrmari
1327 1590 1402 1618 sinit.
1423 1589 1564 1625 Ejusmodi
1579 1589 1718 1624 quidpiam

925 1642 1035 1665 sanctos
1044 1637 1182 1672 apostolos
1191 1636 1288 1664 fecisse
1301 1636 1482 1671 reperiemus,
1498 1636 1545 1670 qui
1557 1635 1590 1662 ad
1605 1636 1719 1670 gentiles

925 1690 1014 1718 nuper
1027 1689 1179 1710 conversos
1202 1685 1229 1708 et
1244 1681 1275 1708 ad
1288 1681 1338 1708 Dei
1359 1680 1527 1716 agnitionem
1542 1684 1654 1706 vocatos
1675 1686 1719 1706 sa-

926 1728 1033 1763 pienter
1049 1727 1176 1754 scribunt
1193 1735 1199 1753 ι
1216 1736 1224 1751 ι
1240 1726 1336 1754 Visum
1348 1729 1390 1753 est
1403 1725 1477 1752 enim
1496 1724 1609 1759 Spiritui
1625 1727 1719 1751 sancto

926 1777 954 1801 et
963 1772 1053 1805 nobis,
1065 1772 1134 1799 nihil
1145 1772 1216 1799 ultra
1233 1772 1374 1807 imponere
1394 1771 1473 1798 vobis
1493 1770 1595 1802 oneris,
1615 1769 1669 1796 nisi
1689 1774 1720 1796 ut

927 1818 1090 1846 abstineatis
1108 1825 1182 1851 vosa
1201 1817 1393 1849 fornicatione,
1411 1821 1440 1844 et
1455 1817 1587 1844 suﬂ'ocato
1610 1820 1637 1843 et
1656 1822 1719 1842 san-

926 1864 1009 1899 guine
1018 1863 1051 1890 ⁸⁷.
1073 1873 1082 1889 ι
1098 1862 1295 1891 Ριιιειετιιιὶεείε
1305 1863 1380 1890 enim
1395 1861 1512 1897 sapienti
1522 1861 1720 1896 gubemalione

927 1898 1063 1937 mandatis
1072 1908 1254 1944 gravioribus,
1273 1915 1360 1943 pauca
1373 1907 1497 1942 qumdam
1510 1915 1542 1934 ac
1564 1905 1721 1934 necessaria

927 1963 1035 1983 servare
1050 1950 1213 1990 jusserunt,
1239 1962 1301 1982 cum
1319 1954 1427 1981 illorum
1447 1953 1493 1988 qui
1511 1952 1593 1988 paulo
1610 1955 1672 1978 ante
1686 1950 1720 1978 ad

926 2001 1013 2029 Deum
1027 2001 1173 2028 colendum
1183 2000 1295 2028 adducti
1309 2003 1411 2031 essent,
1431 1999 1553 2026 infirmas
1573 1998 1599 2024 in
1618 1998 1723 2032 asperis

928 2047 1012 2074 rebus
1026 2046 1176 2074 tolerandis
1188 2046 1261 2073 vires
1271 2053 1327 2072 non
1337 2046 1506 2081 ignorarent.
1534 2044 1613 2078 154,
1627 2044 1722 2078 Itaque

928 2092 1084 2128 huiusmodi
1112 2092 1280 2125 hominibus,
1306 2092 1351 2119 ille
1380 2091 1569 2118 universorum
1589 2090 1671 2122 Deus,
1695 2093 1722 2117 et

929 2139 984 2166 iras
994 2142 1021 2165 et
1032 2138 1127 2174 culpas
1147 2138 1278 2171 remittit,
1290 2138 1398 2165 tametsi
1416 2137 1443 2164 in
1461 2137 1551 2171 pusilli
1577 2136 1660 2163 animi
1679 2135 1721 2162 vl-

930 2185 997 2211 tium
1018 2184 1177 2216 inciderint,
1199 2184 1264 2211 dum
1281 2184 1418 2211 insuetum
1438 2183 1561 2215 laborum
1583 2182 1653 2209 viam
1679 2182 1722 2208 in—

86 2241 134 2268 καὶ
147 2228 285 2277 υποφέρει
299 2240 392 2267 λοιπὸν
409 2228 466 2271 τοῖς
481 2239 509 2272 ἐξ
523 2239 609 2274 ὀργῆς
621 2239 781 2274 κινήμασιν,
796 2238 875 2265 ἀσθε-

930 2230 1102 2266 grediuntur.
1117 2230 1170 2257 Sed
1185 2234 1279 2265 postea
1297 2229 1397 2264 repetit
1418 2237 1522 2264 pmnas.
1547 2231 1574 2254 ct
1597 2228 1644 2254 ira:
1667 2235 1722 2254 sua:

85 2287 203 2319 νοῦντας
219 2288 269 2322 μὲν
286 2287 376 2313 οὐκέτι
392 2286 436 2312 διὰ
452 2286 482 2312 τὸ
494 2285 577 2320 ἄηθες
588 2286 616 2312 ὲν
627 2286 684 2316 τοῖς
697 2285 799 2317 πόνοις,
815 2284 879 2310 ἁνα-

87 2334 240 2364 πίπτοντας
258 2333 287 2359 δὲ
302 2332 403 2368 μᾶλλον
416 2333 456 2364 εἰς
472 2332 502 2358 τὸ
519 2331 568 2367 ἡδύ
591 2340 622 2358 τε
635 2332 683 2358 καὶ
698 2323 812 2366 ἅτρᾶχυ,
833 2331 880 2357 καὶ

87 2379 252 2414 ὲτοιμότατα
272 2377 496 2414 παραχεομένους
509 2379 549 2409 εἰς
563 2377 593 2404 τὸ
607 2377 709 2412 ἀπᾷδον
724 2376 826 2403 αὐτῶν.
843 2377 879 2402 Ἦ

86 2425 142 2461 γὰρ
157 2425 210 2451 οὐκ
225 2424 342 2459 ἀνάντης
360 2424 408 2459 μὲν
419 2423 528 2459 ἡάρετὴ
538 2444 545 2454 ,
558 2422 646 2450 καὶτὸ
659 2423 698 2454 είς
713 2422 797 2457 αὐτὴν
813 2421 879 2448 ἱέναι

87 2473 187 2509 τραχὺ,
202 2472 252 2499 καὶ
269 2471 358 2506 ἱδροῦν
373 2471 480 2506 ἀνάγκη
498 2471 543 2498 τὸν
561 2469 708 2506 κατορθοῦν
722 2470 878 2505 ᾑρημένον;

123 2562 229 2588 ΠΛΛΛ.
247 2561 331 2596 Φημί.

124 2608 208 2634 ΚΥΡ.
237 2607 306 2634 Ἀλλ’
321 2605 355 2642 ἦν
372 2615 424 2633 που
440 2607 489 2634 οὐκ
499 2607 623 2639 ἀπεικὸς,
646 2607 745 2642 μᾶλλον
761 2607 801 2640 δὲ,
830 2608 879 2643 οὐχ

88 2654 161 2681 ὅσιόν
180 2662 212 2680 τε
226 2653 274 2680 καὶ
289 2653 404 2689 πρέπον,
418 2653 480 2685 τοὺς
491 2653 540 2688 μὲν
551 2653 613 2689 ἄρτι
624 2654 692 2690 πρὸς
703 2653 782 2680 τοῦτο
792 2655 880 2689 ἠγμέ-

88 2708 161 2733 νους,
178 2699 414 2733 παιδαγωγεῖσθαι
427 2700 612 2735 συγγνώμαις,
628 2700 792 2735 προθυμίαις
804 2700 880 2727 οὔπω

89 2748 150 2778 ταῖς
170 2746 242 2780 ἄγαν
264 2745 486 2781 ἐρηρεισμένους,
504 2746 616 2778 ἁπαλοῖς
634 2747 662 2774 δὲ
676 2747 769 2783 ὥσπερ
793 2747 879 2780 ἰόντας

122 2825 145 2841 ⁸⁵
159 2824 241 2852 Deut.
260 2833 331 2854 xxxv,
347 2823 372 2850 3.

120 2884 163 2920 {1)
182 2883 229 2912 Sic
242 2883 305 2911 cod.
321 2883 401 2917 \'at.;
418 2884 520 2916 caeteri,
538 2884 660 2919 νικήσας.

412 2823 432 2838 ⁸⁷
447 2823 505 2850 Act.
522 2832 564 2855 xv,
578 2824 623 2855 :28,
645 2824 687 2851 20.

930 2276 1160 2304 commotionibus
1183 2275 1295 2310 subjicit
1311 2283 1359 2302 cos
1373 2275 1432 2309 qui,
1446 2282 1506 2301 cum
1529 2282 1584 2300 non
1606 2272 1722 2307 amplius

930 2321 1140 2350 desuetudinem
1152 2320 1278 2348 laborum
1295 2319 1475 2347 imbecillitati
1496 2327 1551 2345 sure
1573 2322 1722 2352 praetexere

931 2368 1049 2403 possint,
1065 2367 1099 2394 ad
1120 2366 1265 2394 illecebras
1285 2366 1376 2401 potius
1393 2369 1474 2400 atque
1497 2363 1638 2391 mollitiem
1658 2370 1722 2398 pro-

927 2414 1004 2450 jecti,
1015 2414 1196 2442 libentissime
1211 2421 1240 2441 se
1260 2413 1288 2440 iu
1302 2411 1460 2438 vecordiam
1475 2418 1551 2437 suam
1565 2409 1720 2436 clTundunt.

931 2461 974 2487 An
992 2468 1058 2488 vero
1081 2468 1135 2488 non
1159 2459 1244 2487 ardua
1264 2461 1307 2484 est
1328 2457 1426 2488 virtus,
1447 2460 1474 2482 et
1492 2463 1572 2490 asper
1595 2455 1628 2482 ad
1649 2454 1722 2481 illam

934 2515 1076 2538 accessus,
1088 2514 1120 2533 ac
1140 2506 1238 2533 sudare
1262 2510 1375 2531 necesse
1392 2506 1433 2528 cst
1449 2502 1496 2536 qui
1521 2502 1593 2528 illius
1612 2508 1722 2536 compos

935 2553 994 2580 ﬁeri
1016 2552 1152 2580 voluerit?

970 2600 1068 2627 PALL.
1080 2599 1188 2626 Fateor.

969 2645 1047 2673 ΟΥΕ.
1058 2645 1118 2672 Non
1133 2649 1174 2672 est
1191 2648 1281 2671 autem
1296 2642 1456 2673 absurdum,
1471 2641 1525 2668 imo
1539 2648 1604 2667 vero
1614 2646 1722 2673 aequum

931 2696 1015 2727 atque
1025 2691 1203 2721 conveniens,
1218 2689 1264 2724 qui
1277 2697 1364 2723 nuper
1379 2691 1444 2715 sunt
1463 2687 1496 2715 ad
1515 2687 1567 2714 hoc
1584 2684 1721 2720 perducti.

933 2745 980 2765 cos
999 2745 1061 2764 cum
1080 2736 1162 2764 animi
1185 2735 1323 2762 alacritate
1343 2733 1464 2760 nondum
1486 2732 1550 2760 satis
1570 2727 1722 2758 conﬁrmati
