  <div class='ocr_page' id='page_1' title='image "/cluster/home/n/w/nwhite01/storage/ocr_20150623/68/njp.32101077772711/223.png"; bbox 0 0 1934 3042; ppageno 0'>
   <div class='ocr_carea' id='block_1_1' title="bbox 246 161 299 189">
    <p class='ocr_par' dir='ltr' id='par_1_1' title="bbox 246 161 299 189">
     <span class='ocr_line' id='line_1_1' title="bbox 246 161 299 189; baseline 0.019 -1"><span class='ocrx_word' id='word_1_1' title='bbox 246 161 299 189; x_wconf 71' lang='lat'><strong>379</strong></span> 
     </span>
    </p>
   </div>
   <div class='ocr_carea' id='block_1_2' title="bbox 742 146 1363 188">
    <p class='ocr_par' dir='ltr' id='par_1_2' title="bbox 742 146 1363 188">
     <span class='ocr_line' id='line_1_2' title="bbox 742 146 1363 188; baseline -0.003 -2"><span class='ocrx_word' id='word_1_2' title='bbox 742 159 770 187; x_wconf 90' lang='lat' dir='ltr'><strong>s.</strong></span> <span class='ocrx_word' id='word_1_3' title='bbox 792 159 930 188; x_wconf 75' lang='lat' dir='ltr'><strong>CYRILLI</strong></span> <span class='ocrx_word' id='word_1_4' title='bbox 950 158 1185 187; x_wconf 75' lang='lat' dir='ltr'><strong>ALEXANDRINI</strong></span> <span class='ocrx_word' id='word_1_5' title='bbox 1205 146 1363 188; x_wconf 62' lang='lat' dir='ltr'><strong>incum.</strong></span> 
     </span>
    </p>
   </div>
   <div class='ocr_carea' id='block_1_3' title="bbox 1828 157 1880 186">
    <p class='ocr_par' dir='ltr' id='par_1_3' title="bbox 1828 157 1880 186">
     <span class='ocr_line' id='line_1_3' title="bbox 1828 157 1880 186; baseline 0 -2"><span class='ocrx_word' id='word_1_6' title='bbox 1828 157 1880 186; x_wconf 50' lang='grc' dir='ltr'>Ἦ</span> 
     </span>
    </p>
   </div>
   <div class='ocr_carea' id='block_1_4' title="bbox 247 215 1032 252">
    <p class='ocr_par' dir='ltr' id='par_1_4' title="bbox 247 215 1032 252">
     <span class='ocr_line' id='line_1_4' title="bbox 247 215 1032 252; baseline -0.003 -6"><span class='ocrx_word' id='word_1_7' title='bbox 247 219 314 250; x_wconf 83' lang='lat' dir='ltr'><strong>sint,</strong></span> <span class='ocrx_word' id='word_1_8' title='bbox 331 217 378 246; x_wconf 86' lang='lat' dir='ltr'><strong>sed</strong></span> <span class='ocrx_word' id='word_1_9' title='bbox 396 216 481 245; x_wconf 84' lang='lat' dir='ltr'><strong>veluti</strong></span> <span class='ocrx_word' id='word_1_10' title='bbox 496 215 600 244; x_wconf 78' lang='lat' dir='ltr'><strong>teneris</strong></span> <span class='ocrx_word' id='word_1_11' title='bbox 615 216 705 245; x_wconf 89' lang='lat' dir='ltr'><strong>adbuc</strong></span> <span class='ocrx_word' id='word_1_12' title='bbox 714 217 832 252; x_wconf 82' lang='lat' dir='ltr'><strong>pedibus</strong></span> <span class='ocrx_word' id='word_1_13' title='bbox 846 218 996 251; x_wconf 82' lang='lat' dir='ltr'><strong>ambulem,</strong></span> <span class='ocrx_word' id='word_1_14' title='bbox 1008 222 1032 245; x_wconf 88' lang='lat' dir='ltr'><strong>el</strong></span> 
     </span>
    </p>
   </div>
   <div class='ocr_carea' id='block_1_5' title="bbox 1085 215 1880 252">
    <p class='ocr_par' dir='ltr' id='par_1_5' title="bbox 1087 215 1880 250">
     <span class='ocr_line' id='line_1_5' title="bbox 1087 215 1880 250; baseline -0.003 -6"><span class='ocrx_word' id='word_1_15' title='bbox 1087 217 1161 250; x_wconf 79' lang='grc' dir='ltr'>ποσὶ,</span> <span class='ocrx_word' id='word_1_16' title='bbox 1179 217 1225 244; x_wconf 77' lang='grc' dir='ltr'>καὶ</span> <span class='ocrx_word' id='word_1_17' title='bbox 1238 216 1384 248; x_wconf 78' lang='grc' dir='ltr'><strong>νοσοῦντας</strong></span> <span class='ocrx_word' id='word_1_18' title='bbox 1396 216 1437 243; x_wconf 68' lang='grc' dir='ltr'>ἔτι</span> <span class='ocrx_word' id='word_1_19' title='bbox 1451 215 1482 243; x_wconf 82' lang='grc' dir='ltr'><strong>τδ</strong></span> <span class='ocrx_word' id='word_1_20' title='bbox 1493 215 1602 248; x_wconf 58' lang='lat' dir='ltr'><strong>sum,</strong></span> <span class='ocrx_word' id='word_1_21' title='bbox 1621 215 1713 248; x_wconf 72' lang='grc' dir='ltr'>πόνοις</span> <span class='ocrx_word' id='word_1_22' title='bbox 1729 223 1760 242; x_wconf 78' lang='grc' dir='ltr'>τε</span> <span class='ocrx_word' id='word_1_23' title='bbox 1772 215 1820 243; x_wconf 79' lang='grc' dir='ltr'>καὶ</span> <span class='ocrx_word' id='word_1_24' title='bbox 1832 216 1880 250; x_wconf 83' lang='grc' dir='ltr'><strong>φό-</strong></span> 
     </span>
    </p>
   </div>
   <div class='ocr_carea' id='block_1_6' title="bbox 248 261 1032 299">
    <p class='ocr_par' dir='ltr' id='par_1_6' title="bbox 248 261 1032 299">
     <span class='ocr_line' id='line_1_6' title="bbox 248 261 1032 299; baseline 0 -9"><span class='ocrx_word' id='word_1_25' title='bbox 248 262 435 290; x_wconf 82' lang='lat' dir='ltr'><strong>imbecillitate</strong></span> <span class='ocrx_word' id='word_1_26' title='bbox 447 261 584 294; x_wconf 90' lang='lat' dir='ltr'><strong>laborent,</strong></span> <span class='ocrx_word' id='word_1_27' title='bbox 597 261 749 298; x_wconf 70' lang='lat' dir='ltr'><strong>indulgenti</strong></span> <span class='ocrx_word' id='word_1_28' title='bbox 760 263 948 291; x_wconf 71' lang='lat' dir='ltr'><strong>moderatione</strong></span> <span class='ocrx_word' id='word_1_29' title='bbox 960 263 1032 299; x_wconf 75' lang='lat' dir='ltr'><strong>regi;</strong></span> 
     </span>
    </p>
   </div>
   <div class='ocr_carea' id='block_1_7' title="bbox 247 307 1034 345">
    <p class='ocr_par' dir='ltr' id='par_1_7' title="bbox 247 307 1034 345">
     <span class='ocr_line' id='line_1_7' title="bbox 247 307 1034 345; baseline 0.004 -10"><span class='ocrx_word' id='word_1_30' title='bbox 247 312 398 342; x_wconf 83' lang='lat' dir='ltr'><strong>contraque</strong></span> <span class='ocrx_word' id='word_1_31' title='bbox 415 307 490 334; x_wconf 83' lang='lat' dir='ltr'><strong>illum</strong></span> <span class='ocrx_word' id='word_1_32' title='bbox 509 308 689 337; x_wconf 79' lang='lat' dir='ltr'><strong>exercitatum</strong></span> <span class='ocrx_word' id='word_1_33' title='bbox 709 309 798 344; x_wconf 67' lang='lat' dir='ltr'><strong>poenis</strong></span> <span class='ocrx_word' id='word_1_34' title='bbox 817 309 855 345; x_wconf 74' lang='grc' dir='ltr'>(ιι)</span> <span class='ocrx_word' id='word_1_35' title='bbox 877 317 909 337; x_wconf 85' lang='lat' dir='ltr'><strong>ac</strong></span> <span class='ocrx_word' id='word_1_36' title='bbox 929 313 1034 338; x_wconf 83' lang='lat' dir='ltr'><strong>terrore</strong></span> 
     </span>
    </p>
   </div>
   <div class='ocr_carea' id='block_1_8' title="bbox 246 353 1033 391">
    <p class='ocr_par' dir='ltr' id='par_1_8' title="bbox 246 353 1033 391">
     <span class='ocr_line' id='line_1_8' title="bbox 246 353 1033 391; baseline 0.004 -10"><span class='ocrx_word' id='word_1_37' title='bbox 246 354 342 382; x_wconf 86' lang='lat' dir='ltr'><strong>durius</strong></span> <span class='ocrx_word' id='word_1_38' title='bbox 351 353 509 389; x_wconf 73' lang='lat' dir='ltr'><strong>gubernari,</strong></span> <span class='ocrx_word' id='word_1_39' title='bbox 517 361 549 381; x_wconf 86' lang='lat' dir='ltr'><strong>ac</strong></span> <span class='ocrx_word' id='word_1_40' title='bbox 556 354 640 381; x_wconf 88' lang='lat' dir='ltr'><strong>veluti</strong></span> <span class='ocrx_word' id='word_1_41' title='bbox 652 356 815 383; x_wconf 87' lang='lat' dir='ltr'><strong>necessitate</strong></span> <span class='ocrx_word' id='word_1_42' title='bbox 825 356 941 391; x_wconf 85' lang='lat' dir='ltr'><strong>quadam</strong></span> <span class='ocrx_word' id='word_1_43' title='bbox 950 356 985 384; x_wconf 89' lang='lat' dir='ltr'><strong>ad</strong></span> <span class='ocrx_word' id='word_1_44' title='bbox 993 357 1033 384; x_wconf 89' lang='lat' dir='ltr'><strong>la-</strong></span> 
     </span>
    </p>
   </div>
   <div class='ocr_carea' id='block_1_9' title="bbox 246 399 1032 435">
    <p class='ocr_par' dir='ltr' id='par_1_9' title="bbox 246 399 1032 435">
     <span class='ocr_line' id='line_1_9' title="bbox 246 399 1032 435; baseline 0.004 -9"><span class='ocrx_word' id='word_1_45' title='bbox 246 399 344 427; x_wconf 85' lang='lat' dir='ltr'><strong>borum</strong></span> <span class='ocrx_word' id='word_1_46' title='bbox 355 399 515 434; x_wconf 83' lang='lat' dir='ltr'><strong>patientiam</strong></span> <span class='ocrx_word' id='word_1_47' title='bbox 528 405 556 427; x_wconf 88' lang='lat' dir='ltr'><strong>et</strong></span> <span class='ocrx_word' id='word_1_48' title='bbox 564 399 737 435; x_wconf 84' lang='lat' dir='ltr'><strong>obsequendi</strong></span> <span class='ocrx_word' id='word_1_49' title='bbox 748 401 906 429; x_wconf 80' lang='lat' dir='ltr'><strong>facilitatem</strong></span> <span class='ocrx_word' id='word_1_50' title='bbox 923 402 1032 430; x_wconf 78' lang='lat' dir='ltr'><strong>adduci.</strong></span> 
     </span>
    </p>
   </div>
   <div class='ocr_carea' id='block_1_10' title="bbox 281 445 700 480">
    <p class='ocr_par' dir='ltr' id='par_1_10' title="bbox 281 445 700 480">
     <span class='ocr_line' id='line_1_10' title="bbox 281 445 700 480; baseline 0.002 -8"><span class='ocrx_word' id='word_1_51' title='bbox 281 445 380 472; x_wconf 79' lang='lat' dir='ltr'><strong>PALL.</strong></span> <span class='ocrx_word' id='word_1_52' title='bbox 394 445 502 480; x_wconf 87' lang='lat' dir='ltr'><strong>Optime</strong></span> <span class='ocrx_word' id='word_1_53' title='bbox 518 446 700 473; x_wconf 88' lang='lat' dir='ltr'><strong>ratiocinaris.</strong></span> 
     </span>
    </p>
   </div>
   <div class='ocr_carea' id='block_1_11' title="bbox 281 489 1033 527">
    <p class='ocr_par' dir='ltr' id='par_1_11' title="bbox 281 489 1033 527">
     <span class='ocr_line' id='line_1_11' title="bbox 281 489 1033 527; baseline 0.004 -10"><span class='ocrx_word' id='word_1_54' title='bbox 281 489 359 517; x_wconf 79' lang='lat' dir='ltr'><strong>CYR.</strong></span> <span class='ocrx_word' id='word_1_55' title='bbox 379 490 474 525; x_wconf 81' lang='lat' dir='ltr'><strong>Neque</strong></span> <span class='ocrx_word' id='word_1_56' title='bbox 490 498 555 517; x_wconf 85' lang='lat' dir='ltr'><strong>vero</strong></span> <span class='ocrx_word' id='word_1_57' title='bbox 568 498 600 517; x_wconf 91' lang='lat' dir='ltr'><strong>ea</strong></span> <span class='ocrx_word' id='word_1_58' title='bbox 616 498 661 518; x_wconf 88' lang='lat' dir='ltr'><strong>res</strong></span> <span class='ocrx_word' id='word_1_59' title='bbox 677 491 792 519; x_wconf 88' lang='lat' dir='ltr'><strong>obscura</strong></span> <span class='ocrx_word' id='word_1_60' title='bbox 807 496 859 525; x_wconf 89' lang='lat' dir='ltr'><strong>est,</strong></span> <span class='ocrx_word' id='word_1_61' title='bbox 877 493 900 520; x_wconf 86' lang='lat' dir='ltr'><strong>si</strong></span> <span class='ocrx_word' id='word_1_62' title='bbox 927 500 988 527; x_wconf 67' lang='lat' dir='ltr'><strong>quae</strong></span> <span class='ocrx_word' id='word_1_63' title='bbox 1005 493 1033 520; x_wconf 92' lang='lat' dir='ltr'><strong>in</strong></span> 
     </span>
    </p>
   </div>
   <div class='ocr_carea' id='block_1_12' title="bbox 245 534 1033 573">
    <p class='ocr_par' dir='ltr' id='par_1_12' title="bbox 245 534 1033 573">
     <span class='ocr_line' id='line_1_12' title="bbox 245 534 1033 573; baseline 0.005 -11"><span class='ocrx_word' id='word_1_64' title='bbox 245 534 333 570; x_wconf 84' lang='lat' dir='ltr'><strong>ﬁgura</strong></span> <span class='ocrx_word' id='word_1_65' title='bbox 343 536 440 571; x_wconf 83' lang='lat' dir='ltr'><strong>priscis</strong></span> <span class='ocrx_word' id='word_1_66' title='bbox 451 536 504 563; x_wconf 86' lang='lat' dir='ltr'><strong>illis</strong></span> <span class='ocrx_word' id='word_1_67' title='bbox 518 536 584 564; x_wconf 91' lang='lat' dir='ltr'><strong>viris</strong></span> <span class='ocrx_word' id='word_1_68' title='bbox 605 537 763 565; x_wconf 87' lang='lat' dir='ltr'><strong>acciderunt</strong></span> <span class='ocrx_word' id='word_1_69' title='bbox 778 538 923 573; x_wconf 72' lang='lat' dir='ltr'><strong>diligenter</strong></span> <span class='ocrx_word' id='word_1_70' title='bbox 936 539 1033 573; x_wconf 83' lang='lat' dir='ltr'><strong>exqui-</strong></span> 
     </span>
    </p>
   </div>
   <div class='ocr_carea' id='block_1_13' title="bbox 246 581 1034 618">
    <p class='ocr_par' dir='ltr' id='par_1_13' title="bbox 246 581 1034 618">
     <span class='ocr_line' id='line_1_13' title="bbox 246 581 1034 618; baseline 0.005 -10"><span class='ocrx_word' id='word_1_71' title='bbox 246 589 309 608; x_wconf 85' lang='lat' dir='ltr'><strong>rere</strong></span> <span class='ocrx_word' id='word_1_72' title='bbox 326 581 453 609; x_wconf 80' lang='lat' dir='ltr'><strong>velimus.</strong></span> <span class='ocrx_word' id='word_1_73' title='bbox 473 581 519 609; x_wconf 87' lang='lat' dir='ltr'><strong>Sic</strong></span> <span class='ocrx_word' id='word_1_74' title='bbox 534 582 608 609; x_wconf 86' lang='lat' dir='ltr'><strong>enim</strong></span> <span class='ocrx_word' id='word_1_75' title='bbox 625 583 757 618; x_wconf 87' lang='lat' dir='ltr'><strong>scriptum</strong></span> <span class='ocrx_word' id='word_1_76' title='bbox 772 588 832 612; x_wconf 81' lang='lat' dir='ltr'><strong>est:</strong></span> <span class='ocrx_word' id='word_1_77' title='bbox 852 594 861 610; x_wconf 79' lang='grc' dir='ltr'><strong>ι</strong></span> <span class='ocrx_word' id='word_1_78' title='bbox 873 584 974 612; x_wconf 82' lang='lat' dir='ltr'><strong>Eduxit</strong></span> <span class='ocrx_word' id='word_1_79' title='bbox 987 593 1034 612; x_wconf 83' lang='lat' dir='ltr'><strong>au-</strong></span> 
     </span>
    </p>
   </div>
   <div class='ocr_carea' id='block_1_14' title="bbox 247 627 1033 663">
    <p class='ocr_par' dir='ltr' id='par_1_14' title="bbox 247 627 1033 663">
     <span class='ocr_line' id='line_1_14' title="bbox 247 627 1033 663; baseline 0.004 -8"><span class='ocrx_word' id='word_1_80' title='bbox 247 632 303 655; x_wconf 87' lang='lat' dir='ltr'><strong>tem</strong></span> <span class='ocrx_word' id='word_1_81' title='bbox 315 627 420 663; x_wconf 82' lang='lat' dir='ltr'><strong>Moyses</strong></span> <span class='ocrx_word' id='word_1_82' title='bbox 430 627 501 656; x_wconf 91' lang='lat' dir='ltr'><strong>ﬁlios</strong></span> <span class='ocrx_word' id='word_1_83' title='bbox 510 628 592 657; x_wconf 76' lang='lat' dir='ltr'><strong>ls’rael</strong></span> <span class='ocrx_word' id='word_1_84' title='bbox 605 629 639 656; x_wconf 87' lang='lat' dir='ltr'><strong>de</strong></span> <span class='ocrx_word' id='word_1_85' title='bbox 651 629 720 657; x_wconf 85' lang='lat' dir='ltr'><strong>mari</strong></span> <span class='ocrx_word' id='word_1_86' title='bbox 738 630 843 661; x_wconf 76' lang='lat' dir='ltr'><strong>Rubro,</strong></span> <span class='ocrx_word' id='word_1_87' title='bbox 853 634 882 657; x_wconf 88' lang='lat' dir='ltr'><strong>et</strong></span> <span class='ocrx_word' id='word_1_88' title='bbox 896 630 974 658; x_wconf 83' lang='lat' dir='ltr'><strong>duxit</strong></span> <span class='ocrx_word' id='word_1_89' title='bbox 985 638 1033 658; x_wconf 90' lang='lat' dir='ltr'><strong>eos</strong></span> 
     </span>
    </p>
   </div>
   <div class='ocr_carea' id='block_1_15' title="bbox 246 672 1033 703">
    <p class='ocr_par' dir='ltr' id='par_1_15' title="bbox 246 672 1033 703">
     <span class='ocr_line' id='line_1_15' title="bbox 246 672 1033 703; baseline 0.003 -4"><span class='ocrx_word' id='word_1_90' title='bbox 246 672 275 699; x_wconf 92' lang='lat' dir='ltr'><strong>in</strong></span> <span class='ocrx_word' id='word_1_91' title='bbox 287 672 426 700; x_wconf 84' lang='lat' dir='ltr'><strong>desertum</strong></span> <span class='ocrx_word' id='word_1_92' title='bbox 442 672 495 700; x_wconf 91' lang='lat' dir='ltr'><strong>Sur</strong></span> <span class='ocrx_word' id='word_1_93' title='bbox 507 681 512 699; x_wconf 96' lang='lat'>:</span> <span class='ocrx_word' id='word_1_94' title='bbox 525 677 553 700; x_wconf 87' lang='lat' dir='ltr'><strong>et</strong></span> <span class='ocrx_word' id='word_1_95' title='bbox 566 673 775 703; x_wconf 79' lang='lat' dir='ltr'><strong>ambulaverunt</strong></span> <span class='ocrx_word' id='word_1_96' title='bbox 787 679 842 700; x_wconf 84' lang='lat' dir='ltr'><strong>tres</strong></span> <span class='ocrx_word' id='word_1_97' title='bbox 860 673 919 701; x_wconf 89' lang='lat' dir='ltr'><strong>dies</strong></span> <span class='ocrx_word' id='word_1_98' title='bbox 937 674 966 701; x_wconf 89' lang='lat' dir='ltr'><strong>in</strong></span> <span class='ocrx_word' id='word_1_99' title='bbox 984 674 1033 702; x_wconf 88' lang='lat' dir='ltr'><strong>de-</strong></span> 
     </span>
    </p>
   </div>
   <div class='ocr_carea' id='block_1_16' title="bbox 246 719 1033 754">
    <p class='ocr_par' dir='ltr' id='par_1_16' title="bbox 246 719 1033 754">
     <span class='ocr_line' id='line_1_16' title="bbox 246 719 1033 754; baseline 0.003 -8"><span class='ocrx_word' id='word_1_100' title='bbox 246 723 331 752; x_wconf 84' lang='lat' dir='ltr'><strong>serto,</strong></span> <span class='ocrx_word' id='word_1_101' title='bbox 346 727 398 746; x_wconf 89' lang='lat' dir='ltr'><strong>nec</strong></span> <span class='ocrx_word' id='word_1_102' title='bbox 413 719 592 746; x_wconf 79' lang='lat' dir='ltr'><strong>inveniebant</strong></span> <span class='ocrx_word' id='word_1_103' title='bbox 611 727 712 754; x_wconf 87' lang='lat' dir='ltr'><strong>aquam</strong></span> <span class='ocrx_word' id='word_1_104' title='bbox 720 719 757 748; x_wconf 86' lang='lat' dir='ltr'><strong>ad</strong></span> <span class='ocrx_word' id='word_1_105' title='bbox 770 719 931 748; x_wconf 86' lang='lat' dir='ltr'><strong>bibendum.</strong></span> <span class='ocrx_word' id='word_1_106' title='bbox 943 720 1033 748; x_wconf 83' lang='lat' dir='ltr'><strong>Vene-</strong></span> 
     </span>
    </p>
   </div>
   <div class='ocr_carea' id='block_1_17' title="bbox 246 759 1033 801">
    <p class='ocr_par' dir='ltr' id='par_1_17' title="bbox 246 759 1033 801">
     <span class='ocr_line' id='line_1_17' title="bbox 246 759 1033 801; baseline 0.003 -10"><span class='ocrx_word' id='word_1_107' title='bbox 246 768 312 792; x_wconf 85' lang='lat' dir='ltr'><strong>runt</strong></span> <span class='ocrx_word' id='word_1_108' title='bbox 328 769 419 792; x_wconf 87' lang='lat' dir='ltr'><strong>autem</strong></span> <span class='ocrx_word' id='word_1_109' title='bbox 442 764 470 791; x_wconf 92' lang='lat' dir='ltr'><strong>in</strong></span> <span class='ocrx_word' id='word_1_110' title='bbox 488 759 676 796; x_wconf 62' lang='lat' dir='ltr'><strong>Merrammec</strong></span> <span class='ocrx_word' id='word_1_111' title='bbox 697 768 823 800; x_wconf 81' lang='lat' dir='ltr'><strong>poterant</strong></span> <span class='ocrx_word' id='word_1_112' title='bbox 833 765 927 793; x_wconf 88' lang='lat' dir='ltr'><strong>bibere</strong></span> <span class='ocrx_word' id='word_1_113' title='bbox 935 774 1033 801; x_wconf 88' lang='lat' dir='ltr'><strong>aquam</strong></span> 
     </span>
    </p>
   </div>
   <div class='ocr_carea' id='block_1_18' title="bbox 245 809 1033 842">
    <p class='ocr_par' dir='ltr' id='par_1_18' title="bbox 245 809 1033 842">
     <span class='ocr_line' id='line_1_18' title="bbox 245 809 1033 842; baseline 0.004 -5"><span class='ocrx_word' id='word_1_114' title='bbox 245 817 280 837; x_wconf 77' lang='lat' dir='ltr'><strong>ex</strong></span> <span class='ocrx_word' id='word_1_115' title='bbox 295 810 508 842; x_wconf 84' lang='lat' dir='ltr'><strong>Merra;amara</strong></span> <span class='ocrx_word' id='word_1_116' title='bbox 529 810 602 838; x_wconf 88' lang='lat' dir='ltr'><strong>enim</strong></span> <span class='ocrx_word' id='word_1_117' title='bbox 625 813 693 837; x_wconf 85' lang='lat' dir='ltr'><strong>erat.</strong></span> <span class='ocrx_word' id='word_1_118' title='bbox 714 809 783 838; x_wconf 73' lang='lat' dir='ltr'><strong>ideo</strong></span> <span class='ocrx_word' id='word_1_119' title='bbox 805 811 913 839; x_wconf 83' lang='lat' dir='ltr'><strong>vocavit</strong></span> <span class='ocrx_word' id='word_1_120' title='bbox 934 819 1033 840; x_wconf 85' lang='lat' dir='ltr'><strong>nomen</strong></span> 
     </span>
    </p>
   </div>
   <div class='ocr_carea' id='block_1_19' title="bbox 244 848 1033 893">
    <p class='ocr_par' dir='ltr' id='par_1_19' title="bbox 244 848 1033 893">
     <span class='ocr_line' id='line_1_19' title="bbox 244 848 1033 893; baseline 0.004 -10"><span class='ocrx_word' id='word_1_121' title='bbox 244 855 297 883; x_wconf 84' lang='lat' dir='ltr'><strong>loci</strong></span> <span class='ocrx_word' id='word_1_122' title='bbox 319 856 392 884; x_wconf 91' lang='lat' dir='ltr'><strong>illius</strong></span> <span class='ocrx_word' id='word_1_123' title='bbox 410 848 642 884; x_wconf 21' lang='lat' dir='ltr'><strong>Amaritudinem.‘</strong></span> <span class='ocrx_word' id='word_1_124' title='bbox 659 857 694 883; x_wconf 89' lang='lat' dir='ltr'><strong>Et</strong></span> <span class='ocrx_word' id='word_1_125' title='bbox 715 857 899 884; x_wconf 89' lang='lat' dir='ltr'><strong>murmuravit</strong></span> <span class='ocrx_word' id='word_1_126' title='bbox 916 857 1033 893; x_wconf 88' lang='lat' dir='ltr'><strong>populus</strong></span> 
     </span>
    </p>
   </div>
   <div class='ocr_carea' id='block_1_20' title="bbox 1085 261 1880 299">
    <p class='ocr_par' dir='ltr' id='par_1_20' title="bbox 1085 261 1880 299">
     <span class='ocr_line' id='line_1_20' title="bbox 1085 261 1880 299; baseline -0.003 -9"><span class='ocrx_word' id='word_1_127' title='bbox 1085 263 1143 295; x_wconf 76' lang='grc' dir='ltr'>σοις</span> <span class='ocrx_word' id='word_1_128' title='bbox 1177 262 1434 299; x_wconf 77' lang='grc' dir='ltr'>σχληραγωγεῖσθαι</span> <span class='ocrx_word' id='word_1_129' title='bbox 1461 262 1507 290; x_wconf 74' lang='grc' dir='ltr'><strong>τὸν</strong></span> <span class='ocrx_word' id='word_1_130' title='bbox 1533 261 1656 297; x_wconf 77' lang='grc' dir='ltr'>ὲντριὸἧ,</span> <span class='ocrx_word' id='word_1_131' title='bbox 1683 261 1816 297; x_wconf 78' lang='grc' dir='ltr'>καθάπερ</span> <span class='ocrx_word' id='word_1_132' title='bbox 1850 263 1880 295; x_wconf 74' lang='grc' dir='ltr'>ιξ</span> 
     </span>
    </p>
   </div>
   <div class='ocr_carea' id='block_1_21' title="bbox 1085 307 1879 346">
    <p class='ocr_par' dir='ltr' id='par_1_21' title="bbox 1085 307 1879 346">
     <span class='ocr_line' id='line_1_21' title="bbox 1085 307 1879 346; baseline -0.001 -10"><span class='ocrx_word' id='word_1_133' title='bbox 1085 309 1207 344; x_wconf 71' lang='grc' dir='ltr'>ἀνάγκης</span> <span class='ocrx_word' id='word_1_134' title='bbox 1219 309 1269 346; x_wconf 67' lang='grc' dir='ltr'>ἤδη</span> <span class='ocrx_word' id='word_1_135' title='bbox 1280 318 1332 336; x_wconf 89' lang='grc' dir='ltr'><strong>που</strong></span> <span class='ocrx_word' id='word_1_136' title='bbox 1345 309 1532 346; x_wconf 77' lang='grc' dir='ltr'><strong>ἀποφέρεσθαι</strong></span> <span class='ocrx_word' id='word_1_137' title='bbox 1545 307 1637 336; x_wconf 78' lang='grc' dir='ltr'>λοιπὸν</span> <span class='ocrx_word' id='word_1_138' title='bbox 1645 309 1685 341; x_wconf 80' lang='grc' dir='ltr'>είς</span> <span class='ocrx_word' id='word_1_139' title='bbox 1700 308 1730 335; x_wconf 81' lang='grc' dir='ltr'>τὸ</span> <span class='ocrx_word' id='word_1_140' title='bbox 1741 308 1879 344; x_wconf 77' lang='grc' dir='ltr'>τληπαθὲς</span> 
     </span>
    </p>
   </div>
   <div class='ocr_carea' id='block_1_22' title="bbox 1085 355 1274 391">
    <p class='ocr_par' dir='ltr' id='par_1_22' title="bbox 1085 355 1274 391">
     <span class='ocr_line' id='line_1_22' title="bbox 1085 355 1274 391; baseline 0 -9"><span class='ocrx_word' id='word_1_141' title='bbox 1085 355 1132 383; x_wconf 77' lang='grc' dir='ltr'>καὶ</span> <span class='ocrx_word' id='word_1_142' title='bbox 1147 356 1253 391; x_wconf 80' lang='grc' dir='ltr'><strong>εὐήνιον</strong></span> <span class='ocrx_word' id='word_1_143' title='bbox 1265 364 1274 385; x_wconf 79' lang='lat'>:</span> 
     </span>
    </p>
   </div>
   <div class='ocr_carea' id='block_1_23' title="bbox 1121 445 1476 482">
    <p class='ocr_par' dir='ltr' id='par_1_23' title="bbox 1121 445 1476 482">
     <span class='ocr_line' id='line_1_23' title="bbox 1121 445 1476 482; baseline -0.006 -9"><span class='ocrx_word' id='word_1_144' title='bbox 1121 446 1225 473; x_wconf 80' lang='grc' dir='ltr'><strong>ΠΑΛΛ.</strong></span> <span class='ocrx_word' id='word_1_145' title='bbox 1243 447 1359 482; x_wconf 79' lang='grc' dir='ltr'>’Δριστα</span> <span class='ocrx_word' id='word_1_146' title='bbox 1373 445 1476 480; x_wconf 75' lang='grc' dir='ltr'>διανοῇ.</span> 
     </span>
    </p>
   </div>
   <div class='ocr_carea' id='block_1_24' title="bbox 1121 490 1879 528">
    <p class='ocr_par' dir='ltr' id='par_1_24' title="bbox 1121 490 1879 528">
     <span class='ocr_line' id='line_1_24' title="bbox 1121 490 1879 528; baseline -0.001 -9"><span class='ocrx_word' id='word_1_147' title='bbox 1121 492 1203 519; x_wconf 83' lang='grc' dir='ltr'><strong>ΚΥΡ.</strong></span> <span class='ocrx_word' id='word_1_148' title='bbox 1227 492 1282 519; x_wconf 72' lang='grc' dir='ltr'>Καὶ</span> <span class='ocrx_word' id='word_1_149' title='bbox 1296 492 1327 518; x_wconf 76' lang='grc' dir='ltr'><strong>τὸ</strong></span> <span class='ocrx_word' id='word_1_150' title='bbox 1340 491 1436 528; x_wconf 83' lang='grc' dir='ltr'>χρῆμά</span> <span class='ocrx_word' id='word_1_151' title='bbox 1455 492 1528 517; x_wconf 80' lang='grc' dir='ltr'>ἐστιν</span> <span class='ocrx_word' id='word_1_152' title='bbox 1542 490 1592 517; x_wconf 78' lang='grc' dir='ltr'>οὐκ</span> <span class='ocrx_word' id='word_1_153' title='bbox 1612 491 1785 525; x_wconf 83' lang='grc' dir='ltr'>ἀσυμφανὲς,</span> <span class='ocrx_word' id='word_1_154' title='bbox 1807 490 1833 517; x_wconf 82' lang='grc' dir='ltr'>εί</span> <span class='ocrx_word' id='word_1_155' title='bbox 1847 491 1879 518; x_wconf 80' lang='grc' dir='ltr'><strong>τὰ</strong></span> 
     </span>
    </p>
   </div>
   <div class='ocr_carea' id='block_1_25' title="bbox 1084 536 1879 573">
    <p class='ocr_par' dir='ltr' id='par_1_25' title="bbox 1084 536 1879 573">
     <span class='ocr_line' id='line_1_25' title="bbox 1084 536 1879 573; baseline -0.004 -7"><span class='ocrx_word' id='word_1_156' title='bbox 1084 538 1206 570; x_wconf 82' lang='grc' dir='ltr'>τυπικῶς</span> <span class='ocrx_word' id='word_1_157' title='bbox 1219 539 1276 570; x_wconf 83' lang='grc' dir='ltr'>τοῖς</span> <span class='ocrx_word' id='word_1_158' title='bbox 1293 538 1419 573; x_wconf 83' lang='grc' dir='ltr'>ἀρχαίοις</span> <span class='ocrx_word' id='word_1_159' title='bbox 1431 546 1461 564; x_wconf 90' lang='grc' dir='ltr'><strong>συ</strong></span> <span class='ocrx_word' id='word_1_160' title='bbox 1466 537 1622 572; x_wconf 75' lang='grc' dir='ltr'>μϐεῧηκότα</span> <span class='ocrx_word' id='word_1_161' title='bbox 1637 536 1879 573; x_wconf 65' lang='grc' dir='ltr'><strong>πολυπραγμονεῖν</strong></span> 
     </span>
    </p>
   </div>
   <div class='ocr_carea' id='block_1_26' title="bbox 1084 583 1878 620">
    <p class='ocr_par' dir='ltr' id='par_1_26' title="bbox 1084 583 1878 620">
     <span class='ocr_line' id='line_1_26' title="bbox 1084 583 1878 620; baseline -0.004 -8"><span class='ocrx_word' id='word_1_162' title='bbox 1084 585 1235 620; x_wconf 75' lang='grc' dir='ltr'>ἐθέλοιμεν.</span> <span class='ocrx_word' id='word_1_163' title='bbox 1253 585 1411 620; x_wconf 78' lang='grc' dir='ltr'><strong>Γέγραπται</strong></span> <span class='ocrx_word' id='word_1_164' title='bbox 1423 583 1477 619; x_wconf 87' lang='grc' dir='ltr'><strong>γάρ</strong></span> <span class='ocrx_word' id='word_1_165' title='bbox 1501 583 1566 610; x_wconf 82' lang='grc' dir='ltr'>ὡδί·</span> <span class='ocrx_word' id='word_1_166' title='bbox 1588 593 1598 609; x_wconf 75' lang='grc' dir='ltr'><strong>ι</strong></span> <span class='ocrx_word' id='word_1_167' title='bbox 1619 583 1715 618; x_wconf 78' lang='grc' dir='ltr'><strong>Ἐξῆρε</strong></span> <span class='ocrx_word' id='word_1_168' title='bbox 1730 584 1760 610; x_wconf 78' lang='grc' dir='ltr'>δὲ</span> <span class='ocrx_word' id='word_1_169' title='bbox 1775 584 1878 618; x_wconf 82' lang='grc' dir='ltr'><strong>Μωσῆς</strong></span> 
     </span>
    </p>
   </div>
   <div class='ocr_carea' id='block_1_27' title="bbox 1084 629 1877 665">
    <p class='ocr_par' dir='ltr' id='par_1_27' title="bbox 1084 629 1877 665">
     <span class='ocr_line' id='line_1_27' title="bbox 1084 629 1877 665; baseline -0.003 -7"><span class='ocrx_word' id='word_1_170' title='bbox 1084 631 1148 663; x_wconf 83' lang='grc' dir='ltr'>τοὺς</span> <span class='ocrx_word' id='word_1_171' title='bbox 1160 630 1236 662; x_wconf 76' lang='grc' dir='ltr'>υἱοὺς</span> <span class='ocrx_word' id='word_1_172' title='bbox 1251 629 1360 665; x_wconf 79' lang='grc' dir='ltr'>Ἰσραὴλ</span> <span class='ocrx_word' id='word_1_173' title='bbox 1369 629 1423 656; x_wconf 80' lang='grc' dir='ltr'>ἀπὸ</span> <span class='ocrx_word' id='word_1_174' title='bbox 1434 629 1572 664; x_wconf 80' lang='grc' dir='ltr'><strong>θαλάσσης</strong></span> <span class='ocrx_word' id='word_1_175' title='bbox 1591 629 1737 664; x_wconf 81' lang='grc' dir='ltr'>Ἐρυθρᾶς.</span> <span class='ocrx_word' id='word_1_176' title='bbox 1752 630 1802 656; x_wconf 71' lang='grc' dir='ltr'>καὶ</span> <span class='ocrx_word' id='word_1_177' title='bbox 1810 629 1877 665; x_wconf 65' lang='grc' dir='ltr'>ἠγα-</span> 
     </span>
    </p>
   </div>
   <div class='ocr_carea' id='block_1_28' title="bbox 1085 676 1878 712">
    <p class='ocr_par' dir='ltr' id='par_1_28' title="bbox 1085 676 1878 712">
     <span class='ocr_line' id='line_1_28' title="bbox 1085 676 1878 712; baseline -0.003 -8"><span class='ocrx_word' id='word_1_178' title='bbox 1085 686 1132 712; x_wconf 85' lang='grc' dir='ltr'>γεν</span> <span class='ocrx_word' id='word_1_179' title='bbox 1156 677 1253 708; x_wconf 81' lang='grc' dir='ltr'>αὐτοὺς</span> <span class='ocrx_word' id='word_1_180' title='bbox 1274 677 1314 708; x_wconf 75' lang='grc' dir='ltr'><strong>εἰς</strong></span> <span class='ocrx_word' id='word_1_181' title='bbox 1328 676 1378 711; x_wconf 81' lang='grc' dir='ltr'>τὴν</span> <span class='ocrx_word' id='word_1_182' title='bbox 1402 677 1506 712; x_wconf 75' lang='grc' dir='ltr'>ἔρημον</span> <span class='ocrx_word' id='word_1_183' title='bbox 1533 676 1619 711; x_wconf 84' lang='grc' dir='ltr'>Σούρ·</span> <span class='ocrx_word' id='word_1_184' title='bbox 1641 677 1689 703; x_wconf 78' lang='grc' dir='ltr'>καὶ</span> <span class='ocrx_word' id='word_1_185' title='bbox 1713 676 1878 712; x_wconf 76' lang='grc' dir='ltr'><strong>ἐπορεύοντο</strong></span> 
     </span>
    </p>
   </div>
   <div class='ocr_carea' id='block_1_29' title="bbox 1083 721 1875 759">
    <p class='ocr_par' dir='ltr' id='par_1_29' title="bbox 1083 721 1875 759">
     <span class='ocr_line' id='line_1_29' title="bbox 1083 721 1875 759; baseline -0.001 -9"><span class='ocrx_word' id='word_1_186' title='bbox 1083 725 1160 759; x_wconf 80' lang='grc' dir='ltr'><strong>τρεῖς</strong></span> <span class='ocrx_word' id='word_1_187' title='bbox 1175 723 1283 759; x_wconf 81' lang='grc' dir='ltr'>ἡμέρας</span> <span class='ocrx_word' id='word_1_188' title='bbox 1302 723 1331 749; x_wconf 86' lang='grc' dir='ltr'>ὲν</span> <span class='ocrx_word' id='word_1_189' title='bbox 1346 723 1379 757; x_wconf 83' lang='grc' dir='ltr'>τῇ</span> <span class='ocrx_word' id='word_1_190' title='bbox 1398 723 1502 757; x_wconf 70' lang='grc' dir='ltr'>ἐρήμῳ,</span> <span class='ocrx_word' id='word_1_191' title='bbox 1521 721 1567 748; x_wconf 76' lang='grc' dir='ltr'>καὶ</span> <span class='ocrx_word' id='word_1_192' title='bbox 1583 721 1633 757; x_wconf 78' lang='grc' dir='ltr'><strong>οὐχ</strong></span> <span class='ocrx_word' id='word_1_193' title='bbox 1644 721 1778 757; x_wconf 78' lang='grc' dir='ltr'>ηὕρισκον</span> <span class='ocrx_word' id='word_1_194' title='bbox 1793 722 1875 758; x_wconf 82' lang='grc' dir='ltr'>ὕδωρ.</span> 
     </span>
    </p>
   </div>
   <div class='ocr_carea' id='block_1_30' title="bbox 1085 767 1878 802">
    <p class='ocr_par' dir='ltr' id='par_1_30' title="bbox 1085 767 1878 802">
     <span class='ocr_line' id='line_1_30' title="bbox 1085 767 1878 802; baseline -0.003 -6"><span class='ocrx_word' id='word_1_195' title='bbox 1085 769 1155 796; x_wconf 70' lang='grc' dir='ltr'>ὥστε</span> <span class='ocrx_word' id='word_1_196' title='bbox 1165 771 1247 796; x_wconf 83' lang='grc' dir='ltr'>πιεῐν.</span> <span class='ocrx_word' id='word_1_197' title='bbox 1261 767 1364 795; x_wconf 87' lang='grc' dir='ltr'>Ἦλθον</span> <span class='ocrx_word' id='word_1_198' title='bbox 1376 768 1404 794; x_wconf 78' lang='grc' dir='ltr'>δὲ</span> <span class='ocrx_word' id='word_1_199' title='bbox 1418 769 1459 799; x_wconf 84' lang='grc' dir='ltr'>είς</span> <span class='ocrx_word' id='word_1_200' title='bbox 1475 768 1600 802; x_wconf 78' lang='grc' dir='ltr'>Μερρἄ,</span> <span class='ocrx_word' id='word_1_201' title='bbox 1613 768 1662 794; x_wconf 79' lang='grc' dir='ltr'><strong>καὶ</strong></span> <span class='ocrx_word' id='word_1_202' title='bbox 1679 768 1728 794; x_wconf 85' lang='grc' dir='ltr'>οὐκ</span> <span class='ocrx_word' id='word_1_203' title='bbox 1745 767 1878 802; x_wconf 72' lang='grc' dir='ltr'>ἠδύναντο</span> 
     </span>
    </p>
   </div>
   <div class='ocr_carea' id='block_1_31' title="bbox 1086 811 1879 850">
    <p class='ocr_par' dir='ltr' id='par_1_31' title="bbox 1086 811 1879 850">
     <span class='ocr_line' id='line_1_31' title="bbox 1086 811 1879 850; baseline -0.004 -7"><span class='ocrx_word' id='word_1_204' title='bbox 1086 817 1157 843; x_wconf 77' lang='grc' dir='ltr'>πιεῖν</span> <span class='ocrx_word' id='word_1_205' title='bbox 1173 815 1245 850; x_wconf 78' lang='grc' dir='ltr'>ὕδωρ</span> <span class='ocrx_word' id='word_1_206' title='bbox 1259 815 1292 841; x_wconf 73' lang='grc' dir='ltr'>ἑκ</span> <span class='ocrx_word' id='word_1_207' title='bbox 1312 814 1444 850; x_wconf 76' lang='grc' dir='ltr'><strong>Μερῤἄς·</strong></span> <span class='ocrx_word' id='word_1_208' title='bbox 1462 813 1560 849; x_wconf 78' lang='grc' dir='ltr'>πικρὸν</span> <span class='ocrx_word' id='word_1_209' title='bbox 1583 813 1638 848; x_wconf 84' lang='grc' dir='ltr'><strong>γάρ</strong></span> <span class='ocrx_word' id='word_1_210' title='bbox 1654 811 1698 849; x_wconf 84' lang='grc' dir='ltr'><strong>ἦν.</strong></span> <span class='ocrx_word' id='word_1_211' title='bbox 1727 813 1778 840; x_wconf 80' lang='grc' dir='ltr'>Διὰ</span> <span class='ocrx_word' id='word_1_212' title='bbox 1799 813 1879 840; x_wconf 78' lang='grc' dir='ltr'>τοῦτο</span> 
     </span>
    </p>
   </div>
   <div class='ocr_carea' id='block_1_32' title="bbox 1085 858 1877 896">
    <p class='ocr_par' dir='ltr' id='par_1_32' title="bbox 1085 858 1877 896">
     <span class='ocr_line' id='line_1_32' title="bbox 1085 858 1877 896; baseline -0.004 -8"><span class='ocrx_word' id='word_1_213' title='bbox 1085 861 1249 896; x_wconf 78' lang='grc' dir='ltr'><strong>ἐπωνόμασε</strong></span> <span class='ocrx_word' id='word_1_214' title='bbox 1264 860 1296 887; x_wconf 83' lang='grc' dir='ltr'><strong>τδ</strong></span> <span class='ocrx_word' id='word_1_215' title='bbox 1305 860 1390 894; x_wconf 73' lang='grc' dir='ltr'>ὄνομα</span> <span class='ocrx_word' id='word_1_216' title='bbox 1405 859 1452 886; x_wconf 85' lang='grc' dir='ltr'><strong>τοῦ</strong></span> <span class='ocrx_word' id='word_1_217' title='bbox 1467 858 1550 886; x_wconf 87' lang='grc' dir='ltr'>τόπου</span> <span class='ocrx_word' id='word_1_218' title='bbox 1562 859 1679 889; x_wconf 74' lang='grc' dir='ltr'>ἐκείνου,</span> <span class='ocrx_word' id='word_1_219' title='bbox 1694 859 1799 894; x_wconf 88' lang='grc' dir='ltr'>Πικρὶα</span> <span class='ocrx_word' id='word_1_220' title='bbox 1810 867 1817 874; x_wconf 74' lang='grc' dir='ltr'><strong>ο</strong></span> <span class='ocrx_word' id='word_1_221' title='bbox 1833 861 1877 886; x_wconf 70' lang='grc' dir='ltr'>καὶ</span> 
     </span>
    </p>
   </div>
   <div class='ocr_carea' id='block_1_33' title="bbox 245 901 1032 942">
    <p class='ocr_par' dir='ltr' id='par_1_33' title="bbox 245 902 1032 938">
     <span class='ocr_line' id='line_1_33' title="bbox 245 902 1032 938; baseline 0.001 -8"><span class='ocrx_word' id='word_1_222' title='bbox 245 903 377 930; x_wconf 83' lang='lat' dir='ltr'><strong>adversus</strong></span> <span class='ocrx_word' id='word_1_223' title='bbox 391 903 512 938; x_wconf 81' lang='lat' dir='ltr'><strong>Moysen,</strong></span> <span class='ocrx_word' id='word_1_224' title='bbox 526 903 649 930; x_wconf 87' lang='lat' dir='ltr'><strong>dicentes</strong></span> <span class='ocrx_word' id='word_1_225' title='bbox 662 911 668 928; x_wconf 87' lang='lat'>:</span> <span class='ocrx_word' id='word_1_226' title='bbox 681 902 752 935; x_wconf 83' lang='lat' dir='ltr'><strong>Quid</strong></span> <span class='ocrx_word' id='word_1_227' title='bbox 764 903 911 930; x_wconf 79' lang='lat' dir='ltr'><strong>bibemus?</strong></span> <span class='ocrx_word' id='word_1_228' title='bbox 925 902 1032 931; x_wconf 85' lang='lat' dir='ltr'><strong>Clama-</strong></span> 
     </span>
    </p>
   </div>
   <div class='ocr_carea' id='block_1_34' title="bbox 1085 901 1876 942">
    <p class='ocr_par' dir='ltr' id='par_1_34' title="bbox 1085 906 1876 942">
     <span class='ocr_line' id='line_1_34' title="bbox 1085 906 1876 942; baseline -0.004 -8"><span class='ocrx_word' id='word_1_229' title='bbox 1085 907 1260 941; x_wconf 82' lang='grc' dir='ltr'>διεγόγγυζεν</span> <span class='ocrx_word' id='word_1_230' title='bbox 1274 907 1288 932; x_wconf 84' lang='grc' dir='ltr'><strong>ὁ</strong></span> <span class='ocrx_word' id='word_1_231' title='bbox 1300 906 1364 938; x_wconf 81' lang='grc' dir='ltr'>λαὸς</span> <span class='ocrx_word' id='word_1_232' title='bbox 1379 906 1448 942; x_wconf 77' lang='grc' dir='ltr'>πρὸς</span> <span class='ocrx_word' id='word_1_233' title='bbox 1471 906 1586 940; x_wconf 84' lang='grc' dir='ltr'>Μωσῆν,</span> <span class='ocrx_word' id='word_1_234' title='bbox 1601 906 1725 940; x_wconf 81' lang='grc' dir='ltr'>λέγοντες</span> <span class='ocrx_word' id='word_1_235' title='bbox 1735 914 1742 920; x_wconf 88' lang='grc'>·</span> <span class='ocrx_word' id='word_1_236' title='bbox 1758 906 1792 932; x_wconf 83' lang='grc' dir='ltr'>Τί</span> <span class='ocrx_word' id='word_1_237' title='bbox 1818 906 1876 932; x_wconf 80' lang='grc' dir='ltr'>πιό-</span> 
     </span>
    </p>
   </div>
   <div class='ocr_carea' id='block_1_35' title="bbox 246 948 1032 984">
    <p class='ocr_par' dir='ltr' id='par_1_35' title="bbox 246 948 1032 984">
     <span class='ocr_line' id='line_1_35' title="bbox 246 948 1032 984; baseline 0 -8"><span class='ocrx_word' id='word_1_238' title='bbox 246 949 284 976; x_wconf 85' lang='lat' dir='ltr'><strong>vit</strong></span> <span class='ocrx_word' id='word_1_239' title='bbox 292 949 384 983; x_wconf 80' lang='lat' dir='ltr'><strong>itaque</strong></span> <span class='ocrx_word' id='word_1_240' title='bbox 397 949 502 984; x_wconf 72' lang='lat' dir='ltr'><strong>Moyses</strong></span> <span class='ocrx_word' id='word_1_241' title='bbox 510 949 543 976; x_wconf 90' lang='lat' dir='ltr'><strong>ad</strong></span> <span class='ocrx_word' id='word_1_242' title='bbox 555 949 712 980; x_wconf 90' lang='lat' dir='ltr'><strong>Dominum,</strong></span> <span class='ocrx_word' id='word_1_243' title='bbox 723 952 752 975; x_wconf 90' lang='lat' dir='ltr'><strong>et</strong></span> <span class='ocrx_word' id='word_1_244' title='bbox 759 948 878 976; x_wconf 86' lang='lat' dir='ltr'><strong>ostendit</strong></span> <span class='ocrx_word' id='word_1_245' title='bbox 890 948 929 976; x_wconf 90' lang='lat' dir='ltr'><strong>illi</strong></span> <span class='ocrx_word' id='word_1_246' title='bbox 939 949 1032 977; x_wconf 91' lang='lat' dir='ltr'><strong>Domi—</strong></span> 
     </span>
    </p>
   </div>
   <div class='ocr_carea' id='block_1_36' title="bbox 244 995 1032 1031">
    <p class='ocr_par' dir='ltr' id='par_1_36' title="bbox 244 995 1032 1031">
     <span class='ocr_line' id='line_1_36' title="bbox 244 995 1032 1031; baseline 0 -9"><span class='ocrx_word' id='word_1_247' title='bbox 244 1003 297 1023; x_wconf 87' lang='lat' dir='ltr'><strong>nus</strong></span> <span class='ocrx_word' id='word_1_248' title='bbox 314 996 428 1031; x_wconf 79' lang='lat' dir='ltr'><strong>lignum,</strong></span> <span class='ocrx_word' id='word_1_249' title='bbox 442 999 470 1023; x_wconf 90' lang='lat' dir='ltr'><strong>et</strong></span> <span class='ocrx_word' id='word_1_250' title='bbox 481 995 577 1030; x_wconf 81' lang='lat' dir='ltr'><strong>injecit</strong></span> <span class='ocrx_word' id='word_1_251' title='bbox 588 995 656 1023; x_wconf 91' lang='lat' dir='ltr'><strong>illud</strong></span> <span class='ocrx_word' id='word_1_252' title='bbox 673 995 701 1023; x_wconf 90' lang='lat' dir='ltr'><strong>in</strong></span> <span class='ocrx_word' id='word_1_253' title='bbox 718 1003 828 1030; x_wconf 88' lang='lat' dir='ltr'><strong>aquam,</strong></span> <span class='ocrx_word' id='word_1_254' title='bbox 844 999 873 1022; x_wconf 91' lang='lat' dir='ltr'><strong>et</strong></span> <span class='ocrx_word' id='word_1_255' title='bbox 884 995 973 1023; x_wconf 85' lang='lat' dir='ltr'><strong>dulcis</strong></span> <span class='ocrx_word' id='word_1_256' title='bbox 990 995 1032 1023; x_wconf 83' lang='lat' dir='ltr'><strong>fa-</strong></span> 
     </span>
    </p>
   </div>
   <div class='ocr_carea' id='block_1_37' title="bbox 243 1041 1033 1077">
    <p class='ocr_par' dir='ltr' id='par_1_37' title="bbox 243 1041 1033 1077">
     <span class='ocr_line' id='line_1_37' title="bbox 243 1041 1033 1077; baseline -0.003 -6"><span class='ocrx_word' id='word_1_257' title='bbox 243 1048 287 1071; x_wconf 91' lang='lat' dir='ltr'><strong>cta</strong></span> <span class='ocrx_word' id='word_1_258' title='bbox 302 1046 345 1071; x_wconf 88' lang='lat' dir='ltr'><strong>est</strong></span> <span class='ocrx_word' id='word_1_259' title='bbox 358 1050 429 1077; x_wconf 88' lang='lat' dir='ltr'><strong>aqua</strong></span> <span class='ocrx_word' id='word_1_260' title='bbox 445 1043 478 1068; x_wconf 61' lang='lat'><strong>“3.</strong></span> <span class='ocrx_word' id='word_1_261' title='bbox 490 1052 498 1068; x_wconf 71' lang='grc' dir='ltr'><strong>ι</strong></span> <span class='ocrx_word' id='word_1_262' title='bbox 514 1042 607 1077; x_wconf 83' lang='lat' dir='ltr'><strong>Nuper</strong></span> <span class='ocrx_word' id='word_1_263' title='bbox 618 1042 692 1070; x_wconf 90' lang='lat' dir='ltr'><strong>enim</strong></span> <span class='ocrx_word' id='word_1_264' title='bbox 706 1049 739 1069; x_wconf 80' lang='lat' dir='ltr'><strong>ex</strong></span> <span class='ocrx_word' id='word_1_265' title='bbox 754 1041 946 1077; x_wconf 67' lang='lat' dir='ltr'><strong>Egyptiornm</strong></span> <span class='ocrx_word' id='word_1_266' title='bbox 960 1044 1033 1070; x_wconf 86' lang='lat' dir='ltr'><strong>terra</strong></span> 
     </span>
    </p>
   </div>
   <div class='ocr_carea' id='block_1_38' title="bbox 243 1087 1033 1129">
    <p class='ocr_par' dir='ltr' id='par_1_38' title="bbox 243 1087 1033 1129">
     <span class='ocr_line' id='line_1_38' title="bbox 243 1087 1033 1129; baseline -0.003 -12"><span class='ocrx_word' id='word_1_267' title='bbox 243 1089 358 1125; x_wconf 88' lang='lat' dir='ltr'><strong>profecti</strong></span> <span class='ocrx_word' id='word_1_268' title='bbox 371 1089 418 1116; x_wconf 89' lang='lat' dir='ltr'><strong>ﬁlii</strong></span> <span class='ocrx_word' id='word_1_269' title='bbox 430 1089 524 1129; x_wconf 73' lang='lat' dir='ltr'><strong>Israel,</strong></span> <span class='ocrx_word' id='word_1_270' title='bbox 538 1096 601 1116; x_wconf 91' lang='lat' dir='ltr'><strong>cum</strong></span> <span class='ocrx_word' id='word_1_271' title='bbox 613 1088 753 1116; x_wconf 84' lang='lat' dir='ltr'><strong>servitutis</strong></span> <span class='ocrx_word' id='word_1_272' title='bbox 767 1088 852 1121; x_wconf 91' lang='lat' dir='ltr'><strong>illius,</strong></span> <span class='ocrx_word' id='word_1_273' title='bbox 864 1096 918 1123; x_wconf 86' lang='lat' dir='ltr'><strong>qua</strong></span> <span class='ocrx_word' id='word_1_274' title='bbox 934 1087 986 1115; x_wconf 87' lang='lat' dir='ltr'><strong>sub</strong></span> <span class='ocrx_word' id='word_1_275' title='bbox 999 1088 1033 1115; x_wconf 91' lang='lat' dir='ltr'><strong>il-</strong></span> 
     </span>
    </p>
   </div>
   <div class='ocr_carea' id='block_1_39' title="bbox 243 1134 1034 1170">
    <p class='ocr_par' dir='ltr' id='par_1_39' title="bbox 243 1134 1034 1170">
     <span class='ocr_line' id='line_1_39' title="bbox 243 1134 1034 1170; baseline -0.001 -8"><span class='ocrx_word' id='word_1_276' title='bbox 243 1135 332 1162; x_wconf 91' lang='lat' dir='ltr'><strong>lorum</strong></span> <span class='ocrx_word' id='word_1_277' title='bbox 355 1135 460 1162; x_wconf 89' lang='lat' dir='ltr'><strong>ditione</strong></span> <span class='ocrx_word' id='word_1_278' title='bbox 479 1135 686 1170; x_wconf 85' lang='lat' dir='ltr'><strong>premebantur,</strong></span> <span class='ocrx_word' id='word_1_279' title='bbox 705 1141 788 1169; x_wconf 76' lang='lat' dir='ltr'><strong>grave</strong></span> <span class='ocrx_word' id='word_1_280' title='bbox 807 1134 903 1169; x_wconf 78' lang='lat' dir='ltr'><strong>iugum</strong></span> <span class='ocrx_word' id='word_1_281' title='bbox 926 1137 955 1161; x_wconf 87' lang='lat' dir='ltr'><strong>et</strong></span> <span class='ocrx_word' id='word_1_282' title='bbox 972 1141 1034 1161; x_wconf 82' lang='lat' dir='ltr'><strong>non</strong></span> 
     </span>
    </p>
   </div>
   <div class='ocr_carea' id='block_1_40' title="bbox 242 1180 1034 1216">
    <p class='ocr_par' dir='ltr' id='par_1_40' title="bbox 242 1180 1034 1216">
     <span class='ocr_line' id='line_1_40' title="bbox 242 1180 1034 1216; baseline 0.003 -9"><span class='ocrx_word' id='word_1_283' title='bbox 242 1180 386 1208; x_wconf 83' lang='lat' dir='ltr'><strong>ferendum</strong></span> <span class='ocrx_word' id='word_1_284' title='bbox 404 1181 577 1216; x_wconf 85' lang='lat' dir='ltr'><strong>abjecissent,</strong></span> <span class='ocrx_word' id='word_1_285' title='bbox 595 1181 629 1208; x_wconf 90' lang='lat' dir='ltr'><strong>ad</strong></span> <span class='ocrx_word' id='word_1_286' title='bbox 643 1181 806 1216; x_wconf 87' lang='lat' dir='ltr'><strong>promissam</strong></span> <span class='ocrx_word' id='word_1_287' title='bbox 823 1181 889 1208; x_wconf 92' lang='lat' dir='ltr'><strong>olim</strong></span> <span class='ocrx_word' id='word_1_288' title='bbox 909 1181 1034 1216; x_wconf 88' lang='lat' dir='ltr'><strong>patribus</strong></span> 
     </span>
    </p>
   </div>
   <div class='ocr_carea' id='block_1_41' title="bbox 242 1226 1034 1262">
    <p class='ocr_par' dir='ltr' id='par_1_41' title="bbox 242 1226 1034 1262">
     <span class='ocr_line' id='line_1_41' title="bbox 242 1226 1034 1262; baseline 0 -8"><span class='ocrx_word' id='word_1_289' title='bbox 242 1231 353 1259; x_wconf 81' lang='lat' dir='ltr'><strong>terram,</strong></span> <span class='ocrx_word' id='word_1_290' title='bbox 367 1227 423 1254; x_wconf 86' lang='lat' dir='ltr'><strong>Deo</strong></span> <span class='ocrx_word' id='word_1_291' title='bbox 443 1231 568 1259; x_wconf 85' lang='lat' dir='ltr'><strong>vocante,</strong></span> <span class='ocrx_word' id='word_1_292' title='bbox 589 1227 783 1262; x_wconf 85' lang='lat' dir='ltr'><strong>properabant.</strong></span> <span class='ocrx_word' id='word_1_293' title='bbox 799 1226 838 1254; x_wconf 84' lang='lat' dir='ltr'><strong>Ac</strong></span> <span class='ocrx_word' id='word_1_294' title='bbox 856 1227 961 1262; x_wconf 90' lang='lat' dir='ltr'><strong>primus</strong></span> <span class='ocrx_word' id='word_1_295' title='bbox 980 1226 1034 1254; x_wconf 90' lang='lat' dir='ltr'><strong>illis</strong></span> 
     </span>
    </p>
   </div>
   <div class='ocr_carea' id='block_1_42' title="bbox 241 1272 1033 1308">
    <p class='ocr_par' dir='ltr' id='par_1_42' title="bbox 241 1272 1033 1308">
     <span class='ocr_line' id='line_1_42' title="bbox 241 1272 1033 1308; baseline -0.001 -8"><span class='ocrx_word' id='word_1_296' title='bbox 241 1273 364 1300; x_wconf 86' lang='lat' dir='ltr'><strong>occurrit</strong></span> <span class='ocrx_word' id='word_1_297' title='bbox 377 1273 456 1300; x_wconf 89' lang='lat' dir='ltr'><strong>labor</strong></span> <span class='ocrx_word' id='word_1_298' title='bbox 468 1280 501 1300; x_wconf 80' lang='lat' dir='ltr'><strong>cx</strong></span> <span class='ocrx_word' id='word_1_299' title='bbox 513 1280 646 1308; x_wconf 83' lang='lat' dir='ltr'><strong>aquarum</strong></span> <span class='ocrx_word' id='word_1_300' title='bbox 661 1272 764 1307; x_wconf 86' lang='lat' dir='ltr'><strong>inopia,</strong></span> <span class='ocrx_word' id='word_1_301' title='bbox 776 1280 845 1308; x_wconf 86' lang='lat' dir='ltr'><strong>quas</strong></span> <span class='ocrx_word' id='word_1_302' title='bbox 863 1273 909 1299; x_wconf 79' lang='lat' dir='ltr'><strong>vix</strong></span> <span class='ocrx_word' id='word_1_303' title='bbox 924 1272 1033 1300; x_wconf 84' lang='lat' dir='ltr'><strong>tandem</strong></span> 
     </span>
    </p>
   </div>
   <div class='ocr_carea' id='block_1_43' title="bbox 241 1318 1033 1353">
    <p class='ocr_par' dir='ltr' id='par_1_43' title="bbox 241 1318 1033 1353">
     <span class='ocr_line' id='line_1_43' title="bbox 241 1318 1033 1353; baseline -0.001 -7"><span class='ocrx_word' id='word_1_304' title='bbox 241 1322 420 1353; x_wconf 85' lang='lat' dir='ltr'><strong>posteaquam</strong></span> <span class='ocrx_word' id='word_1_305' title='bbox 442 1318 489 1346; x_wconf 89' lang='lat' dir='ltr'><strong>diu</strong></span> <span class='ocrx_word' id='word_1_306' title='bbox 510 1318 713 1349; x_wconf 86' lang='lat' dir='ltr'><strong>laboraverant,</strong></span> <span class='ocrx_word' id='word_1_307' title='bbox 737 1321 919 1352; x_wconf 81' lang='lat' dir='ltr'><strong>repererunt;</strong></span> <span class='ocrx_word' id='word_1_308' title='bbox 943 1325 1033 1352; x_wconf 85' lang='lat' dir='ltr'><strong>neque</strong></span> 
     </span>
    </p>
   </div>
   <div class='ocr_carea' id='block_1_44' title="bbox 242 1363 1033 1395">
    <p class='ocr_par' dir='ltr' id='par_1_44' title="bbox 242 1363 1033 1395">
     <span class='ocr_line' id='line_1_44' title="bbox 242 1363 1033 1395; baseline -0.003 -3"><span class='ocrx_word' id='word_1_309' title='bbox 242 1369 332 1392; x_wconf 83' lang='lat' dir='ltr'><strong>tamen</strong></span> <span class='ocrx_word' id='word_1_310' title='bbox 355 1372 451 1392; x_wconf 89' lang='lat' dir='ltr'><strong>earum</strong></span> <span class='ocrx_word' id='word_1_311' title='bbox 476 1372 544 1392; x_wconf 87' lang='lat' dir='ltr'><strong>usus</strong></span> <span class='ocrx_word' id='word_1_312' title='bbox 562 1364 678 1391; x_wconf 89' lang='lat' dir='ltr'><strong>vacabat</strong></span> <span class='ocrx_word' id='word_1_313' title='bbox 699 1364 834 1395; x_wconf 87' lang='lat' dir='ltr'><strong>molestia,</strong></span> <span class='ocrx_word' id='word_1_314' title='bbox 853 1368 933 1391; x_wconf 89' lang='lat' dir='ltr'><strong>erant</strong></span> <span class='ocrx_word' id='word_1_315' title='bbox 959 1363 1033 1391; x_wconf 90' lang='lat' dir='ltr'><strong>enim</strong></span> 
     </span>
    </p>
   </div>
   <div class='ocr_carea' id='block_1_45' title="bbox 241 1410 1034 1446">
    <p class='ocr_par' dir='ltr' id='par_1_45' title="bbox 241 1410 1034 1446">
     <span class='ocr_line' id='line_1_45' title="bbox 241 1410 1034 1446; baseline -0.001 -8"><span class='ocrx_word' id='word_1_316' title='bbox 241 1419 350 1443; x_wconf 64' lang='lat' dir='ltr'><strong>amarae,</strong></span> <span class='ocrx_word' id='word_1_317' title='bbox 378 1411 449 1438; x_wconf 85' lang='lat' dir='ltr'><strong>sicut</strong></span> <span class='ocrx_word' id='word_1_318' title='bbox 473 1411 606 1445; x_wconf 89' lang='lat' dir='ltr'><strong>scriptum</strong></span> <span class='ocrx_word' id='word_1_319' title='bbox 627 1414 688 1443; x_wconf 88' lang='lat' dir='ltr'><strong>est;</strong></span> <span class='ocrx_word' id='word_1_320' title='bbox 711 1410 760 1438; x_wconf 84' lang='lat' dir='ltr'><strong>sed</strong></span> <span class='ocrx_word' id='word_1_321' title='bbox 782 1410 849 1446; x_wconf 73' lang='lat' dir='ltr'><strong>ligni</strong></span> <span class='ocrx_word' id='word_1_322' title='bbox 869 1410 1034 1438; x_wconf 80' lang='lat' dir='ltr'><strong>admistione</strong></span> 
     </span>
    </p>
   </div>
   <div class='ocr_carea' id='block_1_46' title="bbox 241 1455 1033 1492">
    <p class='ocr_par' dir='ltr' id='par_1_46' title="bbox 241 1455 1033 1492">
     <span class='ocr_line' id='line_1_46' title="bbox 241 1455 1033 1492; baseline 0.001 -10"><span class='ocrx_word' id='word_1_323' title='bbox 241 1456 337 1484; x_wconf 86' lang='lat' dir='ltr'><strong>dulces</strong></span> <span class='ocrx_word' id='word_1_324' title='bbox 354 1465 386 1484; x_wconf 85' lang='lat' dir='ltr'><strong>ac</strong></span> <span class='ocrx_word' id='word_1_325' title='bbox 399 1464 497 1484; x_wconf 85' lang='lat' dir='ltr'><strong>suaves</strong></span> <span class='ocrx_word' id='word_1_326' title='bbox 514 1456 591 1484; x_wconf 71' lang='lat' dir='ltr'><strong>factae</strong></span> <span class='ocrx_word' id='word_1_327' title='bbox 610 1459 684 1488; x_wconf 86' lang='lat' dir='ltr'><strong>sunt,</strong></span> <span class='ocrx_word' id='word_1_328' title='bbox 697 1464 760 1484; x_wconf 90' lang='lat' dir='ltr'><strong>cum</strong></span> <span class='ocrx_word' id='word_1_329' title='bbox 772 1456 852 1487; x_wconf 84' lang='lat' dir='ltr'><strong>beato</strong></span> <span class='ocrx_word' id='word_1_330' title='bbox 861 1455 948 1492; x_wconf 74' lang='lat' dir='ltr'><strong>Moysi</strong></span> <span class='ocrx_word' id='word_1_331' title='bbox 961 1456 1033 1483; x_wconf 77' lang='lat' dir='ltr'><strong>viam</strong></span> 
     </span>
    </p>
   </div>
   <div class='ocr_carea' id='block_1_47' title="bbox 242 1501 1034 1536">
    <p class='ocr_par' dir='ltr' id='par_1_47' title="bbox 242 1501 1034 1536">
     <span class='ocr_line' id='line_1_47' title="bbox 242 1501 1034 1536; baseline -0.001 -7"><span class='ocrx_word' id='word_1_332' title='bbox 242 1502 336 1536; x_wconf 85' lang='lat' dir='ltr'><strong>quaid</strong></span> <span class='ocrx_word' id='word_1_333' title='bbox 355 1502 447 1534; x_wconf 86' lang='lat' dir='ltr'><strong>ﬁeret,</strong></span> <span class='ocrx_word' id='word_1_334' title='bbox 468 1502 541 1530; x_wconf 86' lang='lat' dir='ltr'><strong>Deus</strong></span> <span class='ocrx_word' id='word_1_335' title='bbox 557 1502 733 1529; x_wconf 85' lang='lat' dir='ltr'><strong>ostendisset.</strong></span> <span class='ocrx_word' id='word_1_336' title='bbox 757 1502 824 1529; x_wconf 82' lang='lat' dir='ltr'><strong>Cum</strong></span> <span class='ocrx_word' id='word_1_337' title='bbox 847 1502 921 1528; x_wconf 84' lang='lat' dir='ltr'><strong>enim</strong></span> <span class='ocrx_word' id='word_1_338' title='bbox 940 1501 1034 1529; x_wconf 88' lang='lat' dir='ltr'><strong>divina</strong></span> 
     </span>
    </p>
   </div>
   <div class='ocr_carea' id='block_1_48' title="bbox 241 1548 1032 1576">
    <p class='ocr_par' dir='ltr' id='par_1_48' title="bbox 241 1548 1032 1576">
     <span class='ocr_line' id='line_1_48' title="bbox 241 1548 1032 1576; baseline -0.001 0"><span class='ocrx_word' id='word_1_339' title='bbox 241 1548 285 1576; x_wconf 81' lang='lat' dir='ltr'><strong>lex</strong></span> <span class='ocrx_word' id='word_1_340' title='bbox 300 1556 351 1576; x_wconf 88' lang='lat' dir='ltr'><strong>nos</strong></span> <span class='ocrx_word' id='word_1_341' title='bbox 364 1549 461 1576; x_wconf 85' lang='lat' dir='ltr'><strong>doceat</strong></span> <span class='ocrx_word' id='word_1_342' title='bbox 473 1557 487 1575; x_wconf 88' lang='lat' dir='ltr'><strong>a</strong></span> <span class='ocrx_word' id='word_1_343' title='bbox 499 1549 631 1576; x_wconf 85' lang='lat' dir='ltr'><strong>servitute</strong></span> <span class='ocrx_word' id='word_1_344' title='bbox 643 1548 775 1575; x_wconf 89' lang='lat' dir='ltr'><strong>vitiorum</strong></span> <span class='ocrx_word' id='word_1_345' title='bbox 791 1551 930 1575; x_wconf 79' lang='lat' dir='ltr'><strong>extractos</strong></span> <span class='ocrx_word' id='word_1_346' title='bbox 945 1548 1032 1575; x_wconf 86' lang='lat' dir='ltr'><strong>Deum</strong></span> 
     </span>
    </p>
   </div>
   <div class='ocr_carea' id='block_1_49' title="bbox 240 1593 1032 1629">
    <p class='ocr_par' dir='ltr' id='par_1_49' title="bbox 240 1593 1032 1629">
     <span class='ocr_line' id='line_1_49' title="bbox 240 1593 1032 1629; baseline 0 -8"><span class='ocrx_word' id='word_1_347' title='bbox 240 1594 329 1629; x_wconf 81' lang='lat' dir='ltr'><strong>sequi,</strong></span> <span class='ocrx_word' id='word_1_348' title='bbox 337 1599 364 1622; x_wconf 87' lang='lat' dir='ltr'><strong>et</strong></span> <span class='ocrx_word' id='word_1_349' title='bbox 378 1602 412 1622; x_wconf 75' lang='lat' dir='ltr'><strong>ex</strong></span> <span class='ocrx_word' id='word_1_350' title='bbox 423 1594 578 1622; x_wconf 65' lang='lat' dir='ltr'><strong>dwmonum</strong></span> <span class='ocrx_word' id='word_1_351' title='bbox 590 1594 668 1629; x_wconf 81' lang='lat'><strong>155</strong></span> <span class='ocrx_word' id='word_1_352' title='bbox 680 1594 820 1621; x_wconf 88' lang='lat' dir='ltr'><strong>dominatu</strong></span> <span class='ocrx_word' id='word_1_353' title='bbox 831 1593 970 1626; x_wconf 82' lang='lat' dir='ltr'><strong>recedere,</strong></span> <span class='ocrx_word' id='word_1_354' title='bbox 980 1594 1032 1621; x_wconf 82' lang='lat' dir='ltr'><strong>sub</strong></span> 
     </span>
    </p>
   </div>
   <div class='ocr_carea' id='block_1_50' title="bbox 242 1640 1031 1673">
    <p class='ocr_par' dir='ltr' id='par_1_50' title="bbox 242 1640 1031 1673">
     <span class='ocr_line' id='line_1_50' title="bbox 242 1640 1031 1673; baseline 0 -6"><span class='ocrx_word' id='word_1_355' title='bbox 242 1640 424 1668; x_wconf 82' lang='lat' dir='ltr'><strong>tentationum</strong></span> <span class='ocrx_word' id='word_1_356' title='bbox 436 1641 528 1668; x_wconf 84' lang='lat' dir='ltr'><strong>labore</strong></span> <span class='ocrx_word' id='word_1_357' title='bbox 541 1640 641 1667; x_wconf 89' lang='lat' dir='ltr'><strong>sudare</strong></span> <span class='ocrx_word' id='word_1_358' title='bbox 660 1648 772 1668; x_wconf 80' lang='lat' dir='ltr'><strong>necesse</strong></span> <span class='ocrx_word' id='word_1_359' title='bbox 786 1644 845 1673; x_wconf 85' lang='lat' dir='ltr'><strong>est;</strong></span> <span class='ocrx_word' id='word_1_360' title='bbox 863 1644 891 1668; x_wconf 88' lang='lat' dir='ltr'><strong>et</strong></span> <span class='ocrx_word' id='word_1_361' title='bbox 910 1640 1031 1668; x_wconf 87' lang='lat' dir='ltr'><strong>severio-</strong></span> 
     </span>
    </p>
   </div>
   <div class='ocr_carea' id='block_1_51' title="bbox 241 1686 1031 1719">
    <p class='ocr_par' dir='ltr' id='par_1_51' title="bbox 241 1686 1031 1719">
     <span class='ocr_line' id='line_1_51' title="bbox 241 1686 1031 1719; baseline -0.001 -5"><span class='ocrx_word' id='word_1_362' title='bbox 241 1686 280 1714; x_wconf 88' lang='lat' dir='ltr'><strong>ris</strong></span> <span class='ocrx_word' id='word_1_363' title='bbox 291 1687 496 1714; x_wconf 76' lang='lat' dir='ltr'><strong>exercitationis</strong></span> <span class='ocrx_word' id='word_1_364' title='bbox 507 1686 648 1714; x_wconf 85' lang='lat' dir='ltr'><strong>laboribus</strong></span> <span class='ocrx_word' id='word_1_365' title='bbox 658 1687 749 1714; x_wconf 83' lang='lat' dir='ltr'><strong>carnis</strong></span> <span class='ocrx_word' id='word_1_366' title='bbox 756 1687 821 1714; x_wconf 86' lang='lat' dir='ltr'><strong>vitia</strong></span> <span class='ocrx_word' id='word_1_367' title='bbox 832 1686 1031 1719; x_wconf 87' lang='lat' dir='ltr'><strong>consumendo,</strong></span> 
     </span>
    </p>
   </div>
   <div class='ocr_carea' id='block_1_52' title="bbox 241 1732 1033 1768">
    <p class='ocr_par' dir='ltr' id='par_1_52' title="bbox 241 1732 1033 1768">
     <span class='ocr_line' id='line_1_52' title="bbox 241 1732 1033 1768; baseline 0 -8"><span class='ocrx_word' id='word_1_368' title='bbox 241 1737 323 1768; x_wconf 89' lang='lat' dir='ltr'><strong>atque</strong></span> <span class='ocrx_word' id='word_1_369' title='bbox 341 1733 462 1760; x_wconf 90' lang='lat' dir='ltr'><strong>immites</strong></span> <span class='ocrx_word' id='word_1_370' title='bbox 474 1733 535 1760; x_wconf 90' lang='lat' dir='ltr'><strong>illos</strong></span> <span class='ocrx_word' id='word_1_371' title='bbox 553 1736 645 1760; x_wconf 89' lang='lat' dir='ltr'><strong>motus</strong></span> <span class='ocrx_word' id='word_1_372' title='bbox 662 1733 709 1768; x_wconf 93' lang='lat' dir='ltr'><strong>qui</strong></span> <span class='ocrx_word' id='word_1_373' title='bbox 731 1740 841 1768; x_wconf 88' lang='lat' dir='ltr'><strong>semper</strong></span> <span class='ocrx_word' id='word_1_374' title='bbox 863 1732 1033 1768; x_wconf 87' lang='lat' dir='ltr'><strong>voluptatem</strong></span> 
     </span>
    </p>
   </div>
   <div class='ocr_carea' id='block_1_53' title="bbox 241 1779 1032 1815">
    <p class='ocr_par' dir='ltr' id='par_1_53' title="bbox 241 1779 1032 1815">
     <span class='ocr_line' id='line_1_53' title="bbox 241 1779 1032 1815; baseline -0.001 -8"><span class='ocrx_word' id='word_1_375' title='bbox 241 1783 375 1815; x_wconf 85' lang='lat' dir='ltr'><strong>spectant,</strong></span> <span class='ocrx_word' id='word_1_376' title='bbox 389 1787 444 1807; x_wconf 88' lang='lat' dir='ltr'><strong>non</strong></span> <span class='ocrx_word' id='word_1_377' title='bbox 456 1787 535 1807; x_wconf 89' lang='lat' dir='ltr'><strong>secus</strong></span> <span class='ocrx_word' id='word_1_378' title='bbox 548 1787 580 1806; x_wconf 88' lang='lat' dir='ltr'><strong>ac</strong></span> <span class='ocrx_word' id='word_1_379' title='bbox 594 1783 691 1813; x_wconf 84' lang='lat' dir='ltr'><strong>tetram</strong></span> <span class='ocrx_word' id='word_1_380' title='bbox 703 1783 731 1806; x_wconf 89' lang='lat' dir='ltr'><strong>et</strong></span> <span class='ocrx_word' id='word_1_381' title='bbox 747 1779 895 1806; x_wconf 86' lang='lat' dir='ltr'><strong>immanem</strong></span> <span class='ocrx_word' id='word_1_382' title='bbox 912 1779 1032 1806; x_wconf 86' lang='lat' dir='ltr'><strong>belluam</strong></span> 
     </span>
    </p>
   </div>
   <div class='ocr_carea' id='block_1_54' title="bbox 241 1824 1032 1857">
    <p class='ocr_par' dir='ltr' id='par_1_54' title="bbox 241 1824 1032 1857">
     <span class='ocr_line' id='line_1_54' title="bbox 241 1824 1032 1857; baseline 0 -5"><span class='ocrx_word' id='word_1_383' title='bbox 241 1825 286 1852; x_wconf 84' lang='lat' dir='ltr'><strong>siti</strong></span> <span class='ocrx_word' id='word_1_384' title='bbox 302 1829 329 1852; x_wconf 91' lang='lat' dir='ltr'><strong>et</strong></span> <span class='ocrx_word' id='word_1_385' title='bbox 341 1825 431 1852; x_wconf 91' lang='lat' dir='ltr'><strong>inedia</strong></span> <span class='ocrx_word' id='word_1_386' title='bbox 442 1825 694 1857; x_wconf 86' lang='lat' dir='ltr'><strong>mansuefaciendo,</strong></span> <span class='ocrx_word' id='word_1_387' title='bbox 708 1825 781 1852; x_wconf 92' lang='lat' dir='ltr'><strong>illam</strong></span> <span class='ocrx_word' id='word_1_388' title='bbox 799 1824 888 1852; x_wconf 87' lang='lat' dir='ltr'><strong>laudis</strong></span> <span class='ocrx_word' id='word_1_389' title='bbox 902 1832 1032 1852; x_wconf 82' lang='lat' dir='ltr'><strong>coronam</strong></span> 
     </span>
    </p>
   </div>
   <div class='ocr_carea' id='block_1_55' title="bbox 241 1870 1032 1906">
    <p class='ocr_par' dir='ltr' id='par_1_55' title="bbox 241 1870 1032 1906">
     <span class='ocr_line' id='line_1_55' title="bbox 241 1870 1032 1906; baseline -0.001 -8"><span class='ocrx_word' id='word_1_390' title='bbox 241 1871 366 1906; x_wconf 87' lang='lat' dir='ltr'><strong>adipisci.</strong></span> <span class='ocrx_word' id='word_1_391' title='bbox 382 1871 544 1899; x_wconf 86' lang='lat' dir='ltr'><strong>Volentibus</strong></span> <span class='ocrx_word' id='word_1_392' title='bbox 557 1871 630 1897; x_wconf 90' lang='lat' dir='ltr'><strong>enim</strong></span> <span class='ocrx_word' id='word_1_393' title='bbox 641 1870 818 1898; x_wconf 63' lang='lat' dir='ltr'><strong>continentiae</strong></span> <span class='ocrx_word' id='word_1_394' title='bbox 837 1870 967 1898; x_wconf 90' lang='lat' dir='ltr'><strong>virtutem</strong></span> <span class='ocrx_word' id='word_1_395' title='bbox 990 1874 1032 1898; x_wconf 87' lang='lat' dir='ltr'><strong>te-</strong></span> 
     </span>
    </p>
   </div>
   <div class='ocr_carea' id='block_1_56' title="bbox 241 1917 1033 1953">
    <p class='ocr_par' dir='ltr' id='par_1_56' title="bbox 241 1917 1033 1953">
     <span class='ocr_line' id='line_1_56' title="bbox 241 1917 1033 1953; baseline -0.001 -8"><span class='ocrx_word' id='word_1_396' title='bbox 241 1925 316 1950; x_wconf 88' lang='lat' dir='ltr'><strong>nere,</strong></span> <span class='ocrx_word' id='word_1_397' title='bbox 334 1918 421 1953; x_wconf 88' lang='lat' dir='ltr'><strong>prima</strong></span> <span class='ocrx_word' id='word_1_398' title='bbox 438 1917 519 1944; x_wconf 87' lang='lat' dir='ltr'><strong>nobis</strong></span> <span class='ocrx_word' id='word_1_399' title='bbox 533 1924 625 1952; x_wconf 75' lang='lat' dir='ltr'><strong>pugna</strong></span> <span class='ocrx_word' id='word_1_400' title='bbox 645 1917 779 1944; x_wconf 81' lang='lat' dir='ltr'><strong>adversus</strong></span> <span class='ocrx_word' id='word_1_401' title='bbox 795 1924 906 1944; x_wconf 88' lang='lat' dir='ltr'><strong>carnem</strong></span> <span class='ocrx_word' id='word_1_402' title='bbox 923 1919 951 1944; x_wconf 83' lang='lat' dir='ltr'><strong>ct</strong></span> <span class='ocrx_word' id='word_1_403' title='bbox 972 1917 1033 1952; x_wconf 86' lang='lat' dir='ltr'><strong>ejus</strong></span> 
     </span>
    </p>
   </div>
   <div class='ocr_carea' id='block_1_57' title="bbox 240 1962 1032 1997">
    <p class='ocr_par' dir='ltr' id='par_1_57' title="bbox 240 1962 1032 1997">
     <span class='ocr_line' id='line_1_57' title="bbox 240 1962 1032 1997; baseline -0.003 -7"><span class='ocrx_word' id='word_1_404' title='bbox 240 1962 307 1990; x_wconf 80' lang='lat' dir='ltr'><strong>vitia</strong></span> <span class='ocrx_word' id='word_1_405' title='bbox 319 1962 440 1990; x_wconf 90' lang='lat' dir='ltr'><strong>occurrit</strong></span> <span class='ocrx_word' id='word_1_406' title='bbox 452 1971 459 1996; x_wconf 88' lang='lat'><strong>;</strong></span> <span class='ocrx_word' id='word_1_407' title='bbox 475 1969 566 1997; x_wconf 85' lang='lat' dir='ltr'><strong>neque</strong></span> <span class='ocrx_word' id='word_1_408' title='bbox 579 1969 700 1996; x_wconf 88' lang='lat' dir='ltr'><strong>unquam</strong></span> <span class='ocrx_word' id='word_1_409' title='bbox 712 1962 765 1989; x_wconf 89' lang='lat' dir='ltr'><strong>alia</strong></span> <span class='ocrx_word' id='word_1_410' title='bbox 779 1962 886 1990; x_wconf 88' lang='lat' dir='ltr'><strong>ratione</strong></span> <span class='ocrx_word' id='word_1_411' title='bbox 902 1962 1032 1989; x_wconf 87' lang='lat' dir='ltr'><strong>virtutem</strong></span> 
     </span>
    </p>
   </div>
   <div class='ocr_carea' id='block_1_58' title="bbox 241 2007 1032 2044">
    <p class='ocr_par' dir='ltr' id='par_1_58' title="bbox 241 2007 1032 2044">
     <span class='ocr_line' id='line_1_58' title="bbox 241 2007 1032 2044; baseline 0 -9"><span class='ocrx_word' id='word_1_412' title='bbox 241 2008 376 2044; x_wconf 88' lang='lat' dir='ltr'><strong>quispiam</strong></span> <span class='ocrx_word' id='word_1_413' title='bbox 398 2009 523 2035; x_wconf 79' lang='lat' dir='ltr'><strong>excolere</strong></span> <span class='ocrx_word' id='word_1_414' title='bbox 544 2007 654 2042; x_wconf 90' lang='lat' dir='ltr'><strong>poterit.</strong></span> <span class='ocrx_word' id='word_1_415' title='bbox 681 2007 766 2042; x_wconf 82' lang='lat' dir='ltr'><strong>igitur</strong></span> <span class='ocrx_word' id='word_1_416' title='bbox 791 2007 853 2034; x_wconf 86' lang='lat' dir='ltr'><strong>sitis</strong></span> <span class='ocrx_word' id='word_1_417' title='bbox 880 2007 946 2040; x_wconf 84' lang='lat' dir='ltr'><strong>illa,</strong></span> <span class='ocrx_word' id='word_1_418' title='bbox 971 2015 1032 2042; x_wconf 64' lang='lat' dir='ltr'><strong>qua:</strong></span> 
     </span>
    </p>
   </div>
   <div class='ocr_carea' id='block_1_59' title="bbox 241 2053 1032 2090">
    <p class='ocr_par' dir='ltr' id='par_1_59' title="bbox 241 2053 1032 2090">
     <span class='ocr_line' id='line_1_59' title="bbox 241 2053 1032 2090; baseline -0.004 -8"><span class='ocrx_word' id='word_1_419' title='bbox 241 2054 340 2090; x_wconf 72' lang='lat' dir='ltr'><strong>priscis</strong></span> <span class='ocrx_word' id='word_1_420' title='bbox 349 2054 402 2081; x_wconf 88' lang='lat' dir='ltr'><strong>illis</strong></span> <span class='ocrx_word' id='word_1_421' title='bbox 415 2053 575 2082; x_wconf 86' lang='lat' dir='ltr'><strong>hominibus</strong></span> <span class='ocrx_word' id='word_1_422' title='bbox 586 2053 613 2080; x_wconf 94' lang='lat' dir='ltr'><strong>in</strong></span> <span class='ocrx_word' id='word_1_423' title='bbox 627 2053 737 2080; x_wconf 90' lang='lat' dir='ltr'><strong>deserto</strong></span> <span class='ocrx_word' id='word_1_424' title='bbox 748 2053 872 2088; x_wconf 79' lang='lat' dir='ltr'><strong>contigit,</strong></span> <span class='ocrx_word' id='word_1_425' title='bbox 884 2053 1032 2080; x_wconf 86' lang='lat' dir='ltr'><strong>severioris</strong></span> 
     </span>
    </p>
   </div>
   <div class='ocr_carea' id='block_1_60' title="bbox 241 2098 1032 2134">
    <p class='ocr_par' dir='ltr' id='par_1_60' title="bbox 241 2098 1032 2134">
     <span class='ocr_line' id='line_1_60' title="bbox 241 2098 1032 2134; baseline -0.004 -6"><span class='ocrx_word' id='word_1_426' title='bbox 241 2100 444 2128; x_wconf 80' lang='lat' dir='ltr'><strong>exercitationis</strong></span> <span class='ocrx_word' id='word_1_427' title='bbox 458 2100 583 2127; x_wconf 90' lang='lat' dir='ltr'><strong>laborum</strong></span> <span class='ocrx_word' id='word_1_428' title='bbox 596 2099 682 2134; x_wconf 82' lang='lat' dir='ltr'><strong>ﬁgura</strong></span> <span class='ocrx_word' id='word_1_429' title='bbox 693 2098 762 2132; x_wconf 87' lang='lat' dir='ltr'><strong>fuit;</strong></span> <span class='ocrx_word' id='word_1_430' title='bbox 784 2101 813 2125; x_wconf 77' lang='lat' dir='ltr'><strong>et</strong></span> <span class='ocrx_word' id='word_1_431' title='bbox 835 2106 896 2133; x_wconf 67' lang='lat' dir='ltr'><strong>qua:</strong></span> <span class='ocrx_word' id='word_1_432' title='bbox 916 2098 949 2126; x_wconf 90' lang='lat' dir='ltr'><strong>ad</strong></span> <span class='ocrx_word' id='word_1_433' title='bbox 967 2106 1032 2126; x_wconf 90' lang='lat' dir='ltr'><strong>cor-</strong></span> 
     </span>
    </p>
   </div>
   <div class='ocr_carea' id='block_1_61' title="bbox 240 2143 1031 2181">
    <p class='ocr_par' dir='ltr' id='par_1_61' title="bbox 240 2143 1031 2181">
     <span class='ocr_line' id='line_1_61' title="bbox 240 2143 1031 2181; baseline -0.001 -8"><span class='ocrx_word' id='word_1_434' title='bbox 240 2153 293 2181; x_wconf 87' lang='lat' dir='ltr'><strong>pus</strong></span> <span class='ocrx_word' id='word_1_435' title='bbox 307 2146 456 2180; x_wconf 89' lang='lat' dir='ltr'><strong>pertinent,</strong></span> <span class='ocrx_word' id='word_1_436' title='bbox 477 2145 554 2172; x_wconf 88' lang='lat' dir='ltr'><strong>initia</strong></span> <span class='ocrx_word' id='word_1_437' title='bbox 569 2148 634 2171; x_wconf 86' lang='lat' dir='ltr'><strong>sunt</strong></span> <span class='ocrx_word' id='word_1_438' title='bbox 655 2144 942 2171; x_wconf 81' lang='lat' dir='ltr'><strong>exercitamentorum.</strong></span> <span class='ocrx_word' id='word_1_439' title='bbox 962 2143 1031 2172; x_wconf 92' lang='lat' dir='ltr'><strong>lllud</strong></span> 
     </span>
    </p>
   </div>
   <div class='ocr_carea' id='block_1_62' title="bbox 240 2190 1032 2222">
    <p class='ocr_par' dir='ltr' id='par_1_62' title="bbox 240 2190 1032 2222">
     <span class='ocr_line' id='line_1_62' title="bbox 240 2190 1032 2222; baseline -0.001 -4"><span class='ocrx_word' id='word_1_440' title='bbox 240 2191 313 2218; x_wconf 90' lang='lat' dir='ltr'><strong>enim</strong></span> <span class='ocrx_word' id='word_1_441' title='bbox 326 2191 528 2219; x_wconf 84' lang='lat' dir='ltr'><strong>animadvertas</strong></span> <span class='ocrx_word' id='word_1_442' title='bbox 544 2191 635 2222; x_wconf 91' lang='lat' dir='ltr'><strong>velim,</strong></span> <span class='ocrx_word' id='word_1_443' title='bbox 648 2190 711 2218; x_wconf 90' lang='lat' dir='ltr'><strong>illos</strong></span> <span class='ocrx_word' id='word_1_444' title='bbox 722 2198 778 2218; x_wconf 91' lang='lat' dir='ltr'><strong>non</strong></span> <span class='ocrx_word' id='word_1_445' title='bbox 791 2191 825 2218; x_wconf 80' lang='lat' dir='ltr'><strong>ab</strong></span> <span class='ocrx_word' id='word_1_446' title='bbox 840 2190 920 2218; x_wconf 90' lang='lat' dir='ltr'><strong>initio</strong></span> <span class='ocrx_word' id='word_1_447' title='bbox 939 2190 1032 2218; x_wconf 86' lang='lat' dir='ltr'><strong>statim</strong></span> 
     </span>
    </p>
   </div>
   <div class='ocr_carea' id='block_1_63' title="bbox 1046 1569 1067 1598">
    <p class='ocr_par' dir='ltr' id='par_1_63' title="bbox 1046 1569 1067 1598">
     <span class='ocr_line' id='line_1_63' title="bbox 1046 1569 1067 1598; baseline 0 0"><span class='ocrx_word' id='word_1_448' title='bbox 1046 1569 1067 1598; x_wconf 67' lang='grc' dir='ltr'><strong>(Ξ</strong></span> 
     </span>
    </p>
   </div>
   <div class='ocr_carea' id='block_1_64' title="bbox 1085 951 1877 988">
    <p class='ocr_par' dir='ltr' id='par_1_64' title="bbox 1085 951 1877 988">
     <span class='ocr_line' id='line_1_64' title="bbox 1085 951 1877 988; baseline -0.001 -9"><span class='ocrx_word' id='word_1_449' title='bbox 1085 953 1174 987; x_wconf 83' lang='grc' dir='ltr'>μεθα;</span> <span class='ocrx_word' id='word_1_450' title='bbox 1192 951 1307 988; x_wconf 78' lang='grc' dir='ltr'>Ἐὓόησε</span> <span class='ocrx_word' id='word_1_451' title='bbox 1322 952 1352 978; x_wconf 86' lang='grc' dir='ltr'>δὲ</span> <span class='ocrx_word' id='word_1_452' title='bbox 1373 953 1475 987; x_wconf 79' lang='grc' dir='ltr'>Μωσῆς</span> <span class='ocrx_word' id='word_1_453' title='bbox 1495 952 1563 988; x_wconf 83' lang='grc' dir='ltr'>πρὸς</span> <span class='ocrx_word' id='word_1_454' title='bbox 1577 952 1680 987; x_wconf 86' lang='grc' dir='ltr'>Κύριον</span> <span class='ocrx_word' id='word_1_455' title='bbox 1692 961 1698 967; x_wconf 91' lang='grc'><strong>·</strong></span> <span class='ocrx_word' id='word_1_456' title='bbox 1711 952 1764 978; x_wconf 75' lang='grc' dir='ltr'>καὶ</span> <span class='ocrx_word' id='word_1_457' title='bbox 1775 951 1877 984; x_wconf 78' lang='grc' dir='ltr'>ῐδειξεν</span> 
     </span>
    </p>
   </div>
   <div class='ocr_carea' id='block_1_65' title="bbox 1083 997 1875 1034">
    <p class='ocr_par' dir='ltr' id='par_1_65' title="bbox 1083 997 1875 1034">
     <span class='ocr_line' id='line_1_65' title="bbox 1083 997 1875 1034; baseline -0.003 -9"><span class='ocrx_word' id='word_1_458' title='bbox 1083 998 1159 1034; x_wconf 77' lang='grc' dir='ltr'>αὐτῷ</span> <span class='ocrx_word' id='word_1_459' title='bbox 1179 997 1281 1033; x_wconf 80' lang='grc' dir='ltr'>Κύριος</span> <span class='ocrx_word' id='word_1_460' title='bbox 1300 997 1387 1030; x_wconf 81' lang='grc' dir='ltr'>ξύλον,</span> <span class='ocrx_word' id='word_1_461' title='bbox 1404 998 1452 1024; x_wconf 80' lang='grc' dir='ltr'>καὶ</span> <span class='ocrx_word' id='word_1_462' title='bbox 1470 997 1596 1024; x_wconf 74' lang='grc' dir='ltr'>ἐνέϐαλεν</span> <span class='ocrx_word' id='word_1_463' title='bbox 1610 997 1676 1024; x_wconf 82' lang='grc' dir='ltr'>αὐτὸ</span> <span class='ocrx_word' id='word_1_464' title='bbox 1694 997 1734 1029; x_wconf 82' lang='grc' dir='ltr'><strong>εἰς</strong></span> <span class='ocrx_word' id='word_1_465' title='bbox 1746 997 1778 1024; x_wconf 83' lang='grc' dir='ltr'>τὸ</span> <span class='ocrx_word' id='word_1_466' title='bbox 1793 997 1875 1031; x_wconf 80' lang='grc' dir='ltr'>ὕδωρ,</span> 
     </span>
    </p>
   </div>
   <div class='ocr_carea' id='block_1_66' title="bbox 1084 1043 1876 1081">
    <p class='ocr_par' dir='ltr' id='par_1_66' title="bbox 1084 1043 1876 1081">
     <span class='ocr_line' id='line_1_66' title="bbox 1084 1043 1876 1081; baseline -0.005 -9"><span class='ocrx_word' id='word_1_467' title='bbox 1084 1046 1131 1072; x_wconf 75' lang='grc' dir='ltr'>καὶ</span> <span class='ocrx_word' id='word_1_468' title='bbox 1147 1045 1300 1081; x_wconf 82' lang='grc' dir='ltr'>ὲγλυκάνθη</span> <span class='ocrx_word' id='word_1_469' title='bbox 1316 1044 1347 1071; x_wconf 81' lang='grc' dir='ltr'>τὸ</span> <span class='ocrx_word' id='word_1_470' title='bbox 1365 1044 1446 1080; x_wconf 80' lang='grc' dir='ltr'>ὕδωρ.</span> <span class='ocrx_word' id='word_1_471' title='bbox 1464 1053 1473 1069; x_wconf 75' lang='grc' dir='ltr'><strong>ι</strong></span> <span class='ocrx_word' id='word_1_472' title='bbox 1492 1044 1573 1080; x_wconf 70' lang='grc' dir='ltr'>Ἄρτι</span> <span class='ocrx_word' id='word_1_473' title='bbox 1592 1043 1707 1079; x_wconf 82' lang='grc' dir='ltr'>μὲνγὰρ</span> <span class='ocrx_word' id='word_1_474' title='bbox 1725 1044 1777 1078; x_wconf 82' lang='grc' dir='ltr'>τῆς</span> <span class='ocrx_word' id='word_1_475' title='bbox 1791 1044 1876 1077; x_wconf 82' lang='grc' dir='ltr'>Λίγυ-</span> 
     </span>
    </p>
   </div>
   <div class='ocr_carea' id='block_1_67' title="bbox 1085 1089 1876 1127">
    <p class='ocr_par' dir='ltr' id='par_1_67' title="bbox 1085 1089 1876 1127">
     <span class='ocr_line' id='line_1_67' title="bbox 1085 1089 1876 1127; baseline -0.005 -8"><span class='ocrx_word' id='word_1_476' title='bbox 1085 1092 1170 1119; x_wconf 84' lang='grc' dir='ltr'>πτιων</span> <span class='ocrx_word' id='word_1_477' title='bbox 1191 1091 1357 1127; x_wconf 83' lang='grc' dir='ltr'>άπαὶροντες</span> <span class='ocrx_word' id='word_1_478' title='bbox 1372 1091 1424 1126; x_wconf 83' lang='grc' dir='ltr'>γῆς</span> <span class='ocrx_word' id='word_1_479' title='bbox 1445 1090 1470 1116; x_wconf 79' lang='lat' dir='ltr'><strong>oi</strong></span> <span class='ocrx_word' id='word_1_480' title='bbox 1490 1089 1520 1123; x_wconf 70' lang='grc' dir='ltr'>ἐξ</span> <span class='ocrx_word' id='word_1_481' title='bbox 1544 1089 1666 1125; x_wconf 82' lang='grc' dir='ltr'>Ἰσραὴλ,</span> <span class='ocrx_word' id='word_1_482' title='bbox 1697 1090 1742 1116; x_wconf 71' lang='grc' dir='ltr'>καὶ</span> <span class='ocrx_word' id='word_1_483' title='bbox 1763 1090 1815 1124; x_wconf 82' lang='grc' dir='ltr'><strong>τῆς</strong></span> <span class='ocrx_word' id='word_1_484' title='bbox 1831 1089 1876 1115; x_wconf 83' lang='grc' dir='ltr'><strong>ὑπ’</strong></span> 
     </span>
    </p>
   </div>
   <div class='ocr_carea' id='block_1_68' title="bbox 1084 1135 1873 1172">
    <p class='ocr_par' dir='ltr' id='par_1_68' title="bbox 1084 1135 1873 1172">
     <span class='ocr_line' id='line_1_68' title="bbox 1084 1135 1873 1172; baseline -0.004 -8"><span class='ocrx_word' id='word_1_485' title='bbox 1084 1137 1176 1169; x_wconf 77' lang='grc' dir='ltr'>αὐτοῖς</span> <span class='ocrx_word' id='word_1_486' title='bbox 1190 1137 1302 1172; x_wconf 79' lang='grc' dir='ltr'>θητείας</span> <span class='ocrx_word' id='word_1_487' title='bbox 1317 1137 1363 1163; x_wconf 78' lang='grc' dir='ltr'>τὸν</span> <span class='ocrx_word' id='word_1_488' title='bbox 1377 1136 1498 1171; x_wconf 78' lang='grc' dir='ltr'>δυσαχθῆ</span> <span class='ocrx_word' id='word_1_489' title='bbox 1517 1143 1547 1162; x_wconf 80' lang='grc' dir='ltr'>τε</span> <span class='ocrx_word' id='word_1_490' title='bbox 1561 1135 1608 1162; x_wconf 81' lang='grc' dir='ltr'>καὶ</span> <span class='ocrx_word' id='word_1_491' title='bbox 1624 1135 1740 1170; x_wconf 81' lang='grc' dir='ltr'>ἄτλητον</span> <span class='ocrx_word' id='word_1_492' title='bbox 1758 1136 1873 1170; x_wconf 76' lang='grc' dir='ltr'>ἀπορρι-</span> 
     </span>
    </p>
   </div>
   <div class='ocr_carea' id='block_1_69' title="bbox 1085 1181 1878 1218">
    <p class='ocr_par' dir='ltr' id='par_1_69' title="bbox 1085 1181 1878 1218">
     <span class='ocr_line' id='line_1_69' title="bbox 1085 1181 1878 1218; baseline -0.004 -8"><span class='ocrx_word' id='word_1_493' title='bbox 1085 1183 1216 1215; x_wconf 78' lang='grc' dir='ltr'>πτοῦντες</span> <span class='ocrx_word' id='word_1_494' title='bbox 1229 1183 1321 1217; x_wconf 74' lang='grc' dir='ltr'>ζυγὸν.</span> <span class='ocrx_word' id='word_1_495' title='bbox 1344 1183 1385 1214; x_wconf 82' lang='grc' dir='ltr'><strong>εἰς</strong></span> <span class='ocrx_word' id='word_1_496' title='bbox 1399 1183 1448 1218; x_wconf 80' lang='grc' dir='ltr'>τὴν</span> <span class='ocrx_word' id='word_1_497' title='bbox 1463 1181 1547 1210; x_wconf 85' lang='grc' dir='ltr'>πάλαι</span> <span class='ocrx_word' id='word_1_498' title='bbox 1565 1183 1622 1213; x_wconf 78' lang='grc' dir='ltr'>τοῖς</span> <span class='ocrx_word' id='word_1_499' title='bbox 1636 1181 1773 1216; x_wconf 77' lang='grc' dir='ltr'>πατράσιν</span> <span class='ocrx_word' id='word_1_500' title='bbox 1790 1182 1878 1216; x_wconf 78' lang='grc' dir='ltr'>ἐπηγ-</span> 
     </span>
    </p>
   </div>
   <div class='ocr_carea' id='block_1_70' title="bbox 1084 1226 1877 1264">
    <p class='ocr_par' dir='ltr' id='par_1_70' title="bbox 1084 1226 1877 1264">
     <span class='ocr_line' id='line_1_70' title="bbox 1084 1226 1877 1264; baseline -0.004 -9"><span class='ocrx_word' id='word_1_501' title='bbox 1084 1229 1221 1264; x_wconf 77' lang='grc' dir='ltr'>γελμένην</span> <span class='ocrx_word' id='word_1_502' title='bbox 1232 1226 1447 1264; x_wconf 82' lang='grc' dir='ltr'>μεθορμίζεσθαι</span> <span class='ocrx_word' id='word_1_503' title='bbox 1460 1227 1521 1262; x_wconf 82' lang='grc' dir='ltr'>γῆν,</span> <span class='ocrx_word' id='word_1_504' title='bbox 1531 1226 1598 1253; x_wconf 81' lang='grc' dir='ltr'>Θεοῦ</span> <span class='ocrx_word' id='word_1_505' title='bbox 1609 1226 1768 1258; x_wconf 82' lang='grc' dir='ltr'>καλοῦντος,</span> <span class='ocrx_word' id='word_1_506' title='bbox 1777 1226 1877 1253; x_wconf 70' lang='grc' dir='ltr'>ἐσπού-</span> 
     </span>
    </p>
   </div>
   <div class='ocr_carea' id='block_1_71' title="bbox 1084 1272 1877 1310">
    <p class='ocr_par' dir='ltr' id='par_1_71' title="bbox 1084 1272 1877 1310">
     <span class='ocr_line' id='line_1_71' title="bbox 1084 1272 1877 1310; baseline -0.003 -8"><span class='ocrx_word' id='word_1_507' title='bbox 1084 1274 1174 1306; x_wconf 82' lang='grc' dir='ltr'>δαζον.</span> <span class='ocrx_word' id='word_1_508' title='bbox 1190 1274 1302 1310; x_wconf 82' lang='grc' dir='ltr'>Πρῶτος</span> <span class='ocrx_word' id='word_1_509' title='bbox 1313 1273 1341 1300; x_wconf 70' lang='grc' dir='ltr'>δὲ</span> <span class='ocrx_word' id='word_1_510' title='bbox 1351 1273 1445 1304; x_wconf 76' lang='grc' dir='ltr'>αὐτοῖς</span> <span class='ocrx_word' id='word_1_511' title='bbox 1460 1272 1622 1304; x_wconf 78' lang='grc' dir='ltr'>ὑπαντιάζει</span> <span class='ocrx_word' id='word_1_512' title='bbox 1640 1272 1731 1305; x_wconf 84' lang='grc' dir='ltr'>πόνος,</span> <span class='ocrx_word' id='word_1_513' title='bbox 1745 1272 1803 1299; x_wconf 80' lang='grc' dir='ltr'><strong>τῶν</strong></span> <span class='ocrx_word' id='word_1_514' title='bbox 1820 1272 1877 1300; x_wconf 84' lang='grc' dir='ltr'>ὑδά-</span> 
     </span>
    </p>
   </div>
   <div class='ocr_carea' id='block_1_72' title="bbox 1083 1318 1877 1356">
    <p class='ocr_par' dir='ltr' id='par_1_72' title="bbox 1083 1318 1877 1356">
     <span class='ocr_line' id='line_1_72' title="bbox 1083 1318 1877 1356; baseline -0.005 -8"><span class='ocrx_word' id='word_1_515' title='bbox 1083 1330 1137 1348; x_wconf 82' lang='grc' dir='ltr'><strong>των</strong></span> <span class='ocrx_word' id='word_1_516' title='bbox 1156 1322 1172 1356; x_wconf 85' lang='grc' dir='ltr'><strong>ἡ</strong></span> <span class='ocrx_word' id='word_1_517' title='bbox 1191 1321 1300 1352; x_wconf 80' lang='grc' dir='ltr'>σπάνις,</span> <span class='ocrx_word' id='word_1_518' title='bbox 1324 1320 1342 1347; x_wconf 76' lang='grc' dir='ltr'><strong>ἀ</strong></span> <span class='ocrx_word' id='word_1_519' title='bbox 1366 1319 1443 1355; x_wconf 85' lang='grc' dir='ltr'>μόλις</span> <span class='ocrx_word' id='word_1_520' title='bbox 1468 1319 1518 1355; x_wconf 79' lang='grc' dir='ltr'>μὲν</span> <span class='ocrx_word' id='word_1_521' title='bbox 1539 1318 1583 1345; x_wconf 79' lang='grc' dir='ltr'>διὰ</span> <span class='ocrx_word' id='word_1_522' title='bbox 1605 1318 1712 1354; x_wconf 75' lang='grc' dir='ltr'>μακροῦ</span> <span class='ocrx_word' id='word_1_523' title='bbox 1740 1318 1877 1353; x_wconf 73' lang='grc' dir='ltr'>καμοῦσιν</span> 
     </span>
    </p>
   </div>
   <div class='ocr_carea' id='block_1_73' title="bbox 1085 1365 1877 1404">
    <p class='ocr_par' dir='ltr' id='par_1_73' title="bbox 1085 1365 1877 1404">
     <span class='ocr_line' id='line_1_73' title="bbox 1085 1365 1877 1404; baseline -0.001 -10"><span class='ocrx_word' id='word_1_524' title='bbox 1085 1367 1196 1404; x_wconf 84' lang='grc' dir='ltr'>εὑρέθη,</span> <span class='ocrx_word' id='word_1_525' title='bbox 1216 1367 1286 1398; x_wconf 79' lang='grc' dir='ltr'>πλὴν</span> <span class='ocrx_word' id='word_1_526' title='bbox 1296 1367 1347 1393; x_wconf 79' lang='grc' dir='ltr'>οὐκ</span> <span class='ocrx_word' id='word_1_527' title='bbox 1362 1365 1556 1401; x_wconf 75' lang='grc' dir='ltr'>ἀταλαίπωρον</span> <span class='ocrx_word' id='word_1_528' title='bbox 1573 1365 1670 1399; x_wconf 64' lang='grc' dir='ltr'>ἔχοντα</span> <span class='ocrx_word' id='word_1_529' title='bbox 1688 1365 1738 1400; x_wconf 78' lang='grc' dir='ltr'>τὴν</span> <span class='ocrx_word' id='word_1_530' title='bbox 1757 1365 1877 1393; x_wconf 78' lang='grc' dir='ltr'>ἀπόλαυ·</span> 
     </span>
    </p>
   </div>
   <div class='ocr_carea' id='block_1_74' title="bbox 1085 1410 1877 1449">
    <p class='ocr_par' dir='ltr' id='par_1_74' title="bbox 1085 1410 1877 1449">
     <span class='ocr_line' id='line_1_74' title="bbox 1085 1410 1877 1449; baseline -0.004 -9"><span class='ocrx_word' id='word_1_531' title='bbox 1085 1421 1138 1441; x_wconf 77' lang='lat' dir='ltr'><strong>atv&#39;</strong></span> <span class='ocrx_word' id='word_1_532' title='bbox 1154 1413 1241 1449; x_wconf 84' lang='grc' dir='ltr'>πικρὰ</span> <span class='ocrx_word' id='word_1_533' title='bbox 1256 1413 1310 1447; x_wconf 72' lang='grc' dir='ltr'><strong>γάρ</strong></span> <span class='ocrx_word' id='word_1_534' title='bbox 1323 1410 1368 1448; x_wconf 74' lang='grc' dir='ltr'>ἦν,</span> <span class='ocrx_word' id='word_1_535' title='bbox 1387 1411 1459 1439; x_wconf 84' lang='grc' dir='ltr'>καθά</span> <span class='ocrx_word' id='word_1_536' title='bbox 1475 1411 1628 1447; x_wconf 81' lang='grc' dir='ltr'>γέγραπται</span> <span class='ocrx_word' id='word_1_537' title='bbox 1638 1430 1644 1437; x_wconf 93' lang='grc'>.</span> <span class='ocrx_word' id='word_1_538' title='bbox 1655 1411 1740 1438; x_wconf 82' lang='grc' dir='ltr'>Ξύλου</span> <span class='ocrx_word' id='word_1_539' title='bbox 1761 1411 1792 1438; x_wconf 79' lang='grc' dir='ltr'>δὲ</span> <span class='ocrx_word' id='word_1_540' title='bbox 1806 1411 1877 1446; x_wconf 79' lang='grc' dir='ltr'>μίξει</span> 
     </span>
    </p>
   </div>
   <div class='ocr_carea' id='block_1_75' title="bbox 1086 1456 1876 1494">
    <p class='ocr_par' dir='ltr' id='par_1_75' title="bbox 1086 1456 1876 1494">
     <span class='ocr_line' id='line_1_75' title="bbox 1086 1456 1876 1494; baseline -0.004 -8"><span class='ocrx_word' id='word_1_541' title='bbox 1086 1459 1302 1494; x_wconf 77' lang='grc' dir='ltr'>μετεσκευάζετο</span> <span class='ocrx_word' id='word_1_542' title='bbox 1314 1458 1382 1494; x_wconf 82' lang='grc' dir='ltr'>πρὸς</span> <span class='ocrx_word' id='word_1_543' title='bbox 1399 1458 1431 1484; x_wconf 79' lang='grc' dir='ltr'>τὸ</span> <span class='ocrx_word' id='word_1_544' title='bbox 1447 1457 1496 1492; x_wconf 88' lang='grc' dir='ltr'><strong>ἡδύ</strong></span> <span class='ocrx_word' id='word_1_545' title='bbox 1511 1465 1541 1483; x_wconf 89' lang='grc' dir='ltr'>τε</span> <span class='ocrx_word' id='word_1_546' title='bbox 1557 1457 1605 1483; x_wconf 76' lang='grc' dir='ltr'>καὶ</span> <span class='ocrx_word' id='word_1_547' title='bbox 1622 1457 1719 1491; x_wconf 81' lang='grc' dir='ltr'>γλυκὺ,</span> <span class='ocrx_word' id='word_1_548' title='bbox 1735 1456 1806 1484; x_wconf 84' lang='grc' dir='ltr'><strong>Θεοῦ</strong></span> <span class='ocrx_word' id='word_1_549' title='bbox 1826 1466 1876 1484; x_wconf 81' lang='grc' dir='ltr'>πα-</span> 
     </span>
    </p>
   </div>
   <div class='ocr_carea' id='block_1_76' title="bbox 1086 1494 1878 1540">
    <p class='ocr_par' dir='ltr' id='par_1_76' title="bbox 1086 1494 1878 1540">
     <span class='ocr_line' id='line_1_76' title="bbox 1086 1494 1878 1540; baseline -0.004 -9"><span class='ocrx_word' id='word_1_550' title='bbox 1086 1494 1268 1540; x_wconf 60' lang='grc' dir='ltr'>ραδεδεῗχότος</span> <span class='ocrx_word' id='word_1_551' title='bbox 1282 1503 1330 1531; x_wconf 82' lang='grc' dir='ltr'><strong>τοῦ</strong></span> <span class='ocrx_word' id='word_1_552' title='bbox 1347 1504 1517 1539; x_wconf 77' lang='grc' dir='ltr'>πράγματος</span> <span class='ocrx_word' id='word_1_553' title='bbox 1531 1502 1580 1538; x_wconf 75' lang='grc' dir='ltr'>τὴν</span> <span class='ocrx_word' id='word_1_554' title='bbox 1596 1502 1655 1529; x_wconf 71' lang='grc' dir='ltr'>ὁδὸν</span> <span class='ocrx_word' id='word_1_555' title='bbox 1675 1502 1716 1537; x_wconf 85' lang='grc' dir='ltr'>τῷ</span> <span class='ocrx_word' id='word_1_556' title='bbox 1739 1502 1878 1536; x_wconf 77' lang='grc' dir='ltr'>θεσπεσίῳ</span> 
     </span>
    </p>
   </div>
   <div class='ocr_carea' id='block_1_77' title="bbox 1083 1547 1876 1584">
    <p class='ocr_par' dir='ltr' id='par_1_77' title="bbox 1083 1547 1876 1584">
     <span class='ocr_line' id='line_1_77' title="bbox 1083 1547 1876 1584; baseline -0.003 -8"><span class='ocrx_word' id='word_1_557' title='bbox 1083 1549 1181 1584; x_wconf 83' lang='grc' dir='ltr'>Μωσῇ.</span> <span class='ocrx_word' id='word_1_558' title='bbox 1203 1549 1288 1584; x_wconf 83' lang='grc' dir='ltr'><strong>Νόμῳ</strong></span> <span class='ocrx_word' id='word_1_559' title='bbox 1307 1549 1364 1584; x_wconf 81' lang='grc' dir='ltr'><strong>γάρ</strong></span> <span class='ocrx_word' id='word_1_560' title='bbox 1387 1548 1450 1583; x_wconf 80' lang='grc' dir='ltr'>θείῳ</span> <span class='ocrx_word' id='word_1_561' title='bbox 1474 1547 1730 1582; x_wconf 83' lang='grc' dir='ltr'>παιδαγωγούμενοι</span> <span class='ocrx_word' id='word_1_562' title='bbox 1758 1547 1830 1582; x_wconf 83' lang='grc' dir='ltr'>πρὸς</span> <span class='ocrx_word' id='word_1_563' title='bbox 1847 1548 1876 1574; x_wconf 81' lang='grc' dir='ltr'><strong>τὺ</strong></span> 
     </span>
    </p>
   </div>
   <div class='ocr_carea' id='block_1_78' title="bbox 1083 1593 1876 1628">
    <p class='ocr_par' dir='ltr' id='par_1_78' title="bbox 1083 1593 1876 1628">
     <span class='ocr_line' id='line_1_78' title="bbox 1083 1593 1876 1628; baseline -0.003 -6"><span class='ocrx_word' id='word_1_564' title='bbox 1083 1596 1139 1622; x_wconf 81' lang='grc' dir='ltr'>δεῖν</span> <span class='ocrx_word' id='word_1_565' title='bbox 1153 1595 1264 1622; x_wconf 75' lang='grc' dir='ltr'>ἑλέσθαι</span> <span class='ocrx_word' id='word_1_566' title='bbox 1289 1594 1500 1621; x_wconf 78' lang='grc' dir='ltr'>κατακολουθεῖν</span> <span class='ocrx_word' id='word_1_567' title='bbox 1515 1593 1555 1628; x_wconf 85' lang='grc' dir='ltr'>τῷ</span> <span class='ocrx_word' id='word_1_568' title='bbox 1578 1593 1648 1628; x_wconf 82' lang='grc' dir='ltr'><strong>Θεῷ,</strong></span> <span class='ocrx_word' id='word_1_569' title='bbox 1668 1594 1718 1628; x_wconf 81' lang='grc' dir='ltr'>τῆς</span> <span class='ocrx_word' id='word_1_570' title='bbox 1733 1595 1767 1621; x_wconf 83' lang='grc' dir='ltr'>ὲκ</span> <span class='ocrx_word' id='word_1_571' title='bbox 1783 1593 1876 1621; x_wconf 85' lang='grc' dir='ltr'>παθῶν</span> 
     </span>
    </p>
   </div>
   <div class='ocr_carea' id='block_1_79' title="bbox 1083 1639 1877 1675">
    <p class='ocr_par' dir='ltr' id='par_1_79' title="bbox 1083 1639 1877 1675">
     <span class='ocr_line' id='line_1_79' title="bbox 1083 1639 1877 1675; baseline -0.003 -8"><span class='ocrx_word' id='word_1_572' title='bbox 1083 1641 1204 1672; x_wconf 86' lang='grc' dir='ltr'>δουλείας</span> <span class='ocrx_word' id='word_1_573' title='bbox 1216 1639 1366 1673; x_wconf 74' lang='grc' dir='ltr'>ὲξέλκοντι,</span> <span class='ocrx_word' id='word_1_574' title='bbox 1379 1641 1427 1667; x_wconf 82' lang='grc' dir='ltr'>καὶ</span> <span class='ocrx_word' id='word_1_575' title='bbox 1443 1640 1475 1667; x_wconf 80' lang='grc' dir='ltr'>ὲκ</span> <span class='ocrx_word' id='word_1_576' title='bbox 1489 1639 1538 1674; x_wconf 83' lang='grc' dir='ltr'>τῆς</span> <span class='ocrx_word' id='word_1_577' title='bbox 1557 1639 1612 1667; x_wconf 81' lang='grc' dir='ltr'><strong>τῶν</strong></span> <span class='ocrx_word' id='word_1_578' title='bbox 1627 1639 1776 1675; x_wconf 80' lang='grc' dir='ltr'>δαιμονίων</span> <span class='ocrx_word' id='word_1_579' title='bbox 1791 1640 1877 1666; x_wconf 79' lang='grc' dir='ltr'>ἀπαλ-</span> 
     </span>
    </p>
   </div>
   <div class='ocr_carea' id='block_1_80' title="bbox 1083 1684 1874 1721">
    <p class='ocr_par' dir='ltr' id='par_1_80' title="bbox 1083 1684 1874 1721">
     <span class='ocr_line' id='line_1_80' title="bbox 1083 1684 1874 1721; baseline -0.003 -8"><span class='ocrx_word' id='word_1_580' title='bbox 1083 1686 1228 1713; x_wconf 77' lang='grc' dir='ltr'>λάττεσθαι</span> <span class='ocrx_word' id='word_1_581' title='bbox 1237 1685 1405 1721; x_wconf 83' lang='grc' dir='ltr'>τυραννίδος,</span> <span class='ocrx_word' id='word_1_582' title='bbox 1420 1684 1510 1720; x_wconf 83' lang='grc' dir='ltr'>ἱδροῦν</span> <span class='ocrx_word' id='word_1_583' title='bbox 1526 1685 1632 1720; x_wconf 83' lang='grc' dir='ltr'>ἀνάγκη</span> <span class='ocrx_word' id='word_1_584' title='bbox 1647 1685 1874 1720; x_wconf 76' lang='grc' dir='ltr'>πειραζομένους.</span> 
     </span>
    </p>
   </div>
   <div class='ocr_carea' id='block_1_81' title="bbox 1083 1731 1877 1767">
    <p class='ocr_par' dir='ltr' id='par_1_81' title="bbox 1083 1731 1877 1767">
     <span class='ocr_line' id='line_1_81' title="bbox 1083 1731 1877 1767; baseline -0.001 -8"><span class='ocrx_word' id='word_1_585' title='bbox 1083 1733 1129 1759; x_wconf 78' lang='grc' dir='ltr'>καὶ</span> <span class='ocrx_word' id='word_1_586' title='bbox 1146 1732 1192 1759; x_wconf 82' lang='grc' dir='ltr'>τὸν</span> <span class='ocrx_word' id='word_1_587' title='bbox 1210 1732 1261 1767; x_wconf 80' lang='grc' dir='ltr'>τῆς</span> <span class='ocrx_word' id='word_1_588' title='bbox 1276 1731 1477 1766; x_wconf 79' lang='grc' dir='ltr'>εὐδοκιμήσεως</span> <span class='ocrx_word' id='word_1_589' title='bbox 1487 1731 1644 1758; x_wconf 82' lang='grc' dir='ltr'>ἀναδεῖσθαι</span> <span class='ocrx_word' id='word_1_590' title='bbox 1660 1731 1806 1765; x_wconf 78' lang='grc' dir='ltr'>στέφανον,</span> <span class='ocrx_word' id='word_1_591' title='bbox 1822 1732 1877 1762; x_wconf 80' lang='grc' dir='ltr'>τοῖς</span> 
     </span>
    </p>
   </div>
   <div class='ocr_carea' id='block_1_82' title="bbox 1083 1776 1876 1813">
    <p class='ocr_par' dir='ltr' id='par_1_82' title="bbox 1083 1776 1876 1813">
     <span class='ocr_line' id='line_1_82' title="bbox 1083 1776 1876 1813; baseline -0.003 -9"><span class='ocrx_word' id='word_1_592' title='bbox 1083 1777 1113 1810; x_wconf 82' lang='grc' dir='ltr'>ἐξ</span> <span class='ocrx_word' id='word_1_593' title='bbox 1126 1778 1269 1813; x_wconf 79' lang='grc' dir='ltr'>ἀσκήσεως</span> <span class='ocrx_word' id='word_1_594' title='bbox 1297 1777 1390 1808; x_wconf 79' lang='grc' dir='ltr'>πόνοις</span> <span class='ocrx_word' id='word_1_595' title='bbox 1410 1777 1616 1812; x_wconf 81' lang='grc' dir='ltr'>κατατήκοντας</span> <span class='ocrx_word' id='word_1_596' title='bbox 1638 1776 1674 1803; x_wconf 83' lang='grc' dir='ltr'>τὰ</span> <span class='ocrx_word' id='word_1_597' title='bbox 1696 1776 1811 1811; x_wconf 78' lang='grc' dir='ltr'>σαρκὸς,</span> <span class='ocrx_word' id='word_1_598' title='bbox 1831 1777 1876 1803; x_wconf 75' lang='grc' dir='ltr'><strong>καὶ</strong></span> 
     </span>
    </p>
   </div>
   <div class='ocr_carea' id='block_1_83' title="bbox 1083 1822 1876 1859">
    <p class='ocr_par' dir='ltr' id='par_1_83' title="bbox 1083 1822 1876 1859">
     <span class='ocr_line' id='line_1_83' title="bbox 1083 1822 1876 1859; baseline -0.004 -9"><span class='ocrx_word' id='word_1_599' title='bbox 1083 1823 1177 1859; x_wconf 79' lang='grc' dir='ltr'>ὥσπερ</span> <span class='ocrx_word' id='word_1_600' title='bbox 1197 1823 1259 1850; x_wconf 85' lang='grc' dir='ltr'>τινά</span> <span class='ocrx_word' id='word_1_601' title='bbox 1279 1823 1351 1858; x_wconf 81' lang='grc' dir='ltr'>θῆρα</span> <span class='ocrx_word' id='word_1_602' title='bbox 1371 1822 1457 1850; x_wconf 83' lang='grc' dir='ltr'>δεινὸν</span> <span class='ocrx_word' id='word_1_603' title='bbox 1475 1822 1738 1857; x_wconf 83' lang='grc' dir='ltr'>καταγοητεύοντας,</span> <span class='ocrx_word' id='word_1_604' title='bbox 1754 1822 1828 1857; x_wconf 78' lang='grc' dir='ltr'>δίψει</span> <span class='ocrx_word' id='word_1_605' title='bbox 1847 1831 1876 1848; x_wconf 77' lang='grc' dir='ltr'>τε</span> 
     </span>
    </p>
   </div>
   <div class='ocr_carea' id='block_1_84' title="bbox 1083 1869 1876 1904">
    <p class='ocr_par' dir='ltr' id='par_1_84' title="bbox 1083 1869 1876 1904">
     <span class='ocr_line' id='line_1_84' title="bbox 1083 1869 1876 1904; baseline -0.001 -8"><span class='ocrx_word' id='word_1_606' title='bbox 1083 1871 1130 1896; x_wconf 81' lang='grc' dir='ltr'>καὶ</span> <span class='ocrx_word' id='word_1_607' title='bbox 1154 1870 1285 1902; x_wconf 82' lang='grc' dir='ltr'>ἀσιτίαις,</span> <span class='ocrx_word' id='word_1_608' title='bbox 1304 1869 1337 1896; x_wconf 81' lang='grc' dir='ltr'>τὸ</span> <span class='ocrx_word' id='word_1_609' title='bbox 1359 1869 1428 1902; x_wconf 74' lang='grc' dir='ltr'>πρὸς</span> <span class='ocrx_word' id='word_1_610' title='bbox 1443 1869 1540 1904; x_wconf 86' lang='grc' dir='ltr'>ἡδονὴν</span> <span class='ocrx_word' id='word_1_611' title='bbox 1556 1869 1600 1896; x_wconf 73' lang='grc' dir='ltr'><strong>ἀεὶ</strong></span> <span class='ocrx_word' id='word_1_612' title='bbox 1615 1869 1713 1904; x_wconf 83' lang='grc' dir='ltr'>βλέπον</span> <span class='ocrx_word' id='word_1_613' title='bbox 1728 1869 1876 1896; x_wconf 84' lang='grc' dir='ltr'>άτίθασσον</span> 
     </span>
    </p>
   </div>
   <div class='ocr_carea' id='block_1_85' title="bbox 1084 1914 1875 1951">
    <p class='ocr_par' dir='ltr' id='par_1_85' title="bbox 1084 1914 1875 1951">
     <span class='ocr_line' id='line_1_85' title="bbox 1084 1914 1875 1951; baseline -0.003 -8"><span class='ocrx_word' id='word_1_614' title='bbox 1084 1916 1195 1951; x_wconf 82' lang='grc' dir='ltr'>κίνημα.</span> <span class='ocrx_word' id='word_1_615' title='bbox 1211 1915 1313 1951; x_wconf 70' lang='grc' dir='ltr'>Πρώτη</span> <span class='ocrx_word' id='word_1_616' title='bbox 1326 1915 1381 1949; x_wconf 86' lang='grc' dir='ltr'><strong>γὰρ</strong></span> <span class='ocrx_word' id='word_1_617' title='bbox 1391 1916 1457 1950; x_wconf 85' lang='grc' dir='ltr'>ἡμῖν</span> <span class='ocrx_word' id='word_1_618' title='bbox 1469 1916 1486 1949; x_wconf 85' lang='grc' dir='ltr'><strong>ἡ</strong></span> <span class='ocrx_word' id='word_1_619' title='bbox 1499 1915 1584 1950; x_wconf 79' lang='grc' dir='ltr'>μάχη,</span> <span class='ocrx_word' id='word_1_620' title='bbox 1595 1914 1745 1950; x_wconf 74' lang='grc' dir='ltr'>κατορθοῦν</span> <span class='ocrx_word' id='word_1_621' title='bbox 1753 1914 1875 1941; x_wconf 75' lang='grc' dir='ltr'>ἐθέλουσι</span> 
     </span>
    </p>
   </div>
   <div class='ocr_carea' id='block_1_86' title="bbox 1085 1960 1877 1997">
    <p class='ocr_par' dir='ltr' id='par_1_86' title="bbox 1085 1960 1877 1997">
     <span class='ocr_line' id='line_1_86' title="bbox 1085 1960 1877 1997; baseline -0.001 -9"><span class='ocrx_word' id='word_1_622' title='bbox 1085 1962 1135 1997; x_wconf 87' lang='grc' dir='ltr'>τὴν</span> <span class='ocrx_word' id='word_1_623' title='bbox 1149 1962 1323 1997; x_wconf 75' lang='grc' dir='ltr'>ἐγκράτειαν.</span> <span class='ocrx_word' id='word_1_624' title='bbox 1347 1961 1416 1996; x_wconf 85' lang='grc' dir='ltr'>πρὸς</span> <span class='ocrx_word' id='word_1_625' title='bbox 1431 1960 1522 1996; x_wconf 82' lang='grc' dir='ltr'>σάρκα</span> <span class='ocrx_word' id='word_1_626' title='bbox 1538 1969 1569 1986; x_wconf 83' lang='grc' dir='ltr'>τε</span> <span class='ocrx_word' id='word_1_627' title='bbox 1593 1961 1640 1987; x_wconf 81' lang='grc' dir='ltr'>καὶ</span> <span class='ocrx_word' id='word_1_628' title='bbox 1655 1960 1690 1987; x_wconf 84' lang='grc' dir='ltr'><strong>τὰ</strong></span> <span class='ocrx_word' id='word_1_629' title='bbox 1712 1961 1816 1996; x_wconf 73' lang='grc' dir='ltr'>αὐτῆς·</span> <span class='ocrx_word' id='word_1_630' title='bbox 1831 1961 1877 1987; x_wconf 77' lang='grc' dir='ltr'>καὶ</span> 
     </span>
    </p>
   </div>
   <div class='ocr_carea' id='block_1_87' title="bbox 1082 2005 1876 2042">
    <p class='ocr_par' dir='ltr' id='par_1_87' title="bbox 1082 2005 1876 2042">
     <span class='ocr_line' id='line_1_87' title="bbox 1082 2005 1876 2042; baseline -0.003 -8"><span class='ocrx_word' id='word_1_631' title='bbox 1082 2007 1131 2034; x_wconf 79' lang='grc' dir='ltr'>οὐκ</span> <span class='ocrx_word' id='word_1_632' title='bbox 1145 2007 1178 2034; x_wconf 81' lang='grc' dir='ltr'>ἂν</span> <span class='ocrx_word' id='word_1_633' title='bbox 1189 2006 1265 2042; x_wconf 69' lang='grc' dir='ltr'>οἶμαί</span> <span class='ocrx_word' id='word_1_634' title='bbox 1283 2015 1326 2038; x_wconf 84' lang='grc' dir='ltr'><strong>τις</strong></span> <span class='ocrx_word' id='word_1_635' title='bbox 1340 2006 1441 2042; x_wconf 82' lang='grc' dir='ltr'>ἑτέρως</span> <span class='ocrx_word' id='word_1_636' title='bbox 1461 2005 1617 2041; x_wconf 83' lang='grc' dir='ltr'>ὲκμελετῲη</span> <span class='ocrx_word' id='word_1_637' title='bbox 1631 2005 1680 2040; x_wconf 84' lang='grc' dir='ltr'>τὴν</span> <span class='ocrx_word' id='word_1_638' title='bbox 1691 2006 1805 2041; x_wconf 79' lang='grc' dir='ltr'>ἀρετήν.</span> <span class='ocrx_word' id='word_1_639' title='bbox 1825 2005 1876 2032; x_wconf 85' lang='grc' dir='ltr'><strong>Τύ-</strong></span> 
     </span>
    </p>
   </div>
   <div class='ocr_carea' id='block_1_88' title="bbox 1082 2051 1879 2089">
    <p class='ocr_par' dir='ltr' id='par_1_88' title="bbox 1082 2051 1879 2089">
     <span class='ocr_line' id='line_1_88' title="bbox 1082 2051 1879 2089; baseline -0.005 -8"><span class='ocrx_word' id='word_1_640' title='bbox 1082 2062 1133 2086; x_wconf 65' lang='lat' dir='ltr'><strong>ito;</strong></span> <span class='ocrx_word' id='word_1_641' title='bbox 1143 2051 1190 2081; x_wconf 88' lang='grc' dir='ltr'>οὗν</span> <span class='ocrx_word' id='word_1_642' title='bbox 1201 2053 1255 2089; x_wconf 82' lang='grc' dir='ltr'>ἄρα</span> <span class='ocrx_word' id='word_1_643' title='bbox 1269 2053 1324 2079; x_wconf 85' lang='grc' dir='ltr'>τῶν</span> <span class='ocrx_word' id='word_1_644' title='bbox 1335 2054 1364 2079; x_wconf 85' lang='grc' dir='ltr'>ὲν</span> <span class='ocrx_word' id='word_1_645' title='bbox 1374 2052 1491 2088; x_wconf 79' lang='grc' dir='ltr'>ἀσκήσει</span> <span class='ocrx_word' id='word_1_646' title='bbox 1504 2052 1604 2085; x_wconf 81' lang='grc' dir='ltr'>πόνων,</span> <span class='ocrx_word' id='word_1_647' title='bbox 1620 2052 1637 2087; x_wconf 80' lang='grc' dir='ltr'><strong>ἡ</strong></span> <span class='ocrx_word' id='word_1_648' title='bbox 1651 2051 1715 2086; x_wconf 78' lang='grc' dir='ltr'>δίψα</span> <span class='ocrx_word' id='word_1_649' title='bbox 1724 2053 1781 2083; x_wconf 87' lang='grc' dir='ltr'>τοῖς</span> <span class='ocrx_word' id='word_1_650' title='bbox 1792 2051 1879 2079; x_wconf 88' lang='grc' dir='ltr'>πάλαι-</span> 
     </span>
    </p>
   </div>
   <div class='ocr_carea' id='block_1_89' title="bbox 1083 2097 1874 2136">
    <p class='ocr_par' dir='ltr' id='par_1_89' title="bbox 1083 2097 1874 2136">
     <span class='ocr_line' id='line_1_89' title="bbox 1083 2097 1874 2136; baseline -0.003 -9"><span class='ocrx_word' id='word_1_651' title='bbox 1083 2109 1115 2127; x_wconf 91' lang='grc' dir='ltr'><strong>συ</strong></span> <span class='ocrx_word' id='word_1_652' title='bbox 1119 2100 1210 2136; x_wconf 76' lang='grc' dir='ltr'>μὸᾶσα</span> <span class='ocrx_word' id='word_1_653' title='bbox 1220 2099 1290 2126; x_wconf 82' lang='grc' dir='ltr'>κατὰ</span> <span class='ocrx_word' id='word_1_654' title='bbox 1297 2098 1346 2134; x_wconf 83' lang='grc' dir='ltr'>τὴν</span> <span class='ocrx_word' id='word_1_655' title='bbox 1357 2098 1459 2134; x_wconf 77' lang='grc' dir='ltr'>ἔρημον</span> <span class='ocrx_word' id='word_1_656' title='bbox 1466 2106 1472 2112; x_wconf 90' lang='grc'><strong>·</strong></span> <span class='ocrx_word' id='word_1_657' title='bbox 1481 2099 1528 2126; x_wconf 72' lang='grc' dir='ltr'>καὶ</span> <span class='ocrx_word' id='word_1_658' title='bbox 1537 2098 1647 2133; x_wconf 83' lang='grc' dir='ltr'>ἀπαρχὴ</span> <span class='ocrx_word' id='word_1_659' title='bbox 1657 2097 1874 2133; x_wconf 76' lang='grc' dir='ltr'>γυμνασμάτων,</span> 
     </span>
    </p>
   </div>
   <div class='ocr_carea' id='block_1_90' title="bbox 1082 2136 1876 2184">
    <p class='ocr_par' dir='ltr' id='par_1_90' title="bbox 1082 2136 1876 2184">
     <span class='ocr_line' id='line_1_90' title="bbox 1082 2136 1876 2184; baseline -0.005 -9"><span class='ocrx_word' id='word_1_660' title='bbox 1082 2149 1116 2176; x_wconf 79' lang='grc' dir='ltr'><strong>τὰ</strong></span> <span class='ocrx_word' id='word_1_661' title='bbox 1136 2148 1289 2184; x_wconf 84' lang='grc' dir='ltr'>σωματικά.</span> <span class='ocrx_word' id='word_1_662' title='bbox 1319 2146 1462 2181; x_wconf 81' lang='grc' dir='ltr'>Ἐπιτήρει</span> <span class='ocrx_word' id='word_1_663' title='bbox 1479 2145 1534 2181; x_wconf 86' lang='grc' dir='ltr'><strong>γὰρ</strong></span> <span class='ocrx_word' id='word_1_664' title='bbox 1550 2136 1625 2177; x_wconf 80' lang='grc' dir='ltr'>ὅπως</span> <span class='ocrx_word' id='word_1_665' title='bbox 1646 2145 1697 2171; x_wconf 83' lang='grc' dir='ltr'>οὐκ</span> <span class='ocrx_word' id='word_1_666' title='bbox 1721 2146 1751 2172; x_wconf 81' lang='grc' dir='ltr'>ὲν</span> <span class='ocrx_word' id='word_1_667' title='bbox 1775 2146 1876 2182; x_wconf 76' lang='grc' dir='ltr'>ἀρχαῖς</span> 
     </span>
    </p>
   </div>
   <div class='ocr_carea' id='block_1_91' title="bbox 1083 2191 1876 2229">
    <p class='ocr_par' dir='ltr' id='par_1_91' title="bbox 1083 2191 1876 2229">
     <span class='ocr_line' id='line_1_91' title="bbox 1083 2191 1876 2229; baseline -0.005 -7"><span class='ocrx_word' id='word_1_668' title='bbox 1083 2195 1162 2227; x_wconf 79' lang='grc' dir='ltr'>εὐθὺς</span> <span class='ocrx_word' id='word_1_669' title='bbox 1186 2194 1297 2229; x_wconf 86' lang='grc' dir='ltr'>πολέμῳ</span> <span class='ocrx_word' id='word_1_670' title='bbox 1317 2192 1530 2229; x_wconf 77' lang='grc' dir='ltr'>προσϐάλλουσιν</span> <span class='ocrx_word' id='word_1_671' title='bbox 1550 2192 1594 2227; x_wconf 81' lang='grc' dir='ltr'><strong>(οὐ</strong></span> <span class='ocrx_word' id='word_1_672' title='bbox 1618 2191 1672 2228; x_wconf 84' lang='grc' dir='ltr'>γὰρ</span> <span class='ocrx_word' id='word_1_673' title='bbox 1692 2193 1751 2224; x_wconf 86' lang='grc' dir='ltr'>τοῖς</span> <span class='ocrx_word' id='word_1_674' title='bbox 1772 2191 1876 2227; x_wconf 80' lang='grc' dir='ltr'>ἀρτίως</span> 
     </span>
    </p>
   </div>
   <div class='ocr_carea' id='block_1_92' title="bbox 241 2237 1032 2276">
    <p class='ocr_par' dir='ltr' id='par_1_92' title="bbox 241 2237 1032 2272">
     <span class='ocr_line' id='line_1_92' title="bbox 241 2237 1032 2272; baseline -0.001 -7"><span class='ocrx_word' id='word_1_675' title='bbox 241 2238 269 2265; x_wconf 90' lang='lat' dir='ltr'><strong>in</strong></span> <span class='ocrx_word' id='word_1_676' title='bbox 283 2237 385 2265; x_wconf 86' lang='lat' dir='ltr'><strong>bellum</strong></span> <span class='ocrx_word' id='word_1_677' title='bbox 400 2237 545 2264; x_wconf 87' lang='lat' dir='ltr'><strong>incidisse:</strong></span> <span class='ocrx_word' id='word_1_678' title='bbox 559 2244 648 2272; x_wconf 87' lang='lat' dir='ltr'><strong>neque</strong></span> <span class='ocrx_word' id='word_1_679' title='bbox 657 2237 742 2269; x_wconf 91' lang='lat' dir='ltr'><strong>enim,</strong></span> <span class='ocrx_word' id='word_1_680' title='bbox 763 2237 810 2272; x_wconf 89' lang='lat' dir='ltr'><strong>qui</strong></span> <span class='ocrx_word' id='word_1_681' title='bbox 830 2244 918 2272; x_wconf 88' lang='lat' dir='ltr'><strong>nuper</strong></span> <span class='ocrx_word' id='word_1_682' title='bbox 935 2237 1032 2264; x_wconf 90' lang='lat' dir='ltr'><strong>adver-</strong></span> 
     </span>
    </p>
   </div>
   <div class='ocr_carea' id='block_1_93' title="bbox 1085 2237 1877 2276">
    <p class='ocr_par' dir='ltr' id='par_1_93' title="bbox 1085 2237 1877 2276">
     <span class='ocr_line' id='line_1_93' title="bbox 1085 2237 1877 2276; baseline -0.006 -8"><span class='ocrx_word' id='word_1_683' title='bbox 1085 2241 1309 2276; x_wconf 80' lang='grc' dir='ltr'>κατανδρίζεσθαι</span> <span class='ocrx_word' id='word_1_684' title='bbox 1327 2239 1382 2266; x_wconf 83' lang='grc' dir='ltr'>τῶν</span> <span class='ocrx_word' id='word_1_685' title='bbox 1408 2238 1501 2266; x_wconf 81' lang='grc' dir='ltr'>παθῶν</span> <span class='ocrx_word' id='word_1_686' title='bbox 1529 2238 1575 2265; x_wconf 78' lang='grc' dir='ltr'><strong>καὶ</strong></span> <span class='ocrx_word' id='word_1_687' title='bbox 1601 2237 1752 2273; x_wconf 83' lang='grc' dir='ltr'>κατορθοῦν</span> <span class='ocrx_word' id='word_1_688' title='bbox 1773 2237 1877 2272; x_wconf 82' lang='grc' dir='ltr'>ἀρετὴν</span> 
     </span>
    </p>
   </div>
   <div class='ocr_carea' id='block_1_94' title="bbox 241 2283 1031 2318">
    <p class='ocr_par' dir='ltr' id='par_1_94' title="bbox 241 2283 1031 2318">
     <span class='ocr_line' id='line_1_94' title="bbox 241 2283 1031 2318; baseline -0.001 -7"><span class='ocrx_word' id='word_1_689' title='bbox 241 2291 288 2311; x_wconf 89' lang='lat' dir='ltr'><strong>sus</strong></span> <span class='ocrx_word' id='word_1_690' title='bbox 303 2284 368 2311; x_wconf 91' lang='lat' dir='ltr'><strong>vitia</strong></span> <span class='ocrx_word' id='word_1_691' title='bbox 380 2283 489 2310; x_wconf 78' lang='lat' dir='ltr'><strong>fortiter</strong></span> <span class='ocrx_word' id='word_1_692' title='bbox 503 2290 532 2310; x_wconf 85' lang='lat' dir='ltr'><strong>se</strong></span> <span class='ocrx_word' id='word_1_693' title='bbox 555 2290 649 2318; x_wconf 82' lang='lat' dir='ltr'><strong>gerere</strong></span> <span class='ocrx_word' id='word_1_694' title='bbox 662 2290 694 2310; x_wconf 89' lang='lat' dir='ltr'><strong>ac</strong></span> <span class='ocrx_word' id='word_1_695' title='bbox 716 2283 826 2310; x_wconf 87' lang='lat' dir='ltr'><strong>virtutis</strong></span> <span class='ocrx_word' id='word_1_696' title='bbox 845 2291 960 2310; x_wconf 90' lang='lat' dir='ltr'><strong>munera</strong></span> <span class='ocrx_word' id='word_1_697' title='bbox 981 2291 1031 2311; x_wconf 75' lang='lat' dir='ltr'><strong>ex-</strong></span> 
     </span>
    </p>
   </div>
   <div class='ocr_carea' id='block_1_95' title="bbox 241 2328 1031 2365">
    <p class='ocr_par' dir='ltr' id='par_1_95' title="bbox 241 2328 1031 2365">
     <span class='ocr_line' id='line_1_95' title="bbox 241 2328 1031 2365; baseline -0.001 -8"><span class='ocrx_word' id='word_1_698' title='bbox 241 2329 319 2365; x_wconf 86' lang='lat' dir='ltr'><strong>sequi</strong></span> <span class='ocrx_word' id='word_1_699' title='bbox 332 2333 484 2364; x_wconf 84' lang='lat' dir='ltr'><strong>coeperunt,</strong></span> <span class='ocrx_word' id='word_1_700' title='bbox 499 2329 533 2356; x_wconf 94' lang='lat' dir='ltr'><strong>ab</strong></span> <span class='ocrx_word' id='word_1_701' title='bbox 546 2329 580 2356; x_wconf 90' lang='lat' dir='ltr'><strong>iis</strong></span> <span class='ocrx_word' id='word_1_702' title='bbox 592 2329 684 2356; x_wconf 86' lang='lat' dir='ltr'><strong>statim</strong></span> <span class='ocrx_word' id='word_1_703' title='bbox 700 2337 791 2364; x_wconf 82' lang='lat' dir='ltr'><strong>pugna</strong></span> <span class='ocrx_word' id='word_1_704' title='bbox 809 2329 960 2364; x_wconf 88' lang='lat' dir='ltr'><strong>suscipitur</strong></span> <span class='ocrx_word' id='word_1_705' title='bbox 980 2328 1031 2356; x_wconf 90' lang='lat' dir='ltr'><strong>ad-</strong></span> 
     </span>
    </p>
   </div>
   <div class='ocr_carea' id='block_1_96' title="bbox 241 2374 1031 2410">
    <p class='ocr_par' dir='ltr' id='par_1_96' title="bbox 241 2374 1031 2410">
     <span class='ocr_line' id='line_1_96' title="bbox 241 2374 1031 2410; baseline -0.001 -8"><span class='ocrx_word' id='word_1_706' title='bbox 241 2383 337 2402; x_wconf 83' lang='lat' dir='ltr'><strong>versus</strong></span> <span class='ocrx_word' id='word_1_707' title='bbox 362 2374 533 2410; x_wconf 83' lang='lat' dir='ltr'><strong>principatus</strong></span> <span class='ocrx_word' id='word_1_708' title='bbox 551 2378 580 2402; x_wconf 88' lang='lat' dir='ltr'><strong>et</strong></span> <span class='ocrx_word' id='word_1_709' title='bbox 601 2379 764 2410; x_wconf 73' lang='lat' dir='ltr'><strong>potestates,</strong></span> <span class='ocrx_word' id='word_1_710' title='bbox 786 2379 933 2410; x_wconf 88' lang='lat' dir='ltr'><strong>propterea</strong></span> <span class='ocrx_word' id='word_1_711' title='bbox 956 2374 1031 2410; x_wconf 88' lang='lat' dir='ltr'><strong>quod</strong></span> 
     </span>
    </p>
   </div>
   <div class='ocr_carea' id='block_1_97' title="bbox 241 2419 1032 2455">
    <p class='ocr_par' dir='ltr' id='par_1_97' title="bbox 241 2419 1032 2455">
     <span class='ocr_line' id='line_1_97' title="bbox 241 2419 1032 2455; baseline 0.001 -10"><span class='ocrx_word' id='word_1_712' title='bbox 241 2420 288 2455; x_wconf 86' lang='lat' dir='ltr'><strong>qui</strong></span> <span class='ocrx_word' id='word_1_713' title='bbox 301 2423 473 2452; x_wconf 81' lang='lat' dir='ltr'><strong>exercentur,</strong></span> <span class='ocrx_word' id='word_1_714' title='bbox 490 2420 580 2447; x_wconf 89' lang='lat' dir='ltr'><strong>adhuc</strong></span> <span class='ocrx_word' id='word_1_715' title='bbox 602 2427 700 2454; x_wconf 89' lang='lat' dir='ltr'><strong>parum</strong></span> <span class='ocrx_word' id='word_1_716' title='bbox 721 2420 836 2452; x_wconf 89' lang='lat' dir='ltr'><strong>strenui,</strong></span> <span class='ocrx_word' id='word_1_717' title='bbox 853 2427 942 2455; x_wconf 87' lang='lat' dir='ltr'><strong>neque</strong></span> <span class='ocrx_word' id='word_1_718' title='bbox 966 2419 1032 2447; x_wconf 85' lang='lat' dir='ltr'><strong>satis</strong></span> 
     </span>
    </p>
   </div>
   <div class='ocr_carea' id='block_1_98' title="bbox 241 2464 1033 2499">
    <p class='ocr_par' dir='ltr' id='par_1_98' title="bbox 241 2464 1033 2499">
     <span class='ocr_line' id='line_1_98' title="bbox 241 2464 1033 2499; baseline 0.001 -8"><span class='ocrx_word' id='word_1_719' title='bbox 241 2464 389 2492; x_wconf 86' lang='lat' dir='ltr'><strong>admodum</strong></span> <span class='ocrx_word' id='word_1_720' title='bbox 411 2464 482 2492; x_wconf 93' lang='lat' dir='ltr'><strong>ﬁrmi</strong></span> <span class='ocrx_word' id='word_1_721' title='bbox 511 2470 589 2499; x_wconf 84' lang='lat' dir='ltr'><strong>sunt;</strong></span> <span class='ocrx_word' id='word_1_722' title='bbox 615 2466 663 2494; x_wconf 90' lang='lat' dir='ltr'><strong>sed</strong></span> <span class='ocrx_word' id='word_1_723' title='bbox 689 2466 717 2493; x_wconf 91' lang='lat' dir='ltr'><strong>in</strong></span> <span class='ocrx_word' id='word_1_724' title='bbox 739 2465 880 2493; x_wconf 89' lang='lat' dir='ltr'><strong>laboribus</strong></span> <span class='ocrx_word' id='word_1_725' title='bbox 901 2465 1033 2493; x_wconf 87' lang='lat' dir='ltr'><strong>adversus</strong></span> 
     </span>
    </p>
   </div>
   <div class='ocr_carea' id='block_1_99' title="bbox 242 2511 1032 2547">
    <p class='ocr_par' dir='ltr' id='par_1_99' title="bbox 242 2511 1032 2547">
     <span class='ocr_line' id='line_1_99' title="bbox 242 2511 1032 2547; baseline 0.004 -10"><span class='ocrx_word' id='word_1_726' title='bbox 242 2518 353 2538; x_wconf 83' lang='lat' dir='ltr'><strong>carnem</strong></span> <span class='ocrx_word' id='word_1_727' title='bbox 374 2511 509 2546; x_wconf 87' lang='lat' dir='ltr'><strong>susceptis</strong></span> <span class='ocrx_word' id='word_1_728' title='bbox 535 2516 716 2544; x_wconf 82' lang='lat' dir='ltr'><strong>exercentur;</strong></span> <span class='ocrx_word' id='word_1_729' title='bbox 740 2512 813 2547; x_wconf 84' lang='lat' dir='ltr'><strong>quod</strong></span> <span class='ocrx_word' id='word_1_730' title='bbox 836 2512 908 2540; x_wconf 87' lang='lat' dir='ltr'><strong>Deus</strong></span> <span class='ocrx_word' id='word_1_731' title='bbox 930 2512 1032 2540; x_wconf 84' lang='lat' dir='ltr'><strong>laboris</strong></span> 
     </span>
    </p>
   </div>
   <div class='ocr_carea' id='block_1_100' title="bbox 241 2558 1031 2594">
    <p class='ocr_par' dir='ltr' id='par_1_100' title="bbox 241 2558 1031 2594">
     <span class='ocr_line' id='line_1_100' title="bbox 241 2558 1031 2594; baseline 0.003 -10"><span class='ocrx_word' id='word_1_732' title='bbox 241 2558 406 2591; x_wconf 88' lang='lat' dir='ltr'><strong>molestiam,</strong></span> <span class='ocrx_word' id='word_1_733' title='bbox 429 2566 524 2586; x_wconf 91' lang='lat' dir='ltr'><strong>eorum</strong></span> <span class='ocrx_word' id='word_1_734' title='bbox 546 2559 594 2594; x_wconf 85' lang='lat' dir='ltr'><strong>qui</strong></span> <span class='ocrx_word' id='word_1_735' title='bbox 613 2563 763 2590; x_wconf 85' lang='lat' dir='ltr'><strong>tentantur,</strong></span> <span class='ocrx_word' id='word_1_736' title='bbox 777 2558 872 2586; x_wconf 74' lang='lat' dir='ltr'><strong>habitu</strong></span> <span class='ocrx_word' id='word_1_737' title='bbox 892 2567 925 2586; x_wconf 90' lang='lat' dir='ltr'><strong>ac</strong></span> <span class='ocrx_word' id='word_1_738' title='bbox 945 2559 1031 2586; x_wconf 86' lang='lat' dir='ltr'><strong>facul-</strong></span> 
     </span>
    </p>
   </div>
   <div class='ocr_carea' id='block_1_101' title="bbox 243 2604 1032 2639">
    <p class='ocr_par' dir='ltr' id='par_1_101' title="bbox 243 2604 1032 2639">
     <span class='ocr_line' id='line_1_101' title="bbox 243 2604 1032 2639; baseline 0.003 -10"><span class='ocrx_word' id='word_1_739' title='bbox 243 2607 297 2630; x_wconf 85' lang='lat' dir='ltr'><strong>tate</strong></span> <span class='ocrx_word' id='word_1_740' title='bbox 309 2604 446 2631; x_wconf 87' lang='lat' dir='ltr'><strong>metiatur.</strong></span> <span class='ocrx_word' id='word_1_741' title='bbox 462 2604 574 2639; x_wconf 85' lang='lat' dir='ltr'><strong>llocque</strong></span> <span class='ocrx_word' id='word_1_742' title='bbox 589 2604 656 2632; x_wconf 92' lang='lat' dir='ltr'><strong>illud</strong></span> <span class='ocrx_word' id='word_1_743' title='bbox 676 2608 729 2637; x_wconf 90' lang='lat' dir='ltr'><strong>est,</strong></span> <span class='ocrx_word' id='word_1_744' title='bbox 742 2605 841 2639; x_wconf 89' lang='lat' dir='ltr'><strong>opinor</strong></span> <span class='ocrx_word' id='word_1_745' title='bbox 856 2614 862 2631; x_wconf 88' lang='lat'><strong>:</strong></span> <span class='ocrx_word' id='word_1_746' title='bbox 885 2615 894 2630; x_wconf 80' lang='lat'><strong>(</strong></span> <span class='ocrx_word' id='word_1_747' title='bbox 906 2605 1032 2632; x_wconf 86' lang='lat' dir='ltr'><strong>Tentatio</strong></span> 
     </span>
    </p>
   </div>
   <div class='ocr_carea' id='block_1_102' title="bbox 242 2650 1031 2685">
    <p class='ocr_par' dir='ltr' id='par_1_102' title="bbox 242 2650 1031 2685">
     <span class='ocr_line' id='line_1_102' title="bbox 242 2650 1031 2685; baseline 0.003 -9"><span class='ocrx_word' id='word_1_748' title='bbox 242 2657 291 2676; x_wconf 86' lang='lat' dir='ltr'><strong>vos</strong></span> <span class='ocrx_word' id='word_1_749' title='bbox 303 2657 357 2677; x_wconf 94' lang='lat' dir='ltr'><strong>non</strong></span> <span class='ocrx_word' id='word_1_750' title='bbox 370 2650 556 2685; x_wconf 87' lang='lat' dir='ltr'><strong>apprehendat</strong></span> <span class='ocrx_word' id='word_1_751' title='bbox 567 2651 620 2678; x_wconf 88' lang='lat' dir='ltr'><strong>nisi</strong></span> <span class='ocrx_word' id='word_1_752' title='bbox 635 2650 754 2677; x_wconf 83' lang='lat' dir='ltr'><strong>humana</strong></span> <span class='ocrx_word' id='word_1_753' title='bbox 767 2659 773 2677; x_wconf 88' lang='lat'>:</span> <span class='ocrx_word' id='word_1_754' title='bbox 788 2651 876 2678; x_wconf 88' lang='lat' dir='ltr'><strong>ﬁdelis</strong></span> <span class='ocrx_word' id='word_1_755' title='bbox 887 2655 928 2678; x_wconf 87' lang='lat' dir='ltr'><strong>est</strong></span> <span class='ocrx_word' id='word_1_756' title='bbox 939 2655 1031 2678; x_wconf 85' lang='lat' dir='ltr'><strong>autem</strong></span> 
     </span>
    </p>
   </div>
   <div class='ocr_carea' id='block_1_103' title="bbox 1083 2282 1875 2322">
    <p class='ocr_par' dir='ltr' id='par_1_103' title="bbox 1083 2282 1875 2322">
     <span class='ocr_line' id='line_1_103' title="bbox 1083 2282 1875 2322; baseline -0.006 -9"><span class='ocrx_word' id='word_1_757' title='bbox 1083 2286 1240 2322; x_wconf 76' lang='grc' dir='ltr'>ἡργμένοις,</span> <span class='ocrx_word' id='word_1_758' title='bbox 1263 2285 1343 2317; x_wconf 80' lang='grc' dir='ltr'>εὐθὺς</span> <span class='ocrx_word' id='word_1_759' title='bbox 1370 2285 1386 2320; x_wconf 86' lang='grc' dir='ltr'>ἡ</span> <span class='ocrx_word' id='word_1_760' title='bbox 1408 2284 1480 2320; x_wconf 83' lang='grc' dir='ltr'>πάλη</span> <span class='ocrx_word' id='word_1_761' title='bbox 1501 2283 1570 2319; x_wconf 80' lang='grc' dir='ltr'>πρὸς</span> <span class='ocrx_word' id='word_1_762' title='bbox 1592 2283 1642 2314; x_wconf 81' lang='grc' dir='ltr'><strong>τὰς</strong></span> <span class='ocrx_word' id='word_1_763' title='bbox 1665 2282 1754 2318; x_wconf 83' lang='grc' dir='ltr'>ἀρχάς</span> <span class='ocrx_word' id='word_1_764' title='bbox 1775 2290 1808 2308; x_wconf 81' lang='grc' dir='ltr'>τε</span> <span class='ocrx_word' id='word_1_765' title='bbox 1831 2282 1875 2309; x_wconf 76' lang='grc' dir='ltr'>καὶ</span> 
     </span>
    </p>
   </div>
   <div class='ocr_carea' id='block_1_104' title="bbox 1085 2326 1881 2365">
    <p class='ocr_par' dir='ltr' id='par_1_104' title="bbox 1085 2326 1881 2365">
     <span class='ocr_line' id='line_1_104' title="bbox 1085 2326 1881 2365; baseline -0.006 -7"><span class='ocrx_word' id='word_1_766' title='bbox 1085 2331 1219 2364; x_wconf 74' lang='grc' dir='ltr'>ἐξουσίας,</span> <span class='ocrx_word' id='word_1_767' title='bbox 1234 2331 1278 2358; x_wconf 85' lang='grc' dir='ltr'><strong>διὰ</strong></span> <span class='ocrx_word' id='word_1_768' title='bbox 1291 2331 1322 2357; x_wconf 86' lang='grc' dir='ltr'>τὸ</span> <span class='ocrx_word' id='word_1_769' title='bbox 1334 2331 1388 2357; x_wconf 86' lang='grc' dir='ltr'><strong>τῶν</strong></span> <span class='ocrx_word' id='word_1_770' title='bbox 1404 2329 1629 2365; x_wconf 77' lang='grc' dir='ltr'>δοκιμαζομένων</span> <span class='ocrx_word' id='word_1_771' title='bbox 1644 2328 1758 2362; x_wconf 82' lang='grc' dir='ltr'>ἀγεννὲς</span> <span class='ocrx_word' id='word_1_772' title='bbox 1771 2327 1813 2354; x_wconf 76' lang='grc' dir='ltr'>ἔτι</span> <span class='ocrx_word' id='word_1_773' title='bbox 1829 2326 1881 2354; x_wconf 76' lang='grc' dir='ltr'>καὶ</span> 
     </span>
    </p>
   </div>
   <div class='ocr_carea' id='block_1_105' title="bbox 1084 2371 1873 2411">
    <p class='ocr_par' dir='ltr' id='par_1_105' title="bbox 1084 2371 1873 2411">
     <span class='ocr_line' id='line_1_105' title="bbox 1084 2371 1873 2411; baseline -0.009 -7"><span class='ocrx_word' id='word_1_774' title='bbox 1084 2377 1161 2405; x_wconf 80' lang='grc' dir='ltr'>οΰπω</span> <span class='ocrx_word' id='word_1_775' title='bbox 1175 2377 1234 2403; x_wconf 82' lang='grc' dir='ltr'>λίαν</span> <span class='ocrx_word' id='word_1_776' title='bbox 1245 2375 1386 2411; x_wconf 75' lang='grc' dir='ltr'>ἀσφαλὲς),</span> <span class='ocrx_word' id='word_1_777' title='bbox 1398 2375 1465 2402; x_wconf 84' lang='grc' dir='ltr'>ἀλλὰ</span> <span class='ocrx_word' id='word_1_778' title='bbox 1476 2376 1532 2406; x_wconf 79' lang='grc' dir='ltr'>τοῖς</span> <span class='ocrx_word' id='word_1_779' title='bbox 1540 2375 1589 2409; x_wconf 81' lang='grc' dir='ltr'>τῆς</span> <span class='ocrx_word' id='word_1_780' title='bbox 1603 2373 1704 2409; x_wconf 82' lang='grc' dir='ltr'>σαρκὸς</span> <span class='ocrx_word' id='word_1_781' title='bbox 1713 2371 1873 2408; x_wconf 75' lang='grc' dir='ltr'>δοκιμάζον-</span> 
     </span>
    </p>
   </div>
   <div class='ocr_carea' id='block_1_106' title="bbox 1088 2416 1878 2455">
    <p class='ocr_par' dir='ltr' id='par_1_106' title="bbox 1088 2416 1878 2455">
     <span class='ocr_line' id='line_1_106' title="bbox 1088 2416 1878 2455; baseline -0.006 -8"><span class='ocrx_word' id='word_1_782' title='bbox 1088 2429 1133 2447; x_wconf 87' lang='grc' dir='ltr'><strong>ται</strong></span> <span class='ocrx_word' id='word_1_783' title='bbox 1147 2419 1249 2451; x_wconf 85' lang='grc' dir='ltr'>πόνοις,</span> <span class='ocrx_word' id='word_1_784' title='bbox 1259 2419 1470 2455; x_wconf 80' lang='grc' dir='ltr'>ὲπιμετροῦντος</span> <span class='ocrx_word' id='word_1_785' title='bbox 1480 2418 1547 2445; x_wconf 83' lang='grc' dir='ltr'>Θεοῦ</span> <span class='ocrx_word' id='word_1_786' title='bbox 1557 2419 1616 2449; x_wconf 84' lang='grc' dir='ltr'>ταῖς</span> <span class='ocrx_word' id='word_1_787' title='bbox 1629 2417 1684 2444; x_wconf 85' lang='grc' dir='ltr'><strong>τῶν</strong></span> <span class='ocrx_word' id='word_1_788' title='bbox 1696 2416 1878 2452; x_wconf 81' lang='grc' dir='ltr'>πειρωμένων</span> 
     </span>
    </p>
   </div>
   <div class='ocr_carea' id='block_1_107' title="bbox 1084 2458 1877 2499">
    <p class='ocr_par' dir='ltr' id='par_1_107' title="bbox 1084 2458 1877 2499">
     <span class='ocr_line' id='line_1_107' title="bbox 1084 2458 1877 2499; baseline -0.008 -7"><span class='ocrx_word' id='word_1_789' title='bbox 1084 2465 1160 2499; x_wconf 68' lang='grc' dir='ltr'>ἕξεσι</span> <span class='ocrx_word' id='word_1_790' title='bbox 1175 2464 1222 2492; x_wconf 84' lang='grc' dir='ltr'><strong>τοῦ</strong></span> <span class='ocrx_word' id='word_1_791' title='bbox 1241 2464 1323 2491; x_wconf 86' lang='grc' dir='ltr'>πόνου</span> <span class='ocrx_word' id='word_1_792' title='bbox 1337 2464 1368 2490; x_wconf 77' lang='grc' dir='ltr'><strong>τὸ</strong></span> <span class='ocrx_word' id='word_1_793' title='bbox 1388 2463 1530 2499; x_wconf 81' lang='grc' dir='ltr'>δυσαχθές.</span> <span class='ocrx_word' id='word_1_794' title='bbox 1543 2462 1598 2489; x_wconf 75' lang='grc' dir='ltr'><strong>Καὶ</strong></span> <span class='ocrx_word' id='word_1_795' title='bbox 1610 2461 1688 2488; x_wconf 84' lang='grc' dir='ltr'>τοῦτό</span> <span class='ocrx_word' id='word_1_796' title='bbox 1710 2462 1786 2487; x_wconf 77' lang='grc' dir='ltr'>ἐστιν</span> <span class='ocrx_word' id='word_1_797' title='bbox 1800 2458 1877 2497; x_wconf 78' lang='grc' dir='ltr'>οἶμαί</span> 
     </span>
    </p>
   </div>
   <div class='ocr_carea' id='block_1_108' title="bbox 1085 2505 1875 2546">
    <p class='ocr_par' dir='ltr' id='par_1_108' title="bbox 1085 2505 1875 2546">
     <span class='ocr_line' id='line_1_108' title="bbox 1085 2505 1875 2546; baseline -0.009 -8"><span class='ocrx_word' id='word_1_798' title='bbox 1085 2521 1137 2538; x_wconf 90' lang='grc' dir='ltr'><strong>που</strong></span> <span class='ocrx_word' id='word_1_799' title='bbox 1154 2511 1204 2544; x_wconf 78' lang='grc' dir='ltr'>τὸ,</span> <span class='ocrx_word' id='word_1_800' title='bbox 1224 2519 1234 2536; x_wconf 73' lang='grc' dir='ltr'><strong>ι</strong></span> <span class='ocrx_word' id='word_1_801' title='bbox 1253 2510 1408 2546; x_wconf 76' lang='grc' dir='ltr'>Πειρασμὺς</span> <span class='ocrx_word' id='word_1_802' title='bbox 1428 2509 1500 2544; x_wconf 83' lang='grc' dir='ltr'>ὑμᾶς</span> <span class='ocrx_word' id='word_1_803' title='bbox 1523 2508 1572 2536; x_wconf 82' lang='grc' dir='ltr'>οὐκ</span> <span class='ocrx_word' id='word_1_804' title='bbox 1588 2507 1710 2542; x_wconf 78' lang='grc' dir='ltr'>εἴληφεν,</span> <span class='ocrx_word' id='word_1_805' title='bbox 1726 2507 1752 2533; x_wconf 84' lang='grc' dir='ltr'><strong>εί</strong></span> <span class='ocrx_word' id='word_1_806' title='bbox 1769 2507 1808 2542; x_wconf 82' lang='grc' dir='ltr'>μὴ</span> <span class='ocrx_word' id='word_1_807' title='bbox 1829 2505 1875 2532; x_wconf 86' lang='grc' dir='ltr'>ἀν-</span> 
     </span>
    </p>
   </div>
   <div class='ocr_carea' id='block_1_109' title="bbox 1086 2551 1876 2592">
    <p class='ocr_par' dir='ltr' id='par_1_109' title="bbox 1086 2551 1876 2592">
     <span class='ocr_line' id='line_1_109' title="bbox 1086 2551 1876 2592; baseline -0.009 -9"><span class='ocrx_word' id='word_1_808' title='bbox 1086 2556 1239 2592; x_wconf 87' lang='grc' dir='ltr'>θρώπινος·</span> <span class='ocrx_word' id='word_1_809' title='bbox 1258 2555 1352 2587; x_wconf 80' lang='grc' dir='ltr'>πιστὸς</span> <span class='ocrx_word' id='word_1_810' title='bbox 1372 2554 1412 2586; x_wconf 78' lang='grc' dir='ltr'>δὲ,</span> <span class='ocrx_word' id='word_1_811' title='bbox 1427 2555 1521 2589; x_wconf 75' lang='grc' dir='ltr'>φησὶν,</span> <span class='ocrx_word' id='word_1_812' title='bbox 1549 2554 1562 2580; x_wconf 87' lang='grc' dir='ltr'><strong>ὁ</strong></span> <span class='ocrx_word' id='word_1_813' title='bbox 1579 2552 1655 2584; x_wconf 77' lang='grc' dir='ltr'>Θεὸς,</span> <span class='ocrx_word' id='word_1_814' title='bbox 1678 2551 1708 2583; x_wconf 85' lang='grc' dir='ltr'>ὃς</span> <span class='ocrx_word' id='word_1_815' title='bbox 1724 2551 1776 2578; x_wconf 78' lang='grc' dir='ltr'>οὐκ</span> <span class='ocrx_word' id='word_1_816' title='bbox 1801 2551 1876 2577; x_wconf 75' lang='grc' dir='ltr'>ἐάσει</span> 
     </span>
    </p>
   </div>
   <div class='ocr_carea' id='block_1_110' title="bbox 1087 2598 1877 2639">
    <p class='ocr_par' dir='ltr' id='par_1_110' title="bbox 1087 2598 1877 2639">
     <span class='ocr_line' id='line_1_110' title="bbox 1087 2598 1877 2639; baseline -0.011 -8"><span class='ocrx_word' id='word_1_817' title='bbox 1087 2604 1160 2639; x_wconf 76' lang='grc' dir='ltr'>ὑμᾶς</span> <span class='ocrx_word' id='word_1_818' title='bbox 1183 2601 1365 2638; x_wconf 83' lang='grc' dir='ltr'>πειρασθῆναι</span> <span class='ocrx_word' id='word_1_819' title='bbox 1389 2601 1458 2636; x_wconf 78' lang='grc' dir='ltr'>ὑπὲρ</span> <span class='ocrx_word' id='word_1_820' title='bbox 1483 2600 1498 2626; x_wconf 83' lang='grc' dir='ltr'><strong>ὃ</strong></span> <span class='ocrx_word' id='word_1_821' title='bbox 1521 2599 1657 2631; x_wconf 81' lang='grc' dir='ltr'>δύνασθε,</span> <span class='ocrx_word' id='word_1_822' title='bbox 1675 2598 1745 2625; x_wconf 78' lang='grc' dir='ltr'>ἀλλὰ</span> <span class='ocrx_word' id='word_1_823' title='bbox 1768 2598 1877 2632; x_wconf 75' lang='grc' dir='ltr'>ποιήσει</span> 
     </span>
    </p>
   </div>
   <div class='ocr_carea' id='block_1_111' title="bbox 1087 2641 1877 2684">
    <p class='ocr_par' dir='ltr' id='par_1_111' title="bbox 1087 2641 1877 2684">
     <span class='ocr_line' id='line_1_111' title="bbox 1087 2641 1877 2684; baseline -0.011 -8"><span class='ocrx_word' id='word_1_824' title='bbox 1087 2649 1136 2676; x_wconf 80' lang='grc' dir='ltr'>σὺν</span> <span class='ocrx_word' id='word_1_825' title='bbox 1157 2648 1196 2684; x_wconf 84' lang='grc' dir='ltr'><strong>τῷ</strong></span> <span class='ocrx_word' id='word_1_826' title='bbox 1215 2646 1361 2683; x_wconf 73' lang='grc' dir='ltr'>πειρασμῷ</span> <span class='ocrx_word' id='word_1_827' title='bbox 1395 2646 1442 2672; x_wconf 76' lang='grc' dir='ltr'><strong>καὶ</strong></span> <span class='ocrx_word' id='word_1_828' title='bbox 1465 2645 1514 2680; x_wconf 80' lang='grc' dir='ltr'>τὴν</span> <span class='ocrx_word' id='word_1_829' title='bbox 1537 2645 1650 2671; x_wconf 69' lang='grc' dir='ltr'>ἔκϐασιν</span> <span class='ocrx_word' id='word_1_830' title='bbox 1675 2643 1723 2670; x_wconf 82' lang='grc' dir='ltr'><strong>τοῦ</strong></span> <span class='ocrx_word' id='word_1_831' title='bbox 1747 2641 1877 2669; x_wconf 78' lang='grc' dir='ltr'>δύνασθαι</span> 
     </span>
    </p>
   </div>
   <div class='ocr_carea' id='block_1_112' title="bbox 243 2688 1032 2731">
    <p class='ocr_par' dir='ltr' id='par_1_112' title="bbox 243 2695 1032 2731">
     <span class='ocr_line' id='line_1_112' title="bbox 243 2695 1032 2731; baseline 0 -8"><span class='ocrx_word' id='word_1_832' title='bbox 243 2695 325 2728; x_wconf 84' lang='lat' dir='ltr'><strong>Deus,</strong></span> <span class='ocrx_word' id='word_1_833' title='bbox 340 2697 387 2731; x_wconf 90' lang='lat' dir='ltr'><strong>qui</strong></span> <span class='ocrx_word' id='word_1_834' title='bbox 399 2704 454 2723; x_wconf 91' lang='lat' dir='ltr'><strong>non</strong></span> <span class='ocrx_word' id='word_1_835' title='bbox 472 2696 612 2730; x_wconf 76' lang='lat' dir='ltr'><strong>permittet</strong></span> <span class='ocrx_word' id='word_1_836' title='bbox 625 2704 674 2723; x_wconf 91' lang='lat' dir='ltr'><strong>vos</strong></span> <span class='ocrx_word' id='word_1_837' title='bbox 686 2696 786 2723; x_wconf 90' lang='lat' dir='ltr'><strong>tentari</strong></span> <span class='ocrx_word' id='word_1_838' title='bbox 799 2704 881 2731; x_wconf 88' lang='lat' dir='ltr'><strong>supra</strong></span> <span class='ocrx_word' id='word_1_839' title='bbox 893 2704 976 2731; x_wconf 89' lang='lat' dir='ltr'><strong>quam</strong></span> <span class='ocrx_word' id='word_1_840' title='bbox 987 2704 1032 2731; x_wconf 70' lang='grc' dir='ltr'><strong>βο·</strong></span> 
     </span>
    </p>
   </div>
   <div class='ocr_carea' id='block_1_113' title="bbox 1085 2688 1877 2731">
    <p class='ocr_par' dir='ltr' id='par_1_113' title="bbox 1093 2688 1877 2728">
     <span class='ocr_line' id='line_1_113' title="bbox 1093 2688 1877 2728; baseline -0.011 -7"><span class='ocrx_word' id='word_1_841' title='bbox 1093 2695 1264 2728; x_wconf 75' lang='grc' dir='ltr'>ὑπενεγκεῖν.</span> <span class='ocrx_word' id='word_1_842' title='bbox 1286 2702 1295 2718; x_wconf 73' lang='grc' dir='ltr'><strong>ι</strong></span> <span class='ocrx_word' id='word_1_843' title='bbox 1312 2692 1430 2728; x_wconf 82' lang='grc' dir='ltr'>Πικροὺς</span> <span class='ocrx_word' id='word_1_844' title='bbox 1444 2691 1473 2718; x_wconf 77' lang='grc' dir='ltr'>δὲ</span> <span class='ocrx_word' id='word_1_845' title='bbox 1487 2691 1566 2722; x_wconf 67' lang='grc' dir='ltr'>ὄντας</span> <span class='ocrx_word' id='word_1_846' title='bbox 1579 2690 1638 2716; x_wconf 90' lang='grc' dir='ltr'>λίαν</span> <span class='ocrx_word' id='word_1_847' title='bbox 1650 2689 1713 2720; x_wconf 74' lang='grc' dir='ltr'>τοὺς</span> <span class='ocrx_word' id='word_1_848' title='bbox 1727 2688 1800 2724; x_wconf 73' lang='grc' dir='ltr'>ὑπὲρ</span> <span class='ocrx_word' id='word_1_849' title='bbox 1814 2688 1877 2723; x_wconf 81' lang='grc' dir='ltr'>ἁρε-</span> 
     </span>
    </p>
   </div>
   <div class='ocr_carea' id='block_1_114' title="bbox 244 2733 1032 2776">
    <p class='ocr_par' dir='ltr' id='par_1_114' title="bbox 244 2742 1032 2775">
     <span class='ocr_line' id='line_1_114' title="bbox 244 2742 1032 2775; baseline -0.001 -5"><span class='ocrx_word' id='word_1_850' title='bbox 244 2742 330 2775; x_wconf 74' lang='lat' dir='ltr'><strong>tt‘stis,</strong></span> <span class='ocrx_word' id='word_1_851' title='bbox 345 2742 392 2769; x_wconf 83' lang='lat' dir='ltr'><strong>sed</strong></span> <span class='ocrx_word' id='word_1_852' title='bbox 407 2742 488 2769; x_wconf 82' lang='lat' dir='ltr'><strong>faciet</strong></span> <span class='ocrx_word' id='word_1_853' title='bbox 503 2749 565 2769; x_wconf 92' lang='lat' dir='ltr'><strong>cum</strong></span> <span class='ocrx_word' id='word_1_854' title='bbox 591 2742 742 2770; x_wconf 87' lang='lat' dir='ltr'><strong>tcntatione</strong></span> <span class='ocrx_word' id='word_1_855' title='bbox 766 2743 849 2770; x_wconf 86' lang='lat' dir='ltr'><strong>etiam</strong></span> <span class='ocrx_word' id='word_1_856' title='bbox 872 2742 986 2774; x_wconf 73' lang='lat' dir='ltr'><strong>exitum,</strong></span> <span class='ocrx_word' id='word_1_857' title='bbox 1005 2746 1032 2769; x_wconf 87' lang='lat' dir='ltr'><strong>ut</strong></span> 
     </span>
    </p>
   </div>
   <div class='ocr_carea' id='block_1_115' title="bbox 1085 2733 1877 2776">
    <p class='ocr_par' dir='ltr' id='par_1_115' title="bbox 1089 2733 1877 2776">
     <span class='ocr_line' id='line_1_115' title="bbox 1089 2733 1877 2776; baseline -0.01 -9"><span class='ocrx_word' id='word_1_858' title='bbox 1089 2741 1139 2776; x_wconf 83' lang='grc' dir='ltr'>τῆς</span> <span class='ocrx_word' id='word_1_859' title='bbox 1156 2739 1283 2775; x_wconf 81' lang='grc' dir='ltr'>ἱδρῶτας,</span> <span class='ocrx_word' id='word_1_860' title='bbox 1299 2739 1338 2770; x_wconf 86' lang='grc' dir='ltr'>εἰς</span> <span class='ocrx_word' id='word_1_861' title='bbox 1351 2738 1381 2764; x_wconf 78' lang='grc' dir='ltr'>τὸ</span> <span class='ocrx_word' id='word_1_862' title='bbox 1395 2737 1445 2773; x_wconf 76' lang='grc' dir='ltr'><strong>ὴδύ</strong></span> <span class='ocrx_word' id='word_1_863' title='bbox 1469 2745 1498 2763; x_wconf 88' lang='grc' dir='ltr'>τε</span> <span class='ocrx_word' id='word_1_864' title='bbox 1519 2737 1566 2764; x_wconf 75' lang='grc' dir='ltr'>καὶ</span> <span class='ocrx_word' id='word_1_865' title='bbox 1582 2735 1669 2770; x_wconf 79' lang='grc' dir='ltr'>γλυκὺ</span> <span class='ocrx_word' id='word_1_866' title='bbox 1694 2733 1877 2770; x_wconf 72' lang='grc' dir='ltr'>μετα-πλάττει</span> 
     </span>
    </p>
   </div>
   <div class='ocr_carea' id='block_1_116' title="bbox 279 2819 572 2852">
    <p class='ocr_par' dir='ltr' id='par_1_116' title="bbox 279 2819 572 2852">
     <span class='ocr_line' id='line_1_116' title="bbox 279 2819 572 2852; baseline 0.003 -6"><span class='ocrx_word' id='word_1_867' title='bbox 279 2820 302 2836; x_wconf 67' lang='grc'><strong>⁸⁸</strong></span> <span class='ocrx_word' id='word_1_868' title='bbox 317 2819 403 2846; x_wconf 79' lang='lat' dir='ltr'><strong>Exod.</strong></span> <span class='ocrx_word' id='word_1_869' title='bbox 420 2827 464 2852; x_wconf 77' lang='lat' dir='ltr'><strong>xv,</strong></span> <span class='ocrx_word' id='word_1_870' title='bbox 476 2819 572 2847; x_wconf 68' lang='lat'><strong>22-25.</strong></span> 
     </span>
    </p>
   </div>
   <div class='ocr_carea' id='block_1_117' title="bbox 281 2874 1032 2915">
    <p class='ocr_par' dir='ltr' id='par_1_117' title="bbox 281 2879 1032 2915">
     <span class='ocr_line' id='line_1_117' title="bbox 281 2879 1032 2915; baseline -0.003 -8"><span class='ocrx_word' id='word_1_871' title='bbox 281 2879 320 2913; x_wconf 81' lang='grc' dir='ltr'><strong>(Ι)</strong></span> <span class='ocrx_word' id='word_1_872' title='bbox 339 2879 424 2908; x_wconf 76' lang='lat' dir='ltr'><strong>Pcrnis</strong></span> <span class='ocrx_word' id='word_1_873' title='bbox 436 2880 552 2913; x_wconf 82' lang='lat' dir='ltr'><strong>reddidi,</strong></span> <span class='ocrx_word' id='word_1_874' title='bbox 569 2881 631 2914; x_wconf 80' lang='lat' dir='ltr'><strong>quia</strong></span> <span class='ocrx_word' id='word_1_875' title='bbox 648 2881 686 2909; x_wconf 81' lang='lat' dir='ltr'><strong>sic</strong></span> <span class='ocrx_word' id='word_1_876' title='bbox 702 2885 761 2909; x_wconf 81' lang='lat' dir='ltr'><strong>erat</strong></span> <span class='ocrx_word' id='word_1_877' title='bbox 776 2881 803 2909; x_wconf 89' lang='lat' dir='ltr'><strong>in</strong></span> <span class='ocrx_word' id='word_1_878' title='bbox 815 2880 944 2908; x_wconf 76' lang='lat' dir='ltr'><strong>Vaticano</strong></span> <span class='ocrx_word' id='word_1_879' title='bbox 954 2879 1032 2915; x_wconf 75' lang='grc' dir='ltr'>(ποινι</span> 
     </span>
    </p>
   </div>
   <div class='ocr_carea' id='block_1_118' title="bbox 1085 2874 1718 2915">
    <p class='ocr_par' dir='ltr' id='par_1_118' title="bbox 1085 2874 1718 2914">
     <span class='ocr_line' id='line_1_118' title="bbox 1085 2874 1718 2914; baseline -0.002 -11"><span class='ocrx_word' id='word_1_880' title='bbox 1085 2877 1114 2913; x_wconf 71' lang='grc' dir='ltr'><strong>ἲ),</strong></span> <span class='ocrx_word' id='word_1_881' title='bbox 1132 2877 1256 2914; x_wconf 76' lang='lat' dir='ltr'><strong>quamvis</strong></span> <span class='ocrx_word' id='word_1_882' title='bbox 1272 2877 1299 2905; x_wconf 90' lang='lat' dir='ltr'><strong>in</strong></span> <span class='ocrx_word' id='word_1_883' title='bbox 1314 2876 1408 2905; x_wconf 83' lang='lat' dir='ltr'><strong>codice</strong></span> <span class='ocrx_word' id='word_1_884' title='bbox 1426 2875 1516 2904; x_wconf 79' lang='lat' dir='ltr'><strong>Sirlcti</strong></span> <span class='ocrx_word' id='word_1_885' title='bbox 1531 2879 1602 2903; x_wconf 77' lang='lat' dir='ltr'><strong>esset</strong></span> <span class='ocrx_word' id='word_1_886' title='bbox 1618 2874 1718 2905; x_wconf 69' lang='grc' dir='ltr'>πόνοις.</span> 
     </span>
    </p>
   </div>
  </div>
