1934 3042
74 162 124 190 ’581

435 159 482 189 DE
500 159 722 190 ADORATIONE
741 160 774 189 IN
794 159 929 189 SPlRiTU
947 161 992 189 ET
1012 161 1196 190 V'ERITATE.
1218 161 1287 189 LIB.
1308 160 1340 190 ν,

1659 163 1712 193 332

75 221 206 257 Χριστος,
226 221 257 254 ὃς
272 221 380 257 εἴρηταί
401 229 432 248 τε
455 221 502 248 καὶ
520 221 578 247 ἐστι
599 220 676 253 ξύλον
696 221 778 256 ζωῆς.
797 221 869 255 Ἔφη

925 221 1034 257 possitis
1044 222 1182 249 sustinere
1190 222 1222 248 ".
1239 231 1248 247 ι
1266 221 1334 249 Cum
1345 229 1411 249 vero
1427 229 1478 256 pro
1498 220 1599 249 virtute
1615 229 1710 250 susce-

74 269 102 296 δέ
129 277 182 294 nou
206 268 256 294 καὶ
282 268 363 300 αὐτὸς
382 268 411 294 ὲν
431 267 618 302 εὐαγγελικοῖς
636 267 866 302 συγγράμμασιν·

78 324 87 339 ι
108 314 139 341 ει
155 315 185 340 ὲν
205 314 245 349 τῷ
259 313 336 350 ὑγρῷ
356 312 427 348 ξύλῳ
442 313 529 340 ταῦτα
547 313 675 348 ἔδρασαν,
695 313 724 339 ὲν
743 311 782 347 τῷ
795 311 868 346 ξηρῷ

75 360 102 388 τί
119 361 287 396 δράσουσινς
307 369 316 386 ι
332 360 416 396 ὑγρόν
432 369 461 387 τε
487 360 535 387 καὶ
561 359 672 391 εὐανθὲς
694 359 791 386 ἑαυτὸν
811 360 869 386 ὀνο-

80 394 174 440 μάζον)
193 394 283 438 ξύλον.
299 394 440 432 Δείκνυται
451 405 480 432 δὲ
494 404 532 440 τῷ
543 404 679 440 θεσπεσίῳ
689 405 776 440 Μωσῇ
792 403 868 439 παρὰ

76 451 147 479 Θεοῦ
175 451 274 484 ξύλον.
308 451 509 479 Ἀποκαλύπτει
536 451 591 487 γὰρ
608 451 687 486 μόνος
707 450 752 477 τὸν
774 450 838 477 Υὶὸν
854 450 868 476 ό

78 497 187 532 Πατὴρ,
211 497 275 524 ἐπεὶ
297 497 344 524 καὶ
362 497 443 532 μόνος
465 494 535 523 οἶδεν
556 496 648 523 αὐτόν.
669 505 679 522 ‹
705 496 800 527 Οὐδεὶς
815 496 869 531 γὰρ

77 540 133 569 οἶδε
158 543 203 574 τίς
229 544 305 569 ἐστιν
325 543 340 569 ὁ
365 542 440 576 Υίὺς,
466 543 491 569 εί
511 542 547 578 μὴ
569 542 675 578 Πατήρ.
692 551 701 567 ι
719 541 825 570 Οὐκοῦν
841 542 870 568 ὲν

78 588 194 624 Χριστῷ
215 588 256 623 τῷ
271 589 320 624 τῆς
336 589 408 624 ζωῆς
424 589 505 624 ξύλῳ,
526 588 630 622 γλυκέα
653 587 703 623 μὲν
721 587 756 614 τά
773 587 868 623 πικρὰ,

79 635 190 670 φορητὰ
208 635 238 661 δὲ
254 635 287 661 τὰ
303 634 441 667 δύσοιστα,
462 634 510 662 καὶ
537 635 579 666 είς
601 633 673 669 ζωὴν
688 633 823 667 ἀναγκαῖα
837 632 871 659 τά

78 680 117 712 ὡς
131 682 160 707 ἐν
177 681 232 717 ἰδίᾳ
246 681 325 715 φύσει
339 681 534 715 καταφθείρειν
552 680 677 707 εἰωθότα.

922 269 962 303 pti
976 267 1085 295 labores
1105 267 1191 295 amari
1205 267 1352 295 admodum
1372 269 1436 300 sint,
1454 276 1470 295 α
1486 267 1596 295 Christo
1615 276 1712 296 suaves

922 322 954 341 ac
969 313 1063 341 dulces
1080 313 1242 345 redduntur,
1256 314 1304 348 qui
1323 319 1351 342 et
1376 314 1478 341 dicitur
1495 317 1523 341 et
1547 319 1589 341 est
1607 314 1711 350 lignum

920 359 994 387 vitae.
1011 358 1056 386 Ait
1075 362 1166 386 autem
1182 359 1264 386 etiam
1282 359 1340 394 ipse
1364 360 1487 394 profecto
1513 359 1540 386 in
1560 360 1712 394 Scripturis

920 405 1086 441 evangelicis
1103 413 1110 432 :
1130 415 1139 430 ι
1154 405 1183 433 Si
1198 405 1226 432 in
1243 405 1326 432 viridi
1347 406 1421 441 ligno
1444 406 1502 433 inec
1527 406 1661 438 fecerunt,
1683 407 1707 434 in

921 451 999 478 arido
1023 451 1091 486 quid
1112 451 1268 479 facient"?
1288 461 1297 476 ι
1314 452 1484 479 sevidelicet
1500 452 1587 479 viride
1607 452 1710 487 lignum

921 504 953 524 ac
976 496 1079 524 ﬂorens
1101 497 1258 532 appellavit.
1286 497 1446 525 Ostenditur
1471 503 1603 532 prmterea
1630 498 1711 526 beato

921 542 1005 578 Moysi
1019 543 1122 578 lignum
1140 551 1155 570 a
1173 543 1239 570 Deo.
1253 543 1333 571 Solus
1353 544 1426 570 enim
1448 543 1529 570 Pater
1548 544 1648 571 Filium
1665 551 1710 571 re-

921 589 1004 620 velat,
1015 589 1078 623 quia
1093 597 1156 616 eum
1166 589 1249 616 etiam
1262 589 1336 616 solus
1346 589 1431 616 novit.
1459 599 1468 615 ι
1489 589 1574 617 Nemo
1593 598 1710 624 namque

922 635 999 662 novit
1013 635 1075 670 quis
1085 639 1128 663 est
1142 635 1237 668 Filius,
1251 636 1304 663 nisi
1316 636 1396 663 Pater
1405 636 1438 667 ",
1455 646 1463 661 ι
1479 636 1564 671 igitur
1575 644 1624 671 per
1633 636 1710 664 Chri-

923 685 1007 713 stum,
1027 682 1090 709 vitae
1106 682 1220 717 lignum,
1245 682 1336 709 dulcia
1357 682 1426 709 ﬁunt
1445 690 1505 717 qua:
1523 689 1616 709 amara
1634 686 1708 713 sunt,

79 734 105 757 el
129 730 285 758 tolerabilia
301 737 362 765 quae
379 730 493 757 minime
507 729 573 757 ferri
585 733 723 765 poterant,
735 731 764 756 et
781 727 816 756 ad
829 728 913 756 vitam
939 729 1017 757 utilia
1043 737 1104 764 quae
1130 738 1165 757 ex
1196 737 1245 759 sua
1260 734 1358 758 natura
1371 729 1513 758 interitum
1528 730 1626 757 afferre
1646 736 1710 757 con-

80 778 241 801 ωειεηηι.

113 819 221 846 ΠΔΛΛ.
238 819 304 847 Τίνα
322 819 376 856 φῂς
388 821 503 858 τρόπον;

114 864 199 892 ΚΥΡ.
213 865 302 901 Εἴπερ
310 866 383 892 ἐστὶν
398 865 506 901 ἀληθὲς,
521 866 561 892 ὃτι
574 864 604 892 τὺ
620 865 669 901 μὲν
681 864 760 900 σῶμα
776 863 871 899 πικροὶ

78 911 139 938 λίαν
165 912 244 944 οντες
268 912 499 947 καταφθείρουσιν
520 912 545 938 οι
565 911 650 942 πόνοι,
678 910 750 945 ζωῆς
777 910 805 936 δὲ
822 909 871 944 τῆς

80 958 191 984 αἰωνίου
209 958 322 993 μέτοχον
334 956 494 984 ἀποτελοῦσι
516 956 604 992 ψυχὴν
619 956 683 992 (ἔφη
703 956 734 991 δή
758 964 809 982 που
824 955 873 982 καὶ

79 1003 93 1029 ὁ
110 1002 219 1034 Παῦλος
229 1009 237 1017 ⁸
256 1012 266 1029 ι
284 1003 370 1029 Ὅταν
380 1002 496 1034 ἀσθενῶ,
511 1002 573 1028 τότε
583 1002 696 1033 δυνατός
708 1003 776 1036 ειμι.
793 1010 802 1026 ι
813 1001 868 1028 Καὶ

80 1048 161 1075 πάλιν
171 1056 179 1063 ·
192 1049 239 1075 (Εἰ
252 1048 306 1084 γὰρ
317 1049 331 1075 ὁ
340 1048 392 1081 ἔξω
405 1048 484 1084 ἡμῶν
492 1047 634 1084 ἄνθρωπός
644 1047 794 1083 φθείρεται,
811 1045 869 1073 ἀλλ’

79 1095 93 1120 ὁ
109 1093 165 1120 ἔσω
179 1093 374 1120 ἀνακαινοῦται
387 1093 479 1129 ἡμέρᾳ
489 1093 537 1119 καὶ
550 1092 641 1128 ἡμέρᾳ
661 1101 671 1119 ι
688 1092 710 1128 )·
729 1092 770 1123 τίς
790 1092 814 1118 δ’
839 1091 872 1118 ἂν

79 1139 168 1165 ιλοιτό
186 1147 251 1165 ποτε
263 1138 327 1170 τοὺς
342 1135 393 1165 ὧδε
409 1139 516 1173 δριμεῖς
531 1138 679 1172 ἀνατλῆναι
700 1137 809 1169 πόνους,
833 1137 872 1172 μὴ

79 1185 140 1221 οὐχὶ
153 1185 285 1220 γλυκεῖαν
295 1185 366 1220 ἔχων
381 1185 478 1212 ἐλπίδα
496 1184 546 1220 τὴν
560 1186 588 1211 ὲν
602 1184 730 1220 Χριστῷ;

116 1275 225 1303 ΠΛΛΛ.
239 1275 334 1306 Οὐδεὶς
349 1274 392 1306 ἂν,
408 1271 496 1309 οἶμαι,
512 1272 662 1304 παντελῶς.

115 1321 200 1347 ΚΥΡ.
218 1321 290 1356 Ὅρα
311 1320 343 1355 δὴ
357 1319 404 1346 οὖν
417 1320 499 1355 (ἰέναι
515 1319 570 1354 γὰρ
587 1318 619 1353 δὴ
635 1318 705 1354 πρὸς
720 1317 873 1353 ἀνάμνησιν

79 1367 136 1393 τῶν
153 1367 184 1393 ἐν
200 1367 300 1402 ἀρχαῖς
316 1367 465 1401 ἀναγκαῖον
475 1367 552 1400 ἡμῖν,
566 1362 589 1392 ὧ
602 1362 750 1398 Παλλάδιε)
767 1363 874 1398 δεδιψη-

80 1413 154 1440 κότα·
169 1413 222 1448 μὲν
241 1414 270 1440 ὲν
288 1413 384 1448 ἐρήμῳ
399 1412 445 1438 τὸν
468 1411 587 1447 Ἰσραὴλ,
605 1411 654 1437 καὶ
668 1409 716 1437 τοῦ
736 1409 873 1442 πανσόφου

80 1459 207 1491 Μωσέως
222 1457 475 1493 καταγογγύζοντα,
493 1457 601 1492 νηποινί
613 1465 645 1490 γε
662 1456 714 1492 μὴν
731 1456 776 1487 είς
794 1455 874 1482 τοῦτο

80 1506 204 1533 πεσόντα
220 1505 417 1541 μικροψυχίας·
432 1505 464 1531 οὐ
484 1503 539 1540 γὰρ
560 1503 684 1530 ὲκτέτικε
704 1503 791 1534 δίκας,
810 1501 872 1528 οὐδὲ

81 1551 188 1587 ὑπέστη
202 1551 238 1578 τὰ
256 1552 286 1585 ἐξ
296 1551 380 1587 ὀργῆς
393 1571 400 1584 ,
416 1551 504 1577 καίτοι
519 1549 643 1582 κολάζειν
658 1548 783 1580 εἰωθότος
805 1547 872 1574 Θεοῦ

80 1599 146 1630 τοὺς
172 1598 220 1624 ἐπὶ
245 1597 315 1633 τῷδε
336 1596 588 1631 κατεγνωσμένους.
611 1595 742 1623 Ἐλεεῖται
762 1593 817 1629 γὰρ
844 1594 874 1619 ἐν

80 1645 182 1680 ἀρχαῖς
195 1645 210 1671 ι
223 1645 254 1671 ἐν
270 1644 464 1679 γυμνάσμασιν
483 1642 524 1669 ἔτι
542 1643 598 1674 τοῖς
617 1642 689 1678 ὑπὲρ
705 1640 806 1677 ἀρετῆς
816 1640 873 1666 ἔσθ’

81 1690 126 1717 ὅτε
148 1691 196 1717 καὶ
222 1689 343 1716 τιταίων·
371 1689 564 1723 ἀσύγγνωπον
580 1688 608 1715 δὲ
634 1687 702 1722 μετὰ
724 1686 803 1713 τοῦτο
825 1685 874 1721 τὴν

82 1738 155 1771 ἄγαν
171 1737 230 1772 ἔχει
243 1735 437 1772 μικροψυχίαν,
449 1735 497 1762 καὶ
505 1734 556 1770 τὴν
566 1734 693 1769 ἀχάλινον
705 1733 873 1768 ἀποδρομὴν,

81 1784 116 1818 ἦν
141 1782 176 1809 ἂν
197 1783 300 1808 ποιοῖτο
314 1782 394 1816 τυχὸν
418 1782 460 1813 εἰς
483 1781 617 1812 ἐκτύπους
637 1779 798 1815 ἐπιθυμίας.
820 1779 875 1806 Καὶ

82 1829 151 1864 γοῦν
165 1830 195 1856 ὲν
217 1829 274 1860 τοῖς
294 1828 433 1864 Ἀριθμοῖς
450 1827 582 1864 περὶτῶν
605 1826 670 1854 υἱῶν
691 1825 799 1862 Ἰσραὴλ
823 1825 874 1860 ἔφη

84 1885 136 1903 που
163 1876 245 1902 πάλιν
266 1875 297 1901 τὸ
321 1875 442 1910 Γράμμα
459 1874 490 1900 τὸ
506 1873 592 1909 ἱερόνο
611 1883 620 1898 ι
641 1873 697 1899 Καὶ
723 1873 824 1907 ἐξῆραν
843 1872 875 1897 ἑκ

82 1921 132 1948 τοῦ
151 1921 232 1956 ὅρους
244 1919 350 1956 Κυρίου
365 1920 423 1946 ὁδὸν
439 1919 522 1956 τριῶν
534 1918 656 1954 ἡμερῶν,
670 1918 716 1945 καὶ
730 1918 746 1953 ἡ
760 1917 875 1948 κιϐωτὸς

83 1967 135 2002 τῆς
150 1966 285 2001 διαθήκης
306 1965 410 2001 Κυρίου
432 1964 636 2000 προεπορεύετο
651 1962 772 1997 προτέρα
786 1961 875 1989 αὐτῶν

84 2013 146 2040 οῶν
154 2011 240 2047 τριῶν
250 2011 361 2047 ἡμερῶν
367 2009 592 2045 κατασκέψασθαι
607 2009 699 2040 αὐτοῖς
710 2007 874 2035 ἀνάπαυσιν.

85 2058 142 2086 Καὶ
158 2059 266 2092 ἐγένετο
287 2058 316 2084 ὲν
329 2057 370 2092 τῷ
396 2056 514 2091 ἐξαίρειν
538 2055 587 2091 τὴν
607 2054 733 2087 κιὸωτὸν,
752 2054 799 2080 καὶ
815 2051 876 2079 εἷπε

83 2105 189 2140 Μωσῆς
198 2113 210 2136 ·,
221 2103 406 2139 Ἑξεγέρθητι,
417 2102 514 2138 Κύριε,
530 2101 578 2128 καὶ
585 2099 876 2136 διασκορπισθήτωσαν

84 2152 109 2178 οἱ
129 2150 223 2186 ἐχθροί
239 2159 299 2181 σου,
323 2149 484 2184 φυγὲτωσαν
501 2148 601 2179 πάντες
623 2147 648 2174 οἱ
666 2145 807 2182 μισοῦντές
833 2153 873 2172 σε.
891 2156 913 2184 D

85 2197 141 2224 Καὶ
158 2198 187 2223 ὲν
202 2197 236 2232 τῇ
251 2195 423 2223 καταπαύσει
437 2193 523 2221 εἶπεν⁸
537 2193 711 2228 Ἐπίστρεφι,
722 2191 819 2227 Κύριε,
833 2199 875 2226 χι-

85 2244 181 2274 λιάδας
199 2242 333 2278 μυριάδας
347 2242 376 2267 ὲν
389 2239 428 2276 τῷ
447 2239 574 2276 Ἰσραήλο
593 2239 641 2265 καὶ
659 2239 676 2273 ἡ
697 2237 796 2272 νεφέλη
813 2236 876 2270 ἐγέ-

85 2298 147 2316 νετο
168 2287 319 2320 σκιάζουσα
343 2288 388 2313 ἐπ’
404 2286 496 2317 αὐτοῖς
513 2285 630 2320 ἡμέρας,
654 2285 683 2311 ἐν
698 2284 738 2319 τῷ
757 2283 877 2319 ἐξαίρειν

85 2334 188 2366 αὐτοὺς
199 2335 232 2360 ὲκ
247 2334 297 2369 τῆς
312 2332 490 2369 παρεμϐολῆς
500 2341 507 2347 '
521 2331 570 2358 καὶ
583 2329 617 2366 ἦν
631 2331 646 2357 ὁ
659 2330 722 2362 λαὸς
734 2329 877 2365 γογγύςων

85 2380 194 2416 πονηρὰ
208 2380 298 2407 ἔναντι
318 2379 421 2414 Κυρίου
431 2387 438 2394 ⁸
451 2379 497 2405 καὶ
513 2378 614 2414 ἥκουσι
630 2376 744 2412 Κύριος.
759 2377 806 2403 καὶ
816 2376 877 2403 ἐθυ-

88 2425 167 2462 μώθη
181 2425 262 2461 ὀργῇ,
280 2425 328 2452 καὶ
348 2424 483 2460 ἐξεκαύθη
500 2425 528 2450 ἐν
551 2424 643 2455 αὐτοῖς
658 2422 714 2458 πῦρ
729 2421 806 2457 παρά
819 2422 876 2448 Κυ-

88 2473 221 2509 ρίου,καὶ
243 2472 382 2506 κατέφαγε
406 2471 490 2507 μέρος
502 2479 529 2497 τι
546 2470 596 2505 τῆς
618 2468 804 2504 παρεμσολῆς,
829 2467 877 2495 καὶ

85 2518 239 2554 ἑκέκραξεν
255 2519 269 2544 ὁ
287 2517 350 2549 λαὸς
363 2517 431 2553 πρὸς
454 2516 567 2550 Μωσῆν.
588 2514 644 2541 Καὶ
657 2513 758 2549 ηὔξατο
771 2513 877 2547 Μωσῆς

86 2565 156 2600 πρὸς
172 2565 219 2591 τὺν
233 2563 347 2599 Κύριον,
363 2563 409 2590 καὶ
427 2562 547 2589 ἐκόπασε
568 2560 599 2588 τδ
620 2561 685 2596 πῦρ.
702 2560 758 2587 Καὶ
773 2558 875 2594 ἐκλήθη

86 2612 117 2638 τὸ
130 2611 218 2645 δνομα
232 2609 280 2636 τοῦ
293 2609 376 2636 τόπου
400 2608 516 2640 ἐκείνου,
537 2605 744 2642 Ἐμπυρισμός·
766 2605 807 2631 ὅτι
830 2605 875 2637 ἔξω

87 2657 191 2692 εκαὺοη
200 2656 230 2682 ἐν
244 2655 337 2686 αὐτοῖς
345 2654 400 2689 πῦρ
414 2654 490 2690 παρὰ
503 2653 617 2689 Κυρίου.
632 2662 641 2678 ι
652 2653 707 2679 Καὶ
719 2651 788 2688 μετὰ
797 2649 876 2677 τοῦτο

87 2703 182 2731 πάλιν
200 2711 210 2728 ι
230 2702 286 2728 Καὶ
305 2700 452 2736 ἐξάραντες
472 2700 501 2732 ἐξ
524 2700 575 2734 Ὢρ
585 2698 631 2725 τοῦ
646 2698 726 2734 ὅρους
749 2697 808 2724 ὁδὸν
830 2697 876 2723 ἐπὶ

87 2750 226 2777 θάλασσαν
246 2747 391 2783 Ἐρυθρὰν,
402 2745 625 2782 περιεκὺκλωσαν
642 2745 691 2780 τὴν
703 2745 754 2780 γῆν
771 2742 859 2778 ut:an
868 2753 874 2758 ·

87 2797 134 2823 καὶ
153 2794 364 2830 ὠλιγοψὺχησεν
377 2794 390 2820 ὁ
403 2793 466 2825 λαὸς
483 2793 511 2820 ἐν
526 2794 558 2828 τῇ
570 2792 631 2827 ὀδῷ.
645 2792 699 2818 ligni
711 2790 852 2817 κατελάλει
862 2790 875 2816 ὁ

888 819 910 848 Β
962 819 1062 846 PALL.
1084 819 1207 853 Quonam
1232 820 1334 847 modo?

957 865 1036 893 CYR.
1058 865 1199 901 Siquidem
1221 873 1315 893 verum
1333 869 1386 898 est,
1405 866 1524 897 labores,
1545 872 1607 893 cum
1625 865 1710 892 amari

922 910 1067 938 admodum
1089 911 1154 944 sint,
1174 919 1274 946 corpus
1298 912 1474 943 interimere,
1501 911 1618 938 animam
1645 919 1711 939 vero

921 960 1029 983 αξιοι-ηαξ
1046 956 1110 983 vita:
1128 956 1289 991 participem
1302 955 1418 983 edicere.
1438 955 1531 990 Itaque
1547 955 1616 982 dixit
1628 955 1710 982 etiam

921 1001 1018 1029 beatus
1044 1002 1172 1029 Paulus:
1204 1010 1213 1027 ι
1239 1001 1308 1028 Cum
1335 1001 1477 1034 intirmor,
1513 1005 1580 1028 tunc
1613 1005 1712 1036 potens

922 1055 983 1074 sum
1002 1048 1035 1073 ’³.
1057 1057 1067 1072 ι
1088 1047 1123 1075 Et
1140 1047 1240 1074 iterum
1261 1055 1267 1074 :
1291 1057 1301 1072 ι
1323 1047 1380 1074 Etsi
1399 1047 1473 1074 enim
1492 1047 1612 1074 exterior
1629 1047 1712 1073 homo

920 1097 1017 1120 noster
1033 1092 1228 1128 corrumpitur,
1250 1093 1298 1120 sed
1317 1093 1432 1120 interior
1450 1097 1598 1121 renovatur
1615 1093 1649 1120 de
1667 1093 1711 1121 die

922 1138 951 1166 in
969 1138 1042 1166 diem
1052 1139 1085 1166 ".
1110 1149 1118 1164 ν
1142 1138 1222 1173 156
1241 1138 1294 1166 Sed
1311 1139 1372 1173 quis
1390 1139 1500 1166 tandem
1519 1139 1586 1166 velit
1603 1139 1713 1166 labores

923 1189 978 1212 tam
1003 1185 1118 1212 acerbos
1143 1184 1276 1219 perferre,
1298 1184 1351 1212 nisi
1377 1184 1485 1212 dulcem
1510 1185 1609 1213 habeat
1635 1193 1711 1220 spem

910 1231 952 1275 ‘in
971 1231 1100 1259 Christo?

957 1277 1054 1304 PALL.
1075 1277 1161 1305 Nemo
1180 1285 1302 1312 prorsus,
1322 1278 1430 1313 opinor.

958 1322 1036 1350 CYR.
1057 1323 1125 1351 Vide
1145 1323 1228 1358 igitur
1248 1324 1315 1359 (jam
1343 1324 1427 1356 enim,
1447 1323 1560 1355 Palladi,
1580 1331 1612 1351 ea
1632 1330 1712 1358 repe-

925 1373 982 1396 tere
1000 1376 1113 1396 necesse
1131 1373 1173 1396 est
1191 1377 1252 1404 quae
1274 1377 1289 1396 a
1308 1369 1443 1404 principio
1462 1368 1598 1404 diximus)
1626 1369 1714 1397 Israe-

923 1413 978 1441 lem
997 1414 1026 1441 in
1049 1414 1158 1441 deserto
1175 1414 1323 1446 sitientem,
1341 1418 1370 1441 et
1391 1414 1522 1442 adversus
1543 1414 1712 1449 sapientissi-

926 1467 1000 1486 mum
1023 1459 1112 1486 virum
1137 1459 1248 1495 Moysen
1272 1464 1500 1492 murmurantem,
1522 1464 1550 1486 et
1574 1463 1663 1486 tamen
1685 1459 1712 1486 in

927 1509 1029 1532 tantam
1051 1505 1134 1532 animi
1155 1505 1336 1540 abjcctionem
1356 1505 1467 1540 impune
1487 1505 1608 1539 lapsum;
1623 1512 1714 1540 neque

925 1551 998 1578 enim
1017 1559 1112 1585 pcenas
1129 1550 1194 1583 luit,
1215 1559 1303 1586 neque
1318 1551 1417 1578 divinm
1434 1551 1482 1578 iraa
1501 1551 1635 1582 ultionem.
1652 1558 1713 1578 sus-

925 1597 1024 1629 tinuit,
1045 1597 1170 1632 quamvis
1193 1597 1267 1624 Deus
1291 1597 1350 1632 ejus
1374 1596 1498 1624 criminis
1528 1604 1590 1624 reos
1616 1596 1714 1631 punire

925 1642 961 1670 sit
981 1642 1087 1669 solitus.
1109 1642 1157 1668 Est
1173 1649 1291 1676 namque
1306 1641 1482 1668 miseratione
1500 1641 1598 1677 dignus
1611 1642 1645 1669 ab
1659 1641 1713 1669 ini-

926 1689 974 1720 tio,
992 1687 1040 1722 qui
1055 1687 1084 1714 in
1098 1687 1295 1714 exercitatione
1308 1687 1398 1714 adhuc
1412 1695 1461 1722 pro
1472 1687 1573 1714 virtute
1588 1691 1714 1722 suscepta

925 1733 1028 1760 labitur
1047 1740 1243 1767 nonnunquam
1263 1741 1268 1758 :
1285 1736 1312 1759 at
1336 1737 1430 1766 postea
1453 1731 1537 1758 nimia
1555 1732 1600 1758 illa
1626 1732 1715 1767 parvi-

927 1783 968 1805 tas
982 1778 1076 1810 animi,
1095 1783 1123 1805 et
1141 1777 1291 1805 eﬁ'renatus
1314 1777 1347 1804 ad
1367 1777 1499 1804 absurdas
1516 1777 1714 1812 concupiscent—

927 1824 979 1852 tias
1000 1831 1099 1851 cursus
1123 1832 1222 1859 expers
1242 1827 1284 1851 est
1307 1823 1403 1851 venite.
1422 1823 1516 1858 Itaque
1540 1823 1567 1850 in
1588 1823 1715 1850 Numeris

926 1869 960 1896 de
980 1869 1044 1896 ﬁliis
1058 1869 1141 1896 lsrael
1155 1873 1268 1896 narrant
1285 1875 1368 1896 sacrae
1379 1868 1507 1895 Litteras:
1524 1877 1532 1892 ι
1550 1868 1583 1894 Et
1599 1867 1715 1903 profecti

926 1920 990 1942 sunt
1007 1923 1042 1942 ex
1060 1919 1153 1941 monte
1175 1914 1223 1942 Dei
1245 1914 1344 1941 itinere
1363 1914 1470 1941 dierum
1486 1914 1584 1946 trium;
1605 1917 1631 1940 et
1653 1921 1714 1941 area

926 1960 1082 1987 testamenti
1101 1960 1209 1986 Domini
1229 1960 1343 1994 prwibat
1366 1960 1426 1986 illos
1447 1959 1490 1986 via
1510 1960 1592 1986 trium
1607 1959 1714 1986 dierum

926 2006 960 2033 ad
975 2006 1168 2040 explorandam
1185 2005 1253 2040 ipsis
1267 2006 1399 2040 requiem.
1415 2005 1448 2032 Et
1465 2005 1567 2033 factum
1581 2009 1633 2037 est,
1650 2005 1716 2032 dum

926 2051 1080 2077 elevaretur
1101 2058 1174 2082 arca,
1194 2050 1262 2077 dixit
1282 2050 1388 2085 Moyses
1410 2059 1415 2076 :
1439 2050 1571 2085 Exsurge,
1590 2049 1715 2082 Domine,

926 2099 954 2122 et
973 2095 1141 2130 dissipentur
1162 2094 1265 2122 inimici
1284 2095 1338 2128 tui;
1356 2094 1461 2130 fugiant
1475 2101 1570 2121 omnes
1587 2095 1634 2129 qui
1649 2094 1715 2122 ode-

928 2145 993 2167 runt
1005 2144 1043 2167 te.
1059 2141 1094 2167 Et
1108 2140 1172 2167 dum
1191 2140 1386 2175 deponeretur,
1403 2139 1472 2167 dixit
1484 2148 1490 2166 :
1501 2139 1646 2172 Converte,
1662 2140 1715 2167 Do-

927 2188 1011 2219 mine,
1026 2187 1100 2215 mille
1120 2187 1258 2222 myriadas
1277 2187 1305 2213 in
1323 2186 1416 2214 lsrael.
1431 2186 1465 2213 Et
1484 2186 1571 2214 nubes
1591 2186 1716 2214 umbram

928 2232 1045 2262 faciebat
1061 2242 1143 2269 super
1159 2234 1221 2261 illos
1234 2241 1283 2268 per
1298 2233 1382 2265 diem,
1397 2240 1458 2260 cum
1478 2232 1717 2268 proﬁciscerentur

926 2288 942 2308 e
966 2281 1063 2308 castris
1090 2289 1096 2307 ε
1121 2285 1150 2308 et
1172 2284 1231 2307 erat
1255 2280 1374 2315 populus
1398 2288 1574 2309 murmurans
1598 2280 1717 2315 pessime

927 2329 1023 2353 contra
1034 2326 1189 2353 Dominum.
1207 2326 1241 2353 Et
1257 2325 1361 2352 audivit
1376 2325 1517 2357 Dominus,
1531 2330 1559 2353 et
1574 2326 1658 2353 iratus
1675 2329 1717 2352 est

927 2371 977 2404 ira,
998 2376 1026 2399 et
1050 2379 1201 2399 succensus
1219 2375 1262 2399 est
1284 2371 1354 2406 ignis
1380 2371 1408 2398 in
1431 2378 1479 2398 eos
1501 2378 1517 2398 a
1536 2370 1666 2403 Domino;
1688 2375 1717 2398 et

927 2417 1069 2445 devoravit
1085 2421 1190 2452 partem
1214 2417 1359 2451 quamdam
1379 2420 1543 2444 castrorum.
1560 2416 1594 2442 Et
1614 2416 1716 2442 clama-

927 2464 967 2491 vit
984 2463 1102 2498 populus
1116 2463 1149 2490 ad
1164 2463 1283 2498 Moysen.
1299 2463 1332 2490 Et
1352 2462 1439 2490 oravit
1455 2462 1560 2497 Moyses
1573 2462 1606 2488 ad
1623 2461 1716 2488 Domi-

926 2518 1004 2542 num,
1016 2514 1044 2538 et
1058 2510 1178 2537 cessavit
1197 2509 1282 2545 ignis;
1302 2515 1331 2537 et
1349 2514 1477 2536 vocatum
1493 2512 1535 2535 est
1549 2514 1647 2535 nomen
1663 2507 1715 2534 loei

927 2557 1010 2589 illius,
1027 2556 1187 2587 Succensio,
1204 2555 1268 2590 quia
1283 2563 1432 2582 succensus
1447 2558 1488 2582 est
1507 2553 1535 2581 in
1555 2560 1601 2580 eos
1618 2553 1687 2588 ignis
1701 2561 1716 2580 a

926 2604 1042 2631 Domino
1053 2603 1086 2630 π.
1105 2612 1114 2628 ι
1133 2602 1167 2629 Et
1188 2605 1250 2637 post
1265 2601 1323 2628 hate
1341 2608 1455 2628 rursus:
1473 2609 1482 2625 ι
1501 2600 1534 2628 Et
1548 2597 1662 2634 profecti
1683 2606 1716 2625 ex

927 2654 1019 2677 monte
1040 2649 1096 2676 llor
1120 2656 1170 2683 per
1196 2647 1269 2674 viam
1294 2647 1377 2673 maris
1405 2646 1502 2678 Rubri,
1522 2644 1717 2672 circumierunt

928 2700 1030 2723 terram
1053 2694 1154 2726 Edom;
1180 2697 1209 2721 et
1233 2692 1362 2728 fatigatus
1377 2696 1419 2719 est
1438 2692 1555 2727 populus
1574 2692 1599 2717 in
1615 2690 1669 2720 via,
1689 2693 1717 2716 et

927 2742 1090 2770 detrahebat
1106 2741 1223 2776 populus
1245 2739 1376 2767 adversus
1394 2738 1479 2765 Deum
1491 2743 1519 2765 et
1533 2742 1625 2765 contra
1645 2735 1718 2770 Moy—

928 2796 986 2821 sen,
1007 2787 1153 2815 dicentes:
1169 2786 1224 2814 Cur
1246 2785 1363 2813 eduxisti
1387 2792 1437 2811 nos
1456 2783 1489 2812 de
1508 2788 1578 2811 terra
1596 2780 1716 2818 Egypti,

121 2887 143 2903 ’λ’
159 2887 169 2914 ι
194 2885 258 2914 Cor.
274 2894 301 2918 x,
319 2885 359 2912 i3.
398 2885 419 2900 ’⁵η
433 2885 499 2912 Luc.
516 2891 589 2917 χχιιι,
607 2883 650 2910 51.
669 2883 691 2898 ἰ
706 2881 800 2909 Matth.
820 2887 856 2913 ιι,

955 2879 976 2895 ⁹¹
991 2878 1013 2907 ll
1027 2878 1089 2906 Cor.
1109 2885 1155 2911 xu,
1170 2877 1195 2904 9.
1235 2876 1280 2903 “l
1300 2875 1362 2903 Cor.
1376 2883 1412 2907 ιι,
1443 2874 1482 2901 l6.
1514 2873 1536 2888 "'
1557 2872 1638 2900 Num.
1660 2878 1716 2898 ut.
