1934 3042
69 142 118 170 585

435 144 477 171 DE
498 143 719 172 ADORATIONE
740 142 773 170 IN
800 141 935 170 SPIRITU
955 143 999 170 ΕΤ
1019 145 1201 175 VERITATE.
1223 147 1286 174 LIB.
1308 120 1339 175 ς’.

1658 152 1710 182 586

72 202 182 236 Πρῶτος
208 203 269 240 γὰρ
298 203 333 231 δι’
357 204 432 240 ἡμᾶς
452 204 500 231 καὶ
528 204 597 239 ὑπὲρ
613 203 691 238 ἡμῶν
709 202 748 238 τῷ
764 201 860 236 θανάτιε

921 201 1001 231 nobis
1017 211 1079 231 cum
1097 210 1184 233 morte
1200 214 1372 242 congressus,
1391 207 1464 236 illius
1485 209 1596 244 quidem
1619 211 1708 246 impe-

75 248 248 285 προσὸαλὼν,
269 250 403 276 κατέλυσε
426 249 474 286 μὲν
487 250 517 276 τὸ
542 249 646 276 ἐκείνου
673 249 782 284 κράτος,
803 257 870 275 κατ-

72 293 208 328 εσκέψατο
233 294 262 320 δὲ
284 295 352 330 ἡμῖν
368 294 417 330 τὴν
441 295 605 326 ἀνάπαυσιν,
630 293 807 324 ἀνακαινίσας
830 293 869 324 εἰς

74 338 240 374 ἀφθαρσίαν.
271 338 385 374 Πρῶτος
414 338 537 373 εἰσῆλθεν
559 339 598 370 εἰς
623 339 670 365 τὸν
694 338 867 372 παράδεισον,

75 385 275 420 ἑκὸυσωπήσας
291 385 340 420 μὲν
351 383 444 420 ὥσπερ
456 383 505 418 τὴν
520 383 707 419 στρεφομένην
719 382 867 418 ῥομφαίαν,

75 430 234 465 ἀποστήσας
247 430 276 456 δὲ
295 429 372 464 ἡμῶν
388 429 435 465 τὴν
449 429 624 464 ὲξείργουσαν
639 429 784 463 ἁμαρτίαν.
808 429 869 454 Ἑκ-

73 476 161 503 τέτικε
179 476 237 511 γὰρ
253 476 334 507 αὐτὸς
348 477 417 511 ὑπὲρ
433 475 511 511 ἡμῶν
525 475 560 502 τὰ
570 476 750 511 ὀφειλήματα,
765 475 812 501 καὶ
829 475 866 510 τῷ

75 521 191 557 μώλωπι
204 522 290 549 αὐτοῦ
302 523 381 557 ἡμεῖς
396 522 525 557 ίάοημεν,
539 522 609 548 κατὰ
621 521 651 548 τὸ
663 521 866 556 γεγραμμένον.

75 568 187 604 Πρῶτος
197 568 253 604 γὰρ
269 568 354 602 ἀνέϐη
366 568 434 603 πρὸς
447 568 493 594 τὸν
506 567 615 603 Πατέρα
630 567 675 594 καὶ
689 567 764 599 Θεὸν,
778 567 868 601 ἐγκαι-

73 615 154 646 νίξων
168 616 240 650 ἡμῖν
255 615 305 649 τὴν
318 615 374 642 ἅνω
391 614 513 649 πορείαν,
534 615 581 641 καὶ
596 613 801 649 προετοιμάζων
816 613 866 645 τὰς

70 661 126 688 ἄνω
157 661 255 695 μονάς.
280 660 423 695 Τοιγάρτοι
449 660 497 686 καὶ
519 659 638 693 ἔφασκε·
663 669 672 685 ι
694 659 865 694 Πορεύσομαι

70 706 116 732 καὶ
139 706 282 741 ἑτοιμάσω
305 706 387 732 τόπον
401 706 474 740 ὑμῖν.
492 715 500 730 ι
525 705 746 740 Προανετυπυῦτο
770 705 802 740 δὴ
818 702 865 731 οὖν

68 752 106 783 ὡς
122 751 152 778 ἓν
168 760 202 786 γε
222 753 255 787 τῇ
270 751 379 786 κιϐωτῷ
393 751 510 787 Χριστός
521 759 528 766 ⁸
544 750 744 777 κατεσκεύαστο
763 750 816 785 γὰρ
832 751 864 777 ἐκ

70 798 157 830 ξύλων
175 799 307 834 ἀσήπτων
322 798 425 832 ἐκείνη,
445 798 493 824 καὶ
507 797 552 823 τδν
570 797 640 823 θεῖον
657 798 685 822 ὲν
699 797 780 832 ἑαυτῇ
797 805 862 823 κατ-

69 844 193 877 επύκαςε
206 845 298 879 νόμον,
309 845 338 876 ὃς
350 845 408 870 ὲστι
420 844 504 878 Λόγος
516 843 594 870 Θεοῦ.
607 834 687 875 Ἴδοιέ
696 843 718 869 δ’
732 842 765 869 ἂν
777 842 863 875 τούτῳ

69 891 244 926 προσεοικὸς,
259 891 290 917 τὸ
308 891 354 917 ἐπὶ
369 889 488 926 Χριστοῦ
505 890 662 926 μυστήριον.
681 889 746 920 Θεὸς
759 889 813 923 γὰρ
829 886 863 924 ἦν

68 939 81 964 ὀ
95 938 186 972 Λόγος
212 938 242 964 ἐν
258 938 388 974 ἀφθάρτῳ
403 936 460 971 ναῷ
473 937 521 972 (I).
538 935 642 962 Οὐκοῦν
656 933 832 970 προεϐάδιζεν
845 935 863 968 ἡ

69 984 190 1016 κιδωτὸς
200 983 427 1018 κατασκεψομένη
442 984 498 1014 τοῖς
512 982 540 1015 ἐξ
564 981 672 1017 Ἰσραὴλ
681 981 729 1016 τὴν
744 980 864 1007 ἀνάπαυ-

69 1039 123 1056 σιν.
147 1029 312 1064 Προὸαόίζει
332 1029 360 1056 δὲ
378 1029 426 1056 καὶ
439 1028 518 1064 ἡμῶν
537 1029 551 1054 ὁ
567 1027 684 1063 Χριστὸς
709 1027 779 1054 κατὰ
800 1026 862 1058 τοὺς

68 1075 172 1112 ἀρτίως
196 1076 264 1110 ἡμῖν
289 1074 448 1110 εἰρημένους
467 1074 602 1109 τρόπους’
624 1073 671 1099 καὶ
695 1072 763 1106 πρός
784 1081 815 1106 γε
830 1072 862 1108 δὴ

67 1121 156 1155 τούτῳ
174 1121 224 1156 τὴν
252 1121 361 1156 μεσίτου
379 1120 474 1156 χρείαν
490 1119 666 1154 ἀποπληρῶν,
688 1118 862 1153 παράκλητος

67 1167 176 1201 γίνεται
198 1167 267 1202 πρὸς
289 1167 335 1193 τὸν
358 1166 475 1201 Πατέρα,
495 1167 542 1193 ικαὶ
558 1165 671 1201 ἱλασμδς
682 1165 752 1200 ὑπὲρ
770 1164 860 1200 ἡμῶν,

68 1214 142 1241 καθὰ
168 1214 216 1241 καὶ
240 1214 322 1240 πάλαι
335 1214 438 1248 Μωσῆς
451 1221 458 1228 ·
474 1213 502 1244 ὃς
520 1214 548 1239 ἐν
564 1213 612 1248 μὲν
625 1212 664 1247 τῷ
680 1211 798 1247 ἐξαίρειν
813 1210 861 1246 τὴν

68 1260 188 1287 κιϐωτὸν
211 1259 346 1294 ἔφασκεν·
374 1269 383 1284 ι
407 1257 590 1293 Ἑξεγέροητι,
613 1256 715 1292 Κύριε,
732 1257 861 1292 διασκορ-

69 1306 248 1341 πισθήτωσαν
276 1306 301 1332 οί
320 1305 412 1340 ἐχθροί
440 1313 497 1336 σου,
526 1303 685 1338 φυγέτωσαν
712 1302 812 1334 πάντες
836 1302 861 1329 οἱ

71 1351 217 1386 μισοῦντές
245 1360 274 1377 σε
290 1359 296 1366 ·
319 1361 328 1375 ι
363 1352 391 1378 ὲν
411 1350 440 1377 δὲ
462 1349 501 1384 τῷ
523 1349 692 1376 καταπαύειν
712 1356 718 1364 ·
744 1358 752 1374 ι
786 1348 861 1374 Ἐπί-

70 1404 182 1432 στρεφε,
199 1396 296 1431 Κύριε,
314 1395 434 1431 χιλιάδας
450 1394 582 1430 μυριάδας
605 1394 633 1420 ὲν
653 1393 691 1428 τῷ
714 1393 830 1428 Ἰσραήλ.
849 1403 858 1419 ι

70 1443 136 1469 Ὅτε
153 1443 209 1478 γὰρ
222 1443 368 1478 ἐγήγερται
385 1441 453 1477 πρὸς
467 1441 628 1476 ἐπικουρίαν
651 1439 728 1475 ἡμῶν
747 1440 761 1466 ὁ
776 1440 862 1466 Μονο-

69 1489 153 1524 γενὴς
176 1488 224 1514 καὶ
253 1489 267 1514 ὁ
287 1488 371 1514 πάλαι
396 1487 483 1521 λέγων
505 1486 550 1513 διὰ
565 1487 615 1522 τῆς
637 1485 684 1512 τοῦ
708 1485 861 1517 summa;

921 247 993 282 rium
1017 249 1151 282 dissolvit,
1168 252 1248 279 nobis
1269 260 1334 280 vero
1354 254 1476 288 requiem
1496 255 1625 289 providit,
1644 265 1708 284 cum

920 294 953 321 ad
973 295 1204 324 immortalitatem
1230 307 1279 326 nos
1303 306 1472 328 renovasset.
1491 301 1598 328 Primus
1615 302 1642 328 in
1658 310 1706 337 pa-

920 339 1041 368 radisum
1056 341 1190 374 introivit,
1205 351 1268 370 cum
1285 344 1369 372 veluti
1384 345 1507 373 cohibuit
1524 345 1596 373 illam
1613 354 1705 374 versa-

920 385 995 412 tilem
1020 387 1195 421 romplueam,
1224 394 1420 425 peccatumque
1455 399 1470 417 a
1492 391 1572 418 nobis
1594 393 1705 424 avertit,

919 431 991 465 quod
1012 439 1061 459 nos
1081 432 1115 459 ab
1137 433 1260 468 ingressu
1286 435 1473 470 prohibebat:
1493 437 1608 464 exsolvit.
1631 437 1705 465 enim

918 475 976 511 ipse
993 484 1040 511 pro
1070 478 1150 506 nobis
1174 478 1265 506 debita
1282 500 1288 512 ,
1306 485 1333 508 et
1360 481 1445 508 livore
1467 482 1526 516 ejus
1550 482 1636 509 sanati
1657 490 1704 509 su-

917 528 979 547 mus
991 522 1012 552 ²,
1029 521 1099 548 sicut
1118 523 1250 557 scriptum
1265 529 1315 552 est.
1337 525 1445 552 Primus
1464 526 1586 554 ascendit
1601 527 1634 554 ad
1652 527 1703 554 Pa-

918 571 987 592 trem
1006 571 1033 593 et
1051 567 1147 600 Deum,
1162 575 1223 595 cum
1240 577 1370 604 superum
1390 570 1465 596 illum
1484 571 1636 608 ingressum
1652 580 1703 599 no-

917 611 960 638 bis
974 611 1102 645 initiavit,
1119 618 1146 640 et
1162 621 1294 649 supernas
1315 615 1375 642 illas
1394 616 1549 644 mansiones
1567 625 1702 652 prrepara-

916 658 964 686 vit.
980 659 1073 694 Itaque
1091 661 1174 687 etiam
1194 661 1302 688 dicebat
1318 670 1324 687 :
1347 671 1354 686 ι
1373 662 1484 694 Vadam,
1501 668 1528 690 et
1545 664 1704 697 przeparabo

915 704 1004 731 locum
1017 705 1095 732 vobis
1107 706 1124 732 ³.
1144 716 1152 732 ι
1170 706 1399 741 Prteﬁgurabatur
1411 708 1494 742 igitur
1508 708 1535 734 in
1549 716 1612 734 arca
1625 708 1704 735 Chri-

916 755 974 778 stus
991 759 996 776 :
1012 756 1148 779 exstructa
1164 753 1236 779 enim
1253 758 1311 780 erat
1330 753 1375 780 illa
1396 761 1429 780 ex
1449 754 1529 789 lignis
1546 754 1702 789 imputribi-

914 796 996 829 libus,
1015 797 1188 833 divinamque
1212 800 1297 834 legem
1328 800 1356 826 in
1383 808 1412 826 se
1438 800 1554 834 tegebat,
1576 808 1636 836 quze
1662 808 1704 829 est

915 842 1033 870 Verbum
1056 844 1114 871 Dei.
1130 844 1228 872 Videre
1253 850 1343 872 autem
1368 845 1433 873 licet
1459 845 1525 872 illud
1548 845 1575 873 in
1594 846 1704 876 Christo

914 889 1084 924 mysterium,
1103 898 1165 917 cum
1191 890 1242 918 hac
1263 898 1371 926 quoque
1394 899 1423 918 re
1444 899 1605 926 congruere.
1630 892 1704 920 Deus

914 935 987 962 enim
997 936 1115 962 Verbum
1129 941 1187 964 erat
1200 936 1231 964 in
1246 936 1447 972 incorruptibili
1462 938 1572 973 templo.
1588 938 1704 967 Prreibat

914 980 997 1016 igitur
1014 990 1075 1009 arca
1097 983 1240 1016 provisura
1269 983 1332 1010 ﬁliis
1356 984 1439 1011 Israel
1466 984 1606 1019 requiem;
1627 986 1704 1019 praeit

913 1026 996 1053 etiam
1010 1035 1060 1054 nos
1074 1027 1209 1060 Christus,
1229 1029 1262 1056 iis
1277 1029 1365 1056 modis
1380 1038 1449 1064 quos
1466 1031 1547 1058 modo
1561 1031 1680 1058 diximus
1695 1040 1701 1058 τ

913 1080 945 1099 ac
959 1078 1102 1108 propterea
1118 1074 1275 1102 mediatoris
1294 1083 1393 1102 munus
1413 1075 1539 1111 implcns,
1554 1077 1703 1105 advocatus

913 1118 942 1146 ﬁt
957 1119 1028 1154 apud
1043 1119 1161 1152 Patrem,
1179 1128 1210 1147 ac
1228 1121 1386 1155 propitiatio
1399 1129 1448 1156 pro
1460 1122 1540 1149 nobis
1554 1123 1580 1156 ‘;
1595 1127 1625 1149 ut
1637 1122 1702 1150 olim

912 1172 1021 1199 quoque
1039 1165 1154 1201 Moyses,
1168 1167 1225 1201 qui,
1239 1166 1303 1194 dum
1323 1168 1545 1202 proﬁcisceretur
1563 1177 1638 1202 arca,
1658 1168 1702 1195 di—

913 1210 991 1238 cebat
1008 1219 1014 1237 :
1033 1220 1041 1236 ι
1064 1211 1195 1247 Exsurge,
1211 1213 1335 1245 Domine,
1350 1213 1519 1248 dissipentur
1533 1215 1636 1244 inimici
1649 1218 1700 1250 tui,

912 1261 940 1284 et
962 1257 1065 1292 fugiant
1090 1266 1194 1290 omnes,
1217 1259 1265 1293 qui
1292 1259 1411 1286 oderunt
1434 1263 1459 1287 te
1473 1260 1492 1286 ⁵.
1510 1270 1518 1286 ι
1543 1261 1612 1288 Cum
1635 1270 1701 1290 vero

913 1303 1118 1338 deponeretur:
1137 1313 1145 1328 ‹
1160 1303 1306 1337 Converte,
1328 1305 1452 1338 Domine,
1472 1306 1544 1334 mille
1565 1308 1701 1343 myriadas

913 1349 941 1376 in
954 1349 1035 1376 Israel
1049 1350 1069 1376 ⁵,
1087 1358 1096 1374 ι
1111 1349 1180 1376 Cum
1199 1349 1272 1376 enim
1294 1350 1448 1377 exsurrexit
1461 1350 1494 1377 ad
1508 1359 1558 1378 nos
1570 1351 1701 1387 adjuvan-

912 1395 961 1422 dos
978 1395 1022 1422 ille
1039 1395 1201 1430 Unigenitus
1226 1395 1273 1430 qui
1295 1395 1361 1422 olim
1381 1396 1526 1423 Psallentis
1543 1405 1609 1424 voce
1624 1397 1701 1425 dice-

912 1441 978 1469 bat:
996 1451 1005 1467 ι
1021 1441 1135 1476 Propter
1146 1441 1285 1467 miseriam
1298 1441 1421 1476 inopum,
1435 1446 1462 1468 et
1480 1442 1611 1477 gemitum
1631 1450 1701 1478 pau-

912 1495 1020 1523 perum,
1041 1495 1116 1515 nunc
1137 1494 1293 1522 exsurgam,
1318 1487 1385 1514 dicit
1406 1487 1538 1515 Dominus
1553 1488 1580 1521 ';
1601 1498 1610 1514 ι
1637 1493 1702 1516 tunc

70 1535 177 1569 φωνῆς’
196 1543 205 1560 ι
230 1534 297 1560 ’Λπὸ
320 1533 370 1568 τῆς
387 1532 573 1568 ταλαιπωρίας
600 1531 654 1558 τῶν
677 1531 792 1566 πτωχῶν
815 1531 860 1558 καὶ

913 1534 1071 1562 ceciderunt
1093 1533 1196 1565 hostes,
1210 1541 1242 1560 ac
1264 1532 1402 1567 fugerunt,
1417 1533 1464 1568 qui
1486 1534 1702 1563 adversabantur

68 1580 115 1607 τοῦ
130 1578 284 1615 στεναγμοῦ
300 1579 353 1606 τῶν
365 1579 489 1614 πενήτων
505 1577 551 1605 νῦν
574 1578 771 1612 ἀναστήσομαι,
786 1576 859 1611 λέγει

69 1626 173 1662 Κύριος
184 1634 190 1640 ·
204 1635 213 1651 ι
229 1626 289 1653 τότε
298 1625 471 1652 πεπτώκασιν
483 1625 507 1652 οἱ
520 1624 622 1660 ἐχθροὶ,
637 1626 682 1651 καὶ
692 1624 860 1658 πεφεύγασιν

67 1672 92 1698 οἱ
115 1670 316 1706 ἀνθεστηκότες
337 1670 384 1698 καὶ
409 1671 441 1705 τῇ
463 1670 524 1706 θείᾳ
542 1669 603 1705 δόξῃ
626 1670 785 1706 μαχόμενοι.
808 1670 860 1696 Τε-

68 1718 241 1754 Θριάμϐευκε
257 1717 312 1753 γὰρ
337 1718 366 1744 έν
387 1717 427 1753 τῷ
443 1716 553 1752 σταυρῷ
575 1716 662 1752 ἀρχάς
676 1725 706 1742 τε
722 1716 769 1742 καὶ
785 1716 859 1749 ἐξου-

69 1764 146 1796 σίας·
171 1764 220 1791 καὶ
238 1764 414 1800 κατήργηκεν
436 1763 580 1790 ἀποθανὼν
605 1763 651 1789 τὸν
667 1762 785 1798 ἄρχοντα
810 1761 857 1789 τοῦ

68 1809 167 1842 αἰῶνος
187 1809 295 1841 τούτου,
314 1809 385 1836 κατὰ
397 1809 429 1836 τὺ
447 1808 655 1844 γεγραμμένον·
679 1808 859 1840 καταπαύσας

68 1856 96 1882 δὲ
108 1855 216 1891 ὥσπερ,
232 1856 280 1883 καὶ
288 1856 328 1887 εις
337 1855 413 1887 τέλος
424 1854 554 1889 ἐνεγκὼν,
567 1854 617 1890 τὴν
632 1854 695 1890 ὅλην
705 1854 859 1890 οἰκονομίαν

68 1901 112 1928 διὰ
127 1901 178 1937 τῆς
198 1901 373 1932 ἀναστάσεως
388 1903 438 1936 τῆς
457 1901 492 1927 ὲκ
505 1900 609 1936 νεκρῶν
621 1900 668 1926 καὶ
682 1899 793 1935 πορείας
809 1899 859 1934 τῆς

69 1948 109 1979 εἰς
123 1947 155 1974 τὸ
172 1947 229 1974 ἄνω
252 1947 320 1982 πρὸς
334 1947 378 1974 τὸν
394 1946 520 1982 Πατέρα,
537 1947 626 1974 πᾶσαν
643 1945 792 1981 ἐπέστρεψε
810 1946 859 1981 τὴν

69 1993 132 2029 γῆν,
148 1993 197 2019 καὶ
214 1993 302 2029 χιλίας
314 1992 448 2028 μυριάδας
465 1992 529 2024 τοὺς
545 1991 626 2024 ἰδίους
641 1992 757 2018 ἐποιεῖτο
776 2000 859 2028 προσ-

69 2039 222 2074 κυνητάς·‹
238 2038 321 2065 Ὅταν
338 2038 402 2073 γὰρ,
421 2037 548 2073 ἔφασκεν,
574 2037 674 2072 ὑψωθῶ
686 2038 720 2064 ὲκ
733 2037 782 2072 τῆς
795 2037 858 2073 γῆς,

68 2085 175 2116 πάντας
188 2084 296 2111 ἑλκύσω
312 2085 380 2119 πρὸς
398 2084 525 2119 ἐμαυτόν,
552 2093 561 2110 ›
581 2083 685 2110 Οὐκοῦν
702 2084 719 2119 ἡ
738 2083 859 2115 Μωσέως

69 2131 136 2166 εὐχὴ
157 2130 243 2161 τύπος
258 2129 291 2157 ἂν
307 2130 349 2165 εἴη
365 2130 412 2164 τῆς
432 2129 568 2165 μεσιτείας
588 2128 717 2165 Χριστοῦ,
734 2129 804 2157 κατά
827 2138 859 2163 γε

69 2176 99 2202 τὸ
117 2176 213 2212 σχῆμα
233 2177 264 2203 τὸ
289 2176 468 2212 ἀνθρώπινον,
494 2175 642 2210 εὐχομένου
669 2184 700 2201 τε
722 2176 767 2202 καὶ
784 2176 858 2208 ἐξαι-

70 2223 178 2254 τοῦντος
189 2223 257 2258 ἡμῖν
277 2222 313 2249 τὰ
323 2222 452 2249 κάλλιστα
464 2221 539 2257 παρὰ
549 2221 595 2248 τοῦ
606 2221 673 2247 Θεοῦ
685 2221 731 2248 καὶ
741 2221 856 2256 Πατρός.
874 2216 897 2243 Ῑ)

75 2269 119 2300 Ὠς
133 2268 214 2302 γὰρὸ
235 2268 377 2300 Θεσπέσιος
399 2267 524 2303 Ἰωάννης
548 2268 613 2302 φησί
627 2276 633 2282 ’
654 2276 663 2293 ‹
682 2267 860 2302 Παράκλητον

70 2315 169 2350 ἔχομεν
194 2314 264 2350 πρὸς
286 2315 332 2341 τὸν
357 2314 466 2350 Πατέρα
488 2313 592 2349 Ἰησοῦν
605 2313 723 2349 Χριστὸν
744 2313 858 2346 δίκαιον,

70 2362 117 2388 καὶ
131 2360 213 2393 αὐτὸς
228 2361 341 2396 ἱλασμός
353 2360 410 2388 ἐστι
421 2360 484 2396 περὶ
496 2361 550 2387 τῶν
562 2360 703 2396 ἁμαρτιῶν
721 2360 811 2395 ἡμῶν,
828 2361 859 2387 οὺ

70 2408 134 2444 περὶ
159 2407 213 2434 τῶν
232 2408 374 2443 ἡμετέρων
392 2407 420 2433 δὲ
439 2408 528 2442 μόνον,
546 2406 614 2433 ἀλλὰ
635 2406 684 2434 καὶ
708 2407 778 2442 ὑπὲρ
797 2407 858 2434 ὅλου

68 2454 115 2480 τοῦ
133 2454 248 2489 κόσμου.
269 2463 278 2479 ι
296 2454 351 2480 Καὶ
367 2454 477 2489 προσέτι
492 2453 572 2480 πάλιν
592 2453 672 2480 αὐτὸν
685 2452 782 2488 ἔχομεν
797 2461 858 2480 σκε-

70 2501 187 2536 παστὴν,
201 2500 239 2531 ὼς
253 2501 282 2526 ἐν
303 2501 334 2535 τῇ
348 2500 446 2535 νεφέλῃ
460 2500 493 2534 τῇ
512 2498 733 2535 κατασκιαζούσῃ
748 2497 858 2534 νοούμε-

69 2555 123 2574 νον.
147 2544 284 2572 ’Λκουέτω
308 2545 362 2580 γὰρ
385 2546 399 2571 ὸ
419 2545 509 2571 πίστει
530 2545 562 2579 τῇ
579 2544 619 2575 εἰς
633 2543 714 2570 αὐτὸν
737 2543 858 2571 δικαιού-

71 2599 166 2627 μενος·
195 2602 204 2617 ι
235 2590 356 2626 Ἡμέραις
381 2591 457 2625 ἥλιος
478 2590 508 2616 οὺ
533 2590 682 2625 συγκαύσει
707 2598 748 2620 σε,
764 2589 857 2624 οὺδὲὴ

71 2638 168 2674 σελήνη
188 2638 238 2673 τὴν
256 2636 353 2664 νύκτα.
373 2646 383 2663 ι
407 2637 542 2664 Φάσκουσι
560 2637 599 2667 δὲ,
614 2635 659 2663 καί
685 2644 757 2667 τινες
780 2636 809 2661 ὲν
823 2636 857 2670 τῇ

69 2687 122 2714 τῶν
135 2687 241 2723 μισθῶν
255 2686 380 2721 διανομῇ,
392 2685 463 2712 κατὰ
473 2684 522 2720 τὴν
540 2684 720 2719 εὐαγγελικὴν
735 2683 857 2719 παραϐο-

102 2766 112 2780 ¹
127 2765 176 2793 lsa.
195 2773 250 2796 un,
269 2765 294 2791 5.
348 2763 358 2778 ³
374 2763 451 2790 Joan.
477 2771 529 2792 xiv.
547 2762 573 2789 2.
612 2762 621 2777 ‘
642 2762 650 2789 Ι
667 2762 744 2790 Joan.
764 2769 793 2791 ιι,
814 2761 838 2788 l.

877 2762 887 2777 ³
910 2761 989 2788 Num.
1007 2768 1034 2790 x,
1057 2759 1100 2786 55.

910 1584 938 1608 et
955 1580 1088 1607 adversus
1109 1579 1157 1607 Dei
1180 1579 1295 1615 gloriam
1319 1579 1487 1615 pugnabant.
1510 1580 1702 1616 Triumphavit

909 1626 983 1654 enirn
998 1627 1025 1654 in
1041 1634 1122 1654 cruce
1141 1626 1311 1661 principatus
1325 1630 1353 1654 et
1370 1630 1518 1661 potestates
1530 1626 1561 1658 ⁷”,
1575 1634 1607 1654 ac
1626 1634 1700 1653 mor-

911 1675 974 1698 tuus
995 1667 1129 1698 destruxit
1145 1671 1297 1706 principem
1320 1670 1412 1697 saeculi
1430 1670 1522 1705 hujus,
1540 1670 1610 1697 sicut
1630 1671 1699 1698 scrio

909 1721 987 1752 ptum
999 1721 1042 1745 est
1056 1726 1062 1744 :
1077 1724 1118 1749 ac,
1132 1717 1221 1751 posita
1235 1716 1436 1751 quodammodo
1453 1720 1481 1743 et
1496 1715 1530 1743 ad
1543 1715 1624 1744 ﬁnem
1638 1724 1700 1752 per-

910 1764 991 1792 ducta
1023 1767 1079 1791 tota
1105 1763 1311 1798 dispensatione
1334 1770 1384 1797 per
1407 1762 1637 1789 resurrectionem
1667 1769 1700 1789 ex

910 1808 1036 1840 mortuis,
1050 1812 1078 1836 et
1096 1815 1239 1835 ascensum
1253 1808 1280 1834 in
1295 1808 1394 1835 ctelum
1407 1807 1440 1834 ad
1455 1807 1573 1839 Patrem,
1588 1808 1700 1834 univer-

910 1862 968 1881 sam
982 1859 1081 1881 terram
1094 1853 1242 1885 convertit,
1254 1856 1282 1880 et
1295 1852 1369 1879 mille
1382 1851 1519 1887 myriadas
1533 1859 1597 1879 suos
1608 1852 1701 1879 eﬁ‘ecit

910 1899 1087 1927 adoratores:
1105 1899 1185 1926 «Cum
1193 1899 1292 1931 enim,»
1310 1898 1444 1930 διαδουμ
1458 1898 1592 1925 exaltatus
1601 1897 1701 1925 fueroa

911 1949 994 1978 terra,
1007 1953 1102 1973 omnes
1117 1945 1221 1972 traham
1235 1944 1269 1971 ad
1288 1952 1331 1972 me
1345 1944 1435 1979 ipsum
1447 1943 1467 1970 ⁸.
1486 1953 1494 1969 ι
1521 1943 1600 1978 159
1616 1943 1701 1978 Igitur

912 1991 956 2018 illa
971 1990 1055 2026 Moysi
1068 1990 1157 2018 oratio
1177 1997 1233 2016 non
1251 1989 1369 2017 absurde
1388 1989 1473 2024 ﬁgura
1491 1988 1701 2016 interventionis

909 2037 1012 2066 Christi
1033 2037 1127 2070 fuerit,
1148 2045 1209 2064 cum
1233 2044 1267 2064 ex
1288 2036 1409 2063 humano
1434 2035 1528 2062 habitu
1552 2034 1631 2062 nobis
1656 2043 1701 2062 res

910 2084 1131 2120 prmelarissimas
1149 2091 1165 2110 a
1185 2083 1241 2110 Deo
1261 2087 1289 2110 et
1306 2082 1386 2110 Patre
1399 2085 1457 2109 orat
1471 2089 1503 2109 ac
1517 2081 1646 2116 postulat.
1666 2081 1701 2110 [Tt

910 2134 984 2162 enim
1001 2133 1099 2160 beatus
1117 2132 1236 2159 Joannes
1256 2130 1295 2158 ait
1311 2139 1318 2157 :
1343 2140 1353 2156 ‹
1372 2129 1543 2157 Advocatum
1567 2129 1701 2157 habemus

911 2180 983 2216 apud
996 2179 1115 2210 Patrem,
1129 2177 1221 2205 Jesum
1235 2176 1376 2204 Christum
1397 2176 1501 2211 justum
1514 2184 1521 2208 ;
1542 2179 1570 2203 et
1589 2176 1645 2210 ipse
1658 2180 1702 2202 est

912 2224 1070 2260 propitiatio
1097 2231 1147 2258 pro
1173 2222 1292 2257 peccatis
1311 2221 1427 2254 nostris;
1445 2228 1501 2248 non
1524 2228 1574 2256 pro
1599 2220 1701 2252 nostris

911 2274 1003 2298 autem
1028 2273 1145 2302 tantum,
1169 2268 1217 2296 sed
1243 2268 1326 2295 etiam
1350 2275 1400 2302 pro
1421 2267 1504 2294 totius
1526 2266 1645 2294 mundi”
1659 2286 1666 2293 .
1687 2275 1696 2292 ι

910 2317 1044 2345 Praeterea
1068 2316 1158 2350 ipsum
1186 2315 1319 2342 habemus
1343 2318 1537 2349 protectorem,
1553 2316 1584 2340 ut
1605 2312 1651 2347 qui
1671 2311 1701 2347 in

910 2363 984 2390 nube
1004 2361 1184 2389 adumbrantc
1205 2360 1372 2395 intelligatur
1386 2368 1392 2386 :
1409 2359 1504 2386 audiat
1518 2358 1591 2386 enim
1614 2358 1637 2385 is
1652 2358 1700 2393 qui

911 2407 964 2434 ﬁde
984 2414 1065 2442 quam
1086 2405 1113 2432 in
1133 2404 1208 2432 illam
1228 2403 1311 2431 habet
1324 2403 1512 2438 justiﬁeatur:
1537 2412 1545 2427 ι
1560 2403 1611 2430 Per
1628 2402 1701 2430 diem

911 2454 951 2480 sol
970 2460 1024 2479 non
1049 2456 1111 2479 urct
1130 2455 1166 2483 te,
1188 2448 1281 2484 neque
1297 2449 1361 2476 luna
1385 2456 1434 2483 per
1452 2453 1561 2476 noctem
1575 2449 1595 2475 ⁸.
1616 2458 1625 2474 ι
1653 2448 1701 2475 Di~

912 2503 978 2527 cunt
1000 2498 1083 2525 etiam
1100 2497 1211 2532 quidam
1234 2495 1262 2522 in
1281 2495 1326 2521 illa
1344 2493 1494 2521 secundum
1516 2493 1700 2528 evangelicum

912 2545 1070 2580 parobolam
1088 2543 1284 2571 distributione
1305 2539 1452 2571 mercedis,
1477 2548 1486 2564 ι
1502 2538 1558 2565 Nos
1577 2538 1700 2572 portavi-

913 2599 974 2619 mus
991 2590 1099 2626 pondus
1118 2588 1173 2616 diei
1186 2592 1214 2615 et
1228 2591 1325 2614 aestum
1341 2585 1382 2612 “’z
1399 2594 1408 2610 ι
1427 2584 1630 2614 vehementem,
1646 2582 1699 2608 nisi

911 2636 1001 2668 fallor,
1014 2640 1042 2664 et
1056 2642 1145 2662 acrem
1159 2633 1334 2661 eﬁ’eratarum
1347 2630 1527 2665 voluptatum,
1540 2632 1588 2655 aut
1603 2627 1700 2655 fortas-

913 2683 950 2710 sis
966 2683 1048 2710 etiam
1068 2680 1251 2709 tentationum
1269 2678 1324 2705 vim
1342 2677 1376 2705 ad
1392 2675 1538 2708 urendum,
1552 2679 1647 2702 azstum
1669 2681 1700 2700 ac

1141 2759 1151 2773 ⁶
1168 2757 1234 2784 ibid.
1251 2757 1294 2785 55.
1335 2757 1344 2772 ⁷
1360 2755 1430 2784 Psal.
1449 2763 1486 2785 ιι,
1502 2754 1528 2782 G.
1568 2753 1696 2780 "Coloss.

74 2809 105 2832 x2,
120 2801 159 2828 lii.
189 2800 199 2816 ⁸
215 2793 295 2828 Joan.
314 2807 360 2830 xu,
373 2798 415 2824 52.
455 2800 474 2814 ⁸·
490 2799 497 2824 1
513 2798 590 2826 Joan.
605 2805 633 2828 ιι,
651 2798 673 2824 l.
712 2799 721 2812 ⁹
741 2797 812 2825 Psal.
833 2804 892 2827 cxv,
907 2796 934 2823 6.
974 2795 994 2810 ‘°
1011 2794 1104 2821 Matth.
1121 2801 1165 2823 xv,
1180 2793 1222 2819 1:2.

101 2871 138 2907 (l)
152 2870 221 2899 Cod.
238 2869 312 2900 νει,
330 2867 401 2900 θεῖος
417 2868 469 2904 γὰρ
485 2866 517 2903 ἦν
537 2869 550 2895 ὁ
565 2867 649 2902 Λόγος
670 2868 697 2894 ὲν
714 2866 852 2902 ὰνρυαρτίᾳ
873 2865 920 2892 καὶ
937 2864 994 2900 ίδίῳ
1008 2863 1076 2899 ναῷ.
