1934 3042
78 96 176 127 ηὸθθ

632 92 660 119 5.
682 91 818 119 CYRli.Ll
838 91 1073 120 ALEXANDRINI
1092 92 1249 120 ARClllEP.

1697 92 1748 119 ‘00

123 156 166 184 An
192 163 258 184 vero
289 154 382 190 negari
411 156 501 188 potest
532 152 598 187 quin
621 151 779 187 praedicatio
803 151 910 180 facilem

970 152 1085 188 ἲεύομεν.
1101 153 1136 179 Ἤ
1154 153 1214 188 οὐχὶ
1237 152 1314 186 λόγος
1335 153 1374 185 είς
1399 151 1532 188 ὀρθότητα
1548 151 1597 188 τῆν
1618 151 1748 188 δογματι-

123 202 373 238 obsequentemque
386 200 534 232 hominem,
547 203 575 226 et
591 199 665 227 illius
682 199 710 226 in
723 199 833 227 Christo
848 199 911 228 vita:

123 255 219 276 verum
233 253 390 279 amatorem,
403 246 436 273 ad
449 250 551 273 rectam
564 244 722 281 dogmatum
746 246 911 274 sententiam

123 302 156 323 ac
169 302 274 322 morum
287 292 484 321 correctionem
500 292 650 327 perducat?

158 339 257 368 PALL.
278 339 317 366 ita
333 338 430 365 fateor.

160 384 238 412 CYR.
259 383 344 418 Igitur
369 382 430 410 duae
450 385 515 410 sunt
540 382 621 415 tubae,
641 390 702 418 quae
725 383 855 418 populum
876 383 911 410 ad

124 428 332 456 tabernaculum
351 431 462 463 cogunt.
477 427 530 455 Sed
549 428 572 455 si
595 436 648 455 una
666 428 731 455 tuba
750 429 910 462 cecinerim,

127 473 227 508 inquit,
240 471 354 500 venient
368 472 446 508 167
464 472 498 500 ad
520 477 547 500 te
568 480 663 500 omnes
676 473 814 508 principes
829 472 912 502 duces

124 518 243 546 iiliorum
255 518 350 546 lSrael.
364 518 451 553 Egent
464 518 548 550 enim,
562 522 592 545 ut
605 518 712 554 opinor,
726 518 912 546 admonitione

127 569 210 599 atque
243 563 435 592 exhortatione
465 564 504 591 illi
533 571 642 599 quoque
674 564 721 599 qui
750 564 912 600 perfectiore

125 614 189 637 sunt
201 609 296 637 habitu
310 618 317 636 :
331 609 379 637 sed
398 617 454 637 non
473 613 557 642 tanta,
580 613 710 644 quantam
727 610 842 645 requirit
859 617 912 638 cae-

126 650 186 682 te'ra
197 654 361 683 multitudo:
375 654 411 682 ob
422 662 537 690 eamque
549 662 606 682 rem
618 655 686 682 alios
696 655 807 690 quidem
818 663 914 684 omnes

128 700 189 728 duae
200 700 245 727 vix
256 704 408 728 commeant
420 700 503 733 tubae,
517 701 564 728 sed
586 700 701 728 eximios
715 708 783 734 una;
798 700 913 736 sapienti

126 753 244 782 namque
256 753 342 781 pauca
355 749 420 773 sunt
433 745 499 773 satis
512 754 519 772 :
532 750 560 773 et
571 745 742 773 occasionem
759 745 781 773 si
800 753 914 781 accepe-

127 792 173 824 rit,
187 790 297 827 adjiciet
308 791 453 826 reliquum,
466 792 542 827 juxta
555 791 640 819 illud:
659 801 669 817 ‹
686 792 722 819 Da
735 791 849 828 sapienti
866 800 913 820 oc-

127 823 277 870 casionem,
293 840 321 864 et
343 823 492 872 sapientior
514 837 591 870 erit;‘
606 842 702 864 notum
726 823 773 865 fac
789 837 872 873 justo,
885 841 914 865 et
930 823 951 851 Β

125 883 237 919 adiiciet
257 883 381 919 accipere
393 883 425 910 ".
442 893 452 909 ι
468 883 571 910 Deinde
584 883 665 919 jussit
691 887 722 911 ut
739 887 856 918 quatuor
869 883 916 911 da-

127 934 224 958 rentur
247 927 388 965 signorum
410 928 583 961 diil'erentiae,
597 929 696 964 quibus
717 933 806 956 castra
821 937 915 957 move-

128 979 235 1008 rentur.
247 980 279 1003 ac
290 973 531 1011 proﬁciscerentur
553 974 600 1010 qui
623 974 657 1002 ad
679 975 814 1002 orientem
829 979 857 1002 et
871 983 917 1002 oc-

129 1022 282 1054 cidentem,
304 1021 460 1056 aquilonem
481 1025 509 1048 et
531 1024 656 1048 austrum
679 1025 787 1048 essent-
801 1029 851 1056 per
864 1021 917 1049 hoc

130 1068 214 1103 igitur
229 1067 348 1095 arbitror
367 1070 485 1102 quatuor
501 1065 710 1101 Evangeliorum
730 1065 816 1094 libros
831 1066 916 1102 signi-

128 1112 217 1145 ﬁcari,
230 1120 279 1148 per
290 1118 360 1148 quos
371 1112 528 1147 dogmatum
546 1111 629 1139 simul
650 1118 682 1139 ac
704 1119 812 1139 morum
829 1112 918 1140 scicn-

131 1159 168 1186 tia
187 1159 334 1186 universus
351 1157 428 1185 orbis
440 1157 582 1185 imbuitur.
595 1156 634 1185 Ac
647 1157 669 1185 si
685 1157 760 1184 aliud
776 1157 917 1192 quidpiam

129 1203 339 1240 excogitandum
353 1203 554 1238 dicendumque
566 1202 612 1236 sit,
627 1203 696 1231 nihil
711 1203 916 1236 cunctabimus;

128 1255 159 1278 et
171 1249 277 1277 inertiae
293 1257 325 1277 ac
344 1248 433 1276 labori
446 1249 573 1276 utilitatis
586 1248 834 1277 considerationem
847 1257 918 1284 prae-

129 1294 261 1322 feremus.
273 1293 379 1321 Nostrae
391 1293 474 1329 igitur
484 1292 688 1329 praedicationis
697 1297 814 1329 quatuor
823 1293 920 1323 discri-

129 1339 206 1367 mina
227 1339 408 1374 reperiemus,
429 1345 481 1374 per
501 1345 563 1374 quae
584 1339 730 1367 universus
751 1339 826 1367 orbis
849 1340 920 1376 opti-

134 1391 262 1417 mnmpac
273 1384 605 1419 revera’proba'tissimam
621 1384 683 1412 vitae
700 1385 831 1413 rationem
845 1389 920 1413 tene-

134 1430 187 1463 bit;
199 1436 284 1456 unum
296 1436 329 1456 ac
340 1428 468 1464 primum,
484 1436 538 1464 quo
551 1429 584 1456 ad
597 1429 721 1457 veritatis
735 1431 919 1466 cognitionem

963 198 1014 234 κὴν
1026 198 1072 225 καὶ
1083 199 1122 230 είς
1137 198 1210 233 ἠθῶν
1223 197 1410 234 ἐπανόρθωσιν
1423 197 1556 234 ἀποφέρει
1572 197 1618 225 τὸν
1641 197 1749 233 ἐπιεικῆ

962 244 1009 271 καὶ
1023 243 1095 279 ζωῆς
1109 244 1158 279 τῆς
1175 244 1203 270 ἐν
1222 243 1333 279 Χριστῷ
1349 244 1459 279 γνήσιον
1474 243 1608 280 ὲραστήνς

996 333 1102 360 ΠΑΛΛ.
1118 331 1196 359 Οὕτω
1209 332 1290 367 φημι.

997 376 1079 405 ΚΥΡ.
1095 377 1199 405 Οὐκοῦν
1212 377 1259 404 δύο
1277 377 1326 413 μὲν
1340 377 1369 404 αι
1389 376 1548 410 σάλπιγγες,
1566 377 1594 403 αἱ
1608 375 1751 410 συλλέγου-

963 431 1008 451 σαι
1028 423 1072 451 τον
1091 423 1154 451 λαδν
1175 424 1220 450 ἐπὶ
1235 424 1284 459 τὴν
1307 424 1420 459 σκηνήν.
1445 423 1508 450 Ἐὰν
1532 423 1559 449 δὲ
1583 423 1632 458 μιᾷ
1656 422 1751 449 σαλπί-

964 477 1047 502 σωσι,
1073 469 1158 505 φησὶ,
1185 469 1413 505 προσελεύσονται
1443 468 1512 504 πρὸς
1540 469 1570 496 σὲ
1599 469 1701 500 πάντες
1725 468 1751 495 οι

963 513 1092 549 ἄρχοντες
1109 513 1226 549 ἀρχηγοὶ
1250 513 1315 540 υἱῶν
1336 513 1457 549 Ἰσραήλ.
1472 514 1532 539 Δεῖν
1549 513 1597 548 μὲν
1612 513 1667 549 γὰρ
1686 513 1751 539 ὐπο-

962 559 1094 594 λαμϐάνω
1113 559 1311 595 παρακλήσεώς
1330 568 1359 586 τε
1384 560 1430 587 καὶ
1447 560 1620 596 προτροπῆς,
1637 560 1752 591 καὶτοῖς

963 607 1012 642 τὴν
1025 606 1081 640 ἕξιν
1093 607 1268 642 τελειοτέρσις
1279 626 1286 638 ,
1309 606 1378 641 πλὴν
1391 606 1421 632 οὺ
1432 606 1565 641 τοσαύτης
1580 606 1702 641 ὅσησπερ
1716 605 1752 631 ἂν

963 653 1049 680 δέοιτο
1059 654 1106 680 καὶ
1122 653 1139 688 ὴ
1153 653 1207 679 τῶν
1224 652 1326 687 ἒτέρων
1341 651 1458 687 πληθύς·
1471 651 1515 678 διὰ
1531 652 1607 678 τοῦτο
1624 653 1686 683 τοὺς
1703 651 1753 687 μὶν

964 699 1060 731 ἄλλους
1084 699 1207 730 ἅπαντας
1229 697 1275 725 δύο
1300 697 1377 733 μόλις
1398 697 1564 725 ἀνακαλοῦσι
1591 697 1752 731 σάλπιγγες.

967 746 1015 782 μία
1036 745 1064 772 δὲ
1086 745 1150 777 τοὺς
1171 744 1390 780 ἐξειλεγμένους·
1412 743 1492 780 ἀρκεῖ
1519 744 1574 779 γὰρ
1602 744 1693 778 ὀλίγον
1713 743 1754 779 τῷ

967 791 1051 826 σοφῷ,
1068 791 1115 818 καὶ
1133 790 1259 826 ἀφορμὴν
1273 791 1297 817 εί
1316 790 1404 823 λάδοι,
1425 790 1575 825 προσθήσει
1598 790 1628 817 τὺ
1646 789 1752 823 λεῖπον,

966 837 1038 865 κατὰ
1056 837 1086 866 τὸ
1100 846 1106 853 ·
1133 846 1143 864 ι
1164 837 1240 864 Δίδυυ
1265 837 1340 873 σοφῷ
1361 836 1505 873 ἀφορμὴν,
1531 837 1578 864 καὶ
1600 836 1754 873 σοφώτερος

966 884 1051 912 ἔσται·
1063 883 1179 920 γνώριζε
1190 883 1296 919 δικαίῳ,
1312 883 1359 910 καὶ
1368 883 1518 919 προσθήσει
1530 882 1577 910 τοῦ
1588 882 1722 918 δέχεσθαι.
1740 891 1750 908 ι

966 929 1031 958 Εἶτα
1050 929 1217 967 προστέταχε
1233 929 1368 964 τέσσαρας
1386 928 1520 956 ποιεῖσθαι
1536 928 1678 964 σημασιῶν
1696 928 1754 955 δια-

966 975 1052 1013 φορὰς
1063 995 1070 1008 ,
1085 975 1155 1002 ὥστε
1170 975 1203 1002 δι’
1219 974 1308 1001 αὐτῶν
1320 973 1516 1007 ἀναζευγνύναι
1527 982 1557 1000 τε
1567 973 1614 1000 καὶ
1625 973 1755 1008 ἀπαίρειν

965 1022 1028 1053 τούς
1044 1030 1073 1048 τε
1096 1021 1164 1057 προς
1177 1020 1219 1056 ἠῶ
1236 1020 1282 1047 καὶ
1306 1019 1377 1051 λίϐα,
1400 1018 1486 1055 βορρᾶ
1503 1019 1549 1046 καὶ
1570 1018 1662 1045 νότον·
1677 1016 1755 1054 οἶμαι

966 1064 1012 1094 οὖν
1029 1066 1078 1099 τὰς
1091 1066 1229 1102 τέσσαρας
1246 1066 1313 1101 ἡμῖν
1333 1064 1387 1092 τῶν
1404 1064 1577 1099 Εὐαγγελίων
1594 1064 1755 1099 συγγραφὰς

966 1111 1010 1139 διὰ
1025 1111 1119 1139 τούτου
1137 1110 1328 1146 σημαίνεσθαι,
1344 1110 1376 1137 δι’
1392 1106 1428 1137 ὧν
1444 1111 1459 1137 ὁ
1483 1109 1594 1146 σύμπας
1616 1111 1755 1145 παιδαγω-

967 1159 1055 1192 γεῖται
1070 1157 1172 1193 κόσμος
1188 1156 1255 1192 πρὸς
1273 1155 1442 1192 δογματικήν
1462 1164 1491 1182 τε
1506 1155 1564 1191 ἅμα
1588 1155 1635 1182 καὶ
1657 1155 1756 1191 ἠθικὴν

968 1203 1134 1237 ἐπιστήμην.
1159 1202 1189 1228 Εἰ
1204 1201 1232 1228 δὲ
1253 1201 1283 1236 δή
1297 1210 1323 1228 τι
1340 1201 1392 1237 χρὴ
1410 1201 1455 1228 καὶ
1470 1201 1563 1237 ἕτερον
1581 1200 1756 1233 ἐπινοοῦντας

967 1249 1067 1283 λέγειν,
1090 1248 1294 1283 κατοκνήσομεν
1310 1247 1452 1282 οὐδαμῶς,
1475 1246 1559 1274 ὕπνου
1579 1247 1626 1274 καὶ
1647 1247 1757 1283 ἱδρῶτος

969 1294 1110 1331 κρείττονα
1124 1294 1173 1330 τὴν
1195 1293 1241 1320 τοῦ
1265 1292 1399 1329 χρησίμου
1417 1292 1575 1329 ποιούμενοι
1593 1293 1689 1330 θήραν.
1703 1293 1757 1320 Δό-

969 1348 1017 1375 γου
1038 1339 1181 1374 τοιγαροῦν
1197 1337 1244 1365 τοῦ
1268 1339 1333 1373 παρ’
1359 1339 1426 1373 ἡμῖν
1451 1338 1586 1374 τέσσαρας
1605 1339 1758 1374 εὑρήσομεν

969 1385 1018 1417 τὰς
1034 1383 1181 1420 διαφορὰς,
1196 1384 1229 1410 δι’
1242 1380 1279 1411 ὧν
1297 1384 1312 1419 ἠ
1330 1384 1464 1419 σύμπασα
1479 1384 1515 1419 γῆ
1539 1384 1585 1410 τδν
1603 1383 1712 1420 ἄριστόν
1728 1391 1758 1410 τι

970 1431 1016 1458 καὶ
1029 1430 1170 1465 εὐδόκιμον
1187 1429 1295 1462 ἀληθῶς
1309 1428 1477 1464 κατορθώσει
1492 1429 1562 1464 βίον·
1583 1428 1631 1464 μία
1649 1429 1697 1464 μὲν
1711 1427 1759 1456 οὖν

132 1482 166 1502 ac
184 1474 297 1502 luminis
325 1474 410 1501 divini
435 1475 638 1510 susceptionem
657 1483 755 1503 vocare
774 1477 918 1505 consuevi-

972 1477 1029 1503 ἐστι
1043 1477 1090 1503 καὶ
1103 1475 1210 1512 πρώτη,
1225 1475 1258 1502 δι’
1271 1472 1305 1511 ἧς
1323 1474 1390 1511 πρδς
1403 1475 1550 1509 ἐπίγνωσιν
1565 1475 1692 1510 ἀληθείας
1710 1476 1760 1502 καὶ

132 1528 196 1549 mus
216 1527 275 1548 eos
301 1520 349 1556 qui
366 1524 498 1548 creatura:
519 1521 611 1556 potius
624 1529 706 1556 quam
722 1521 845 1550 Creatori
863 1531 922 1551 scr-

131 1567 230 1600 viunt,
249 1574 282 1594 ac
302 1567 386 1594 stulte
406 1567 479 1602 ligno
500 1566 597 1594 dicunt
614 1575 621 1594 :
638 1567 719 1595 Pater
733 1575 811 1596 meus
829 1576 858 1596 es
875 1573 902 1597 tu
914 1590 921 1603 ,

135 1617 162 1640 et
183 1611 268 1649 lapidi
288 1611 355 1639 :Tu
364 1619 407 1639 me
430 1611 548 1648 genuisti
566 1612 600 1645 ³⁸,
623 1616 654 1640 ut
673 1613 812 1649 propheta:
831 1615 923 1643 verbis

136 1663 207 1686 utar.
224 1658 263 1686 iis
279 1663 375 1686 autem
395 1658 443 1694 qui
461 1659 518 1694 jam
540 1659 726 1692 crediderunt,
745 1661 798 1688 tria
817 1661 922 1697 reliqua

132 1704 338 1740 pradicationis
366 1712 465 1740 genera
491 1709 553 1740 apte
578 1705 757 1739 convenient;
786 1704 922 1742 siquidem

133 1750 217 1778 etiam
237 1750 290 1778 tria
307 1757 367 1778 esse
386 1750 450 1778 vitae
465 1758 497 1778 ac
518 1751 736 1780 conversationis
749 1760 848 1788 genera
862 1753 922 1781 Sal-

131 1799 214 1823 ‘rator
236 1795 345 1828 docuit;
366 1795 436 1823 dixit
458 1795 543 1829 enim,
563 1796 637 1832 jacta
656 1796 702 1825 illa
719 1797 746 1825 in
759 1802 860 1826 terram
874 1799 923 1826 bo-

137 1849 200 1869 nam
218 1841 435 1869 semina'fecisse
456 1841 587 1874 fructm,
602 1850 688 1869 unum
707 1843 817 1878 quidem
831 1848 923 1872 cente-

133 1887 248 1919 simum,
267 1887 384 1914 alterum
402 1894 469 1920 vero
489 1887 698 1923 sexagesimum,
716 1889 826 1916 tertium
847 1889 923 1917 deni-

135 1940 190 1967 que
211 1931 379 1960 tricesimum
394 1932 427 1960 ".
448 1932 552 1960 Horum
570 1933 653 1969 igitur
672 1934 820 1970 unicuique
837 1943 923 1971 genus

132 1977 203 2005 item
221 1981 266 2004 est
287 1977 423 2012 quoddam
445 1978 579 2006 sermonis
600 1979 717 2006 maxime
736 1981 920 2019 conveniens:

134 2031 227 2059 neque
249 2024 323 2051 enim
349 2027 423 2052 recte
446 2023 602 2057 fecerimus,
623 2024 646 2052 si
669 2025 798 2060 legitimis
818 2026 921 2061 nuptiis

134 2069 310 2104 ronjunctos,
323 2068 358 2096 ob
370 2076 486 2104 eamque
506 2076 564 2096 rem
575 2069 633 2097 Deo
649 2077 681 2097 ac
693 2070 796 2098 mundo
807 2070 920 2105 divisos,

138 2119 166 2142 et
195 2122 244 2142 eos
266 2114 331 2142 item
359 2115 406 2150 qui
429 2114 680 2150 pmstantissimam
707 2123 740 2143 ac
766 2115 921 2152 religiosam

135 2161 234 2193 «item,
245 2165 296 2188 aut
314 2165 406 2196 aptam
430 2160 591 2187 sacerdotali
610 2161 716 2188 muneri
733 2167 923 2197 susceperunt,
940 2155 961 2183 Ῑ)

135 2206 424 2234 iisdemsermonibus
439 2205 515 2232 nullo
531 2205 689 2233 discrimine
698 2206 833 2242 juvandos
844 2212 924 2242 puta-

108 2253 115 2256 ”
140 2252 271 2283 verimus,
287 2251 335 2278 sed
355 2250 408 2277 illis
425 2250 537 2285 quidem
557 2250 700 2278 dicemus:
717 2260 727 2276 ι
742 2250 874 2287 Alligatus
896 2260 925 2280 es

141 2297 239 2324 uxori!
260 2296 315 2324 noli
337 2303 459 2331 quaerere
488 2296 666 2329 solutionem;
699 2297 805 2324 solutus
832 2306 862 2325 es
891 2299 925 2326 ab

140 2343 242 2370 uxore!
253 2342 308 2369 noli
318 2349 443 2376 quaerere
456 2349 568 2369 uxorem
580 2342 620 2376 ³⁸;
633 2352 642 2368 ι
653 2346 680 2370 et
693 2351 863 2379 quaecunque
873 2345 926 2372 alia

139 2387 316 2415 matrimonio
335 2387 438 2422 junctis
461 2390 488 2414 et
509 2389 611 2416 sentire
629 2391 758 2417 convenit
774 2393 801 2417 et
823 2389 923 2417 facere.

143 2433 286 2469 Religiosis
299 2436 402 2464 autem,
418 2437 445 2460 et
457 2434 504 2468 qui
520 2434 665 2463 severioris
676 2435 737 2462 vita:
750 2435 925 2471 asperitatem

143 2480 259 2507 tolerare
280 2478 463 2510 decreverint,
479 2488 488 2504 α
504 2479 662 2507 Mortiﬁcate
684 2481 806 2508 membra
823 2486 924 2514 vestra,

142 2531 203 2558 qua:
223 2527 388 2564 suntjsuper
406 2527 508 2551 terram
522 2544 529 2557 ,
560 2525 784 2558 fornicationem,
807 2526 926 2554 immun-

142 2569 248 2601 ditiam,
275 2564 428 2602 libidinem,
460 2571 709 2606 concupiscentiam
740 2572 882 2600 malam".
911 2582 919 2598 ι

144 2614 224 2649 138
234 2614 267 2641 Et
277 2614 372 2646 illud,«
383 2614 441 2642 Non
456 2620 520 2643 sunt
530 2617 672 2652 condignae
684 2618 826 2652 passiones
842 2618 924 2654 hujus

143 2659 274 2694 temporis
289 2655 322 2688 ad
347 2659 467 2694 futuram
487 2661 610 2696 gloriam,
624 2670 685 2697 quae
707 2663 875 2691 revelabitur
895 2664 923 2691 in

142 2705 223 2733 nobis
237 2706 269 2733 ⁸ο.
288 2715 297 2732 ι
315 2705 350 2734 iis
373 2706 492 2742 denique
510 2708 556 2742 qui
577 2707 611 2735 ad
627 2708 810 2736 sacerdotium
833 2711 923 2738 vocati

186 2769 349 2807 "fromn,
361 2771 388 2800 9.
426 2771 449 2787 "
460 2771 539 2807 Rom.
552 2780 571 2806 ι,
585 2773 614 2807 7;
627 2773 682 2802 Jcr.
696 2782 725 2807 ιι,
738 2774 783 2802 27.

146 2810 191 2836 vu,
205 2804 230 2831 8.
262 2806 283 2821 ⁸⁰
296 2806 373 2833 Rom.
390 2814 448 2839 vm,
463 2805 506 2833 i8.

839 2775 861 2792 ⁸⁷
874 2775 968 2804 Matth.
982 2783 1039 2810 xui,
1052 2775 1096 2803 25.
1136 2775 1158 2792 ³⁸
1170 2775 1181 2802 ι
1193 2775 1256 2804 Cor.
1269 2783 1318 2808 vn,
1329 2775 1374 2802 ‘27.

974 1524 1014 1555 είς
1030 1522 1163 1558 ἀνάληψιν
1182 1522 1254 1549 θείου
1275 1522 1363 1556 φωτὸς
1377 1521 1470 1548 καλεῖν
1489 1521 1630 1557 εἰθίσμεθα
1647 1522 1710 1553 τοὺς
1726 1522 1759 1557 τῇ

974 1569 1061 1597 κτίσει
1078 1568 1152 1604 παρὰ
1164 1568 1209 1595 τὸν
1225 1567 1345 1603 κτίστην
1360 1567 1585 1603 λελατρευκότας,
1605 1568 1652 1595 καὶ
1666 1567 1761 1601 λέγον-

973 1625 1022 1648 τας
1044 1614 1157 1651 ἀμαθῶς
1186 1613 1225 1649 τῷ
1253 1613 1340 1649 ξύλῳ·
1355 1613 1450 1649 Πατήρ
1471 1621 1522 1649 μου
1548 1611 1573 1640 si
1589 1613 1632 1645 σὺ,
1659 1612 1761 1647 καὶτῷ

972 1661 1059 1696 λίθῳ.
1082 1661 1118 1687 Σὺ
1135 1659 1283 1695 ὲγέννησάς
1313 1668 1364 1694 με,
1389 1658 1459 1686 κατὰ
1475 1659 1524 1694 τὴν
1549 1658 1595 1686 τοῦ
1620 1660 1760 1696 προφήτου

974 1707 1077 1742 φωνήν.
1099 1706 1162 1737 Τοῖς
1185 1714 1216 1740 γε
1239 1706 1291 1741 μὴν
1312 1705 1362 1741 ἤδη
1387 1705 1613 1737 πεπιστευκόσιν,
1636 1706 1664 1731 αί
1686 1707 1762 1741 τρεῖς

971 1752 1065 1788 ἓτεραι
1090 1751 1137 1778 τοῦ
1162 1751 1242 1785 λόγου
1268 1751 1395 1786 διαφοραὶ
1422 1750 1551 1786 πρέποιεν
1570 1750 1604 1778 ἂν
1629 1751 1758 1782 εἰκότως·

973 1798 1033 1825 ἐπεί
1046 1806 1086 1825 τοι
1101 1797 1147 1824 καὶ
1163 1797 1237 1832 τρεῖς
1253 1794 1322 1823 εἶναι
1339 1796 1396 1831 βίου
1413 1796 1460 1823 καὶ
1476 1796 1613 1828 πολιτείας
1628 1796 1761 1832 διαφοράς

973 1843 1111 1871 ἐδίδασκεν
1130 1844 1144 1870 ό
1158 1843 1270 1878 Σωτήρ⁶
1289 1842 1340 1878 ἔφη
1362 1842 1416 1878 γὰρ
1435 1842 1486 1874 ὅτι,
1499 1842 1533 1869 τὰ
1552 1842 1761 1877 ,καταϐληθὲν-ια

972 1890 1027 1917 τῶν
1042 1889 1206 1926 σπερμάτων
1220 1889 1267 1915 ἔτι).
1279 1889 1327 1924 τὴν
1344 1888 1428 1924 καλὴν
1442 1889 1493 1924 γῆν
1517 1888 1629 1924 ἐποίησε
1641 1888 1759 1923 καρπον,

972 1936 986 1962 ὁ
999 1935 1048 1971 μὲν
1065 1934 1171 1968 ἑκατίιν,
1185 1933 1237 1962 όδὲ
1253 1933 1394 1968 ἑξήκοντα,
1408 1934 1423 1960 ό
1439 1933 1468 1960 δὲ
1482 1933 1639 1969 τριάκοντα.
1654 1932 1761 1960 οὐκοῦν

970 1981 1030 2008 ἐστί
1043 1990 1084 2013 τις
1097 1981 1203 2016 ἑκάστῳ
1217 1980 1271 2006 τῶν
1285 1979 1414 2007 τοιούτων
1424 1999 1431 2012 ,
1445 1980 1460 2006 ὁ
1473 1979 1547 2015 αὑτῷ
1558 1980 1677 2015 μάλιστα
1694 1979 1761 2016 πρέ-

974 2036 1033 2055 πων
1047 2027 1125 2061 λόγος
1138 2033 1145 2041 ’
1158 2026 1188 2053 οὺ
1200 2026 1255 2061 γάρ
1270 2035 1312 2053 πω
1326 2025 1441 2061 δρῶντες
1455 2025 1554 2061 ὀρθῶς,
1567 2027 1630 2056 τοὺς
1645 2024 1704 2060 Θεῷ
1715 2026 1762 2052 καὶ

973 2073 1068 2109 κόσμῳ
1079 2072 1297 2108 μεμερισμένους
1305 2090 1312 2104 ,
1327 2070 1372 2098 διὰ
1381 2071 1412 2098 τὸ
1422 2072 1493 2097 κατὰ
1503 2070 1584 2106 νόμον
1595 2064 1761 2105 ὑπεζιῦχθαι

975 2119 1090 2156 γάμοις,
1106 2118 1154 2145 καὶ
1172 2118 1234 2150 τοὺς
1249 2117 1294 2144 τὸν
1312 2117 1477 2153 πανάριστόν
1493 2126 1523 2144 τι
1543 2117 1590 2144 καὶ
1612 2117 1762 2152 ἀσκητικὸν

976 2163 1189 2199 ὲπανελομένους
1200 2162 1277 2197 βίον,
1292 2162 1375 2197 ᾖγουν
1389 2162 1434 2189 τὸν
1450 2162 1586 2199 ἱερωσύνῃ
1603 2162 1760 2198 πρέποντα,

974 2211 1031 2242 τοῖς
1040 2210 1106 2240 ἴσοις
1115 2208 1279 2243 ἀφυλάκτοις
1286 2207 1463 2244 ὼφελήσομσν
1472 2207 1570 2242 λόγοις.
1582 2207 1640 2234 ἀλλ’
1649 2207 1762 2239 ἐκείνοις

977 2256 1026 2292 μὲν
1045 2254 1177 2291 ἐροῦμεν·
1201 2264 1210 2280 ι
1236 2254 1348 2281 Δέδεσαι
1368 2253 1498 2288 γυναικί;
1517 2253 1555 2288 μὴ
1574 2252 1650 2289 ζήτει
1668 2252 1760 2279 λύσιν·

976 2302 1086 2328 λέλυσαι
1102 2300 1156 2328 ἀπὸ
1170 2300 1316 2334 γυναικός;
1331 2299 1371 2335 μὴ
1384 2299 1459 2335 ζήτει
1473 2300 1605 2333 γυναῖκα·
1624 2309 1633 2325 ι
1655 2299 1701 2326 καὶ
1711 2299 1763 2325 ὅσα

975 2348 1031 2379 τοῖς
1047 2346 1233 2382 γεγαμηκόσιν
1249 2344 1362 2381 ἁρμόζει
1379 2345 1487 2382 φρονεῖν
1503 2353 1532 2371 τε
1547 2345 1594 2371 καὶ
1610 2344 1685 2380 δρᾷν.
1699 2345 1763 2376 Τοῖς

976 2401 1008 2427 γε
1031 2393 1084 2428 μὴν
1098 2392 1259 2426 ἀσκητικοῖς
1276 2391 1323 2418 καὶ
1341 2391 1482 2426 καρτερεῖν
1505 2390 1650 2425 ἐγνωκόσι·
1677 2399 1686 2415 ι
1711 2390 1762 2416 Νε-

976 2437 1101 2474 κρώσατε
1118 2437 1154 2464 τὰ
1166 2436 1237 2472 μέλη
1252 2436 1329 2471 ὑμῶν
1351 2435 1385 2463 τὰ
1405 2435 1451 2462 ἐπὶ
1465 2435 1516 2471 τῆς
1537 2435 1606 2469 γῆς,
1624 2435 1762 2471 πορνείαν,

977 2483 1157 2519 ἀκαθαρσίαν,
1168 2482 1264 2515 πάθος,
1274 2481 1419 2517 ἐπιθυμίαν
1430 2482 1528 2516 κακήν.
1540 2490 1549 2507 ι
1563 2481 1617 2508 Καὶ
1627 2480 1667 2514 τὸ,
1683 2490 1691 2505 ι
1706 2482 1765 2507 UL):

976 2529 1039 2562 ἄξια
1051 2529 1084 2556 τὰ
1101 2528 1251 2564 παθήματα
1263 2527 1310 2554 τοῦ
1324 2527 1372 2554 νῦν
1389 2527 1485 2561 καιροῦ
1501 2526 1568 2562 πρὸς
1587 2526 1637 2562 τὴν
1652 2526 1765 2562 μέλλου-

978 2583 1026 2602 σαν
1045 2574 1124 2606 δόξαν
1146 2573 1372 2608 ἀποκαλυφθῆναι
1391 2573 1431 2603 είς
1453 2572 1535 2608 ἡμᾶς.
1556 2581 1564 2598 ι
1584 2572 1646 2603 Τοῖς
1668 2571 1696 2598 δὲ
1716 2580 1763 2598 κε-

976 2620 1122 2656 κλημένοις
1137 2620 1176 2651 είς
1191 2618 1351 2655 ίερωσύνην·
1373 2628 1382 2644 ι
1402 2618 1487 2653 Χείλη
1507 2617 1601 2654 ῑερέως
1618 2617 1765 2652 φυλάξεται

976 2666 1095 2700 γνῶσιν,
1117 2665 1164 2692 καὶ
1186 2665 1266 2700 νόμον
1289 2664 1485 2700 ἐκζητήσωσιν
1509 2664 1542 2690 ὲκ
1562 2663 1693 2698 στόματος
1715 2663 1766 2689 αὑ-

975 2710 1034 2742 τοῦ,
1052 2720 1061 2735 ι
1079 2710 1125 2736 καὶ
1144 2710 1193 2736 ὅσα
1215 2709 1339 2745 Τιμοθέῳ
1354 2709 1497 2745 παρεγγυᾷ
1512 2708 1627 2744 γράφων
1644 2708 1659 2734 ὸ
1675 2707 1766 2743 σοφώ-

1423 2775 1445 2791 ¹⁵
1456 2774 1561 2803 Coloss.
1584 2782 1623 2808 ill,
1636 2775 1666 2809 5;
1682 2775 1764 2803 Rom.
