  <div class='ocr_page' id='page_1' title='image "/cluster/home/n/w/nwhite01/storage/ocr_20150623/68/njp.32101077772711/232.png"; bbox 0 0 1934 3042; ppageno 0'>
   <div class='ocr_carea' id='block_1_1' title="bbox 160 196 961 235">
    <p class='ocr_par' dir='ltr' id='par_1_1' title="bbox 160 201 961 235">
     <span class='ocr_line' id='line_1_1' title="bbox 160 201 961 235; baseline 0.006 -5"><span class='ocrx_word' id='word_1_1' title='bbox 160 201 218 230; x_wconf 73' lang='lat' dir='ltr'><strong>m</strong></span> <span class='ocrx_word' id='word_1_2' title='bbox 519 205 579 233; x_wconf 78' lang='lat' dir='ltr'><strong>.DE</strong></span> <span class='ocrx_word' id='word_1_3' title='bbox 596 206 816 235; x_wconf 62' lang='lat' dir='ltr'><strong>ADORATIOXE</strong></span> <span class='ocrx_word' id='word_1_4' title='bbox 836 208 868 235; x_wconf 71' lang='lat' dir='ltr'><strong>LV</strong></span> <span class='ocrx_word' id='word_1_5' title='bbox 890 207 961 234; x_wconf 63' lang='lat' dir='ltr'><strong>sem</strong></span> 
     </span>
    </p>
   </div>
   <div class='ocr_carea' id='block_1_2' title="bbox 1017 196 1799 235">
    <p class='ocr_par' dir='ltr' id='par_1_2' title="bbox 1017 196 1799 233">
     <span class='ocr_line' id='line_1_2' title="bbox 1017 196 1799 233; baseline -0.012 0"><span class='ocrx_word' id='word_1_6' title='bbox 1017 206 1023 233; x_wconf 75' lang='grc' dir='ltr'><em>ἵ</em></span> <span class='ocrx_word' id='word_1_7' title='bbox 1044 205 1087 233; x_wconf 82' lang='grc' dir='ltr'><strong>ΕΤ</strong></span> <span class='ocrx_word' id='word_1_8' title='bbox 1110 203 1294 232; x_wconf 68' lang='lat' dir='ltr'><strong>murram.</strong></span> <span class='ocrx_word' id='word_1_9' title='bbox 1316 201 1378 229; x_wconf 80' lang='lat' dir='ltr'><strong>LIB.</strong></span> <span class='ocrx_word' id='word_1_10' title='bbox 1399 200 1432 228; x_wconf 75' lang='grc' dir='ltr'>ν.</span> <span class='ocrx_word' id='word_1_11' title='bbox 1738 196 1799 225; x_wconf 51' lang='grc' dir='ltr'><strong>ωε</strong></span> 
     </span>
    </p>
   </div>
   <div class='ocr_carea' id='block_1_3' title="bbox 160 252 961 310">
    <p class='ocr_par' dir='ltr' id='par_1_3' title="bbox 160 258 950 310">
     <span class='ocr_line' id='line_1_3' title="bbox 160 258 950 310; baseline 0.006 -25"><span class='ocrx_word' id='word_1_12' title='bbox 160 267 243 310; x_wconf 60' lang='grc' dir='ltr'>ιτα-τος</span> <span class='ocrx_word' id='word_1_13' title='bbox 265 260 380 292; x_wconf 76' lang='grc' dir='ltr'>Παῦλος.</span> <span class='ocrx_word' id='word_1_14' title='bbox 399 258 471 296; x_wconf 74' lang='grc' dir='ltr'><strong>Ἆρά</strong></span> <span class='ocrx_word' id='word_1_15' title='bbox 486 270 531 296; x_wconf 85' lang='grc' dir='ltr'><strong>μοι</strong></span> <span class='ocrx_word' id='word_1_16' title='bbox 555 263 601 289; x_wconf 78' lang='grc' dir='ltr'><strong>τοῦ</strong></span> <span class='ocrx_word' id='word_1_17' title='bbox 617 263 767 299; x_wconf 77' lang='grc' dir='ltr'><strong>πρέποντος</strong></span> <span class='ocrx_word' id='word_1_18' title='bbox 784 263 893 299; x_wconf 70' lang='grc' dir='ltr'>ἐξέρπει</span> <span class='ocrx_word' id='word_1_19' title='bbox 915 263 950 290; x_wconf 64' lang='grc' dir='ltr'>τὶ</span> 
     </span>
    </p>
   </div>
   <div class='ocr_carea' id='block_1_4' title="bbox 1017 252 1788 310">
    <p class='ocr_par' dir='ltr' id='par_1_4' title="bbox 1017 252 1788 293">
     <span class='ocr_line' id='line_1_4' title="bbox 1017 252 1788 293; baseline -0.013 -5"><span class='ocrx_word' id='word_1_20' title='bbox 1017 261 1121 293; x_wconf 87' lang='lat' dir='ltr'><strong>uerint,</strong></span> <span class='ocrx_word' id='word_1_21' title='bbox 1146 269 1154 291; x_wconf 80' lang='grc' dir='ltr'><strong>ι</strong></span> <span class='ocrx_word' id='word_1_22' title='bbox 1179 259 1262 287; x_wconf 82' lang='lat' dir='ltr'><strong>Labia</strong></span> <span class='ocrx_word' id='word_1_23' title='bbox 1284 256 1435 286; x_wconf 75' lang='lat' dir='ltr'><strong>sacerdotis</strong></span> <span class='ocrx_word' id='word_1_24' title='bbox 1458 253 1612 283; x_wconf 75' lang='lat' dir='ltr'><strong>custmlient</strong></span> <span class='ocrx_word' id='word_1_25' title='bbox 1636 252 1788 284; x_wconf 81' lang='lat' dir='ltr'><strong>scientiam,</strong></span> 
     </span>
    </p>
   </div>
   <div class='ocr_carea' id='block_1_5' title="bbox 159 302 961 345">
    <p class='ocr_par' dir='ltr' id='par_1_5' title="bbox 159 305 953 345">
     <span class='ocr_line' id='line_1_5' title="bbox 159 305 953 345; baseline 0.006 -14"><span class='ocrx_word' id='word_1_26' title='bbox 159 305 397 342; x_wconf 70' lang='grc' dir='ltr'><strong>ἱ.ιηγήματα,“καὶ</strong></span> <span class='ocrx_word' id='word_1_27' title='bbox 421 308 590 344; x_wconf 66' lang='grc' dir='ltr'>ἀποφέρεται</span> <span class='ocrx_word' id='word_1_28' title='bbox 608 318 653 337; x_wconf 82' lang='grc' dir='ltr'><strong>ποι</strong></span> <span class='ocrx_word' id='word_1_29' title='bbox 677 310 745 345; x_wconf 76' lang='grc' dir='ltr'>πρὸς</span> <span class='ocrx_word' id='word_1_30' title='bbox 765 310 796 336; x_wconf 81' lang='grc' dir='ltr'>τὸ</span> <span class='ocrx_word' id='word_1_31' title='bbox 819 310 869 336; x_wconf 78' lang='grc' dir='ltr'><strong>οὐκ</strong></span> <span class='ocrx_word' id='word_1_32' title='bbox 892 309 953 345; x_wconf 69' lang='grc' dir='ltr'>ἕχον</span> 
     </span>
    </p>
   </div>
   <div class='ocr_carea' id='block_1_6' title="bbox 1017 302 1787 345">
    <p class='ocr_par' dir='ltr' id='par_1_6' title="bbox 1017 302 1787 342">
     <span class='ocr_line' id='line_1_6' title="bbox 1017 302 1787 342; baseline -0.012 -8"><span class='ocrx_word' id='word_1_33' title='bbox 1017 311 1034 334; x_wconf 61' lang='grc' dir='ltr'><strong>ει</strong></span> <span class='ocrx_word' id='word_1_34' title='bbox 1044 307 1131 342; x_wconf 78' lang='lat' dir='ltr'><strong>legem</strong></span> <span class='ocrx_word' id='word_1_35' title='bbox 1147 306 1293 342; x_wconf 81' lang='lat' dir='ltr'><strong>exquirent</strong></span> <span class='ocrx_word' id='word_1_36' title='bbox 1312 305 1346 332; x_wconf 85' lang='lat' dir='ltr'><strong>de</strong></span> <span class='ocrx_word' id='word_1_37' title='bbox 1364 311 1413 331; x_wconf 88' lang='lat' dir='ltr'><strong>ore</strong></span> <span class='ocrx_word' id='word_1_38' title='bbox 1433 303 1493 339; x_wconf 82' lang='lat' dir='ltr'><strong>ejus</strong></span> <span class='ocrx_word' id='word_1_39' title='bbox 1503 302 1541 335; x_wconf 77' lang='lat'><strong>“;</strong></span> <span class='ocrx_word' id='word_1_40' title='bbox 1556 311 1565 327; x_wconf 79' lang='grc' dir='ltr'><strong>ι</strong></span> <span class='ocrx_word' id='word_1_41' title='bbox 1579 304 1607 328; x_wconf 89' lang='lat' dir='ltr'><strong>et</strong></span> <span class='ocrx_word' id='word_1_42' title='bbox 1620 306 1787 335; x_wconf 71' lang='lat' dir='ltr'><strong>qua&#39;eunquc</strong></span> 
     </span>
    </p>
   </div>
   <div class='ocr_carea' id='block_1_7' title="bbox 160 350 272 386">
    <p class='ocr_par' dir='ltr' id='par_1_7' title="bbox 160 350 272 386">
     <span class='ocr_line' id='line_1_7' title="bbox 160 350 272 386; baseline 0.009 -11"><span class='ocrx_word' id='word_1_43' title='bbox 160 350 252 386; x_wconf 62' lang='grc' dir='ltr'>ὀρθῶς</span> <span class='ocrx_word' id='word_1_44' title='bbox 265 360 272 384; x_wconf 74' lang='grc' dir='ltr'><strong>ς</strong></span> 
     </span>
    </p>
   </div>
   <div class='ocr_carea' id='block_1_8' title="bbox 1005 344 1792 385">
    <p class='ocr_par' dir='ltr' id='par_1_8' title="bbox 1005 344 1792 385">
     <span class='ocr_line' id='line_1_8' title="bbox 1005 344 1792 385; baseline -0.014 -3"><span class='ocrx_word' id='word_1_45' title='bbox 1005 354 1040 382; x_wconf 90' lang='lat' dir='ltr'><strong>ad</strong></span> <span class='ocrx_word' id='word_1_46' title='bbox 1066 353 1241 380; x_wconf 91' lang='lat' dir='ltr'><strong>Timotheum</strong></span> <span class='ocrx_word' id='word_1_47' title='bbox 1268 351 1392 378; x_wconf 88' lang='lat' dir='ltr'><strong>scribens</strong></span> <span class='ocrx_word' id='word_1_48' title='bbox 1413 349 1491 385; x_wconf 78' lang='lat' dir='ltr'><strong>jubet</strong></span> <span class='ocrx_word' id='word_1_49' title='bbox 1511 348 1554 375; x_wconf 76' lang='lat' dir='ltr'><strong>vir</strong></span> <span class='ocrx_word' id='word_1_50' title='bbox 1574 344 1792 381; x_wconf 69' lang='lat' dir='ltr'><strong>sapientissimus</strong></span> 
     </span>
    </p>
   </div>
   <div class='ocr_carea' id='block_1_9' title="bbox 161 395 1792 438">
    <p class='ocr_par' dir='ltr' id='par_1_9' title="bbox 161 395 1792 438">
     <span class='ocr_line' id='line_1_9' title="bbox 161 395 1792 438; baseline -0.003 -14"><span class='ocrx_word' id='word_1_51' title='bbox 161 397 274 425; x_wconf 75' lang='lat' dir='ltr'><strong>Paulus.</strong></span> <span class='ocrx_word' id='word_1_52' title='bbox 294 399 364 427; x_wconf 79' lang='lat' dir='ltr'><strong>Num</strong></span> <span class='ocrx_word' id='word_1_53' title='bbox 389 400 472 436; x_wconf 80' lang='lat' dir='ltr'><strong>igitur</strong></span> <span class='ocrx_word' id='word_1_54' title='bbox 496 401 547 434; x_wconf 73' lang='lat' dir='ltr'><strong>hac,</strong></span> <span class='ocrx_word' id='word_1_55' title='bbox 571 411 639 438; x_wconf 87' lang='lat' dir='ltr'><strong>quas</strong></span> <span class='ocrx_word' id='word_1_56' title='bbox 677 411 692 430; x_wconf 86' lang='lat' dir='ltr'><strong>e</strong></span> <span class='ocrx_word' id='word_1_57' title='bbox 716 403 867 438; x_wconf 88' lang='lat' dir='ltr'><strong>Scripturis</strong></span> <span class='ocrx_word' id='word_1_58' title='bbox 890 402 968 430; x_wconf 79' lang='lat' dir='ltr'><strong>attuli</strong></span> <span class='ocrx_word' id='word_1_59' title='bbox 1003 403 1187 434; x_wconf 83' lang='lat' dir='ltr'><strong>narrationes.</strong></span> <span class='ocrx_word' id='word_1_60' title='bbox 1207 401 1242 428; x_wconf 88' lang='lat' dir='ltr'><strong>ab</strong></span> <span class='ocrx_word' id='word_1_61' title='bbox 1275 407 1309 427; x_wconf 91' lang='lat' dir='ltr'><strong>eo</strong></span> <span class='ocrx_word' id='word_1_62' title='bbox 1334 397 1407 434; x_wconf 88' lang='lat' dir='ltr'><strong>quod</strong></span> <span class='ocrx_word' id='word_1_63' title='bbox 1433 397 1530 425; x_wconf 84' lang='lat' dir='ltr'><strong>deceat</strong></span> <span class='ocrx_word' id='word_1_64' title='bbox 1546 395 1684 427; x_wconf 87' lang='lat' dir='ltr'><strong>aberrant,</strong></span> <span class='ocrx_word' id='word_1_65' title='bbox 1705 397 1734 420; x_wconf 86' lang='lat' dir='ltr'><strong>et</strong></span> <span class='ocrx_word' id='word_1_66' title='bbox 1757 400 1792 419; x_wconf 86' lang='lat' dir='ltr'><strong>eo</strong></span> 
     </span>
    </p>
   </div>
   <div class='ocr_carea' id='block_1_10' title="bbox 161 444 772 481">
    <p class='ocr_par' dir='ltr' id='par_1_10' title="bbox 161 444 772 481">
     <span class='ocr_line' id='line_1_10' title="bbox 161 444 772 481; baseline 0.01 -11"><span class='ocrx_word' id='word_1_67' title='bbox 161 444 365 479; x_wconf 82' lang='lat' dir='ltr'><strong>detorquentur</strong></span> <span class='ocrx_word' id='word_1_68' title='bbox 382 446 455 481; x_wconf 89' lang='lat' dir='ltr'><strong>quod</strong></span> <span class='ocrx_word' id='word_1_69' title='bbox 471 447 583 476; x_wconf 87' lang='lat' dir='ltr'><strong>minime</strong></span> <span class='ocrx_word' id='word_1_70' title='bbox 599 452 704 476; x_wconf 86' lang='lat' dir='ltr'><strong>rectum</strong></span> <span class='ocrx_word' id='word_1_71' title='bbox 720 448 772 476; x_wconf 78' lang='lat' dir='ltr'><strong>sit?</strong></span> 
     </span>
    </p>
   </div>
   <div class='ocr_carea' id='block_1_11' title="bbox 167 494 496 530">
    <p class='ocr_par' dir='ltr' id='par_1_11' title="bbox 167 494 496 530">
     <span class='ocr_line' id='line_1_11' title="bbox 167 494 496 530; baseline 0.006 -11"><span class='ocrx_word' id='word_1_72' title='bbox 167 520 169 523; x_wconf 69' lang='grc'>,</span> <span class='ocrx_word' id='word_1_73' title='bbox 198 494 303 521; x_wconf 82' lang='grc' dir='ltr'><strong>ΙΙΑΛΛ.</strong></span> <span class='ocrx_word' id='word_1_74' title='bbox 320 494 440 522; x_wconf 78' lang='grc' dir='ltr'>Ἥκιστά</span> <span class='ocrx_word' id='word_1_75' title='bbox 454 503 496 530; x_wconf 84' lang='grc' dir='ltr'>γε.</span> 
     </span>
    </p>
   </div>
   <div class='ocr_carea' id='block_1_12' title="bbox 200 538 954 577">
    <p class='ocr_par' dir='ltr' id='par_1_12' title="bbox 200 538 954 577">
     <span class='ocr_line' id='line_1_12' title="bbox 200 538 954 577; baseline 0.003 -13"><span class='ocrx_word' id='word_1_76' title='bbox 200 538 281 565; x_wconf 78' lang='grc' dir='ltr'><strong>ΚΥΡ.</strong></span> <span class='ocrx_word' id='word_1_77' title='bbox 315 539 455 575; x_wconf 78' lang='grc' dir='ltr'>Ἐπιτήρει</span> <span class='ocrx_word' id='word_1_78' title='bbox 485 540 514 567; x_wconf 80' lang='grc' dir='ltr'><strong>δὲ</strong></span> <span class='ocrx_word' id='word_1_79' title='bbox 547 541 588 568; x_wconf 76' lang='grc' dir='ltr'>ὅτι</span> <span class='ocrx_word' id='word_1_80' title='bbox 620 541 712 577; x_wconf 79' lang='grc' dir='ltr'>μόνοις</span> <span class='ocrx_word' id='word_1_81' title='bbox 740 541 873 576; x_wconf 83' lang='grc' dir='ltr'><strong>ἀπονέμει</strong></span> <span class='ocrx_word' id='word_1_82' title='bbox 897 541 954 572; x_wconf 79' lang='grc' dir='ltr'>τοῖς</span> 
     </span>
    </p>
   </div>
   <div class='ocr_carea' id='block_1_13' title="bbox 162 583 953 622">
    <p class='ocr_par' dir='ltr' id='par_1_13' title="bbox 162 583 953 622">
     <span class='ocr_line' id='line_1_13' title="bbox 162 583 953 622; baseline 0.005 -14"><span class='ocrx_word' id='word_1_83' title='bbox 162 583 289 618; x_wconf 82' lang='grc' dir='ltr'>ἱερᾶσθαι</span> <span class='ocrx_word' id='word_1_84' title='bbox 318 583 446 619; x_wconf 81' lang='grc' dir='ltr'><strong>λαχοῦσι,</strong></span> <span class='ocrx_word' id='word_1_85' title='bbox 473 585 504 612; x_wconf 78' lang='grc' dir='ltr'>τὸ</span> <span class='ocrx_word' id='word_1_86' title='bbox 531 586 682 622; x_wconf 79' lang='grc' dir='ltr'>κεχρῆσθαι</span> <span class='ocrx_word' id='word_1_87' title='bbox 706 587 768 618; x_wconf 78' lang='grc' dir='ltr'>ταῖς</span> <span class='ocrx_word' id='word_1_88' title='bbox 792 585 953 620; x_wconf 80' lang='grc' dir='ltr'><strong>σάλπιγξιν·</strong></span> 
     </span>
    </p>
   </div>
   <div class='ocr_carea' id='block_1_14' title="bbox 161 628 955 665">
    <p class='ocr_par' dir='ltr' id='par_1_14' title="bbox 161 628 955 665">
     <span class='ocr_line' id='line_1_14' title="bbox 161 628 955 665; baseline 0.005 -11"><span class='ocrx_word' id='word_1_89' title='bbox 161 628 312 661; x_wconf 82' lang='grc' dir='ltr'>ἀνατιθεὶς,</span> <span class='ocrx_word' id='word_1_90' title='bbox 327 628 404 665; x_wconf 81' lang='grc' dir='ltr'>οἶμαί</span> <span class='ocrx_word' id='word_1_91' title='bbox 422 638 485 662; x_wconf 87' lang='grc' dir='ltr'>που,</span> <span class='ocrx_word' id='word_1_92' title='bbox 501 632 558 662; x_wconf 82' lang='grc' dir='ltr'>τοῖς</span> <span class='ocrx_word' id='word_1_93' title='bbox 570 630 624 658; x_wconf 74' lang='grc' dir='ltr'><strong>τῶν</strong></span> <span class='ocrx_word' id='word_1_94' title='bbox 645 631 717 658; x_wconf 78' lang='grc' dir='ltr'>λαῶν</span> <span class='ocrx_word' id='word_1_95' title='bbox 733 630 891 662; x_wconf 76' lang='grc' dir='ltr'><strong>παιδευταῖς</strong></span> <span class='ocrx_word' id='word_1_96' title='bbox 907 631 955 658; x_wconf 82' lang='grc' dir='ltr'><strong>καὶ</strong></span> 
     </span>
    </p>
   </div>
   <div class='ocr_carea' id='block_1_15' title="bbox 161 674 954 713">
    <p class='ocr_par' dir='ltr' id='par_1_15' title="bbox 161 674 954 713">
     <span class='ocr_line' id='line_1_15' title="bbox 161 674 954 713; baseline 0.005 -13"><span class='ocrx_word' id='word_1_97' title='bbox 161 674 341 710; x_wconf 70' lang='grc' dir='ltr'><strong>ἡγιασμένοις</strong></span> <span class='ocrx_word' id='word_1_98' title='bbox 352 677 391 708; x_wconf 73' lang='grc' dir='ltr'><strong>είς</strong></span> <span class='ocrx_word' id='word_1_99' title='bbox 411 676 570 712; x_wconf 68' lang='grc' dir='ltr'><strong>ἱερωσύνην,</strong></span> <span class='ocrx_word' id='word_1_100' title='bbox 583 677 629 704; x_wconf 80' lang='grc' dir='ltr'>τδν</span> <span class='ocrx_word' id='word_1_101' title='bbox 646 678 890 713; x_wconf 78' lang='grc' dir='ltr'>μυπαγωγοῦντα,</span> <span class='ocrx_word' id='word_1_102' title='bbox 906 678 954 705; x_wconf 83' lang='grc' dir='ltr'><strong>καὶ</strong></span> 
     </span>
    </p>
   </div>
   <div class='ocr_carea' id='block_1_16' title="bbox 166 720 954 771">
    <p class='ocr_par' dir='ltr' id='par_1_16' title="bbox 166 720 954 771">
     <span class='ocr_line' id='line_1_16' title="bbox 166 720 954 771; baseline 0.005 -25"><span class='ocrx_word' id='word_1_103' title='bbox 166 720 220 771; x_wconf 40' lang='grc' dir='ltr'>μὴν</span> <span class='ocrx_word' id='word_1_104' title='bbox 309 722 456 771; x_wconf 58' lang='grc' dir='ltr'>εἰς-ἔφεσιν</span> <span class='ocrx_word' id='word_1_105' title='bbox 475 723 577 759; x_wconf 82' lang='grc' dir='ltr'>ἀρετῆς</span> <span class='ocrx_word' id='word_1_106' title='bbox 592 724 774 759; x_wconf 78' lang='grc' dir='ltr'>ἐπαλείφοντα</span> <span class='ocrx_word' id='word_1_107' title='bbox 792 724 880 759; x_wconf 83' lang='grc' dir='ltr'>λόγον.</span> <span class='ocrx_word' id='word_1_108' title='bbox 904 723 954 751; x_wconf 83' lang='grc' dir='ltr'>Διά</span> 
     </span>
    </p>
   </div>
   <div class='ocr_carea' id='block_1_17' title="bbox 145 765 955 808">
    <p class='ocr_par' dir='ltr' id='par_1_17' title="bbox 145 765 955 808">
     <span class='ocr_line' id='line_1_17' title="bbox 145 765 955 808; baseline 0.005 -16"><span class='ocrx_word' id='word_1_109' title='bbox 145 794 149 808; x_wconf 38' lang='grc' dir='ltr'><strong>ἶ</strong></span> <span class='ocrx_word' id='word_1_110' title='bbox 165 765 244 792; x_wconf 71' lang='grc' dir='ltr'>τοῦτο</span> <span class='ocrx_word' id='word_1_111' title='bbox 258 767 321 803; x_wconf 79' lang='grc' dir='ltr'>γὰρ,</span> <span class='ocrx_word' id='word_1_112' title='bbox 336 765 424 802; x_wconf 74' lang='grc' dir='ltr'>οἶμαι,</span> <span class='ocrx_word' id='word_1_113' title='bbox 440 769 506 805; x_wconf 77' lang='grc' dir='ltr'>πρὸς</span> <span class='ocrx_word' id='word_1_114' title='bbox 524 770 573 804; x_wconf 83' lang='grc' dir='ltr'><strong>μὲν</strong></span> <span class='ocrx_word' id='word_1_115' title='bbox 588 770 690 796; x_wconf 61' lang='lat' dir='ltr'><strong>Mucia</strong></span> <span class='ocrx_word' id='word_1_116' title='bbox 704 769 786 805; x_wconf 84' lang='grc' dir='ltr'>φησί’·</span> <span class='ocrx_word' id='word_1_117' title='bbox 807 779 816 796; x_wconf 76' lang='grc' dir='ltr'><strong>ι</strong></span> <span class='ocrx_word' id='word_1_118' title='bbox 838 770 955 805; x_wconf 79' lang='grc' dir='ltr'><strong>Ποίησον</strong></span> 
     </span>
    </p>
   </div>
   <div class='ocr_carea' id='block_1_18' title="bbox 146 811 956 851">
    <p class='ocr_par' dir='ltr' id='par_1_18' title="bbox 146 811 956 851">
     <span class='ocr_line' id='line_1_18' title="bbox 146 811 956 851; baseline 0.007 -14"><span class='ocrx_word' id='word_1_119' title='bbox 146 844 150 850; x_wconf 41' lang='grc'>.</span> <span class='ocrx_word' id='word_1_120' title='bbox 165 811 272 846; x_wconf 73' lang='grc' dir='ltr'>σεαυτῷ</span> <span class='ocrx_word' id='word_1_121' title='bbox 285 812 509 848; x_wconf 81' lang='grc' dir='ltr'>δύο-σάλπιγγας.</span> <span class='ocrx_word' id='word_1_122' title='bbox 528 823 537 840; x_wconf 82' lang='grc' dir='ltr'><strong>ι</strong></span> <span class='ocrx_word' id='word_1_123' title='bbox 552 815 636 851; x_wconf 84' lang='grc' dir='ltr'><strong>Νόμῳ</strong></span> <span class='ocrx_word' id='word_1_124' title='bbox 647 815 676 850; x_wconf 63' lang='grc' dir='ltr'><strong>ᾃὲ</strong></span> <span class='ocrx_word' id='word_1_125' title='bbox 688 815 782 851; x_wconf 76' lang='grc' dir='ltr'>ὥσπερ</span> <span class='ocrx_word' id='word_1_126' title='bbox 796 824 956 851; x_wconf 83' lang='grc' dir='ltr'>κατασφρα-</span> 
     </span>
    </p>
   </div>
   <div class='ocr_carea' id='block_1_19' title="bbox 164 857 957 897">
    <p class='ocr_par' dir='ltr' id='par_1_19' title="bbox 164 857 957 897">
     <span class='ocr_line' id='line_1_19' title="bbox 164 857 957 897; baseline 0.006 -14"><span class='ocrx_word' id='word_1_127' title='bbox 164 857 252 890; x_wconf 78' lang='grc' dir='ltr'><strong>γὶζων</strong></span> <span class='ocrx_word' id='word_1_128' title='bbox 263 858 294 884; x_wconf 84' lang='grc' dir='ltr'><strong>τὺ</strong></span> <span class='ocrx_word' id='word_1_129' title='bbox 307 859 414 894; x_wconf 84' lang='grc' dir='ltr'>χρῆμα·</span> <span class='ocrx_word' id='word_1_130' title='bbox 431 869 441 885; x_wconf 73' lang='grc' dir='ltr'><strong>ι</strong></span> <span class='ocrx_word' id='word_1_131' title='bbox 459 860 514 886; x_wconf 82' lang='grc' dir='ltr'><strong>Καὶ</strong></span> <span class='ocrx_word' id='word_1_132' title='bbox 525 860 550 886; x_wconf 80' lang='grc' dir='ltr'>οἱ</span> <span class='ocrx_word' id='word_1_133' title='bbox 564 861 616 887; x_wconf 79' lang='grc' dir='ltr'>υἱοὶ</span> <span class='ocrx_word' id='word_1_134' title='bbox 638 861 752 897; x_wconf 82' lang='grc' dir='ltr'>Ἀαρὼν,</span> <span class='ocrx_word' id='word_1_135' title='bbox 771 871 779 887; x_wconf 77' lang='grc' dir='ltr'><strong>ι</strong></span> <span class='ocrx_word' id='word_1_136' title='bbox 799 862 891 897; x_wconf 80' lang='grc' dir='ltr'>φησὶν,</span> <span class='ocrx_word' id='word_1_137' title='bbox 905 871 913 887; x_wconf 79' lang='grc' dir='ltr'><strong>ι</strong></span> <span class='ocrx_word' id='word_1_138' title='bbox 930 863 957 888; x_wconf 80' lang='lat' dir='ltr'><strong>oi-</strong></span> 
     </span>
    </p>
   </div>
   <div class='ocr_carea' id='block_1_20' title="bbox 1043 490 1361 522">
    <p class='ocr_par' dir='ltr' id='par_1_20' title="bbox 1043 490 1361 522">
     <span class='ocr_line' id='line_1_20' title="bbox 1043 490 1361 522; baseline -0.025 0"><span class='ocrx_word' id='word_1_139' title='bbox 1043 493 1141 522; x_wconf 79' lang='lat' dir='ltr'><strong>PALL.</strong></span> <span class='ocrx_word' id='word_1_140' title='bbox 1163 490 1272 519; x_wconf 81' lang='lat' dir='ltr'><strong>Minime</strong></span> <span class='ocrx_word' id='word_1_141' title='bbox 1287 494 1361 516; x_wconf 84' lang='lat' dir='ltr'><strong>vero.</strong></span> 
     </span>
    </p>
   </div>
   <div class='ocr_carea' id='block_1_21' title="bbox 1042 526 1792 567">
    <p class='ocr_par' dir='ltr' id='par_1_21' title="bbox 1042 526 1792 567">
     <span class='ocr_line' id='line_1_21' title="bbox 1042 526 1792 567; baseline -0.019 0"><span class='ocrx_word' id='word_1_142' title='bbox 1042 539 1120 567; x_wconf 81' lang='lat' dir='ltr'><strong>CYR.</strong></span> <span class='ocrx_word' id='word_1_143' title='bbox 1140 537 1209 565; x_wconf 87' lang='lat' dir='ltr'><strong>Illud</strong></span> <span class='ocrx_word' id='word_1_144' title='bbox 1223 539 1314 563; x_wconf 89' lang='lat' dir='ltr'><strong>autem</strong></span> <span class='ocrx_word' id='word_1_145' title='bbox 1334 532 1534 561; x_wconf 81' lang='lat' dir='ltr'><strong>animadvertas</strong></span> <span class='ocrx_word' id='word_1_146' title='bbox 1549 529 1642 561; x_wconf 82' lang='lat' dir='ltr'><strong>velim,</strong></span> <span class='ocrx_word' id='word_1_147' title='bbox 1657 528 1742 555; x_wconf 90' lang='lat' dir='ltr'><strong>Deum</strong></span> <span class='ocrx_word' id='word_1_148' title='bbox 1759 526 1792 554; x_wconf 85' lang='lat' dir='ltr'><strong>iis</strong></span> 
     </span>
    </p>
   </div>
   <div class='ocr_carea' id='block_1_22' title="bbox 1007 574 1791 618">
    <p class='ocr_par' dir='ltr' id='par_1_22' title="bbox 1007 574 1791 618">
     <span class='ocr_line' id='line_1_22' title="bbox 1007 574 1791 618; baseline -0.019 -4"><span class='ocrx_word' id='word_1_149' title='bbox 1007 587 1140 614; x_wconf 78' lang='lat' dir='ltr'><strong>duntaxat</strong></span> <span class='ocrx_word' id='word_1_150' title='bbox 1167 583 1215 618; x_wconf 86' lang='lat' dir='ltr'><strong>qui</strong></span> <span class='ocrx_word' id='word_1_151' title='bbox 1249 581 1405 609; x_wconf 81' lang='lat' dir='ltr'><strong>sacerdotes</strong></span> <span class='ocrx_word' id='word_1_152' title='bbox 1428 578 1509 606; x_wconf 91' lang='lat' dir='ltr'><strong>electi</strong></span> <span class='ocrx_word' id='word_1_153' title='bbox 1531 580 1640 608; x_wconf 86' lang='lat' dir='ltr'><strong>essent,</strong></span> <span class='ocrx_word' id='word_1_154' title='bbox 1664 574 1791 601; x_wconf 88' lang='lat' dir='ltr'><strong>tubarum</strong></span> 
     </span>
    </p>
   </div>
   <div class='ocr_carea' id='block_1_23' title="bbox 1007 620 1793 663">
    <p class='ocr_par' dir='ltr' id='par_1_23' title="bbox 1007 620 1793 663">
     <span class='ocr_line' id='line_1_23' title="bbox 1007 620 1793 663; baseline -0.019 -3"><span class='ocrx_word' id='word_1_155' title='bbox 1007 639 1087 660; x_wconf 91' lang='lat' dir='ltr'><strong>usum</strong></span> <span class='ocrx_word' id='word_1_156' title='bbox 1105 630 1241 662; x_wconf 88' lang='lat' dir='ltr'><strong>tribuere;</strong></span> <span class='ocrx_word' id='word_1_157' title='bbox 1263 627 1336 663; x_wconf 92' lang='lat' dir='ltr'><strong>quod</strong></span> <span class='ocrx_word' id='word_1_158' title='bbox 1357 625 1450 662; x_wconf 85' lang='lat' dir='ltr'><strong>populi</strong></span> <span class='ocrx_word' id='word_1_159' title='bbox 1468 624 1572 652; x_wconf 81' lang='lat' dir='ltr'><strong>scilicet</strong></span> <span class='ocrx_word' id='word_1_160' title='bbox 1590 620 1749 650; x_wconf 85' lang='lat' dir='ltr'><strong>doctoribus</strong></span> <span class='ocrx_word' id='word_1_161' title='bbox 1764 623 1793 646; x_wconf 91' lang='lat' dir='ltr'><strong>et</strong></span> 
     </span>
    </p>
   </div>
   <div class='ocr_carea' id='block_1_24' title="bbox 1007 667 1791 706">
    <p class='ocr_par' dir='ltr' id='par_1_24' title="bbox 1007 667 1791 706">
     <span class='ocr_line' id='line_1_24' title="bbox 1007 667 1791 706; baseline -0.018 -1"><span class='ocrx_word' id='word_1_162' title='bbox 1007 676 1197 705; x_wconf 86' lang='lat' dir='ltr'><strong>sacerdotibus</strong></span> <span class='ocrx_word' id='word_1_163' title='bbox 1218 672 1384 702; x_wconf 84' lang='lat' dir='ltr'><strong>consecratis</strong></span> <span class='ocrx_word' id='word_1_164' title='bbox 1400 670 1529 706; x_wconf 78' lang='lat' dir='ltr'><strong>assignet,</strong></span> <span class='ocrx_word' id='word_1_165' title='bbox 1547 673 1578 696; x_wconf 92' lang='lat' dir='ltr'><strong>ut</strong></span> <span class='ocrx_word' id='word_1_166' title='bbox 1598 667 1706 702; x_wconf 82' lang='lat' dir='ltr'><strong>opinor,</strong></span> <span class='ocrx_word' id='word_1_167' title='bbox 1721 673 1791 700; x_wconf 78' lang='lat' dir='ltr'><strong>pra:-</strong></span> 
     </span>
    </p>
   </div>
   <div class='ocr_carea' id='block_1_25' title="bbox 1005 710 1791 755">
    <p class='ocr_par' dir='ltr' id='par_1_25' title="bbox 1005 710 1791 755">
     <span class='ocr_line' id='line_1_25' title="bbox 1005 710 1791 755; baseline -0.019 -5"><span class='ocrx_word' id='word_1_168' title='bbox 1005 723 1182 753; x_wconf 84' lang='lat' dir='ltr'><strong>dicationem,</strong></span> <span class='ocrx_word' id='word_1_169' title='bbox 1196 727 1257 755; x_wconf 60' lang='lat' dir='ltr'><strong>qua;</strong></span> <span class='ocrx_word' id='word_1_170' title='bbox 1275 719 1310 746; x_wconf 91' lang='lat' dir='ltr'><strong>de</strong></span> <span class='ocrx_word' id='word_1_171' title='bbox 1334 715 1470 752; x_wconf 86' lang='lat' dir='ltr'><strong>mysteriis</strong></span> <span class='ocrx_word' id='word_1_172' title='bbox 1485 714 1593 744; x_wconf 79' lang='lat' dir='ltr'><strong>doceat,</strong></span> <span class='ocrx_word' id='word_1_173' title='bbox 1607 717 1635 739; x_wconf 88' lang='lat' dir='ltr'><strong>et</strong></span> <span class='ocrx_word' id='word_1_174' title='bbox 1652 711 1685 738; x_wconf 90' lang='lat' dir='ltr'><strong>ad</strong></span> <span class='ocrx_word' id='word_1_175' title='bbox 1703 710 1791 736; x_wconf 93' lang='lat' dir='ltr'><strong>virtu-</strong></span> 
     </span>
    </p>
   </div>
   <div class='ocr_carea' id='block_1_26' title="bbox 1005 758 1791 802">
    <p class='ocr_par' dir='ltr' id='par_1_26' title="bbox 1005 758 1791 802">
     <span class='ocr_line' id='line_1_26' title="bbox 1005 758 1791 802; baseline -0.018 -7"><span class='ocrx_word' id='word_1_176' title='bbox 1005 772 1060 796; x_wconf 85' lang='lat' dir='ltr'><strong>tem</strong></span> <span class='ocrx_word' id='word_1_177' title='bbox 1079 765 1258 802; x_wconf 75' lang='lat' dir='ltr'><strong>espetendam</strong></span> <span class='ocrx_word' id='word_1_178' title='bbox 1281 763 1415 791; x_wconf 89' lang='lat' dir='ltr'><strong>instituat.</strong></span> <span class='ocrx_word' id='word_1_179' title='bbox 1437 761 1530 795; x_wconf 85' lang='lat' dir='ltr'><strong>itaque</strong></span> <span class='ocrx_word' id='word_1_180' title='bbox 1547 758 1582 786; x_wconf 86' lang='lat' dir='ltr'><strong>ob</strong></span> <span class='ocrx_word' id='word_1_181' title='bbox 1596 765 1656 785; x_wconf 87' lang='lat' dir='ltr'><strong>eam</strong></span> <span class='ocrx_word' id='word_1_182' title='bbox 1671 764 1791 788; x_wconf 86' lang='lat' dir='ltr'><strong>causam,</strong></span> 
     </span>
    </p>
   </div>
   <div class='ocr_carea' id='block_1_27' title="bbox 1005 803 1791 849">
    <p class='ocr_par' dir='ltr' id='par_1_27' title="bbox 1005 803 1791 849">
     <span class='ocr_line' id='line_1_27' title="bbox 1005 803 1791 849; baseline -0.018 -7"><span class='ocrx_word' id='word_1_183' title='bbox 1005 818 1036 841; x_wconf 86' lang='lat' dir='ltr'><strong>ut</strong></span> <span class='ocrx_word' id='word_1_184' title='bbox 1048 822 1098 849; x_wconf 79' lang='lat' dir='ltr'><strong>ego</strong></span> <span class='ocrx_word' id='word_1_185' title='bbox 1113 812 1250 843; x_wconf 74' lang='lat' dir='ltr'><strong>existimo,</strong></span> <span class='ocrx_word' id='word_1_186' title='bbox 1275 810 1343 838; x_wconf 88' lang='lat' dir='ltr'><strong>dicit</strong></span> <span class='ocrx_word' id='word_1_187' title='bbox 1364 808 1447 844; x_wconf 82' lang='lat' dir='ltr'><strong>Moysi</strong></span> <span class='ocrx_word' id='word_1_188' title='bbox 1465 816 1471 833; x_wconf 89' lang='lat'>:</span> <span class='ocrx_word' id='word_1_189' title='bbox 1491 817 1500 832; x_wconf 79' lang='grc' dir='ltr'><strong>ι</strong></span> <span class='ocrx_word' id='word_1_190' title='bbox 1516 806 1569 833; x_wconf 87' lang='lat' dir='ltr'><strong>Fac</strong></span> <span class='ocrx_word' id='word_1_191' title='bbox 1588 803 1637 849; x_wconf 82' lang='lat' dir='ltr'><strong>tibi</strong></span> <span class='ocrx_word' id='word_1_192' title='bbox 1657 803 1726 830; x_wconf 79' lang='lat' dir='ltr'><strong>duas</strong></span> <span class='ocrx_word' id='word_1_193' title='bbox 1747 806 1791 849; x_wconf 63' lang='lat' dir='ltr'><strong>tu-</strong></span> 
     </span>
    </p>
   </div>
   <div class='ocr_carea' id='block_1_28' title="bbox 1005 845 1794 890">
    <p class='ocr_par' dir='ltr' id='par_1_28' title="bbox 1005 845 1794 890">
     <span class='ocr_line' id='line_1_28' title="bbox 1005 845 1794 890; baseline -0.015 -6"><span class='ocrx_word' id='word_1_194' title='bbox 1005 858 1054 885; x_wconf 86' lang='lat' dir='ltr'><strong>bas</strong></span> <span class='ocrx_word' id='word_1_195' title='bbox 1065 845 1102 884; x_wconf 39' lang='lat' dir='ltr'><strong>v“.</strong></span> <span class='ocrx_word' id='word_1_196' title='bbox 1121 866 1129 882; x_wconf 76' lang='grc' dir='ltr'><strong>ι</strong></span> <span class='ocrx_word' id='word_1_197' title='bbox 1153 856 1276 890; x_wconf 77' lang='lat' dir='ltr'><strong>Eamque</strong></span> <span class='ocrx_word' id='word_1_198' title='bbox 1297 861 1355 881; x_wconf 89' lang='lat' dir='ltr'><strong>rem</strong></span> <span class='ocrx_word' id='word_1_199' title='bbox 1368 851 1452 879; x_wconf 90' lang='lat' dir='ltr'><strong>veluti</strong></span> <span class='ocrx_word' id='word_1_200' title='bbox 1467 851 1526 886; x_wconf 80' lang='lat' dir='ltr'><strong>lege</strong></span> <span class='ocrx_word' id='word_1_201' title='bbox 1541 848 1715 879; x_wconf 79' lang='lat' dir='ltr'><strong>confirmans,</strong></span> <span class='ocrx_word' id='word_1_202' title='bbox 1731 856 1740 872; x_wconf 76' lang='grc' dir='ltr'><strong>ι</strong></span> <span class='ocrx_word' id='word_1_203' title='bbox 1759 845 1794 873; x_wconf 83' lang='lat' dir='ltr'><strong>Et</strong></span> 
     </span>
    </p>
   </div>
   <div class='ocr_carea' id='block_1_29' title="bbox 167 890 961 942">
    <p class='ocr_par' dir='ltr' id='par_1_29' title="bbox 167 890 954 942">
     <span class='ocr_line' id='line_1_29' title="bbox 167 890 954 942; baseline 0.008 -14"><span class='ocrx_word' id='word_1_204' title='bbox 167 902 267 936; x_wconf 68' lang='grc' dir='ltr'>ἱερεῖς,</span> <span class='ocrx_word' id='word_1_205' title='bbox 286 890 428 930; x_wconf 48' lang='lat' dir='ltr'><strong>sartio-5m</strong></span> <span class='ocrx_word' id='word_1_206' title='bbox 442 905 500 936; x_wconf 80' lang='grc' dir='ltr'>ταῖς</span> <span class='ocrx_word' id='word_1_207' title='bbox 515 904 642 939; x_wconf 80' lang='grc' dir='ltr'>σάλπιγξι</span> <span class='ocrx_word' id='word_1_208' title='bbox 655 913 661 920; x_wconf 91' lang='grc'>·</span> <span class='ocrx_word' id='word_1_209' title='bbox 677 890 725 932; x_wconf 49' lang='lat' dir='ltr'><strong>ita}.</strong></span> <span class='ocrx_word' id='word_1_210' title='bbox 741 890 818 933; x_wconf 63' lang='grc' dir='ltr'>ἐσται</span> <span class='ocrx_word' id='word_1_211' title='bbox 829 890 896 942; x_wconf 55' lang='grc' dir='ltr'>υμῖν</span> <span class='ocrx_word' id='word_1_212' title='bbox 911 905 954 933; x_wconf 69' lang='grc' dir='ltr'><strong>νό-</strong></span> 
     </span>
    </p>
   </div>
   <div class='ocr_carea' id='block_1_30' title="bbox 1017 890 1794 942">
    <p class='ocr_par' dir='ltr' id='par_1_30' title="bbox 1017 890 1794 936">
     <span class='ocr_line' id='line_1_30' title="bbox 1017 890 1794 936; baseline -0.015 -7"><span class='ocrx_word' id='word_1_213' title='bbox 1017 901 1064 933; x_wconf 80' lang='lat' dir='ltr'><strong>llii,</strong></span> <span class='ocrx_word' id='word_1_214' title='bbox 1073 911 1081 927; x_wconf 76' lang='grc' dir='ltr'><strong>ι</strong></span> <span class='ocrx_word' id='word_1_215' title='bbox 1099 900 1198 936; x_wconf 88' lang='lat' dir='ltr'><strong>inquit,</strong></span> <span class='ocrx_word' id='word_1_216' title='bbox 1215 910 1224 925; x_wconf 83' lang='grc' dir='ltr'><strong>ι</strong></span> <span class='ocrx_word' id='word_1_217' title='bbox 1233 899 1323 926; x_wconf 80' lang='lat' dir='ltr'><strong>Aaron</strong></span> <span class='ocrx_word' id='word_1_218' title='bbox 1334 896 1491 925; x_wconf 81' lang='lat' dir='ltr'><strong>sacerdotes</strong></span> <span class='ocrx_word' id='word_1_219' title='bbox 1499 897 1598 922; x_wconf 83' lang='lat' dir='ltr'><strong>canent</strong></span> <span class='ocrx_word' id='word_1_220' title='bbox 1607 892 1694 925; x_wconf 88' lang='lat' dir='ltr'><strong>tubis;</strong></span> <span class='ocrx_word' id='word_1_221' title='bbox 1705 896 1733 919; x_wconf 88' lang='lat' dir='ltr'><strong>et</strong></span> <span class='ocrx_word' id='word_1_222' title='bbox 1739 890 1794 919; x_wconf 87' lang='lat' dir='ltr'><strong>erit</strong></span> 
     </span>
    </p>
   </div>
   <div class='ocr_carea' id='block_1_31' title="bbox 167 948 731 985">
    <p class='ocr_par' dir='ltr' id='par_1_31' title="bbox 167 948 731 985">
     <span class='ocr_line' id='line_1_31' title="bbox 167 948 731 985; baseline 0.009 -11"><span class='ocrx_word' id='word_1_223' title='bbox 167 956 258 983; x_wconf 68' lang='grc' dir='ltr'>μιμον-</span> <span class='ocrx_word' id='word_1_224' title='bbox 268 948 377 976; x_wconf 65' lang='grc' dir='ltr'>αἰώνιον</span> <span class='ocrx_word' id='word_1_225' title='bbox 390 950 429 981; x_wconf 80' lang='grc' dir='ltr'><strong>είς</strong></span> <span class='ocrx_word' id='word_1_226' title='bbox 444 949 492 982; x_wconf 77' lang='grc' dir='ltr'><strong>τὰς</strong></span> <span class='ocrx_word' id='word_1_227' title='bbox 506 951 602 984; x_wconf 80' lang='grc' dir='ltr'>γενεὰς</span> <span class='ocrx_word' id='word_1_228' title='bbox 615 951 701 985; x_wconf 80' lang='grc' dir='ltr'>ὑμῶν.</span> <span class='ocrx_word' id='word_1_229' title='bbox 722 962 731 978; x_wconf 74' lang='grc' dir='ltr'><strong>ι</strong></span> 
     </span>
    </p>
   </div>
   <div class='ocr_carea' id='block_1_32' title="bbox 201 1040 956 1077">
    <p class='ocr_par' dir='ltr' id='par_1_32' title="bbox 201 1040 956 1077">
     <span class='ocr_line' id='line_1_32' title="bbox 201 1040 956 1077; baseline 0.001 -10"><span class='ocrx_word' id='word_1_230' title='bbox 201 1040 307 1068; x_wconf 82' lang='grc' dir='ltr'><strong>ΠᾹΔΔ.</strong></span> <span class='ocrx_word' id='word_1_231' title='bbox 329 1040 434 1068; x_wconf 77' lang='grc' dir='ltr'><strong>οὐκοῦν</strong></span> <span class='ocrx_word' id='word_1_232' title='bbox 452 1041 507 1067; x_wconf 84' lang='grc' dir='ltr'>τῶν</span> <span class='ocrx_word' id='word_1_233' title='bbox 523 1041 667 1077; x_wconf 83' lang='grc' dir='ltr'><strong>σημασιῶν</strong></span> <span class='ocrx_word' id='word_1_234' title='bbox 683 1041 747 1074; x_wconf 77' lang='grc' dir='ltr'>τοὺς</span> <span class='ocrx_word' id='word_1_235' title='bbox 761 1041 893 1077; x_wconf 83' lang='grc' dir='ltr'>τρόπους,</span> <span class='ocrx_word' id='word_1_236' title='bbox 916 1041 956 1072; x_wconf 82' lang='grc' dir='ltr'><strong>είς</strong></span> 
     </span>
    </p>
   </div>
   <div class='ocr_carea' id='block_1_33' title="bbox 165 1086 955 1122">
    <p class='ocr_par' dir='ltr' id='par_1_33' title="bbox 165 1086 955 1122">
     <span class='ocr_line' id='line_1_33' title="bbox 165 1086 955 1122; baseline -0.003 -8"><span class='ocrx_word' id='word_1_237' title='bbox 165 1087 213 1114; x_wconf 64' lang='grc' dir='ltr'><strong>τὸν</strong></span> <span class='ocrx_word' id='word_1_238' title='bbox 227 1087 335 1122; x_wconf 75' lang='grc' dir='ltr'>ἑκάστῳ</span> <span class='ocrx_word' id='word_1_239' title='bbox 351 1086 405 1113; x_wconf 85' lang='grc' dir='ltr'>τῶν</span> <span class='ocrx_word' id='word_1_240' title='bbox 420 1086 554 1113; x_wconf 63' lang='grc' dir='ltr'>είωθΰτων</span> <span class='ocrx_word' id='word_1_241' title='bbox 575 1087 729 1122; x_wconf 72' lang='grc' dir='ltr'><strong>εὐδοκιμεῖν</strong></span> <span class='ocrx_word' id='word_1_242' title='bbox 743 1088 850 1114; x_wconf 72' lang='grc' dir='ltr'>ἐοικότα</span> <span class='ocrx_word' id='word_1_243' title='bbox 866 1087 955 1121; x_wconf 71' lang='grc' dir='ltr'>λόγον,</span> 
     </span>
    </p>
   </div>
   <div class='ocr_carea' id='block_1_34' title="bbox 167 1132 956 1168">
    <p class='ocr_par' dir='ltr' id='par_1_34' title="bbox 167 1132 956 1168">
     <span class='ocr_line' id='line_1_34' title="bbox 167 1132 956 1168; baseline 0 -9"><span class='ocrx_word' id='word_1_244' title='bbox 167 1132 388 1168; x_wconf 78' lang='grc' dir='ltr'>παραδεξόμεθα.</span> <span class='ocrx_word' id='word_1_245' title='bbox 413 1132 626 1168; x_wconf 80' lang='grc' dir='ltr'>Συναπαροῦμεν</span> <span class='ocrx_word' id='word_1_246' title='bbox 650 1133 678 1159; x_wconf 72' lang='grc' dir='ltr'><strong>δὲ</strong></span> <span class='ocrx_word' id='word_1_247' title='bbox 698 1133 769 1159; x_wconf 81' lang='grc' dir='ltr'>οὕτω</span> <span class='ocrx_word' id='word_1_248' title='bbox 784 1133 831 1160; x_wconf 72' lang='grc' dir='ltr'><strong>καὶ</strong></span> <span class='ocrx_word' id='word_1_249' title='bbox 853 1141 956 1167; x_wconf 74' lang='grc' dir='ltr'>συγκα-</span> 
     </span>
    </p>
   </div>
   <div class='ocr_carea' id='block_1_35' title="bbox 167 1178 958 1215">
    <p class='ocr_par' dir='ltr' id='par_1_35' title="bbox 167 1178 958 1215">
     <span class='ocr_line' id='line_1_35' title="bbox 167 1178 958 1215; baseline 0.001 -10"><span class='ocrx_word' id='word_1_250' title='bbox 167 1178 321 1213; x_wconf 74' lang='grc' dir='ltr'>ταλύσομεν</span> <span class='ocrx_word' id='word_1_251' title='bbox 350 1179 384 1214; x_wconf 82' lang='grc' dir='ltr'>τῇ</span> <span class='ocrx_word' id='word_1_252' title='bbox 415 1178 531 1214; x_wconf 80' lang='grc' dir='ltr'><strong>νεφέλῃ,</strong></span> <span class='ocrx_word' id='word_1_253' title='bbox 562 1179 702 1211; x_wconf 80' lang='grc' dir='ltr'><strong>τουτέστι,</strong></span> <span class='ocrx_word' id='word_1_254' title='bbox 735 1179 958 1215; x_wconf 76' lang='grc' dir='ltr'>συμϐαδιούμεθα</span> 
     </span>
    </p>
   </div>
   <div class='ocr_carea' id='block_1_36' title="bbox 168 1223 816 1260">
    <p class='ocr_par' dir='ltr' id='par_1_36' title="bbox 168 1223 816 1260">
     <span class='ocr_line' id='line_1_36' title="bbox 168 1223 816 1260; baseline 0 -10"><span class='ocrx_word' id='word_1_255' title='bbox 168 1224 282 1259; x_wconf 72' lang='grc' dir='ltr'>νοητῶς,</span> <span class='ocrx_word' id='word_1_256' title='bbox 300 1224 347 1250; x_wconf 80' lang='grc' dir='ltr'><strong>καὶ</strong></span> <span class='ocrx_word' id='word_1_257' title='bbox 362 1223 626 1260; x_wconf 71' lang='grc' dir='ltr'>συναναπαυσόμεθα</span> <span class='ocrx_word' id='word_1_258' title='bbox 641 1223 680 1260; x_wconf 79' lang='grc' dir='ltr'><strong>τῷ</strong></span> <span class='ocrx_word' id='word_1_259' title='bbox 694 1223 816 1260; x_wconf 82' lang='grc' dir='ltr'><strong>Χριστῷ.</strong></span> 
     </span>
    </p>
   </div>
   <div class='ocr_carea' id='block_1_37' title="bbox 205 1353 960 1392">
    <p class='ocr_par' dir='ltr' id='par_1_37' title="bbox 205 1353 960 1392">
     <span class='ocr_line' id='line_1_37' title="bbox 205 1353 960 1392; baseline 0 -10"><span class='ocrx_word' id='word_1_260' title='bbox 205 1355 287 1382; x_wconf 83' lang='grc' dir='ltr'><strong>ΚΥΡ.</strong></span> <span class='ocrx_word' id='word_1_261' title='bbox 306 1353 348 1382; x_wconf 72' lang='grc' dir='ltr'>Εὖ</span> <span class='ocrx_word' id='word_1_262' title='bbox 360 1355 459 1390; x_wconf 78' lang='grc' dir='ltr'>λέγεις.</span> <span class='ocrx_word' id='word_1_263' title='bbox 479 1355 562 1383; x_wconf 80' lang='grc' dir='ltr'><strong>Τουτὶ</strong></span> <span class='ocrx_word' id='word_1_264' title='bbox 580 1356 635 1392; x_wconf 83' lang='grc' dir='ltr'><strong>γὰρ</strong></span> <span class='ocrx_word' id='word_1_265' title='bbox 650 1357 723 1391; x_wconf 72' lang='grc' dir='ltr'>ἡμᾶς</span> <span class='ocrx_word' id='word_1_266' title='bbox 738 1356 879 1382; x_wconf 75' lang='grc' dir='ltr'>ἀναπείσει</span> <span class='ocrx_word' id='word_1_267' title='bbox 892 1364 960 1392; x_wconf 74' lang='grc' dir='ltr'>φρο-</span> 
     </span>
    </p>
   </div>
   <div class='ocr_carea' id='block_1_38' title="bbox 170 1400 963 1437">
    <p class='ocr_par' dir='ltr' id='par_1_38' title="bbox 170 1400 963 1437">
     <span class='ocr_line' id='line_1_38' title="bbox 170 1400 963 1437; baseline 0.001 -11"><span class='ocrx_word' id='word_1_268' title='bbox 170 1401 237 1431; x_wconf 73' lang='grc' dir='ltr'>νεῖν,</span> <span class='ocrx_word' id='word_1_269' title='bbox 251 1401 297 1428; x_wconf 79' lang='grc' dir='ltr'><strong>καὶ</strong></span> <span class='ocrx_word' id='word_1_270' title='bbox 305 1401 444 1437; x_wconf 80' lang='grc' dir='ltr'><strong>προφήτου</strong></span> <span class='ocrx_word' id='word_1_271' title='bbox 453 1401 530 1435; x_wconf 82' lang='grc' dir='ltr'>λόγος</span> <span class='ocrx_word' id='word_1_272' title='bbox 541 1401 609 1436; x_wconf 79' lang='grc' dir='ltr'>ἔχων</span> <span class='ocrx_word' id='word_1_273' title='bbox 622 1401 680 1428; x_wconf 87' lang='grc' dir='ltr'>ὡδί·</span> <span class='ocrx_word' id='word_1_274' title='bbox 692 1411 701 1426; x_wconf 80' lang='grc' dir='ltr'><strong>ι</strong></span> <span class='ocrx_word' id='word_1_275' title='bbox 709 1401 763 1428; x_wconf 78' lang='grc' dir='ltr'><strong>Καὶ</strong></span> <span class='ocrx_word' id='word_1_276' title='bbox 772 1400 963 1436; x_wconf 69' lang='grc' dir='ltr'>νῦν,“1νσραὴλ,</span> 
     </span>
    </p>
   </div>
   <div class='ocr_carea' id='block_1_39' title="bbox 169 1446 959 1483">
    <p class='ocr_par' dir='ltr' id='par_1_39' title="bbox 169 1446 959 1483">
     <span class='ocr_line' id='line_1_39' title="bbox 169 1446 959 1483; baseline 0.003 -11"><span class='ocrx_word' id='word_1_277' title='bbox 169 1446 197 1473; x_wconf 75' lang='grc' dir='ltr'><strong>τί</strong></span> <span class='ocrx_word' id='word_1_278' title='bbox 215 1447 314 1482; x_wconf 77' lang='grc' dir='ltr'>Κύριος</span> <span class='ocrx_word' id='word_1_279' title='bbox 327 1448 340 1474; x_wconf 80' lang='grc' dir='ltr'>ὁ</span> <span class='ocrx_word' id='word_1_280' title='bbox 352 1447 417 1478; x_wconf 80' lang='grc' dir='ltr'>Θεὸς</span> <span class='ocrx_word' id='word_1_281' title='bbox 431 1447 554 1482; x_wconf 76' lang='grc' dir='ltr'>ἐπιζητεῖ</span> <span class='ocrx_word' id='word_1_282' title='bbox 569 1447 644 1483; x_wconf 84' lang='grc' dir='ltr'>παρὰ</span> <span class='ocrx_word' id='word_1_283' title='bbox 657 1447 715 1477; x_wconf 75' lang='grc' dir='ltr'>σοῦ,</span> <span class='ocrx_word' id='word_1_284' title='bbox 726 1446 783 1473; x_wconf 79' lang='grc' dir='ltr'>ἀλλ’</span> <span class='ocrx_word' id='word_1_285' title='bbox 798 1447 815 1482; x_wconf 87' lang='grc' dir='ltr'>ἢ</span> <span class='ocrx_word' id='word_1_286' title='bbox 829 1446 860 1473; x_wconf 80' lang='grc' dir='ltr'>τὸ</span> <span class='ocrx_word' id='word_1_287' title='bbox 872 1448 959 1474; x_wconf 83' lang='grc' dir='ltr'>ποιεῖν</span> 
     </span>
    </p>
   </div>
   <div class='ocr_carea' id='block_1_40' title="bbox 171 1489 960 1528">
    <p class='ocr_par' dir='ltr' id='par_1_40' title="bbox 171 1489 960 1528">
     <span class='ocr_line' id='line_1_40' title="bbox 171 1489 960 1528; baseline 0.001 -10"><span class='ocrx_word' id='word_1_288' title='bbox 171 1493 269 1527; x_wconf 63' lang='grc' dir='ltr'>κρῖμα,</span> <span class='ocrx_word' id='word_1_289' title='bbox 285 1493 331 1519; x_wconf 77' lang='grc' dir='ltr'><strong>καὶ</strong></span> <span class='ocrx_word' id='word_1_290' title='bbox 347 1492 458 1528; x_wconf 79' lang='grc' dir='ltr'><strong>ἀγαπᾷν</strong></span> <span class='ocrx_word' id='word_1_291' title='bbox 473 1493 547 1524; x_wconf 75' lang='grc' dir='ltr'>ἔλεος</span> <span class='ocrx_word' id='word_1_292' title='bbox 557 1512 564 1523; x_wconf 83' lang='grc'>,</span> <span class='ocrx_word' id='word_1_293' title='bbox 580 1494 627 1519; x_wconf 81' lang='grc' dir='ltr'><strong>καὶ</strong></span> <span class='ocrx_word' id='word_1_294' title='bbox 641 1492 750 1528; x_wconf 76' lang='grc' dir='ltr'>ἕτοιμον</span> <span class='ocrx_word' id='word_1_295' title='bbox 764 1489 896 1520; x_wconf 66' lang='grc' dir='ltr'>εἶναιτοῦ</span> <span class='ocrx_word' id='word_1_296' title='bbox 911 1500 960 1519; x_wconf 84' lang='grc' dir='ltr'>πο-</span> 
     </span>
    </p>
   </div>
   <div class='ocr_carea' id='block_1_41' title="bbox 171 1535 697 1574">
    <p class='ocr_par' dir='ltr' id='par_1_41' title="bbox 171 1535 697 1574">
     <span class='ocr_line' id='line_1_41' title="bbox 171 1535 697 1574; baseline 0 -10"><span class='ocrx_word' id='word_1_297' title='bbox 171 1537 299 1574; x_wconf 81' lang='grc' dir='ltr'>ρεύεσθαι</span> <span class='ocrx_word' id='word_1_298' title='bbox 314 1535 382 1573; x_wconf 73' lang='grc' dir='ltr'>μετὰ</span> <span class='ocrx_word' id='word_1_299' title='bbox 397 1538 499 1574; x_wconf 79' lang='grc' dir='ltr'>Κυρίου</span> <span class='ocrx_word' id='word_1_300' title='bbox 512 1538 580 1565; x_wconf 83' lang='grc' dir='ltr'><strong>Θεοῦ</strong></span> <span class='ocrx_word' id='word_1_301' title='bbox 597 1547 642 1566; x_wconf 84' lang='grc' dir='ltr'><strong>σου</strong></span> <span class='ocrx_word' id='word_1_302' title='bbox 655 1546 663 1571; x_wconf 84' lang='lat'><strong>;</strong></span> <span class='ocrx_word' id='word_1_303' title='bbox 682 1547 697 1564; x_wconf 81' lang='lat' dir='ltr'><strong>I-</strong></span> 
     </span>
    </p>
   </div>
   <div class='ocr_carea' id='block_1_42' title="bbox 209 1631 961 1667">
    <p class='ocr_par' dir='ltr' id='par_1_42' title="bbox 209 1631 961 1667">
     <span class='ocr_line' id='line_1_42' title="bbox 209 1631 961 1667; baseline 0 -9"><span class='ocrx_word' id='word_1_304' title='bbox 209 1633 313 1659; x_wconf 81' lang='lat' dir='ltr'><strong>l&#39;IAAA.</strong></span> <span class='ocrx_word' id='word_1_305' title='bbox 339 1632 406 1658; x_wconf 81' lang='grc' dir='ltr'>Ἀλλ’</span> <span class='ocrx_word' id='word_1_306' title='bbox 420 1632 461 1659; x_wconf 83' lang='grc' dir='ltr'>ὅτι</span> <span class='ocrx_word' id='word_1_307' title='bbox 476 1632 525 1666; x_wconf 75' lang='grc' dir='ltr'>μὲν</span> <span class='ocrx_word' id='word_1_308' title='bbox 537 1631 634 1667; x_wconf 77' lang='grc' dir='ltr'>χρῆμα</span> <span class='ocrx_word' id='word_1_309' title='bbox 654 1631 746 1663; x_wconf 76' lang='grc' dir='ltr'>καλὸν.</span> <span class='ocrx_word' id='word_1_310' title='bbox 763 1633 811 1658; x_wconf 77' lang='grc' dir='ltr'><strong>καὶ</strong></span> <span class='ocrx_word' id='word_1_311' title='bbox 831 1631 877 1658; x_wconf 78' lang='grc' dir='ltr'>τοῦ</span> <span class='ocrx_word' id='word_1_312' title='bbox 893 1640 961 1658; x_wconf 58' lang='lat' dir='ltr'><strong>mw.</strong></span> 
     </span>
    </p>
   </div>
   <div class='ocr_carea' id='block_1_43' title="bbox 171 1676 959 1713">
    <p class='ocr_par' dir='ltr' id='par_1_43' title="bbox 171 1676 959 1713">
     <span class='ocr_line' id='line_1_43' title="bbox 171 1676 959 1713; baseline -0.001 -9"><span class='ocrx_word' id='word_1_313' title='bbox 171 1677 218 1709; x_wconf 77' lang='grc' dir='ltr'>τὸς</span> <span class='ocrx_word' id='word_1_314' title='bbox 240 1678 324 1710; x_wconf 82' lang='grc' dir='ltr'>ἄξιον,</span> <span class='ocrx_word' id='word_1_315' title='bbox 341 1678 388 1705; x_wconf 76' lang='grc' dir='ltr'><strong>καὶ</strong></span> <span class='ocrx_word' id='word_1_316' title='bbox 402 1678 451 1713; x_wconf 86' lang='grc' dir='ltr'>τὴν</span> <span class='ocrx_word' id='word_1_317' title='bbox 466 1678 509 1704; x_wconf 73' lang='grc' dir='ltr'><strong>ἐπ’</strong></span> <span class='ocrx_word' id='word_1_318' title='bbox 524 1677 634 1713; x_wconf 81' lang='grc' dir='ltr'><strong>ἀνδρείᾳ</strong></span> <span class='ocrx_word' id='word_1_319' title='bbox 653 1676 732 1709; x_wconf 79' lang='grc' dir='ltr'>δόξαν</span> <span class='ocrx_word' id='word_1_320' title='bbox 747 1677 959 1708; x_wconf 81' lang='grc' dir='ltr'>καταπλουτοῦν.</span> 
     </span>
    </p>
   </div>
   <div class='ocr_carea' id='block_1_44' title="bbox 170 1723 962 1759">
    <p class='ocr_par' dir='ltr' id='par_1_44' title="bbox 170 1723 962 1759">
     <span class='ocr_line' id='line_1_44' title="bbox 170 1723 962 1759; baseline -0.001 -9"><span class='ocrx_word' id='word_1_321' title='bbox 170 1724 203 1750; x_wconf 74' lang='grc' dir='ltr'>τὸ</span> <span class='ocrx_word' id='word_1_322' title='bbox 218 1723 381 1759; x_wconf 82' lang='grc' dir='ltr'>πορεύεσθαι</span> <span class='ocrx_word' id='word_1_323' title='bbox 399 1724 467 1759; x_wconf 85' lang='grc' dir='ltr'>μετὰ</span> <span class='ocrx_word' id='word_1_324' title='bbox 489 1723 592 1759; x_wconf 85' lang='grc' dir='ltr'>Κυρίου</span> <span class='ocrx_word' id='word_1_325' title='bbox 615 1723 683 1749; x_wconf 83' lang='grc' dir='ltr'><strong>Θεοῦ</strong></span> <span class='ocrx_word' id='word_1_326' title='bbox 704 1732 763 1753; x_wconf 84' lang='grc' dir='ltr'>σου,</span> <span class='ocrx_word' id='word_1_327' title='bbox 784 1723 842 1754; x_wconf 87' lang='grc' dir='ltr'><strong>πῶς</strong></span> <span class='ocrx_word' id='word_1_328' title='bbox 863 1724 913 1750; x_wconf 80' lang='grc' dir='ltr'><strong>οὐκ</strong></span> <span class='ocrx_word' id='word_1_329' title='bbox 929 1723 962 1750; x_wconf 78' lang='grc' dir='ltr'>ἂν</span> 
     </span>
    </p>
   </div>
   <div class='ocr_carea' id='block_1_45' title="bbox 172 1766 961 1806">
    <p class='ocr_par' dir='ltr' id='par_1_45' title="bbox 172 1766 961 1806">
     <span class='ocr_line' id='line_1_45' title="bbox 172 1766 961 1806; baseline 0.001 -11"><span class='ocrx_word' id='word_1_330' title='bbox 172 1769 279 1802; x_wconf 77' lang='grc' dir='ltr'>γένοιτο</span> <span class='ocrx_word' id='word_1_331' title='bbox 294 1769 395 1804; x_wconf 81' lang='grc' dir='ltr'>σαφές;</span> <span class='ocrx_word' id='word_1_332' title='bbox 408 1769 440 1796; x_wconf 85' lang='grc' dir='ltr'>Τί</span> <span class='ocrx_word' id='word_1_333' title='bbox 455 1769 477 1796; x_wconf 86' lang='grc' dir='ltr'>δ’</span> <span class='ocrx_word' id='word_1_334' title='bbox 491 1769 524 1796; x_wconf 86' lang='grc' dir='ltr'>ἃν</span> <span class='ocrx_word' id='word_1_335' title='bbox 545 1769 587 1806; x_wconf 79' lang='grc' dir='ltr'><strong>εἴη</strong></span> <span class='ocrx_word' id='word_1_336' title='bbox 603 1769 683 1796; x_wconf 78' lang='grc' dir='ltr'>πάλιν</span> <span class='ocrx_word' id='word_1_337' title='bbox 699 1769 742 1801; x_wconf 72' lang='grc' dir='ltr'><strong>τὸ,</strong></span> <span class='ocrx_word' id='word_1_338' title='bbox 755 1768 862 1804; x_wconf 72' lang='grc' dir='ltr'>ἕτοιμον</span> <span class='ocrx_word' id='word_1_339' title='bbox 881 1766 961 1802; x_wconf 71' lang='grc' dir='ltr'>εἶναι,</span> 
     </span>
    </p>
   </div>
   <div class='ocr_carea' id='block_1_46' title="bbox 173 1814 540 1850">
    <p class='ocr_par' dir='ltr' id='par_1_46' title="bbox 173 1814 540 1850">
     <span class='ocr_line' id='line_1_46' title="bbox 173 1814 540 1850; baseline 0.003 -10"><span class='ocrx_word' id='word_1_340' title='bbox 173 1815 292 1850; x_wconf 78' lang='grc' dir='ltr'>φράσαις</span> <span class='ocrx_word' id='word_1_341' title='bbox 306 1815 338 1841; x_wconf 84' lang='grc' dir='ltr'>ἂν</span> <span class='ocrx_word' id='word_1_342' title='bbox 353 1814 470 1842; x_wconf 74' lang='grc' dir='ltr'>ἐθέλοντι</span> <span class='ocrx_word' id='word_1_343' title='bbox 483 1823 540 1850; x_wconf 87' lang='grc' dir='ltr'>μοι.</span> 
     </span>
    </p>
   </div>
   <div class='ocr_carea' id='block_1_47' title="bbox 210 1859 963 1897">
    <p class='ocr_par' dir='ltr' id='par_1_47' title="bbox 210 1859 963 1897">
     <span class='ocr_line' id='line_1_47' title="bbox 210 1859 963 1897; baseline -0.003 -9"><span class='ocrx_word' id='word_1_344' title='bbox 210 1861 291 1888; x_wconf 83' lang='grc' dir='ltr'><strong>ΚΥΡ.</strong></span> <span class='ocrx_word' id='word_1_345' title='bbox 314 1861 375 1892; x_wconf 83' lang='grc' dir='ltr'><strong>Πῶς</strong></span> <span class='ocrx_word' id='word_1_346' title='bbox 395 1861 450 1897; x_wconf 86' lang='grc' dir='ltr'><strong>γὰρ</strong></span> <span class='ocrx_word' id='word_1_347' title='bbox 466 1860 514 1893; x_wconf 68' lang='lat' dir='ltr'><strong>ob;</strong></span> <span class='ocrx_word' id='word_1_348' title='bbox 528 1860 575 1887; x_wconf 82' lang='grc' dir='ltr'><strong>τοῦ</strong></span> <span class='ocrx_word' id='word_1_349' title='bbox 588 1860 644 1895; x_wconf 79' lang='grc' dir='ltr'><strong>γὰρ</strong></span> <span class='ocrx_word' id='word_1_350' title='bbox 660 1861 768 1896; x_wconf 82' lang='grc' dir='ltr'><strong>φρονεῖν</strong></span> <span class='ocrx_word' id='word_1_351' title='bbox 783 1869 814 1887; x_wconf 85' lang='grc' dir='ltr'><strong>τε</strong></span> <span class='ocrx_word' id='word_1_352' title='bbox 830 1859 878 1888; x_wconf 70' lang='grc' dir='ltr'><strong>καὶ</strong></span> <span class='ocrx_word' id='word_1_353' title='bbox 897 1859 963 1895; x_wconf 81' lang='grc' dir='ltr'>δρᾷν</span> 
     </span>
    </p>
   </div>
   <div class='ocr_carea' id='block_1_48' title="bbox 173 1907 964 1944">
    <p class='ocr_par' dir='ltr' id='par_1_48' title="bbox 173 1907 964 1944">
     <span class='ocr_line' id='line_1_48' title="bbox 173 1907 964 1944; baseline -0.001 -9"><span class='ocrx_word' id='word_1_354' title='bbox 173 1907 330 1940; x_wconf 71' lang='grc' dir='ltr'><strong>ἐπείγεσθαι</strong></span> <span class='ocrx_word' id='word_1_355' title='bbox 345 1908 470 1940; x_wconf 65' lang='grc' dir='ltr'><strong>τὰβεοῦ,</strong></span> <span class='ocrx_word' id='word_1_356' title='bbox 486 1907 561 1944; x_wconf 79' lang='grc' dir='ltr'>παρὰ</span> <span class='ocrx_word' id='word_1_357' title='bbox 573 1908 655 1940; x_wconf 77' lang='grc' dir='ltr'>πόδας</span> <span class='ocrx_word' id='word_1_358' title='bbox 674 1908 739 1943; x_wconf 85' lang='grc' dir='ltr'>ἡμῖν</span> <span class='ocrx_word' id='word_1_359' title='bbox 753 1907 898 1943; x_wconf 81' lang='grc' dir='ltr'>κειμένου,</span> <span class='ocrx_word' id='word_1_360' title='bbox 917 1907 964 1934; x_wconf 79' lang='grc' dir='ltr'><strong>καὶ</strong></span> 
     </span>
    </p>
   </div>
   <div class='ocr_carea' id='block_1_49' title="bbox 172 1953 965 1989">
    <p class='ocr_par' dir='ltr' id='par_1_49' title="bbox 172 1953 965 1989">
     <span class='ocr_line' id='line_1_49' title="bbox 172 1953 965 1989; baseline 0 -10"><span class='ocrx_word' id='word_1_361' title='bbox 172 1953 353 1988; x_wconf 74' lang='grc' dir='ltr'>ἀπείργοντος</span> <span class='ocrx_word' id='word_1_362' title='bbox 363 1953 480 1986; x_wconf 79' lang='grc' dir='ltr'><strong>οὐδενὸς,</strong></span> <span class='ocrx_word' id='word_1_363' title='bbox 493 1953 555 1980; x_wconf 73' lang='grc' dir='ltr'>οὔτε</span> <span class='ocrx_word' id='word_1_364' title='bbox 570 1953 624 1989; x_wconf 84' lang='grc' dir='ltr'>μὴν</span> <span class='ocrx_word' id='word_1_365' title='bbox 634 1953 807 1985; x_wconf 78' lang='grc' dir='ltr'>ἀνθέλκοντος</span> <span class='ocrx_word' id='word_1_366' title='bbox 822 1954 861 1985; x_wconf 76' lang='grc' dir='ltr'>εὶς</span> <span class='ocrx_word' id='word_1_367' title='bbox 875 1953 965 1980; x_wconf 79' lang='grc' dir='ltr'>ἀδόκι-</span> 
     </span>
    </p>
   </div>
   <div class='ocr_carea' id='block_1_50' title="bbox 176 1995 965 2034">
    <p class='ocr_par' dir='ltr' id='par_1_50' title="bbox 176 1995 965 2034">
     <span class='ocr_line' id='line_1_50' title="bbox 176 1995 965 2034; baseline 0.003 -12"><span class='ocrx_word' id='word_1_368' title='bbox 176 2005 232 2032; x_wconf 77' lang='grc' dir='ltr'>μον.</span> <span class='ocrx_word' id='word_1_369' title='bbox 243 1996 315 2028; x_wconf 81' lang='grc' dir='ltr'>νοῦν,</span> <span class='ocrx_word' id='word_1_370' title='bbox 332 1997 420 2029; x_wconf 83' lang='grc' dir='ltr'>τοῦτο,</span> <span class='ocrx_word' id='word_1_371' title='bbox 433 1995 521 2033; x_wconf 77' lang='grc' dir='ltr'>οἴμαι,</span> <span class='ocrx_word' id='word_1_372' title='bbox 536 1997 592 2025; x_wconf 77' lang='grc' dir='ltr'>ἐστι</span> <span class='ocrx_word' id='word_1_373' title='bbox 609 1998 638 2025; x_wconf 78' lang='grc' dir='ltr'>τὸ</span> <span class='ocrx_word' id='word_1_374' title='bbox 654 1998 761 2034; x_wconf 72' lang='grc' dir='ltr'>ἕτοιμον</span> <span class='ocrx_word' id='word_1_375' title='bbox 772 1996 841 2025; x_wconf 82' lang='grc' dir='ltr'>εἶναι</span> <span class='ocrx_word' id='word_1_376' title='bbox 856 1997 904 2024; x_wconf 75' lang='grc' dir='ltr'>τοῦ</span> <span class='ocrx_word' id='word_1_377' title='bbox 917 2006 965 2025; x_wconf 62' lang='grc' dir='ltr'><strong>πον</strong></span> 
     </span>
    </p>
   </div>
   <div class='ocr_carea' id='block_1_51' title="bbox 176 2040 489 2076">
    <p class='ocr_par' dir='ltr' id='par_1_51' title="bbox 176 2040 489 2076">
     <span class='ocr_line' id='line_1_51' title="bbox 176 2040 489 2076; baseline 0.006 -9"><span class='ocrx_word' id='word_1_378' title='bbox 176 2040 305 2076; x_wconf 81' lang='grc' dir='ltr'>ρεύεσθαι</span> <span class='ocrx_word' id='word_1_379' title='bbox 325 2041 394 2076; x_wconf 79' lang='grc' dir='ltr'>μετὰ</span> <span class='ocrx_word' id='word_1_380' title='bbox 411 2041 489 2069; x_wconf 77' lang='grc' dir='ltr'>Θεοῦ.</span> 
     </span>
    </p>
   </div>
   <div class='ocr_carea' id='block_1_52' title="bbox 212 2129 966 2167">
    <p class='ocr_par' dir='ltr' id='par_1_52' title="bbox 212 2129 966 2167">
     <span class='ocr_line' id='line_1_52' title="bbox 212 2129 966 2167; baseline 0 -10"><span class='ocrx_word' id='word_1_381' title='bbox 212 2131 317 2158; x_wconf 67' lang='lat' dir='ltr'><strong>“MA.</strong></span> <span class='ocrx_word' id='word_1_382' title='bbox 344 2130 426 2163; x_wconf 83' lang='grc' dir='ltr'>Τίνας</span> <span class='ocrx_word' id='word_1_383' title='bbox 440 2131 468 2157; x_wconf 78' lang='grc' dir='ltr'><strong>δὲ</strong></span> <span class='ocrx_word' id='word_1_384' title='bbox 484 2131 551 2163; x_wconf 83' lang='grc' dir='ltr'><strong>ὅλως</strong></span> <span class='ocrx_word' id='word_1_385' title='bbox 571 2129 639 2157; x_wconf 77' lang='grc' dir='ltr'>εἷναί</span> <span class='ocrx_word' id='word_1_386' title='bbox 658 2140 748 2167; x_wconf 80' lang='grc' dir='ltr'>φαμεν</span> <span class='ocrx_word' id='word_1_387' title='bbox 767 2131 831 2162; x_wconf 77' lang='grc' dir='ltr'>τοὺς</span> <span class='ocrx_word' id='word_1_388' title='bbox 854 2131 966 2158; x_wconf 83' lang='grc' dir='ltr'>ἀκολου-</span> 
     </span>
    </p>
   </div>
   <div class='ocr_carea' id='block_1_53' title="bbox 176 2175 967 2212">
    <p class='ocr_par' dir='ltr' id='par_1_53' title="bbox 176 2175 967 2212">
     <span class='ocr_line' id='line_1_53' title="bbox 176 2175 967 2212; baseline 0.003 -10"><span class='ocrx_word' id='word_1_389' title='bbox 176 2176 237 2202; x_wconf 79' lang='grc' dir='ltr'><strong>θεῖν.</strong></span> <span class='ocrx_word' id='word_1_390' title='bbox 245 2175 284 2211; x_wconf 82' lang='grc' dir='ltr'>τῷ</span> <span class='ocrx_word' id='word_1_391' title='bbox 296 2175 356 2211; x_wconf 83' lang='grc' dir='ltr'><strong>Θεῷ</strong></span> <span class='ocrx_word' id='word_1_392' title='bbox 368 2175 519 2210; x_wconf 69' lang='grc' dir='ltr'>ἐθέλοντας,</span> <span class='ocrx_word' id='word_1_393' title='bbox 536 2176 573 2212; x_wconf 85' lang='grc' dir='ltr'>μὴ</span> <span class='ocrx_word' id='word_1_394' title='bbox 590 2177 642 2212; x_wconf 87' lang='grc' dir='ltr'><strong>μὴν</strong></span> <span class='ocrx_word' id='word_1_395' title='bbox 655 2176 694 2204; x_wconf 74' lang='grc' dir='ltr'>ἔτι</span> <span class='ocrx_word' id='word_1_396' title='bbox 707 2177 753 2204; x_wconf 69' lang='grc' dir='ltr'><strong>καὶ</strong></span> <span class='ocrx_word' id='word_1_397' title='bbox 768 2177 797 2210; x_wconf 79' lang='grc' dir='ltr'>ἐξ</span> <span class='ocrx_word' id='word_1_398' title='bbox 809 2177 872 2212; x_wconf 79' lang='grc' dir='ltr'>ὅλης</span> <span class='ocrx_word' id='word_1_399' title='bbox 886 2177 967 2204; x_wconf 77' lang='grc' dir='ltr'>τοῦτο</span> 
     </span>
    </p>
   </div>
   <div class='ocr_carea' id='block_1_54' title="bbox 176 2222 965 2258">
    <p class='ocr_par' dir='ltr' id='par_1_54' title="bbox 176 2222 965 2258">
     <span class='ocr_line' id='line_1_54' title="bbox 176 2222 965 2258; baseline 0.004 -11"><span class='ocrx_word' id='word_1_400' title='bbox 176 2222 243 2258; x_wconf 82' lang='grc' dir='ltr'>δρᾷν</span> <span class='ocrx_word' id='word_1_401' title='bbox 258 2222 400 2257; x_wconf 77' lang='grc' dir='ltr'>ἑλομένους</span> <span class='ocrx_word' id='word_1_402' title='bbox 412 2222 511 2257; x_wconf 85' lang='grc' dir='ltr'>ψυχῆς,</span> <span class='ocrx_word' id='word_1_403' title='bbox 526 2222 689 2254; x_wconf 80' lang='grc' dir='ltr'>ὁκλάζοντας</span> <span class='ocrx_word' id='word_1_404' title='bbox 700 2223 729 2249; x_wconf 82' lang='grc' dir='ltr'><strong>δὲ</strong></span> <span class='ocrx_word' id='word_1_405' title='bbox 745 2222 812 2258; x_wconf 81' lang='grc' dir='ltr'>πρὸς</span> <span class='ocrx_word' id='word_1_406' title='bbox 825 2222 856 2249; x_wconf 81' lang='grc' dir='ltr'><strong>τὸ</strong></span> <span class='ocrx_word' id='word_1_407' title='bbox 868 2222 965 2250; x_wconf 79' lang='grc' dir='ltr'>ἄναλκι</span> 
     </span>
    </p>
   </div>
   <div class='ocr_carea' id='block_1_55' title="bbox 116 2264 735 2303">
    <p class='ocr_par' dir='ltr' id='par_1_55' title="bbox 116 2264 735 2303">
     <span class='ocr_line' id='line_1_55' title="bbox 116 2264 735 2303; baseline 0.002 -10"><span class='ocrx_word' id='word_1_408' title='bbox 116 2278 120 2281; x_wconf 83' lang='lat'><strong><em>-</em></strong></span> <span class='ocrx_word' id='word_1_409' title='bbox 177 2268 225 2294; x_wconf 77' lang='grc' dir='ltr'>καὶ</span> <span class='ocrx_word' id='word_1_410' title='bbox 240 2267 473 2302; x_wconf 79' lang='grc' dir='ltr'>παραιτουμένους</span> <span class='ocrx_word' id='word_1_411' title='bbox 490 2264 527 2303; x_wconf 88' lang='grc'><strong>(1)</strong></span> <span class='ocrx_word' id='word_1_412' title='bbox 539 2267 569 2294; x_wconf 83' lang='grc' dir='ltr'><strong>τὸ</strong></span> <span class='ocrx_word' id='word_1_413' title='bbox 586 2268 735 2303; x_wconf 62' lang='grc' dir='ltr'>καρτερῶς</span> 
     </span>
    </p>
   </div>
   <div class='ocr_carea' id='block_1_56' title="bbox 214 2312 966 2349">
    <p class='ocr_par' dir='ltr' id='par_1_56' title="bbox 214 2312 966 2349">
     <span class='ocr_line' id='line_1_56' title="bbox 214 2312 966 2349; baseline 0.001 -9"><span class='ocrx_word' id='word_1_414' title='bbox 214 2313 296 2340; x_wconf 78' lang='grc' dir='ltr'><strong>ΚΥΡ.</strong></span> <span class='ocrx_word' id='word_1_415' title='bbox 312 2312 392 2345; x_wconf 86' lang='grc' dir='ltr'><strong>Τοὺς,</strong></span> <span class='ocrx_word' id='word_1_416' title='bbox 407 2312 435 2338; x_wconf 84' lang='grc' dir='ltr'>οἵ</span> <span class='ocrx_word' id='word_1_417' title='bbox 445 2321 476 2346; x_wconf 83' lang='grc' dir='ltr'><strong>γε</strong></span> <span class='ocrx_word' id='word_1_418' title='bbox 490 2313 596 2348; x_wconf 78' lang='grc' dir='ltr'><strong>βραδεῖς</strong></span> <span class='ocrx_word' id='word_1_419' title='bbox 607 2313 636 2339; x_wconf 79' lang='grc' dir='ltr'>τέ</span> <span class='ocrx_word' id='word_1_420' title='bbox 646 2315 709 2345; x_wconf 79' lang='grc' dir='ltr'>εισι,</span> <span class='ocrx_word' id='word_1_421' title='bbox 725 2314 772 2341; x_wconf 71' lang='grc' dir='ltr'><strong>καὶ</strong></span> <span class='ocrx_word' id='word_1_422' title='bbox 787 2314 862 2349; x_wconf 86' lang='grc' dir='ltr'>μόλις</span> <span class='ocrx_word' id='word_1_423' title='bbox 879 2315 966 2347; x_wconf 75' lang='grc' dir='ltr'>ἱέντας</span> 
     </span>
    </p>
   </div>
   <div class='ocr_carea' id='block_1_57' title="bbox 179 2357 965 2396">
    <p class='ocr_par' dir='ltr' id='par_1_57' title="bbox 179 2357 965 2396">
     <span class='ocr_line' id='line_1_57' title="bbox 179 2357 965 2396; baseline 0.003 -11"><span class='ocrx_word' id='word_1_424' title='bbox 179 2359 229 2394; x_wconf 79' lang='grc' dir='ltr'>μὲν</span> <span class='ocrx_word' id='word_1_425' title='bbox 241 2358 287 2384; x_wconf 78' lang='grc' dir='ltr'><strong>ὲπὶ</strong></span> <span class='ocrx_word' id='word_1_426' title='bbox 299 2358 330 2384; x_wconf 86' lang='grc' dir='ltr'><strong>τὺ</strong></span> <span class='ocrx_word' id='word_1_427' title='bbox 344 2360 452 2393; x_wconf 88' lang='grc' dir='ltr'>φρονεῖν</span> <span class='ocrx_word' id='word_1_428' title='bbox 466 2358 568 2385; x_wconf 74' lang='grc' dir='ltr'>ἐθέλειν</span> <span class='ocrx_word' id='word_1_429' title='bbox 580 2359 614 2385; x_wconf 83' lang='grc' dir='ltr'>τὰ</span> <span class='ocrx_word' id='word_1_430' title='bbox 628 2360 671 2394; x_wconf 74' lang='grc' dir='ltr'><strong>ἐφ’</strong></span> <span class='ocrx_word' id='word_1_431' title='bbox 683 2357 721 2391; x_wconf 75' lang='grc' dir='ltr'><strong>οἷς</strong></span> <span class='ocrx_word' id='word_1_432' title='bbox 736 2360 769 2387; x_wconf 80' lang='grc' dir='ltr'>ἂν</span> <span class='ocrx_word' id='word_1_433' title='bbox 783 2361 874 2396; x_wconf 79' lang='grc' dir='ltr'>ἥδοιτο</span> <span class='ocrx_word' id='word_1_434' title='bbox 889 2360 965 2394; x_wconf 76' lang='grc' dir='ltr'>Θεὸς,</span> 
     </span>
    </p>
   </div>
   <div class='ocr_carea' id='block_1_58' title="bbox 177 2403 967 2442">
    <p class='ocr_par' dir='ltr' id='par_1_58' title="bbox 177 2403 967 2442">
     <span class='ocr_line' id='line_1_58' title="bbox 177 2403 967 2442; baseline 0.004 -12"><span class='ocrx_word' id='word_1_435' title='bbox 177 2404 209 2430; x_wconf 86' lang='grc' dir='ltr'>οὺ</span> <span class='ocrx_word' id='word_1_436' title='bbox 226 2403 279 2440; x_wconf 76' lang='grc' dir='ltr'>μὴν</span> <span class='ocrx_word' id='word_1_437' title='bbox 298 2403 338 2430; x_wconf 78' lang='grc' dir='ltr'>ἐτι</span> <span class='ocrx_word' id='word_1_438' title='bbox 352 2404 399 2430; x_wconf 71' lang='grc' dir='ltr'><strong>καὶ</strong></span> <span class='ocrx_word' id='word_1_439' title='bbox 409 2404 603 2439; x_wconf 79' lang='grc' dir='ltr'>ἀντεχομένους</span> <span class='ocrx_word' id='word_1_440' title='bbox 618 2404 757 2441; x_wconf 79' lang='grc' dir='ltr'>ὁλοκλήρῳ</span> <span class='ocrx_word' id='word_1_441' title='bbox 771 2405 877 2442; x_wconf 82' lang='grc' dir='ltr'>διανοίᾳ</span> <span class='ocrx_word' id='word_1_442' title='bbox 891 2406 967 2433; x_wconf 87' lang='grc' dir='ltr'>πολι-</span> 
     </span>
    </p>
   </div>
   <div class='ocr_carea' id='block_1_59' title="bbox 179 2450 967 2488">
    <p class='ocr_par' dir='ltr' id='par_1_59' title="bbox 179 2450 967 2488">
     <span class='ocr_line' id='line_1_59' title="bbox 179 2450 967 2488; baseline 0.001 -10"><span class='ocrx_word' id='word_1_443' title='bbox 179 2451 255 2483; x_wconf 83' lang='grc' dir='ltr'>τείας</span> <span class='ocrx_word' id='word_1_444' title='bbox 270 2450 453 2488; x_wconf 83' lang='grc' dir='ltr'>ἀγιοπρεποῦς</span> <span class='ocrx_word' id='word_1_445' title='bbox 463 2472 469 2483; x_wconf 88' lang='grc'>,</span> <span class='ocrx_word' id='word_1_446' title='bbox 482 2450 508 2477; x_wconf 76' lang='grc' dir='ltr'>οἵ</span> <span class='ocrx_word' id='word_1_447' title='bbox 523 2452 619 2487; x_wconf 85' lang='grc' dir='ltr'>μοῖραν</span> <span class='ocrx_word' id='word_1_448' title='bbox 633 2451 683 2486; x_wconf 79' lang='grc' dir='ltr'><strong>μὲν</strong></span> <span class='ocrx_word' id='word_1_449' title='bbox 697 2451 790 2487; x_wconf 83' lang='grc' dir='ltr'>ὥσπερ</span> <span class='ocrx_word' id='word_1_450' title='bbox 810 2452 904 2488; x_wconf 82' lang='grc' dir='ltr'>ὀλίγην</span> <span class='ocrx_word' id='word_1_451' title='bbox 918 2453 967 2488; x_wconf 80' lang='grc' dir='ltr'>τῆς</span> 
     </span>
    </p>
   </div>
   <div class='ocr_carea' id='block_1_60' title="bbox 179 2496 966 2532">
    <p class='ocr_par' dir='ltr' id='par_1_60' title="bbox 179 2496 966 2532">
     <span class='ocr_line' id='line_1_60' title="bbox 179 2496 966 2532; baseline 0.001 -10"><span class='ocrx_word' id='word_1_452' title='bbox 179 2496 293 2532; x_wconf 78' lang='grc' dir='ltr'><strong>ἐνούσης</strong></span> <span class='ocrx_word' id='word_1_453' title='bbox 308 2497 399 2528; x_wconf 77' lang='grc' dir='ltr'>αὐτοῖς</span> <span class='ocrx_word' id='word_1_454' title='bbox 409 2496 526 2532; x_wconf 77' lang='grc' dir='ltr'>σπουδῆς</span> <span class='ocrx_word' id='word_1_455' title='bbox 536 2505 565 2523; x_wconf 87' lang='grc' dir='ltr'><strong>τε</strong></span> <span class='ocrx_word' id='word_1_456' title='bbox 578 2497 625 2523; x_wconf 70' lang='grc' dir='ltr'><strong>καὶ</strong></span> <span class='ocrx_word' id='word_1_457' title='bbox 633 2497 786 2532; x_wconf 78' lang='grc' dir='ltr'>προθυμίας</span> <span class='ocrx_word' id='word_1_458' title='bbox 800 2497 966 2532; x_wconf 83' lang='grc' dir='ltr'>ἀπονέμουσι</span> 
     </span>
    </p>
   </div>
   <div class='ocr_carea' id='block_1_61' title="bbox 178 2541 967 2578">
    <p class='ocr_par' dir='ltr' id='par_1_61' title="bbox 178 2541 967 2578">
     <span class='ocr_line' id='line_1_61' title="bbox 178 2541 967 2578; baseline -0.001 -9"><span class='ocrx_word' id='word_1_459' title='bbox 178 2545 213 2578; x_wconf 79' lang='grc' dir='ltr'><strong>τῇ</strong></span> <span class='ocrx_word' id='word_1_460' title='bbox 232 2543 273 2574; x_wconf 81' lang='grc' dir='ltr'>εἰς</span> <span class='ocrx_word' id='word_1_461' title='bbox 286 2542 352 2569; x_wconf 85' lang='grc' dir='ltr'><strong>Θεὸν</strong></span> <span class='ocrx_word' id='word_1_462' title='bbox 371 2542 476 2578; x_wconf 83' lang='grc' dir='ltr'>ἀγάπῃ,</span> <span class='ocrx_word' id='word_1_463' title='bbox 492 2542 522 2568; x_wconf 83' lang='grc' dir='ltr'>τὸ</span> <span class='ocrx_word' id='word_1_464' title='bbox 535 2542 564 2568; x_wconf 77' lang='grc' dir='ltr'><strong>δέ</strong></span> <span class='ocrx_word' id='word_1_465' title='bbox 579 2550 610 2576; x_wconf 89' lang='grc' dir='ltr'><strong>γε</strong></span> <span class='ocrx_word' id='word_1_466' title='bbox 621 2541 712 2569; x_wconf 77' lang='grc' dir='ltr'>λοιπὸν</span> <span class='ocrx_word' id='word_1_467' title='bbox 723 2543 795 2569; x_wconf 83' lang='grc' dir='ltr'>ἆπαν</span> <span class='ocrx_word' id='word_1_468' title='bbox 808 2543 967 2569; x_wconf 81' lang='grc' dir='ltr'>ἁσωτότατά</span> 
     </span>
    </p>
   </div>
   <div class='ocr_carea' id='block_1_62' title="bbox 179 2588 967 2624">
    <p class='ocr_par' dir='ltr' id='par_1_62' title="bbox 179 2588 967 2624">
     <span class='ocr_line' id='line_1_62' title="bbox 179 2588 967 2624; baseline 0 -9"><span class='ocrx_word' id='word_1_469' title='bbox 179 2597 209 2615; x_wconf 86' lang='grc' dir='ltr'>τε</span> <span class='ocrx_word' id='word_1_470' title='bbox 226 2589 274 2615; x_wconf 73' lang='grc' dir='ltr'><strong>καὶ</strong></span> <span class='ocrx_word' id='word_1_471' title='bbox 293 2589 419 2624; x_wconf 84' lang='grc' dir='ltr'>προαλῶς</span> <span class='ocrx_word' id='word_1_472' title='bbox 443 2589 563 2624; x_wconf 85' lang='grc' dir='ltr'>δαπανᾷν</span> <span class='ocrx_word' id='word_1_473' title='bbox 577 2588 712 2622; x_wconf 73' lang='grc' dir='ltr'>ἐγνώκασι</span> <span class='ocrx_word' id='word_1_474' title='bbox 725 2589 780 2619; x_wconf 84' lang='grc' dir='ltr'>τοῖς</span> <span class='ocrx_word' id='word_1_475' title='bbox 793 2589 821 2615; x_wconf 75' lang='grc' dir='ltr'><strong>ἐν</strong></span> <span class='ocrx_word' id='word_1_476' title='bbox 836 2588 903 2623; x_wconf 80' lang='grc' dir='ltr'>τῷδε</span> <span class='ocrx_word' id='word_1_477' title='bbox 918 2589 967 2624; x_wconf 81' lang='grc' dir='ltr'><strong>βίῳ</strong></span> 
     </span>
    </p>
   </div>
   <div class='ocr_carea' id='block_1_63' title="bbox 180 2633 968 2669">
    <p class='ocr_par' dir='ltr' id='par_1_63' title="bbox 180 2633 968 2669">
     <span class='ocr_line' id='line_1_63' title="bbox 180 2633 968 2669; baseline -0.001 -9"><span class='ocrx_word' id='word_1_478' title='bbox 180 2635 402 2668; x_wconf 78' lang='grc' dir='ltr'>περισπασμοῖς,</span> <span class='ocrx_word' id='word_1_479' title='bbox 430 2634 476 2660; x_wconf 76' lang='grc' dir='ltr'><strong>καὶ</strong></span> <span class='ocrx_word' id='word_1_480' title='bbox 503 2634 642 2669; x_wconf 79' lang='grc' dir='ltr'>ἀνονήτοις</span> <span class='ocrx_word' id='word_1_481' title='bbox 669 2633 762 2669; x_wconf 86' lang='grc' dir='ltr'>ἱδρῶσι</span> <span class='ocrx_word' id='word_1_482' title='bbox 789 2634 835 2660; x_wconf 81' lang='grc' dir='ltr'><strong>καὶ</strong></span> <span class='ocrx_word' id='word_1_483' title='bbox 859 2635 968 2669; x_wconf 84' lang='grc' dir='ltr'>πικροῖς</span> 
     </span>
    </p>
   </div>
   <div class='ocr_carea' id='block_1_64' title="bbox 181 2676 968 2714">
    <p class='ocr_par' dir='ltr' id='par_1_64' title="bbox 181 2676 968 2714">
     <span class='ocr_line' id='line_1_64' title="bbox 181 2676 968 2714; baseline -0.001 -9"><span class='ocrx_word' id='word_1_484' title='bbox 181 2678 394 2714; x_wconf 83' lang='grc' dir='ltr'>φροντισμασιν,</span> <span class='ocrx_word' id='word_1_485' title='bbox 410 2676 447 2705; x_wconf 83' lang='grc' dir='ltr'>ὧν</span> <span class='ocrx_word' id='word_1_486' title='bbox 462 2680 501 2710; x_wconf 80' lang='grc' dir='ltr'>εἰς</span> <span class='ocrx_word' id='word_1_487' title='bbox 519 2678 603 2705; x_wconf 90' lang='grc' dir='ltr'>τύπον</span> <span class='ocrx_word' id='word_1_488' title='bbox 617 2678 650 2705; x_wconf 83' lang='grc' dir='ltr'>ἃν</span> <span class='ocrx_word' id='word_1_489' title='bbox 664 2676 718 2705; x_wconf 85' lang='grc' dir='ltr'>εῐεν</span> <span class='ocrx_word' id='word_1_490' title='bbox 739 2680 763 2705; x_wconf 91' lang='grc' dir='ltr'>οἱ</span> <span class='ocrx_word' id='word_1_491' title='bbox 781 2680 814 2705; x_wconf 83' lang='grc' dir='ltr'><strong>ὲκ</strong></span> <span class='ocrx_word' id='word_1_492' title='bbox 840 2678 968 2713; x_wconf 83' lang='grc' dir='ltr'>Ῥουὸείμ</span> 
     </span>
    </p>
   </div>
   <div class='ocr_carea' id='block_1_65' title="bbox 180 2721 965 2759">
    <p class='ocr_par' dir='ltr' id='par_1_65' title="bbox 180 2721 965 2759">
     <span class='ocr_line' id='line_1_65' title="bbox 180 2721 965 2759; baseline -0.003 -10"><span class='ocrx_word' id='word_1_493' title='bbox 180 2731 210 2749; x_wconf 83' lang='grc' dir='ltr'><strong>τε</strong></span> <span class='ocrx_word' id='word_1_494' title='bbox 223 2723 272 2749; x_wconf 73' lang='grc' dir='ltr'><strong>καὶ</strong></span> <span class='ocrx_word' id='word_1_495' title='bbox 284 2723 337 2750; x_wconf 83' lang='grc' dir='ltr'><strong>Γάδ</strong></span> <span class='ocrx_word' id='word_1_496' title='bbox 346 2731 353 2738; x_wconf 83' lang='lat'>&#39;</span> <span class='ocrx_word' id='word_1_497' title='bbox 369 2723 524 2759; x_wconf 77' lang='grc' dir='ltr'>γέγραπται</span> <span class='ocrx_word' id='word_1_498' title='bbox 537 2723 591 2758; x_wconf 78' lang='grc' dir='ltr'><strong>γὰρ</strong></span> <span class='ocrx_word' id='word_1_499' title='bbox 604 2722 686 2749; x_wconf 83' lang='grc' dir='ltr'>πάλιν</span> <span class='ocrx_word' id='word_1_500' title='bbox 702 2723 730 2748; x_wconf 86' lang='grc' dir='ltr'><strong>ὲν</strong></span> <span class='ocrx_word' id='word_1_501' title='bbox 742 2723 798 2753; x_wconf 87' lang='grc' dir='ltr'>τοῖς</span> <span class='ocrx_word' id='word_1_502' title='bbox 817 2721 965 2757; x_wconf 80' lang='grc' dir='ltr'>Ἀριθμοῖς·</span> 
     </span>
    </p>
   </div>
   <div class='ocr_carea' id='block_1_66' title="bbox 183 2765 968 2803">
    <p class='ocr_par' dir='ltr' id='par_1_66' title="bbox 183 2765 968 2803">
     <span class='ocr_line' id='line_1_66' title="bbox 183 2765 968 2803; baseline 0 -10"><span class='ocrx_word' id='word_1_503' title='bbox 183 2777 194 2793; x_wconf 78' lang='grc' dir='ltr'><strong>ι</strong></span> <span class='ocrx_word' id='word_1_504' title='bbox 214 2768 270 2795; x_wconf 78' lang='grc' dir='ltr'><strong>Καὶ</strong></span> <span class='ocrx_word' id='word_1_505' title='bbox 287 2767 393 2803; x_wconf 84' lang='grc' dir='ltr'>κτηνῶν</span> <span class='ocrx_word' id='word_1_506' title='bbox 414 2767 516 2803; x_wconf 77' lang='grc' dir='ltr'>πλῆθος</span> <span class='ocrx_word' id='word_1_507' title='bbox 536 2765 571 2803; x_wconf 79' lang='grc' dir='ltr'><strong>ἦν</strong></span> <span class='ocrx_word' id='word_1_508' title='bbox 592 2769 649 2799; x_wconf 88' lang='grc' dir='ltr'>τοῖς</span> <span class='ocrx_word' id='word_1_509' title='bbox 681 2768 749 2798; x_wconf 78' lang='grc' dir='ltr'>υίοῖς</span> <span class='ocrx_word' id='word_1_510' title='bbox 769 2766 896 2801; x_wconf 68' lang='grc' dir='ltr'>Ῥουσεὶμ</span> <span class='ocrx_word' id='word_1_511' title='bbox 920 2766 968 2793; x_wconf 79' lang='grc' dir='ltr'><strong>καὶ</strong></span> 
     </span>
    </p>
   </div>
   <div class='ocr_carea' id='block_1_67' title="bbox 220 2844 692 2878">
    <p class='ocr_par' dir='ltr' id='par_1_67' title="bbox 220 2844 692 2878">
     <span class='ocr_line' id='line_1_67' title="bbox 220 2844 692 2878; baseline -0.004 -6"><span class='ocrx_word' id='word_1_512' title='bbox 220 2846 242 2861; x_wconf 79' lang='grc'><strong>⁸¹</strong></span> <span class='ocrx_word' id='word_1_513' title='bbox 258 2846 371 2873; x_wconf 80' lang='lat' dir='ltr'><strong>Malacll.</strong></span> <span class='ocrx_word' id='word_1_514' title='bbox 386 2854 414 2878; x_wconf 89' lang='grc' dir='ltr'>ιι,</span> <span class='ocrx_word' id='word_1_515' title='bbox 430 2846 455 2872; x_wconf 84' lang='lat'><strong>7.</strong></span> <span class='ocrx_word' id='word_1_516' title='bbox 496 2846 517 2861; x_wconf 78' lang='lat'><strong><em>“</em></strong></span> <span class='ocrx_word' id='word_1_517' title='bbox 531 2845 614 2872; x_wconf 87' lang='lat' dir='ltr'><strong>Num.</strong></span> <span class='ocrx_word' id='word_1_518' title='bbox 627 2853 653 2877; x_wconf 71' lang='grc' dir='ltr'><strong>κ,</strong></span> <span class='ocrx_word' id='word_1_519' title='bbox 665 2844 692 2870; x_wconf 75' lang='grc'><strong>2.</strong></span> 
     </span>
    </p>
   </div>
   <div class='ocr_carea' id='block_1_68' title="bbox 223 2899 875 2937">
    <p class='ocr_par' dir='ltr' id='par_1_68' title="bbox 223 2899 875 2937">
     <span class='ocr_line' id='line_1_68' title="bbox 223 2899 875 2937; baseline -0.006 -8"><span class='ocrx_word' id='word_1_520' title='bbox 223 2902 262 2937; x_wconf 72' lang='grc'><strong>(1)</strong></span> <span class='ocrx_word' id='word_1_521' title='bbox 283 2902 349 2930; x_wconf 85' lang='lat' dir='ltr'><strong>Cod.</strong></span> <span class='ocrx_word' id='word_1_522' title='bbox 371 2902 443 2934; x_wconf 81' lang='lat' dir='ltr'><strong>Val.,</strong></span> <span class='ocrx_word' id='word_1_523' title='bbox 463 2901 698 2937; x_wconf 75' lang='grc' dir='ltr'>παρωθουμένους,</span> <span class='ocrx_word' id='word_1_524' title='bbox 712 2899 875 2935; x_wconf 70' lang='lat' dir='ltr'><strong>repellentes.</strong></span> 
     </span>
    </p>
   </div>
   <div class='ocr_carea' id='block_1_69' title="bbox 1004 937 1792 981">
    <p class='ocr_par' dir='ltr' id='par_1_69' title="bbox 1004 937 1792 981">
     <span class='ocr_line' id='line_1_69' title="bbox 1004 937 1792 981; baseline -0.016 -6"><span class='ocrx_word' id='word_1_525' title='bbox 1004 947 1083 974; x_wconf 84' lang='lat' dir='ltr'><strong>vobis</strong></span> <span class='ocrx_word' id='word_1_526' title='bbox 1101 945 1255 981; x_wconf 82' lang='lat' dir='ltr'><strong>legitimum</strong></span> <span class='ocrx_word' id='word_1_527' title='bbox 1277 943 1476 980; x_wconf 86' lang='lat' dir='ltr'><strong>sempiternum</strong></span> <span class='ocrx_word' id='word_1_528' title='bbox 1491 940 1518 968; x_wconf 88' lang='lat' dir='ltr'><strong>in</strong></span> <span class='ocrx_word' id='word_1_529' title='bbox 1537 937 1728 975; x_wconf 71' lang='lat' dir='ltr'><strong>generationes</strong></span> <span class='ocrx_word' id='word_1_530' title='bbox 1744 943 1792 964; x_wconf 80' lang='lat' dir='ltr'><strong>ve-</strong></span> 
     </span>
    </p>
   </div>
   <div class='ocr_carea' id='block_1_70' title="bbox 1005 992 1149 1020">
    <p class='ocr_par' dir='ltr' id='par_1_70' title="bbox 1005 992 1149 1020">
     <span class='ocr_line' id='line_1_70' title="bbox 1005 992 1149 1020; baseline -0.021 0"><span class='ocrx_word' id='word_1_531' title='bbox 1005 997 1076 1020; x_wconf 85' lang='lat' dir='ltr'><strong>stras</strong></span> <span class='ocrx_word' id='word_1_532' title='bbox 1091 992 1123 1019; x_wconf 76' lang='lat'><strong>&quot;.</strong></span> <span class='ocrx_word' id='word_1_533' title='bbox 1140 1001 1149 1017; x_wconf 71' lang='grc' dir='ltr'><strong>ι</strong></span> 
     </span>
    </p>
   </div>
   <div class='ocr_carea' id='block_1_71' title="bbox 1040 1028 1793 1072">
    <p class='ocr_par' dir='ltr' id='par_1_71' title="bbox 1040 1028 1793 1072">
     <span class='ocr_line' id='line_1_71' title="bbox 1040 1028 1793 1072; baseline -0.013 -6"><span class='ocrx_word' id='word_1_534' title='bbox 1040 1038 1139 1066; x_wconf 85' lang='lat' dir='ltr'><strong>PALL.</strong></span> <span class='ocrx_word' id='word_1_535' title='bbox 1159 1037 1245 1072; x_wconf 75' lang='lat' dir='ltr'><strong>Igitur</strong></span> <span class='ocrx_word' id='word_1_536' title='bbox 1268 1035 1410 1071; x_wconf 78' lang='lat' dir='ltr'><strong>signorum</strong></span> <span class='ocrx_word' id='word_1_537' title='bbox 1433 1032 1539 1065; x_wconf 87' lang='lat' dir='ltr'><strong>modos,</strong></span> <span class='ocrx_word' id='word_1_538' title='bbox 1554 1037 1708 1059; x_wconf 81' lang='lat' dir='ltr'><strong>sermonem</strong></span> <span class='ocrx_word' id='word_1_539' title='bbox 1731 1028 1793 1056; x_wconf 80' lang='lat' dir='ltr'><strong>uni-</strong></span> 
     </span>
    </p>
   </div>
   <div class='ocr_carea' id='block_1_72' title="bbox 1005 1076 1794 1118">
    <p class='ocr_par' dir='ltr' id='par_1_72' title="bbox 1005 1076 1794 1118">
     <span class='ocr_line' id='line_1_72' title="bbox 1005 1076 1794 1118; baseline -0.013 -7"><span class='ocrx_word' id='word_1_540' title='bbox 1005 1084 1105 1118; x_wconf 84' lang='lat' dir='ltr'><strong>cuique</strong></span> <span class='ocrx_word' id='word_1_541' title='bbox 1126 1082 1210 1110; x_wconf 82' lang='lat' dir='ltr'><strong>statui</strong></span> <span class='ocrx_word' id='word_1_542' title='bbox 1229 1082 1299 1109; x_wconf 82' lang='lat' dir='ltr'><strong>bene</strong></span> <span class='ocrx_word' id='word_1_543' title='bbox 1319 1089 1351 1108; x_wconf 87' lang='lat' dir='ltr'><strong>ac</strong></span> <span class='ocrx_word' id='word_1_544' title='bbox 1366 1079 1540 1108; x_wconf 84' lang='lat' dir='ltr'><strong>laudabiliter</strong></span> <span class='ocrx_word' id='word_1_545' title='bbox 1555 1076 1716 1107; x_wconf 79' lang='lat' dir='ltr'><strong>viventium,</strong></span> <span class='ocrx_word' id='word_1_546' title='bbox 1730 1077 1794 1110; x_wconf 83' lang='lat' dir='ltr'><strong>apte</strong></span> 
     </span>
    </p>
   </div>
   <div class='ocr_carea' id='block_1_73' title="bbox 1005 1119 1794 1159">
    <p class='ocr_par' dir='ltr' id='par_1_73' title="bbox 1005 1119 1794 1159">
     <span class='ocr_line' id='line_1_73' title="bbox 1005 1119 1794 1159; baseline -0.015 -1"><span class='ocrx_word' id='word_1_547' title='bbox 1005 1135 1034 1158; x_wconf 92' lang='lat' dir='ltr'><strong>ct</strong></span> <span class='ocrx_word' id='word_1_548' title='bbox 1052 1128 1256 1157; x_wconf 85' lang='lat' dir='ltr'><strong>accommodate</strong></span> <span class='ocrx_word' id='word_1_549' title='bbox 1278 1127 1431 1155; x_wconf 82' lang='lat' dir='ltr'><strong>exhibitum</strong></span> <span class='ocrx_word' id='word_1_550' title='bbox 1456 1124 1634 1159; x_wconf 83' lang='lat' dir='ltr'><strong>accipiemus.</strong></span> <span class='ocrx_word' id='word_1_551' title='bbox 1652 1122 1691 1148; x_wconf 78' lang='lat' dir='ltr'><strong>ita</strong></span> <span class='ocrx_word' id='word_1_552' title='bbox 1713 1119 1794 1148; x_wconf 87' lang='lat' dir='ltr'><strong>simul</strong></span> 
     </span>
    </p>
   </div>
   <div class='ocr_carea' id='block_1_74' title="bbox 1005 1165 1794 1211">
    <p class='ocr_par' dir='ltr' id='par_1_74' title="bbox 1005 1165 1794 1211">
     <span class='ocr_line' id='line_1_74' title="bbox 1005 1165 1794 1211; baseline -0.015 -8"><span class='ocrx_word' id='word_1_553' title='bbox 1005 1183 1115 1211; x_wconf 92' lang='lat' dir='ltr'><strong>quoque</strong></span> <span class='ocrx_word' id='word_1_554' title='bbox 1141 1181 1204 1202; x_wconf 93' lang='lat' dir='ltr'><strong>cum</strong></span> <span class='ocrx_word' id='word_1_555' title='bbox 1232 1173 1306 1201; x_wconf 91' lang='lat' dir='ltr'><strong>nube</strong></span> <span class='ocrx_word' id='word_1_556' title='bbox 1333 1170 1576 1207; x_wconf 73' lang='lat' dir='ltr'><strong>promovebimus,</strong></span> <span class='ocrx_word' id='word_1_557' title='bbox 1598 1167 1735 1201; x_wconf 88' lang='lat' dir='ltr'><strong>simulque</strong></span> <span class='ocrx_word' id='word_1_558' title='bbox 1759 1165 1794 1192; x_wconf 92' lang='lat' dir='ltr'><strong>ab</strong></span> 
     </span>
    </p>
   </div>
   <div class='ocr_carea' id='block_1_75' title="bbox 1007 1211 1794 1250">
    <p class='ocr_par' dir='ltr' id='par_1_75' title="bbox 1007 1211 1794 1250">
     <span class='ocr_line' id='line_1_75' title="bbox 1007 1211 1794 1250; baseline -0.014 -2"><span class='ocrx_word' id='word_1_559' title='bbox 1007 1221 1104 1248; x_wconf 87' lang='lat' dir='ltr'><strong>itinere</strong></span> <span class='ocrx_word' id='word_1_560' title='bbox 1133 1219 1322 1250; x_wconf 85' lang='lat' dir='ltr'><strong>cessabimus,</strong></span> <span class='ocrx_word' id='word_1_561' title='bbox 1342 1217 1395 1244; x_wconf 89' lang='lat' dir='ltr'><strong>hoc</strong></span> <span class='ocrx_word' id='word_1_562' title='bbox 1421 1219 1474 1247; x_wconf 84' lang='lat' dir='ltr'><strong>est.</strong></span> <span class='ocrx_word' id='word_1_563' title='bbox 1495 1214 1577 1242; x_wconf 90' lang='lat' dir='ltr'><strong>simul</strong></span> <span class='ocrx_word' id='word_1_564' title='bbox 1603 1220 1666 1240; x_wconf 89' lang='lat' dir='ltr'><strong>cum</strong></span> <span class='ocrx_word' id='word_1_565' title='bbox 1684 1211 1794 1240; x_wconf 87' lang='lat' dir='ltr'><strong>Christo</strong></span> 
     </span>
    </p>
   </div>
   <div class='ocr_carea' id='block_1_76' title="bbox 1006 1258 1794 1302">
    <p class='ocr_par' dir='ltr' id='par_1_76' title="bbox 1006 1258 1794 1302">
     <span class='ocr_line' id='line_1_76' title="bbox 1006 1258 1794 1302; baseline -0.014 -9"><span class='ocrx_word' id='word_1_566' title='bbox 1006 1264 1185 1302; x_wconf 80' lang='lat' dir='ltr'><strong>spirituaiiter</strong></span> <span class='ocrx_word' id='word_1_567' title='bbox 1201 1262 1413 1294; x_wconf 78' lang='lat' dir='ltr'><strong>ambulahimus,</strong></span> <span class='ocrx_word' id='word_1_568' title='bbox 1429 1260 1564 1295; x_wconf 80' lang='lat' dir='ltr'><strong>simulque</strong></span> <span class='ocrx_word' id='word_1_569' title='bbox 1580 1258 1794 1294; x_wconf 84' lang='lat' dir='ltr'><strong>requiescemus.</strong></span> 
     </span>
    </p>
   </div>
   <div class='ocr_carea' id='block_1_77' title="bbox 1042 1347 1797 1386">
    <p class='ocr_par' dir='ltr' id='par_1_77' title="bbox 1042 1347 1797 1386">
     <span class='ocr_line' id='line_1_77' title="bbox 1042 1347 1797 1386; baseline -0.015 -2"><span class='ocrx_word' id='word_1_570' title='bbox 1042 1356 1121 1384; x_wconf 71' lang='grc' dir='ltr'><strong>ΟΥΕ.</strong></span> <span class='ocrx_word' id='word_1_571' title='bbox 1142 1355 1226 1383; x_wconf 73' lang='lat' dir='ltr'><strong>Recte</strong></span> <span class='ocrx_word' id='word_1_572' title='bbox 1244 1354 1294 1382; x_wconf 86' lang='lat' dir='ltr'><strong>ais.</strong></span> <span class='ocrx_word' id='word_1_573' title='bbox 1317 1353 1363 1381; x_wconf 86' lang='lat' dir='ltr'><strong>Sic</strong></span> <span class='ocrx_word' id='word_1_574' title='bbox 1384 1358 1502 1386; x_wconf 90' lang='lat' dir='ltr'><strong>namque</strong></span> <span class='ocrx_word' id='word_1_575' title='bbox 1527 1349 1630 1377; x_wconf 86' lang='lat' dir='ltr'><strong>sentire</strong></span> <span class='ocrx_word' id='word_1_576' title='bbox 1650 1347 1797 1384; x_wconf 86' lang='lat' dir='ltr'><strong>persuadet</strong></span> 
     </span>
    </p>
   </div>
   <div class='ocr_carea' id='block_1_78' title="bbox 1007 1393 1795 1438">
    <p class='ocr_par' dir='ltr' id='par_1_78' title="bbox 1007 1393 1795 1438">
     <span class='ocr_line' id='line_1_78' title="bbox 1007 1393 1795 1438; baseline -0.014 -8"><span class='ocrx_word' id='word_1_577' title='bbox 1007 1401 1149 1438; x_wconf 66' lang='lat' dir='ltr'><strong>prophetae</strong></span> <span class='ocrx_word' id='word_1_578' title='bbox 1160 1407 1269 1436; x_wconf 88' lang='lat' dir='ltr'><strong>quoque</strong></span> <span class='ocrx_word' id='word_1_579' title='bbox 1278 1398 1393 1429; x_wconf 90' lang='lat' dir='ltr'><strong>dictum,</strong></span> <span class='ocrx_word' id='word_1_580' title='bbox 1404 1395 1478 1432; x_wconf 87' lang='lat' dir='ltr'><strong>quod</strong></span> <span class='ocrx_word' id='word_1_581' title='bbox 1489 1395 1529 1423; x_wconf 88' lang='lat' dir='ltr'><strong>sic</strong></span> <span class='ocrx_word' id='word_1_582' title='bbox 1539 1395 1623 1428; x_wconf 73' lang='lat' dir='ltr'><strong>liabet</strong></span> <span class='ocrx_word' id='word_1_583' title='bbox 1633 1403 1657 1427; x_wconf 71' lang='grc' dir='ltr'><strong>ει</strong></span> <span class='ocrx_word' id='word_1_584' title='bbox 1667 1393 1701 1421; x_wconf 85' lang='lat' dir='ltr'><strong>Et</strong></span> <span class='ocrx_word' id='word_1_585' title='bbox 1710 1401 1795 1424; x_wconf 85' lang='lat' dir='ltr'><strong>nunc,</strong></span> 
     </span>
    </p>
   </div>
   <div class='ocr_carea' id='block_1_79' title="bbox 1008 1438 1795 1482">
    <p class='ocr_par' dir='ltr' id='par_1_79' title="bbox 1008 1438 1795 1482">
     <span class='ocr_line' id='line_1_79' title="bbox 1008 1438 1795 1482; baseline -0.015 -6"><span class='ocrx_word' id='word_1_586' title='bbox 1008 1448 1102 1479; x_wconf 83' lang='lat' dir='ltr'><strong>Israel,</strong></span> <span class='ocrx_word' id='word_1_587' title='bbox 1121 1446 1188 1482; x_wconf 89' lang='lat' dir='ltr'><strong>quid</strong></span> <span class='ocrx_word' id='word_1_588' title='bbox 1209 1444 1342 1473; x_wconf 85' lang='lat' dir='ltr'><strong>Dominus</strong></span> <span class='ocrx_word' id='word_1_589' title='bbox 1364 1443 1438 1470; x_wconf 84' lang='lat' dir='ltr'><strong>Deus</strong></span> <span class='ocrx_word' id='word_1_590' title='bbox 1455 1440 1576 1476; x_wconf 84' lang='lat' dir='ltr'><strong>exquirit</strong></span> <span class='ocrx_word' id='word_1_591' title='bbox 1593 1447 1608 1467; x_wconf 87' lang='lat' dir='ltr'><strong>a</strong></span> <span class='ocrx_word' id='word_1_592' title='bbox 1624 1443 1661 1470; x_wconf 86' lang='lat' dir='ltr'><strong>te,</strong></span> <span class='ocrx_word' id='word_1_593' title='bbox 1677 1438 1730 1466; x_wconf 92' lang='lat' dir='ltr'><strong>nisi</strong></span> <span class='ocrx_word' id='word_1_594' title='bbox 1754 1438 1795 1465; x_wconf 81' lang='lat' dir='ltr'><strong>fa-</strong></span> 
     </span>
    </p>
   </div>
   <div class='ocr_carea' id='block_1_80' title="bbox 1008 1483 1796 1527">
    <p class='ocr_par' dir='ltr' id='par_1_80' title="bbox 1008 1483 1796 1527">
     <span class='ocr_line' id='line_1_80' title="bbox 1008 1483 1796 1527; baseline -0.016 -7"><span class='ocrx_word' id='word_1_595' title='bbox 1008 1500 1071 1520; x_wconf 83' lang='lat' dir='ltr'><strong>cere</strong></span> <span class='ocrx_word' id='word_1_596' title='bbox 1084 1490 1228 1527; x_wconf 87' lang='lat' dir='ltr'><strong>judicium,</strong></span> <span class='ocrx_word' id='word_1_597' title='bbox 1243 1492 1271 1516; x_wconf 90' lang='lat' dir='ltr'><strong>et</strong></span> <span class='ocrx_word' id='word_1_598' title='bbox 1287 1488 1400 1523; x_wconf 77' lang='lat' dir='ltr'><strong>diligere</strong></span> <span class='ocrx_word' id='word_1_599' title='bbox 1418 1483 1646 1514; x_wconf 87' lang='lat' dir='ltr'><strong>misericordiam,</strong></span> <span class='ocrx_word' id='word_1_600' title='bbox 1658 1486 1687 1509; x_wconf 84' lang='lat' dir='ltr'><strong>et</strong></span> <span class='ocrx_word' id='word_1_601' title='bbox 1703 1489 1796 1517; x_wconf 84' lang='lat' dir='ltr'><strong>prom-</strong></span> 
     </span>
    </p>
   </div>
   <div class='ocr_carea' id='block_1_81' title="bbox 1009 1528 1797 1574">
    <p class='ocr_par' dir='ltr' id='par_1_81' title="bbox 1009 1528 1797 1574">
     <span class='ocr_line' id='line_1_81' title="bbox 1009 1528 1797 1574; baseline -0.015 -8"><span class='ocrx_word' id='word_1_602' title='bbox 1009 1542 1088 1574; x_wconf 89' lang='lat' dir='ltr'><strong>ptum</strong></span> <span class='ocrx_word' id='word_1_603' title='bbox 1119 1544 1180 1565; x_wconf 82' lang='lat' dir='ltr'><strong>esse</strong></span> <span class='ocrx_word' id='word_1_604' title='bbox 1211 1535 1246 1563; x_wconf 89' lang='lat' dir='ltr'><strong>ad</strong></span> <span class='ocrx_word' id='word_1_605' title='bbox 1275 1532 1472 1562; x_wconf 83' lang='lat' dir='ltr'><strong>ambulandum</strong></span> <span class='ocrx_word' id='word_1_606' title='bbox 1504 1538 1567 1558; x_wconf 92' lang='lat' dir='ltr'><strong>cum</strong></span> <span class='ocrx_word' id='word_1_607' title='bbox 1598 1528 1712 1557; x_wconf 87' lang='lat' dir='ltr'><strong>Domino</strong></span> <span class='ocrx_word' id='word_1_608' title='bbox 1741 1528 1797 1554; x_wconf 89' lang='lat' dir='ltr'><strong>Deo</strong></span> 
     </span>
    </p>
   </div>
   <div class='ocr_carea' id='block_1_82' title="bbox 971 1578 1143 1610">
    <p class='ocr_par' dir='ltr' id='par_1_82' title="bbox 971 1578 1143 1610">
     <span class='ocr_line' id='line_1_82' title="bbox 971 1578 1143 1610; baseline -0.023 1"><span class='ocrx_word' id='word_1_609' title='bbox 971 1578 993 1608; x_wconf 82' lang='lat' dir='ltr'><strong>C</strong></span> <span class='ocrx_word' id='word_1_610' title='bbox 1011 1588 1057 1610; x_wconf 91' lang='lat' dir='ltr'><strong>tuo</strong></span> <span class='ocrx_word' id='word_1_611' title='bbox 1074 1582 1118 1608; x_wconf 65' lang='grc'><strong>⁵⁸2</strong></span> <span class='ocrx_word' id='word_1_612' title='bbox 1134 1591 1143 1607; x_wconf 70' lang='grc' dir='ltr'><strong>ι</strong></span> 
     </span>
    </p>
   </div>
   <div class='ocr_carea' id='block_1_83' title="bbox 1046 1620 1798 1661">
    <p class='ocr_par' dir='ltr' id='par_1_83' title="bbox 1046 1620 1798 1661">
     <span class='ocr_line' id='line_1_83' title="bbox 1046 1620 1798 1661; baseline -0.015 -5"><span class='ocrx_word' id='word_1_613' title='bbox 1046 1628 1144 1656; x_wconf 84' lang='lat' dir='ltr'><strong>PALL.</strong></span> <span class='ocrx_word' id='word_1_614' title='bbox 1166 1626 1248 1661; x_wconf 80' lang='lat' dir='ltr'><strong>Atqui</strong></span> <span class='ocrx_word' id='word_1_615' title='bbox 1272 1633 1331 1654; x_wconf 89' lang='lat' dir='ltr'><strong>rem</strong></span> <span class='ocrx_word' id='word_1_616' title='bbox 1350 1623 1460 1659; x_wconf 87' lang='lat' dir='ltr'><strong>quidem</strong></span> <span class='ocrx_word' id='word_1_617' title='bbox 1483 1630 1543 1650; x_wconf 84' lang='lat' dir='ltr'><strong>esse</strong></span> <span class='ocrx_word' id='word_1_618' title='bbox 1566 1620 1709 1648; x_wconf 83' lang='lat' dir='ltr'><strong>manifeste</strong></span> <span class='ocrx_word' id='word_1_619' title='bbox 1730 1626 1798 1654; x_wconf 67' lang='lat' dir='ltr'><strong>prae-</strong></span> 
     </span>
    </p>
   </div>
   <div class='ocr_carea' id='block_1_84' title="bbox 1011 1663 1800 1708">
    <p class='ocr_par' dir='ltr' id='par_1_84' title="bbox 1011 1663 1800 1708">
     <span class='ocr_line' id='line_1_84' title="bbox 1011 1663 1800 1708; baseline -0.015 -6"><span class='ocrx_word' id='word_1_620' title='bbox 1011 1674 1112 1701; x_wconf 85' lang='lat' dir='ltr'><strong>claram</strong></span> <span class='ocrx_word' id='word_1_621' title='bbox 1137 1681 1169 1700; x_wconf 89' lang='lat' dir='ltr'><strong>ac</strong></span> <span class='ocrx_word' id='word_1_622' title='bbox 1190 1671 1302 1708; x_wconf 88' lang='lat' dir='ltr'><strong>plurimi</strong></span> <span class='ocrx_word' id='word_1_623' title='bbox 1325 1669 1488 1699; x_wconf 82' lang='lat' dir='ltr'><strong>faciendam,</strong></span> <span class='ocrx_word' id='word_1_624' title='bbox 1502 1672 1529 1695; x_wconf 89' lang='lat' dir='ltr'><strong>et</strong></span> <span class='ocrx_word' id='word_1_625' title='bbox 1549 1674 1610 1702; x_wconf 72' lang='lat' dir='ltr'><strong>quae</strong></span> <span class='ocrx_word' id='word_1_626' title='bbox 1630 1663 1800 1692; x_wconf 81' lang='lat' dir='ltr'><strong>fortitudinis</strong></span> 
     </span>
    </p>
   </div>
   <div class='ocr_carea' id='block_1_85' title="bbox 1012 1710 1798 1755">
    <p class='ocr_par' dir='ltr' id='par_1_85' title="bbox 1012 1710 1798 1755">
     <span class='ocr_line' id='line_1_85' title="bbox 1012 1710 1798 1755; baseline -0.014 -8"><span class='ocrx_word' id='word_1_627' title='bbox 1012 1719 1169 1755; x_wconf 88' lang='lat' dir='ltr'><strong>opinionem</strong></span> <span class='ocrx_word' id='word_1_628' title='bbox 1191 1717 1328 1748; x_wconf 86' lang='lat' dir='ltr'><strong>conciliet,</strong></span> <span class='ocrx_word' id='word_1_629' title='bbox 1350 1714 1491 1743; x_wconf 84' lang='lat' dir='ltr'><strong>ambulare</strong></span> <span class='ocrx_word' id='word_1_630' title='bbox 1514 1721 1575 1741; x_wconf 91' lang='lat' dir='ltr'><strong>cum</strong></span> <span class='ocrx_word' id='word_1_631' title='bbox 1597 1711 1711 1738; x_wconf 90' lang='lat' dir='ltr'><strong>Domino</strong></span> <span class='ocrx_word' id='word_1_632' title='bbox 1731 1710 1798 1741; x_wconf 77' lang='lat' dir='ltr'><strong>Deo.</strong></span> 
     </span>
    </p>
   </div>
   <div class='ocr_carea' id='block_1_86' title="bbox 1013 1756 1799 1800">
    <p class='ocr_par' dir='ltr' id='par_1_86' title="bbox 1013 1756 1799 1800">
     <span class='ocr_line' id='line_1_86' title="bbox 1013 1756 1799 1800; baseline -0.013 -8"><span class='ocrx_word' id='word_1_633' title='bbox 1013 1765 1075 1800; x_wconf 85' lang='lat' dir='ltr'><strong>quis</strong></span> <span class='ocrx_word' id='word_1_634' title='bbox 1088 1764 1184 1799; x_wconf 77' lang='lat' dir='ltr'><strong>neget?</strong></span> <span class='ocrx_word' id='word_1_635' title='bbox 1205 1763 1259 1791; x_wconf 89' lang='lat' dir='ltr'><strong>Sed</strong></span> <span class='ocrx_word' id='word_1_636' title='bbox 1283 1766 1372 1789; x_wconf 84' lang='lat' dir='ltr'><strong>tamen</strong></span> <span class='ocrx_word' id='word_1_637' title='bbox 1393 1760 1460 1788; x_wconf 83' lang='lat' dir='ltr'><strong>illud</strong></span> <span class='ocrx_word' id='word_1_638' title='bbox 1481 1765 1575 1787; x_wconf 89' lang='lat' dir='ltr'><strong>rursus</strong></span> <span class='ocrx_word' id='word_1_639' title='bbox 1594 1757 1661 1784; x_wconf 87' lang='lat' dir='ltr'><strong>mihi</strong></span> <span class='ocrx_word' id='word_1_640' title='bbox 1680 1756 1799 1793; x_wconf 76' lang='lat' dir='ltr'><strong>explices</strong></span> 
     </span>
    </p>
   </div>
   <div class='ocr_carea' id='block_1_87' title="bbox 1012 1807 1554 1845">
    <p class='ocr_par' dir='ltr' id='par_1_87' title="bbox 1012 1807 1554 1845">
     <span class='ocr_line' id='line_1_87' title="bbox 1012 1807 1554 1845; baseline -0.013 -8"><span class='ocrx_word' id='word_1_641' title='bbox 1012 1811 1104 1842; x_wconf 89' lang='lat' dir='ltr'><strong>velim,</strong></span> <span class='ocrx_word' id='word_1_642' title='bbox 1120 1809 1250 1845; x_wconf 88' lang='lat' dir='ltr'><strong>quidnam</strong></span> <span class='ocrx_word' id='word_1_643' title='bbox 1263 1807 1298 1835; x_wconf 89' lang='lat' dir='ltr'><strong>sit</strong></span> <span class='ocrx_word' id='word_1_644' title='bbox 1312 1810 1469 1842; x_wconf 88' lang='lat' dir='ltr'><strong>promptum</strong></span> <span class='ocrx_word' id='word_1_645' title='bbox 1483 1811 1554 1831; x_wconf 89' lang='lat' dir='ltr'><strong>esse.</strong></span> 
     </span>
    </p>
   </div>
   <div class='ocr_carea' id='block_1_88' title="bbox 1048 1846 1799 1885">
    <p class='ocr_par' dir='ltr' id='par_1_88' title="bbox 1048 1846 1799 1885">
     <span class='ocr_line' id='line_1_88' title="bbox 1048 1846 1799 1885; baseline -0.015 -1"><span class='ocrx_word' id='word_1_646' title='bbox 1048 1856 1132 1885; x_wconf 60' lang='lat' dir='ltr'><strong>CYR.</strong></span> <span class='ocrx_word' id='word_1_647' title='bbox 1146 1855 1253 1884; x_wconf 82' lang='lat' dir='ltr'><strong>Faciam</strong></span> <span class='ocrx_word' id='word_1_648' title='bbox 1272 1861 1359 1880; x_wconf 84' lang='lat' dir='ltr'><strong>vero:</strong></span> <span class='ocrx_word' id='word_1_649' title='bbox 1374 1860 1423 1879; x_wconf 90' lang='lat' dir='ltr'><strong>cur</strong></span> <span class='ocrx_word' id='word_1_650' title='bbox 1442 1851 1515 1879; x_wconf 90' lang='lat' dir='ltr'><strong>enim</strong></span> <span class='ocrx_word' id='word_1_651' title='bbox 1539 1848 1657 1884; x_wconf 81' lang='lat' dir='ltr'><strong>negem?</strong></span> <span class='ocrx_word' id='word_1_652' title='bbox 1677 1846 1704 1875; x_wconf 89' lang='lat' dir='ltr'><strong>Si</strong></span> <span class='ocrx_word' id='word_1_653' title='bbox 1726 1846 1799 1874; x_wconf 89' lang='lat' dir='ltr'><strong>enim</strong></span> 
     </span>
    </p>
   </div>
   <div class='ocr_carea' id='block_1_89' title="bbox 1014 1893 1802 1938">
    <p class='ocr_par' dir='ltr' id='par_1_89' title="bbox 1014 1893 1802 1938">
     <span class='ocr_line' id='line_1_89' title="bbox 1014 1893 1802 1938; baseline -0.011 -8"><span class='ocrx_word' id='word_1_654' title='bbox 1014 1902 1041 1937; x_wconf 84' lang='lat' dir='ltr'><strong>in</strong></span> <span class='ocrx_word' id='word_1_655' title='bbox 1056 1896 1186 1938; x_wconf 80' lang='lat' dir='ltr'><strong>promptu</strong></span> <span class='ocrx_word' id='word_1_656' title='bbox 1207 1900 1243 1927; x_wconf 85' lang='lat' dir='ltr'><strong>sit</strong></span> <span class='ocrx_word' id='word_1_657' title='bbox 1262 1898 1342 1926; x_wconf 88' lang='lat' dir='ltr'><strong>nobis</strong></span> <span class='ocrx_word' id='word_1_658' title='bbox 1360 1897 1492 1933; x_wconf 82' lang='lat' dir='ltr'><strong>positum,</strong></span> <span class='ocrx_word' id='word_1_659' title='bbox 1506 1900 1537 1922; x_wconf 91' lang='lat' dir='ltr'><strong>ut</strong></span> <span class='ocrx_word' id='word_1_660' title='bbox 1550 1903 1610 1930; x_wconf 82' lang='lat' dir='ltr'><strong>qua:</strong></span> <span class='ocrx_word' id='word_1_661' title='bbox 1626 1893 1676 1921; x_wconf 88' lang='lat' dir='ltr'><strong>Dei</strong></span> <span class='ocrx_word' id='word_1_662' title='bbox 1691 1897 1755 1920; x_wconf 86' lang='lat' dir='ltr'><strong>sunt</strong></span> <span class='ocrx_word' id='word_1_663' title='bbox 1773 1896 1802 1921; x_wconf 88' lang='lat' dir='ltr'><strong>et</strong></span> 
     </span>
    </p>
   </div>
   <div class='ocr_carea' id='block_1_90' title="bbox 1014 1937 1800 1979">
    <p class='ocr_par' dir='ltr' id='par_1_90' title="bbox 1014 1937 1800 1979">
     <span class='ocr_line' id='line_1_90' title="bbox 1014 1937 1800 1979; baseline -0.015 -3"><span class='ocrx_word' id='word_1_664' title='bbox 1014 1937 1174 1979; x_wconf 81' lang='lat' dir='ltr'><strong>sentiamus,</strong></span> <span class='ocrx_word' id='word_1_665' title='bbox 1191 1950 1219 1973; x_wconf 84' lang='lat' dir='ltr'><strong>et</strong></span> <span class='ocrx_word' id='word_1_666' title='bbox 1234 1945 1360 1973; x_wconf 85' lang='lat' dir='ltr'><strong>celeriter</strong></span> <span class='ocrx_word' id='word_1_667' title='bbox 1373 1943 1513 1974; x_wconf 79' lang='lat' dir='ltr'><strong>faciamus,</strong></span> <span class='ocrx_word' id='word_1_668' title='bbox 1528 1941 1652 1975; x_wconf 90' lang='lat' dir='ltr'><strong>nihilque</strong></span> <span class='ocrx_word' id='word_1_669' title='bbox 1665 1939 1701 1967; x_wconf 89' lang='lat' dir='ltr'><strong>sit</strong></span> <span class='ocrx_word' id='word_1_670' title='bbox 1726 1937 1800 1973; x_wconf 91' lang='lat' dir='ltr'><strong>quod</strong></span> 
     </span>
    </p>
   </div>
   <div class='ocr_carea' id='block_1_91' title="bbox 1014 1984 1802 2031">
    <p class='ocr_par' dir='ltr' id='par_1_91' title="bbox 1014 1984 1802 2031">
     <span class='ocr_line' id='line_1_91' title="bbox 1014 1984 1802 2031; baseline -0.015 -8"><span class='ocrx_word' id='word_1_671' title='bbox 1014 1994 1161 2031; x_wconf 88' lang='lat' dir='ltr'><strong>prohibeat</strong></span> <span class='ocrx_word' id='word_1_672' title='bbox 1175 1997 1222 2020; x_wconf 89' lang='lat' dir='ltr'><strong>aut</strong></span> <span class='ocrx_word' id='word_1_673' title='bbox 1237 1991 1377 2027; x_wconf 89' lang='lat' dir='ltr'><strong>pertrahat</strong></span> <span class='ocrx_word' id='word_1_674' title='bbox 1395 1989 1423 2017; x_wconf 92' lang='lat' dir='ltr'><strong>in</strong></span> <span class='ocrx_word' id='word_1_675' title='bbox 1443 1988 1590 2024; x_wconf 89' lang='lat' dir='ltr'><strong>reprobum</strong></span> <span class='ocrx_word' id='word_1_676' title='bbox 1611 1993 1733 2016; x_wconf 85' lang='lat' dir='ltr'><strong>sensum.</strong></span> <span class='ocrx_word' id='word_1_677' title='bbox 1749 1984 1802 2011; x_wconf 89' lang='lat' dir='ltr'><strong>hoc</strong></span> 
     </span>
    </p>
   </div>
   <div class='ocr_carea' id='block_1_92' title="bbox 1015 2033 1801 2072">
    <p class='ocr_par' dir='ltr' id='par_1_92' title="bbox 1015 2033 1801 2072">
     <span class='ocr_line' id='line_1_92' title="bbox 1015 2033 1801 2072; baseline -0.015 -4"><span class='ocrx_word' id='word_1_678' title='bbox 1015 2040 1082 2068; x_wconf 91' lang='lat' dir='ltr'><strong>illud</strong></span> <span class='ocrx_word' id='word_1_679' title='bbox 1105 2043 1156 2071; x_wconf 89' lang='lat' dir='ltr'><strong>est,</strong></span> <span class='ocrx_word' id='word_1_680' title='bbox 1180 2046 1240 2065; x_wconf 90' lang='lat' dir='ltr'><strong>mea</strong></span> <span class='ocrx_word' id='word_1_681' title='bbox 1264 2036 1374 2072; x_wconf 89' lang='lat' dir='ltr'><strong>quidem</strong></span> <span class='ocrx_word' id='word_1_682' title='bbox 1394 2033 1538 2065; x_wconf 82' lang='lat' dir='ltr'><strong>sententia,</strong></span> <span class='ocrx_word' id='word_1_683' title='bbox 1562 2034 1719 2068; x_wconf 88' lang='lat' dir='ltr'><strong>promptum</strong></span> <span class='ocrx_word' id='word_1_684' title='bbox 1741 2037 1801 2058; x_wconf 84' lang='lat' dir='ltr'><strong>esse</strong></span> 
     </span>
    </p>
   </div>
   <div class='ocr_carea' id='block_1_93' title="bbox 1015 2081 1412 2114">
    <p class='ocr_par' dir='ltr' id='par_1_93' title="bbox 1015 2081 1412 2114">
     <span class='ocr_line' id='line_1_93' title="bbox 1015 2081 1412 2114; baseline -0.018 0"><span class='ocrx_word' id='word_1_685' title='bbox 1015 2086 1049 2114; x_wconf 89' lang='lat' dir='ltr'><strong>ad</strong></span> <span class='ocrx_word' id='word_1_686' title='bbox 1063 2084 1255 2113; x_wconf 82' lang='lat' dir='ltr'><strong>ambulandum</strong></span> <span class='ocrx_word' id='word_1_687' title='bbox 1271 2090 1332 2110; x_wconf 91' lang='lat' dir='ltr'><strong>eum</strong></span> <span class='ocrx_word' id='word_1_688' title='bbox 1347 2081 1412 2108; x_wconf 87' lang='lat' dir='ltr'><strong>Deo.</strong></span> 
     </span>
    </p>
   </div>
   <div class='ocr_carea' id='block_1_94' title="bbox 1050 2120 1801 2162">
    <p class='ocr_par' dir='ltr' id='par_1_94' title="bbox 1050 2120 1801 2162">
     <span class='ocr_line' id='line_1_94' title="bbox 1050 2120 1801 2162; baseline -0.016 -4"><span class='ocrx_word' id='word_1_689' title='bbox 1050 2129 1149 2158; x_wconf 79' lang='lat' dir='ltr'><strong>PALL.</strong></span> <span class='ocrx_word' id='word_1_690' title='bbox 1165 2129 1238 2162; x_wconf 85' lang='lat' dir='ltr'><strong>Quos</strong></span> <span class='ocrx_word' id='word_1_691' title='bbox 1249 2135 1314 2154; x_wconf 88' lang='lat' dir='ltr'><strong>vero</strong></span> <span class='ocrx_word' id='word_1_692' title='bbox 1327 2125 1439 2153; x_wconf 90' lang='lat' dir='ltr'><strong>omnino</strong></span> <span class='ocrx_word' id='word_1_693' title='bbox 1456 2123 1573 2151; x_wconf 90' lang='lat' dir='ltr'><strong>dicimus</strong></span> <span class='ocrx_word' id='word_1_694' title='bbox 1586 2129 1633 2149; x_wconf 88' lang='lat' dir='ltr'><strong>eos</strong></span> <span class='ocrx_word' id='word_1_695' title='bbox 1657 2120 1704 2156; x_wconf 90' lang='lat' dir='ltr'><strong>qui</strong></span> <span class='ocrx_word' id='word_1_696' title='bbox 1716 2120 1801 2148; x_wconf 87' lang='lat' dir='ltr'><strong>Deum</strong></span> 
     </span>
    </p>
   </div>
   <div class='ocr_carea' id='block_1_95' title="bbox 1016 2165 1803 2210">
    <p class='ocr_par' dir='ltr' id='par_1_95' title="bbox 1016 2165 1803 2210">
     <span class='ocr_line' id='line_1_95' title="bbox 1016 2165 1803 2210; baseline -0.017 -7"><span class='ocrx_word' id='word_1_697' title='bbox 1016 2175 1095 2210; x_wconf 90' lang='lat' dir='ltr'><strong>sequi</strong></span> <span class='ocrx_word' id='word_1_698' title='bbox 1116 2173 1228 2208; x_wconf 87' lang='lat' dir='ltr'><strong>cupiant</strong></span> <span class='ocrx_word' id='word_1_699' title='bbox 1240 2171 1361 2207; x_wconf 87' lang='lat' dir='ltr'><strong>quidem,</strong></span> <span class='ocrx_word' id='word_1_700' title='bbox 1377 2177 1432 2196; x_wconf 92' lang='lat' dir='ltr'><strong>non</strong></span> <span class='ocrx_word' id='word_1_701' title='bbox 1446 2172 1535 2195; x_wconf 85' lang='lat' dir='ltr'><strong>tamen</strong></span> <span class='ocrx_word' id='word_1_702' title='bbox 1551 2166 1577 2194; x_wconf 92' lang='lat' dir='ltr'><strong>id</strong></span> <span class='ocrx_word' id='word_1_703' title='bbox 1591 2174 1624 2193; x_wconf 77' lang='lat' dir='ltr'><strong>ex</strong></span> <span class='ocrx_word' id='word_1_704' title='bbox 1641 2169 1697 2192; x_wconf 88' lang='lat' dir='ltr'><strong>toto</strong></span> <span class='ocrx_word' id='word_1_705' title='bbox 1711 2165 1803 2192; x_wconf 89' lang='lat' dir='ltr'><strong>animo</strong></span> 
     </span>
    </p>
   </div>
   <div class='ocr_carea' id='block_1_96' title="bbox 1017 2213 1802 2252">
    <p class='ocr_par' dir='ltr' id='par_1_96' title="bbox 1017 2213 1802 2252">
     <span class='ocr_line' id='line_1_96' title="bbox 1017 2213 1802 2252; baseline -0.015 -3"><span class='ocrx_word' id='word_1_706' title='bbox 1017 2221 1102 2249; x_wconf 87' lang='lat' dir='ltr'><strong>velint</strong></span> <span class='ocrx_word' id='word_1_707' title='bbox 1113 2219 1230 2250; x_wconf 75' lang='lat' dir='ltr'><strong>efﬁcere,</strong></span> <span class='ocrx_word' id='word_1_708' title='bbox 1243 2217 1290 2245; x_wconf 88' lang='lat' dir='ltr'><strong>sed</strong></span> <span class='ocrx_word' id='word_1_709' title='bbox 1302 2225 1358 2252; x_wconf 65' lang='lat' dir='ltr'><strong>prie</strong></span> <span class='ocrx_word' id='word_1_710' title='bbox 1367 2215 1472 2252; x_wconf 80' lang='lat' dir='ltr'><strong>ignavia</strong></span> <span class='ocrx_word' id='word_1_711' title='bbox 1485 2213 1674 2245; x_wconf 89' lang='lat' dir='ltr'><strong>succumbant,</strong></span> <span class='ocrx_word' id='word_1_712' title='bbox 1686 2215 1714 2239; x_wconf 90' lang='lat' dir='ltr'><strong>et</strong></span> <span class='ocrx_word' id='word_1_713' title='bbox 1727 2219 1802 2246; x_wconf 89' lang='lat' dir='ltr'><strong>aspe-</strong></span> 
     </span>
    </p>
   </div>
   <div class='ocr_carea' id='block_1_97' title="bbox 1017 2259 1611 2295">
    <p class='ocr_par' dir='ltr' id='par_1_97' title="bbox 1017 2259 1611 2295">
     <span class='ocr_line' id='line_1_97' title="bbox 1017 2259 1611 2295; baseline -0.017 0"><span class='ocrx_word' id='word_1_714' title='bbox 1017 2274 1109 2295; x_wconf 80' lang='lat' dir='ltr'><strong>rarum</strong></span> <span class='ocrx_word' id='word_1_715' title='bbox 1122 2272 1212 2292; x_wconf 89' lang='lat' dir='ltr'><strong>rerum</strong></span> <span class='ocrx_word' id='word_1_716' title='bbox 1228 2262 1400 2291; x_wconf 85' lang='lat' dir='ltr'><strong>tolerantiam</strong></span> <span class='ocrx_word' id='word_1_717' title='bbox 1413 2259 1611 2295; x_wconf 83' lang='lat' dir='ltr'><strong>deprecentur?</strong></span> 
     </span>
    </p>
   </div>
   <div class='ocr_carea' id='block_1_98' title="bbox 1051 2303 1802 2344">
    <p class='ocr_par' dir='ltr' id='par_1_98' title="bbox 1051 2303 1802 2344">
     <span class='ocr_line' id='line_1_98' title="bbox 1051 2303 1802 2344; baseline -0.016 -4"><span class='ocrx_word' id='word_1_718' title='bbox 1051 2312 1129 2341; x_wconf 79' lang='lat' dir='ltr'><strong>CYR.</strong></span> <span class='ocrx_word' id='word_1_719' title='bbox 1147 2310 1210 2344; x_wconf 85' lang='lat' dir='ltr'><strong>Qui,</strong></span> <span class='ocrx_word' id='word_1_720' title='bbox 1226 2317 1288 2337; x_wconf 90' lang='lat' dir='ltr'><strong>cum</strong></span> <span class='ocrx_word' id='word_1_721' title='bbox 1311 2307 1445 2335; x_wconf 90' lang='lat' dir='ltr'><strong>tardiores</strong></span> <span class='ocrx_word' id='word_1_722' title='bbox 1467 2305 1530 2336; x_wconf 85' lang='lat' dir='ltr'><strong>sint,</strong></span> <span class='ocrx_word' id='word_1_723' title='bbox 1545 2309 1573 2331; x_wconf 91' lang='lat' dir='ltr'><strong>et</strong></span> <span class='ocrx_word' id='word_1_724' title='bbox 1597 2303 1639 2330; x_wconf 79' lang='lat' dir='ltr'><strong>vix</strong></span> <span class='ocrx_word' id='word_1_725' title='bbox 1662 2311 1695 2330; x_wconf 89' lang='lat' dir='ltr'><strong>eo</strong></span> <span class='ocrx_word' id='word_1_726' title='bbox 1717 2308 1802 2336; x_wconf 88' lang='lat' dir='ltr'><strong>usque</strong></span> 
     </span>
    </p>
   </div>
   <div class='ocr_carea' id='block_1_99' title="bbox 1017 2348 1802 2396">
    <p class='ocr_par' dir='ltr' id='par_1_99' title="bbox 1017 2348 1802 2396">
     <span class='ocr_line' id='line_1_99' title="bbox 1017 2348 1802 2396; baseline -0.017 -11"><span class='ocrx_word' id='word_1_727' title='bbox 1017 2357 1227 2394; x_wconf 76' lang='lat' dir='ltr'><strong>progrediantur</strong></span> <span class='ocrx_word' id='word_1_728' title='bbox 1237 2359 1266 2382; x_wconf 88' lang='lat' dir='ltr'><strong>ut</strong></span> <span class='ocrx_word' id='word_1_729' title='bbox 1279 2362 1311 2381; x_wconf 88' lang='lat' dir='ltr'><strong>ea</strong></span> <span class='ocrx_word' id='word_1_730' title='bbox 1326 2359 1420 2396; x_wconf 71' lang='lat' dir='ltr'><strong>sapere</strong></span> <span class='ocrx_word' id='word_1_731' title='bbox 1431 2350 1515 2378; x_wconf 81' lang='lat' dir='ltr'><strong>velint</strong></span> <span class='ocrx_word' id='word_1_732' title='bbox 1535 2357 1596 2384; x_wconf 69' lang='lat' dir='ltr'><strong>qua:</strong></span> <span class='ocrx_word' id='word_1_733' title='bbox 1617 2349 1671 2375; x_wconf 83' lang='lat' dir='ltr'><strong>Deo</strong></span> <span class='ocrx_word' id='word_1_734' title='bbox 1683 2348 1802 2382; x_wconf 85' lang='lat' dir='ltr'><strong>placent,</strong></span> 
     </span>
    </p>
   </div>
   <div class='ocr_carea' id='block_1_100' title="bbox 1020 2393 1803 2438">
    <p class='ocr_par' dir='ltr' id='par_1_100' title="bbox 1020 2393 1803 2438">
     <span class='ocr_line' id='line_1_100' title="bbox 1020 2393 1803 2438; baseline -0.017 -8"><span class='ocrx_word' id='word_1_735' title='bbox 1020 2402 1100 2438; x_wconf 81' lang='lat'><strong>169</strong></span> <span class='ocrx_word' id='word_1_736' title='bbox 1124 2408 1180 2428; x_wconf 90' lang='lat' dir='ltr'><strong>non</strong></span> <span class='ocrx_word' id='word_1_737' title='bbox 1208 2405 1297 2427; x_wconf 89' lang='lat' dir='ltr'><strong>tamen</strong></span> <span class='ocrx_word' id='word_1_738' title='bbox 1323 2393 1428 2432; x_wconf 77' lang='lat' dir='ltr'><strong>integro</strong></span> <span class='ocrx_word' id='word_1_739' title='bbox 1452 2400 1562 2430; x_wconf 87' lang='lat' dir='ltr'><strong>totoque</strong></span> <span class='ocrx_word' id='word_1_740' title='bbox 1589 2393 1680 2420; x_wconf 80' lang='lat' dir='ltr'><strong>animo</strong></span> <span class='ocrx_word' id='word_1_741' title='bbox 1703 2395 1803 2419; x_wconf 69' lang='lat' dir='ltr'><strong>sancta:</strong></span> 
     </span>
    </p>
   </div>
   <div class='ocr_carea' id='block_1_101' title="bbox 1019 2437 1804 2476">
    <p class='ocr_par' dir='ltr' id='par_1_101' title="bbox 1019 2437 1804 2476">
     <span class='ocr_line' id='line_1_101' title="bbox 1019 2437 1804 2476; baseline -0.014 -2"><span class='ocrx_word' id='word_1_742' title='bbox 1019 2445 1220 2474; x_wconf 82' lang='lat' dir='ltr'><strong>conversationi</strong></span> <span class='ocrx_word' id='word_1_743' title='bbox 1250 2444 1449 2473; x_wconf 66' lang='lat' dir='ltr'><strong>adhaarescunt,</strong></span> <span class='ocrx_word' id='word_1_744' title='bbox 1466 2440 1511 2476; x_wconf 93' lang='lat' dir='ltr'><strong>qui</strong></span> <span class='ocrx_word' id='word_1_745' title='bbox 1539 2439 1581 2467; x_wconf 90' lang='lat' dir='ltr'><strong>sui</strong></span> <span class='ocrx_word' id='word_1_746' title='bbox 1611 2437 1698 2465; x_wconf 76' lang='lat' dir='ltr'><strong>studii</strong></span> <span class='ocrx_word' id='word_1_747' title='bbox 1722 2441 1804 2472; x_wconf 88' lang='lat' dir='ltr'><strong>atque</strong></span> 
     </span>
    </p>
   </div>
   <div class='ocr_carea' id='block_1_102' title="bbox 1020 2483 1803 2525">
    <p class='ocr_par' dir='ltr' id='par_1_102' title="bbox 1020 2483 1803 2525">
     <span class='ocr_line' id='line_1_102' title="bbox 1020 2483 1803 2525; baseline -0.015 -5"><span class='ocrx_word' id='word_1_748' title='bbox 1020 2492 1168 2520; x_wconf 79' lang='lat' dir='ltr'><strong>alacritatis</strong></span> <span class='ocrx_word' id='word_1_749' title='bbox 1177 2490 1301 2525; x_wconf 77' lang='lat' dir='ltr'><strong>exiguam</strong></span> <span class='ocrx_word' id='word_1_750' title='bbox 1312 2492 1417 2524; x_wconf 87' lang='lat' dir='ltr'><strong>partem</strong></span> <span class='ocrx_word' id='word_1_751' title='bbox 1428 2487 1527 2514; x_wconf 67' lang='lat' dir='ltr'><strong>divinm</strong></span> <span class='ocrx_word' id='word_1_752' title='bbox 1534 2484 1659 2513; x_wconf 80' lang='lat' dir='ltr'><strong>charitati</strong></span> <span class='ocrx_word' id='word_1_753' title='bbox 1668 2483 1803 2514; x_wconf 78' lang='lat' dir='ltr'><strong>tribuunt,</strong></span> 
     </span>
    </p>
   </div>
   <div class='ocr_carea' id='block_1_103' title="bbox 1020 2528 1803 2572">
    <p class='ocr_par' dir='ltr' id='par_1_103' title="bbox 1020 2528 1803 2572">
     <span class='ocr_line' id='line_1_103' title="bbox 1020 2528 1803 2572; baseline -0.013 -8"><span class='ocrx_word' id='word_1_754' title='bbox 1020 2537 1156 2572; x_wconf 91' lang='lat' dir='ltr'><strong>reliquum</strong></span> <span class='ocrx_word' id='word_1_755' title='bbox 1176 2543 1242 2563; x_wconf 90' lang='lat' dir='ltr'><strong>vero</strong></span> <span class='ocrx_word' id='word_1_756' title='bbox 1262 2542 1342 2562; x_wconf 85' lang='lat' dir='ltr'><strong>omne</strong></span> <span class='ocrx_word' id='word_1_757' title='bbox 1365 2533 1471 2569; x_wconf 85' lang='lat' dir='ltr'><strong>perdite</strong></span> <span class='ocrx_word' id='word_1_758' title='bbox 1493 2536 1520 2559; x_wconf 90' lang='lat' dir='ltr'><strong>et</strong></span> <span class='ocrx_word' id='word_1_759' title='bbox 1545 2531 1756 2565; x_wconf 80' lang='lat' dir='ltr'><strong>intemperanter</strong></span> <span class='ocrx_word' id='word_1_760' title='bbox 1777 2528 1803 2554; x_wconf 92' lang='lat' dir='ltr'><strong>in</strong></span> 
     </span>
    </p>
   </div>
   <div class='ocr_carea' id='block_1_104' title="bbox 1020 2573 1804 2617">
    <p class='ocr_par' dir='ltr' id='par_1_104' title="bbox 1020 2573 1804 2617">
     <span class='ocr_line' id='line_1_104' title="bbox 1020 2573 1804 2617; baseline -0.014 -7"><span class='ocrx_word' id='word_1_761' title='bbox 1020 2582 1103 2617; x_wconf 79' lang='lat' dir='ltr'><strong>hujus</strong></span> <span class='ocrx_word' id='word_1_762' title='bbox 1121 2581 1184 2608; x_wconf 60' lang='lat' dir='ltr'><strong>vitae</strong></span> <span class='ocrx_word' id='word_1_763' title='bbox 1202 2579 1427 2608; x_wconf 81' lang='lat' dir='ltr'><strong>distraetionibus</strong></span> <span class='ocrx_word' id='word_1_764' title='bbox 1447 2576 1642 2610; x_wconf 83' lang='lat' dir='ltr'><strong>laboribusque</strong></span> <span class='ocrx_word' id='word_1_765' title='bbox 1662 2573 1804 2601; x_wconf 84' lang='lat' dir='ltr'><strong>inutilibus</strong></span> 
     </span>
    </p>
   </div>
   <div class='ocr_carea' id='block_1_105' title="bbox 1021 2625 1804 2662">
    <p class='ocr_par' dir='ltr' id='par_1_105' title="bbox 1021 2625 1804 2662">
     <span class='ocr_line' id='line_1_105' title="bbox 1021 2625 1804 2662; baseline -0.014 -6"><span class='ocrx_word' id='word_1_766' title='bbox 1021 2627 1182 2662; x_wconf 85' lang='lat' dir='ltr'><strong>acerbisque</strong></span> <span class='ocrx_word' id='word_1_767' title='bbox 1204 2626 1278 2653; x_wconf 87' lang='lat' dir='ltr'><strong>curis</strong></span> <span class='ocrx_word' id='word_1_768' title='bbox 1298 2631 1460 2652; x_wconf 88' lang='lat' dir='ltr'><strong>consumere</strong></span> <span class='ocrx_word' id='word_1_769' title='bbox 1482 2625 1636 2650; x_wconf 87' lang='lat' dir='ltr'><strong>statuerunt</strong></span> <span class='ocrx_word' id='word_1_770' title='bbox 1660 2629 1666 2647; x_wconf 69' lang='grc' dir='ltr'><strong>ι</strong></span> <span class='ocrx_word' id='word_1_771' title='bbox 1687 2626 1804 2654; x_wconf 83' lang='lat' dir='ltr'><strong>quorum</strong></span> 
     </span>
    </p>
   </div>
   <div class='ocr_carea' id='block_1_106' title="bbox 1022 2663 1803 2709">
    <p class='ocr_par' dir='ltr' id='par_1_106' title="bbox 1022 2663 1803 2709">
     <span class='ocr_line' id='line_1_106' title="bbox 1022 2663 1803 2709; baseline -0.015 -7"><span class='ocrx_word' id='word_1_772' title='bbox 1022 2674 1136 2709; x_wconf 75' lang='lat' dir='ltr'><strong>figuram</strong></span> <span class='ocrx_word' id='word_1_773' title='bbox 1155 2679 1211 2699; x_wconf 87' lang='lat' dir='ltr'><strong>non</strong></span> <span class='ocrx_word' id='word_1_774' title='bbox 1233 2669 1351 2698; x_wconf 84' lang='lat' dir='ltr'><strong>absurde</strong></span> <span class='ocrx_word' id='word_1_775' title='bbox 1382 2671 1476 2695; x_wconf 79' lang='lat' dir='ltr'><strong>tenent</strong></span> <span class='ocrx_word' id='word_1_776' title='bbox 1494 2667 1542 2694; x_wconf 79' lang='lat' dir='ltr'><strong>filii</strong></span> <span class='ocrx_word' id='word_1_777' title='bbox 1563 2666 1659 2694; x_wconf 82' lang='lat' dir='ltr'><strong>Ruben</strong></span> <span class='ocrx_word' id='word_1_778' title='bbox 1677 2668 1705 2691; x_wconf 90' lang='lat' dir='ltr'><strong>et</strong></span> <span class='ocrx_word' id='word_1_779' title='bbox 1722 2663 1778 2691; x_wconf 75' lang='lat' dir='ltr'><strong>Gud</strong></span> <span class='ocrx_word' id='word_1_780' title='bbox 1795 2671 1803 2690; x_wconf 92' lang='lat'>:</span> 
     </span>
    </p>
   </div>
   <div class='ocr_carea' id='block_1_107' title="bbox 1021 2711 1804 2754">
    <p class='ocr_par' dir='ltr' id='par_1_107' title="bbox 1021 2711 1804 2754">
     <span class='ocr_line' id='line_1_107' title="bbox 1021 2711 1804 2754; baseline -0.014 -7"><span class='ocrx_word' id='word_1_781' title='bbox 1021 2719 1152 2754; x_wconf 88' lang='lat' dir='ltr'><strong>scriptum</strong></span> <span class='ocrx_word' id='word_1_782' title='bbox 1166 2720 1210 2745; x_wconf 83' lang='lat' dir='ltr'><strong>est</strong></span> <span class='ocrx_word' id='word_1_783' title='bbox 1226 2716 1299 2744; x_wconf 88' lang='lat' dir='ltr'><strong>enim</strong></span> <span class='ocrx_word' id='word_1_784' title='bbox 1313 2715 1377 2742; x_wconf 82' lang='lat' dir='ltr'><strong>item</strong></span> <span class='ocrx_word' id='word_1_785' title='bbox 1392 2714 1419 2740; x_wconf 94' lang='lat' dir='ltr'><strong>in</strong></span> <span class='ocrx_word' id='word_1_786' title='bbox 1436 2712 1562 2740; x_wconf 84' lang='lat' dir='ltr'><strong>Numeris</strong></span> <span class='ocrx_word' id='word_1_787' title='bbox 1576 2721 1582 2738; x_wconf 88' lang='lat'><strong>:</strong></span> <span class='ocrx_word' id='word_1_788' title='bbox 1599 2721 1608 2735; x_wconf 75' lang='grc' dir='ltr'><strong>ι</strong></span> <span class='ocrx_word' id='word_1_789' title='bbox 1624 2711 1657 2738; x_wconf 82' lang='lat' dir='ltr'><strong>Et</strong></span> <span class='ocrx_word' id='word_1_790' title='bbox 1675 2715 1804 2744; x_wconf 77' lang='lat' dir='ltr'><strong>pecorum</strong></span> 
     </span>
    </p>
   </div>
   <div class='ocr_carea' id='block_1_108' title="bbox 1021 2753 1802 2792">
    <p class='ocr_par' dir='ltr' id='par_1_108' title="bbox 1021 2753 1802 2792">
     <span class='ocr_line' id='line_1_108' title="bbox 1021 2753 1802 2792; baseline -0.015 1"><span class='ocrx_word' id='word_1_791' title='bbox 1021 2753 1168 2792; x_wconf 82' lang='lat' dir='ltr'><strong>multitudo</strong></span> <span class='ocrx_word' id='word_1_792' title='bbox 1185 2766 1244 2792; x_wconf 88' lang='lat' dir='ltr'><strong>erat</strong></span> <span class='ocrx_word' id='word_1_793' title='bbox 1262 2762 1325 2789; x_wconf 79' lang='lat' dir='ltr'><strong>filiis</strong></span> <span class='ocrx_word' id='word_1_794' title='bbox 1339 2759 1438 2788; x_wconf 79' lang='lat' dir='ltr'><strong>Ruben</strong></span> <span class='ocrx_word' id='word_1_795' title='bbox 1450 2763 1478 2786; x_wconf 89' lang='lat' dir='ltr'><strong>et</strong></span> <span class='ocrx_word' id='word_1_796' title='bbox 1490 2758 1554 2785; x_wconf 84' lang='lat' dir='ltr'><strong>ﬁliis</strong></span> <span class='ocrx_word' id='word_1_797' title='bbox 1565 2757 1632 2790; x_wconf 57' lang='grc' dir='ltr'>(ινα,</span> <span class='ocrx_word' id='word_1_798' title='bbox 1658 2753 1802 2785; x_wconf 61' lang='lat' dir='ltr'><strong>munitum</strong></span> 
     </span>
    </p>
   </div>
   <div class='ocr_carea' id='block_1_109' title="bbox 742 2840 1154 2875">
    <p class='ocr_par' dir='ltr' id='par_1_109' title="bbox 742 2840 1154 2875">
     <span class='ocr_line' id='line_1_109' title="bbox 742 2840 1154 2875; baseline 0 -5"><span class='ocrx_word' id='word_1_799' title='bbox 742 2844 764 2859; x_wconf 71' lang='lat'><strong>&quot;</strong></span> <span class='ocrx_word' id='word_1_800' title='bbox 776 2843 859 2875; x_wconf 88' lang='lat' dir='ltr'><strong>lbid.,</strong></span> <span class='ocrx_word' id='word_1_801' title='bbox 880 2843 905 2870; x_wconf 90' lang='lat'><strong>8.</strong></span> <span class='ocrx_word' id='word_1_802' title='bbox 943 2842 966 2858; x_wconf 75' lang='lat'><strong><em>“</em></strong></span> <span class='ocrx_word' id='word_1_803' title='bbox 979 2841 1063 2870; x_wconf 83' lang='lat' dir='ltr'><strong>Micb.</strong></span> <span class='ocrx_word' id='word_1_804' title='bbox 1075 2849 1113 2875; x_wconf 80' lang='lat' dir='ltr'><strong>vt,</strong></span> <span class='ocrx_word' id='word_1_805' title='bbox 1127 2840 1154 2869; x_wconf 83' lang='lat'><strong>8.</strong></span> 
     </span>
    </p>
   </div>
  </div>
