1934 3042
123 188 190 216 4503'

635 192 664 220 S.
686 192 825 221 CYRlLLl
845 191 1084 220 ALEXANDRINI
1103 191 1262 219 ARCHIEP.
1408 210 1420 226 ,

1711 193 1766 220 ωἱ

124 249 234 285 copiosa
247 249 334 278 valde.
349 251 382 277 Et
393 251 522 278 viderunt
534 251 671 287 regionem
684 252 775 285 Jazer,
785 256 814 280 et
827 251 918 288 regio-

970 252 1025 282 τοῑς
1039 251 1106 283 υἱοῖς
1126 251 1179 284 Γὰδ
1190 271 1197 284 ,
1215 251 1318 286 πλῆθος
1337 251 1404 278 πολῦ
1421 250 1534 287 σφόδρα.
1557 251 1612 278 Καὶ
1633 249 1702 278 εἶδον
1716 252 1767 288 τὴν

124 302 186 323 nem
197 295 296 323 Gulaad
309 305 316 330 ;
329 300 356 323 et
367 301 426 323 erat
437 297 523 328 locus,
533 297 610 325 locus
619 297 785 333 pecoribus;
795 303 823 325 et
836 305 914 325 acce-

124 341 221 368 dentes
235 342 282 369 {llii
298 342 395 370 Ruben
413 347 442 370 ct
455 343 502 371 ﬁlii
514 343 582 376 Gad,
597 344 726 372 dixerunt
747 345 782 372 ad
792 345 914 380 Moysen.

123 391 151 413 et
170 387 283 415 Eleazar
294 389 476 422 sacerdotem,
491 395 520 418 et
542 391 576 418 ad
599 391 740 427 principes
756 392 913 428 Synagogar,

123 433 247 462 dicentes
262 443 269 461 :
289 435 416 468 Ataroth,
434 442 462 464 et
473 437 579 470 Debon,
597 442 625 466 et
639 438 727 470 Jazcr,
743 444 771 466 ct
784 439 913 471 Nambra,

122 484 150 506 ct
171 479 272 513 Sebon,
290 485 319 508 et
347 482 446 515 Elealc,
473 488 502 511 et
521 483 648 518 Sabama,
661 490 688 512 et
702 486 787 519 Nam,
803 491 831 514 et
841 487 914 514 Bean

124 529 208 558 terra,
223 533 305 561 quam
316 527 392 555 dedit
408 529 541 557 Dominus
559 537 653 558 coram
664 531 729 559 ﬁliis
744 532 837 565 israel,
852 538 915 568 apta

122 575 164 598 est
176 573 323 606 pecoribus
336 575 497 609 pascendis;
510 580 539 604 et
553 577 640 605 servis
655 578 709 605 tuis
722 584 786 607 sunt
803 587 914 614 pecora.

122 618 156 645 Et
170 618 300 647 dixerunt
313 629 320 647 :
335 621 363 648 Si
376 621 534 650 invenimus
543 623 659 659 gratiam
675 632 767 652 coram
784 630 820 658 te,
834 625 916 653 detur

123 663 181 692 haec
188 668 262 693 terra
272 666 361 694 servis
370 667 426 694 tuis
433 667 462 695 in
472 668 715 703 posscssionem,et
725 678 759 697 ne
769 671 918 698 transferas

122 716 174 737 nos
189 713 265 738 trans
282 710 440 739 Jordanem.
468 713 503 740 Et
516 713 586 740 dixit
605 714 710 749 Moyses
730 714 794 742 ﬁliis
814 715 870 743 (ἰού
889 721 916 744 et

123 753 186 788 filiis
211 755 309 783 Ruben
327 765 335 782 :
352 756 461 784 Fratres
480 758 565 785 vestri
589 758 667 785 ibunt
692 759 726 786 ad
751 759 864 792 bellum,
888 765 917 788 ct

123 807 173 827 vos
188 800 321 829 sedebitis
342 802 414 829 llic?‘
426 803 459 830 Et
476 811 525 831 cur
543 805 703 839 pervertitis
721 811 828 834 mentes
848 807 917 834 lilio-

124 853 184 873 rum
203 847 296 880 Israel,
314 851 344 875 ut
357 856 412 876 non
435 854 576 878 transeant
592 851 619 877 ln
633 855 737 879 terram
758 860 840 887 quam
861 854 915 881 Do-

124 892 215 920 minus
229 893 301 922 Deus
316 893 362 922 dat
381 895 448 930 ipsis
463 895 507 923 "?
523 906 532 922 ι
555 897 668 931 Deinde,
687 899 850 933 exprobrata
863 900 917 928 illis

123 943 269 973 parentum
290 941 480 975 contumacia,
497 946 526 970 et
550 942 584 970 iis
605 946 828 973 commemoratis
856 954 917 982 qua:

122 992 156 1012 ea
165 985 199 1013 de
210 993 292 1014 causa
301 987 368 1022 ipsis
380 993 546 1017 evenerant:
560 999 568 1016 ι
581 989 682 1017 Mortui
694 998 812 1026 namque
824 996 897 1024 sunt,
905 1002 914 1016 ι

123 1031 224 1066 uiguit,
238 1041 249 1058 ι
263 1033 292 1060 in
304 1032 426 1067 deserto,
448 1043 457 1060 ι
472 1042 533 1062 cum
547 1036 740 1071 promissionis
756 1042 867 1070 terram,
887 1043 918 1065 ut

123 1077 160 1104 ita
181 1076 281 1111 dicam,
304 1086 339 1106 ne
359 1080 532 1114 aspexissent
555 1081 677 1116 quidem.
698 1081 782 1110 Infert
796 1083 916 1111 iterum:

127 1133 135 1148 ι
150 1122 185 1150 Et
205 1131 270 1151 ecce
292 1125 453 1153 surrexistis
477 1134 526 1161 pro
545 1127 673 1162 patribus
686 1129 796 1159 vestris.
810 1130 919 1164 conspi-

123 1169 194 1197 ratio
225 1169 369 1198 hominum
396 1177 593 1206 peccatorum,
623 1177 653 1200 ut
665 1173 800 1210 adjiciatis
827 1175 918 1203 adhuc

122 1214 156 1241 ad
173 1215 242 1242 iram
257 1216 454 1252 indignationis
467 1218 574 1246 Domini
590 1219 724 1248 adversus
743 1221 838 1253 Israel,
854 1222 917 1257 quia

122 1262 286 1290 avertemini
302 1263 337 1290 ab
354 1263 424 1299 ipso,
446 1269 477 1292 ut
499 1265 635 1301 adjiciatis
659 1267 760 1297 adhuc.
785 1272 815 1295 ut
835 1268 917 1296 dere-

122 1306 255 1342 linquatis
277 1307 367 1343 ipsum
384 1309 411 1336 in
427 1309 549 1342 deserto,
567 1314 595 1337 et
611 1312 732 1346 peccetis
756 1313 783 1339 iu
806 1313 917 1341 univer-

123 1360 179 1379 sam
206 1355 445 1390 congregationem
470 1355 552 1384 hanc.
574 1357 608 1384 Et
627 1363 804 1386 accesserunt
825 1359 859 1387 ad
878 1360 918 1396 ip-

123 1407 183 1426 sum
200 1404 227 1427 et
244 1399 373 1428 dixerunt
388 1410 395 1428 :
414 1401 514 1430 Caulas
535 1403 628 1430 ovium
649 1403 847 1433 :ediiicabimus
865 1414 917 1434 no-

123 1445 166 1472 bis
188 1445 233 1473 hic
251 1447 400 1482 pecoribus
422 1448 536 1481 nostris,
556 1453 584 1476 et
605 1450 690 1478 urbes
715 1450 918 1487 impedimentis

123 1491 235 1525 nostris,
256 1497 284 1520 et
304 1501 357 1521 nos
373 1494 471 1522 armati
495 1495 521 1522 in
542 1496 633 1531 primo
652 1497 747 1525 ordine
765 1502 828 1526 ante
847 1498 917 1526 ﬁlios

123 1537 217 1570 Israel,
231 1546 376 1574 quousque
398 1540 581 1576 perducamus
600 1541 673 1577 ipsos
690 1543 716 1570 in
734 1543 823 1571 locum
842 1544 916 1579 ipso~

123 1591 185 1610 rum
204 1592 210 1610 :
227 1588 256 1612 et
285 1589 368 1612 erunt
397 1585 594 1621 impedimenta
624 1592 717 1615 nostra
745 1589 771 1616 in
801 1589 917 1618 urbibus

124 1629 240 1657 muratis
263 1635 375 1665 propter
396 1630 567 1659 habitatores
587 1636 683 1665 terrae;
707 1641 798 1669 neque
823 1642 917 1662 rever-

124 1679 215 1701 temur
232 1675 266 1702 ad
279 1675 377 1704 domos
398 1681 515 1710 nostras,
536 1686 679 1713 quousque
696 1679 855 1707 dividantur
869 1681 916 1708 filii

123 1720 208 1748 Israel
228 1723 419 1758 unusquisque
436 1723 464 1750 in
484 1725 685 1759 possessionem
713 1733 802 1758 suam,
820 1731 847 1754 et
863 1736 918 1755 non

123 1766 243 1801 amplius
261 1768 464 1802 possidebimus
488 1764 561 1797 inter
579 1777 628 1797 cos
644 1778 659 1796 a
678 1773 754 1798 trans
769 1770 918 1799 Jordanem

123 1816 152 1838 ct
171 1812 260 1846 ultra;
286 1813 351 1848 quia
375 1813 533 1849 recepimus
553 1815 742 1849 possessiones
762 1823 871 1844 nostras
891 1818 918 1844 in

124 1858 184 1885 loco
201 1862 276 1886 trans
298 1859 445 1888 Iordanem
466 1860 493 1888 in
516 1861 624 1889 oriente
641 1863 675 1888 ".
692 1871 701 1887 ι
719 1862 850 1899 lntelligis
869 1872 918 1899 pe-

126 1911 221 1932 corum
248 1905 328 1941 1'70
350 1907 514 1944 alendorum
543 1912 571 1935 et
598 1909 803 1943 posscssionum
831 1917 918 1941 cura.

125 1959 272 1986 auiorcque
295 1959 360 1987 erga
385 1960 486 1980 uxores
507 1959 541 1981 ac
566 1954 669 1981 liberos
694 1957 822 1983 detentos
845 1956 919 1991 ejus-

125 1997 198 2023 modi
212 1996 340 2026 homines
352 1999 428 2026 nullo
442 1999 524 2026 modo
533 2007 647 2034 prorsus
661 2001 824 2029 transituros
835 2002 919 2030 luisse

124 2043 284 2077 Iordanem,
302 2049 384 2080 atque
409 2045 479 2072 adeo
505 2053 539 2073 ne
566 2046 701 2082 attingere
724 2047 835 2082 quidem
861 2056 920 2076 om-

125 2088 192 2116 nino
210 2089 293 2117 ullam
314 2089 379 2117 belli
401 2098 433 2118 ac
452 2098 548 2126 pugnae
563 2095 669 2126 partem
685 2099 812 2127 ausuros,
831 2102 920 2130 neque

125 2142 189 2162 cum
209 2135 270 2163 aliis
291 2136 320 2163 in
340 2137 561 2165 communionem
580 2138 674 2173 gloria:
693 2147 725 2166 ac
746 2144 919 2174 speratorum

125 2181 263 2209 bonorum
286 2181 383 2209 venire
405 2186 564 2216 curaturos;
590 2191 651 2210 cum
674 2185 843 2220 przecipuum
866 2186 921 2214 illis

125 2233 154 2255 et
166 2227 316 2263 optandum
332 2229 361 2256 in
378 2229 476 2264 primis
489 2229 646 2264 videretur,
663 2232 700 2260 ibi
718 2240 872 2266 remanere,
885 2242 919 2262 ne

968 296 1060 332 χώραν
1078 297 1179 332 Ἰαζὴρ.
1191 298 1236 324 καὶ
1245 299 1295 333 τὴν
1308 297 1398 333 χώραν
1411 298 1527 330 Γαλαὰδ,
1539 298 1586 325 καὶ
1598 296 1633 333 ἦν
1644 299 1659 325 ὁ
1671 299 1763 330 τόπος,

968 342 1050 374 τόπος
1061 343 1182 378 κτήνεσι.
1196 343 1249 370 Καὶ
1266 343 1458 379 προσελθόντες
1469 344 1494 370 οἱ
1506 345 1558 370 υίοὶ
1572 344 1698 379 Ῥουὸεὶμ
1717 345 1764 371 καὶ

968 389 994 416 οἱ
1005 390 1058 416 υἱοὶ
1072 390 1135 422 Γὰδ,
1147 387 1224 417 εἶπον
1240 391 1308 426 πρὸς
1322 391 1425 425 Μωςῆν
1438 391 1484 417 καὶ
1498 390 1565 426 πρὸς
1581 391 1712 426 Ἐλεάζαρ
1721 391 1768 418 τὸν

969 435 1061 470 ἱερέα,
1078 436 1125 462 καὶ
1142 437 1210 472 πρὸς
1231 437 1294 468 τοὺς
1316 437 1451 472 ἄρχοντας
1474 437 1524 472 τῆς
1537 437 1708 473 Συναγωγῆς
1724 438 1768 466 λέ-

969 490 1073 515 γοντες·
1111 482 1252 517 Ἀταρῴθ,
1282 483 1329 509 καὶ
1354 483 1460 510 Δαιὸὼν
1495 484 1542 510 καὶ
1578 483 1688 519 Ὶαζὴρ,
1720 485 1768 511 καὶ

968 528 1087 564 Ναμρὰ,
1104 528 1151 555 καὶ
1177 529 1315 562 Ἐσε6ὼν,
1337 529 1383 556 καὶ
1413 529 1546 565 Ἐλεαλὴ,
1576 531 1623 557 καὶ
1644 530 1766 564 Σεδαμὰ,

967 574 1015 600 καὶ
1028 574 1136 604 Ναϐαὺ,
1152 574 1198 600 καὶ
1213 574 1297 600 Παιὰν
1314 573 1362 610 τὴν
1374 575 1436 610 γῆν,
1457 574 1489 610 ῆν
1506 575 1649 610 παρέδωκε
1664 575 1768 610 Κύριος

968 619 1084 647 ἐνώπιον
1098 619 1153 646 τῶν
1169 620 1235 647 υἱῶν
1253 620 1360 656 Ἰσραὴλ
1370 642 1377 654 ,
1392 621 1427 656 γῆ
1443 620 1626 657 κτηνοτρόφος
1639 621 1707 658 ἐστὶ,
1720 622 1768 648 καὶ

967 666 1023 696 τοῖς
1036 665 1114 691 παισί
1130 674 1177 692 σου
1193 665 1279 701 κτήνη
1296 665 1424 701 ὑπάρχει.
1440 666 1496 693 Καὶ
1515 666 1607 700 ἔλεγον
1620 675 1626 682 ·
1643 667 1674 693 Εἰ
1690 666 1768 701 εἰρο-

971 717 1021 744 μεν
1043 710 1123 744 χάριν
1148 709 1263 736 ἐνώπιόν
1285 718 1344 742 σου,
1359 710 1463 746 δοθήτω
1480 711 1498 746 ἡ
1518 711 1554 746 γῆ
1576 711 1645 745 αὖτη
1660 713 1716 743 τοῖς
1732 713 1768 738 οἰ-

969 756 1061 786 κέταις
1076 764 1124 782 σου
1144 756 1173 782 ἐν
1193 756 1376 790 κατασχέσει,
1398 757 1496 793 καὶμὴ
1512 756 1673 793 διαϐιϐάσῃς
1693 758 1768 793 ἡμᾶς

969 801 1015 828 τὸν
1038 802 1184 837 Ἰορδάνην.
1206 802 1261 828 Καὶ
1283 799 1344 829 εἷπε
1362 803 1465 838 Μωσῆς
1481 803 1538 834 τοῖς
1557 803 1625 835 υἱοῖς
1647 803 1700 830 Γὰδ
1720 804 1768 830 καὶ

968 849 1025 880 τοῖς
1046 849 1115 880 uini;
1139 848 1286 884 Ῥουὸείμ·
1306 849 1338 874 Οἱ
1355 848 1465 882 ἀδελφοὶ
1487 849 1564 884 ὑμῶν
1585 849 1768 884 πορεύσονται

969 895 1009 926 εὶς
1033 894 1079 921 τὸν
1098 894 1233 930 πόλεμον,
1248 894 1295 920 καὶ
1312 895 1391 929 ὑμεῖς
1414 895 1562 922 καθίσεσθε
1587 895 1690 928 aurei;
1708 896 1768 923 Καὶ

969 942 1014 968 ἵνα
1036 941 1062 967 τί
1085 940 1263 975 διαστρέφετε
1278 940 1327 971 τὰς
1341 940 1461 972 διανοίας
1479 941 1533 966 τῶν
1556 940 1622 967 υἱῶν
1647 941 1767 976 Ἰσραὴλ.

971 985 1008 1021 μὴ
1030 985 1155 1021 διαϐῆναι
1177 987 1217 1017 εἰς
1234 985 1282 1020 τὴν
1305 987 1357 1021 γῆν
1377 986 1411 1020 ἢν
1433 986 1536 1021 Κύριος
1551 987 1565 1012 ὁ
1580 986 1645 1018 Θεὸς
1660 986 1768 1013 δίδωσιν

970 1033 1076 1065 adsere;
1094 1041 1103 1058 ›
1121 1029 1187 1058 Εἶτα
1202 1031 1270 1067 πρὸς
1285 1031 1392 1064 τούτοις
1406 1032 1589 1064 κατονειδίσας
1603 1032 1697 1064 αὐτοῖς
1712 1032 1768 1059 τῶν

970 1079 1098 1114 πατέρων
1121 1079 1170 1114 τὴν
1195 1078 1356 1110 ἀπείθειαν,
1381 1079 1428 1105 καὶ
1451 1078 1486 1105 τὰ
1504 1079 1620 1111 ἐκείνοις
1643 1079 1769 1106 ἐντεῦθεν

970 1125 1164 1161 συμϐεόηκότα
1175 1133 1181 1139 '
1203 1135 1212 1151 ι
1231 1125 1448 1160 Τετελευτήκασι
1462 1125 1517 1160 γὰρ
1530 1125 1559 1151 ἐν
1577 1127 1610 1160 τῇ
1628 1126 1735 1161 ἐρήμῳ,
1754 1135 1765 1152 ι

969 1173 1062 1208 φησιν,
1077 1172 1141 1204 οὐδ’,
1150 1173 1212 1198 ὅσον
1225 1172 1325 1204 εἰπεῖν,
1338 1171 1501 1207 τεθεαμένοι
1518 1172 1600 1207 μόνον
1614 1173 1664 1207 τῆς
1680 1173 1769 1207 ἐπαγ-

969 1218 1061 1253 γελίας
1074 1219 1123 1254 τὴν
1137 1219 1197 1254 γῆν.
1217 1218 1359 1255 Ἐπιιρὲρει
1370 1218 1460 1245 πάλιν·
1476 1227 1485 1244 ι
1502 1219 1561 1253 Καὶ,
1571 1219 1626 1246 ἰδοὺ
1636 1218 1770 1254 ἀνέστητε

968 1266 1029 1292 ἀντὶ
1057 1266 1112 1292 τῶν
1137 1265 1263 1301 πατέρων
1290 1265 1385 1300 ὑμῶν,
1416 1264 1582 1300 σύστρεμμα
1613 1264 1770 1300 ἀνθρώπων

969 1311 1152 1346 ἁμαρτωλῶν,
1169 1310 1327 1346 προσθεῖναι
1341 1310 1380 1336 ἔτι
1392 1310 1438 1336 ἐπὶ
1456 1310 1503 1336 τὸν
1519 1309 1603 1345 θυμὸν
1618 1310 1668 1345 τῆς
1682 1310 1770 1345 ὀργῆς

968 1358 1072 1394 Κυρίου
1089 1358 1135 1384 ἐπὶ
1159 1357 1279 1394 Ἰσραὴλ,
1299 1357 1340 1384 ὅτι
1362 1357 1609 1393 ἁποστραφήσεσθε
1623 1357 1670 1383 ἀπ’
1684 1356 1770 1384 αὑτοῦ

968 1404 1126 1441 προσθεῖναι
1146 1404 1186 1431 ἔτι
1204 1404 1367 1431 καταλιπεῖν
1382 1404 1464 1430 αὑτὸν
1486 1404 1514 1430 ὲν
1531 1404 1563 1438 τῇ
1585 1403 1697 1438 ἐρήμῳ,
1721 1403 1770 1429 καὶ

967 1451 1120 1487 ἁνομήσετε
1132 1451 1171 1482 είς
1185 1450 1249 1486 ὃλην
1260 1450 1308 1485 τὴν
1320 1449 1481 1486 συναγωγὴν
1491 1449 1603 1484 ταύτην.
1615 1450 1669 1475 Καὶ
1684 1457 1770 1484 προσ-

967 1495 1050 1532 ῆλθον
1074 1495 1149 1531 αὑτῷ
1175 1496 1223 1522 καὶ
1242 1495 1352 1529 ἔλεγον·
1377 1495 1521 1527 Ἐπαύλεις
1539 1494 1683 1530 προϐάτων
1695 1495 1770 1520 οἰκο-

966 1541 1122 1576 δομήσομεν
1139 1537 1190 1568 ὦδε
1212 1542 1269 1572 τοῖς
1287 1541 1416 1576 κτήνεσιν
1432 1540 1522 1576 ἡμῶν,
1538 1541 1585 1567 καὶ
1603 1540 1695 1572 πόλεις
1707 1541 1770 1572 ταῖς

969 1587 1136 1619 ἀποσκευαῖς
1152 1587 1247 1622 ἡμῶν
1265 1587 1312 1613 καὶ
1332 1588 1413 1622 ἡμεῖς
1429 1586 1639 1622 ἐνοπλισάμενοι
1660 1595 1769 1621 προφυ-

969 1633 1056 1667 λακὴν
1074 1634 1200 1669 πρότεροι
1216 1633 1272 1660 τῶν
1290 1633 1356 1660 υίῶν
1378 1633 1486 1669 Ἰσραὴλ
1501 1633 1553 1665 ἕως
1567 1633 1600 1660 ἂν
1619 1634 1771 1668 ἀγάγωμεν

969 1680 1068 1712 αὐτοὺς
1084 1681 1124 1712 εις
1137 1680 1183 1707 τὸν
1198 1679 1304 1707 ἑαυτῶν
1318 1681 1416 1707 τύπον·
1433 1681 1481 1706 καὶ
1496 1680 1655 1715 κατοικήσει
1671 1681 1687 1715 ἠ
1701 1680 1770 1706 ἁπο-

971 1727 1054 1763 σκευὴ
1069 1727 1148 1762 ήμῶν
1165 1728 1194 1754 ἐν
1215 1728 1275 1758 ταῖς
1290 1727 1384 1754 πόλεσι
1402 1727 1621 1762 τετειχισμένοις
1639 1726 1684 1752 διὰ
1703 1726 1769 1758 τοὺς

970 1773 1166 1805 κατοικοῦντας
1180 1773 1230 1808 τὴν
1245 1774 1311 1808 γῆν·
1325 1773 1357 1798 οὐ
1373 1773 1411 1808 μὴ
1427 1772 1649 1807 ἀποστραφῶμεν
1664 1772 1704 1802 εἰς
1719 1771 1770 1802 τὰς

969 1818 1058 1850 οἰκίας
1074 1819 1165 1854 ἡμῶν,
1179 1819 1232 1849 ἕως
1243 1818 1276 1845 ἂν
1291 1817 1532 1854 καταμερισθῶσιν
1547 1819 1571 1844 οἱ
1587 1818 1639 1844 υἱοὶ
1660 1817 1770 1852 Ἰσραὴλ

970 1865 1084 1898 ἕκαστος
1100 1866 1141 1897 ei;
1152 1865 1202 1901 τὴν
1216 1865 1398 1901 κληρονομίαν
1414 1864 1507 1893 αὐτοῦ.
1524 1865 1579 1892 Καὶ
1597 1864 1688 1891 οὐκέτι
1702 1863 1769 1899 κλη-

971 1911 1159 1947 ρονομήσομεν
1179 1912 1208 1937 ἐν
1228 1911 1320 1942 αὐτοῖς
1334 1910 1388 1937 άπὸ
1402 1910 1449 1937 τοῦ
1463 1911 1550 1946 πέραν
1560 1910 1608 1937 τοῦ
1632 1909 1769 1945 Ἰορδάνου

971 1958 1017 1983 καὶ
1038 1957 1179 1987 ἐπέκεινα,
1199 1957 1241 1984 δτι
1261 1957 1401 1992 ἀπέχομεν
1416 1957 1479 1989 τοὺς
1501 1957 1620 1992 κλήρους
1642 1955 1722 1991 ἡμῶν
1739 1956 1769 1982 ὲν

971 2002 1009 2039 τῷ
1033 2003 1121 2040 πέραν
1136 2003 1184 2030 τοῦ
1206 2003 1339 2039 Ἰορδάνου
1361 2004 1389 2030 ἐν
1406 2003 1558 2035 ἀνατολαῖς.
1580 2012 1590 2028 ι
1609 2002 1707 2038 Συνίης
1726 2003 1769 2029 ὅτι

971 2051 1168 2087 κτηνοτροφίας
1185 2051 1267 2077 ἕνεκα
1282 2051 1334 2077 ικαὶ
1349 2051 1473 2086 κτήσεων
1486 2071 1494 2082 ,
1515 2051 1562 2077 καὶ
1594 2051 1644 2086 τῆς
1663 2051 1703 2082 είς
1719 2059 1770 2084 γυ-

970 2098 1068 2129 ναῖκάς
1083 2106 1111 2123 τε
1126 2097 1173 2124 καὶ
1185 2096 1281 2129 παῖδας
1294 2096 1416 2132 ἀγάπης,
1432 2097 1487 2123 οὐδ’
1501 2097 1534 2124 ἃν
1546 2097 1614 2128 ὅλως
1628 2096 1769 2132 ποιρῆλοον

970 2145 996 2170 οι
1020 2144 1116 2171 τοιοίδε
1140 2144 1185 2171 τὸν
1220 2143 1369 2180 Ἰορδάνην,
1395 2143 1451 2170 ἀλλ’
1475 2143 1528 2170 οὐδ’
1554 2143 1587 2171 ἂν
1610 2144 1670 2170 ὅσον
1699 2143 1769 2176 ὅλως

971 2192 1122 2227 ἀποθήγειν
1149 2191 1296 2227 ἠνέσχοντο
1322 2190 1442 2227 πολέμου
1465 2191 1512 2217 καὶ
1530 2191 1636 2227 μάχης,
1657 2191 1711 2218 οὐδ’
1734 2191 1769 2217 ἂν

971 2238 1096 2269 εὐκλείας
1122 2239 1178 2270 τοῖς
1201 2238 1293 2269 ἄλλοις
1318 2238 1523 2273 συμμετασχεῖν
1544 2236 1699 2272 ἠθέλησαν,
1722 2237 1770 2262 καὶ

127 2273 228 2309 injecto
249 2274 374 2310 quidem,
397 2280 428 2302 ut
450 2276 487 2303 ita
507 2277 607 2310 dicam,
626 2278 652 2305 in
675 2279 804 2307 Jordanis
816 2279 918 2308 ﬂuenta

972 2285 1025 2311 τῶν
1040 2285 1082 2311 ἐπ’
1100 2284 1206 2310 ἐλπίσιν
1223 2284 1351 2319 ἀγαθῶν·
1369 2284 1480 2316 ἄριστον
1494 2283 1522 2310 δὲ
1537 2283 1585 2309 καὶ
1602 2282 1768 2309 πολύευκτον

125 2321 195 2356 pede
214 2329 222 2348 :
237 2321 285 2349 sed
297 2323 483 2358 exprobrante
496 2323 597 2360 Moyse,
613 2325 790 2361 divinamque
807 2327 875 2354 iram
891 2332 920 2355 ut

126 2368 354 2402 pertimescerent
365 2377 398 2397 ac
409 2369 600 2404 formidarent,
610 2371 786 2407 admonente,
797 2374 843 2401 vix
857 2378 918 2402 tau-

125 2413 189 2441 dcm
211 2414 378 2449 pollicentur
398 2423 428 2443 se
450 2424 504 2444 una
527 2425 590 2445 cum
616 2419 723 2447 cultoris
754 2420 919 2448 transituros

125 2467 186 2488 esse
208 2461 368 2495 Iordanem,
386 2466 469 2498 atque
494 2471 558 2491 cum
584 2464 638 2491 illis
662 2465 772 2493 labores
794 2466 822 2493 in
847 2467 919 2494 bello

127 2510 208 2541 atque
229 2515 320 2544 pugna
345 2509 612 2543 communicaturos;
634 2519 688 2538 non
710 2516 801 2540 lilan
820 2521 852 2540 ca
871 2522 918 2548 spe

127 2556 257 2589 tanquam
278 2556 427 2590 participes
442 2557 647 2591 possessionum
669 2566 723 2585 una
746 2558 831 2586 futuri
853 2560 917 2591 sint.

127 2599 201 2634 quod
230 2601 433 2635 possessionem
460 2604 536 2629 trans
561 2601 709 2630 Jordanem
739 2605 916 2639 recepissent.

127 2645 230 2673 Horum
247 2646 405 2681 persimiles
415 2651 479 2674 sunt
495 2648 631 2680 nonnulli,
646 2649 704 2683 qui,
719 2657 780 2676 cum
796 2658 917 2685 prmscn-

127 2691 163 2718 tis
178 2692 240 2719 vita:
256 2692 330 2719 curis
349 2692 467 2720 districti
481 2693 546 2724 sint,
564 2696 706 2728 totumque
722 2702 770 2722 cor
786 2695 819 2723 iis
836 2696 918 2724 rebus

128 2737 267 2771 sapiendis
297 2746 358 2774 quae
381 2742 446 2766 sunt
483 2747 566 2774 super
588 2743 692 2767 terram
716 2741 918 2775 quodammodo

127 2783 291 2817 dedicarint,
304 2785 331 2811 in
345 2785 428 2812 rebus
446 2785 610 2812 necessariis
624 2785 668 2813 vix
681 2786 807 2822 exiguam
823 2797 917 2817 curam

165 2862 186 2877 ⁸⁵
198 2861 278 2889 Num.
292 2871 374 2894 xxx",
390 2863 399 2889 Ι
415 2870 491 2898 seqq.
526 2864 548 2878 “
560 2864 640 2896 ibid,
663 2864 759 2892 14-19.

166 2931 204 2967 (1)
216 2931 282 2960 Cod.
303 2932 374 2959 Vat.
393 2933 438 2958 καὶ
449 2932 583 2968 ὀρρωδίαν
600 2933 774 2966 ἐπιτιθέντος.

973 2331 1059 2357 ἐδόκει
1076 2330 1106 2356 τὸ
1123 2330 1213 2365 μένειν
1223 2330 1333 2362 αὐτοὺς,
1350 2329 1423 2365 μηδ’,
1438 2331 1500 2357 ὅσον
1515 2330 1613 2360 εἰπεῖν,
1630 2329 1686 2360 τοῖς
1701 2329 1770 2364 Ἰορ-

972 2377 1052 2403 δάνου
1066 2377 1186 2413 νάμασιν
1202 2376 1329 2408 ὲνθὲντας
1339 2377 1386 2403 τὸν
1399 2376 1465 2403 πόδα
1476 2384 1483 2391 ·
1499 2376 1727 2407 κατονειδίζοντος
1740 2375 1769 2401 δὲ

972 2421 1019 2449 τοῦ
1038 2422 1159 2454 Μωσέως
1176 2423 1223 2449 καὶ
1236 2422 1365 2458 ὀῤῥωδεῖν
1380 2422 1572 2453 ἀναπείθοντος
1588 2423 1637 2457 (ll,
1655 2421 1769 2447 ὑποϐλέ-

973 2469 1073 2496 πεσθαί
1088 2478 1116 2495 τε
1127 2468 1176 2505 τὴν
1191 2469 1266 2496 Οεὶαν
1282 2467 1377 2505 ὀργὴν,
1396 2468 1590 2504 ὑπισχνοῦνται
1608 2468 1684 2503 μόλις
1699 2476 1767 2502 συμς

973 2515 1190 2551 παρελεύσεσθαι
1215 2515 1263 2550 μὲν
1283 2516 1340 2548 τοῖς
1363 2514 1454 2547 ἄλλοις
1475 2515 1522 2541 τὸν
1547 2515 1697 2550 Ἰορδάνην,
1721 2514 1768 2540 καὶ

973 2563 1178 2597 συμμετασχεῖν
1202 2561 1323 2598 ἱδρώτων
1344 2562 1436 2594 αὐτοῖς
1457 2561 1511 2588 τῶν
1534 2562 1562 2587 ἐν
1587 2561 1698 2596 πολέμῳ
1720 2561 1768 2587 καὶ

974 2607 1086 2643 μάχαις’
1100 2609 1130 2634 οὺ
1148 2608 1201 2644 μὴν
1216 2608 1258 2635 ὅτι
1278 2608 1326 2635 καὶ
1341 2607 1557 2644 συμμεριοῦνταί
1574 2616 1656 2642 φασι,
1677 2607 1722 2633 διὰ
1737 2607 1768 2633 τὸ

971 2653 1084 2688 ἀπέχειν
1106 2654 1123 2689 ἢ
1149 2654 1278 2689 ἀποσχεῖν
1301 2654 1347 2680 τὸν
1369 2655 1480 2689 κλῆρον,
1501 2654 1530 2680 ἂν
1553 2652 1591 2688 τῷ
1614 2653 1701 2688 πέραν
1719 2651 1767 2678 τοῖ’)

979 2699 1121 2735 Ἰορδάνου.
1143 2700 1265 2727 Τοιοῦτοί
1284 2709 1356 2732 τινες
1372 2700 1417 2726 τὸν
1433 2700 1533 2735 τρόπον
1557 2699 1635 2730 εἰσίν,
1657 2699 1682 2724 οἱ
1705 2699 1768 2730 ταῖς

971 2744 1019 2771 τοῦ
1047 2745 1182 2781 παρόντος
1208 2746 1265 2781 βίον
1287 2746 1435 2782 μερίμναις
1462 2745 1686 2781 κατεσφιγμένοι.
1710 2744 1768 2771 Καὶ

971 2790 1036 2826 ὅλην
1050 2791 1100 2826 μὲν
1110 2791 1206 2828 ὥσπερ
1219 2792 1403 2828 ἀπονέμοντες
1417 2792 1466 2828 τὴν
1481 2792 1595 2828 καρδίαν
1606 2791 1644 2826 τῷ
1657 2791 1768 2827 φρονεῖν
