1934 3042
69 193 120 224 ωθ

443 200 488 230 DE
507 202 728 232 ΑΒΟΜΤΙΟΝΕ
749 204 785 232 ΙΝ
804 203 939 233 ΒῐἾΙὶῐἸΕ
961 206 1004 233 ΕΤ
1026 207 1208 236 \‘EiliTA’l'E.
1230 209 1292 236 LIB.
1315 208 1357 236 γε

1660 208 1718 237 ιω

72 258 124 284 τῶν
139 259 201 285 καθ’
222 259 299 295 ἡμᾶς
317 259 402 294 ἱέντες
422 263 606 298 πραγμάτων,
623 264 824 300 ἀνασχοπῶμεν
839 262 867 291 εὖ

923 266 1176 295 considerationem
1203 269 1333 304 injectis,
1365 269 1511 304 diligenter
1536 268 1713 303 aspiciamus,

74 305 156 341 μάλα,
171 305 219 333 διὰ
237 307 318 339 ποίας
336 307 420 341 [ὄντες
438 309 546 345 τρίϐου,
557 311 681 348 λαμπροί
691 321 722 340 τε
737 311 868 347 ἐσόμεθα,

73 352 120 378 και
131 352 181 387 τὴν
199 353 244 387 ἐφ’
268 353 357 381 ἅπασι
376 356 433 387 τοῖς
448 356 654 394 ἐπαινουμένοις
669 356 714 386 οἷά
730 367 792 386 τινα
806 358 869 385 στέ-

73 406 158 432 φανον
175 399 367 436 ἀναδησάμεθα
383 401 482 437 ψῆφον.
502 404 537 430 Ἦ
560 405 591 432 οὐ
612 405 685 432 δοκῶ
702 414 743 433 σοι
759 406 870 442 φρονεῖν

72 443 139 481 ὀρθὰ
148 464 158 477 .
168 444 200 472 τὸ
215 445 249 472 ἐν
261 453 293 481 γε
305 446 409 479 τούτοις
423 448 589 485 φιλοκρινεῖν
605 450 743 487 ᾑρημένος
755 459 763 485 ;

107 536 215 564 ΗΑΔΛ.
244 537 407 565 Παντάπασι
431 539 481 575 μὲν
498 537 556 568 οὖν.
587 541 674 577 Φαίην
689 541 744 577 γὰρ
768 541 802 569 ἂν
821 542 870 569 καὶ

71 581 154 614 αὐτὸς
181 583 238 617 ἐγὼ
259 584 409 620 προκλήσει
426 587 459 621 τῇ
476 586 546 622 πρὸς
567 587 680 623 ἀνδρίαν
695 588 870 624 προκαταθή-

71 627 169 662 γεσθαι
188 629 254 661 δεῖν,
267 629 375 657 ἑλέσθαι
393 639 423 658 τε
437 632 471 659 τὰ
484 633 518 659 δι’
537 630 575 659 ὧν
590 633 624 660 ἂν
639 642 685 666 τις
697 633 786 660 ἔσοιτο
800 634 870 669 λαμ-

69 675 150 710 πρὸς,
170 676 276 711 καὶτῆς
289 677 441 713 ἀμωμήτου
453 677 527 714 ζωῆς
542 679 649 715 ἔρχοιτο
662 680 722 708 κατ’
737 681 814 710 εὗθύ.

107 764 192 791 ΚΠ).
205 765 309 793 Οὐκοῦν
320 766 371 802 ἥδη
388 766 523 802 λέγωμεν.
538 767 575 800 ὥς
590 768 702 805 ἀπάσης
716 770 766 805 μὲν
779 771 870 804 οἰκίας

69 809 199 846 ἔρεισμα,
218 812 335 847 λοριγιιιίς⁸
349 812 417 844 νεὼς
431 813 460 840 δὲ
472 813 579 849 τρόπις,
596 815 678 851 ἀρχή·
695 815 742 842 τοῦ
757 816 787 844 δὲ
801 826 869 845 κατ-

69 857 172 892 ορθοῦν
190 858 341 894 ᾑρημένου,
357 858 482 895 θεμέλιος
493 860 526 887 ἂν
536 860 642 894 γένοιτο
653 862 700 889 καὶ
710 862 814 891 ὑποσάθ
819 872 869 899 ρας

70 903 155 939 ἀρχὴ,
174 904 224 939 τῆς
238 904 367 940 ἀληθείας
378 906 394 942 ἡ
404 905 516 940 γνῶσις,
532 907 578 934 καὶ
587 907 601 933 ὁ
611 908 675 943 περὶ
690 908 807 941 πίστεως
818 911 868 945 τῆς

70 950 110 981 εἰς
124 950 193 977 Θεὸν
205 951 252 977 τὸν
265 951 314 978 ἕνα
327 953 375 979 καὶ
390 952 470 987 φύσει
480 953 528 980 καὶ
539 953 665 989 ἀληθινὸν
676 955 868 991 ἀκιὸδήλευτος

69 994 167 1030 λόγος·
188 1006 200 1023 ι
225 997 288 1024 Ἐὰν
302 997 357 1034 γὰρ
372 999 410 1034 μὴ
429 999 593 1036 πιστεύσητε
604 1020 612 1034 ,
631 1001 686 1028 οὐδ’
699 1001 730 1029 οὐ
744 1001 781 1037 μὴ
805 1009 869 1030 συν-

69 1043 129 1078 ῆτε,
149 1053 159 1069 ι
174 1044 246 1080 φησὶ-
257 1044 419 1081 τδΡράμμα
441 1046 472 1073 τὸ
486 1047 569 1082 ἱερόν.
590 1047 737 1080 Συνιέντας
752 1048 781 1075 δὲ
792 1048 869 1075 οὔπω

70 1089 126 1115 τῶν
149 1090 310 1124 ἀναγκαίων
326 1092 403 1119 οὐδὲν
419 1092 572 1128 ἀπρακτεῖν
586 1093 704 1130 ἀνάγκη,
726 1094 757 1121 τὸ
770 1103 867 1131 κατορ·

71 1134 136 1161 θοῦν
154 1136 206 1163 οὐκ
234 1137 348 1170 ειδὰτας.
373 1139 408 1164 Ἣ
432 1139 483 1165 οὐκ
505 1139 539 1166 ἂν
559 1140 709 1174 ἀναγκαῖον
731 1138 802 1167 εἶναι
815 1141 869 1177 φὴς

73 1182 143 1218 πρὸς
165 1183 343 1220 εὐδοκίμησιν
357 1187 433 1222 ἡμῖν,
448 1186 499 1221 τὴν
516 1187 561 1214 ἐπὶ
577 1188 660 1214 παντὶ
674 1187 713 1223 τῷ
737 1188 869 1225 πρακτὲὶρ

71 1227 224 1264 animum,
243 1231 267 1256 εί
286 1231 316 1258 ἂν
334 1231 407 1268 λόγῳ
421 1232 594 1269 πεποιήμεθα
606 1233 636 1260 τὸ
648 1233 714 1270 δρᾷν
727 1233 830 1270 ὀρθῶς,
843 1234 863 1262 ἃ

35 1293 41 1297 ι
71 1275 138 1312 δρᾷν
151 1276 300 1311 ἀναγκαῖον
310 1286 318 1311 ;

106 1365 213 1393 ΠΑΑΑ.
233 1366 318 1402 Φημί.

105 1411 189 1437 ΚΥΡ.
210 1411 317 1447 Τροεξδς
329 1410 379 1439 οὖν
396 1412 451 1448 ἄρα
471 1414 617 1448 συνέσεως,
635 1415 737 1448 πίστις,
755 1415 869 1448 Σύνεσες

70 1455 116 1490 δὲ,
131 1457 188 1484 τῶν
212 1458 358 1493 πρακτέων
381 1460 448 1495 ἡμῖν
466 1462 583 1488 ποιεῖται
598 1461 647 1497 τὴν
664 1462 792 1498 βάσανον.
810 1463 869 1490 Καὶ

70 1502 136 1537 γοῦν
152 1504 196 1530 ὅτε
205 1505 262 1536 τοῖς
271 1504 301 1538 ἐξ
319 1505 428 1542 Ἰσραὴλ
440 1507 455 1533 ὁ
466 1507 522 1534 τῶν
532 1507 601 1535 ὅλων
611 1507 678 1540 Θεὸς
691 1508 868 1543 παιδαγωγὸν

70 1549 167 1585 ὥσπερ
184 1550 246 1577 τινὰ
258 1571 265 1582 ,
286 1551 335 1579 καὶ
359 1552 489 1588 ἰθυντῆρα
505 1553 597 1588 σοφὸν,
617 1553 663 1581 τὸν
678 1553 725 1581 διὰ·
744 1554 868 1586 Μωσέως

921 321 1005 348 quam
1019 314 1209 348 ingredientes
1225 315 1308 347 viam,
1325 315 1390 342 clari
1408 323 1479 348 esse,
1495 318 1524 342 et
1550 314 1596 342 illa
1606 321 1658 349 pro
1670 322 1715 342 re-

921 362 965 386 cte
989 358 1158 394 honesteque
1182 359 1264 387 factis
1287 360 1487 395 approbatione
1510 359 1588 387 velut
1609 366 1712 387 corona

921 404 1039 439 quadam
1053 406 1146 432 ornari
1157 406 1305 441 possimus.
1322 406 1364 434 An
1392 407 1441 434 tibi
1465 414 1562 441 parum
1579 409 1653 433 recte
1667 413 1713 433 sa-

921 458 986 485 pere
1007 451 1111 485 videor,
1129 451 1207 487 173
1221 452 1267 487 qui
1290 452 1318 479 in
1336 452 1380 480 his
1397 452 1481 480 rebus
1503 452 1569 488 quid
1593 452 1713 487 proban-

920 496 986 524 dum
997 497 1033 524 sit
1043 497 1193 535 decernere
1208 498 1309 525 velim?

956 542 1054 570 PALL.
1071 544 1188 571 Prorsus
1202 544 1373 572 rectissime:
1389 552 1452 572 nam
1472 545 1556 572 etiam
1576 542 1635 580 ipse
1654 551 1710 571 non

920 590 1078 626 negaverim
1089 591 1167 626 prius
1177 591 1211 618 ad
1234 591 1429 618 fortitudinem
1449 591 1557 619 incitari
1573 596 1710 626 oportere,

920 641 1003 672 atque
1015 637 1054 664 ita
1067 645 1100 665 ea
1111 645 1171 665 esse
1180 637 1383 673 amplectenda,
1395 646 1445 673 per
1463 645 1524 673 quae
1535 638 1626 665 clarus
1639 645 1710 670 esse,

920 688 1050 719 rectaque
1061 684 1095 711 ad
1110 684 1195 711 vitam
1219 684 1299 719 culpa
1314 688 1454 712 carentem
1467 683 1614 719 pervenire
1633 684 1711 718 quis-

919 737 973 765 que
981 730 1077 764 possit.

954 775 1034 804 CYR.
1045 776 1106 804 Jam
1126 777 1210 812 igitur
1219 777 1371 804 ordiamur.
1381 776 1479 804 Totius
1491 775 1600 810 quidem
1613 774 1712 801 domes

920 822 1036 850 ﬁrmitas
1047 826 1090 850 est
1103 822 1329 855 fundamentum;
1350 822 1429 849 navis
1444 829 1511 848 vero
1534 820 1649 848 initium
1667 827 1712 847 ca-

920 868 999 901 rina;
1015 868 1075 904 ejus
1094 872 1187 895 autem
1210 868 1258 903 qui
1288 867 1399 895 virtutis
1421 875 1522 894 munus
1538 866 1711 901 exscquive-

919 915 960 947 lit,
976 914 1196 948 fundamentum,
1211 922 1243 942 ac
1266 914 1340 942 basis
1358 918 1387 941 et
1402 914 1521 946 initium,
1537 920 1579 941 est
1590 913 1717 948 cognitio

919 960 1095 994 veritatis,ac
1107 961 1141 988 de
1151 961 1204 988 ﬁde
1217 961 1244 988 in
1253 969 1316 988 eum
1325 961 1373 996 qui
1381 969 1453 988 unus
1461 968 1493 988 ac
1504 964 1601 987 natura
1610 963 1637 987 et
1645 967 1712 987 vero

920 1007 994 1035 Deus
1005 1012 1058 1041 est,
1076 1007 1184 1035 sincera
1199 1007 1376 1043 przedicatio:
1399 1017 1408 1032 ι
1420 1007 1479 1034 Nisi
1494 1007 1568 1034 enim
1584 1006 1711 1035 credide-

921 1052 993 1085 ritis,
1008 1061 1063 1080 non
1078 1053 1240 1089 intelligetis
1252 1054 1286 1087 ",
1305 1063 1314 1079 ι
1345 1053 1435 1088 inquit
1458 1061 1536 1080 sacra
1557 1052 1711 1088 Scriptura.

919 1098 997 1133 Quod
1014 1100 1037 1127 si
1052 1100 1120 1127 nihil
1138 1108 1173 1127 ex
1197 1099 1231 1127 iis
1253 1107 1315 1135 quae
1343 1090 1499 1127 necessaria
1521 1104 1586 1131 sunt
1601 1098 1712 1126 intelle-

919 1145 1051 1179 xerimus,
1066 1153 1174 1173 cessare
1196 1145 1230 1172 ab
1248 1152 1332 1180 opere
1361 1152 1474 1172 necesse
1490 1148 1542 1177 est,
1556 1152 1618 1172 cum
1636 1147 1713 1171 recte

919 1191 1010 1218 facere
1035 1191 1201 1218 nesciamus.
1224 1190 1266 1218 An
1282 1198 1360 1223 vero,
1373 1190 1394 1217 si
1419 1190 1487 1225 quid
1508 1198 1569 1217 esse
1582 1194 1712 1225 putamus

918 1245 950 1265 ea
967 1241 1041 1265 recte
1054 1237 1155 1270 facere,
1170 1245 1230 1272 quae
1248 1236 1338 1264 facere
1351 1244 1464 1264 necesse
1479 1240 1531 1269 est,
1543 1232 1598 1263 non
1612 1243 1710 1263 neces-

919 1283 1022 1310 sarium
1038 1290 1098 1310 esse
1107 1282 1212 1316 fateris,
1227 1282 1260 1309 ad
1277 1282 1387 1310 laudem
1413 1282 1623 1317 asscquendam,
1637 1282 1711 1309 illam

918 1329 953 1357 de
969 1329 1098 1357 omnibus
1110 1329 1197 1356 rebus
1205 1330 1319 1367 agendis
1344 1329 1571 1365 inquisitionem?

952 1375 1052 1404 PALL.
1072 1375 1180 1402 Fateor.

953 1421 1033 1450 CYR.
1048 1422 1097 1449 Est
1109 1422 1194 1457 igitur
1206 1420 1274 1448 ﬁdes
1288 1421 1477 1457 intelligentia
1499 1420 1603 1448 nutrix.
1627 1419 1712 1448 intel-

918 1468 1032 1504 ligentia
1044 1475 1111 1495 vero
1123 1476 1168 1495 res
1179 1476 1194 1495 a
1207 1467 1289 1495 nobis
1310 1467 1429 1503 agendas
1441 1466 1589 1494 examinat.
1604 1466 1714 1502 Itaque,

919 1523 983 1543 cum
1008 1513 1142 1542 lsraelitis
1165 1513 1211 1542 ille
1240 1513 1432 1541 universorum
1458 1513 1532 1540 Deus
1554 1512 1643 1547 legem
1661 1519 1712 1547 per

919 1561 1030 1597 Moysen
1041 1561 1145 1593 datam,
1157 1560 1244 1588 veluti
1256 1560 1433 1596 paedagogum
1444 1558 1591 1594 quemdam
1604 1558 1712 1593 sapien-

69 1596 206 1632 ἐπέστησε
217 1597 311 1633 νόμον,
334 1598 493 1635 ὑποσάθραν
507 1600 602 1637 ὥσπερ
617 1601 678 1628 τινὰ
696 1601 745 1628 καὶ
763 1601 867 1628 ἀκατά-

922 1596 1033 1643 temque
1045 1612 1183 1635 rectorem
1198 1607 1337 1642 apposuit,
1360 1610 1490 1640 tanquam
1508 1605 1601 1633 basem
1613 1612 1712 1640 quam-

71 1651 179 1670 σειστον
194 1643 293 1680 ἀρχὴν,
315 1644 365 1680 τὴν
388 1646 464 1681 παρὰ
478 1646 528 1682 τῆς
546 1648 612 1682 μιᾶς
629 1655 660 1674 τε
679 1647 728 1674 καὶ
751 1646 867 1682 ἀληθοῦς

69 1689 204 1724 Θεότητος
217 1689 435 1724 προκατεϐάλετο
449 1690 564 1726 γνῶσινι
582 1691 620 1728 μὴ
635 1691 690 1727 γάρ
702 1692 734 1719 ἂν
748 1691 867 1727 ἰσχύσειν

69 1736 170 1768 αὐτοὺς
186 1736 363 1772 ὑπελάμϐανε
382 1736 433 1771 τῆς
452 1737 615 1774 ἀδιασλήτοψ
631 1738 678 1765 καὶ
696 1737 867 1774 ἀκραιφνοῦς

69 1782 216 1816 ἐφικέσθαι
232 1782 316 1818 ζωῆς,
331 1783 416 1819 ἧγουν
431 1783 471 1819 τῷ
485 1783 540 1810 τῶν
563 1783 716 1811 καλλίστων
730 1784 864 1820 είσηγητῇ

69 1829 327 1865 καταρυθμίζεσθαι
340 1830 427 1866 νόμῳ,
441 1830 488 1858 καὶ
508 1831 632 1858 ὑπείκειν
646 1831 778 1863 ἐντολαῖς,
793 1832 817 1857 εἰ
830 1831 868 1867 μὴ

70 1874 199 1911 καθάπερ
214 1875 451 1912 προανατείχισμα
460 1875 510 1912 τὴν
524 1877 571 1903 ἐπὶ
580 1876 640 1912 Θεῷ
655 1877 748 1904 πίστιν
761 1877 868 1910 ἑλόντες

70 1922 110 1954 είς
121 1922 197 1956 νοῦν,
206 1922 394 1958 ἀντιφέροιντο
408 1923 541 1957 γενναίως
549 1923 609 1955 ταῖς
622 1924 662 1955 εἰς
671 1922 806 1959 ῥᾳθυμίαν
819 1923 869 1950 αὐ-

69 1968 133 1999 τοὺς
148 1967 310 1999 ἀκονοιῖσαις
323 1967 440 2003 ἡδοναῖς.
456 1968 530 1995 Ἔδει
544 1968 577 2005 δὴ
593 1966 649 2001 οὖν,
661 1968 725 2001 ἔδει,
742 1969 868 2005 καθάπερ

68 2013 132 2040 τινὰ
146 2012 268 2049 ψυχικὴν
286 2014 459 2050 ἀρρωστίαν,
479 2014 682 2051 προαποθέσθαι
703 2016 767 2048 τοὺς
781 2016 866 2043 πάλαι

68 2060 120 2095 τὴν
136 2059 272 2087 πολύθεον
297 2059 443 2096 πλάνησιν,
466 2061 559 2088 πίστει
579 2070 611 2088 τε
633 2062 667 2097 τῇ
686 2062 726 2094 είς
741 2062 808 2090 Θεὸν
822 2062 868 2089 τὸν

70 2106 119 2132 ἕνα
133 2105 217 2141 φύσει
234 2106 282 2133 καὶ
294 2106 403 2142 ἀληθῶς
422 2107 582 2143 ὲρηρεῑσθαι
599 2107 691 2140 καλῶς
704 2115 712 2124 °
726 2108 868 2145 τοιγάρτοι

70 2152 118 2178 καὶ
133 2151 242 2187 πρῶτος
251 2152 344 2185 αὐτοῖς
354 2152 549 2189 προανέλαμψε
569 2153 666 2189 νόμος⁶
686 2163 695 2180 ι
717 2154 790 2189 Ἐγώ
809 2155 868 2190 ειμι

70 2197 175 2233 Κύριος
189 2198 202 2223 ὁ
218 2198 284 2230 Θεός
300 2206 359 2231 σου,
384 2199 459 2231 ὅστις
475 2199 610 2235 ἐξήγαγον
627 2208 656 2226 σε
672 2200 704 2226 ὲκ
720 2200 771 2236 γῆς
785 2200 869 2234 Αίγύ-

71 2252 139 2270 πτου
157 2244 186 2276 ἐξ
201 2243 279 2270 οἴκου
301 2244 433 2276 δουλείας.
449 2245 506 2272 Οὐκ
524 2245 632 2272 ἔσονταί
647 2254 688 2272 σοι
707 2245 764 2273 θεοὶ
779 2246 868 2282 ἕτεροι

918 1654 982 1682 dam
997 1658 1026 1682 et
1037 1653 1146 1681 ﬁrmum
1172 1653 1294 1684 initium,
1313 1653 1397 1679 unius
1417 1659 1541 1686 veraeque
1556 1651 1712 1678 Divinitatis

919 1700 1105 1736 cognitionem
1123 1699 1298 1735 praestruxit;
1312 1705 1402 1732 neque
1414 1697 1487 1724 enim
1500 1696 1614 1732 putabat
1631 1703 1712 1730 posse

919 1746 981 1773 illos
1006 1745 1040 1773 ad
1073 1745 1157 1772 vitam
1177 1745 1351 1771 innocentem
1372 1750 1524 1778 puramque
1546 1742 1712 1777 pertingere,

918 1795 966 1819 aut
980 1799 995 1818 a
1011 1791 1080 1826 lege,
1094 1798 1155 1826 qum
1168 1789 1204 1817 ad‘
1219 1797 1263 1816 res
1276 1788 1420 1823 praeclaras
1431 1787 1605 1818 hortabatur,
1615 1792 1712 1813 eorum

919 1842 1011 1862 mores
1021 1834 1160 1870 componi,
1185 1837 1214 1861 et
1237 1833 1318 1860 I'aciie
1345 1831 1484 1859 mandatis
1505 1831 1631 1866 obsequi,
1657 1829 1712 1858 nisi

920 1882 994 1908 illam
1008 1881 1036 1908 in
1047 1881 1133 1908 Deum
1154 1880 1235 1908 ﬁdem
1261 1879 1353 1906 animo
1368 1877 1563 1913 suscepissent,
1575 1885 1629 1913 quo
1648 1884 1713 1912 per-

919 1927 983 1955 inde
1008 1935 1040 1954 ac
1061 1934 1141 1954 muro
1163 1925 1339 1961 przemuniti,
1364 1924 1569 1959 voluptatibus,
1593 1931 1654 1958 qua:
1678 1922 1712 1950 ad

919 1972 1057 2008 ignaviam
1068 1972 1129 1999 illos
1140 1971 1310 2003 alliciebant,
1324 1973 1436 1997 strenue
1449 1969 1626 1996 obsisterent.
1637 1967 1714 2003 Opus

920 2019 1005 2055 igitur
1017 2022 1087 2050 erat,
1101 2025 1171 2054 opus
1188 2010 1259 2049 erat,
1277 2017 1399 2052 inquam,
1416 2020 1447 2043 ut
1460 2016 1498 2043 illi
1512 2019 1621 2043 veteres
1636 2015 1714 2050 prius

919 2065 1005 2093 veluti
1019 2064 1145 2092 morbum
1167 2064 1313 2099 quemdam
1336 2063 1420 2090 animi
1445 2062 1615 2099 deponerent
1634 2069 1712 2089 erro-

919 2119 988 2144 rem,
1000 2118 1055 2146 quo
1080 2110 1230 2137 multitudo
1257 2110 1372 2137 deorum
1393 2109 1544 2142 colebatur,
1563 2112 1592 2136 et
1610 2108 1663 2136 ﬁde
1684 2108 1727 2155 ἱη(

918 2163 983 2185 eum
1008 2154 1056 2190 qui
1071 2162 1143 2182 unus
1156 2158 1184 2182 et
1201 2158 1301 2182 natura
1320 2159 1349 2181 et
1360 2162 1425 2182 vere
1443 2154 1517 2182 Deus
1541 2158 1598 2187 est,
1607 2154 1713 2189 optimo

919 2201 1169 2234 conﬁrmarentur;
1194 2200 1312 2236 ideoque
1331 2200 1398 2235 ipsis
1418 2198 1464 2227 illa
1479 2200 1568 2235 prima
1582 2200 1626 2227 lex
1639 2207 1712 2235 prae-

922 2247 1019 2275 fulsit:
1036 2247 1110 2283 «Ego
1125 2255 1187 2275 sum
1203 2247 1337 2274 Dominus
1351 2247 1423 2274 Deus
1435 2250 1509 2279 tuus,
1526 2246 1574 2281 qui
1589 2246 1670 2274 eduxi
1685 2250 1712 2274 te

72 2288 143 2324 πλὴν
158 2288 238 2324 ἐμοῦ.
252 2289 289 2316 Οὐ
303 2291 427 2326 ποιήσεις
438 2290 546 2326 σεαυτῷ
559 2291 681 2325 εἴδωλον,
695 2291 756 2318 οὐδὲ
766 2293 867 2326 παντὸς

922 2293 955 2321 de
972 2296 1045 2321 terra
1058 2293 1178 2329 Egypti,
1191 2293 1226 2320 de
1238 2293 1320 2320 domo
1332 2292 1483 2320 servitutis.
1500 2291 1560 2319 Non
1567 2295 1649 2319 erunt
1662 2291 1711 2319 tibi

74 2334 201 2369 ὁμοίωμα
213 2334 266 2361 ὅσα
281 2335 310 2361 ὲν
325 2335 363 2370 τῷ
375 2335 484 2371 οὐρανῷ
495 2336 561 2370 ἄνω,
579 2336 627 2364 καὶ
638 2338 667 2364 ἐν
679 2338 712 2373 τῇ
731 2339 766 2374 γῇ
782 2339 868 2371 κάτω,

72 2380 120 2407 καὶ
138 2381 190 2407 ὅσα
203 2381 232 2407 ὲν
252 2382 310 2412 τοῖς
326 2380 420 2408 ὕδασιν
435 2382 564 2409 ὑποκάτω
579 2382 628 2417 τῆς
645 2383 698 2419 γῆς
710 2403 717 2417 ,
733 2385 763 2410 οὐ
781 2393 869 2420 προσ-

71 2426 202 2460 κυνήσεις
216 2426 320 2460 αὐτοῖς,
337 2427 392 2454 οὐδ⁴
407 2427 437 2454 οὐ
455 2428 492 2464 μὴ
507 2428 660 2465 λατρεύσῃς
675 2429 776 2462 αὐτοῖς.
798 2431 870 2466 Ἐγὼ

72 2471 127 2507 γάρ
141 2473 200 2507 είμι
213 2471 317 2508 Κύριος
331 2473 346 2499 ό
368 2473 434 2505 Θεός
447 2482 494 2500 σου
507 2493 515 2506 ,
530 2473 545 2500 ὁ
560 2473 625 2506 Θεὸς
646 2474 781 2511 ζηλωτὴς,
799 2477 870 2504 ἀπο-

73 2517 161 2550 διδοὺς
179 2518 320 2554 ἁμαρτίας
333 2518 461 2553 πατέρων
479 2519 525 2546 ὲπὶ
544 2520 628 2546 τέκνα
642 2520 695 2550 ἕως
710 2521 806 2557 τρίτης
820 2523 868 2550 καὶ

73 2564 207 2599 τετάρτης
230 2564 328 2598 γενεᾶς
341 2565 398 2596 τοῖς
417 2565 528 2599 μισοῦσί
551 2574 585 2601 με
596 2574 603 2580 ·
618 2567 666 2593 καὶ
684 2566 769 2594 ποιῶν
791 2567 868 2600 ἔλεος

74 2612 110 2642 εἰς
126 2610 252 2645 χιλιάδας
273 2611 330 2642 τοῖς
350 2610 479 2645 ἀγαπῶσι
505 2619 555 2646 με,
575 2611 623 2638 καὶ
640 2612 808 2647 φυλάσσουσι
833 2614 867 2640 τὰ

73 2656 275 2691 προστάγματά
290 2664 352 2691 μου.
372 2665 382 2681 ι
404 2656 477 2683 Ἔδει
491 2656 556 2693 γὰρ,
574 2657 627 2684 ἔδει
646 2658 775 2694 σκληροῖς
786 2668 868 2687 κατα-

75 2701 215 2728 πτοεῐσθαι
227 2702 338 2737 δείμασι
348 2723 355 2735 ,
371 2703 434 2734 τοὺς
448 2703 604 2739 ἀνεξίτητον
623 2705 769 2740 μέλλοντας
783 2708 868 2733 mets!-

75 2747 135 2774 σθαι
150 2747 201 2782 τὴν
216 2747 338 2782 ἐντολήν·
352 2747 495 2783 τοιγάρτοι
507 2749 553 2775 καὶ
567 2748 691 2786 ζηλωτὴν
704 2750 801 2778 ἑαυτὸν
813 2753 867 2779 ὀνο-

75 2794 156 2829 μάζει
175 2794 243 2820 Θεὸν
255 2814 263 2826 ,
278 2793 325 2820 καὶ
347 2794 484 2829 ἁμαρτίας
499 2795 625 2831 πατέρων
640 2796 796 2824 ἐπιτιθέντα
811 2799 868 2831 τοῖς

75 2839 103 2872 ιε
115 2839 218 2871 αὐτῶν,
232 2840 299 2874 εἴγε
316 2840 377 2867 κατ’
396 2841 517 2872 ἐκείνους
531 2840 634 2868 ἕλοιντο
646 2841 732 2878 βιοῦν,
743 2843 789 2871 καὶ
802 2853 867 2881 προ-

109 2932 133 2950 ⁸¹
144 2933 197 2961 lsa.
210 2940 258 2966 vn,
270 2932 297 2961 9.
345 2933 367 2949 "
379 2933 465 2962 Exod.
478 2942 522 2968 xx,
534 2934 551 2961 2
562 2941 638 2970 seqq.

919 2341 958 2368 dii
974 2340 1019 2368 alii
1037 2345 1138 2376 prieter
1152 2348 1196 2368 me
1211 2349 1217 2366 :
1236 2347 1290 2367 non
1310 2339 1394 2366 facies
1407 2339 1456 2366 tibi
1469 2339 1520 2374 ipsi
1533 2338 1647 2371 idolum,
1660 2345 1711 2365 ne-

921 2395 975 2422 que
989 2387 1075 2414 ullius
1091 2386 1132 2414 rei
1146 2386 1334 2419 simulacrum,
1347 2392 1516 2420 quaecunque
1523 2384 1551 2412 in
1563 2384 1633 2412 caelo
1647 2387 1712 2411 sunt

921 2440 1041 2465 sursum,
1057 2437 1085 2460 et
1104 2439 1276 2468 quaecunque
1293 2431 1322 2458 in
1347 2435 1420 2458 terra
1441 2431 1583 2463 deorsum,
1597 2434 1624 2458 et
1638 2438 1712 2465 quze-
1743 2455 1757 2465 ,

922 2486 1031 2514 cunque
1039 2479 1067 2505 in
1079 2478 1158 2513 aquis
1173 2478 1224 2505 sub
1236 2481 1323 2505 terra:
1349 2485 1404 2504 non
1418 2476 1547 2504 adorabis
1565 2484 1606 2508 ea,
1620 2482 1711 2510 neque

922 2526 1029 2553 servies
1041 2525 1104 2552 illis.
1123 2525 1178 2560 Ego
1196 2524 1271 2552 enim
1294 2531 1354 2551 sum
1380 2524 1513 2551 Dominus
1538 2523 1612 2550 Deus
1636 2527 1710 2554 tuus,

922 2572 995 2599 Deus
1007 2571 1118 2604 zelotes,
1133 2570 1253 2598 reddens
1272 2574 1383 2604 peccata
1400 2573 1508 2604 patrum
1529 2569 1556 2596 in
1573 2568 1653 2601 ﬁlios,
1666 2576 1710 2596 us-

922 2625 975 2653 que
990 2617 1024 2645 ad
1040 2617 1148 2645 tertiam
1175 2619 1204 2644 et
1224 2619 1350 2651 quartam
1372 2615 1588 2652 generationem,
1615 2614 1648 2642 iis
1662 2613 1710 2649 qui

921 2664 1041 2692 oderunt
1054 2671 1108 2695 me,
1124 2662 1204 2699 174
1211 2666 1239 2690 et
1250 2661 1578 2690 faciensmisericordiam
1587 2661 1614 2688 in
1624 2660 1709 2688 millia

922 2709 958 2737 iis
982 2709 1030 2744 qui
1049 2708 1169 2744 diligunt
1179 2715 1233 2742 me,
1246 2711 1275 2735 et
1287 2711 1398 2735 servant
1420 2710 1556 2742 praecepta
1571 2714 1633 2734 mea
1648 2706 1680 2732 ⁸³.
1697 2715 1706 2731 ι

921 2755 1072 2791 Oportebat
1095 2755 1170 2782 enim
1194 2758 1225 2782 ut
1237 2753 1314 2781 duris
1340 2753 1491 2781 terroribus
1505 2759 1711 2780 commoveren-

922 2804 976 2834 tur,
986 2799 1034 2835 qui
1047 2799 1176 2826 mandato
1188 2798 1294 2826 aditum
1312 2797 1474 2833 praaclusuri
1485 2801 1579 2829 erant;
1593 2795 1710 2831 ideoque

920 2851 948 2875 et
968 2846 1085 2874 zeloteru
1098 2853 1127 2874 se
1139 2845 1226 2874 Deum
1247 2843 1374 2880 appellat
1389 2847 1418 2872 et
1429 2846 1542 2879 peccata
1563 2845 1708 2879 parentum
