1934 3042
197 144 252 171 595
268 153 274 160 ·

718 140 744 168 S.
764 140 903 169 CYRILLI
923 142 1156 170 ALEXANDle
1176 142 1335 177 ABCHIEP.

1778 148 1830 177 ses
1847 166 1851 167 ν

197 204 259 232 illos
274 203 423 238 impingunt
439 211 446 228 :
460 202 511 228 hoc
525 199 598 227 enim
619 204 670 231 est,
684 200 756 234 quod
770 204 900 234 tanquam
918 200 982 235 ignis

1041 200 1126 227 Τοῦτο
1141 201 1193 238 γάρ
1219 202 1276 228 ἐστι
1298 202 1328 228 τὸ
1349 203 1386 233 ὡς
1404 204 1432 229 ἐν
1457 204 1520 231 εἴδει
1548 205 1596 240 μὲν
1616 206 1701 241 πυρὸς
1715 199 1828 242 ὀροῖσθαι

196 251 287 285 specie
301 249 409 276 videtur
424 255 472 282 per
490 251 610 277 noctem.
623 246 705 274 nubis
725 251 815 274 autem
829 247 919 282 specie
936 255 985 282 per

197 295 281 322 diem.
292 295 358 321 Nam
371 293 461 320 adhuc
479 291 574 326 pueris
589 291 769 318 illustratione
789 296 870 326 atque
882 291 984 319 illumi-

198 341 307 369 uatione
323 347 393 374 opus
404 343 472 371 erat,
486 345 546 373 quae
558 337 618 364 illos
630 337 663 364 ad
676 338 723 365 Dei
740 337 922 372 cognitionem
935 337 984 364 ad-

197 387 310 415 duceret
324 395 329 412 :
357 385 376 413 ii
396 393 463 413 vero
483 385 528 420 qui
543 392 624 419 supra
639 383 688 411 hos
705 388 794 414 erant,
806 383 917 418 jamque
936 390 985 417 per

198 433 278 460 ﬁdem
299 431 436 463 illustrati,
458 431 627 466 protectionc
657 434 738 464 atque
757 428 858 456 auxilio
879 427 984 461 indige—

198 479 273 510 l‘unt,
306 481 336 505 ut
363 482 458 506 aestum
489 476 632 512 praesentis
662 476 723 503 vita;
744 483 774 501 ac
796 474 902 509 pondus
930 472 984 500 dici

198 526 318 561 perferre
334 524 442 552 fortiter
456 527 567 558 possent
580 531 587 549 :
600 530 663 549 nam
680 532 688 547 ι
704 521 805 549 Omnes
827 522 872 556 qui
890 521 985 547 volunt

196 573 240 607 pie
251 572 343 598 vivere
357 571 384 598 in
401 570 522 601 Christo,
540 569 758 604 persecutionem
773 569 910 602 patientur
923 568 953 593 επ.
973 577 979 592 ι

197 619 292 648 l‘orro,
301 616 459 644 discedente
473 616 556 647 nube,
569 614 773 642 tabernaculum
785 621 893 648 quoque
904 613 985 640 simul

196 661 394 696 proﬁciscitur;
407 665 435 688 et
450 668 503 688 una
516 659 578 687 cum
592 659 637 686 illo
654 659 726 686 idem
740 658 877 686 faciebant
888 657 934 684 ﬁlii
948 658 985 684 ls-

196 711 252 738 rael
277 720 282 737 :
305 709 446 738 Christum
472 709 545 736 enim
575 708 677 742 ubique
701 705 825 740 sequitur
845 705 984 737 Ecclesia,

173 749 177 761 ’
196 761 344 790 sanctaque
364 755 409 782 illa
424 754 570 782 multitudo
582 752 764 786 credentium,
783 751 817 779 ab
830 758 863 779 eo
877 751 923 786 qui
936 758 985 778 vo-

196 807 239 830 cat
252 802 279 829 in
294 802 419 832 salutem,
433 808 574 835 nunquam
586 799 761 834 disiungitur.

231 847 328 875 PALL.
347 846 482 880 Quidnam
499 854 566 873 vero
580 845 777 881 profectionem
795 847 928 883 nostram,
942 847 983 870 at-

1040 246 1088 281 τὴν
1104 247 1199 278 νύκτα,
1219 248 1246 274 ἐν
1260 247 1287 274 δὲ
1313 248 1376 274 εἴδει
1398 249 1523 285 νεφέλης,
1540 251 1589 286 τὴν
1607 252 1725 287 ἡμέραν.
1756 253 1825 279 Ἔδει

1039 292 1104 329 γὰρ,
1120 293 1174 320 ἔδει
1189 295 1244 325 τοῖς
1265 293 1315 329 μὲν
1332 294 1372 320 ἔτι
1389 296 1496 330 νηπίοις
1514 297 1653 332 ςωτισμοῦ
1669 298 1715 324 καὶ
1730 298 1823 334 ὲλλάμο

1039 339 1127 372 ψεως,
1153 339 1202 374 τῆς
1229 339 1418 375 ἁποιρερούσης
1444 342 1484 373 είς
1507 341 1686 376 θεογνωσίανε
1717 345 1773 375 τοῖς
1802 345 1827 370 δὲ

1039 385 1141 411 τούτων
1155 386 1283 421 ἀνωτέρω
1307 386 1352 413 καὶ
1376 386 1630 423 λελαμπρυσμένοις
1644 389 1687 415 διὰ
1708 389 1757 424 τῆς
1784 390 1825 416 πίε

1041 439 1138 463 στεως,
1157 431 1262 467 σκέπης
1281 432 1327 458 καὶ
1345 433 1513 468 ἐπικουρίας,
1529 433 1565 466 ὡς
1579 434 1611 460 ἂν
1628 434 1750 462 δύναιντο
1768 444 1820 469 γεν-

1039 476 1121 508 ναίως
1133 477 1281 511 διενεγκεῖν
1292 477 1339 504 τοῦ
1354 479 1486 514 παρόντος
1500 479 1557 514 βίου
1573 479 1618 506 τὸν
1633 480 1762 507 καύσωνα
1781 481 1828 506 καὶ

1039 519 1088 557 τῆξ
1107 523 1212 558 ἡμέρας
1235 523 1265 550 τὸ
1289 523 1391 560 βάρος¹
1425 534 1432 549 ι
1456 525 1560 557 Πάντες
1583 525 1637 562 γὰρ
1662 526 1686 552 oi
1705 526 1827 558 θέλοντες

1040 566 1088 602 ζῇν
1102 568 1222 600 εὐσεϐῶς
1240 569 1268 595 ἐν
1280 569 1398 605 Χριστῷ.
1411 569 1616 605 διωχθήσονται.
1644 580 1652 596 ι
1680 571 1824 606 Ἀπαιροὺυ

1041 621 1089 646 σης
1112 613 1140 639 δὲ
1163 613 1213 648 τῆς
1238 614 1362 650 νεφέλης,
1379 615 1540 650 συναπαίρει
1563 617 1609 643 καὶ
1626 616 1643 651 ἡ
1659 617 1757 652 σκηνὴ,
1781 618 1827 644 καὶ

1040 658 1228 694 κατα).υοὺσης
1252 660 1478 693 συγκαθίσταται,
1505 661 1551 688 καὶ
1577 657 1624 688 σῖιν
1650 663 1719 698 αὐτῇ
1749 663 1828 689 τοῦτο

1039 703 1122 740 ἔδρων
1140 705 1163 730 οἱ
1180 704 1210 737 ἐξ
1229 705 1345 741 Ἰσραήλ*
1365 706 1460 733 ἕπεται
1483 707 1536 742 γὰρ
1553 708 1570 743 ὴ
1595 707 1742 744 Ἐκκλησία
1758 717 1827 735 παν-

1039 750 1110 784 ταχῆ
1129 749 1167 784 τῷ
1183 750 1303 786 Χριστῷ,
1327 751 1372 778 καὶ
1386 753 1403 787 ή
1418 752 1471 778 τῶν
1487 753 1667 780 πιστευόντων
1682 753 1746 787 ἁγία
1761 753 1828 788 πλη-

1040 794 1087 826 θὺς
1101 795 1147 822 τοῦ
1163 795 1308 828 καλοῦντος
1322 797 1360 828 είς
1375 797 1511 833 σωτηρίαν
1527 798 1577 824 οὐκ
1591 798 1812 833 ἀπονοσφίζεται.

1074 841 1179 869 ΠΛᾹΛ.
1209 842 1264 869 Καὶ
1291 842 1332 874 τίς
1359 842 1392 869 ἂν
1415 844 1500 870 νοοῖτο
1528 844 1608 879 τυχὸν
1625 844 1641 880 ἧ
1661 853 1691 871 τε
1709 845 1827 880 ἄπαρσις

195 903 249 930 que
273 894 380 922 itineris
402 893 594 925 cessationem,
615 896 756 928 prmeunte
780 899 812 919 ac
831 890 982 919 deducentia

1037 887 1116 923 ἡμῶν
1131 889 1178 915 καὶ
1193 889 1208 924 ὴ
1223 888 1381 921 κατάλυσις,
1407 889 1622 924 προδιϐάζοντός
1634 899 1662 918 τε
1678 891 1726 918 καὶ
1743 892 1826 926 ἡγου-

194 941 315 972 Christo,
328 939 493 968 intellecturi
505 938 617 967 sumus?

229 986 309 1014 CYB.
323 986 434 1014 Nullum
446 989 488 1014 est
501 985 572 1012 inter
585 985 643 1012 haec
657 983 806 1018 Scripturae
817 982 913 1014 verba,
926 989 986 1008 mea

195 1032 307 1068 quidem
327 1032 474 1063 sententia,
494 1030 659 1063 discrimen;
673 1037 734 1057 cum
747 1033 802 1056 tam
814 1029 868 1055 hoc
886 1028 986 1063 ipsum,

195 1079 276 1106 simul
288 1084 351 1105 cum
367 1078 441 1105 nube
454 1076 601 1112 proﬁcisci,
622 1083 705 1111 quam
727 1074 804 1107 illud,
818 1074 899 1101 simul
919 1081 985 1100 con-

194 1126 302 1156 sistere,
326 1123 440 1159 figuram
462 1123 545 1150 veluti
571 1121 719 1157 quamdam
739 1120 866 1148 ostendat
886 1123 986 1147 nostrae

194 1171 353 1201 voluntatis,
366 1177 421 1204 qua
430 1176 492 1196 cum
505 1169 560 1196 Deo
567 1175 629 1195 esse
641 1167 777 1202 cupimus.
786 1166 899 1198 Tamen,
913 1169 943 1192 ut
952 1164 986 1192 ad

195 1214 416 1250 intelligentiam,
437 1220 520 1249 quam
539 1212 657 1240 maxime
671 1211 730 1239 ﬁeri
744 1211 845 1246 poterit
857 1211 985 1238 subtilem

193 1262 315 1290 animum
329 1260 510 1295 appellamus,
521 1258 587 1286 illud
597 1257 732 1290 dicemus,
745 1257 862 1291 primam
875 1256 985 1292 quidem

194 1308 392 1344 profectionem
406 1313 476 1338 esse,
493 1313 547 1340 qua
564 1305 598 1333 ab
620 1303 782 1332 inﬁdelitate
800 1302 833 1330 ad
855 1303 947 1336 ﬁdem,
959 1309 987 1331 et

194 1356 229 1383 ab
241 1353 394 1390 ignorantia
411 1352 445 1380 ad
457 1351 653 1387 cognitionem,
679 1355 707 1377 et
727 1350 761 1377 ab
783 1349 892 1377 inscitia
913 1349 987 1376 illius

193 1399 241 1434 qui
261 1403 360 1426 natura
372 1404 491 1432 vereque
506 1397 578 1424 Deus
595 1399 647 1428 est,
661 1394 695 1422 ad
714 1394 816 1422 claram
833 1394 893 1429 ejus
913 1394 985 1421 noti-

195 1445 271 1476 tiam,
285 1444 332 1478 qui
346 1443 536 1470 universarum
556 1447 648 1468 rerum
662 1443 690 1466 et
701 1439 832 1466 Dominus
846 1442 874 1465 et
884 1438 985 1466 Condi-

195 1493 239 1516 tor
256 1491 308 1519 est,
330 1485 541 1521 proﬁciscimur.
563 1483 698 1511 Profectio
720 1487 811 1510 autem
834 1486 897 1517 post
917 1482 987 1510 hanc

194 1533 276 1561 modo
298 1533 399 1560 dictam
420 1531 540 1560 secunda
557 1535 610 1563 est,
625 1537 711 1565 eaque
734 1529 870 1564 perutilis,
885 1536 947 1556 cum
971 1537 986 1556 a

1040 933 1120 968 μένου
1136 934 1254 968 Χριστοῦ
1265 943 1272 966 ;

1073 979 1155 1006 ΚΥΡ.
1182 980 1371 1016 ’Δδιαφορὴσει
1399 981 1448 1016 μέν
1477 989 1534 1014 πως
1561 981 1589 1009 ἓν
1609 990 1639 1016 γε
1660 982 1694 1018 δὴ
1722 983 1828 1015 τούτοις

1037 1026 1103 1060 ἡμῖν
1128 1026 1142 1052 ὀ
1169 1025 1256 1059 λόγος,
1284 1026 1368 1053 τύπον
1395 1026 1490 1062 ὥσπερ
1517 1027 1577 1053 τινὰ
1603 1028 1827 1060 καταδεικνύντος

1038 1072 1102 1106 ἡμῖν
1115 1070 1162 1098 τοῦ
1184 1071 1272 1098 θέλειν
1292 1070 1361 1098 εἶναι
1378 1072 1446 1107 μετὰ
1464 1072 1530 1099 Θεοῦ
1547 1073 1595 1100 τοῦ
1608 1083 1636 1100 τε
1650 1075 1828 1110 συναπαίρειν

1037 1117 1083 1142 καὶ
1101 1117 1332 1150 συγκαθίστασθαι
1350 1119 1382 1154 τῇ
1394 1117 1503 1154 νεφέλῃ·
1521 1119 1590 1155 πλὴν
1605 1120 1645 1151 εἰς
1662 1121 1766 1153 ἐννοίας
1790 1121 1827 1152 ὡς

1037 1162 1075 1188 ἔνι
1093 1162 1193 1194 λεπτὰς
1212 1163 1256 1189 τὸν
1270 1163 1330 1190 νοῦν
1341 1163 1466 1195 ἐνιέντες,
1491 1164 1569 1191 πάλιν
1586 1166 1673 1192 ἐκεῖνο
1696 1155 1822 1202 ὲροιῖμεν,

1037 1209 1076 1235 ὅτι
1105 1207 1199 1244 πρώτη
1218 1209 1267 1243 μὲν
1285 1209 1405 1245 ᾶπαρσις
1422 1211 1437 1245 ἡ
1461 1210 1489 1242 ἐξ
1512 1211 1641 1242 ἀπιστίας
1660 1201 1699 1243 είς
1712 1201 1825 1245 πίστιν,

1037 1254 1083 1280 καὶ
1101 1253 1131 1286 ἐξ
1140 1253 1250 1288 ἀγνοίας
1266 1255 1305 1286 είς
1326 1254 1434 1287 γνῶσιν,
1451 1257 1496 1282 καὶ
1512 1257 1543 1283 ἐκ
1556 1256 1603 1283 τοῦ
1620 1257 1657 1292 μὴ
1671 1257 1770 1284 εἰδέναι
1785 1258 1827 1290 τίς

1035 1301 1049 1326 ὁ
1067 1300 1146 1334 φύσει
1164 1308 1192 1326 τε
1209 1300 1256 1326 καὶ
1275 1300 1385 1335 ἀληθῶς
1405 1301 1484 1333 Θεὸς,
1506 1301 1552 1328 ἐπὶ
1578 1303 1608 1329 τὸ
1619 1303 1717 1330 εἰδέναι
1734 1304 1826 1338 σαφῶς

1035 1346 1080 1372 τον
1107 1345 1160 1373 τῶν
1186 1346 1253 1372 ὅλων
1281 1347 1418 1381 Δεοπότην
1438 1348 1483 1374 καὶ
1499 1348 1628 1385 Ποιητήν.
1645 1350 1781 1386 Ἀπαρσις
1798 1350 1826 1376 δὲ

1036 1392 1130 1427 ὥσπερ
1158 1393 1217 1428 μετ’
1240 1392 1348 1428 ἐκείνην
1373 1393 1485 1429 δευτέρα
1511 1395 1558 1421 καὶ
1586 1395 1771 1431 ἐτιωφελὴς.ή
1794 1397 1825 1423 ἐκ

1036 1435 1202 1471 φαυλότητός
1218 1445 1245 1462 τε
1262 1437 1308 1464 καὶ
1318 1437 1472 1472 ἀσελγείας,
1490 1439 1535 1465 ἐπὶ
1551 1439 1579 1466 τὸ
1594 1439 1682 1467 θέλειν
1700 1440 1750 1476 ἤδη
1767 1449 1826 1472 πως

1036 1481 1069 1509 τά
1087 1481 1191 1517 ἀμείνω
1207 1482 1273 1518 δρᾷν
1288 1492 1316 1510 τε
1339 1485 1385 1512 καὶ
1411 1486 1528 1520 φρονεῖν.
1553 1485 1638 1522 Τρίτῃ
1654 1486 1694 1513 νδὲ
1724 1486 1827 1522 ταύτης

1037 1528 1243 1563 προφερεστέρα
1269 1529 1316 1556 καὶ
1331 1530 1359 1556 ὲν
1376 1530 1486 1567 εὐκλείᾳ
1501 1531 1614 1566 μείζονι,
1631 1532 1646 1567 ἠ
1672 1533 1704 1559 ὲκ
1719 1531 1767 1559 τοῦ
1783 1533 1826 1558 ἐν-

193 1579 317 1614 nequitia
332 1582 413 1612 atque
425 1576 635 1611 intemperantia
646 1583 679 1603 eo
690 1575 838 1607 tendimus,
850 1579 879 1602 ut
887 1575 943 1610 jam
953 1575 982 1602 li-

1037 1573 1112 1605 65033;
1133 1574 1178 1600 ἐπὶ
1204 1575 1234 1601 τὸ
1252 1575 1353 1610 ἀρτίως
1373 1576 1444 1612 ἕχον,
1470 1577 1629 1613 πρακτικῶς
1650 1587 1680 1605 τε
1698 1578 1755 1614 ἅμα
1777 1578 1826 1605 καὶ

193 1629 254 1653 ceat
264 1624 378 1653 meliora
388 1628 446 1651 tum
455 1623 570 1655 sentire,
580 1626 638 1650 tum
649 1622 748 1649 facere.
759 1621 837 1657 165
846 1621 902 1649 Hac
914 1629 984 1656 prae-

194 1669 311 1698 stantior
323 1673 366 1696 est
377 1668 459 1696 tertia
469 1672 498 1696 et
515 1667 668 1703 gloriosior,
682 1675 744 1694 cum
756 1675 790 1694 ex
800 1675 833 1694 eo
844 1671 917 1694 statu
939 1667 985 1694 cui

193 1715 298 1751 aliquid
319 1715 400 1747 desit,
421 1714 456 1742 ad
476 1713 672 1749 perfectionem
696 1713 832 1740 factorum
855 1712 936 1740 simul
957 1717 985 1740 et

194 1762 351 1796 dogmatuin
369 1759 527 1788 transimus.
542 1758 640 1787 Annon
664 1758 794 1794 paulatim
806 1758 841 1785 ad
853 1766 983 1794 augmen-

195 1813 252 1835 tum
264 1806 336 1842 quod
349 1806 378 1833 in
386 1806 496 1833 Christo
508 1805 680 1840 intelligitur,
691 1804 839 1836 tendimus,
848 1811 910 1831 cum
921 1811 984 1839 pro-

192 1853 301 1881 ﬁcimus
317 1852 447 1880 inavirum
461 1851 623 1886 perfectum,
636 1856 664 1878 et
680 1850 853 1878 ascendimus
865 1849 892 1877 in
905 1857 983 1876 men-

192 1905 285 1925 suram
307 1897 397 1924 aetatis
416 1895 596 1931 plenitudinis
616 1897 676 1931 ejus
687 1895 826 1930 “?Atquc
845 1895 898 1922 hoc
916 1894 982 1921 illud

191 1947 234 1970 est
251 1942 377 1974 fortasse,
390 1941 463 1976 quod
481 1941 558 1968 beati
579 1940 656 1968 Pauli
674 1948 741 1968 voce
762 1940 843 1967 nobis
863 1939 982 1971 canitur,

196 1998 205 2014 ι
221 1988 323 2015 Eorum
336 1995 397 2022 quae
420 1991 496 2014 retro
515 1991 590 2018 sunt,
609 1986 726 2019 oblitus,
740 1987 767 2013 in
787 1994 819 2013 ea
830 1993 897 2014 vero
923 1994 983 2021 qua:

192 2039 256 2062 ante
274 2037 353 2066 sunt,
373 2037 515 2064 extentus,
537 2031 571 2059 ad
591 2031 757 2059 destinatum
770 2039 931 2066 persequor,
947 2031 982 2058 ad

192 2080 317 2108 braviqu
337 2086 464 2113 superna:
476 2078 628 2105 vocationis
644 2078 676 2104 ³⁸.
695 2088 704 2103 ι
719 2077 786 2105 Cum
807 2077 889 2112 igitur
900 2077 981 2111 spiri-

193 2125 303 2153 tualiter
315 2132 349 2152 ex
362 2123 516 2159 ignorantia
531 2122 565 2150 ad
577 2122 771 2158 cognitionem,
784 2130 817 2149 ex
829 2122 936 2149 inscitia
948 2121 982 2148 ad

192 2170 345 2202 scientiam,
358 2177 390 2196 ex
407 2168 566 2196 inﬁdelitate
578 2167 614 2195 ad
629 2167 710 2195 ﬁdem
726 2167 937 2202 proﬁciscimur,
951 2174 983 2194 ac

192 2223 301 2251 semper
312 2216 340 2243 in
352 2215 500 2242 virtutibus
511 2214 680 2250 proﬁcimus,
691 2221 783 2241 nonne
800 2213 828 2240 in
844 2213 933 2241 locum
947 2221 981 2240 cx

1036 1619 1219 1654 δογματικῶς.
1237 1621 1271 1647 Ἦ
1286 1621 1345 1656 οὐχὶ
1363 1622 1434 1649 κατὰ
1448 1623 1533 1659 βραχὺ
1548 1623 1614 1658 πρὸς
1635 1623 1748 1658 αῠξησιν
1763 1623 1826 1659 ἴμεν

1035 1664 1083 1700 τὴν
1104 1666 1134 1691 ὲν
1158 1665 1268 1701 Χριστῷ
1296 1667 1454 1703 νοουμένην,
1480 1669 1683 1704 προκόπτοντες
1710 1669 1760 1704 μὲν
1785 1670 1825 1701 εἰς

1035 1709 1119 1744 ἄνδρα
1131 1709 1242 1742 τέλειον,
1259 1710 1480 1746 ἀναθρώσκοντες
1493 1713 1521 1739 δὲ
1537 1713 1583 1740 καὶ
1597 1715 1635 1745 εις
1650 1713 1748 1750 μέτρον
1766 1715 1825 1750 ἡλι-

1035 1755 1096 1786 κίας
1109 1754 1155 1781 τοῦ
1179 1755 1363 1791 πληρώματος
1380 1757 1479 1790 αὖτοῦ;
1501 1759 1586 1785 Τοῦτο
1609 1759 1678 1794 τάχει
1696 1759 1746 1786 πού
1764 1761 1824 1787 ἐστι

1036 1799 1065 1826 τὸ
1090 1799 1134 1826 διὰ
1161 1801 1252 1844 φωνῆς
1277 1801 1324 1829 τοῦ
1349 1803 1492 1830 Θεσπεσίου
1520 1804 1626 1831 Παύλου
1653 1805 1823 1840 ὑμνούμενον

1034 1847 1118 1881 ἡμῖν·
1139 1857 1148 1873 ι
1167 1847 1228 1874 Τῶν
1247 1849 1295 1883 μὲν
1320 1849 1408 1876 ὀπίσω
1433 1850 1690 1886 ἐπιλανθανόμενος,
1718 1854 1773 1883 τοῖς
1794 1851 1823 1878 δὲ

1034 1892 1187 1929 ἔμπροσθεν
1208 1895 1440 1929 ἐπεκτεινόμενος,
1459 1896 1528 1922 κατὰ
1551 1896 1650 1923 σκοπὸν
1672 1897 1761 1923 διώκω
1783 1898 1822 1928 είς

1034 1939 1062 1965 τὺ
1073 1939 1197 1974 βραϐεῖον
1209 1940 1257 1975 τῆς
1269 1940 1324 1968 ἀνω
1335 1941 1441 1976 κλήσεω
1447 1951 1465 1972 ς.
1474 1951 1483 1967 ι
1494 1942 1669 1978 ’Δπαίροντες
1683 1942 1710 1968 δὲ
1719 1943 1823 1977 νοητῶς

1034 1985 1063 2018 ἐξ
1078 1985 1189 2019 ἀγνοίας
1206 1987 1244 2018 εἰς
1255 1986 1413 2020 ἐπίγνωσιν,
1433 1986 1462 2019 ἐξ
1475 1988 1594 2023 ἀμαθίας
1606 1989 1646 2020 εἰς
1662 1988 1779 2020 σύνεσιν,
1792 1989 1822 2022 ἐξ

1033 2031 1162 2062 ἀπιστίας
1187 2033 1227 2064 εἰς
1245 2032 1347 2064 πίστιν,
1367 2033 1414 2060 καὶ
1429 2034 1471 2060 ἀεὶ
1491 2034 1690 2069 προκόπτοντες
1709 2035 1737 2061 ὲν
1755 2035 1822 2070 ἀρε-

1033 2077 1102 2107 ταῖς,
1121 2073 1165 2112 ἆρ’
1182 2077 1242 2112 οὐχὶ
1265 2078 1346 2104 τόπον
1371 2080 1403 2106 ἐκ
1426 2079 1509 2106 τόπου
1525 2079 1757 2115 μεθορμιζόμεθα,
1774 2080 1822 2106 καὶ

1032 2122 1064 2148 ὲκ
1085 2122 1230 2155 διαθέσεως
1254 2124 1337 2159 ἤγουν
1354 2125 1436 2157 ἕξεως
1457 2127 1505 2161 τῆς
1526 2126 1632 2154 τοιᾶσδε
1660 2126 1751 2161 τυχὸν,
1779 2127 1820 2158 εἰς

1032 2167 1081 2203 τὴν
1099 2169 1203 2196 τοιάνδε
1219 2167 1251 2196 αὖ
1268 2169 1461 2206 μεθιστάμενοι
1479 2172 1676 2208 προσεοίκαμιν
1693 2172 1743 2208 ἤδη
1762 2181 1821 2209 mp;

1032 2215 1088 2245 τοῖς
1105 2214 1228 2242 εἰωθόσιν
1242 2216 1406 2252 ὀδοιπορεῖν;

193 2263 253 2289 loco
264 2261 459 2296 demigramus,
472 2265 500 2288 et
511 2267 544 2288 ex
564 2264 639 2287 certa
652 2259 768 2293 quadam
796 2258 940 2285 aﬁ'ectionc
965 2262 1014 2285 aut
1032 2258 1129 2287 habitu
1149 2259 1176 2286 in
1197 2260 1280 2288 alium
1302 2269 1352 2288 nos
1370 2262 1574 2295 transferentes,
1599 2264 1633 2290 iis
1648 2264 1693 2298 qui
1711 2263 1762 2290 iter
1778 2263 1819 2291 fa-

193 2310 283 2342 ciunt,
304 2317 396 2337 nonne
419 2316 502 2343 quam
524 2306 657 2335 simillimi
680 2306 882 2342 quodammodo
906 2306 1052 2334 videmur?

226 2357 326 2385 PALL.
345 2356 468 2391 Intelligo
479 2355 554 2390 quod
570 2354 649 2382 dicis.

225 2403 304 2431 CYIL
324 2402 408 2437 Atqui
431 2409 523 2435 neque
545 2404 575 2427 ut
597 2408 614 2427 a
637 2400 760 2434 nequitia
779 2399 979 2434 proﬁciscatur,

191 2457 280 2484 neque
296 2455 362 2475 vero
381 2452 411 2474 ut
435 2447 470 2474 ad
492 2446 606 2473 meliora
631 2446 781 2480 perveniat,
799 2450 827 2473 et
846 2445 979 2480 quodam-

190 2494 273 2522 modo
298 2494 427 2524 divertat,
451 2491 582 2526 consequi
608 2491 710 2526 poterit
735 2492 894 2527 quisquam,
927 2492 979 2520 nisi

189 2541 299 2569 Christo
311 2539 410 2566 comite
422 2545 454 2565 ac
466 2537 546 2564 duce.
566 2537 659 2572 itaque
673 2538 776 2565 sanctis
791 2538 845 2566 illis
856 2538 977 2573 discipu-

189 2587 224 2614 lis
242 2585 371 2613 dicebat:
391 2593 400 2609 ‹
419 2583 485 2611 Sine
510 2591 553 2610 me
578 2583 647 2611 nihil
671 2584 785 2618 potestis
802 2584 893 2612 facere
911 2585 942 2611 ’“.
966 2594 974 2609 ι

186 2633 274 2668 igitur
290 2638 324 2657 ex
339 2637 372 2657 eo
384 2629 457 2664 quod
477 2634 519 2656 est
539 2629 621 2657 simul
639 2629 785 2663 proﬁcisci,
800 2629 874 2656 nube
889 2629 974 2664 proﬁ-

189 2678 319 2708 ciseente,
341 2676 476 2710 simulque
496 2683 559 2703 cum
581 2675 738 2710 quiescente
755 2675 908 2710 quiescere,
923 2675 975 2702 hoc

189 2723 326 2751 declarari
346 2730 397 2757 per
417 2723 533 2757 aenigma
549 2722 667 2754 Videtur,
680 2729 734 2749 una
750 2729 813 2748 cum
830 2721 886 2748 Deo
902 2727 973 2752 esse,

187 2773 218 2796 et
228 2768 321 2795 omnia
331 2775 393 2796 cum
405 2769 452 2796 illo
467 2769 564 2796 facere.
586 2768 790 2799 Verumtamen,
812 2767 910 2802 inquit,
923 2774 972 2801 per

225 2857 265 2885 "l
279 2858 348 2886 Tim.
361 2859 451 2893 u|,l'2..
490 2860 510 2875 ¹⁷
526 2859 625 2893 Ephes.
643 2867 677 2891 Iv,
692 2858 802 2893 passim.

843 2859 864 2874 ’⁸
878 2858 996 2893 Philipp.
1011 2866 1050 2890 ιιι,
1068 2859 1107 2884 15.

993 2355 1016 2383 D
1065 2354 1171 2382 ΠΑΛΛ.
1190 2355 1305 2390 Συνίημι
1318 2355 1332 2382 ὃ
1348 2357 1410 2391 φής.

1066 2401 1146 2431 ΚΥΡ.
1170 2400 1239 2427 Ἀλλ’
1256 2401 1317 2428 οὔτε
1330 2402 1378 2437 τὴν
1391 2403 1422 2429 ὲκ
1439 2402 1602 2438 φαυλότητος
1614 2404 1741 2439 ἄπαρσιν.
1756 2405 1819 2432 οὔτε

1032 2445 1085 2480 μὴν
1102 2446 1131 2472 τὸ
1148 2446 1316 2480 ἐφικνεῖσθαι
1335 2447 1414 2482 τυχὸν
1431 2448 1478 2474 καὶ
1496 2449 1703 2482 ὲγκαταυλίσθαι
1719 2449 1819 2484 τρόπον

1028 2490 1088 2517 τινὰ
1105 2491 1160 2522 τοῖς
1183 2491 1323 2526 ἀμείνοσι,
1341 2492 1512 2528 κατορθῶσαί
1536 2502 1577 2525 τις
1594 2493 1626 2520 ἂν
1643 2493 1760 2530 δυνηθῇ,
1779 2495 1818 2530 μὴ

1028 2536 1088 2570 οὐχί
1103 2535 1226 2567 συνόντος
1244 2545 1273 2563 τε
1294 2538 1340 2564 καὶ
1356 2538 1508 2573 ἡγουμένου
1523 2539 1653 2575 Χριστοῦ.
1673 2539 1818 2574 Τοιγάρτοι

1029 2581 1143 2613 καὶτοῖς
1163 2582 1249 2616 ἁγίοις
1269 2583 1371 2617 ἔφασκε
1394 2584 1543 2619 μαθηταῖς·
1561 2594 1569 2610 ι
1588 2585 1679 2619 Χωρὶς
1698 2584 1766 2620 ἐμοῦ
1786 2588 1817 2614 σὺ

1029 2628 1143 2654 δύνασθε
1160 2630 1249 2655 ποιεῖν
1271 2629 1356 2657 οὐδέν.
1380 2639 1388 2655 ι
1407 2630 1511 2657 Οὐκοῦν
1534 2630 1564 2657 τὸ
1589 2632 1706 2658 συνεῖναί
1730 2640 1760 2658 τε
1779 2631 1818 2666 τῷ

1029 2674 1099 2710 Θεῷ,
1114 2675 1160 2702 καὶΙ
1179 2675 1226 2701 σὺν
1243 2675 1318 2710 αὐτῷ
1335 2676 1423 2703 πάντα
1443 2677 1524 2712 δρᾷν,
1538 2678 1701 2712 ὑποφήνειεν
1723 2677 1757 2704 ἂν
1774 2679 1817 2703 αἰ-

1028 2720 1204 2755 νιγματωδῶς
1218 2721 1278 2747 τότε
1295 2723 1471 2758 συναπαίρειν
1487 2722 1641 2759 ἁπαιρούσῃ
1658 2725 1690 2759 τῇ
1707 2725 1816 2760 νειρέλῃ,

1027 2767 1074 2792 καὶ
1090 2766 1233 2802 ἠρεμούσῃ
1249 2769 1422 2803 συνηρεμεῖν.
1441 2769 1524 2804 Πλὴν,
1544 2769 1588 2796 διὰ
1605 2770 1818 2805 προστάγματος

1147 2859 1168 2874 ’³
1180 2859 1260 2886 Joan.
1276 2868 1319 2894 xv,
1334 2861 1359 2887 5.
