  <div class='ocr_page' id='page_1' title='image "/cluster/home/n/w/nwhite01/storage/ocr_20150623/68/njp.32101077772711/241.png"; bbox 0 0 1934 3042; ppageno 0'>
   <div class='ocr_carea' id='block_1_1' title="bbox 90 131 188 162">
    <p class='ocr_par' dir='ltr' id='par_1_1' title="bbox 90 131 188 162">
     <span class='ocr_line' id='line_1_1' title="bbox 90 131 188 162; baseline -0.02 0"><span class='ocrx_word' id='word_1_1' title='bbox 90 131 188 162; x_wconf 76' lang='grc'><strong>,399</strong></span> 
     </span>
    </p>
   </div>
   <div class='ocr_carea' id='block_1_2' title="bbox 645 126 1261 156">
    <p class='ocr_par' dir='ltr' id='par_1_2' title="bbox 645 126 1261 156">
     <span class='ocr_line' id='line_1_2' title="bbox 645 126 1261 156; baseline -0.002 -2"><span class='ocrx_word' id='word_1_2' title='bbox 645 127 672 154; x_wconf 90' lang='lat' dir='ltr'><strong>S.</strong></span> <span class='ocrx_word' id='word_1_3' title='bbox 695 126 830 154; x_wconf 79' lang='lat' dir='ltr'><strong>CYRil.Ll</strong></span> <span class='ocrx_word' id='word_1_4' title='bbox 851 126 1084 155; x_wconf 74' lang='lat' dir='ltr'><strong>ALEXANDRINI</strong></span> <span class='ocrx_word' id='word_1_5' title='bbox 1104 127 1261 156; x_wconf 77' lang='lat' dir='ltr'><strong>ARCHIEP.</strong></span> 
     </span>
    </p>
   </div>
   <div class='ocr_carea' id='block_1_3' title="bbox 1711 127 1763 155">
    <p class='ocr_par' dir='ltr' id='par_1_3' title="bbox 1711 127 1763 155">
     <span class='ocr_line' id='line_1_3' title="bbox 1711 127 1763 155; baseline -0.019 0"><span class='ocrx_word' id='word_1_6' title='bbox 1711 127 1763 155; x_wconf 72' lang='grc' dir='ltr'><strong>4ὓο</strong></span> 
     </span>
    </p>
   </div>
   <div class='ocr_carea' id='block_1_4' title="bbox 136 186 931 226">
    <p class='ocr_par' dir='ltr' id='par_1_4' title="bbox 136 186 923 226">
     <span class='ocr_line' id='line_1_4' title="bbox 136 186 923 226; baseline -0.009 -6"><span class='ocrx_word' id='word_1_7' title='bbox 136 191 178 220; x_wconf 79' lang='lat' dir='ltr'><strong>An</strong></span> <span class='ocrx_word' id='word_1_8' title='bbox 205 198 271 219; x_wconf 83' lang='lat' dir='ltr'><strong>vero</strong></span> <span class='ocrx_word' id='word_1_9' title='bbox 302 190 395 226; x_wconf 77' lang='lat' dir='ltr'><strong>negari</strong></span> <span class='ocrx_word' id='word_1_10' title='bbox 424 191 514 224; x_wconf 84' lang='lat' dir='ltr'><strong>potest</strong></span> <span class='ocrx_word' id='word_1_11' title='bbox 544 187 611 222; x_wconf 90' lang='lat' dir='ltr'><strong>quin</strong></span> <span class='ocrx_word' id='word_1_12' title='bbox 633 186 792 222; x_wconf 72' lang='lat' dir='ltr'><strong>prmdicatio</strong></span> <span class='ocrx_word' id='word_1_13' title='bbox 815 186 923 214; x_wconf 81' lang='lat' dir='ltr'><strong>facilem</strong></span> 
     </span>
    </p>
   </div>
   <div class='ocr_carea' id='block_1_5' title="bbox 983 186 1762 226">
    <p class='ocr_par' dir='ltr' id='par_1_5' title="bbox 983 187 1762 224">
     <span class='ocr_line' id='line_1_5' title="bbox 983 187 1762 224; baseline -0.001 -10"><span class='ocrx_word' id='word_1_14' title='bbox 983 187 1098 222; x_wconf 73' lang='grc' dir='ltr'>ἰεύομεν.</span> <span class='ocrx_word' id='word_1_15' title='bbox 1113 188 1149 215; x_wconf 76' lang='lat' dir='ltr'><strong>“ii</strong></span> <span class='ocrx_word' id='word_1_16' title='bbox 1166 188 1226 223; x_wconf 71' lang='grc' dir='ltr'><strong>οὐχὶ</strong></span> <span class='ocrx_word' id='word_1_17' title='bbox 1250 187 1326 222; x_wconf 86' lang='grc' dir='ltr'>λόγος</span> <span class='ocrx_word' id='word_1_18' title='bbox 1347 188 1387 220; x_wconf 76' lang='grc' dir='ltr'><strong>είς</strong></span> <span class='ocrx_word' id='word_1_19' title='bbox 1411 187 1545 224; x_wconf 80' lang='grc' dir='ltr'>ὀρθότητα</span> <span class='ocrx_word' id='word_1_20' title='bbox 1561 187 1610 223; x_wconf 80' lang='grc' dir='ltr'>τὴν</span> <span class='ocrx_word' id='word_1_21' title='bbox 1631 187 1762 223; x_wconf 80' lang='grc' dir='ltr'>δογματι-</span> 
     </span>
    </p>
   </div>
   <div class='ocr_carea' id='block_1_6' title="bbox 135 234 924 274">
    <p class='ocr_par' dir='ltr' id='par_1_6' title="bbox 135 234 924 274">
     <span class='ocr_line' id='line_1_6' title="bbox 135 234 924 274; baseline -0.004 -8"><span class='ocrx_word' id='word_1_22' title='bbox 135 237 386 274; x_wconf 79' lang='lat' dir='ltr'><strong>obsequentemque</strong></span> <span class='ocrx_word' id='word_1_23' title='bbox 399 236 546 267; x_wconf 86' lang='lat' dir='ltr'><strong>hominem,</strong></span> <span class='ocrx_word' id='word_1_24' title='bbox 559 239 587 262; x_wconf 86' lang='lat' dir='ltr'><strong>et</strong></span> <span class='ocrx_word' id='word_1_25' title='bbox 604 235 678 262; x_wconf 88' lang='lat' dir='ltr'><strong>illius</strong></span> <span class='ocrx_word' id='word_1_26' title='bbox 695 234 722 262; x_wconf 94' lang='lat' dir='ltr'><strong>in</strong></span> <span class='ocrx_word' id='word_1_27' title='bbox 735 234 846 262; x_wconf 85' lang='lat' dir='ltr'><strong>Christo</strong></span> <span class='ocrx_word' id='word_1_28' title='bbox 861 235 924 263; x_wconf 82' lang='lat' dir='ltr'><strong>vita:</strong></span> 
     </span>
    </p>
   </div>
   <div class='ocr_carea' id='block_1_7' title="bbox 136 279 923 316">
    <p class='ocr_par' dir='ltr' id='par_1_7' title="bbox 136 279 923 316">
     <span class='ocr_line' id='line_1_7' title="bbox 136 279 923 316; baseline -0.003 -5"><span class='ocrx_word' id='word_1_29' title='bbox 136 289 232 311; x_wconf 77' lang='lat' dir='ltr'><strong>verum</strong></span> <span class='ocrx_word' id='word_1_30' title='bbox 245 288 402 314; x_wconf 74' lang='lat' dir='ltr'><strong>amatorem,</strong></span> <span class='ocrx_word' id='word_1_31' title='bbox 416 281 449 309; x_wconf 91' lang='lat' dir='ltr'><strong>ad</strong></span> <span class='ocrx_word' id='word_1_32' title='bbox 461 285 563 308; x_wconf 83' lang='lat' dir='ltr'><strong>rectam</strong></span> <span class='ocrx_word' id='word_1_33' title='bbox 577 279 735 316; x_wconf 85' lang='lat' dir='ltr'><strong>dogmatum</strong></span> <span class='ocrx_word' id='word_1_34' title='bbox 759 281 923 309; x_wconf 87' lang='lat' dir='ltr'><strong>sententiam</strong></span> 
     </span>
    </p>
   </div>
   <div class='ocr_carea' id='block_1_8' title="bbox 136 327 662 363">
    <p class='ocr_par' dir='ltr' id='par_1_8' title="bbox 136 327 662 363">
     <span class='ocr_line' id='line_1_8' title="bbox 136 327 662 363; baseline -0.008 -5"><span class='ocrx_word' id='word_1_35' title='bbox 136 337 168 358; x_wconf 76' lang='lat' dir='ltr'><strong>ac</strong></span> <span class='ocrx_word' id='word_1_36' title='bbox 182 337 287 358; x_wconf 91' lang='lat' dir='ltr'><strong>morum</strong></span> <span class='ocrx_word' id='word_1_37' title='bbox 299 328 497 356; x_wconf 81' lang='lat' dir='ltr'><strong>correctionem</strong></span> <span class='ocrx_word' id='word_1_38' title='bbox 512 327 662 363; x_wconf 79' lang='lat' dir='ltr'><strong>perducat?</strong></span> 
     </span>
    </p>
   </div>
   <div class='ocr_carea' id='block_1_9' title="bbox 171 373 443 403">
    <p class='ocr_par' dir='ltr' id='par_1_9' title="bbox 171 373 443 403">
     <span class='ocr_line' id='line_1_9' title="bbox 171 373 443 403; baseline -0.015 0"><span class='ocrx_word' id='word_1_39' title='bbox 171 375 270 403; x_wconf 81' lang='lat' dir='ltr'><strong>PALL.</strong></span> <span class='ocrx_word' id='word_1_40' title='bbox 291 374 330 401; x_wconf 87' lang='lat' dir='ltr'><strong>ita</strong></span> <span class='ocrx_word' id='word_1_41' title='bbox 345 373 443 401; x_wconf 87' lang='lat' dir='ltr'><strong>fateor.</strong></span> 
     </span>
    </p>
   </div>
   <div class='ocr_carea' id='block_1_10' title="bbox 172 417 924 454">
    <p class='ocr_par' dir='ltr' id='par_1_10' title="bbox 172 417 924 454">
     <span class='ocr_line' id='line_1_10' title="bbox 172 417 924 454; baseline -0.003 -7"><span class='ocrx_word' id='word_1_42' title='bbox 172 419 251 447; x_wconf 79' lang='lat' dir='ltr'><strong>CYR.</strong></span> <span class='ocrx_word' id='word_1_43' title='bbox 272 417 357 454; x_wconf 79' lang='lat' dir='ltr'><strong>igitur</strong></span> <span class='ocrx_word' id='word_1_44' title='bbox 381 417 442 445; x_wconf 63' lang='lat' dir='ltr'><strong>duae</strong></span> <span class='ocrx_word' id='word_1_45' title='bbox 462 420 527 445; x_wconf 87' lang='lat' dir='ltr'><strong>sunt</strong></span> <span class='ocrx_word' id='word_1_46' title='bbox 552 417 634 450; x_wconf 73' lang='lat' dir='ltr'><strong>tubae,</strong></span> <span class='ocrx_word' id='word_1_47' title='bbox 653 425 714 453; x_wconf 62' lang='lat' dir='ltr'><strong>qua:</strong></span> <span class='ocrx_word' id='word_1_48' title='bbox 737 419 868 453; x_wconf 80' lang='lat' dir='ltr'><strong>populum</strong></span> <span class='ocrx_word' id='word_1_49' title='bbox 889 418 924 446; x_wconf 85' lang='lat' dir='ltr'><strong>ad</strong></span> 
     </span>
    </p>
   </div>
   <div class='ocr_carea' id='block_1_11' title="bbox 136 462 923 498">
    <p class='ocr_par' dir='ltr' id='par_1_11' title="bbox 136 462 923 498">
     <span class='ocr_line' id='line_1_11' title="bbox 136 462 923 498; baseline 0.001 -7"><span class='ocrx_word' id='word_1_50' title='bbox 136 463 344 491; x_wconf 81' lang='lat' dir='ltr'><strong>tabernaculum</strong></span> <span class='ocrx_word' id='word_1_51' title='bbox 363 466 474 498; x_wconf 82' lang='lat' dir='ltr'><strong>cogunt.</strong></span> <span class='ocrx_word' id='word_1_52' title='bbox 490 462 543 490; x_wconf 85' lang='lat' dir='ltr'><strong>Sed</strong></span> <span class='ocrx_word' id='word_1_53' title='bbox 562 463 584 490; x_wconf 90' lang='lat' dir='ltr'><strong>si</strong></span> <span class='ocrx_word' id='word_1_54' title='bbox 607 471 661 490; x_wconf 90' lang='lat' dir='ltr'><strong>una</strong></span> <span class='ocrx_word' id='word_1_55' title='bbox 678 463 744 490; x_wconf 87' lang='lat' dir='ltr'><strong>tuba</strong></span> <span class='ocrx_word' id='word_1_56' title='bbox 762 464 923 497; x_wconf 83' lang='lat' dir='ltr'><strong>cecineriut,</strong></span> 
     </span>
    </p>
   </div>
   <div class='ocr_carea' id='block_1_12' title="bbox 139 507 925 544">
    <p class='ocr_par' dir='ltr' id='par_1_12' title="bbox 139 507 925 544">
     <span class='ocr_line' id='line_1_12' title="bbox 139 507 925 544; baseline 0.003 -9"><span class='ocrx_word' id='word_1_57' title='bbox 139 507 239 543; x_wconf 88' lang='lat' dir='ltr'><strong>inquit,</strong></span> <span class='ocrx_word' id='word_1_58' title='bbox 252 507 367 535; x_wconf 77' lang='lat' dir='ltr'><strong>venient</strong></span> <span class='ocrx_word' id='word_1_59' title='bbox 380 508 458 543; x_wconf 78' lang='lat'><strong>167</strong></span> <span class='ocrx_word' id='word_1_60' title='bbox 477 508 511 535; x_wconf 90' lang='lat' dir='ltr'><strong>ad</strong></span> <span class='ocrx_word' id='word_1_61' title='bbox 533 512 560 535; x_wconf 90' lang='lat' dir='ltr'><strong>te</strong></span> <span class='ocrx_word' id='word_1_62' title='bbox 580 515 675 535; x_wconf 88' lang='lat' dir='ltr'><strong>omnes</strong></span> <span class='ocrx_word' id='word_1_63' title='bbox 689 508 827 544; x_wconf 85' lang='lat' dir='ltr'><strong>principes</strong></span> <span class='ocrx_word' id='word_1_64' title='bbox 841 508 925 537; x_wconf 84' lang='lat' dir='ltr'><strong>duces</strong></span> 
     </span>
    </p>
   </div>
   <div class='ocr_carea' id='block_1_13' title="bbox 136 553 925 589">
    <p class='ocr_par' dir='ltr' id='par_1_13' title="bbox 136 553 925 589">
     <span class='ocr_line' id='line_1_13' title="bbox 136 553 925 589; baseline 0.001 -9"><span class='ocrx_word' id='word_1_65' title='bbox 136 553 255 581; x_wconf 78' lang='lat' dir='ltr'><strong>ﬁliorum</strong></span> <span class='ocrx_word' id='word_1_66' title='bbox 267 553 363 580; x_wconf 84' lang='lat' dir='ltr'><strong>lsrael.</strong></span> <span class='ocrx_word' id='word_1_67' title='bbox 376 553 463 588; x_wconf 86' lang='lat' dir='ltr'><strong>Egeut</strong></span> <span class='ocrx_word' id='word_1_68' title='bbox 477 553 560 586; x_wconf 86' lang='lat' dir='ltr'><strong>enim,</strong></span> <span class='ocrx_word' id='word_1_69' title='bbox 574 557 605 581; x_wconf 91' lang='lat' dir='ltr'><strong>ut</strong></span> <span class='ocrx_word' id='word_1_70' title='bbox 618 553 725 589; x_wconf 84' lang='lat' dir='ltr'><strong>opinor,</strong></span> <span class='ocrx_word' id='word_1_71' title='bbox 738 553 925 582; x_wconf 83' lang='lat' dir='ltr'><strong>admonitione</strong></span> 
     </span>
    </p>
   </div>
   <div class='ocr_carea' id='block_1_14' title="bbox 139 599 925 635">
    <p class='ocr_par' dir='ltr' id='par_1_14' title="bbox 139 599 925 635">
     <span class='ocr_line' id='line_1_14' title="bbox 139 599 925 635; baseline 0.001 -9"><span class='ocrx_word' id='word_1_72' title='bbox 139 603 222 634; x_wconf 88' lang='lat' dir='ltr'><strong>atque</strong></span> <span class='ocrx_word' id='word_1_73' title='bbox 255 599 448 627; x_wconf 77' lang='lat' dir='ltr'><strong>exhortatione</strong></span> <span class='ocrx_word' id='word_1_74' title='bbox 477 599 516 626; x_wconf 90' lang='lat' dir='ltr'><strong>illi</strong></span> <span class='ocrx_word' id='word_1_75' title='bbox 545 607 655 635; x_wconf 90' lang='lat' dir='ltr'><strong>quoque</strong></span> <span class='ocrx_word' id='word_1_76' title='bbox 687 599 734 634; x_wconf 86' lang='lat' dir='ltr'><strong>qui</strong></span> <span class='ocrx_word' id='word_1_77' title='bbox 762 599 925 635; x_wconf 82' lang='lat' dir='ltr'><strong>perfectiore</strong></span> 
     </span>
    </p>
   </div>
   <div class='ocr_carea' id='block_1_15' title="bbox 138 644 924 680">
    <p class='ocr_par' dir='ltr' id='par_1_15' title="bbox 138 644 924 680">
     <span class='ocr_line' id='line_1_15' title="bbox 138 644 924 680; baseline 0 -8"><span class='ocrx_word' id='word_1_78' title='bbox 138 649 202 672; x_wconf 90' lang='lat' dir='ltr'><strong>sunt</strong></span> <span class='ocrx_word' id='word_1_79' title='bbox 213 644 308 672; x_wconf 85' lang='lat' dir='ltr'><strong>habitu</strong></span> <span class='ocrx_word' id='word_1_80' title='bbox 323 653 329 671; x_wconf 87' lang='lat'><strong>:</strong></span> <span class='ocrx_word' id='word_1_81' title='bbox 344 644 391 672; x_wconf 88' lang='lat' dir='ltr'><strong>sed</strong></span> <span class='ocrx_word' id='word_1_82' title='bbox 411 652 466 672; x_wconf 81' lang='lat' dir='ltr'><strong>non</strong></span> <span class='ocrx_word' id='word_1_83' title='bbox 486 648 570 677; x_wconf 88' lang='lat' dir='ltr'><strong>tanta,</strong></span> <span class='ocrx_word' id='word_1_84' title='bbox 593 649 723 680; x_wconf 80' lang='lat' dir='ltr'><strong>quantam</strong></span> <span class='ocrx_word' id='word_1_85' title='bbox 739 645 855 680; x_wconf 82' lang='lat' dir='ltr'><strong>requirit</strong></span> <span class='ocrx_word' id='word_1_86' title='bbox 872 653 924 672; x_wconf 69' lang='lat' dir='ltr'><strong>cae-</strong></span> 
     </span>
    </p>
   </div>
   <div class='ocr_carea' id='block_1_16' title="bbox 139 686 926 726">
    <p class='ocr_par' dir='ltr' id='par_1_16' title="bbox 139 686 926 726">
     <span class='ocr_line' id='line_1_16' title="bbox 139 686 926 726; baseline 0.001 -9"><span class='ocrx_word' id='word_1_87' title='bbox 139 686 198 718; x_wconf 78' lang='lat' dir='ltr'><strong>tera</strong></span> <span class='ocrx_word' id='word_1_88' title='bbox 209 689 374 718; x_wconf 87' lang='lat' dir='ltr'><strong>multitudo:</strong></span> <span class='ocrx_word' id='word_1_89' title='bbox 388 690 423 718; x_wconf 91' lang='lat' dir='ltr'><strong>ob</strong></span> <span class='ocrx_word' id='word_1_90' title='bbox 434 697 549 726; x_wconf 84' lang='lat' dir='ltr'><strong>eamque</strong></span> <span class='ocrx_word' id='word_1_91' title='bbox 561 697 618 717; x_wconf 89' lang='lat' dir='ltr'><strong>rem</strong></span> <span class='ocrx_word' id='word_1_92' title='bbox 631 690 698 718; x_wconf 89' lang='lat' dir='ltr'><strong>alios</strong></span> <span class='ocrx_word' id='word_1_93' title='bbox 709 690 819 725; x_wconf 86' lang='lat' dir='ltr'><strong>quidem</strong></span> <span class='ocrx_word' id='word_1_94' title='bbox 831 698 926 719; x_wconf 86' lang='lat' dir='ltr'><strong>omnes</strong></span> 
     </span>
    </p>
   </div>
   <div class='ocr_carea' id='block_1_17' title="bbox 140 735 925 772">
    <p class='ocr_par' dir='ltr' id='par_1_17' title="bbox 140 735 925 772">
     <span class='ocr_line' id='line_1_17' title="bbox 140 735 925 772; baseline 0.001 -10"><span class='ocrx_word' id='word_1_95' title='bbox 140 735 202 763; x_wconf 63' lang='lat' dir='ltr'><strong>duae</strong></span> <span class='ocrx_word' id='word_1_96' title='bbox 212 735 257 762; x_wconf 77' lang='lat' dir='ltr'><strong>vix</strong></span> <span class='ocrx_word' id='word_1_97' title='bbox 269 739 420 763; x_wconf 87' lang='lat' dir='ltr'><strong>convocant</strong></span> <span class='ocrx_word' id='word_1_98' title='bbox 433 735 516 768; x_wconf 83' lang='lat' dir='ltr'><strong>tubae,</strong></span> <span class='ocrx_word' id='word_1_99' title='bbox 529 736 577 763; x_wconf 89' lang='lat' dir='ltr'><strong>sed</strong></span> <span class='ocrx_word' id='word_1_100' title='bbox 598 735 713 763; x_wconf 86' lang='lat' dir='ltr'><strong>eximios</strong></span> <span class='ocrx_word' id='word_1_101' title='bbox 727 743 796 769; x_wconf 84' lang='lat' dir='ltr'><strong>una;</strong></span> <span class='ocrx_word' id='word_1_102' title='bbox 810 735 925 772; x_wconf 86' lang='lat' dir='ltr'><strong>sapienti</strong></span> 
     </span>
    </p>
   </div>
   <div class='ocr_carea' id='block_1_18' title="bbox 139 781 926 817">
    <p class='ocr_par' dir='ltr' id='par_1_18' title="bbox 139 781 926 817">
     <span class='ocr_line' id='line_1_18' title="bbox 139 781 926 817; baseline 0.001 -9"><span class='ocrx_word' id='word_1_103' title='bbox 139 789 256 817; x_wconf 82' lang='lat' dir='ltr'><strong>namque</strong></span> <span class='ocrx_word' id='word_1_104' title='bbox 268 788 354 816; x_wconf 89' lang='lat' dir='ltr'><strong>pauca</strong></span> <span class='ocrx_word' id='word_1_105' title='bbox 368 785 432 808; x_wconf 92' lang='lat' dir='ltr'><strong>sunt</strong></span> <span class='ocrx_word' id='word_1_106' title='bbox 445 781 511 808; x_wconf 87' lang='lat' dir='ltr'><strong>satis</strong></span> <span class='ocrx_word' id='word_1_107' title='bbox 525 789 531 808; x_wconf 76' lang='grc' dir='ltr'><strong>ε</strong></span> <span class='ocrx_word' id='word_1_108' title='bbox 544 785 572 809; x_wconf 90' lang='lat' dir='ltr'><strong>et</strong></span> <span class='ocrx_word' id='word_1_109' title='bbox 584 781 754 808; x_wconf 85' lang='lat' dir='ltr'><strong>occasionem</strong></span> <span class='ocrx_word' id='word_1_110' title='bbox 771 781 794 808; x_wconf 90' lang='lat' dir='ltr'><strong>si</strong></span> <span class='ocrx_word' id='word_1_111' title='bbox 813 789 926 816; x_wconf 86' lang='lat' dir='ltr'><strong>accepe-</strong></span> 
     </span>
    </p>
   </div>
   <div class='ocr_carea' id='block_1_19' title="bbox 140 826 926 863">
    <p class='ocr_par' dir='ltr' id='par_1_19' title="bbox 140 826 926 863">
     <span class='ocr_line' id='line_1_19' title="bbox 140 826 926 863; baseline 0.001 -9"><span class='ocrx_word' id='word_1_112' title='bbox 140 827 186 859; x_wconf 83' lang='lat' dir='ltr'><strong>rit,</strong></span> <span class='ocrx_word' id='word_1_113' title='bbox 199 826 310 862; x_wconf 83' lang='lat' dir='ltr'><strong>adjiciet</strong></span> <span class='ocrx_word' id='word_1_114' title='bbox 321 826 466 862; x_wconf 86' lang='lat' dir='ltr'><strong>reliquum,</strong></span> <span class='ocrx_word' id='word_1_115' title='bbox 478 827 555 862; x_wconf 85' lang='lat' dir='ltr'><strong>juxta</strong></span> <span class='ocrx_word' id='word_1_116' title='bbox 567 826 653 854; x_wconf 87' lang='lat' dir='ltr'><strong>illud:</strong></span> <span class='ocrx_word' id='word_1_117' title='bbox 672 836 681 852; x_wconf 83' lang='grc' dir='ltr'><strong>ι</strong></span> <span class='ocrx_word' id='word_1_118' title='bbox 698 827 735 855; x_wconf 91' lang='lat' dir='ltr'><strong>Da</strong></span> <span class='ocrx_word' id='word_1_119' title='bbox 747 827 862 863; x_wconf 85' lang='lat' dir='ltr'><strong>sapienti</strong></span> <span class='ocrx_word' id='word_1_120' title='bbox 878 835 926 855; x_wconf 84' lang='lat' dir='ltr'><strong>oc-</strong></span> 
     </span>
    </p>
   </div>
   <div class='ocr_carea' id='block_1_20' title="bbox 139 858 964 908">
    <p class='ocr_par' dir='ltr' id='par_1_20' title="bbox 139 858 964 908">
     <span class='ocr_line' id='line_1_20' title="bbox 139 858 964 908; baseline 0 -8"><span class='ocrx_word' id='word_1_121' title='bbox 139 858 290 905; x_wconf 73' lang='lat' dir='ltr'><strong>casionem,</strong></span> <span class='ocrx_word' id='word_1_122' title='bbox 305 875 334 899; x_wconf 90' lang='lat' dir='ltr'><strong>et</strong></span> <span class='ocrx_word' id='word_1_123' title='bbox 355 858 505 907; x_wconf 69' lang='lat' dir='ltr'><strong>sapientior</strong></span> <span class='ocrx_word' id='word_1_124' title='bbox 526 872 603 905; x_wconf 75' lang='lat' dir='ltr'><strong>erit;‘</strong></span> <span class='ocrx_word' id='word_1_125' title='bbox 618 877 714 900; x_wconf 91' lang='lat' dir='ltr'><strong>notum</strong></span> <span class='ocrx_word' id='word_1_126' title='bbox 739 858 786 900; x_wconf 68' lang='lat' dir='ltr'><strong>fac</strong></span> <span class='ocrx_word' id='word_1_127' title='bbox 802 873 884 908; x_wconf 83' lang='lat' dir='ltr'><strong>justo,</strong></span> <span class='ocrx_word' id='word_1_128' title='bbox 897 876 927 900; x_wconf 91' lang='lat' dir='ltr'><strong>et</strong></span> <span class='ocrx_word' id='word_1_129' title='bbox 943 858 964 886; x_wconf 74' lang='grc' dir='ltr'><strong>Β</strong></span> 
     </span>
    </p>
   </div>
   <div class='ocr_carea' id='block_1_21' title="bbox 137 918 929 954">
    <p class='ocr_par' dir='ltr' id='par_1_21' title="bbox 137 918 929 954">
     <span class='ocr_line' id='line_1_21' title="bbox 137 918 929 954; baseline 0 -8"><span class='ocrx_word' id='word_1_130' title='bbox 137 918 250 954; x_wconf 89' lang='lat' dir='ltr'><strong>adjiciet</strong></span> <span class='ocrx_word' id='word_1_131' title='bbox 269 918 394 954; x_wconf 81' lang='lat' dir='ltr'><strong>accipere</strong></span> <span class='ocrx_word' id='word_1_132' title='bbox 406 918 438 945; x_wconf 83' lang='grc'><strong>³³.</strong></span> <span class='ocrx_word' id='word_1_133' title='bbox 455 928 464 944; x_wconf 85' lang='grc'><strong>›</strong></span> <span class='ocrx_word' id='word_1_134' title='bbox 480 918 583 946; x_wconf 86' lang='lat' dir='ltr'><strong>Deinde</strong></span> <span class='ocrx_word' id='word_1_135' title='bbox 596 919 678 954; x_wconf 83' lang='lat' dir='ltr'><strong>jussit</strong></span> <span class='ocrx_word' id='word_1_136' title='bbox 703 922 734 946; x_wconf 91' lang='lat' dir='ltr'><strong>ut</strong></span> <span class='ocrx_word' id='word_1_137' title='bbox 752 922 869 953; x_wconf 87' lang='lat' dir='ltr'><strong>quatuor</strong></span> <span class='ocrx_word' id='word_1_138' title='bbox 881 918 929 946; x_wconf 88' lang='lat' dir='ltr'><strong>da-</strong></span> 
     </span>
    </p>
   </div>
   <div class='ocr_carea' id='block_1_22' title="bbox 139 963 928 1000">
    <p class='ocr_par' dir='ltr' id='par_1_22' title="bbox 139 963 928 1000">
     <span class='ocr_line' id='line_1_22' title="bbox 139 963 928 1000; baseline 0 -8"><span class='ocrx_word' id='word_1_139' title='bbox 139 968 237 993; x_wconf 88' lang='lat' dir='ltr'><strong>rentur</strong></span> <span class='ocrx_word' id='word_1_140' title='bbox 260 963 401 1000; x_wconf 85' lang='lat' dir='ltr'><strong>signorum</strong></span> <span class='ocrx_word' id='word_1_141' title='bbox 423 963 596 996; x_wconf 69' lang='lat' dir='ltr'><strong>differentiae,</strong></span> <span class='ocrx_word' id='word_1_142' title='bbox 609 964 709 999; x_wconf 85' lang='lat' dir='ltr'><strong>quibus</strong></span> <span class='ocrx_word' id='word_1_143' title='bbox 729 967 818 992; x_wconf 80' lang='lat' dir='ltr'><strong>castra</strong></span> <span class='ocrx_word' id='word_1_144' title='bbox 833 972 928 992; x_wconf 83' lang='lat' dir='ltr'><strong>move-</strong></span> 
     </span>
    </p>
   </div>
   <div class='ocr_carea' id='block_1_23' title="bbox 141 1009 929 1046">
    <p class='ocr_par' dir='ltr' id='par_1_23' title="bbox 141 1009 929 1046">
     <span class='ocr_line' id='line_1_23' title="bbox 141 1009 929 1046; baseline 0 -8"><span class='ocrx_word' id='word_1_145' title='bbox 141 1014 248 1043; x_wconf 85' lang='lat' dir='ltr'><strong>rentur,</strong></span> <span class='ocrx_word' id='word_1_146' title='bbox 259 1016 292 1038; x_wconf 82' lang='lat' dir='ltr'><strong>a‘c</strong></span> <span class='ocrx_word' id='word_1_147' title='bbox 302 1009 544 1046; x_wconf 71' lang='lat' dir='ltr'><strong>proficiscerentur</strong></span> <span class='ocrx_word' id='word_1_148' title='bbox 566 1009 613 1046; x_wconf 87' lang='lat' dir='ltr'><strong>qui</strong></span> <span class='ocrx_word' id='word_1_149' title='bbox 635 1010 670 1037; x_wconf 90' lang='lat' dir='ltr'><strong>ad</strong></span> <span class='ocrx_word' id='word_1_150' title='bbox 692 1010 827 1037; x_wconf 87' lang='lat' dir='ltr'><strong>orientem</strong></span> <span class='ocrx_word' id='word_1_151' title='bbox 841 1014 870 1038; x_wconf 89' lang='lat' dir='ltr'><strong>et</strong></span> <span class='ocrx_word' id='word_1_152' title='bbox 884 1018 929 1038; x_wconf 86' lang='lat' dir='ltr'><strong>oc-</strong></span> 
     </span>
    </p>
   </div>
   <div class='ocr_carea' id='block_1_24' title="bbox 141 1056 929 1092">
    <p class='ocr_par' dir='ltr' id='par_1_24' title="bbox 141 1056 929 1092">
     <span class='ocr_line' id='line_1_24' title="bbox 141 1056 929 1092; baseline -0.001 -7"><span class='ocrx_word' id='word_1_153' title='bbox 141 1058 294 1089; x_wconf 80' lang='lat' dir='ltr'><strong>cidentem,</strong></span> <span class='ocrx_word' id='word_1_154' title='bbox 317 1056 472 1092; x_wconf 78' lang='lat' dir='ltr'><strong>aquilonem</strong></span> <span class='ocrx_word' id='word_1_155' title='bbox 494 1061 522 1083; x_wconf 89' lang='lat' dir='ltr'><strong>et</strong></span> <span class='ocrx_word' id='word_1_156' title='bbox 544 1059 668 1083; x_wconf 88' lang='lat' dir='ltr'><strong>austrum</strong></span> <span class='ocrx_word' id='word_1_157' title='bbox 691 1060 799 1083; x_wconf 77' lang='lat' dir='ltr'><strong>essent-</strong></span> <span class='ocrx_word' id='word_1_158' title='bbox 814 1064 864 1091; x_wconf 89' lang='lat' dir='ltr'><strong>per</strong></span> <span class='ocrx_word' id='word_1_159' title='bbox 876 1056 929 1084; x_wconf 84' lang='lat' dir='ltr'><strong>hoc</strong></span> 
     </span>
    </p>
   </div>
   <div class='ocr_carea' id='block_1_25' title="bbox 141 1100 929 1138">
    <p class='ocr_par' dir='ltr' id='par_1_25' title="bbox 141 1100 929 1138">
     <span class='ocr_line' id='line_1_25' title="bbox 141 1100 929 1138; baseline -0.001 -8"><span class='ocrx_word' id='word_1_160' title='bbox 141 1103 226 1138; x_wconf 81' lang='lat' dir='ltr'><strong>igitur</strong></span> <span class='ocrx_word' id='word_1_161' title='bbox 241 1102 361 1129; x_wconf 85' lang='lat' dir='ltr'><strong>arbitror</strong></span> <span class='ocrx_word' id='word_1_162' title='bbox 379 1105 497 1137; x_wconf 80' lang='lat' dir='ltr'><strong>quatuor</strong></span> <span class='ocrx_word' id='word_1_163' title='bbox 513 1100 722 1137; x_wconf 86' lang='lat' dir='ltr'><strong>Evangeliorum</strong></span> <span class='ocrx_word' id='word_1_164' title='bbox 742 1101 829 1129; x_wconf 90' lang='lat' dir='ltr'><strong>libros</strong></span> <span class='ocrx_word' id='word_1_165' title='bbox 844 1102 929 1137; x_wconf 85' lang='lat' dir='ltr'><strong>signi-</strong></span> 
     </span>
    </p>
   </div>
   <div class='ocr_carea' id='block_1_26' title="bbox 141 1146 930 1183">
    <p class='ocr_par' dir='ltr' id='par_1_26' title="bbox 141 1146 930 1183">
     <span class='ocr_line' id='line_1_26' title="bbox 141 1146 930 1183; baseline -0.003 -7"><span class='ocrx_word' id='word_1_166' title='bbox 141 1147 229 1180; x_wconf 80' lang='lat' dir='ltr'><strong>iicari,</strong></span> <span class='ocrx_word' id='word_1_167' title='bbox 242 1155 292 1183; x_wconf 89' lang='lat' dir='ltr'><strong>per</strong></span> <span class='ocrx_word' id='word_1_168' title='bbox 303 1154 372 1183; x_wconf 86' lang='lat' dir='ltr'><strong>quos</strong></span> <span class='ocrx_word' id='word_1_169' title='bbox 383 1147 540 1183; x_wconf 89' lang='lat' dir='ltr'><strong>dogmatum</strong></span> <span class='ocrx_word' id='word_1_170' title='bbox 558 1146 641 1174; x_wconf 84' lang='lat' dir='ltr'><strong>simul</strong></span> <span class='ocrx_word' id='word_1_171' title='bbox 663 1154 695 1174; x_wconf 89' lang='lat' dir='ltr'><strong>ac</strong></span> <span class='ocrx_word' id='word_1_172' title='bbox 717 1154 825 1174; x_wconf 89' lang='lat' dir='ltr'><strong>morum</strong></span> <span class='ocrx_word' id='word_1_173' title='bbox 842 1147 930 1175; x_wconf 89' lang='lat' dir='ltr'><strong>scicn-</strong></span> 
     </span>
    </p>
   </div>
   <div class='ocr_carea' id='block_1_27' title="bbox 143 1191 930 1228">
    <p class='ocr_par' dir='ltr' id='par_1_27' title="bbox 143 1191 930 1228">
     <span class='ocr_line' id='line_1_27' title="bbox 143 1191 930 1228; baseline -0.001 -7"><span class='ocrx_word' id='word_1_174' title='bbox 143 1195 181 1221; x_wconf 84' lang='lat' dir='ltr'><strong>tia</strong></span> <span class='ocrx_word' id='word_1_175' title='bbox 199 1194 347 1221; x_wconf 85' lang='lat' dir='ltr'><strong>universus</strong></span> <span class='ocrx_word' id='word_1_176' title='bbox 364 1192 440 1220; x_wconf 82' lang='lat' dir='ltr'><strong>orbis</strong></span> <span class='ocrx_word' id='word_1_177' title='bbox 452 1192 595 1220; x_wconf 89' lang='lat' dir='ltr'><strong>imbuitur.</strong></span> <span class='ocrx_word' id='word_1_178' title='bbox 607 1191 647 1220; x_wconf 84' lang='lat' dir='ltr'><strong>Ac</strong></span> <span class='ocrx_word' id='word_1_179' title='bbox 659 1192 682 1220; x_wconf 87' lang='lat' dir='ltr'><strong>si</strong></span> <span class='ocrx_word' id='word_1_180' title='bbox 698 1192 773 1220; x_wconf 84' lang='lat' dir='ltr'><strong>aliud</strong></span> <span class='ocrx_word' id='word_1_181' title='bbox 788 1192 930 1228; x_wconf 80' lang='lat' dir='ltr'><strong>quidpiam</strong></span> 
     </span>
    </p>
   </div>
   <div class='ocr_carea' id='block_1_28' title="bbox 141 1238 929 1275">
    <p class='ocr_par' dir='ltr' id='par_1_28' title="bbox 141 1238 929 1275">
     <span class='ocr_line' id='line_1_28' title="bbox 141 1238 929 1275; baseline 0 -9"><span class='ocrx_word' id='word_1_182' title='bbox 141 1238 352 1275; x_wconf 75' lang='lat' dir='ltr'><strong>excogitandum</strong></span> <span class='ocrx_word' id='word_1_183' title='bbox 365 1238 567 1274; x_wconf 81' lang='lat' dir='ltr'><strong>dicendumque</strong></span> <span class='ocrx_word' id='word_1_184' title='bbox 579 1238 625 1271; x_wconf 89' lang='lat' dir='ltr'><strong>sit,</strong></span> <span class='ocrx_word' id='word_1_185' title='bbox 640 1238 709 1266; x_wconf 88' lang='lat' dir='ltr'><strong>nihil</strong></span> <span class='ocrx_word' id='word_1_186' title='bbox 724 1239 929 1272; x_wconf 84' lang='lat' dir='ltr'><strong>cunctabimus;</strong></span> 
     </span>
    </p>
   </div>
   <div class='ocr_carea' id='block_1_29' title="bbox 140 1283 930 1320">
    <p class='ocr_par' dir='ltr' id='par_1_29' title="bbox 140 1283 930 1320">
     <span class='ocr_line' id='line_1_29' title="bbox 140 1283 930 1320; baseline 0 -7"><span class='ocrx_word' id='word_1_187' title='bbox 140 1290 171 1314; x_wconf 88' lang='lat' dir='ltr'><strong>et</strong></span> <span class='ocrx_word' id='word_1_188' title='bbox 184 1285 290 1313; x_wconf 72' lang='lat' dir='ltr'><strong>inertiae</strong></span> <span class='ocrx_word' id='word_1_189' title='bbox 305 1292 338 1312; x_wconf 91' lang='lat' dir='ltr'><strong>ac</strong></span> <span class='ocrx_word' id='word_1_190' title='bbox 356 1283 445 1312; x_wconf 88' lang='lat' dir='ltr'><strong>labori</strong></span> <span class='ocrx_word' id='word_1_191' title='bbox 459 1284 586 1312; x_wconf 85' lang='lat' dir='ltr'><strong>utilitatis</strong></span> <span class='ocrx_word' id='word_1_192' title='bbox 598 1283 847 1312; x_wconf 87' lang='lat' dir='ltr'><strong>considerationem</strong></span> <span class='ocrx_word' id='word_1_193' title='bbox 859 1292 930 1320; x_wconf 81' lang='lat' dir='ltr'><strong>prae-</strong></span> 
     </span>
    </p>
   </div>
   <div class='ocr_carea' id='block_1_30' title="bbox 142 1328 932 1364">
    <p class='ocr_par' dir='ltr' id='par_1_30' title="bbox 142 1328 932 1364">
     <span class='ocr_line' id='line_1_30' title="bbox 142 1328 932 1364; baseline 0.003 -8"><span class='ocrx_word' id='word_1_194' title='bbox 142 1329 274 1356; x_wconf 78' lang='lat' dir='ltr'><strong>feremus.</strong></span> <span class='ocrx_word' id='word_1_195' title='bbox 286 1328 392 1356; x_wconf 68' lang='lat' dir='ltr'><strong>Nostraa</strong></span> <span class='ocrx_word' id='word_1_196' title='bbox 403 1328 486 1364; x_wconf 89' lang='lat' dir='ltr'><strong>igitur</strong></span> <span class='ocrx_word' id='word_1_197' title='bbox 496 1328 701 1364; x_wconf 73' lang='lat' dir='ltr'><strong>praedicationis</strong></span> <span class='ocrx_word' id='word_1_198' title='bbox 709 1333 827 1364; x_wconf 87' lang='lat' dir='ltr'><strong>quatuor</strong></span> <span class='ocrx_word' id='word_1_199' title='bbox 836 1329 932 1358; x_wconf 87' lang='lat' dir='ltr'><strong>discri-</strong></span> 
     </span>
    </p>
   </div>
   <div class='ocr_carea' id='block_1_31' title="bbox 141 1373 932 1411">
    <p class='ocr_par' dir='ltr' id='par_1_31' title="bbox 141 1373 932 1411">
     <span class='ocr_line' id='line_1_31' title="bbox 141 1373 932 1411; baseline 0.003 -10"><span class='ocrx_word' id='word_1_200' title='bbox 141 1374 218 1402; x_wconf 84' lang='lat' dir='ltr'><strong>mina</strong></span> <span class='ocrx_word' id='word_1_201' title='bbox 240 1373 421 1409; x_wconf 88' lang='lat' dir='ltr'><strong>reperiemus,</strong></span> <span class='ocrx_word' id='word_1_202' title='bbox 442 1380 494 1409; x_wconf 85' lang='lat' dir='ltr'><strong>per</strong></span> <span class='ocrx_word' id='word_1_203' title='bbox 514 1380 576 1409; x_wconf 57' lang='lat' dir='ltr'><strong>quae</strong></span> <span class='ocrx_word' id='word_1_204' title='bbox 596 1373 743 1402; x_wconf 86' lang='lat' dir='ltr'><strong>universus</strong></span> <span class='ocrx_word' id='word_1_205' title='bbox 763 1375 839 1403; x_wconf 83' lang='lat' dir='ltr'><strong>orbis</strong></span> <span class='ocrx_word' id='word_1_206' title='bbox 861 1376 932 1411; x_wconf 88' lang='lat' dir='ltr'><strong>opti-</strong></span> 
     </span>
    </p>
   </div>
   <div class='ocr_carea' id='block_1_32' title="bbox 146 1419 932 1454">
    <p class='ocr_par' dir='ltr' id='par_1_32' title="bbox 146 1419 932 1454">
     <span class='ocr_line' id='line_1_32' title="bbox 146 1419 932 1454; baseline 0.003 -7"><span class='ocrx_word' id='word_1_207' title='bbox 146 1427 275 1452; x_wconf 77' lang='lat' dir='ltr'><strong>mach</strong></span> <span class='ocrx_word' id='word_1_208' title='bbox 286 1419 618 1454; x_wconf 65' lang='lat' dir='ltr'><strong>revera‘proba&#39;tissimam</strong></span> <span class='ocrx_word' id='word_1_209' title='bbox 633 1419 696 1447; x_wconf 58' lang='lat' dir='ltr'><strong>vita</strong></span> <span class='ocrx_word' id='word_1_210' title='bbox 712 1420 844 1448; x_wconf 88' lang='lat' dir='ltr'><strong>rationem</strong></span> <span class='ocrx_word' id='word_1_211' title='bbox 857 1425 932 1449; x_wconf 90' lang='lat' dir='ltr'><strong>tene-</strong></span> 
     </span>
    </p>
   </div>
   <div class='ocr_carea' id='block_1_33' title="bbox 147 1464 931 1502">
    <p class='ocr_par' dir='ltr' id='par_1_33' title="bbox 147 1464 931 1502">
     <span class='ocr_line' id='line_1_33' title="bbox 147 1464 931 1502; baseline 0.004 -11"><span class='ocrx_word' id='word_1_212' title='bbox 147 1464 200 1498; x_wconf 83' lang='lat' dir='ltr'><strong>bit;</strong></span> <span class='ocrx_word' id='word_1_213' title='bbox 212 1471 296 1491; x_wconf 86' lang='lat' dir='ltr'><strong>unum</strong></span> <span class='ocrx_word' id='word_1_214' title='bbox 308 1471 341 1491; x_wconf 87' lang='lat' dir='ltr'><strong>ac</strong></span> <span class='ocrx_word' id='word_1_215' title='bbox 353 1464 481 1499; x_wconf 87' lang='lat' dir='ltr'><strong>primum,</strong></span> <span class='ocrx_word' id='word_1_216' title='bbox 496 1471 551 1499; x_wconf 91' lang='lat' dir='ltr'><strong>quo</strong></span> <span class='ocrx_word' id='word_1_217' title='bbox 563 1464 597 1492; x_wconf 90' lang='lat' dir='ltr'><strong>ad</strong></span> <span class='ocrx_word' id='word_1_218' title='bbox 609 1464 734 1493; x_wconf 85' lang='lat' dir='ltr'><strong>veritatis</strong></span> <span class='ocrx_word' id='word_1_219' title='bbox 748 1466 931 1502; x_wconf 90' lang='lat' dir='ltr'><strong>cognitionem</strong></span> 
     </span>
    </p>
   </div>
   <div class='ocr_carea' id='block_1_34' title="bbox 975 233 1763 269">
    <p class='ocr_par' dir='ltr' id='par_1_34' title="bbox 975 233 1763 269">
     <span class='ocr_line' id='line_1_34' title="bbox 975 233 1763 269; baseline -0.004 -9"><span class='ocrx_word' id='word_1_220' title='bbox 975 234 1026 269; x_wconf 81' lang='grc' dir='ltr'>κὴν</span> <span class='ocrx_word' id='word_1_221' title='bbox 1038 233 1084 260; x_wconf 77' lang='grc' dir='ltr'>καὶ</span> <span class='ocrx_word' id='word_1_222' title='bbox 1095 234 1135 266; x_wconf 88' lang='grc' dir='ltr'><strong>είς</strong></span> <span class='ocrx_word' id='word_1_223' title='bbox 1149 233 1222 269; x_wconf 78' lang='grc' dir='ltr'>ἠθῶν</span> <span class='ocrx_word' id='word_1_224' title='bbox 1235 233 1422 269; x_wconf 74' lang='grc' dir='ltr'><strong>ἐπανόρθωσιν</strong></span> <span class='ocrx_word' id='word_1_225' title='bbox 1436 233 1568 269; x_wconf 70' lang='grc' dir='ltr'>ἀποφέρει</span> <span class='ocrx_word' id='word_1_226' title='bbox 1584 233 1631 261; x_wconf 75' lang='grc' dir='ltr'>τὸν</span> <span class='ocrx_word' id='word_1_227' title='bbox 1654 233 1763 268; x_wconf 72' lang='grc' dir='ltr'>ἐπιεικῆ</span> 
     </span>
    </p>
   </div>
   <div class='ocr_carea' id='block_1_35' title="bbox 976 278 1621 315">
    <p class='ocr_par' dir='ltr' id='par_1_35' title="bbox 976 278 1621 315">
     <span class='ocr_line' id='line_1_35' title="bbox 976 278 1621 315; baseline -0.002 -9"><span class='ocrx_word' id='word_1_228' title='bbox 976 279 1022 306; x_wconf 77' lang='grc' dir='ltr'>καὶ</span> <span class='ocrx_word' id='word_1_229' title='bbox 1035 278 1107 315; x_wconf 74' lang='grc' dir='ltr'>ζωῆς</span> <span class='ocrx_word' id='word_1_230' title='bbox 1122 279 1170 315; x_wconf 78' lang='grc' dir='ltr'>τῆς</span> <span class='ocrx_word' id='word_1_231' title='bbox 1187 280 1216 306; x_wconf 78' lang='grc' dir='ltr'>ὲν</span> <span class='ocrx_word' id='word_1_232' title='bbox 1235 278 1346 315; x_wconf 81' lang='grc' dir='ltr'><strong>Χριστῷ</strong></span> <span class='ocrx_word' id='word_1_233' title='bbox 1361 279 1472 314; x_wconf 75' lang='grc' dir='ltr'>γνήσιον</span> <span class='ocrx_word' id='word_1_234' title='bbox 1486 279 1621 315; x_wconf 73' lang='grc' dir='ltr'>ὲραστὴνς</span> 
     </span>
    </p>
   </div>
   <div class='ocr_carea' id='block_1_36' title="bbox 1009 366 1302 403">
    <p class='ocr_par' dir='ltr' id='par_1_36' title="bbox 1009 366 1302 403">
     <span class='ocr_line' id='line_1_36' title="bbox 1009 366 1302 403; baseline 0 -9"><span class='ocrx_word' id='word_1_235' title='bbox 1009 368 1114 395; x_wconf 81' lang='grc' dir='ltr'><strong>ΠΛΛΛ.</strong></span> <span class='ocrx_word' id='word_1_236' title='bbox 1130 366 1209 395; x_wconf 74' lang='grc' dir='ltr'>Οὕτω</span> <span class='ocrx_word' id='word_1_237' title='bbox 1222 367 1302 403; x_wconf 81' lang='grc' dir='ltr'>φημί.</span> 
     </span>
    </p>
   </div>
   <div class='ocr_carea' id='block_1_37' title="bbox 1010 411 1765 448">
    <p class='ocr_par' dir='ltr' id='par_1_37' title="bbox 1010 411 1765 448">
     <span class='ocr_line' id='line_1_37' title="bbox 1010 411 1765 448; baseline -0.004 -8"><span class='ocrx_word' id='word_1_238' title='bbox 1010 412 1091 440; x_wconf 80' lang='grc' dir='ltr'><strong>ΚΥΡ.</strong></span> <span class='ocrx_word' id='word_1_239' title='bbox 1108 413 1212 440; x_wconf 72' lang='grc' dir='ltr'>Οὐκοῦν</span> <span class='ocrx_word' id='word_1_240' title='bbox 1224 413 1272 440; x_wconf 86' lang='grc' dir='ltr'><strong>δύο</strong></span> <span class='ocrx_word' id='word_1_241' title='bbox 1289 412 1338 448; x_wconf 75' lang='grc' dir='ltr'><strong>μὶν</strong></span> <span class='ocrx_word' id='word_1_242' title='bbox 1352 413 1381 439; x_wconf 80' lang='lat' dir='ltr'><strong>at</strong></span> <span class='ocrx_word' id='word_1_243' title='bbox 1401 411 1560 446; x_wconf 80' lang='grc' dir='ltr'><strong>σάλπιγγες,</strong></span> <span class='ocrx_word' id='word_1_244' title='bbox 1578 412 1606 438; x_wconf 83' lang='grc' dir='ltr'>αἱ</span> <span class='ocrx_word' id='word_1_245' title='bbox 1620 411 1765 445; x_wconf 74' lang='grc' dir='ltr'>συλλέγου-</span> 
     </span>
    </p>
   </div>
   <div class='ocr_carea' id='block_1_38' title="bbox 976 457 1764 494">
    <p class='ocr_par' dir='ltr' id='par_1_38' title="bbox 976 457 1764 494">
     <span class='ocr_line' id='line_1_38' title="bbox 976 457 1764 494; baseline -0.004 -8"><span class='ocrx_word' id='word_1_246' title='bbox 976 467 1021 486; x_wconf 87' lang='grc' dir='ltr'><strong>σαι</strong></span> <span class='ocrx_word' id='word_1_247' title='bbox 1040 458 1085 486; x_wconf 77' lang='grc' dir='ltr'>τδν</span> <span class='ocrx_word' id='word_1_248' title='bbox 1103 458 1167 486; x_wconf 80' lang='grc' dir='ltr'>λαδν</span> <span class='ocrx_word' id='word_1_249' title='bbox 1188 459 1233 486; x_wconf 74' lang='grc' dir='ltr'><strong>ἐπὶ</strong></span> <span class='ocrx_word' id='word_1_250' title='bbox 1248 459 1296 494; x_wconf 81' lang='grc' dir='ltr'>τὴν</span> <span class='ocrx_word' id='word_1_251' title='bbox 1320 459 1432 494; x_wconf 82' lang='grc' dir='ltr'>σκηνήν.</span> <span class='ocrx_word' id='word_1_252' title='bbox 1458 458 1521 485; x_wconf 83' lang='grc' dir='ltr'><strong>Ἐὰν</strong></span> <span class='ocrx_word' id='word_1_253' title='bbox 1545 458 1572 485; x_wconf 78' lang='grc' dir='ltr'>δὲ</span> <span class='ocrx_word' id='word_1_254' title='bbox 1595 459 1645 494; x_wconf 77' lang='grc' dir='ltr'><strong>μιᾷ</strong></span> <span class='ocrx_word' id='word_1_255' title='bbox 1668 457 1764 485; x_wconf 80' lang='grc' dir='ltr'>σαλπί-</span> 
     </span>
    </p>
   </div>
   <div class='ocr_carea' id='block_1_39' title="bbox 976 503 1764 541">
    <p class='ocr_par' dir='ltr' id='par_1_39' title="bbox 976 503 1764 541">
     <span class='ocr_line' id='line_1_39' title="bbox 976 503 1764 541; baseline -0.001 -10"><span class='ocrx_word' id='word_1_256' title='bbox 976 513 1060 537; x_wconf 84' lang='grc' dir='ltr'>σωσι,</span> <span class='ocrx_word' id='word_1_257' title='bbox 1086 505 1170 540; x_wconf 78' lang='grc' dir='ltr'>φησὶ,</span> <span class='ocrx_word' id='word_1_258' title='bbox 1197 504 1426 541; x_wconf 80' lang='grc' dir='ltr'>προσελεύσονται</span> <span class='ocrx_word' id='word_1_259' title='bbox 1456 504 1525 540; x_wconf 76' lang='grc' dir='ltr'>πρὸς</span> <span class='ocrx_word' id='word_1_260' title='bbox 1552 504 1582 531; x_wconf 77' lang='grc' dir='ltr'>σὲ</span> <span class='ocrx_word' id='word_1_261' title='bbox 1611 505 1714 535; x_wconf 87' lang='grc' dir='ltr'>πάντες</span> <span class='ocrx_word' id='word_1_262' title='bbox 1739 503 1764 530; x_wconf 78' lang='grc' dir='ltr'><strong>οῖ</strong></span> 
     </span>
    </p>
   </div>
   <div class='ocr_carea' id='block_1_40' title="bbox 975 548 1764 584">
    <p class='ocr_par' dir='ltr' id='par_1_40' title="bbox 975 548 1764 584">
     <span class='ocr_line' id='line_1_40' title="bbox 975 548 1764 584; baseline -0.001 -9"><span class='ocrx_word' id='word_1_263' title='bbox 975 549 1105 584; x_wconf 78' lang='grc' dir='ltr'>ἄρχοντες</span> <span class='ocrx_word' id='word_1_264' title='bbox 1121 549 1239 584; x_wconf 73' lang='grc' dir='ltr'>ἀρχηγοὶ</span> <span class='ocrx_word' id='word_1_265' title='bbox 1262 548 1328 575; x_wconf 85' lang='grc' dir='ltr'>υίῶν</span> <span class='ocrx_word' id='word_1_266' title='bbox 1349 548 1469 584; x_wconf 77' lang='grc' dir='ltr'>Ἰσραήλ.</span> <span class='ocrx_word' id='word_1_267' title='bbox 1485 549 1544 575; x_wconf 82' lang='grc' dir='ltr'>Δεῖν</span> <span class='ocrx_word' id='word_1_268' title='bbox 1561 549 1610 584; x_wconf 78' lang='grc' dir='ltr'><strong>μὲν</strong></span> <span class='ocrx_word' id='word_1_269' title='bbox 1625 548 1679 584; x_wconf 83' lang='grc' dir='ltr'><strong>γὰρ</strong></span> <span class='ocrx_word' id='word_1_270' title='bbox 1699 548 1764 575; x_wconf 79' lang='grc' dir='ltr'>ὑπο-</span> 
     </span>
    </p>
   </div>
   <div class='ocr_carea' id='block_1_41' title="bbox 975 594 1764 631">
    <p class='ocr_par' dir='ltr' id='par_1_41' title="bbox 975 594 1764 631">
     <span class='ocr_line' id='line_1_41' title="bbox 975 594 1764 631; baseline -0.001 -9"><span class='ocrx_word' id='word_1_271' title='bbox 975 594 1106 629; x_wconf 77' lang='grc' dir='ltr'>λαμῦάνω</span> <span class='ocrx_word' id='word_1_272' title='bbox 1126 595 1324 631; x_wconf 76' lang='grc' dir='ltr'>παρακλήσεώς</span> <span class='ocrx_word' id='word_1_273' title='bbox 1343 604 1371 621; x_wconf 83' lang='grc' dir='ltr'><strong>τε</strong></span> <span class='ocrx_word' id='word_1_274' title='bbox 1396 595 1442 622; x_wconf 74' lang='grc' dir='ltr'>καὶ</span> <span class='ocrx_word' id='word_1_275' title='bbox 1459 595 1632 631; x_wconf 80' lang='grc' dir='ltr'><strong>προτροπῆς,</strong></span> <span class='ocrx_word' id='word_1_276' title='bbox 1649 595 1764 627; x_wconf 72' lang='grc' dir='ltr'>καὶτοῖς</span> 
     </span>
    </p>
   </div>
   <div class='ocr_carea' id='block_1_42' title="bbox 975 640 1764 677">
    <p class='ocr_par' dir='ltr' id='par_1_42' title="bbox 975 640 1764 677">
     <span class='ocr_line' id='line_1_42' title="bbox 975 640 1764 677; baseline -0.001 -9"><span class='ocrx_word' id='word_1_277' title='bbox 975 642 1025 677; x_wconf 79' lang='grc' dir='ltr'>τὴν</span> <span class='ocrx_word' id='word_1_278' title='bbox 1038 641 1094 675; x_wconf 72' lang='grc' dir='ltr'>ἕξιν</span> <span class='ocrx_word' id='word_1_279' title='bbox 1105 642 1281 677; x_wconf 79' lang='grc' dir='ltr'>τελειοτέροις</span> <span class='ocrx_word' id='word_1_280' title='bbox 1291 662 1299 673; x_wconf 91' lang='grc'><strong>,</strong></span> <span class='ocrx_word' id='word_1_281' title='bbox 1322 641 1391 677; x_wconf 82' lang='grc' dir='ltr'>πλὴν</span> <span class='ocrx_word' id='word_1_282' title='bbox 1403 641 1434 668; x_wconf 73' lang='grc' dir='ltr'><strong>οὐ</strong></span> <span class='ocrx_word' id='word_1_283' title='bbox 1444 641 1578 676; x_wconf 85' lang='grc' dir='ltr'>τοσαύτης</span> <span class='ocrx_word' id='word_1_284' title='bbox 1592 642 1714 677; x_wconf 66' lang='grc' dir='ltr'>ὅσησπερ</span> <span class='ocrx_word' id='word_1_285' title='bbox 1728 640 1764 667; x_wconf 79' lang='grc' dir='ltr'>ἂν</span> 
     </span>
    </p>
   </div>
   <div class='ocr_carea' id='block_1_43' title="bbox 976 687 1764 724">
    <p class='ocr_par' dir='ltr' id='par_1_43' title="bbox 976 687 1764 724">
     <span class='ocr_line' id='line_1_43' title="bbox 976 687 1764 724; baseline -0.003 -9"><span class='ocrx_word' id='word_1_286' title='bbox 976 689 1062 716; x_wconf 83' lang='grc' dir='ltr'>δέοιτο</span> <span class='ocrx_word' id='word_1_287' title='bbox 1072 689 1118 715; x_wconf 78' lang='grc' dir='ltr'>καὶ</span> <span class='ocrx_word' id='word_1_288' title='bbox 1135 689 1152 724; x_wconf 81' lang='grc' dir='ltr'>ή</span> <span class='ocrx_word' id='word_1_289' title='bbox 1165 688 1220 714; x_wconf 85' lang='grc' dir='ltr'>τῶν</span> <span class='ocrx_word' id='word_1_290' title='bbox 1236 687 1338 723; x_wconf 71' lang='grc' dir='ltr'>ἒτέρων</span> <span class='ocrx_word' id='word_1_291' title='bbox 1353 687 1471 723; x_wconf 81' lang='grc' dir='ltr'>πληθύς·</span> <span class='ocrx_word' id='word_1_292' title='bbox 1483 687 1527 713; x_wconf 84' lang='grc' dir='ltr'>διὰ</span> <span class='ocrx_word' id='word_1_293' title='bbox 1544 687 1620 714; x_wconf 81' lang='grc' dir='ltr'>τοῦτο</span> <span class='ocrx_word' id='word_1_294' title='bbox 1636 688 1699 718; x_wconf 67' lang='grc' dir='ltr'>τοὺς</span> <span class='ocrx_word' id='word_1_295' title='bbox 1715 687 1764 722; x_wconf 76' lang='grc' dir='ltr'>μὲν</span> 
     </span>
    </p>
   </div>
   <div class='ocr_carea' id='block_1_44' title="bbox 977 732 1763 768">
    <p class='ocr_par' dir='ltr' id='par_1_44' title="bbox 977 732 1763 768">
     <span class='ocr_line' id='line_1_44' title="bbox 977 732 1763 768; baseline -0.004 -7"><span class='ocrx_word' id='word_1_296' title='bbox 977 734 1073 766; x_wconf 82' lang='grc' dir='ltr'>ἄλλους</span> <span class='ocrx_word' id='word_1_297' title='bbox 1097 734 1220 765; x_wconf 75' lang='grc' dir='ltr'>ἅπαντας</span> <span class='ocrx_word' id='word_1_298' title='bbox 1242 733 1288 760; x_wconf 87' lang='grc' dir='ltr'><strong>δύο</strong></span> <span class='ocrx_word' id='word_1_299' title='bbox 1312 733 1389 768; x_wconf 84' lang='grc' dir='ltr'>μόλις</span> <span class='ocrx_word' id='word_1_300' title='bbox 1410 732 1577 760; x_wconf 83' lang='grc' dir='ltr'>ἀνακαλοῦσι</span> <span class='ocrx_word' id='word_1_301' title='bbox 1603 732 1763 767; x_wconf 81' lang='grc' dir='ltr'>σάλπιγγες,</span> 
     </span>
    </p>
   </div>
   <div class='ocr_carea' id='block_1_45' title="bbox 979 779 1765 817">
    <p class='ocr_par' dir='ltr' id='par_1_45' title="bbox 979 779 1765 817">
     <span class='ocr_line' id='line_1_45' title="bbox 979 779 1765 817; baseline 0 -11"><span class='ocrx_word' id='word_1_302' title='bbox 979 781 1027 817; x_wconf 90' lang='grc' dir='ltr'><strong>μία</strong></span> <span class='ocrx_word' id='word_1_303' title='bbox 1048 780 1076 807; x_wconf 76' lang='grc' dir='ltr'><strong>δὲ</strong></span> <span class='ocrx_word' id='word_1_304' title='bbox 1099 780 1163 812; x_wconf 75' lang='grc' dir='ltr'>τοὺς</span> <span class='ocrx_word' id='word_1_305' title='bbox 1184 779 1402 815; x_wconf 73' lang='grc' dir='ltr'>ἐξειλεγμένους·</span> <span class='ocrx_word' id='word_1_306' title='bbox 1425 779 1504 815; x_wconf 81' lang='grc' dir='ltr'>ἀρκεῖ</span> <span class='ocrx_word' id='word_1_307' title='bbox 1531 779 1586 815; x_wconf 76' lang='grc' dir='ltr'><strong>γὰρ</strong></span> <span class='ocrx_word' id='word_1_308' title='bbox 1613 779 1705 814; x_wconf 78' lang='grc' dir='ltr'><strong>ὀλίγον</strong></span> <span class='ocrx_word' id='word_1_309' title='bbox 1726 779 1765 814; x_wconf 81' lang='grc' dir='ltr'><strong>τῷ</strong></span> 
     </span>
    </p>
   </div>
   <div class='ocr_carea' id='block_1_46' title="bbox 979 825 1764 862">
    <p class='ocr_par' dir='ltr' id='par_1_46' title="bbox 979 825 1764 862">
     <span class='ocr_line' id='line_1_46' title="bbox 979 825 1764 862; baseline -0.003 -8"><span class='ocrx_word' id='word_1_310' title='bbox 979 826 1064 862; x_wconf 81' lang='grc' dir='ltr'>σοφῷ,</span> <span class='ocrx_word' id='word_1_311' title='bbox 1081 826 1128 854; x_wconf 74' lang='grc' dir='ltr'>καὶ</span> <span class='ocrx_word' id='word_1_312' title='bbox 1146 825 1271 862; x_wconf 74' lang='grc' dir='ltr'>ἀφορμὴν</span> <span class='ocrx_word' id='word_1_313' title='bbox 1286 826 1310 852; x_wconf 84' lang='grc' dir='ltr'><strong>εί</strong></span> <span class='ocrx_word' id='word_1_314' title='bbox 1329 825 1417 858; x_wconf 75' lang='grc' dir='ltr'>λάϐοι,</span> <span class='ocrx_word' id='word_1_315' title='bbox 1438 825 1587 861; x_wconf 77' lang='grc' dir='ltr'><strong>προσθήσει</strong></span> <span class='ocrx_word' id='word_1_316' title='bbox 1610 825 1641 852; x_wconf 78' lang='grc' dir='ltr'><strong>τὸ</strong></span> <span class='ocrx_word' id='word_1_317' title='bbox 1659 825 1764 858; x_wconf 76' lang='grc' dir='ltr'>λεῖπον,</span> 
     </span>
    </p>
   </div>
   <div class='ocr_carea' id='block_1_47' title="bbox 978 871 1765 909">
    <p class='ocr_par' dir='ltr' id='par_1_47' title="bbox 978 871 1765 909">
     <span class='ocr_line' id='line_1_47' title="bbox 978 871 1765 909; baseline -0.001 -9"><span class='ocrx_word' id='word_1_318' title='bbox 978 873 1050 900; x_wconf 81' lang='grc' dir='ltr'>κατὰ</span> <span class='ocrx_word' id='word_1_319' title='bbox 1068 872 1099 901; x_wconf 70' lang='grc' dir='ltr'><strong>τὸ</strong></span> <span class='ocrx_word' id='word_1_320' title='bbox 1112 881 1119 888; x_wconf 88' lang='grc'><strong>·</strong></span> <span class='ocrx_word' id='word_1_321' title='bbox 1146 881 1157 899; x_wconf 77' lang='grc' dir='ltr'><strong>ι</strong></span> <span class='ocrx_word' id='word_1_322' title='bbox 1176 872 1253 900; x_wconf 86' lang='grc' dir='ltr'>Δίδυυ</span> <span class='ocrx_word' id='word_1_323' title='bbox 1278 872 1352 908; x_wconf 81' lang='grc' dir='ltr'>σοφῷ</span> <span class='ocrx_word' id='word_1_324' title='bbox 1373 872 1517 909; x_wconf 81' lang='grc' dir='ltr'>ἀφορμὴν,</span> <span class='ocrx_word' id='word_1_325' title='bbox 1543 873 1591 899; x_wconf 78' lang='grc' dir='ltr'>καὶ</span> <span class='ocrx_word' id='word_1_326' title='bbox 1612 871 1765 908; x_wconf 80' lang='grc' dir='ltr'>σοφώτερος</span> 
     </span>
    </p>
   </div>
   <div class='ocr_carea' id='block_1_48' title="bbox 978 918 1762 955">
    <p class='ocr_par' dir='ltr' id='par_1_48' title="bbox 978 918 1762 955">
     <span class='ocr_line' id='line_1_48' title="bbox 978 918 1762 955; baseline -0.004 -8"><span class='ocrx_word' id='word_1_327' title='bbox 978 919 1064 947; x_wconf 61' lang='grc' dir='ltr'>ἔσται·</span> <span class='ocrx_word' id='word_1_328' title='bbox 1075 919 1192 955; x_wconf 78' lang='grc' dir='ltr'>γνώριζε</span> <span class='ocrx_word' id='word_1_329' title='bbox 1203 918 1309 954; x_wconf 81' lang='grc' dir='ltr'>δικαίῳ,</span> <span class='ocrx_word' id='word_1_330' title='bbox 1324 918 1372 946; x_wconf 77' lang='grc' dir='ltr'>καὶ</span> <span class='ocrx_word' id='word_1_331' title='bbox 1381 918 1531 954; x_wconf 81' lang='grc' dir='ltr'><strong>προσθήσει</strong></span> <span class='ocrx_word' id='word_1_332' title='bbox 1542 918 1590 945; x_wconf 86' lang='grc' dir='ltr'>τοῦ</span> <span class='ocrx_word' id='word_1_333' title='bbox 1600 918 1734 953; x_wconf 74' lang='grc' dir='ltr'>δέχεσθαι.</span> <span class='ocrx_word' id='word_1_334' title='bbox 1752 927 1762 944; x_wconf 70' lang='grc' dir='ltr'><strong>ι</strong></span> 
     </span>
    </p>
   </div>
   <div class='ocr_carea' id='block_1_49' title="bbox 978 963 1765 1002">
    <p class='ocr_par' dir='ltr' id='par_1_49' title="bbox 978 963 1765 1002">
     <span class='ocr_line' id='line_1_49' title="bbox 978 963 1765 1002; baseline -0.004 -9"><span class='ocrx_word' id='word_1_335' title='bbox 978 964 1044 993; x_wconf 69' lang='grc' dir='ltr'>Εἶτα</span> <span class='ocrx_word' id='word_1_336' title='bbox 1062 964 1230 1002; x_wconf 79' lang='grc' dir='ltr'>προστέταχε</span> <span class='ocrx_word' id='word_1_337' title='bbox 1246 964 1381 999; x_wconf 77' lang='grc' dir='ltr'>τέσσαρας</span> <span class='ocrx_word' id='word_1_338' title='bbox 1399 963 1532 991; x_wconf 84' lang='grc' dir='ltr'>ποιεῖσθαι</span> <span class='ocrx_word' id='word_1_339' title='bbox 1548 963 1691 999; x_wconf 76' lang='grc' dir='ltr'><strong>σημασιῶν</strong></span> <span class='ocrx_word' id='word_1_340' title='bbox 1708 963 1765 990; x_wconf 82' lang='grc' dir='ltr'>δια-</span> 
     </span>
    </p>
   </div>
   <div class='ocr_carea' id='block_1_50' title="bbox 979 1007 1766 1048">
    <p class='ocr_par' dir='ltr' id='par_1_50' title="bbox 979 1007 1766 1048">
     <span class='ocr_line' id='line_1_50' title="bbox 979 1007 1766 1048; baseline -0.006 -10"><span class='ocrx_word' id='word_1_341' title='bbox 979 1011 1065 1048; x_wconf 79' lang='grc' dir='ltr'>φορὰς</span> <span class='ocrx_word' id='word_1_342' title='bbox 1075 1031 1083 1043; x_wconf 93' lang='grc'><strong>,</strong></span> <span class='ocrx_word' id='word_1_343' title='bbox 1097 1011 1168 1037; x_wconf 84' lang='grc' dir='ltr'>ὥστε</span> <span class='ocrx_word' id='word_1_344' title='bbox 1183 1010 1216 1037; x_wconf 81' lang='grc' dir='ltr'><strong>δι’</strong></span> <span class='ocrx_word' id='word_1_345' title='bbox 1232 1009 1321 1036; x_wconf 75' lang='grc' dir='ltr'>αὐτῶν</span> <span class='ocrx_word' id='word_1_346' title='bbox 1332 1007 1528 1043; x_wconf 76' lang='grc' dir='ltr'>ἀναζευγνύναι</span> <span class='ocrx_word' id='word_1_347' title='bbox 1539 1017 1569 1035; x_wconf 82' lang='grc' dir='ltr'><strong>τε</strong></span> <span class='ocrx_word' id='word_1_348' title='bbox 1579 1008 1626 1035; x_wconf 79' lang='grc' dir='ltr'>καὶ</span> <span class='ocrx_word' id='word_1_349' title='bbox 1638 1007 1766 1043; x_wconf 79' lang='grc' dir='ltr'>ἀπαίρειν</span> 
     </span>
    </p>
   </div>
   <div class='ocr_carea' id='block_1_51' title="bbox 978 1051 1767 1092">
    <p class='ocr_par' dir='ltr' id='par_1_51' title="bbox 978 1051 1767 1092">
     <span class='ocr_line' id='line_1_51' title="bbox 978 1051 1767 1092; baseline -0.005 -8"><span class='ocrx_word' id='word_1_350' title='bbox 978 1057 1040 1089; x_wconf 81' lang='grc' dir='ltr'>τούς</span> <span class='ocrx_word' id='word_1_351' title='bbox 1056 1065 1086 1083; x_wconf 88' lang='grc' dir='ltr'><strong>τε</strong></span> <span class='ocrx_word' id='word_1_352' title='bbox 1109 1056 1176 1092; x_wconf 72' lang='grc' dir='ltr'>πρὸς</span> <span class='ocrx_word' id='word_1_353' title='bbox 1190 1055 1232 1091; x_wconf 72' lang='grc' dir='ltr'><strong>ἠῶ</strong></span> <span class='ocrx_word' id='word_1_354' title='bbox 1248 1055 1295 1082; x_wconf 78' lang='grc' dir='ltr'>καὶ</span> <span class='ocrx_word' id='word_1_355' title='bbox 1319 1054 1390 1087; x_wconf 74' lang='grc' dir='ltr'>λίϐα,</span> <span class='ocrx_word' id='word_1_356' title='bbox 1413 1054 1499 1090; x_wconf 75' lang='grc' dir='ltr'><strong>βορρᾶ.</strong></span> <span class='ocrx_word' id='word_1_357' title='bbox 1515 1054 1562 1081; x_wconf 78' lang='grc' dir='ltr'>καὶ</span> <span class='ocrx_word' id='word_1_358' title='bbox 1582 1054 1674 1080; x_wconf 81' lang='grc' dir='ltr'>νότον·</span> <span class='ocrx_word' id='word_1_359' title='bbox 1689 1051 1767 1089; x_wconf 78' lang='grc' dir='ltr'>οἶμαι</span> 
     </span>
    </p>
   </div>
   <div class='ocr_carea' id='block_1_52' title="bbox 979 1099 1766 1137">
    <p class='ocr_par' dir='ltr' id='par_1_52' title="bbox 979 1099 1766 1137">
     <span class='ocr_line' id='line_1_52' title="bbox 979 1099 1766 1137; baseline -0.004 -9"><span class='ocrx_word' id='word_1_360' title='bbox 979 1100 1025 1129; x_wconf 74' lang='grc' dir='ltr'><strong>οὖν</strong></span> <span class='ocrx_word' id='word_1_361' title='bbox 1042 1101 1090 1134; x_wconf 78' lang='grc' dir='ltr'>τὰς</span> <span class='ocrx_word' id='word_1_362' title='bbox 1104 1101 1241 1137; x_wconf 85' lang='grc' dir='ltr'>τέσσαρας</span> <span class='ocrx_word' id='word_1_363' title='bbox 1258 1101 1326 1136; x_wconf 83' lang='grc' dir='ltr'>ἡμῖν</span> <span class='ocrx_word' id='word_1_364' title='bbox 1345 1099 1399 1127; x_wconf 85' lang='grc' dir='ltr'><strong>τῶν</strong></span> <span class='ocrx_word' id='word_1_365' title='bbox 1416 1099 1590 1134; x_wconf 82' lang='grc' dir='ltr'>Εὑαγγελίων</span> <span class='ocrx_word' id='word_1_366' title='bbox 1606 1100 1766 1134; x_wconf 65' lang='grc' dir='ltr'>συγγραφὰς</span> 
     </span>
    </p>
   </div>
   <div class='ocr_carea' id='block_1_53' title="bbox 979 1142 1767 1182">
    <p class='ocr_par' dir='ltr' id='par_1_53' title="bbox 979 1142 1767 1182">
     <span class='ocr_line' id='line_1_53' title="bbox 979 1142 1767 1182; baseline -0.004 -8"><span class='ocrx_word' id='word_1_367' title='bbox 979 1147 1022 1174; x_wconf 76' lang='grc' dir='ltr'><strong>διὰ</strong></span> <span class='ocrx_word' id='word_1_368' title='bbox 1037 1147 1132 1174; x_wconf 85' lang='grc' dir='ltr'>τούτου</span> <span class='ocrx_word' id='word_1_369' title='bbox 1149 1146 1340 1182; x_wconf 79' lang='grc' dir='ltr'>σημαίνεσθαι,</span> <span class='ocrx_word' id='word_1_370' title='bbox 1356 1145 1389 1172; x_wconf 76' lang='grc' dir='ltr'>δι’</span> <span class='ocrx_word' id='word_1_371' title='bbox 1404 1142 1441 1172; x_wconf 83' lang='grc' dir='ltr'>ὧν</span> <span class='ocrx_word' id='word_1_372' title='bbox 1457 1146 1471 1172; x_wconf 78' lang='grc'>6</span> <span class='ocrx_word' id='word_1_373' title='bbox 1495 1145 1606 1181; x_wconf 82' lang='grc' dir='ltr'><strong>σύμπας</strong></span> <span class='ocrx_word' id='word_1_374' title='bbox 1628 1146 1767 1180; x_wconf 83' lang='grc' dir='ltr'>παιδαγω-</span> 
     </span>
    </p>
   </div>
   <div class='ocr_carea' id='block_1_54' title="bbox 979 1191 1768 1228">
    <p class='ocr_par' dir='ltr' id='par_1_54' title="bbox 979 1191 1768 1228">
     <span class='ocr_line' id='line_1_54' title="bbox 979 1191 1768 1228; baseline -0.004 -8"><span class='ocrx_word' id='word_1_375' title='bbox 979 1195 1068 1227; x_wconf 87' lang='grc' dir='ltr'>γεῐται</span> <span class='ocrx_word' id='word_1_376' title='bbox 1083 1193 1184 1228; x_wconf 82' lang='grc' dir='ltr'>κόσμος</span> <span class='ocrx_word' id='word_1_377' title='bbox 1200 1192 1267 1227; x_wconf 76' lang='grc' dir='ltr'>πρὸς</span> <span class='ocrx_word' id='word_1_378' title='bbox 1285 1191 1454 1227; x_wconf 74' lang='grc' dir='ltr'>δογματικήν</span> <span class='ocrx_word' id='word_1_379' title='bbox 1474 1199 1504 1217; x_wconf 86' lang='grc' dir='ltr'><strong>τε</strong></span> <span class='ocrx_word' id='word_1_380' title='bbox 1518 1191 1575 1226; x_wconf 73' lang='grc' dir='ltr'>ἃμα</span> <span class='ocrx_word' id='word_1_381' title='bbox 1599 1191 1647 1217; x_wconf 82' lang='grc' dir='ltr'>καὶ</span> <span class='ocrx_word' id='word_1_382' title='bbox 1669 1191 1768 1226; x_wconf 71' lang='grc' dir='ltr'>ἠθικὴν</span> 
     </span>
    </p>
   </div>
   <div class='ocr_carea' id='block_1_55' title="bbox 981 1236 1768 1273">
    <p class='ocr_par' dir='ltr' id='par_1_55' title="bbox 981 1236 1768 1273">
     <span class='ocr_line' id='line_1_55' title="bbox 981 1236 1768 1273; baseline -0.004 -8"><span class='ocrx_word' id='word_1_383' title='bbox 981 1239 1146 1273; x_wconf 73' lang='grc' dir='ltr'>ἐπιστήμην.</span> <span class='ocrx_word' id='word_1_384' title='bbox 1171 1237 1201 1263; x_wconf 81' lang='grc' dir='ltr'><strong>Εἰ</strong></span> <span class='ocrx_word' id='word_1_385' title='bbox 1216 1237 1245 1264; x_wconf 73' lang='grc' dir='ltr'><strong>δὲ</strong></span> <span class='ocrx_word' id='word_1_386' title='bbox 1265 1237 1295 1272; x_wconf 83' lang='grc' dir='ltr'><strong>δή</strong></span> <span class='ocrx_word' id='word_1_387' title='bbox 1309 1245 1335 1263; x_wconf 83' lang='grc' dir='ltr'><strong>τι</strong></span> <span class='ocrx_word' id='word_1_388' title='bbox 1353 1236 1404 1273; x_wconf 76' lang='grc' dir='ltr'><strong>χρὴ</strong></span> <span class='ocrx_word' id='word_1_389' title='bbox 1421 1236 1468 1264; x_wconf 79' lang='grc' dir='ltr'>καὶ</span> <span class='ocrx_word' id='word_1_390' title='bbox 1482 1236 1575 1272; x_wconf 70' lang='grc' dir='ltr'>ἕτερον</span> <span class='ocrx_word' id='word_1_391' title='bbox 1593 1236 1768 1268; x_wconf 69' lang='grc' dir='ltr'>ἐπινοοῦντας</span> 
     </span>
    </p>
   </div>
   <div class='ocr_carea' id='block_1_56' title="bbox 980 1282 1769 1318">
    <p class='ocr_par' dir='ltr' id='par_1_56' title="bbox 980 1282 1769 1318">
     <span class='ocr_line' id='line_1_56' title="bbox 980 1282 1769 1318; baseline -0.003 -7"><span class='ocrx_word' id='word_1_392' title='bbox 980 1284 1080 1318; x_wconf 72' lang='grc' dir='ltr'>λέγειν,</span> <span class='ocrx_word' id='word_1_393' title='bbox 1103 1283 1306 1318; x_wconf 77' lang='grc' dir='ltr'>κατοκνήσομεν</span> <span class='ocrx_word' id='word_1_394' title='bbox 1322 1283 1464 1318; x_wconf 76' lang='grc' dir='ltr'>οὐδαμῶς,</span> <span class='ocrx_word' id='word_1_395' title='bbox 1488 1282 1571 1310; x_wconf 78' lang='grc' dir='ltr'>ὕπνου</span> <span class='ocrx_word' id='word_1_396' title='bbox 1591 1282 1637 1309; x_wconf 71' lang='grc' dir='ltr'><strong>καὶ</strong></span> <span class='ocrx_word' id='word_1_397' title='bbox 1659 1282 1769 1318; x_wconf 78' lang='grc' dir='ltr'><strong>ἱδρῶτος</strong></span> 
     </span>
    </p>
   </div>
   <div class='ocr_carea' id='block_1_57' title="bbox 981 1327 1769 1366">
    <p class='ocr_par' dir='ltr' id='par_1_57' title="bbox 981 1327 1769 1366">
     <span class='ocr_line' id='line_1_57' title="bbox 981 1327 1769 1366; baseline -0.003 -9"><span class='ocrx_word' id='word_1_398' title='bbox 981 1330 1122 1366; x_wconf 81' lang='grc' dir='ltr'>κρείττονα</span> <span class='ocrx_word' id='word_1_399' title='bbox 1136 1330 1186 1365; x_wconf 83' lang='grc' dir='ltr'>τὴν</span> <span class='ocrx_word' id='word_1_400' title='bbox 1208 1328 1254 1355; x_wconf 81' lang='grc' dir='ltr'>τοῦ</span> <span class='ocrx_word' id='word_1_401' title='bbox 1278 1327 1412 1365; x_wconf 75' lang='grc' dir='ltr'>χρησίμου</span> <span class='ocrx_word' id='word_1_402' title='bbox 1429 1328 1587 1364; x_wconf 80' lang='grc' dir='ltr'>ποιούμενοι</span> <span class='ocrx_word' id='word_1_403' title='bbox 1605 1328 1702 1364; x_wconf 76' lang='grc' dir='ltr'>θήραν.</span> <span class='ocrx_word' id='word_1_404' title='bbox 1716 1329 1769 1355; x_wconf 75' lang='grc' dir='ltr'><strong>Λό-</strong></span> 
     </span>
    </p>
   </div>
   <div class='ocr_carea' id='block_1_58' title="bbox 981 1372 1770 1410">
    <p class='ocr_par' dir='ltr' id='par_1_58' title="bbox 981 1372 1770 1410">
     <span class='ocr_line' id='line_1_58' title="bbox 981 1372 1770 1410; baseline -0.004 -8"><span class='ocrx_word' id='word_1_405' title='bbox 981 1384 1030 1410; x_wconf 86' lang='grc' dir='ltr'><strong>γου</strong></span> <span class='ocrx_word' id='word_1_406' title='bbox 1051 1374 1194 1410; x_wconf 77' lang='grc' dir='ltr'>τοιγαροῦν</span> <span class='ocrx_word' id='word_1_407' title='bbox 1209 1372 1256 1400; x_wconf 82' lang='grc' dir='ltr'>τοῦ</span> <span class='ocrx_word' id='word_1_408' title='bbox 1281 1374 1346 1408; x_wconf 81' lang='grc' dir='ltr'>παρ’</span> <span class='ocrx_word' id='word_1_409' title='bbox 1371 1374 1439 1409; x_wconf 75' lang='grc' dir='ltr'>ἡμῖν</span> <span class='ocrx_word' id='word_1_410' title='bbox 1464 1373 1598 1409; x_wconf 77' lang='grc' dir='ltr'>τέσσαρας</span> <span class='ocrx_word' id='word_1_411' title='bbox 1617 1374 1770 1410; x_wconf 78' lang='grc' dir='ltr'>εὑρήσομεν</span> 
     </span>
    </p>
   </div>
   <div class='ocr_carea' id='block_1_59' title="bbox 981 1415 1770 1455">
    <p class='ocr_par' dir='ltr' id='par_1_59' title="bbox 981 1415 1770 1455">
     <span class='ocr_line' id='line_1_59' title="bbox 981 1415 1770 1455; baseline -0.003 -8"><span class='ocrx_word' id='word_1_412' title='bbox 981 1420 1031 1452; x_wconf 74' lang='grc' dir='ltr'><strong>τὰς</strong></span> <span class='ocrx_word' id='word_1_413' title='bbox 1047 1419 1194 1455; x_wconf 81' lang='grc' dir='ltr'>διαφορὰς,</span> <span class='ocrx_word' id='word_1_414' title='bbox 1208 1419 1242 1446; x_wconf 67' lang='grc' dir='ltr'><strong>δι’</strong></span> <span class='ocrx_word' id='word_1_415' title='bbox 1255 1415 1292 1446; x_wconf 77' lang='grc' dir='ltr'><strong>ὧν</strong></span> <span class='ocrx_word' id='word_1_416' title='bbox 1309 1420 1325 1455; x_wconf 83' lang='grc' dir='ltr'><strong>ὴ</strong></span> <span class='ocrx_word' id='word_1_417' title='bbox 1343 1418 1476 1454; x_wconf 88' lang='grc' dir='ltr'>σύμπασα</span> <span class='ocrx_word' id='word_1_418' title='bbox 1492 1419 1528 1454; x_wconf 81' lang='grc' dir='ltr'>γῆ</span> <span class='ocrx_word' id='word_1_419' title='bbox 1551 1419 1597 1446; x_wconf 83' lang='grc' dir='ltr'>τδν</span> <span class='ocrx_word' id='word_1_420' title='bbox 1615 1419 1725 1455; x_wconf 72' lang='grc' dir='ltr'>ἄριστόν</span> <span class='ocrx_word' id='word_1_421' title='bbox 1740 1426 1770 1445; x_wconf 70' lang='grc' dir='ltr'>τι</span> 
     </span>
    </p>
   </div>
   <div class='ocr_carea' id='block_1_60' title="bbox 982 1462 1772 1500">
    <p class='ocr_par' dir='ltr' id='par_1_60' title="bbox 982 1462 1772 1500">
     <span class='ocr_line' id='line_1_60' title="bbox 982 1462 1772 1500; baseline -0.001 -7"><span class='ocrx_word' id='word_1_422' title='bbox 982 1467 1029 1493; x_wconf 75' lang='grc' dir='ltr'>καὶ</span> <span class='ocrx_word' id='word_1_423' title='bbox 1042 1465 1182 1500; x_wconf 76' lang='grc' dir='ltr'>εὐδόκιμον</span> <span class='ocrx_word' id='word_1_424' title='bbox 1199 1464 1307 1497; x_wconf 79' lang='grc' dir='ltr'>ἀληθῶς</span> <span class='ocrx_word' id='word_1_425' title='bbox 1322 1463 1490 1499; x_wconf 80' lang='grc' dir='ltr'>κατορθώσει</span> <span class='ocrx_word' id='word_1_426' title='bbox 1504 1464 1575 1499; x_wconf 87' lang='grc' dir='ltr'>βίον·</span> <span class='ocrx_word' id='word_1_427' title='bbox 1594 1464 1643 1499; x_wconf 89' lang='grc' dir='ltr'><strong>μία</strong></span> <span class='ocrx_word' id='word_1_428' title='bbox 1660 1464 1709 1500; x_wconf 76' lang='grc' dir='ltr'><strong>μὲν</strong></span> <span class='ocrx_word' id='word_1_429' title='bbox 1723 1462 1772 1492; x_wconf 79' lang='grc' dir='ltr'>οὖν</span> 
     </span>
    </p>
   </div>
   <div class='ocr_carea' id='block_1_61' title="bbox 145 1507 931 1553">
    <p class='ocr_par' dir='ltr' id='par_1_61' title="bbox 145 1509 931 1546">
     <span class='ocr_line' id='line_1_61' title="bbox 145 1509 931 1546; baseline 0.004 -9"><span class='ocrx_word' id='word_1_430' title='bbox 145 1517 178 1537; x_wconf 86' lang='lat' dir='ltr'><strong>ac</strong></span> <span class='ocrx_word' id='word_1_431' title='bbox 196 1509 310 1537; x_wconf 88' lang='lat' dir='ltr'><strong>luminis</strong></span> <span class='ocrx_word' id='word_1_432' title='bbox 337 1509 423 1536; x_wconf 83' lang='lat' dir='ltr'><strong>divini</strong></span> <span class='ocrx_word' id='word_1_433' title='bbox 447 1511 650 1546; x_wconf 86' lang='lat' dir='ltr'><strong>susceptionem</strong></span> <span class='ocrx_word' id='word_1_434' title='bbox 669 1518 768 1538; x_wconf 88' lang='lat' dir='ltr'><strong>vocare</strong></span> <span class='ocrx_word' id='word_1_435' title='bbox 786 1513 931 1540; x_wconf 83' lang='lat' dir='ltr'><strong>consuevi-</strong></span> 
     </span>
    </p>
   </div>
   <div class='ocr_carea' id='block_1_62' title="bbox 983 1507 1772 1553">
    <p class='ocr_par' dir='ltr' id='par_1_62' title="bbox 985 1507 1772 1547">
     <span class='ocr_line' id='line_1_62' title="bbox 985 1507 1772 1547; baseline -0.001 -9"><span class='ocrx_word' id='word_1_436' title='bbox 985 1512 1042 1538; x_wconf 71' lang='grc' dir='ltr'>ἐστι</span> <span class='ocrx_word' id='word_1_437' title='bbox 1055 1512 1102 1538; x_wconf 71' lang='grc' dir='ltr'>καὶ</span> <span class='ocrx_word' id='word_1_438' title='bbox 1116 1511 1222 1547; x_wconf 84' lang='grc' dir='ltr'><strong>πρώτη,</strong></span> <span class='ocrx_word' id='word_1_439' title='bbox 1237 1510 1271 1537; x_wconf 78' lang='grc' dir='ltr'><strong>δι’</strong></span> <span class='ocrx_word' id='word_1_440' title='bbox 1283 1507 1317 1546; x_wconf 87' lang='grc' dir='ltr'>ἦς</span> <span class='ocrx_word' id='word_1_441' title='bbox 1335 1510 1402 1546; x_wconf 64' lang='grc' dir='ltr'>προς</span> <span class='ocrx_word' id='word_1_442' title='bbox 1415 1510 1563 1544; x_wconf 73' lang='grc' dir='ltr'>ἐπίγνωσιν</span> <span class='ocrx_word' id='word_1_443' title='bbox 1577 1510 1703 1546; x_wconf 79' lang='grc' dir='ltr'>ἀληθείας</span> <span class='ocrx_word' id='word_1_444' title='bbox 1722 1511 1772 1537; x_wconf 79' lang='grc' dir='ltr'>καὶ</span> 
     </span>
    </p>
   </div>
   <div class='ocr_carea' id='block_1_63' title="bbox 145 1555 935 1592">
    <p class='ocr_par' dir='ltr' id='par_1_63' title="bbox 145 1555 935 1592">
     <span class='ocr_line' id='line_1_63' title="bbox 145 1555 935 1592; baseline 0.005 -10"><span class='ocrx_word' id='word_1_445' title='bbox 145 1563 209 1584; x_wconf 86' lang='lat' dir='ltr'><strong>mus</strong></span> <span class='ocrx_word' id='word_1_446' title='bbox 239 1562 288 1583; x_wconf 86' lang='lat' dir='ltr'><strong>eos</strong></span> <span class='ocrx_word' id='word_1_447' title='bbox 314 1555 361 1591; x_wconf 88' lang='lat' dir='ltr'><strong>qui</strong></span> <span class='ocrx_word' id='word_1_448' title='bbox 378 1560 510 1583; x_wconf 71' lang='lat' dir='ltr'><strong>creaturae</strong></span> <span class='ocrx_word' id='word_1_449' title='bbox 532 1556 623 1591; x_wconf 90' lang='lat' dir='ltr'><strong>potius</strong></span> <span class='ocrx_word' id='word_1_450' title='bbox 637 1565 718 1592; x_wconf 90' lang='lat' dir='ltr'><strong>quam</strong></span> <span class='ocrx_word' id='word_1_451' title='bbox 735 1557 857 1586; x_wconf 84' lang='lat' dir='ltr'><strong>Creatori</strong></span> <span class='ocrx_word' id='word_1_452' title='bbox 876 1567 935 1586; x_wconf 85' lang='lat' dir='ltr'><strong>scr-</strong></span> 
     </span>
    </p>
   </div>
   <div class='ocr_carea' id='block_1_64' title="bbox 143 1601 934 1638">
    <p class='ocr_par' dir='ltr' id='par_1_64' title="bbox 143 1601 934 1638">
     <span class='ocr_line' id='line_1_64' title="bbox 143 1601 934 1638; baseline 0.004 -9"><span class='ocrx_word' id='word_1_453' title='bbox 143 1602 243 1634; x_wconf 59' lang='lat' dir='ltr'><strong>viunt,</strong></span> <span class='ocrx_word' id='word_1_454' title='bbox 262 1609 294 1629; x_wconf 76' lang='lat' dir='ltr'><strong>ac</strong></span> <span class='ocrx_word' id='word_1_455' title='bbox 315 1602 398 1629; x_wconf 84' lang='lat' dir='ltr'><strong>stulte</strong></span> <span class='ocrx_word' id='word_1_456' title='bbox 419 1602 492 1638; x_wconf 88' lang='lat' dir='ltr'><strong>ligno</strong></span> <span class='ocrx_word' id='word_1_457' title='bbox 512 1601 609 1629; x_wconf 89' lang='lat' dir='ltr'><strong>dicunt</strong></span> <span class='ocrx_word' id='word_1_458' title='bbox 626 1611 633 1629; x_wconf 92' lang='lat'>:</span> <span class='ocrx_word' id='word_1_459' title='bbox 651 1602 732 1630; x_wconf 86' lang='lat' dir='ltr'><strong>Pater</strong></span> <span class='ocrx_word' id='word_1_460' title='bbox 745 1611 823 1631; x_wconf 88' lang='lat' dir='ltr'><strong>meus</strong></span> <span class='ocrx_word' id='word_1_461' title='bbox 842 1612 871 1632; x_wconf 85' lang='lat' dir='ltr'><strong>es</strong></span> <span class='ocrx_word' id='word_1_462' title='bbox 887 1608 915 1632; x_wconf 91' lang='lat' dir='ltr'><strong>tu</strong></span> <span class='ocrx_word' id='word_1_463' title='bbox 927 1625 934 1638; x_wconf 93' lang='lat'><strong>,</strong></span> 
     </span>
    </p>
   </div>
   <div class='ocr_carea' id='block_1_65' title="bbox 147 1647 936 1684">
    <p class='ocr_par' dir='ltr' id='par_1_65' title="bbox 147 1647 936 1684">
     <span class='ocr_line' id='line_1_65' title="bbox 147 1647 936 1684; baseline 0.005 -10"><span class='ocrx_word' id='word_1_464' title='bbox 147 1652 174 1675; x_wconf 77' lang='lat' dir='ltr'><strong>et</strong></span> <span class='ocrx_word' id='word_1_465' title='bbox 195 1647 280 1684; x_wconf 71' lang='lat' dir='ltr'><strong>lapidi</strong></span> <span class='ocrx_word' id='word_1_466' title='bbox 301 1656 308 1674; x_wconf 95' lang='lat'>:</span> <span class='ocrx_word' id='word_1_467' title='bbox 324 1647 420 1675; x_wconf 80' lang='lat' dir='ltr'><strong>Tume</strong></span> <span class='ocrx_word' id='word_1_468' title='bbox 443 1647 561 1683; x_wconf 72' lang='lat' dir='ltr'><strong>genuisti</strong></span> <span class='ocrx_word' id='word_1_469' title='bbox 579 1647 612 1680; x_wconf 84' lang='lat'><strong>&quot;,</strong></span> <span class='ocrx_word' id='word_1_470' title='bbox 636 1651 667 1675; x_wconf 88' lang='lat' dir='ltr'><strong>ut</strong></span> <span class='ocrx_word' id='word_1_471' title='bbox 685 1649 825 1684; x_wconf 62' lang='lat' dir='ltr'><strong>propheta:</strong></span> <span class='ocrx_word' id='word_1_472' title='bbox 843 1650 936 1678; x_wconf 90' lang='lat' dir='ltr'><strong>verbis</strong></span> 
     </span>
    </p>
   </div>
   <div class='ocr_carea' id='block_1_66' title="bbox 149 1693 935 1732">
    <p class='ocr_par' dir='ltr' id='par_1_66' title="bbox 149 1693 935 1732">
     <span class='ocr_line' id='line_1_66' title="bbox 149 1693 935 1732; baseline 0.004 -11"><span class='ocrx_word' id='word_1_473' title='bbox 149 1698 220 1721; x_wconf 80' lang='lat' dir='ltr'><strong>utar.</strong></span> <span class='ocrx_word' id='word_1_474' title='bbox 237 1693 275 1721; x_wconf 75' lang='lat' dir='ltr'><strong>Iis</strong></span> <span class='ocrx_word' id='word_1_475' title='bbox 291 1697 387 1721; x_wconf 80' lang='lat' dir='ltr'><strong>autem</strong></span> <span class='ocrx_word' id='word_1_476' title='bbox 408 1693 455 1729; x_wconf 90' lang='lat' dir='ltr'><strong>qui</strong></span> <span class='ocrx_word' id='word_1_477' title='bbox 474 1693 530 1729; x_wconf 86' lang='lat' dir='ltr'><strong>jam</strong></span> <span class='ocrx_word' id='word_1_478' title='bbox 553 1693 739 1728; x_wconf 87' lang='lat' dir='ltr'><strong>crediderunt,</strong></span> <span class='ocrx_word' id='word_1_479' title='bbox 758 1696 811 1723; x_wconf 90' lang='lat' dir='ltr'><strong>tria</strong></span> <span class='ocrx_word' id='word_1_480' title='bbox 830 1696 935 1732; x_wconf 84' lang='lat' dir='ltr'><strong>reliqua</strong></span> 
     </span>
    </p>
   </div>
   <div class='ocr_carea' id='block_1_67' title="bbox 144 1739 934 1777">
    <p class='ocr_par' dir='ltr' id='par_1_67' title="bbox 144 1739 934 1777">
     <span class='ocr_line' id='line_1_67' title="bbox 144 1739 934 1777; baseline 0.004 -10"><span class='ocrx_word' id='word_1_481' title='bbox 144 1739 351 1774; x_wconf 73' lang='lat' dir='ltr'><strong>pmdicationis</strong></span> <span class='ocrx_word' id='word_1_482' title='bbox 378 1747 477 1775; x_wconf 86' lang='lat' dir='ltr'><strong>genera</strong></span> <span class='ocrx_word' id='word_1_483' title='bbox 503 1744 565 1775; x_wconf 87' lang='lat' dir='ltr'><strong>apte</strong></span> <span class='ocrx_word' id='word_1_484' title='bbox 590 1740 770 1774; x_wconf 81' lang='lat' dir='ltr'><strong>convenient;</strong></span> <span class='ocrx_word' id='word_1_485' title='bbox 799 1740 934 1777; x_wconf 81' lang='lat' dir='ltr'><strong>siquidem</strong></span> 
     </span>
    </p>
   </div>
   <div class='ocr_carea' id='block_1_68' title="bbox 146 1785 934 1824">
    <p class='ocr_par' dir='ltr' id='par_1_68' title="bbox 146 1785 934 1824">
     <span class='ocr_line' id='line_1_68' title="bbox 146 1785 934 1824; baseline 0.005 -11"><span class='ocrx_word' id='word_1_486' title='bbox 146 1786 230 1813; x_wconf 77' lang='lat' dir='ltr'><strong>etiam</strong></span> <span class='ocrx_word' id='word_1_487' title='bbox 250 1785 302 1814; x_wconf 86' lang='lat' dir='ltr'><strong>tria</strong></span> <span class='ocrx_word' id='word_1_488' title='bbox 319 1793 380 1814; x_wconf 85' lang='lat' dir='ltr'><strong>esse</strong></span> <span class='ocrx_word' id='word_1_489' title='bbox 399 1785 462 1813; x_wconf 60' lang='lat' dir='ltr'><strong>vitae</strong></span> <span class='ocrx_word' id='word_1_490' title='bbox 477 1793 510 1814; x_wconf 88' lang='lat' dir='ltr'><strong>ac</strong></span> <span class='ocrx_word' id='word_1_491' title='bbox 530 1786 749 1815; x_wconf 83' lang='lat' dir='ltr'><strong>conversationis</strong></span> <span class='ocrx_word' id='word_1_492' title='bbox 762 1796 860 1824; x_wconf 85' lang='lat' dir='ltr'><strong>genera</strong></span> <span class='ocrx_word' id='word_1_493' title='bbox 875 1789 934 1817; x_wconf 89' lang='lat' dir='ltr'><strong>Sal-</strong></span> 
     </span>
    </p>
   </div>
   <div class='ocr_carea' id='block_1_69' title="bbox 143 1830 936 1867">
    <p class='ocr_par' dir='ltr' id='par_1_69' title="bbox 143 1830 936 1867">
     <span class='ocr_line' id='line_1_69' title="bbox 143 1830 936 1867; baseline 0.005 -9"><span class='ocrx_word' id='word_1_494' title='bbox 143 1835 227 1858; x_wconf 49' lang='lat' dir='ltr'><strong>‘vator</strong></span> <span class='ocrx_word' id='word_1_495' title='bbox 249 1830 357 1864; x_wconf 82' lang='lat' dir='ltr'><strong>docuit;</strong></span> <span class='ocrx_word' id='word_1_496' title='bbox 378 1830 448 1858; x_wconf 79' lang='lat' dir='ltr'><strong>dixit</strong></span> <span class='ocrx_word' id='word_1_497' title='bbox 471 1831 556 1864; x_wconf 87' lang='lat' dir='ltr'><strong>enim,</strong></span> <span class='ocrx_word' id='word_1_498' title='bbox 575 1832 649 1867; x_wconf 70' lang='lat' dir='ltr'><strong>iacta</strong></span> <span class='ocrx_word' id='word_1_499' title='bbox 668 1832 715 1860; x_wconf 88' lang='lat' dir='ltr'><strong>illa</strong></span> <span class='ocrx_word' id='word_1_500' title='bbox 731 1832 759 1860; x_wconf 92' lang='lat' dir='ltr'><strong>in</strong></span> <span class='ocrx_word' id='word_1_501' title='bbox 772 1837 873 1861; x_wconf 87' lang='lat' dir='ltr'><strong>terram</strong></span> <span class='ocrx_word' id='word_1_502' title='bbox 887 1834 936 1861; x_wconf 86' lang='lat' dir='ltr'><strong>bo-</strong></span> 
     </span>
    </p>
   </div>
   <div class='ocr_carea' id='block_1_70' title="bbox 149 1876 936 1914">
    <p class='ocr_par' dir='ltr' id='par_1_70' title="bbox 149 1876 936 1914">
     <span class='ocr_line' id='line_1_70' title="bbox 149 1876 936 1914; baseline 0.004 -10"><span class='ocrx_word' id='word_1_503' title='bbox 149 1884 212 1904; x_wconf 83' lang='lat' dir='ltr'><strong>nam</strong></span> <span class='ocrx_word' id='word_1_504' title='bbox 230 1876 448 1904; x_wconf 76' lang='lat' dir='ltr'><strong>semina&#39;fecisse</strong></span> <span class='ocrx_word' id='word_1_505' title='bbox 469 1876 600 1910; x_wconf 79' lang='lat' dir='ltr'><strong>fructm,</strong></span> <span class='ocrx_word' id='word_1_506' title='bbox 615 1885 701 1905; x_wconf 89' lang='lat' dir='ltr'><strong>unum</strong></span> <span class='ocrx_word' id='word_1_507' title='bbox 719 1879 829 1914; x_wconf 87' lang='lat' dir='ltr'><strong>quidem</strong></span> <span class='ocrx_word' id='word_1_508' title='bbox 844 1883 936 1907; x_wconf 85' lang='lat' dir='ltr'><strong>cente-</strong></span> 
     </span>
    </p>
   </div>
   <div class='ocr_carea' id='block_1_71' title="bbox 145 1922 936 1958">
    <p class='ocr_par' dir='ltr' id='par_1_71' title="bbox 145 1922 936 1958">
     <span class='ocr_line' id='line_1_71' title="bbox 145 1922 936 1958; baseline 0.005 -10"><span class='ocrx_word' id='word_1_509' title='bbox 145 1922 260 1954; x_wconf 75' lang='lat' dir='ltr'><strong>simum,</strong></span> <span class='ocrx_word' id='word_1_510' title='bbox 279 1922 397 1949; x_wconf 84' lang='lat' dir='ltr'><strong>alterum</strong></span> <span class='ocrx_word' id='word_1_511' title='bbox 415 1929 482 1949; x_wconf 86' lang='lat' dir='ltr'><strong>vero</strong></span> <span class='ocrx_word' id='word_1_512' title='bbox 502 1923 711 1958; x_wconf 75' lang='lat' dir='ltr'><strong>sexagesimum,</strong></span> <span class='ocrx_word' id='word_1_513' title='bbox 728 1925 838 1952; x_wconf 89' lang='lat' dir='ltr'><strong>tertium</strong></span> <span class='ocrx_word' id='word_1_514' title='bbox 859 1925 936 1952; x_wconf 88' lang='lat' dir='ltr'><strong>deni-</strong></span> 
     </span>
    </p>
   </div>
   <div class='ocr_carea' id='block_1_72' title="bbox 149 1966 936 2006">
    <p class='ocr_par' dir='ltr' id='par_1_72' title="bbox 149 1966 936 2006">
     <span class='ocr_line' id='line_1_72' title="bbox 149 1966 936 2006; baseline 0.008 -13"><span class='ocrx_word' id='word_1_515' title='bbox 149 1975 202 2002; x_wconf 86' lang='lat' dir='ltr'><strong>que</strong></span> <span class='ocrx_word' id='word_1_516' title='bbox 223 1967 392 1994; x_wconf 78' lang='lat' dir='ltr'><strong>tricesimum</strong></span> <span class='ocrx_word' id='word_1_517' title='bbox 407 1967 440 1994; x_wconf 82' lang='grc'><strong>³⁷.</strong></span> <span class='ocrx_word' id='word_1_518' title='bbox 461 1966 565 1995; x_wconf 78' lang='lat' dir='ltr'><strong>Horum</strong></span> <span class='ocrx_word' id='word_1_519' title='bbox 583 1968 666 2004; x_wconf 77' lang='lat' dir='ltr'><strong>igitur</strong></span> <span class='ocrx_word' id='word_1_520' title='bbox 685 1969 833 2005; x_wconf 88' lang='lat' dir='ltr'><strong>unicuique</strong></span> <span class='ocrx_word' id='word_1_521' title='bbox 849 1979 936 2006; x_wconf 84' lang='lat' dir='ltr'><strong>genus</strong></span> 
     </span>
    </p>
   </div>
   <div class='ocr_carea' id='block_1_73' title="bbox 144 2012 932 2054">
    <p class='ocr_par' dir='ltr' id='par_1_73' title="bbox 144 2012 932 2054">
     <span class='ocr_line' id='line_1_73' title="bbox 144 2012 932 2054; baseline 0.008 -16"><span class='ocrx_word' id='word_1_522' title='bbox 144 2012 216 2039; x_wconf 68' lang='lat' dir='ltr'><strong>item</strong></span> <span class='ocrx_word' id='word_1_523' title='bbox 234 2016 277 2039; x_wconf 81' lang='lat' dir='ltr'><strong>est</strong></span> <span class='ocrx_word' id='word_1_524' title='bbox 299 2012 436 2046; x_wconf 87' lang='lat' dir='ltr'><strong>quoddam</strong></span> <span class='ocrx_word' id='word_1_525' title='bbox 457 2013 591 2040; x_wconf 87' lang='lat' dir='ltr'><strong>sermonis</strong></span> <span class='ocrx_word' id='word_1_526' title='bbox 613 2014 730 2042; x_wconf 74' lang='lat' dir='ltr'><strong>maxime</strong></span> <span class='ocrx_word' id='word_1_527' title='bbox 748 2016 932 2054; x_wconf 75' lang='lat' dir='ltr'><strong>conveniens:</strong></span> 
     </span>
    </p>
   </div>
   <div class='ocr_carea' id='block_1_74' title="bbox 147 2057 933 2097">
    <p class='ocr_par' dir='ltr' id='par_1_74' title="bbox 147 2057 933 2097">
     <span class='ocr_line' id='line_1_74' title="bbox 147 2057 933 2097; baseline 0.006 -12"><span class='ocrx_word' id='word_1_528' title='bbox 147 2065 240 2093; x_wconf 84' lang='lat' dir='ltr'><strong>neque</strong></span> <span class='ocrx_word' id='word_1_529' title='bbox 261 2057 336 2085; x_wconf 89' lang='lat' dir='ltr'><strong>enim</strong></span> <span class='ocrx_word' id='word_1_530' title='bbox 362 2061 436 2086; x_wconf 84' lang='lat' dir='ltr'><strong>recte</strong></span> <span class='ocrx_word' id='word_1_531' title='bbox 459 2058 615 2091; x_wconf 86' lang='lat' dir='ltr'><strong>fecerimus,</strong></span> <span class='ocrx_word' id='word_1_532' title='bbox 636 2059 659 2087; x_wconf 87' lang='lat' dir='ltr'><strong>si</strong></span> <span class='ocrx_word' id='word_1_533' title='bbox 682 2060 811 2095; x_wconf 71' lang='lat' dir='ltr'><strong>legitimis</strong></span> <span class='ocrx_word' id='word_1_534' title='bbox 830 2062 933 2097; x_wconf 83' lang='lat' dir='ltr'><strong>nuptiis</strong></span> 
     </span>
    </p>
   </div>
   <div class='ocr_carea' id='block_1_75' title="bbox 147 2101 932 2140">
    <p class='ocr_par' dir='ltr' id='par_1_75' title="bbox 147 2101 932 2140">
     <span class='ocr_line' id='line_1_75' title="bbox 147 2101 932 2140; baseline 0.006 -10"><span class='ocrx_word' id='word_1_535' title='bbox 147 2103 323 2138; x_wconf 65' lang='lat' dir='ltr'><strong>ronjunctos,</strong></span> <span class='ocrx_word' id='word_1_536' title='bbox 336 2101 372 2130; x_wconf 90' lang='lat' dir='ltr'><strong>ob</strong></span> <span class='ocrx_word' id='word_1_537' title='bbox 383 2109 499 2138; x_wconf 83' lang='lat' dir='ltr'><strong>eamque</strong></span> <span class='ocrx_word' id='word_1_538' title='bbox 519 2111 577 2131; x_wconf 89' lang='lat' dir='ltr'><strong>rem</strong></span> <span class='ocrx_word' id='word_1_539' title='bbox 587 2103 645 2132; x_wconf 80' lang='lat' dir='ltr'><strong>Deo</strong></span> <span class='ocrx_word' id='word_1_540' title='bbox 661 2112 694 2132; x_wconf 92' lang='lat' dir='ltr'><strong>ac</strong></span> <span class='ocrx_word' id='word_1_541' title='bbox 706 2105 809 2134; x_wconf 90' lang='lat' dir='ltr'><strong>mundo</strong></span> <span class='ocrx_word' id='word_1_542' title='bbox 819 2105 932 2140; x_wconf 85' lang='lat' dir='ltr'><strong>divisos,</strong></span> 
     </span>
    </p>
   </div>
   <div class='ocr_carea' id='block_1_76' title="bbox 150 2148 934 2187">
    <p class='ocr_par' dir='ltr' id='par_1_76' title="bbox 150 2148 934 2187">
     <span class='ocr_line' id='line_1_76' title="bbox 150 2148 934 2187; baseline 0.005 -12"><span class='ocrx_word' id='word_1_543' title='bbox 150 2153 179 2175; x_wconf 69' lang='lat' dir='ltr'><strong>et</strong></span> <span class='ocrx_word' id='word_1_544' title='bbox 209 2155 257 2175; x_wconf 82' lang='lat' dir='ltr'><strong>cos</strong></span> <span class='ocrx_word' id='word_1_545' title='bbox 279 2148 344 2175; x_wconf 87' lang='lat' dir='ltr'><strong>item</strong></span> <span class='ocrx_word' id='word_1_546' title='bbox 372 2148 419 2184; x_wconf 88' lang='lat' dir='ltr'><strong>qui</strong></span> <span class='ocrx_word' id='word_1_547' title='bbox 442 2149 693 2184; x_wconf 60' lang='lat' dir='ltr'><strong>praestantissimam</strong></span> <span class='ocrx_word' id='word_1_548' title='bbox 720 2158 752 2178; x_wconf 89' lang='lat' dir='ltr'><strong>ac</strong></span> <span class='ocrx_word' id='word_1_549' title='bbox 778 2151 934 2187; x_wconf 78' lang='lat' dir='ltr'><strong>religiosam</strong></span> 
     </span>
    </p>
   </div>
   <div class='ocr_carea' id='block_1_77' title="bbox 148 2190 974 2232">
    <p class='ocr_par' dir='ltr' id='par_1_77' title="bbox 148 2190 974 2232">
     <span class='ocr_line' id='line_1_77' title="bbox 148 2190 974 2232; baseline 0.006 -12"><span class='ocrx_word' id='word_1_550' title='bbox 148 2195 247 2226; x_wconf 79' lang='lat' dir='ltr'><strong>Ivitum,</strong></span> <span class='ocrx_word' id='word_1_551' title='bbox 258 2199 309 2221; x_wconf 83' lang='lat' dir='ltr'><strong>aut</strong></span> <span class='ocrx_word' id='word_1_552' title='bbox 327 2199 419 2230; x_wconf 86' lang='lat' dir='ltr'><strong>aptam</strong></span> <span class='ocrx_word' id='word_1_553' title='bbox 443 2195 604 2222; x_wconf 84' lang='lat' dir='ltr'><strong>sacerdotali</strong></span> <span class='ocrx_word' id='word_1_554' title='bbox 622 2196 729 2223; x_wconf 86' lang='lat' dir='ltr'><strong>muneri</strong></span> <span class='ocrx_word' id='word_1_555' title='bbox 745 2202 935 2232; x_wconf 86' lang='lat' dir='ltr'><strong>susceperunt,</strong></span> <span class='ocrx_word' id='word_1_556' title='bbox 953 2190 974 2218; x_wconf 76' lang='grc' dir='ltr'>ί)</span> 
     </span>
    </p>
   </div>
   <div class='ocr_carea' id='block_1_78' title="bbox 148 2239 937 2277">
    <p class='ocr_par' dir='ltr' id='par_1_78' title="bbox 148 2239 937 2277">
     <span class='ocr_line' id='line_1_78' title="bbox 148 2239 937 2277; baseline 0.005 -11"><span class='ocrx_word' id='word_1_557' title='bbox 148 2239 436 2268; x_wconf 67' lang='lat' dir='ltr'><strong>iisdcmsermonibus</strong></span> <span class='ocrx_word' id='word_1_558' title='bbox 452 2239 528 2267; x_wconf 88' lang='lat' dir='ltr'><strong>nullo</strong></span> <span class='ocrx_word' id='word_1_559' title='bbox 544 2239 701 2268; x_wconf 90' lang='lat' dir='ltr'><strong>discrimine</strong></span> <span class='ocrx_word' id='word_1_560' title='bbox 710 2241 846 2276; x_wconf 86' lang='lat' dir='ltr'><strong>juvandos</strong></span> <span class='ocrx_word' id='word_1_561' title='bbox 857 2247 937 2277; x_wconf 88' lang='lat' dir='ltr'><strong>puta-</strong></span> 
     </span>
    </p>
   </div>
   <div class='ocr_carea' id='block_1_79' title="bbox 120 2284 938 2322">
    <p class='ocr_par' dir='ltr' id='par_1_79' title="bbox 120 2284 938 2322">
     <span class='ocr_line' id='line_1_79' title="bbox 120 2284 938 2322; baseline 0.005 -11"><span class='ocrx_word' id='word_1_562' title='bbox 120 2286 127 2290; x_wconf 75' lang='lat'><strong><em>‘</em></strong></span> <span class='ocrx_word' id='word_1_563' title='bbox 152 2285 284 2316; x_wconf 81' lang='lat' dir='ltr'><strong>verimus,</strong></span> <span class='ocrx_word' id='word_1_564' title='bbox 300 2284 348 2312; x_wconf 83' lang='lat' dir='ltr'><strong>sed</strong></span> <span class='ocrx_word' id='word_1_565' title='bbox 367 2284 421 2312; x_wconf 85' lang='lat' dir='ltr'><strong>illis</strong></span> <span class='ocrx_word' id='word_1_566' title='bbox 438 2285 550 2319; x_wconf 86' lang='lat' dir='ltr'><strong>quidem</strong></span> <span class='ocrx_word' id='word_1_567' title='bbox 570 2285 713 2312; x_wconf 85' lang='lat' dir='ltr'><strong>dicemus:</strong></span> <span class='ocrx_word' id='word_1_568' title='bbox 731 2294 740 2310; x_wconf 77' lang='grc' dir='ltr'><strong>ι</strong></span> <span class='ocrx_word' id='word_1_569' title='bbox 754 2284 888 2322; x_wconf 77' lang='lat' dir='ltr'><strong>Alligatus</strong></span> <span class='ocrx_word' id='word_1_570' title='bbox 908 2295 938 2315; x_wconf 87' lang='lat' dir='ltr'><strong>es</strong></span> 
     </span>
    </p>
   </div>
   <div class='ocr_carea' id='block_1_80' title="bbox 153 2330 938 2365">
    <p class='ocr_par' dir='ltr' id='par_1_80' title="bbox 153 2330 938 2365">
     <span class='ocr_line' id='line_1_80' title="bbox 153 2330 938 2365; baseline 0.005 -8"><span class='ocrx_word' id='word_1_571' title='bbox 153 2331 252 2358; x_wconf 74' lang='lat' dir='ltr'><strong>uxori!</strong></span> <span class='ocrx_word' id='word_1_572' title='bbox 273 2330 328 2357; x_wconf 84' lang='lat' dir='ltr'><strong>noli</strong></span> <span class='ocrx_word' id='word_1_573' title='bbox 349 2337 472 2365; x_wconf 61' lang='lat' dir='ltr'><strong>quaerere</strong></span> <span class='ocrx_word' id='word_1_574' title='bbox 500 2331 679 2364; x_wconf 87' lang='lat' dir='ltr'><strong>solutionem;</strong></span> <span class='ocrx_word' id='word_1_575' title='bbox 711 2331 817 2359; x_wconf 86' lang='lat' dir='ltr'><strong>solutus</strong></span> <span class='ocrx_word' id='word_1_576' title='bbox 845 2340 875 2360; x_wconf 88' lang='lat' dir='ltr'><strong>es</strong></span> <span class='ocrx_word' id='word_1_577' title='bbox 903 2333 938 2361; x_wconf 84' lang='lat' dir='ltr'><strong>ab</strong></span> 
     </span>
    </p>
   </div>
   <div class='ocr_carea' id='block_1_81' title="bbox 153 2376 938 2413">
    <p class='ocr_par' dir='ltr' id='par_1_81' title="bbox 153 2376 938 2413">
     <span class='ocr_line' id='line_1_81' title="bbox 153 2376 938 2413; baseline 0.005 -10"><span class='ocrx_word' id='word_1_578' title='bbox 153 2377 255 2404; x_wconf 74' lang='lat' dir='ltr'><strong>uxore!</strong></span> <span class='ocrx_word' id='word_1_579' title='bbox 266 2376 321 2403; x_wconf 86' lang='lat' dir='ltr'><strong>noli</strong></span> <span class='ocrx_word' id='word_1_580' title='bbox 330 2384 456 2411; x_wconf 66' lang='lat' dir='ltr'><strong>quaerere</strong></span> <span class='ocrx_word' id='word_1_581' title='bbox 469 2384 581 2404; x_wconf 81' lang='lat' dir='ltr'><strong>uxorem</strong></span> <span class='ocrx_word' id='word_1_582' title='bbox 594 2377 633 2410; x_wconf 77' lang='grc'><strong>³³;</strong></span> <span class='ocrx_word' id='word_1_583' title='bbox 646 2386 654 2402; x_wconf 77' lang='grc' dir='ltr'><strong>ι</strong></span> <span class='ocrx_word' id='word_1_584' title='bbox 666 2380 693 2404; x_wconf 89' lang='lat' dir='ltr'><strong>et</strong></span> <span class='ocrx_word' id='word_1_585' title='bbox 707 2385 876 2413; x_wconf 62' lang='lat' dir='ltr'><strong>quaecunque</strong></span> <span class='ocrx_word' id='word_1_586' title='bbox 886 2379 938 2407; x_wconf 85' lang='lat' dir='ltr'><strong>alia</strong></span> 
     </span>
    </p>
   </div>
   <div class='ocr_carea' id='block_1_82' title="bbox 152 2421 935 2457">
    <p class='ocr_par' dir='ltr' id='par_1_82' title="bbox 152 2421 935 2457">
     <span class='ocr_line' id='line_1_82' title="bbox 152 2421 935 2457; baseline 0.006 -9"><span class='ocrx_word' id='word_1_587' title='bbox 152 2421 328 2449; x_wconf 86' lang='lat' dir='ltr'><strong>matrimonio</strong></span> <span class='ocrx_word' id='word_1_588' title='bbox 347 2422 451 2457; x_wconf 87' lang='lat' dir='ltr'><strong>junctis</strong></span> <span class='ocrx_word' id='word_1_589' title='bbox 473 2425 500 2449; x_wconf 90' lang='lat' dir='ltr'><strong>et</strong></span> <span class='ocrx_word' id='word_1_590' title='bbox 522 2423 624 2450; x_wconf 89' lang='lat' dir='ltr'><strong>sentire</strong></span> <span class='ocrx_word' id='word_1_591' title='bbox 643 2424 771 2451; x_wconf 81' lang='lat' dir='ltr'><strong>convenit</strong></span> <span class='ocrx_word' id='word_1_592' title='bbox 787 2428 814 2452; x_wconf 86' lang='lat' dir='ltr'><strong>et</strong></span> <span class='ocrx_word' id='word_1_593' title='bbox 836 2424 935 2453; x_wconf 85' lang='lat' dir='ltr'><strong>facere.</strong></span> 
     </span>
    </p>
   </div>
   <div class='ocr_carea' id='block_1_83' title="bbox 156 2467 938 2505">
    <p class='ocr_par' dir='ltr' id='par_1_83' title="bbox 156 2467 938 2505">
     <span class='ocr_line' id='line_1_83' title="bbox 156 2467 938 2505; baseline 0.005 -11"><span class='ocrx_word' id='word_1_594' title='bbox 156 2467 299 2503; x_wconf 76' lang='lat' dir='ltr'><strong>Religiosis</strong></span> <span class='ocrx_word' id='word_1_595' title='bbox 312 2471 414 2499; x_wconf 88' lang='lat' dir='ltr'><strong>autem,</strong></span> <span class='ocrx_word' id='word_1_596' title='bbox 431 2471 458 2494; x_wconf 88' lang='lat' dir='ltr'><strong>et</strong></span> <span class='ocrx_word' id='word_1_597' title='bbox 470 2468 516 2502; x_wconf 87' lang='lat' dir='ltr'><strong>qui</strong></span> <span class='ocrx_word' id='word_1_598' title='bbox 533 2468 678 2497; x_wconf 84' lang='lat' dir='ltr'><strong>severioris</strong></span> <span class='ocrx_word' id='word_1_599' title='bbox 689 2469 750 2497; x_wconf 72' lang='lat' dir='ltr'><strong>vita:</strong></span> <span class='ocrx_word' id='word_1_600' title='bbox 763 2470 938 2505; x_wconf 86' lang='lat' dir='ltr'><strong>asperitatem</strong></span> 
     </span>
    </p>
   </div>
   <div class='ocr_carea' id='block_1_84' title="bbox 155 2512 937 2549">
    <p class='ocr_par' dir='ltr' id='par_1_84' title="bbox 155 2512 937 2549">
     <span class='ocr_line' id='line_1_84' title="bbox 155 2512 937 2549; baseline 0.005 -9"><span class='ocrx_word' id='word_1_601' title='bbox 155 2513 273 2540; x_wconf 85' lang='lat' dir='ltr'><strong>tolerare</strong></span> <span class='ocrx_word' id='word_1_602' title='bbox 293 2512 476 2544; x_wconf 84' lang='lat' dir='ltr'><strong>decreverint,</strong></span> <span class='ocrx_word' id='word_1_603' title='bbox 492 2523 501 2538; x_wconf 82' lang='grc' dir='ltr'><strong>ι</strong></span> <span class='ocrx_word' id='word_1_604' title='bbox 516 2513 675 2542; x_wconf 77' lang='lat' dir='ltr'><strong>Mortificate</strong></span> <span class='ocrx_word' id='word_1_605' title='bbox 697 2515 819 2543; x_wconf 88' lang='lat' dir='ltr'><strong>membra</strong></span> <span class='ocrx_word' id='word_1_606' title='bbox 836 2520 937 2549; x_wconf 87' lang='lat' dir='ltr'><strong>vestra,</strong></span> 
     </span>
    </p>
   </div>
   <div class='ocr_carea' id='block_1_85' title="bbox 154 2559 938 2594">
    <p class='ocr_par' dir='ltr' id='par_1_85' title="bbox 154 2559 938 2594">
     <span class='ocr_line' id='line_1_85' title="bbox 154 2559 938 2594; baseline 0.006 -10"><span class='ocrx_word' id='word_1_607' title='bbox 154 2565 216 2592; x_wconf 72' lang='lat' dir='ltr'><strong>quae</strong></span> <span class='ocrx_word' id='word_1_608' title='bbox 235 2561 300 2585; x_wconf 80' lang='lat' dir='ltr'><strong>sunt</strong></span> <span class='ocrx_word' id='word_1_609' title='bbox 319 2565 401 2594; x_wconf 67' lang='lat' dir='ltr'><strong>super</strong></span> <span class='ocrx_word' id='word_1_610' title='bbox 419 2561 521 2585; x_wconf 80' lang='lat' dir='ltr'><strong>terram</strong></span> <span class='ocrx_word' id='word_1_611' title='bbox 535 2579 542 2591; x_wconf 91' lang='lat'><strong>,</strong></span> <span class='ocrx_word' id='word_1_612' title='bbox 573 2559 796 2593; x_wconf 87' lang='lat' dir='ltr'><strong>fornicationem,</strong></span> <span class='ocrx_word' id='word_1_613' title='bbox 820 2560 938 2589; x_wconf 93' lang='lat' dir='ltr'><strong>immun-</strong></span> 
     </span>
    </p>
   </div>
   <div class='ocr_carea' id='block_1_86' title="bbox 154 2597 932 2640">
    <p class='ocr_par' dir='ltr' id='par_1_86' title="bbox 154 2597 932 2640">
     <span class='ocr_line' id='line_1_86' title="bbox 154 2597 932 2640; baseline 0.006 -12"><span class='ocrx_word' id='word_1_614' title='bbox 154 2603 261 2635; x_wconf 84' lang='lat' dir='ltr'><strong>ditiam,</strong></span> <span class='ocrx_word' id='word_1_615' title='bbox 287 2597 442 2636; x_wconf 79' lang='lat' dir='ltr'><strong>libidinem,</strong></span> <span class='ocrx_word' id='word_1_616' title='bbox 473 2605 722 2640; x_wconf 86' lang='lat' dir='ltr'><strong>concupiscentiam</strong></span> <span class='ocrx_word' id='word_1_617' title='bbox 752 2607 895 2635; x_wconf 85' lang='lat' dir='ltr'><strong>malam&quot;.</strong></span> <span class='ocrx_word' id='word_1_618' title='bbox 923 2617 932 2633; x_wconf 72' lang='grc' dir='ltr'><strong>ι</strong></span> 
     </span>
    </p>
   </div>
   <div class='ocr_carea' id='block_1_87' title="bbox 157 2647 937 2689">
    <p class='ocr_par' dir='ltr' id='par_1_87' title="bbox 157 2647 937 2689">
     <span class='ocr_line' id='line_1_87' title="bbox 157 2647 937 2689; baseline 0.01 -16"><span class='ocrx_word' id='word_1_619' title='bbox 157 2648 238 2684; x_wconf 68' lang='lat'><strong>168</strong></span> <span class='ocrx_word' id='word_1_620' title='bbox 247 2647 280 2675; x_wconf 86' lang='lat' dir='ltr'><strong>Et</strong></span> <span class='ocrx_word' id='word_1_621' title='bbox 290 2648 385 2681; x_wconf 76' lang='lat' dir='ltr'><strong>iilud,«</strong></span> <span class='ocrx_word' id='word_1_622' title='bbox 397 2648 455 2676; x_wconf 86' lang='lat' dir='ltr'><strong>Non</strong></span> <span class='ocrx_word' id='word_1_623' title='bbox 469 2654 534 2677; x_wconf 85' lang='lat' dir='ltr'><strong>sunt</strong></span> <span class='ocrx_word' id='word_1_624' title='bbox 543 2651 685 2686; x_wconf 66' lang='lat' dir='ltr'><strong>condigna:</strong></span> <span class='ocrx_word' id='word_1_625' title='bbox 697 2653 839 2687; x_wconf 85' lang='lat' dir='ltr'><strong>passiones</strong></span> <span class='ocrx_word' id='word_1_626' title='bbox 854 2653 937 2689; x_wconf 84' lang='lat' dir='ltr'><strong>hujus</strong></span> 
     </span>
    </p>
   </div>
   <div class='ocr_carea' id='block_1_88' title="bbox 156 2689 935 2732">
    <p class='ocr_par' dir='ltr' id='par_1_88' title="bbox 156 2689 935 2732">
     <span class='ocr_line' id='line_1_88' title="bbox 156 2689 935 2732; baseline 0.008 -12"><span class='ocrx_word' id='word_1_627' title='bbox 156 2693 287 2728; x_wconf 82' lang='lat' dir='ltr'><strong>temporis</strong></span> <span class='ocrx_word' id='word_1_628' title='bbox 302 2689 335 2721; x_wconf 86' lang='lat' dir='ltr'><strong>ad</strong></span> <span class='ocrx_word' id='word_1_629' title='bbox 360 2694 481 2727; x_wconf 79' lang='lat' dir='ltr'><strong>futuram</strong></span> <span class='ocrx_word' id='word_1_630' title='bbox 500 2695 623 2731; x_wconf 78' lang='lat' dir='ltr'><strong>gloriam,</strong></span> <span class='ocrx_word' id='word_1_631' title='bbox 637 2705 698 2732; x_wconf 71' lang='lat' dir='ltr'><strong>quae</strong></span> <span class='ocrx_word' id='word_1_632' title='bbox 720 2698 887 2726; x_wconf 86' lang='lat' dir='ltr'><strong>revelabitur</strong></span> <span class='ocrx_word' id='word_1_633' title='bbox 908 2699 935 2726; x_wconf 93' lang='lat' dir='ltr'><strong>in</strong></span> 
     </span>
    </p>
   </div>
   <div class='ocr_carea' id='block_1_89' title="bbox 155 2739 936 2777">
    <p class='ocr_par' dir='ltr' id='par_1_89' title="bbox 155 2739 936 2777">
     <span class='ocr_line' id='line_1_89' title="bbox 155 2739 936 2777; baseline 0.009 -11"><span class='ocrx_word' id='word_1_634' title='bbox 155 2739 236 2767; x_wconf 84' lang='lat' dir='ltr'><strong>nobis</strong></span> <span class='ocrx_word' id='word_1_635' title='bbox 249 2739 282 2767; x_wconf 80' lang='lat'><strong>“.</strong></span> <span class='ocrx_word' id='word_1_636' title='bbox 301 2749 310 2766; x_wconf 77' lang='grc' dir='ltr'><strong>ι</strong></span> <span class='ocrx_word' id='word_1_637' title='bbox 328 2740 363 2768; x_wconf 89' lang='lat' dir='ltr'><strong>iis</strong></span> <span class='ocrx_word' id='word_1_638' title='bbox 387 2740 505 2776; x_wconf 86' lang='lat' dir='ltr'><strong>denique</strong></span> <span class='ocrx_word' id='word_1_639' title='bbox 522 2742 570 2777; x_wconf 92' lang='lat' dir='ltr'><strong>qui</strong></span> <span class='ocrx_word' id='word_1_640' title='bbox 590 2742 624 2770; x_wconf 91' lang='lat' dir='ltr'><strong>ad</strong></span> <span class='ocrx_word' id='word_1_641' title='bbox 640 2743 823 2772; x_wconf 89' lang='lat' dir='ltr'><strong>sacerdotium</strong></span> <span class='ocrx_word' id='word_1_642' title='bbox 846 2746 936 2773; x_wconf 80' lang='lat' dir='ltr'><strong>vocati</strong></span> 
     </span>
    </p>
   </div>
   <div class='ocr_carea' id='block_1_90' title="bbox 199 2803 795 2843">
    <p class='ocr_par' dir='ltr' id='par_1_90' title="bbox 199 2803 795 2843">
     <span class='ocr_line' id='line_1_90' title="bbox 199 2803 795 2843; baseline 0.01 -13"><span class='ocrx_word' id='word_1_643' title='bbox 199 2803 363 2843; x_wconf 42' lang='lat' dir='ltr'><strong>&quot;nPr‘oyer,</strong></span> <span class='ocrx_word' id='word_1_644' title='bbox 375 2805 401 2833; x_wconf 89' lang='lat'><strong>9.</strong></span> <span class='ocrx_word' id='word_1_645' title='bbox 440 2805 462 2821; x_wconf 83' lang='lat'>&quot;</span> <span class='ocrx_word' id='word_1_646' title='bbox 473 2806 551 2843; x_wconf 56' lang='lat' dir='ltr'><strong>139m.</strong></span> <span class='ocrx_word' id='word_1_647' title='bbox 564 2816 584 2841; x_wconf 85' lang='grc' dir='ltr'><strong>ι,</strong></span> <span class='ocrx_word' id='word_1_648' title='bbox 597 2809 627 2842; x_wconf 88' lang='lat'><strong>7;</strong></span> <span class='ocrx_word' id='word_1_649' title='bbox 639 2809 694 2838; x_wconf 79' lang='lat' dir='ltr'><strong>Jer.</strong></span> <span class='ocrx_word' id='word_1_650' title='bbox 709 2817 738 2843; x_wconf 88' lang='grc' dir='ltr'><strong>ιι,</strong></span> <span class='ocrx_word' id='word_1_651' title='bbox 751 2809 795 2837; x_wconf 78' lang='grc'><strong>27.</strong></span> 
     </span>
    </p>
   </div>
   <div class='ocr_carea' id='block_1_91' title="bbox 158 2837 519 2874">
    <p class='ocr_par' dir='ltr' id='par_1_91' title="bbox 158 2837 519 2874">
     <span class='ocr_line' id='line_1_91' title="bbox 158 2837 519 2874; baseline 0.011 -10"><span class='ocrx_word' id='word_1_652' title='bbox 158 2843 203 2869; x_wconf 83' lang='lat' dir='ltr'><strong>vu.</strong></span> <span class='ocrx_word' id='word_1_653' title='bbox 217 2837 242 2864; x_wconf 84' lang='lat'><strong>8.</strong></span> <span class='ocrx_word' id='word_1_654' title='bbox 275 2839 297 2854; x_wconf 72' lang='grc' dir='ltr'><strong>δ’</strong></span> <span class='ocrx_word' id='word_1_655' title='bbox 309 2839 387 2867; x_wconf 82' lang='lat' dir='ltr'><strong>Rom.</strong></span> <span class='ocrx_word' id='word_1_656' title='bbox 403 2848 461 2874; x_wconf 78' lang='lat' dir='ltr'><strong>vui,</strong></span> <span class='ocrx_word' id='word_1_657' title='bbox 475 2841 519 2868; x_wconf 77' lang='lat' dir='ltr'><strong>t8.</strong></span> 
     </span>
    </p>
   </div>
   <div class='ocr_carea' id='block_1_92' title="bbox 987 1556 1771 1593">
    <p class='ocr_par' dir='ltr' id='par_1_92' title="bbox 987 1556 1771 1593">
     <span class='ocr_line' id='line_1_92' title="bbox 987 1556 1771 1593; baseline -0.003 -8"><span class='ocrx_word' id='word_1_658' title='bbox 987 1559 1027 1591; x_wconf 79' lang='grc' dir='ltr'><strong>είς</strong></span> <span class='ocrx_word' id='word_1_659' title='bbox 1043 1557 1176 1593; x_wconf 70' lang='grc' dir='ltr'>ἀνάληψιν</span> <span class='ocrx_word' id='word_1_660' title='bbox 1194 1557 1266 1584; x_wconf 80' lang='grc' dir='ltr'>θείου</span> <span class='ocrx_word' id='word_1_661' title='bbox 1287 1557 1375 1592; x_wconf 75' lang='grc' dir='ltr'>φωτὸς</span> <span class='ocrx_word' id='word_1_662' title='bbox 1390 1556 1482 1584; x_wconf 83' lang='grc' dir='ltr'>καλεῖν</span> <span class='ocrx_word' id='word_1_663' title='bbox 1501 1556 1642 1592; x_wconf 76' lang='grc' dir='ltr'>εἰθίσμεθα</span> <span class='ocrx_word' id='word_1_664' title='bbox 1659 1557 1722 1588; x_wconf 83' lang='grc' dir='ltr'>τοὺς</span> <span class='ocrx_word' id='word_1_665' title='bbox 1737 1558 1771 1592; x_wconf 73' lang='grc' dir='ltr'>τῇ</span> 
     </span>
    </p>
   </div>
   <div class='ocr_carea' id='block_1_93' title="bbox 987 1602 1773 1640">
    <p class='ocr_par' dir='ltr' id='par_1_93' title="bbox 987 1602 1773 1640">
     <span class='ocr_line' id='line_1_93' title="bbox 987 1602 1773 1640; baseline -0.005 -8"><span class='ocrx_word' id='word_1_666' title='bbox 987 1604 1074 1632; x_wconf 81' lang='grc' dir='ltr'>κτίσει</span> <span class='ocrx_word' id='word_1_667' title='bbox 1091 1604 1165 1640; x_wconf 72' lang='grc' dir='ltr'>παρὰ</span> <span class='ocrx_word' id='word_1_668' title='bbox 1176 1603 1222 1630; x_wconf 81' lang='grc' dir='ltr'>τὸν</span> <span class='ocrx_word' id='word_1_669' title='bbox 1238 1603 1358 1638; x_wconf 75' lang='grc' dir='ltr'>κτίστην</span> <span class='ocrx_word' id='word_1_670' title='bbox 1372 1602 1597 1638; x_wconf 79' lang='grc' dir='ltr'>λελατρευκότας,</span> <span class='ocrx_word' id='word_1_671' title='bbox 1617 1603 1664 1630; x_wconf 80' lang='grc' dir='ltr'>καὶ</span> <span class='ocrx_word' id='word_1_672' title='bbox 1678 1602 1773 1636; x_wconf 72' lang='grc' dir='ltr'>λέγον-</span> 
     </span>
    </p>
   </div>
   <div class='ocr_carea' id='block_1_94' title="bbox 986 1646 1773 1686">
    <p class='ocr_par' dir='ltr' id='par_1_94' title="bbox 986 1646 1773 1686">
     <span class='ocr_line' id='line_1_94' title="bbox 986 1646 1773 1686; baseline -0.005 -8"><span class='ocrx_word' id='word_1_673' title='bbox 986 1660 1035 1683; x_wconf 85' lang='grc' dir='ltr'><strong>τας</strong></span> <span class='ocrx_word' id='word_1_674' title='bbox 1057 1650 1169 1686; x_wconf 83' lang='grc' dir='ltr'>ἀμαθῶς</span> <span class='ocrx_word' id='word_1_675' title='bbox 1198 1648 1237 1684; x_wconf 80' lang='grc' dir='ltr'>τῷ</span> <span class='ocrx_word' id='word_1_676' title='bbox 1265 1648 1352 1684; x_wconf 80' lang='grc' dir='ltr'>ξύλῳ·</span> <span class='ocrx_word' id='word_1_677' title='bbox 1368 1649 1462 1684; x_wconf 86' lang='grc' dir='ltr'>Πατήρ</span> <span class='ocrx_word' id='word_1_678' title='bbox 1483 1657 1534 1684; x_wconf 90' lang='grc' dir='ltr'><strong>μου</strong></span> <span class='ocrx_word' id='word_1_679' title='bbox 1560 1646 1585 1675; x_wconf 71' lang='lat' dir='ltr'><strong>si</strong></span> <span class='ocrx_word' id='word_1_680' title='bbox 1601 1648 1644 1680; x_wconf 80' lang='grc' dir='ltr'><strong>σὺ.</strong></span> <span class='ocrx_word' id='word_1_681' title='bbox 1671 1647 1773 1683; x_wconf 78' lang='grc' dir='ltr'>καὶτῷ</span> 
     </span>
    </p>
   </div>
   <div class='ocr_carea' id='block_1_95' title="bbox 985 1694 1772 1732">
    <p class='ocr_par' dir='ltr' id='par_1_95' title="bbox 985 1694 1772 1732">
     <span class='ocr_line' id='line_1_95' title="bbox 985 1694 1772 1732; baseline -0.006 -9"><span class='ocrx_word' id='word_1_682' title='bbox 985 1697 1072 1732; x_wconf 81' lang='grc' dir='ltr'>λίθῳ’</span> <span class='ocrx_word' id='word_1_683' title='bbox 1095 1696 1130 1722; x_wconf 80' lang='grc' dir='ltr'><strong>Σὺ</strong></span> <span class='ocrx_word' id='word_1_684' title='bbox 1147 1695 1295 1730; x_wconf 71' lang='grc' dir='ltr'>ὲγέννησάς</span> <span class='ocrx_word' id='word_1_685' title='bbox 1325 1703 1376 1730; x_wconf 91' lang='grc' dir='ltr'><strong>με,</strong></span> <span class='ocrx_word' id='word_1_686' title='bbox 1401 1694 1471 1721; x_wconf 80' lang='grc' dir='ltr'>κατὰ</span> <span class='ocrx_word' id='word_1_687' title='bbox 1487 1695 1536 1729; x_wconf 78' lang='grc' dir='ltr'>τὴν</span> <span class='ocrx_word' id='word_1_688' title='bbox 1561 1694 1608 1721; x_wconf 76' lang='grc' dir='ltr'><strong>τοῦ</strong></span> <span class='ocrx_word' id='word_1_689' title='bbox 1632 1695 1772 1731; x_wconf 58' lang='grc' dir='ltr'>προφήτου</span> 
     </span>
    </p>
   </div>
   <div class='ocr_carea' id='block_1_96' title="bbox 987 1739 1773 1778">
    <p class='ocr_par' dir='ltr' id='par_1_96' title="bbox 987 1739 1773 1778">
     <span class='ocr_line' id='line_1_96' title="bbox 987 1739 1773 1778; baseline -0.004 -9"><span class='ocrx_word' id='word_1_690' title='bbox 987 1742 1089 1778; x_wconf 83' lang='grc' dir='ltr'>φωνήν.</span> <span class='ocrx_word' id='word_1_691' title='bbox 1111 1742 1174 1772; x_wconf 79' lang='grc' dir='ltr'>Τοῖς</span> <span class='ocrx_word' id='word_1_692' title='bbox 1197 1749 1229 1775; x_wconf 83' lang='grc' dir='ltr'><strong>γε</strong></span> <span class='ocrx_word' id='word_1_693' title='bbox 1251 1741 1304 1776; x_wconf 69' lang='grc' dir='ltr'>μὴν</span> <span class='ocrx_word' id='word_1_694' title='bbox 1324 1740 1375 1776; x_wconf 71' lang='grc' dir='ltr'>ήδη</span> <span class='ocrx_word' id='word_1_695' title='bbox 1399 1739 1625 1772; x_wconf 76' lang='grc' dir='ltr'>πεπιστευκόσιν,</span> <span class='ocrx_word' id='word_1_696' title='bbox 1649 1741 1676 1767; x_wconf 77' lang='grc' dir='ltr'>αἱ</span> <span class='ocrx_word' id='word_1_697' title='bbox 1698 1742 1773 1776; x_wconf 81' lang='grc' dir='ltr'>τρεῖς</span> 
     </span>
    </p>
   </div>
   <div class='ocr_carea' id='block_1_97' title="bbox 984 1785 1770 1823">
    <p class='ocr_par' dir='ltr' id='par_1_97' title="bbox 984 1785 1770 1823">
     <span class='ocr_line' id='line_1_97' title="bbox 984 1785 1770 1823; baseline -0.003 -9"><span class='ocrx_word' id='word_1_698' title='bbox 984 1787 1078 1823; x_wconf 75' lang='grc' dir='ltr'>ἓτεραι</span> <span class='ocrx_word' id='word_1_699' title='bbox 1103 1787 1150 1813; x_wconf 78' lang='grc' dir='ltr'>τοῦ</span> <span class='ocrx_word' id='word_1_700' title='bbox 1175 1786 1255 1820; x_wconf 85' lang='grc' dir='ltr'>λόγου</span> <span class='ocrx_word' id='word_1_701' title='bbox 1280 1786 1407 1821; x_wconf 80' lang='grc' dir='ltr'>διαφοραὶ</span> <span class='ocrx_word' id='word_1_702' title='bbox 1434 1785 1563 1821; x_wconf 77' lang='grc' dir='ltr'>πρέποιεν</span> <span class='ocrx_word' id='word_1_703' title='bbox 1583 1785 1616 1813; x_wconf 75' lang='grc' dir='ltr'>ἂν</span> <span class='ocrx_word' id='word_1_704' title='bbox 1641 1786 1770 1817; x_wconf 72' lang='grc' dir='ltr'>εἰκότως·</span> 
     </span>
    </p>
   </div>
   <div class='ocr_carea' id='block_1_98' title="bbox 986 1829 1773 1868">
    <p class='ocr_par' dir='ltr' id='par_1_98' title="bbox 986 1829 1773 1868">
     <span class='ocr_line' id='line_1_98' title="bbox 986 1829 1773 1868; baseline -0.005 -7"><span class='ocrx_word' id='word_1_705' title='bbox 986 1834 1046 1861; x_wconf 72' lang='grc' dir='ltr'>ἐπεί</span> <span class='ocrx_word' id='word_1_706' title='bbox 1058 1841 1098 1860; x_wconf 86' lang='grc' dir='ltr'><strong>τοι</strong></span> <span class='ocrx_word' id='word_1_707' title='bbox 1112 1833 1160 1859; x_wconf 73' lang='grc' dir='ltr'>καὶ</span> <span class='ocrx_word' id='word_1_708' title='bbox 1176 1832 1250 1868; x_wconf 81' lang='grc' dir='ltr'>τρεῖς</span> <span class='ocrx_word' id='word_1_709' title='bbox 1265 1829 1335 1858; x_wconf 73' lang='grc' dir='ltr'>εἶναι</span> <span class='ocrx_word' id='word_1_710' title='bbox 1352 1831 1408 1866; x_wconf 82' lang='grc' dir='ltr'>βίου</span> <span class='ocrx_word' id='word_1_711' title='bbox 1425 1831 1473 1858; x_wconf 74' lang='grc' dir='ltr'>καὶ</span> <span class='ocrx_word' id='word_1_712' title='bbox 1488 1831 1625 1863; x_wconf 77' lang='grc' dir='ltr'>πολιτείας</span> <span class='ocrx_word' id='word_1_713' title='bbox 1640 1831 1773 1866; x_wconf 76' lang='grc' dir='ltr'>διαφορὰς</span> 
     </span>
    </p>
   </div>
   <div class='ocr_carea' id='block_1_99' title="bbox 985 1877 1772 1913">
    <p class='ocr_par' dir='ltr' id='par_1_99' title="bbox 985 1877 1772 1913">
     <span class='ocr_line' id='line_1_99' title="bbox 985 1877 1772 1913; baseline -0.004 -7"><span class='ocrx_word' id='word_1_714' title='bbox 985 1879 1123 1906; x_wconf 63' lang='grc' dir='ltr'>ἐδίδασκεν</span> <span class='ocrx_word' id='word_1_715' title='bbox 1143 1879 1157 1905; x_wconf 85' lang='grc' dir='ltr'><strong>ὸ</strong></span> <span class='ocrx_word' id='word_1_716' title='bbox 1171 1878 1283 1913; x_wconf 81' lang='grc' dir='ltr'>Σωτήρ”</span> <span class='ocrx_word' id='word_1_717' title='bbox 1301 1877 1353 1913; x_wconf 72' lang='grc' dir='ltr'>ἔφη</span> <span class='ocrx_word' id='word_1_718' title='bbox 1375 1878 1428 1913; x_wconf 83' lang='grc' dir='ltr'>γὰρ</span> <span class='ocrx_word' id='word_1_719' title='bbox 1447 1877 1499 1909; x_wconf 80' lang='grc' dir='ltr'>ὅτι,</span> <span class='ocrx_word' id='word_1_720' title='bbox 1511 1877 1545 1904; x_wconf 81' lang='grc' dir='ltr'><strong>τά</strong></span> <span class='ocrx_word' id='word_1_721' title='bbox 1564 1877 1772 1913; x_wconf 72' lang='grc' dir='ltr'>καταϐληθέντι</span> 
     </span>
    </p>
   </div>
   <div class='ocr_carea' id='block_1_100' title="bbox 984 1923 1771 1961">
    <p class='ocr_par' dir='ltr' id='par_1_100' title="bbox 984 1923 1771 1961">
     <span class='ocr_line' id='line_1_100' title="bbox 984 1923 1771 1961; baseline -0.004 -9"><span class='ocrx_word' id='word_1_722' title='bbox 984 1926 1040 1952; x_wconf 88' lang='grc' dir='ltr'><strong>τῶν</strong></span> <span class='ocrx_word' id='word_1_723' title='bbox 1055 1925 1218 1961; x_wconf 75' lang='grc' dir='ltr'>σπερμάτων</span> <span class='ocrx_word' id='word_1_724' title='bbox 1233 1924 1279 1951; x_wconf 69' lang='grc' dir='ltr'><strong>ἐπὶ</strong></span> <span class='ocrx_word' id='word_1_725' title='bbox 1291 1924 1339 1959; x_wconf 84' lang='grc' dir='ltr'>τὴν</span> <span class='ocrx_word' id='word_1_726' title='bbox 1356 1923 1441 1959; x_wconf 75' lang='grc' dir='ltr'>καλὴν</span> <span class='ocrx_word' id='word_1_727' title='bbox 1454 1925 1505 1959; x_wconf 83' lang='grc' dir='ltr'>γῆν</span> <span class='ocrx_word' id='word_1_728' title='bbox 1530 1923 1641 1959; x_wconf 69' lang='grc' dir='ltr'>εποίησε</span> <span class='ocrx_word' id='word_1_729' title='bbox 1654 1923 1771 1958; x_wconf 68' lang='grc' dir='ltr'>καρπον,</span> 
     </span>
    </p>
   </div>
   <div class='ocr_carea' id='block_1_101' title="bbox 984 1967 1772 2006">
    <p class='ocr_par' dir='ltr' id='par_1_101' title="bbox 984 1967 1772 2006">
     <span class='ocr_line' id='line_1_101' title="bbox 984 1967 1772 2006; baseline -0.004 -9"><span class='ocrx_word' id='word_1_730' title='bbox 984 1971 999 1998; x_wconf 82' lang='grc' dir='ltr'>ὁ</span> <span class='ocrx_word' id='word_1_731' title='bbox 1012 1971 1060 2006; x_wconf 63' lang='grc' dir='ltr'>μιν</span> <span class='ocrx_word' id='word_1_732' title='bbox 1077 1970 1184 2003; x_wconf 74' lang='grc' dir='ltr'>ικατιν,</span> <span class='ocrx_word' id='word_1_733' title='bbox 1197 1970 1212 1997; x_wconf 77' lang='grc' dir='ltr'><strong>ὁ</strong></span> <span class='ocrx_word' id='word_1_734' title='bbox 1222 1969 1249 1996; x_wconf 81' lang='grc' dir='ltr'><strong>δὲ</strong></span> <span class='ocrx_word' id='word_1_735' title='bbox 1266 1968 1406 2004; x_wconf 65' lang='grc' dir='ltr'>ἑξήκοντα,</span> <span class='ocrx_word' id='word_1_736' title='bbox 1421 1969 1435 1995; x_wconf 86' lang='grc' dir='ltr'><strong>ό</strong></span> <span class='ocrx_word' id='word_1_737' title='bbox 1451 1968 1480 1995; x_wconf 78' lang='grc' dir='ltr'><strong>δὲ</strong></span> <span class='ocrx_word' id='word_1_738' title='bbox 1494 1967 1652 2004; x_wconf 75' lang='grc' dir='ltr'>τριάκοντα.</span> <span class='ocrx_word' id='word_1_739' title='bbox 1667 1967 1772 1995; x_wconf 73' lang='grc' dir='ltr'>οὐκοῦν</span> 
     </span>
    </p>
   </div>
   <div class='ocr_carea' id='block_1_102' title="bbox 982 2014 1772 2052">
    <p class='ocr_par' dir='ltr' id='par_1_102' title="bbox 982 2014 1772 2052">
     <span class='ocr_line' id='line_1_102' title="bbox 982 2014 1772 2052; baseline -0.005 -8"><span class='ocrx_word' id='word_1_740' title='bbox 982 2016 1043 2044; x_wconf 78' lang='grc' dir='ltr'>ὲστί</span> <span class='ocrx_word' id='word_1_741' title='bbox 1055 2025 1096 2048; x_wconf 86' lang='grc' dir='ltr'><strong>τις</strong></span> <span class='ocrx_word' id='word_1_742' title='bbox 1109 2016 1216 2052; x_wconf 65' lang='grc' dir='ltr'>ἑκάστῳ</span> <span class='ocrx_word' id='word_1_743' title='bbox 1229 2015 1283 2042; x_wconf 84' lang='grc' dir='ltr'><strong>τῶν</strong></span> <span class='ocrx_word' id='word_1_744' title='bbox 1297 2014 1427 2042; x_wconf 80' lang='grc' dir='ltr'>τοιούτων</span> <span class='ocrx_word' id='word_1_745' title='bbox 1436 2035 1443 2047; x_wconf 91' lang='grc'><strong>,</strong></span> <span class='ocrx_word' id='word_1_746' title='bbox 1458 2015 1472 2042; x_wconf 83' lang='grc' dir='ltr'>ὁ</span> <span class='ocrx_word' id='word_1_747' title='bbox 1485 2015 1559 2050; x_wconf 75' lang='grc' dir='ltr'>αὐτῷ</span> <span class='ocrx_word' id='word_1_748' title='bbox 1570 2014 1689 2050; x_wconf 78' lang='grc' dir='ltr'>μάλιστα</span> <span class='ocrx_word' id='word_1_749' title='bbox 1706 2014 1772 2051; x_wconf 76' lang='grc' dir='ltr'>πρέ-</span> 
     </span>
    </p>
   </div>
   <div class='ocr_carea' id='block_1_103' title="bbox 986 2059 1773 2097">
    <p class='ocr_par' dir='ltr' id='par_1_103' title="bbox 986 2059 1773 2097">
     <span class='ocr_line' id='line_1_103' title="bbox 986 2059 1773 2097; baseline -0.004 -8"><span class='ocrx_word' id='word_1_750' title='bbox 986 2071 1045 2090; x_wconf 87' lang='grc' dir='ltr'>πων</span> <span class='ocrx_word' id='word_1_751' title='bbox 1059 2062 1138 2097; x_wconf 84' lang='grc' dir='ltr'>λόγος</span> <span class='ocrx_word' id='word_1_752' title='bbox 1150 2068 1157 2076; x_wconf 88' lang='grc'><strong>·</strong></span> <span class='ocrx_word' id='word_1_753' title='bbox 1170 2062 1201 2088; x_wconf 80' lang='grc' dir='ltr'>οὺ</span> <span class='ocrx_word' id='word_1_754' title='bbox 1212 2061 1267 2097; x_wconf 81' lang='grc' dir='ltr'><strong>γάρ</strong></span> <span class='ocrx_word' id='word_1_755' title='bbox 1283 2070 1325 2088; x_wconf 80' lang='grc' dir='ltr'><strong>πω</strong></span> <span class='ocrx_word' id='word_1_756' title='bbox 1337 2060 1454 2096; x_wconf 81' lang='grc' dir='ltr'>δρῶντες</span> <span class='ocrx_word' id='word_1_757' title='bbox 1468 2060 1566 2096; x_wconf 79' lang='grc' dir='ltr'>ὀρθῶς,</span> <span class='ocrx_word' id='word_1_758' title='bbox 1580 2062 1643 2091; x_wconf 74' lang='grc' dir='ltr'>τοὺς</span> <span class='ocrx_word' id='word_1_759' title='bbox 1658 2059 1717 2095; x_wconf 87' lang='grc' dir='ltr'><strong>Θεῷ</strong></span> <span class='ocrx_word' id='word_1_760' title='bbox 1727 2061 1773 2087; x_wconf 62' lang='grc' dir='ltr'>καὶ</span> 
     </span>
    </p>
   </div>
   <div class='ocr_carea' id='block_1_104' title="bbox 985 2105 1773 2145">
    <p class='ocr_par' dir='ltr' id='par_1_104' title="bbox 985 2105 1773 2145">
     <span class='ocr_line' id='line_1_104' title="bbox 985 2105 1773 2145; baseline -0.006 -9"><span class='ocrx_word' id='word_1_761' title='bbox 985 2108 1080 2145; x_wconf 85' lang='grc' dir='ltr'>κόσμῳ</span> <span class='ocrx_word' id='word_1_762' title='bbox 1092 2107 1325 2144; x_wconf 82' lang='grc' dir='ltr'>μεμερισμένους,</span> <span class='ocrx_word' id='word_1_763' title='bbox 1339 2106 1384 2133; x_wconf 80' lang='grc' dir='ltr'>διὰ</span> <span class='ocrx_word' id='word_1_764' title='bbox 1394 2106 1425 2133; x_wconf 82' lang='grc' dir='ltr'>τὸ</span> <span class='ocrx_word' id='word_1_765' title='bbox 1434 2107 1505 2133; x_wconf 77' lang='grc' dir='ltr'>κατά</span> <span class='ocrx_word' id='word_1_766' title='bbox 1515 2106 1596 2141; x_wconf 87' lang='grc' dir='ltr'>νόμον</span> <span class='ocrx_word' id='word_1_767' title='bbox 1607 2105 1773 2140; x_wconf 75' lang='grc' dir='ltr'>ὑπεζεῢχθαι</span> 
     </span>
    </p>
   </div>
   <div class='ocr_carea' id='block_1_105' title="bbox 987 2152 1773 2190">
    <p class='ocr_par' dir='ltr' id='par_1_105' title="bbox 987 2152 1773 2190">
     <span class='ocr_line' id='line_1_105' title="bbox 987 2152 1773 2190; baseline -0.004 -8"><span class='ocrx_word' id='word_1_768' title='bbox 987 2154 1103 2190; x_wconf 83' lang='grc' dir='ltr'>γάμοις,</span> <span class='ocrx_word' id='word_1_769' title='bbox 1118 2154 1166 2181; x_wconf 80' lang='grc' dir='ltr'>καὶ</span> <span class='ocrx_word' id='word_1_770' title='bbox 1184 2154 1247 2185; x_wconf 75' lang='grc' dir='ltr'>τοὺς</span> <span class='ocrx_word' id='word_1_771' title='bbox 1261 2153 1306 2180; x_wconf 78' lang='grc' dir='ltr'><strong>τὸν</strong></span> <span class='ocrx_word' id='word_1_772' title='bbox 1324 2152 1489 2188; x_wconf 83' lang='grc' dir='ltr'>πανάριστόν</span> <span class='ocrx_word' id='word_1_773' title='bbox 1505 2161 1535 2179; x_wconf 78' lang='grc' dir='ltr'><strong>τε</strong></span> <span class='ocrx_word' id='word_1_774' title='bbox 1555 2152 1602 2179; x_wconf 80' lang='grc' dir='ltr'>καὶ</span> <span class='ocrx_word' id='word_1_775' title='bbox 1624 2152 1773 2187; x_wconf 69' lang='grc' dir='ltr'>ἀσκητικὸν</span> 
     </span>
    </p>
   </div>
   <div class='ocr_carea' id='block_1_106' title="bbox 988 2197 1772 2234">
    <p class='ocr_par' dir='ltr' id='par_1_106' title="bbox 988 2197 1772 2234">
     <span class='ocr_line' id='line_1_106' title="bbox 988 2197 1772 2234; baseline -0.005 -7"><span class='ocrx_word' id='word_1_776' title='bbox 988 2199 1201 2234; x_wconf 66' lang='grc' dir='ltr'>επανελομένους</span> <span class='ocrx_word' id='word_1_777' title='bbox 1213 2197 1289 2233; x_wconf 71' lang='grc' dir='ltr'>βίον,</span> <span class='ocrx_word' id='word_1_778' title='bbox 1304 2197 1387 2232; x_wconf 65' lang='grc' dir='ltr'>ᾗγουν</span> <span class='ocrx_word' id='word_1_779' title='bbox 1401 2197 1447 2224; x_wconf 78' lang='grc' dir='ltr'>τὸν</span> <span class='ocrx_word' id='word_1_780' title='bbox 1462 2197 1599 2234; x_wconf 82' lang='grc' dir='ltr'>ἱερωσύνῃ</span> <span class='ocrx_word' id='word_1_781' title='bbox 1616 2197 1772 2233; x_wconf 65' lang='grc' dir='ltr'>πρέποντα,</span> 
     </span>
    </p>
   </div>
   <div class='ocr_carea' id='block_1_107' title="bbox 987 2241 1773 2279">
    <p class='ocr_par' dir='ltr' id='par_1_107' title="bbox 987 2241 1773 2279">
     <span class='ocr_line' id='line_1_107' title="bbox 987 2241 1773 2279; baseline -0.005 -7"><span class='ocrx_word' id='word_1_782' title='bbox 987 2246 1043 2277; x_wconf 84' lang='grc' dir='ltr'>τοῖς</span> <span class='ocrx_word' id='word_1_783' title='bbox 1052 2245 1119 2276; x_wconf 80' lang='grc' dir='ltr'>ἴσοις</span> <span class='ocrx_word' id='word_1_784' title='bbox 1128 2244 1291 2279; x_wconf 77' lang='grc' dir='ltr'>ἀφυλάκτοις</span> <span class='ocrx_word' id='word_1_785' title='bbox 1298 2243 1475 2279; x_wconf 71' lang='grc' dir='ltr'>ὤφελήσομεν</span> <span class='ocrx_word' id='word_1_786' title='bbox 1484 2242 1583 2277; x_wconf 84' lang='grc' dir='ltr'>λόγοις,</span> <span class='ocrx_word' id='word_1_787' title='bbox 1594 2242 1652 2269; x_wconf 79' lang='grc' dir='ltr'>ἀλλ’</span> <span class='ocrx_word' id='word_1_788' title='bbox 1662 2241 1773 2274; x_wconf 69' lang='grc' dir='ltr'>ἐκείνοις</span> 
     </span>
    </p>
   </div>
   <div class='ocr_carea' id='block_1_108' title="bbox 990 2287 1771 2326">
    <p class='ocr_par' dir='ltr' id='par_1_108' title="bbox 990 2287 1771 2326">
     <span class='ocr_line' id='line_1_108' title="bbox 990 2287 1771 2326; baseline -0.004 -9"><span class='ocrx_word' id='word_1_789' title='bbox 990 2291 1039 2326; x_wconf 85' lang='grc' dir='ltr'>μὲν</span> <span class='ocrx_word' id='word_1_790' title='bbox 1057 2289 1189 2326; x_wconf 69' lang='grc' dir='ltr'>ἐροῦμεν·</span> <span class='ocrx_word' id='word_1_791' title='bbox 1214 2298 1223 2315; x_wconf 82' lang='grc' dir='ltr'><strong>ι</strong></span> <span class='ocrx_word' id='word_1_792' title='bbox 1249 2289 1360 2316; x_wconf 76' lang='grc' dir='ltr'>Δέδεσαι</span> <span class='ocrx_word' id='word_1_793' title='bbox 1381 2288 1510 2323; x_wconf 69' lang='grc' dir='ltr'>γυναικί,</span> <span class='ocrx_word' id='word_1_794' title='bbox 1529 2288 1567 2323; x_wconf 81' lang='grc' dir='ltr'>μὴ</span> <span class='ocrx_word' id='word_1_795' title='bbox 1586 2287 1662 2324; x_wconf 77' lang='grc' dir='ltr'>ζήτει</span> <span class='ocrx_word' id='word_1_796' title='bbox 1681 2287 1771 2314; x_wconf 81' lang='grc' dir='ltr'>λύσιν·</span> 
     </span>
    </p>
   </div>
   <div class='ocr_carea' id='block_1_109' title="bbox 989 2334 1774 2370">
    <p class='ocr_par' dir='ltr' id='par_1_109' title="bbox 989 2334 1774 2370">
     <span class='ocr_line' id='line_1_109' title="bbox 989 2334 1774 2370; baseline -0.004 -7"><span class='ocrx_word' id='word_1_797' title='bbox 989 2337 1099 2363; x_wconf 81' lang='grc' dir='ltr'>λέλυσαι</span> <span class='ocrx_word' id='word_1_798' title='bbox 1115 2335 1168 2363; x_wconf 79' lang='grc' dir='ltr'><strong>ἀπὸ</strong></span> <span class='ocrx_word' id='word_1_799' title='bbox 1183 2335 1328 2370; x_wconf 70' lang='grc' dir='ltr'>γυναικὸςς</span> <span class='ocrx_word' id='word_1_800' title='bbox 1344 2334 1384 2370; x_wconf 83' lang='grc' dir='ltr'>μὴ</span> <span class='ocrx_word' id='word_1_801' title='bbox 1396 2335 1472 2370; x_wconf 78' lang='grc' dir='ltr'>ζήτει</span> <span class='ocrx_word' id='word_1_802' title='bbox 1485 2335 1617 2368; x_wconf 86' lang='grc' dir='ltr'>γυναῖκα·</span> <span class='ocrx_word' id='word_1_803' title='bbox 1637 2344 1646 2360; x_wconf 76' lang='grc' dir='ltr'><strong>ι</strong></span> <span class='ocrx_word' id='word_1_804' title='bbox 1668 2334 1714 2361; x_wconf 80' lang='grc' dir='ltr'>καὶ</span> <span class='ocrx_word' id='word_1_805' title='bbox 1723 2334 1774 2360; x_wconf 75' lang='grc' dir='ltr'>ὅσα</span> 
     </span>
    </p>
   </div>
   <div class='ocr_carea' id='block_1_110' title="bbox 987 2379 1774 2417">
    <p class='ocr_par' dir='ltr' id='par_1_110' title="bbox 987 2379 1774 2417">
     <span class='ocr_line' id='line_1_110' title="bbox 987 2379 1774 2417; baseline -0.005 -8"><span class='ocrx_word' id='word_1_806' title='bbox 987 2383 1043 2414; x_wconf 84' lang='grc' dir='ltr'>τοῖς</span> <span class='ocrx_word' id='word_1_807' title='bbox 1060 2381 1245 2417; x_wconf 76' lang='grc' dir='ltr'>γεγαμηκόσιν</span> <span class='ocrx_word' id='word_1_808' title='bbox 1261 2379 1374 2416; x_wconf 79' lang='grc' dir='ltr'>ἁρμόζει</span> <span class='ocrx_word' id='word_1_809' title='bbox 1391 2381 1499 2416; x_wconf 73' lang='grc' dir='ltr'>φρονεῖν</span> <span class='ocrx_word' id='word_1_810' title='bbox 1515 2388 1544 2406; x_wconf 89' lang='grc' dir='ltr'><strong>τε</strong></span> <span class='ocrx_word' id='word_1_811' title='bbox 1560 2380 1607 2406; x_wconf 79' lang='grc' dir='ltr'>καὶ</span> <span class='ocrx_word' id='word_1_812' title='bbox 1623 2379 1698 2415; x_wconf 81' lang='grc' dir='ltr'>δρᾷν.</span> <span class='ocrx_word' id='word_1_813' title='bbox 1711 2379 1774 2411; x_wconf 76' lang='grc' dir='ltr'>Τοῖς</span> 
     </span>
    </p>
   </div>
   <div class='ocr_carea' id='block_1_111' title="bbox 989 2425 1773 2463">
    <p class='ocr_par' dir='ltr' id='par_1_111' title="bbox 989 2425 1773 2463">
     <span class='ocr_line' id='line_1_111' title="bbox 989 2425 1773 2463; baseline -0.005 -8"><span class='ocrx_word' id='word_1_814' title='bbox 989 2436 1021 2462; x_wconf 87' lang='grc' dir='ltr'><strong>γε</strong></span> <span class='ocrx_word' id='word_1_815' title='bbox 1043 2428 1097 2463; x_wconf 85' lang='grc' dir='ltr'>μὴν</span> <span class='ocrx_word' id='word_1_816' title='bbox 1111 2427 1271 2461; x_wconf 82' lang='grc' dir='ltr'>ἀσκητικοῖς</span> <span class='ocrx_word' id='word_1_817' title='bbox 1288 2426 1336 2452; x_wconf 72' lang='grc' dir='ltr'>καὶ</span> <span class='ocrx_word' id='word_1_818' title='bbox 1353 2426 1495 2461; x_wconf 79' lang='grc' dir='ltr'>καρτερεῖν</span> <span class='ocrx_word' id='word_1_819' title='bbox 1517 2425 1662 2460; x_wconf 64' lang='grc' dir='ltr'>ἐγνωκόσι·</span> <span class='ocrx_word' id='word_1_820' title='bbox 1689 2434 1699 2450; x_wconf 82' lang='grc' dir='ltr'><strong>ι</strong></span> <span class='ocrx_word' id='word_1_821' title='bbox 1723 2425 1773 2451; x_wconf 78' lang='grc' dir='ltr'><strong>Νε-</strong></span> 
     </span>
    </p>
   </div>
   <div class='ocr_carea' id='block_1_112' title="bbox 988 2470 1774 2509">
    <p class='ocr_par' dir='ltr' id='par_1_112' title="bbox 988 2470 1774 2509">
     <span class='ocr_line' id='line_1_112' title="bbox 988 2470 1774 2509; baseline -0.006 -9"><span class='ocrx_word' id='word_1_822' title='bbox 988 2472 1114 2509; x_wconf 83' lang='grc' dir='ltr'>κρώσατε</span> <span class='ocrx_word' id='word_1_823' title='bbox 1131 2471 1166 2499; x_wconf 81' lang='grc' dir='ltr'>τὰ</span> <span class='ocrx_word' id='word_1_824' title='bbox 1178 2471 1250 2506; x_wconf 71' lang='grc' dir='ltr'>μέλη</span> <span class='ocrx_word' id='word_1_825' title='bbox 1264 2471 1341 2506; x_wconf 82' lang='grc' dir='ltr'>ὑμῶν</span> <span class='ocrx_word' id='word_1_826' title='bbox 1363 2470 1397 2498; x_wconf 84' lang='grc' dir='ltr'><strong>τὰ</strong></span> <span class='ocrx_word' id='word_1_827' title='bbox 1417 2471 1464 2497; x_wconf 64' lang='grc' dir='ltr'><strong>ἐπὶ</strong></span> <span class='ocrx_word' id='word_1_828' title='bbox 1477 2470 1528 2506; x_wconf 82' lang='grc' dir='ltr'>τῆς</span> <span class='ocrx_word' id='word_1_829' title='bbox 1549 2470 1618 2504; x_wconf 82' lang='grc' dir='ltr'>γῆς.</span> <span class='ocrx_word' id='word_1_830' title='bbox 1636 2470 1774 2506; x_wconf 84' lang='grc' dir='ltr'>πορνείαν,</span> 
     </span>
    </p>
   </div>
   <div class='ocr_carea' id='block_1_113' title="bbox 989 2516 1776 2554">
    <p class='ocr_par' dir='ltr' id='par_1_113' title="bbox 989 2516 1776 2554">
     <span class='ocr_line' id='line_1_113' title="bbox 989 2516 1776 2554; baseline -0.005 -9"><span class='ocrx_word' id='word_1_831' title='bbox 989 2518 1169 2554; x_wconf 75' lang='grc' dir='ltr'>ἀκαθαρσίαν,</span> <span class='ocrx_word' id='word_1_832' title='bbox 1181 2517 1276 2550; x_wconf 82' lang='grc' dir='ltr'>πάθος,</span> <span class='ocrx_word' id='word_1_833' title='bbox 1287 2516 1432 2552; x_wconf 71' lang='grc' dir='ltr'>ἐπιθυμίαν</span> <span class='ocrx_word' id='word_1_834' title='bbox 1443 2517 1540 2552; x_wconf 84' lang='grc' dir='ltr'>κακήν.</span> <span class='ocrx_word' id='word_1_835' title='bbox 1552 2526 1561 2542; x_wconf 80' lang='grc' dir='ltr'><strong>ι</strong></span> <span class='ocrx_word' id='word_1_836' title='bbox 1576 2516 1630 2543; x_wconf 74' lang='grc' dir='ltr'><strong>Καὶ</strong></span> <span class='ocrx_word' id='word_1_837' title='bbox 1640 2516 1680 2548; x_wconf 80' lang='grc' dir='ltr'>τὸ,</span> <span class='ocrx_word' id='word_1_838' title='bbox 1695 2525 1704 2541; x_wconf 81' lang='grc' dir='ltr'><strong>ι</strong></span> <span class='ocrx_word' id='word_1_839' title='bbox 1719 2517 1776 2542; x_wconf 61' lang='lat' dir='ltr'><strong>UL:</strong></span> 
     </span>
    </p>
   </div>
   <div class='ocr_carea' id='block_1_114' title="bbox 989 2561 1777 2599">
    <p class='ocr_par' dir='ltr' id='par_1_114' title="bbox 989 2561 1777 2599">
     <span class='ocr_line' id='line_1_114' title="bbox 989 2561 1777 2599; baseline -0.006 -7"><span class='ocrx_word' id='word_1_840' title='bbox 989 2564 1052 2597; x_wconf 77' lang='grc' dir='ltr'>ἀξια</span> <span class='ocrx_word' id='word_1_841' title='bbox 1063 2563 1097 2591; x_wconf 85' lang='grc' dir='ltr'><strong>τὰ</strong></span> <span class='ocrx_word' id='word_1_842' title='bbox 1113 2562 1263 2599; x_wconf 83' lang='grc' dir='ltr'>παθήματα</span> <span class='ocrx_word' id='word_1_843' title='bbox 1276 2563 1323 2590; x_wconf 77' lang='grc' dir='ltr'>τοῦ</span> <span class='ocrx_word' id='word_1_844' title='bbox 1336 2563 1384 2589; x_wconf 83' lang='grc' dir='ltr'>νῦν</span> <span class='ocrx_word' id='word_1_845' title='bbox 1401 2562 1497 2597; x_wconf 83' lang='grc' dir='ltr'>καιροῦ</span> <span class='ocrx_word' id='word_1_846' title='bbox 1514 2562 1580 2597; x_wconf 78' lang='grc' dir='ltr'>πρὸς</span> <span class='ocrx_word' id='word_1_847' title='bbox 1599 2561 1649 2597; x_wconf 83' lang='grc' dir='ltr'>τὴν</span> <span class='ocrx_word' id='word_1_848' title='bbox 1665 2561 1777 2597; x_wconf 81' lang='grc' dir='ltr'>μέλλου-</span> 
     </span>
    </p>
   </div>
   <div class='ocr_carea' id='block_1_115' title="bbox 990 2607 1775 2643">
    <p class='ocr_par' dir='ltr' id='par_1_115' title="bbox 990 2607 1775 2643">
     <span class='ocr_line' id='line_1_115' title="bbox 990 2607 1775 2643; baseline -0.005 -6"><span class='ocrx_word' id='word_1_849' title='bbox 990 2618 1039 2637; x_wconf 86' lang='grc' dir='ltr'><strong>σαν</strong></span> <span class='ocrx_word' id='word_1_850' title='bbox 1058 2609 1137 2642; x_wconf 80' lang='grc' dir='ltr'>δόξαν</span> <span class='ocrx_word' id='word_1_851' title='bbox 1159 2608 1384 2643; x_wconf 74' lang='grc' dir='ltr'>ἀποκαλυφθῆναι</span> <span class='ocrx_word' id='word_1_852' title='bbox 1403 2608 1444 2638; x_wconf 81' lang='grc' dir='ltr'><strong>είς</strong></span> <span class='ocrx_word' id='word_1_853' title='bbox 1465 2607 1548 2643; x_wconf 77' lang='grc' dir='ltr'>ἡμᾶς.</span> <span class='ocrx_word' id='word_1_854' title='bbox 1568 2617 1577 2633; x_wconf 76' lang='grc' dir='ltr'><strong>ι</strong></span> <span class='ocrx_word' id='word_1_855' title='bbox 1596 2607 1658 2639; x_wconf 86' lang='grc' dir='ltr'>Τοῖς</span> <span class='ocrx_word' id='word_1_856' title='bbox 1681 2607 1710 2634; x_wconf 79' lang='grc' dir='ltr'><strong>δὲ</strong></span> <span class='ocrx_word' id='word_1_857' title='bbox 1729 2615 1775 2633; x_wconf 85' lang='grc' dir='ltr'>κε-</span> 
     </span>
    </p>
   </div>
   <div class='ocr_carea' id='block_1_116' title="bbox 989 2652 1777 2690">
    <p class='ocr_par' dir='ltr' id='par_1_116' title="bbox 989 2652 1777 2690">
     <span class='ocr_line' id='line_1_116' title="bbox 989 2652 1777 2690; baseline -0.004 -8"><span class='ocrx_word' id='word_1_858' title='bbox 989 2655 1135 2690; x_wconf 82' lang='grc' dir='ltr'>κλημένοις</span> <span class='ocrx_word' id='word_1_859' title='bbox 1149 2655 1189 2686; x_wconf 86' lang='grc' dir='ltr'><strong>είς</strong></span> <span class='ocrx_word' id='word_1_860' title='bbox 1204 2653 1363 2689; x_wconf 73' lang='grc' dir='ltr'>ἱερωσύνην·</span> <span class='ocrx_word' id='word_1_861' title='bbox 1385 2663 1394 2679; x_wconf 83' lang='grc' dir='ltr'><strong>ι</strong></span> <span class='ocrx_word' id='word_1_862' title='bbox 1414 2653 1500 2689; x_wconf 86' lang='grc' dir='ltr'>Χείλη</span> <span class='ocrx_word' id='word_1_863' title='bbox 1520 2653 1614 2688; x_wconf 73' lang='grc' dir='ltr'>ἱερέως</span> <span class='ocrx_word' id='word_1_864' title='bbox 1630 2652 1777 2687; x_wconf 79' lang='grc' dir='ltr'>φυλάξεται</span> 
     </span>
    </p>
   </div>
   <div class='ocr_carea' id='block_1_117' title="bbox 988 2698 1778 2735">
    <p class='ocr_par' dir='ltr' id='par_1_117' title="bbox 988 2698 1778 2735">
     <span class='ocr_line' id='line_1_117' title="bbox 988 2698 1778 2735; baseline -0.004 -8"><span class='ocrx_word' id='word_1_865' title='bbox 988 2700 1108 2735; x_wconf 85' lang='grc' dir='ltr'>γνῶσιν,</span> <span class='ocrx_word' id='word_1_866' title='bbox 1129 2700 1176 2726; x_wconf 75' lang='grc' dir='ltr'>καὶ</span> <span class='ocrx_word' id='word_1_867' title='bbox 1198 2699 1279 2734; x_wconf 82' lang='grc' dir='ltr'>νόμον</span> <span class='ocrx_word' id='word_1_868' title='bbox 1301 2699 1498 2734; x_wconf 78' lang='grc' dir='ltr'>ὲκζητὴσουσιν</span> <span class='ocrx_word' id='word_1_869' title='bbox 1522 2699 1554 2725; x_wconf 78' lang='grc' dir='ltr'>ἐκ</span> <span class='ocrx_word' id='word_1_870' title='bbox 1574 2698 1706 2733; x_wconf 86' lang='grc' dir='ltr'>στόματος</span> <span class='ocrx_word' id='word_1_871' title='bbox 1727 2698 1778 2724; x_wconf 80' lang='grc' dir='ltr'><strong>αὑ-</strong></span> 
     </span>
    </p>
   </div>
   <div class='ocr_carea' id='block_1_118' title="bbox 988 2742 1778 2780">
    <p class='ocr_par' dir='ltr' id='par_1_118' title="bbox 988 2742 1778 2780">
     <span class='ocr_line' id='line_1_118' title="bbox 988 2742 1778 2780; baseline -0.001 -9"><span class='ocrx_word' id='word_1_872' title='bbox 988 2745 1046 2776; x_wconf 82' lang='grc' dir='ltr'>τοῦ,</span> <span class='ocrx_word' id='word_1_873' title='bbox 1065 2754 1074 2770; x_wconf 75' lang='grc' dir='ltr'><strong>ι</strong></span> <span class='ocrx_word' id='word_1_874' title='bbox 1091 2744 1138 2771; x_wconf 72' lang='grc' dir='ltr'><strong>καὶ</strong></span> <span class='ocrx_word' id='word_1_875' title='bbox 1156 2744 1205 2771; x_wconf 83' lang='grc' dir='ltr'>ὅσα</span> <span class='ocrx_word' id='word_1_876' title='bbox 1227 2744 1352 2779; x_wconf 82' lang='grc' dir='ltr'>Τιμοθέῳ</span> <span class='ocrx_word' id='word_1_877' title='bbox 1366 2744 1510 2780; x_wconf 82' lang='grc' dir='ltr'>παρεγγυᾷ</span> <span class='ocrx_word' id='word_1_878' title='bbox 1524 2743 1639 2779; x_wconf 75' lang='grc' dir='ltr'>γράφων</span> <span class='ocrx_word' id='word_1_879' title='bbox 1657 2743 1672 2770; x_wconf 78' lang='grc' dir='ltr'><strong>ὁ</strong></span> <span class='ocrx_word' id='word_1_880' title='bbox 1688 2742 1778 2778; x_wconf 84' lang='grc' dir='ltr'>σοφώ-</span> 
     </span>
    </p>
   </div>
   <div class='ocr_carea' id='block_1_119' title="bbox 851 2809 1776 2844">
    <p class='ocr_par' dir='ltr' id='par_1_119' title="bbox 851 2809 1776 2844">
     <span class='ocr_line' id='line_1_119' title="bbox 851 2809 1776 2844; baseline -0.002 -5"><span class='ocrx_word' id='word_1_881' title='bbox 851 2810 874 2827; x_wconf 80' lang='lat'><strong>&quot;</strong></span> <span class='ocrx_word' id='word_1_882' title='bbox 886 2810 981 2839; x_wconf 80' lang='lat' dir='ltr'><strong>Matth.</strong></span> <span class='ocrx_word' id='word_1_883' title='bbox 995 2818 1052 2844; x_wconf 76' lang='lat' dir='ltr'><strong>xm,</strong></span> <span class='ocrx_word' id='word_1_884' title='bbox 1065 2809 1108 2838; x_wconf 73' lang='lat'><strong>23.</strong></span> <span class='ocrx_word' id='word_1_885' title='bbox 1149 2809 1171 2826; x_wconf 80' lang='grc'>⁸⁸</span> <span class='ocrx_word' id='word_1_886' title='bbox 1183 2809 1193 2837; x_wconf 93' lang='lat' dir='ltr'><strong>l</strong></span> <span class='ocrx_word' id='word_1_887' title='bbox 1205 2809 1269 2837; x_wconf 85' lang='lat' dir='ltr'><strong>Cor.</strong></span> <span class='ocrx_word' id='word_1_888' title='bbox 1282 2818 1330 2843; x_wconf 90' lang='lat' dir='ltr'><strong>vu,</strong></span> <span class='ocrx_word' id='word_1_889' title='bbox 1342 2809 1386 2837; x_wconf 72' lang='lat'><strong>27.</strong></span> <span class='ocrx_word' id='word_1_890' title='bbox 1435 2810 1457 2826; x_wconf 86' lang='lat'>&quot;</span> <span class='ocrx_word' id='word_1_891' title='bbox 1469 2809 1573 2837; x_wconf 83' lang='lat' dir='ltr'><strong>Coloss.</strong></span> <span class='ocrx_word' id='word_1_892' title='bbox 1597 2817 1636 2843; x_wconf 86' lang='lat' dir='ltr'><strong>lli,</strong></span> <span class='ocrx_word' id='word_1_893' title='bbox 1649 2810 1679 2844; x_wconf 89' lang='lat'><strong>5;</strong></span> <span class='ocrx_word' id='word_1_894' title='bbox 1695 2809 1776 2838; x_wconf 80' lang='lat' dir='ltr'><strong>Rom.</strong></span> 
     </span>
    </p>
   </div>
  </div>
