1934 3042
156 206 213 235 Et

516 209 575 236 -ΒΕ
592 209 812 237 ΑῡΟΡΛΤῐΟΝΕ
832 210 864 236 IN
886 208 959 236 SN“

1026 206 1083 235 ΕΤ
1106 203 1291 233 ιτειιιπιτετ
1312 201 1374 229 LIB.
1395 199 1428 227 ν.

1733 194 1795 223 ως

157 272 239 295 ure;
261 264 376 296 Παῦλος.
395 262 467 300 Ἆρά
483 273 528 300 μοι
551 265 597 292 τοῦ
614 265 763 301 πρέποντος
780 265 890 301 ἐξέρπει
912 264 947 291 τὰ
962 291 963 295 η

1019 262 1117 294 ierint,
1142 270 1151 293 ι
1175 260 1259 287 Labia
1280 255 1432 286 sacerdotis
1454 252 1609 282 custodierit
1632 250 1784 282 scientiam,

156 309 336 381 ἓιτὲγημειταί
347 311 394 338 καὶ
418 311 586 347 ἀποφέρεται
605 321 649 340 ποι
674 312 742 348 πρὸς
762 311 793 339 τὸ
816 312 866 338 οὐκ
889 311 949 346 ἔχον

178 365 190 380 '1
211 364 269 381 (νεὶ

175 364 248 390 ymo;
261 364 269 388 ;

1002 313 1031 337 et
1041 309 1128 343 legem
1143 306 1290 342 exquirent
1309 304 1342 332 de
1361 311 1410 330 ore
1430 302 1490 338 ejus
1500 302 1538 334 ";
1553 309 1561 326 I
1575 303 1604 326 ct
1617 304 1784 333 quaecunque

1002 355 1037 383 ad
1062 342 1238 382 'I‘imotheum
1265 351 1389 378 scribens
1409 349 1487 385 jubet
1508 347 1551 373 vir
1572 342 1788 380 sapientissimus

159 402 272 430 Paulus.
291 403 361 431 Num
387 403 469 439 igitur
492 405 545 437 hac,
568 414 637 440 quas
674 414 689 433 e
714 404 863 440 Scripturis
887 403 965 432 attuli
999 403 1184 434 narrationes,
1204 401 1239 428 ab
1272 407 1306 427 eo
1331 396 1405 434 quod
1430 396 1527 424 deceat
1543 394 1680 425 aberrant,
1703 395 1731 419 et
1754 397 1789 417 eo

158 449 362 483 detorquentur
379 449 452 484 quod
469 450 581 479 minime
596 454 701 478 rectum
717 450 770 478 sit?

165 524 168 529 ,
195 498 301 525 lIAAA.
317 497 437 525 Ἥκιστά.
451 507 493 533 γε.

197 542 278 569 ΚΥΡ.
313 543 453 579 Ἐπιτήρει
483 544 512 571 δὲ
544 544 586 571 ὅτι
618 544 710 580 μόνοις
738 543 870 578 ἀπονέμει
895 543 952 573 τοῖς

160 587 286 622 ἱερᾶσθαι
316 587 444 623 λαχοῦσι,
470 589 502 615 τὸ
529 588 680 624 κεχρῆσθαι
704 589 765 620 ταῖς
790 586 951 622 σάλπιγξινν

159 632 310 665 ἀνατιθεὶς,
324 631 402 669 οἶμαι
420 641 483 666 που,
499 635 556 666 τοῖς
568 633 622 660 τῶν
642 634 715 661 λαῶν
731 633 889 664 παιδευταῖς
905 632 953 659 καὶ

159 678 339 714 ἡγιασμένοις
350 681 389 711 εις
408 680 568 715 ἱερωσύνην,
581 680 627 706 τὸν
644 679 888 716 μυπαγανγοῦντα,
904 679 952 706 καὶ

164 725 217 775 μην
238 725 286 775 καὶἒ
307 725 454 775 εἰς-ἑφεσιν
473 726 575 762 ἀρετῆς
590 726 773 761 ἑπαλείφοντα
790 726 879 760 λόγον.
903 725 953 752 Διὰ

143 799 149 813 ἲ
163 770 241 797 τοῦτο
256 771 320 807 γὰρ,
334 769 422 806 οἶμαι,
438 772 505 808 πρὸς
522 773 572 807 μὲν
587 772 688 799 Μωσέα
703 772 784 807 φησε-
805 781 814 797 ι
836 771 953 806 Ποίησον

145 849 149 854 _
163 815 270 851 σεαυτῷ
284 816 508 852 δύο-σάλπιγγας.
527 826 536 843 ι
551 817 635 854 Νόμῳ
687 817 781 853 ὥσπερ
795 825 955 852 κατασφρα-

162 861 251 894 γίζων
261 862 293 888 τὸ
306 863 413 898 χρῆμα·
430 872 440 888 r
458 863 513 889 Καὶ
524 863 548 889 οἱ
563 863 615 890 υἱοὶ
637 863 751 899 Ἀαρὼν,
769 873 778 889 ι
798 864 890 899 φησὶν,
903 873 912 889 ι
929 864 957 889 οἱ

1040 494 1138 522 PALL.
1160 491 1270 519 Minime
1283 494 1359 516 vero.

1039 540 1117 568 CYR.
1137 537 1207 565 Illud
1220 539 1311 563 autem
1331 532 1532 561 animadvertas
1547 528 1639 559 velim,
1655 526 1739 553 Deum
1756 524 1789 551 iis

1004 587 1137 615 duntaxat
1165 583 1212 619 qui
1246 581 1402 610 sacerdotes
1425 577 1506 606 electi
1529 578 1637 606 essent,
1661 572 1789 600 tubarum

1005 641 1085 661 usum
1103 618 1239 662 tribuere;
1261 627 1334 663 quod
1355 624 1448 661 populi
1467 623 1570 651 scilicet
1587 618 1747 648 doctoribus
1762 620 1790 643 et

1006 676 1195 707 sacerdotibus
1216 672 1382 703 consecratis
1397 669 1526 705 assignet,
1544 672 1576 694 ut
1596 666 1703 701 opinor,
1719 671 1789 698 pra:-

1004 723 1180 753 dicationcm,
1194 727 1255 755 qua:
1274 719 1308 746 de
1332 715 1468 752 mysteriis
1484 713 1591 743 doceat,
1605 715 1634 738 et
1650 709 1683 736 ad
1701 708 1789 734 virtu-

1004 774 1059 797 tem
1078 766 1256 802 expetendam
1279 762 1413 791 instituat.
1434 761 1528 794 Itaque
1545 757 1580 785 ob
1594 763 1654 783 eam
1669 761 1790 785 causam,

1003 819 1034 842 ut
1047 823 1096 849 ego
1112 801 1249 844 existimo,
1274 810 1342 838 dicit
1361 807 1446 843 Moysi
1464 815 1470 832 :
1490 815 1498 831 ι
1515 805 1568 832 Fac
1587 802 1636 830 tibi
1655 801 1724 828 duas
1745 803 1790 827 tu-

1004 859 1053 886 bas
1064 843 1101 884 1'.
1119 867 1128 883 ι
1152 857 1274 891 Eamque
1296 861 1353 881 rem
1366 850 1451 878 veluti
1466 850 1525 884 lege
1539 846 1714 877 confirmans,
1730 854 1739 870 ι
1757 843 1792 871 Et

164 906 265 941 ἱερεῖς,
284 888 427 933 «iis:on
441 908 500 939 ταῖς
514 888 894 944 canisve;

1019 902 1063 934 ilii,
1071 912 1080 927 ι
1098 900 1197 936 inquit,
1214 888 1322 927 (Aaron
1333 895 1490 925 sacerdotes
1498 895 1597 921 canent
1606 891 1693 923 tubis;
1704 894 1732 917 et
1738 888 1793 916 erit

164 960 257 987 mox).
267 952 376 981 αἰώνιον
390 954 429 984 εις
442 953 491 985 τάς
505 954 601 987 γενεὰς
614 954 700 988 ὑμῶν.
721 964 731 980 ι

201 1044 306 1073 ΠΑΛΔ.
329 1044 434 1071 Οὐκοῦν
451 1043 507 1070 τῶν
523 1043 667 1079 σημασιῶν
682 1043 747 1075 τοὺς
761 1043 894 1079 τρόπους,
915 1043 955 1074 εις

163 1091 212 1119 τὸν
226 1091 335 1125 ἑκάστῳ
350 1090 404 1117 τῶν
420 1089 554 1116 εἰωθότων
574 1090 728 1124 εὐδοκιμεῖν
743 1089 850 1116 ἐοικότα
866 1089 955 1122 λόγον,

165 1136 388 1171 παραδεξόμεθα.
413 1135 626 1171 Συναπαροῠμεν
649 1136 678 1162 δὲ
698 1135 769 1161 οὕτω
785 1135 832 1161 καὶ
853 1142 956 1168 συγκα-

166 1183 321 1218 ταλύσομεν
350 1182 384 1218 τῇ
415 1181 531 1217 νεφέλῃ,
563 1181 702 1213 τουτέστι,
735 1180 958 1216 συμϐαδιούμεθα

167 1228 282 1263 νοητῶς,
301 1227 347 1254 καὶ
362 1226 626 1262 συναναπαυσάμεθα
641 1225 681 1262 τῷ
695 1225 816 1262 Χριστῷ.

205 1360 289 1386 ΚΥΡ.
306 1357 342 1386 Εὖ
361 1358 459 1393 λέγεις.
480 1359 563 1386 Τουτὶ
581 1359 635 1395 γὰρ
650 1359 724 1394 ἡμᾶς
739 1357 880 1384 ἀναπείσει
892 1365 962 1393 ppo-

170 1406 238 1435 νεῖν,
252 1405 298 1432 καὶ
306 1405 445 1441 προφήτου
453 1404 531 1438 λόγος
541 1403 610 1439 ἔχων
623 1403 681 1430 ὼδι·
693 1413 702 1429 α
711 1403 765 1430 Καὶ
773 1402 964 1437 νῦν,Ίσραὴλ,

170 1451 198 1478 τί
215 1451 315 1486 Κύριος
328 1453 341 1478 ό
353 1451 418 1482 Θεὸς
432 1451 555 1485 ἐπιζητεῖ
570 1450 645 1486 παρὰ
658 1449 716 1480 σοῦ,
727 1449 784 1475 ἀλλ’
800 1449 816 1484 ἢ
831 1448 861 1474 τὸ
874 1449 960 1475 ποιεῖν

172 1498 270 1532 κρῖμα,
286 1496 332 1522 καὶ
348 1496 459 1531 ἀγαπᾷν
474 1496 565 1527 ἕλεος,
582 1496 629 1522 καὶ
643 1495 752 1530 ἕτοιμον
766 1491 898 1522 siut/toﬁ
912 1501 962 1520 πο-

172 1541 300 1578 ρεύεσθαι
315 1539 384 1577 μετά
399 1542 500 1577 Κυρίου
513 1541 582 1568 θεοῦ
598 1550 644 1568 σου
657 1549 664 1573 ;
684 1550 698 1566 ι-

210 1637 315 1663 ΠΛΔΛ.
341 1636 408 1662 Ἀλλ’
422 1636 463 1662 ὅτι
477 1635 527 1669 μὲν
539 1634 635 1670 χρῆμα
656 1633 749 1665 καλὸν,
766 1635 813 1660 καὶ
833 1632 879 1660 τοῦ
895 1641 963 1659 παν-

174 1682 220 1714 τὸς
243 1682 326 1714 ἀξιον,
343 1682 390 1708 καὶ
404 1681 453 1716 τὴν
468 1681 511 1707 ἐπ’
526 1680 636 1716 ἀνδρείᾳ
655 1679 734 1711 δόξαν
749 1678 962 1710 καταπλουτοῦν,

173 1728 205 1755 τὺ
220 1728 383 1763 πορεύεσθαι
401 1727 470 1763 μετά
492 1726 594 1762 Κυρίου
617 1725 685 1752 Θεοῦ
707 1734 765 1755 σου.
786 1725 845 1757 πῶς
865 1725 915 1751 οὑκ
931 1724 964 1751 ἂν

175 1773 281 1807 γένοιτο
297 1772 397 1808 σαφέςς
411 1773 443 1799 Τί
458 1773 479 1800 δ’
493 1772 527 1799 ἂν
547 1772 589 1808 εἴη
605 1771 686 1799 πάλιν
702 1771 745 1803 τὸ,
757 1770 865 1806 ἕτοιμον
883 1767 964 1803 εἶναι,

177 1819 295 1854 φράσαις
309 1819 341 1845 ἂν
356 1818 473 1845 ἐθέλοντι
487 1826 542 1853 μοι.

213 1865 294 1893 ΚΥΡ.
317 1865 378 1896 Πῶς
398 1865 453 1900 γὰρ
469 1863 499 1890 οὗ
510 1873 518 1896 ;
531 1863 578 1890 τοῦ
592 1862 647 1898 γὰρ
663 1863 771 1898 φρονεῖν
786 1870 816 1889 τε
833 1861 881 1890 κσὶι
900 1861 966 1897 δρᾷν

178 1911 334 1945 δπείτεσθαι
349 1911 473 1943 τά,Θεοῦ,
489 1910 564 1946 παρά
577 1911 658 1942 πόδας
678 1910 743 1946 ἡμῖν
757 1909 901 1945 κειμένου.
920 1908 968 1935 καὶ

177 1957 357 1992 ἀπείργοντος
367 1957 484 1989 οὐδενὸς,
496 1956 558 1983 οὔτε
574 1956 627 1992 μὴν
638 1955 811 1987 ἀνθέλκοντος
825 1956 864 1987 εἰς
879 1954 969 1981 ἀδόκι-

180 2009 236 2036 μον
247 1999 319 2032 νοῦν,
335 2000 424 2032 τοῦτο,
437 1999 524 2036 οἶμαι,
539 2000 596 2027 ἐστι
613 2001 641 2028 τὺ
658 2000 764 2036 ἕτοιμον
775 1997 845 2026 εἶναι
860 1999 907 2026 τοῦ
921 2008 968 2026 πον

180 2045 309 2081 ρεύεσθαι
329 2044 398 2080 μετὰ
415 2044 493 2072 Θεοῦ.

218 2135 322 2162 ΠΑΛΛ.
349 2134 430 2166 Τίνας
445 2134 472 2161 δὲ
488 2134 556 2166 ὃλως
575 2131 643 2160 εἶναι
662 2141 753 2168 φαμεν
772 2133 835 2164 τοὺς
858 2132 970 2159 ἀκολου-

181 2180 242 2207 θεῖν,
250 2179 289 2214 τῷ
301 2179 361 2215 Θεῷ
373 2179 523 2212 ἐθέλοντας,
540 2179 578 2215 μὴ
594 2179 646 2215 μὴν
659 2178 699 2205 ἔτι
711 2179 758 2206 καὶ
773 2178 802 2212 ὲξ
813 2178 877 2213 ὅλης
891 2178 971 2205 τοῦτο

180 2227 248 2262 δρᾷν
263 2226 405 2261 ἑλομένους
417 2225 516 2260 ψυχῆς,
531 2225 694 2257 ὀκλάζοντας
705 2225 734 2251 δὲ
749 2224 817 2259 πρὸς
830 2224 860 2250 τὺ
873 2223 970 2251 ἄναλκι

182 2273 231 2298 καὶ
245 2270 478 2306 παραιτουμένους
495 2268 532 2306 (Ι)
543 2270 574 2296 τὸ
591 2269 740 2305 καρτερόν;
932 2266 938 2269 ’

220 2317 302 2344 ΚΥΡ.
318 2316 398 2348 Τοὺς,
412 2316 440 2342 οἴ
449 2324 481 2350 γε
495 2315 601 2350 βραδεῖς
612 2315 642 2342 τέ
651 2317 715 2348 εισι,
730 2316 777 2343 καὶ
792 2315 867 2351 μόλις
885 2315 971 2347 ἱέντας

123 2384 127 2386 Ἴ
185 2363 235 2398 μὲν
247 2362 293 2389 ἐπὶ
304 2362 335 2388 τὸ
350 2363 457 2398 φρονεῖν
472 2361 573 2388 ἐθέλειν
586 2361 619 2388 τὰ
634 2362 676 2396 ἐφ’
688 2359 727 2393 οἷς
742 2362 774 2388 ἂν
789 2362 880 2397 ἥδοιτο
895 2361 970 2394 Θεὸς,

184 2409 215 2435 οὐ
232 2407 284 2444 μὴν
304 2407 344 2434 ἔτι
358 2408 404 2434 καὶ
415 2406 609 2443 ἀντεχομένους
624 2407 762 2443 ὁλοκλήρῳ
777 2407 882 2444 διανοίᾳ
896 2406 972 2434 πολι-

185 2456 260 2487 τείας
275 2453 459 2491 ἀγιοπρεποῦς
469 2475 475 2486 ,
488 2453 514 2480 οἳ
529 2455 625 2489 μοῖραν
639 2453 689 2488 μὲν
702 2453 796 2489 ὥσπερ
816 2453 910 2489 ὀλίγην
924 2453 973 2488 τῆς

186 2501 299 2535 ἐνούσης
314 2501 405 2531 αὐτοῖς
415 2499 532 2535 σπουδῆς
541 2508 571 2525 τε
584 2498 793 2534 καὶπροουμίας
807 2499 971 2533 ἀπονέμουσι

185 2549 220 2583 τῇ
239 2547 279 2578 εἰς
292 2546 358 2573 Θεὸν
378 2546 482 2582 ἀγάπῃ,
498 2545 528 2571 τὺ
541 2545 569 2571 δέ
585 2553 616 2579 γε
627 2543 717 2571 λοιπὸν
729 2545 801 2570 ἃπαν
814 2543 973 2570 ἀσωτότατά

186 2602 217 2619 τε
233 2593 280 2619 καὶ
300 2592 425 2628 προαλῶς
449 2592 570 2627 δαπανᾷν
584 2591 719 2625 ἐγνώκασι
732 2591 786 2622 τοῖς
799 2591 828 2617 ἐν
842 2590 909 2625 τῷδε
924 2590 973 2625 βίῳ

187 2639 409 2673 περισπασμοϊς,
437 2638 483 2663 καὶ
509 2637 648 2672 ἀνονήτοις
675 2634 768 2671 ἱδρῶσι
796 2635 842 2661 καὶ
866 2636 974 2670 πικροῖς

188 2683 401 2718 φροντισμασιν,
417 2680 454 2708 ὧν
469 2683 508 2713 εἱς
526 2681 610 2708 τύπον
623 2681 656 2708 ἂν
671 2678 725 2708 εἷεν
746 2681 770 2707 οἰ
788 2681 820 2707 ὲκ
846 2679 975 2714 Ῥουδείμ

188 2735 218 2753 τε
231 2727 279 2753 καὶ
292 2727 360 2754 Γάδ”
377 2726 531 2762 γέγραπται
543 2726 598 2761 γὰρ
611 2725 693 2751 πάλιν
709 2725 737 2750 ὲν
749 2725 805 2754 τοῖς
823 2723 972 2758 ’Λριθμοῖς·

192 2781 203 2797 ι
222 2772 278 2799 Καὶ.
294 2771 400 2807 κτηνῶν
421 2770 523 2806 πλῆθος
543 2768 578 2806 ἦν
599 2771 657 2801 τοῖς
688 2770 755 2801 υἱοῖς
776 2768 903 2803 Ῥουΰεὶμ
927 2767 976 2794 καὶ

228 2849 250 2866 ⁵*
265 2850 379 2877 Malach.
393 2857 422 2880 n,
438 2849 464 2876 7.

232 2906 270 2941 (ί)
291 2906 357 2934 Cod.
379 2905 451 2937 ναι,
471 2904 707 2939 παρωθουμένους,
720 2902 883 2937 repellentes.

504 2849 525 2864 "
540 2847 621 2875 Nunt.
635 2856 661 2879 κ,
673 2846 700 2873 2.

1003 947 1083 975 vobis
1101 935 1255 982 legitimum
1276 942 1475 980 sempiternum
1490 939 1517 966 in
1537 935 1727 974 generationes
1744 940 1791 961 ve-

1004 998 1076 1021 stras
1090 992 1122 1019 “.
1139 1001 1148 1018 ι

1039 1038 1138 1067 PALL.
1159 1037 1244 1073 Igitur
1268 1035 1410 1070 signorum
1432 1031 1539 1063 modos,
1554 1035 1708 1058 sermonem
1730 1025 1793 1054 uni-

1005 1084 1104 1119 cuique
1126 1082 1209 1111 statui
1229 1082 1299 1109 bene
1318 1088 1351 1108 ac
1366 1077 1540 1107 laudabiliter
1555 1074 1716 1105 viventium,
1730 1075 1794 1107 apte

1005 1136 1033 1158 et
1052 1129 1256 1158 accommodate
1278 1126 1431 1154 exhibitum
1456 1123 1634 1158 accipiemus.
1652 1120 1691 1146 Ita
1712 1116 1794 1145 simul

1006 1183 1115 1211 quoque
1141 1182 1205 1202 cum
1232 1173 1305 1201 nube
1333 1169 1576 1207 promovebimus,
1598 1165 1735 1200 simulque
1759 1162 1794 1190 ab

1007 1221 1104 1249 itinere
1133 1218 1322 1249 cessabimus,
1342 1217 1395 1243 hoc
1421 1219 1475 1246 est,
1495 1212 1577 1240 simul
1603 1218 1666 1238 cum
1684 1208 1795 1237 Christo

1007 1264 1185 1303 spiritualiter
1202 1262 1414 1294 ainhnlabimus,
1429 1259 1565 1294 simulque
1580 1256 1794 1292 requiescemus.

1043 1357 1122 1386 (ΝΒ.
1143 1355 1226 1383 Recte
1245 1354 1295 1381 ais.
1318 1352 1364 1380 Sic
1384 1356 1503 1385 namque
1527 1347 1631 1376 sentire
1650 1345 1797 1381 persuadet

1008 1401 1151 1439 prophetat
1161 1407 1270 1436 quoque
1279 1398 1394 1428 dictum,
1405 1394 1479 1431 quod
1490 1393 1530 1422 sic
1541 1393 1625 1420 habet
1634 1401 1658 1425 τι
1668 1392 1702 1418 ΕΙ.
1712 1398 1796 1421 nunc,

1010 1435 1104 1480 Israel,
1122 1435 1189 1482 quid
1210 1444 1343 1473 Dominus
1366 1443 1439 1469 Deus
1457 1439 1578 1474 exquirit
1593 1445 1609 1465 a
1627 1441 1662 1468 te.
1679 1436 1732 1463 nisi
1756 1435 1796 1462 fa-

1010 1501 1073 1521 cere
1086 1481 1230 1527 judicium,
1244 1492 1273 1516 et
1288 1487 1402 1522 diligere
1420 1481 1648 1512 misericordiam,
1660 1484 1689 1507 et
1704 1487 1797 1515 prom-

1011 1543 1090 1575 ptum
1121 1545 1182 1565 esse
1214 1535 1247 1563 ad
1278 1531 1473 1562 ambulandum
1506 1536 1569 1556 cum
1600 1526 1714 1555 Domino
1743 1525 1799 1552 Deo

974 1579 995 1609 (Σ
1012 1589 1060 1611 tuo
1075 1583 1120 1609 “‘1
1136 1592 1145 1608 ›

1048 1629 1146 1657 PALL.
1169 1626 1250 1661 Atqui
1275 1633 1333 1653 rem
1351 1623 1462 1658 quidem
1485 1628 1545 1648 esse
1568 1618 1711 1647 manifeste
1732 1624 1801 1651 prae-

1013 1675 1114 1702 claram
1140 1681 1172 1701 ac
1193 1660 1304 1707 plurimi
1328 1668 1490 1699 faciendam,
1504 1671 1532 1693 et
1551 1672 1612 1700 quae
1632 1660 1802 1690 fortitudinis

1015 1720 1172 1755 opinionem
1193 1717 1331 1748 conciliet,
1353 1713 1494 1742 ambulare
1517 1719 1578 1739 eum
1600 1708 1713 1737 Domino
1734 1708 1801 1738 Deo,

1015 1753 1078 1800 quis
1091 1764 1186 1800 neget?
1208 1762 1262 1790 Sed
1286 1766 1374 1788 tamen
1396 1759 1463 1787 illud
1483 1764 1578 1785 rursus
1597 1754 1663 1782 mihi
1683 1753 1802 1791 explices

1016 1811 1107 1843 velim,
1123 1809 1252 1845 quidnam
1266 1807 1301 1834 sit
1315 1809 1472 1842 promptum
1486 1810 1558 1830 esse.

1050 1857 1128 1886 ΟΥΕ.
1149 1855 1256 1883 Faciam
1276 1860 1362 1880 vero:
1378 1859 1426 1878 cur
1445 1849 1518 1878 enim
1542 1846 1660 1883 negem?
1680 1844 1707 1872 Si
1729 1843 1802 1871 enim

1017 1903 1045 1937 in
1060 1895 1189 1939 promptu
1210 1900 1246 1927 sit
1265 1897 1345 1926 nobis
1362 1896 1495 1932 positum,
1510 1898 1540 1921 ut
1553 1901 1614 1928 qua:
1629 1890 1680 1919 Dei
1694 1894 1758 1918 sunt
1776 1893 1805 1918 et

1018 1935 1178 1979 sentiamus,
1194 1950 1222 1974 et
1237 1944 1363 1972 celeriter
1376 1942 1516 1972 faciamus,
1532 1939 1655 1973 nihilque
1668 1937 1704 1965 sit
1729 1935 1804 1971 quod

1018 1995 1165 2032 prohibeat
1179 1996 1226 2020 aut
1241 1990 1380 2027 pertrahat
1399 1989 1426 2015 in
1446 1986 1594 2022 reprobum
1615 1991 1737 2013 sensum,
1753 1981 1805 2008 hoc

1020 2040 1086 2068 illud
1109 2043 1160 2071 est.
1184 2045 1243 2065 mea
1267 2035 1378 2071 quidem
1397 2032 1542 2064 sententia,
1565 2032 1723 2066 promptum
1744 2034 1806 2055 esse

1020 2087 1053 2115 ad
1067 2083 1260 2114 ambulandum
1275 2089 1336 2110 cum
1351 2080 1416 2107 Deo.

1055 2129 1154 2159 PALL.
1170 2129 1243 2162 Quos
1253 2134 1319 2154 vero
1332 2124 1444 2153 omnino
1461 2121 1577 2149 dicimus
1590 2127 1637 2147 eos
1661 2118 1709 2154 qui
1720 2117 1806 2145 Deum

1021 2175 1099 2211 sequi
1121 2173 1232 2208 cupiant
1244 2170 1365 2206 quidem,
1382 2176 1436 2195 non
1451 2171 1539 2194 tamen
1555 2164 1581 2192 id
1595 2172 1629 2191 ex
1645 2167 1702 2190 toto
1716 2161 1807 2189 animo

1021 2222 1107 2249 velint
1118 2219 1235 2250 efficere,
1248 2217 1295 2245 sed
1307 2224 1362 2252 prae
1372 2214 1477 2251 ignavia
1490 2211 1679 2242 succumbant,
1690 2213 1719 2236 et
1732 2216 1807 2244 aspe-

1022 2274 1114 2296 rarum
1127 2272 1217 2292 rerum
1232 2262 1405 2290 tolerantiam
1419 2257 1616 2294 deprecentur?

1056 2312 1134 2341 CYR.
1152 2310 1215 2344 Qui,
1231 2316 1293 2336 cum
1317 2306 1451 2334 tardiores
1472 2305 1536 2335 sint,
1551 2307 1580 2330 et
1602 2302 1645 2328 vix
1667 2308 1700 2329 eo
1722 2306 1808 2333 usque

1022 2357 1232 2394 progrediantur
1242 2357 1272 2381 ut
1284 2361 1316 2380 ea
1331 2358 1426 2394 sapere
1437 2350 1521 2377 velint
1541 2355 1602 2382 qua:
1623 2347 1677 2374 Deo
1689 2345 1808 2380 placent,

1026 2392 1105 2437 169
1129 2408 1185 2428 non
1213 2403 1303 2426 tamen
1328 2392 1434 2431 integro
1459 2399 1568 2428 totoque
1595 2392 1686 2419 animo
1709 2393 1809 2417 sancte

1024 2435 1226 2474 conversationi
1255 2443 1455 2471 adhaerescunt,
1472 2439 1518 2474 qui
1544 2437 1587 2465 sui
1618 2435 1704 2464 studii
1728 2439 1810 2469 atque

1026 2491 1174 2520 alacritatis
1183 2489 1307 2524 exiguam
1318 2490 1423 2523 partem
1434 2485 1532 2511 divina!
1540 2482 1665 2510 charitati
1674 2481 1809 2512 tribuunt,

1026 2537 1162 2572 reliquum
1182 2543 1249 2562 vero
1267 2540 1348 2560 omne
1372 2531 1477 2566 perdite
1499 2534 1526 2557 et
1551 2529 1763 2562 intemperanter
1783 2526 1810 2552 in

1026 2570 1109 2618 hujus
1127 2581 1190 2608 vitm
1208 2576 1433 2607 distractionibus
1453 2573 1648 2607 laboribusque
1668 2570 1811 2598 inutilibus

1027 2628 1188 2663 acerbisque
1211 2625 1285 2653 curis
1305 2629 1467 2651 consumere
1489 2622 1642 2648 statuerunt
1666 2626 1673 2643 :
1693 2623 1811 2652 quorum

1029 2660 1153 2710 ﬁguramv
1163 2679 1218 2699 non
1241 2669 1358 2698 absurde
1389 2670 1483 2694 tenent
1502 2665 1549 2692 filii
1570 2663 1665 2691 Ruben
1685 2666 1712 2689 et
1729 2660 1786 2688 Cad
1802 2668 1810 2687 :

1028 2708 1159 2754 scriptum
1174 2721 1217 2745 est
1234 2715 1307 2743 enim
1321 2714 1384 2742 item
1399 2712 1426 2739 in
1442 2709 1569 2739 Numeris
1583 2718 1589 2736 :
1606 2718 1615 2733 ι
1632 2708 1665 2735 Et
1682 2713 1811 2742 pecorum

1028 2750 1175 2793 multitudo
1192 2766 1251 2792 erat
1269 2761 1332 2789 filiis
1348 2759 1446 2788 [iuben
1458 2762 1486 2786 et
1498 2756 1562 2784 ﬁliis
1573 2754 1640 2787 Gud,
1666 2750 1810 2782 munitum-

749 2846 771 2861 "
784 2845 866 2877 lbid.,
887 2844 912 2871 8.
950 2842 974 2859 “
987 2842 1070 2872 Mieh.
1083 2849 1120 2875 νι,
1135 2840 1161 2869 8.
