1934 3042
135 190 188 218 4ῢὸ
195 193 201 199 ’

647 193 676 222 S.
697 193 836 223 CYRILLI
856 193 1094 222 ALEXANDRINI
1114 193 1273 221 ARCHIEP;
1419 213 1430 229 ,

1721 195 1776 223 403

134 250 245 286 copiosa
258 251 346 279 valde.
361 252 393 279 Et
403 252 533 280 viderunt
546 253 683 289 regionem
695 254 785 287 Jazcr,
797 258 825 282 et
838 254 929 290 regio-

980 254 1036 284 τοῖς
1050 253 1117 285 υἱοῖς
1137 253 1190 285 Γὰδ
1201 273 1208 286 ,
1226 253 1328 288 πλῆθος
1348 253 1414 280 πολῦ
1432 253 1545 290 σφόδρα.
1568 254 1623 280 Καὶ
1643 251 1713 281 εἶδον
1727 254 1779 290 τὴν

135 303 198 323 nam
209 297 308 324 Gulaad
320 306 328 331 ;
340 302 367 324 et
378 302 437 325 erat
448 298 534 330 locus,
545 298 621 327 locus
631 299 796 334 pecoribus;
806 304 834 327 et
847 307 925 327 accc-

135 342 232 370 dentes
247 343 294 370 ﬁlii
309 344 406 371 Ruben
424 349 453 372 et
466 345 513 373 ﬁlii
525 345 593 378 Gad,
607 345 737 374 dixerunt
759 347 793 374 ad
803 347 925 383 Moysen.

134 392 162 414 et
182 389 294 416 Eleazar
305 390 487 424 sacerdotem,
502 397 531 420 et
553 393 587 420 ad
610 393 751 429 principes
767 394 924 430 Synagogm,

134 434 258 463 dicentes
273 444 279 462 :
300 436 427 469 Ataroth,
445 443 473 466 et
484 439 590 471 Debon.
608 444 636 467 et
650 440 738 472 Iazer,
754 445 782 468 et
795 441 924 473 Nambra,

133 485 161 508 et
181 480 283 515 Seben,
301 486 330 510 et
357 483 457 516 Eleale,
485 489 513 513 et
532 485 659 520 Sabama,
671 492 699 514 et
713 488 797 521 Nam,
814 493 842 516 et
852 489 924 516 Bcan

135 531 219 559 terra,
234 535 316 562 quam
327 529 403 556 dedit
419 530 552 559 Dominus
571 539 663 560 coram
675 533 740 561 ﬁliis
755 534 848 567 Israel,
863 540 926 570 apta

133 576 175 599 est
186 574 334 607 pecoribus
348 577 508 611 pascendis;
521 582 550 605 et
564 579 651 607 servis
666 580 720 607 tuis
733 586 797 608 sunt
815 589 925 616 pecora.

133 619 167 646 Et
181 619 311 648 dixerunt
324 631 330 648 :
345 622 374 650 Si
388 622 545 652 invenimus
554 626 670 660 gratiam
685 634 778 654 coram
795 632 831 659 te,
845 628 927 655 detur

134 665 192 694 haec
199 669 273 694 terra
283 667 372 695 servis
381 669 437 696 tuis
444 669 473 696 in
483 670 726 704 possessionem,et
736 679 770 699 ne
780 673 928 700 transferas

133 718 184 738 nos
200 715 276 740 trans
293 712 451 741 Iordanem.
479 714 514 742 Et
527 715 597 742 dixit
616 715 721 751 Moyses
741 716 805 744 ﬁliis
825 717 881 745 Gad
899 723 928 745 et

134 755 197 789 ﬁliis
222 756 320 784 Ruben
339 766 346 784 :
363 757 472 785 Fratres
491 759 576 786 vestri
600 759 678 787 ibunt
703 761 737 788 ad
762 761 875 794 bellum,
899 767 928 790 et

133 808 184 828 vos
198 801 331 830 sedebitis
354 803 470 831 hic?'Et
486 812 536 832 cur
554 806 714 840 pervertilis
732 812 839 836 mentes
858 809 928 836 lilio-

134 854 195 874 rum
214 848 307 881 Israel,
324 852 422 877 utnon
446 855 586 879 transeant
603 852 630 879 In
644 856 748 881 terram
769 862 851 889 quam
873 856 926 883 Do-

134 891 226 922 minus
239 895 311 923 Deus
327 894 373 923 dat
390 896 458 931 ipsis
473 897 517 924 "?
533 907 543 924 ι
565 898 679 932 Deinde,
698 901 861 936 exprobrata
874 902 928 930 illis

134 944 279 974 parentum
301 943 490 977 contumacia,
508 947 537 972 et
560 944 595 972 iis
616 948 839 975 commemoratis
867 956 928 984 qua:

132 993 166 1013 ea
175 986 210 1014 de
220 994 301 1015 causa
311 988 378 1023 ipsis
390 995 556 1018 evenerant:
571 1001 579 1017 ι
593 991 693 1019 Mortui
705 1000 823 1028 namque
835 999 925 1026 sunt,»

134 1032 234 1068 inquit,
249 1043 259 1059 ι
273 1033 302 1062 in
315 1033 436 1068 deserto,
459 1045 467 1062 ι
482 1043 544 1064 cum
558 1038 752 1073 promissionis
767 1043 878 1072 terram,
898 1044 929 1067 ut

134 1078 170 1106 ita
191 1078 291 1112 dicam,
314 1087 349 1108 ne
370 1081 543 1116 aspexissent
566 1083 688 1118 quidem.
709 1083 793 1112 Infert
807 1085 926 1112 iterum:

138 1134 146 1149 ι
161 1124 195 1152 Et
215 1132 280 1153 ecce
303 1127 464 1155 surrexistis
487 1136 538 1163 pro
557 1129 684 1164 patribus
697 1131 807 1161 vestris.
821 1132 930 1166 conspi-

134 1171 210 1198 ratio
236 1171 379 1200 hominum
406 1178 604 1208 peccatorum,
634 1175 810 1212 utadjiciatis
838 1177 929 1205 adhuc

133 1215 166 1242 ad
183 1216 252 1244 iram
268 1217 464 1254 indignationis
477 1219 584 1248 Domini
601 1221 735 1249 adversus
754 1223 849 1255 Israel,
864 1224 928 1258 quia

133 1264 297 1292 avertemini
313 1265 348 1292 ab
365 1265 436 1300 ipso,
457 1270 488 1294 ut
509 1267 646 1303 adjiciatis
670 1268 770 1300 adhuc,
796 1274 826 1296 ut
846 1270 927 1297 dere-

133 1307 266 1344 linquatis
287 1309 377 1345 ipsum
394 1311 421 1338 in
438 1311 560 1343 deserto,
577 1316 606 1339 et
622 1314 742 1348 peccetis
767 1314 793 1341 in
816 1315 928 1343 univer-

133 1361 190 1381 sam
216 1356 456 1392 congregationem
481 1357 563 1386 hanc.
584 1359 618 1386 Et
637 1365 814 1388 accesserunt
836 1361 869 1388 ad
888 1362 929 1397 ἱνα

133 1408 194 1427 sum
210 1406 238 1428 et
255 1401 406 1430 dixerunt:
424 1402 524 1432 Caulas
546 1404 638 1432 ovium
660 1405 858 1435 :edilicabimus
876 1415 927 1435 no-

133 1446 177 1474 bis
198 1447 243 1475 hic
262 1448 410 1483 pecoribus
433 1450 546 1482 nostris,
567 1455 595 1478 et
616 1451 700 1480 urbes
726 1452 928 1488 impedimentis

133 1493 246 1526 nostris,
265 1499 295 1522 et
314 1503 369 1523 nos
383 1496 482 1523 armati
505 1497 532 1524 in
553 1497 644 1532 primo
663 1499 758 1527 ordine
775 1504 839 1528 ante
857 1500 928 1528 ﬁlios

134 1538 227 1572 Israel,
241 1547 386 1576 quousque
408 1541 592 1577 perducamus
610 1543 684 1579 ipsos
700 1544 727 1572 in
745 1545 834 1572 locum
852 1546 926 1581 ipso-

134 1592 195 1611 rum
214 1594 220 1612 :
238 1590 267 1613 et
295 1591 378 1614 erunt
408 1587 604 1623 impedimenta
634 1594 727 1617 nostra
755 1591 782 1618 in
811 1591 963 1634 urbibusc

134 1631 250 1658 muratis
273 1636 386 1667 propter
406 1632 578 1660 habitatores
598 1638 694 1667 terrae;
718 1643 809 1670 neque
833 1644 927 1664 rever—

134 1680 225 1703 temur
243 1677 276 1704 ad
289 1677 387 1705 domos
408 1683 526 1711 nostras,
546 1688 689 1715 quousque
706 1680 865 1709 dividantur
880 1683 927 1710 ﬁlii

134 1721 218 1749 Israel
239 1724 429 1760 unusquisque
447 1725 475 1752 in
495 1726 696 1761 possessionem
723 1735 812 1759 suam,
830 1733 857 1756 et
874 1738 928 1757 non

133 1768 253 1802 amplius
271 1770 474 1804 possidebimus
498 1764 572 1799 inter
590 1779 638 1798 eos
655 1779 670 1798 a
688 1775 765 1799 trans
779 1772 928 1801 Iordanem

133 1818 162 1840 ct
183 1814 270 1847 ultra;
297 1815 362 1849 quia
386 1815 543 1851 recepimus
563 1817 752 1851 possessiones
772 1824 881 1846 nostras
902 1819 928 1846 in

134 1859 195 1886 loco
211 1863 287 1888 trans
308 1861 455 1890 Iordanem
476 1862 504 1890 in
527 1863 635 1891 oriente
652 1865 685 1890 ⁸⁸.
702 1873 711 1889 ι
729 1864 860 1901 Intelligis
879 1874 929 1901 pe-

136 1913 231 1933 corum
259 1907 339 1943 170
360 1908 524 1936 alendorum
553 1913 581 1936 et
608 1910 814 1944 posscssionum
841 1918 928 1943 cura,

135 1960 282 1988 amorequc
305 1961 371 1989 erga
395 1951 496 1982 uxores
517 1962 550 1982 ac
577 1956 679 1983 liberos
704 1959 832 1985 delentes
855 1958 930 1993 ejus—

135 1998 209 2025 modi
222 1998 350 2027 homines
362 2000 438 2027 nullo
452 2001 533 2028 modo
543 2009 657 2036 prorsus
671 2003 835 2031 transituros
846 2003 930 2031 fuisse

135 2044 294 2078 Iordanem,
313 2050 394 2081 atque
419 2047 489 2074 adeo
515 2055 550 2074 ne
576 2048 711 2084 attingere
734 2049 846 2084 quidem
872 2058 931 2078 om—

135 2089 202 2118 nino
220 2091 304 2118 ullam
324 2091 389 2119 belli
411 2099 443 2120 ac
462 2100 558 2128 pugna:
573 2097 679 2128 partem
696 2101 823 2128 ausuros,
840 2104 930 2132 neque

135 2144 199 2164 cum
218 2137 280 2164 aliis
301 2137 329 2164 in
350 2139 572 2167 communionem
590 2139 684 2176 gloria:
703 2148 735 2168 ac
756 2145 929 2176 speratorum

135 2182 273 2211 bonorum
296 2183 392 2211 venire
415 2189 574 2218 curaturos;
600 2193 662 2212 cum
684 2187 853 2222 praecipuum
876 2187 931 2215 illis

135 2235 164 2257 et
176 2229 327 2265 optandum
342 2230 370 2258 in
388 2231 486 2266 primis
498 2232 656 2266 videretur,
673 2233 710 2261 ibi
729 2242 882 2267 remanere,
896 2243 930 2263 ne

979 298 1071 334 χώραν
1089 299 1190 335 Ἰαζὴρ,
1201 300 1247 326 καὶ
1257 300 1306 336 τὴν
1318 299 1409 336 χώραν
1421 300 1538 332 Γαλαὰδ,
1550 300 1597 327 καὶ
1606 296 1643 336 ἦν
1655 302 1670 327 ὁ
1682 301 1775 333 τόπος,

979 344 1061 376 τόπος
1072 345 1193 380 κτήνεσι.
1206 345 1261 372 Καὶ
1277 345 1468 381 προσελθόντες
1481 346 1505 372 οἱ
1517 347 1569 372 υἱοὶ
1583 346 1709 382 Ῥουϐεὶμ
1729 347 1777 373 καὶ

979 391 1005 418 οἱ
1017 392 1069 418 υἱοὶ
1083 392 1146 424 Γὰδ,
1157 389 1234 419 εἷπον
1251 392 1319 428 πρὸς
1333 393 1436 428 Μωσῆν
1449 393 1496 419 καὶ
1509 392 1576 428 πρὸς
1591 393 1723 429 Ἐλεάζαρ
1732 394 1780 420 τὸν

980 437 1072 473 ἱερέα,
1089 438 1136 464 καὶ
1153 439 1221 474 πρὸς
1242 439 1305 470 τοὺς
1327 439 1462 474 ἄρχοντας
1485 439 1535 475 τῆς
1547 440 1719 475 Συναγωγῆς
1735 441 1781 468 λὲο

979 492 1084 518 γοντες·
1122 484 1263 520 Ἀταρὼο,
1293 485 1340 511 καὶ
1365 485 1470 511 Δαιϐὼν
1506 487 1553 513 καὶ
1589 485 1699 522 Ἰαζὴρ,
1731 487 1780 513 καὶ

979 530 1098 566 Ναμρὰ,
1115 530 1162 557 καὶ
1188 530 1326 563 Ἑσεϐὼν,
1347 532 1394 558 καὶ
1423 531 1557 567 Ἐλεαλὴ,
1587 533 1634 560 καὶ
1655 533 1778 567 Σεσαμά,

978 575 1026 602 καὶ
1039 576 1147 606 Ναϐαὺ,
1163 576 1209 602 καὶ
1224 576 1308 602 Παιὰν
1325 576 1374 612 τὴν
1385 577 1447 612 γῆν,
1468 577 1500 611 ἢν
1516 577 1660 612 παρέδωκε
1675 577 1780 612 Κύριος

979 621 1095 649 ἐνώπιον
1109 621 1164 648 τῶν
1181 622 1246 649 υἱῶν
1264 622 1371 658 Ἰσραὴλ
1381 644 1388 655 ,
1403 623 1438 658 γῆ
1454 623 1637 658 κτηνοτρόφος
1649 623 1718 660 ἐστὶ,
1731 625 1780 650 καὶ

978 667 1034 698 τοῖς
1047 667 1124 693 παισέ
1141 675 1188 693 σου
1203 667 1290 702 κτήνη
1307 667 1435 703 ὑπάρχει,
1451 668 1506 695 Καὶ
1525 668 1618 702 ἔλεγον
1631 677 1637 684 ’
1653 669 1685 695 Εἰ
1701 669 1780 704 εὖρος

982 719 1032 746 μεν
1054 712 1134 746 χάριν
1159 711 1274 738 ἐνώπιόν
1296 720 1354 744 σου,
1370 712 1474 748 δοθήτω
1491 714 1509 748 ἠ
1528 714 1565 749 γῆ
1586 713 1656 747 αὕτη
1671 714 1727 746 τοῖς
1743 714 1780 740 οὶ-

980 759 1072 788 κέταις
1087 766 1134 784 σου
1155 758 1184 784 ὲν
1203 758 1368 792 κατασχέσει
1379 779 1387 791 ,
1409 759 1456 785 καὶ
1470 759 1507 795 μὴ
1523 759 1684 795 διαδιὸάσῃς
1704 761 1780 795 ἡμᾶς

980 803 1026 830 τὸν
1049 804 1195 840 Ἰορδάνην.
1217 804 1272 830 Καὶ
1294 802 1355 830 εἷπε
1373 805 1476 840 Μωσῆς
1491 805 1549 836 τοῖς
1568 805 1635 837 υἱοῖς
1658 805 1711 833 Γὰδ
1731 806 1780 833 καὶ

979 851 1036 882 τοῖς
1057 851 1126 882 υἱοῖς
1150 849 1296 885 Ῥουὸείμ-
1317 851 1348 876 Οἱ
1366 850 1475 884 ἀδελφοὶ
1497 851 1574 886 ὑμῶν
1596 851 1779 886 πορεύσονται

980 897 1020 928 εἰς
1044 896 1089 923 τὸν
1109 896 1244 931 πόλεμον,
1259 896 1306 922 καὶ
1323 896 1402 931 ὑμεῖς
1425 896 1573 924 καθὶσεσοε
1597 897 1701 931 absoni;
1719 899 1779 925 Καὶ

980 944 1025 970 ἵνα
1047 943 1073 969 τί
1096 942 1274 977 διαστρέφετε
1288 941 1337 973 τὰς
1352 942 1472 974 διανοίας
1489 943 1544 969 τῶν
1567 942 1633 969 υἱῶν
1658 943 1778 978 Ἰσραὴλ»

982 987 1019 1023 μὴ
1041 987 1166 1023 διαὸἧναι
1188 988 1228 1019 εἰς
1244 987 1293 1022 τὴν
1315 988 1368 1023 γῆν
1388 988 1422 1021 ῆν
1444 988 1547 1023 Κύριος
1562 989 1576 1014 ὁ
1590 987 1656 1020 Θεὸς
1671 988 1779 1015 δίδωσιν

981 1034 1088 1067 αὐτοῖς
1105 1043 1114 1060 ι
1132 1031 1198 1060 Εἶτα
1213 1033 1281 1069 πρὸς
1296 1033 1402 1066 τούτοις
1416 1034 1600 1066 κατονειδίσας
1615 1034 1707 1066 αὐτοῖς
1723 1034 1778 1061 τῶν

981 1081 1109 1116 πατέρων
1131 1080 1181 1116 τὴν
1206 1080 1367 1112 ἀπείθειαν,
1392 1081 1438 1107 καὶ
1461 1080 1496 1107 τὰ
1515 1080 1631 1113 ἐκείνοις
1653 1081 1779 1108 ἐντεῦθεν

981 1126 1191 1163 συμϐεϐηκότα·
1213 1136 1223 1152 ι
1242 1127 1459 1162 Τετελευτήκασι
1472 1127 1528 1162 γὰρ
1541 1127 1569 1153 ὲν
1587 1129 1620 1163 τῇ
1638 1128 1746 1163 ἐρήμῳ,
1765 1137 1776 1153 ι

980 1175 1073 1209 φησὶν,
1087 1174 1151 1206 οὐδ’,
1161 1175 1222 1200 ὅσον
1236 1174 1336 1206 εἰπεῖν,
1349 1173 1511 1209 τεθεαμένοι
1529 1173 1610 1209 μόνον
1625 1175 1675 1210 τῆς
1690 1175 1780 1209 ἐπαγ-

979 1220 1072 1254 γελίας
1085 1220 1134 1256 τὴν
1148 1221 1208 1256 γῆν.
1228 1220 1370 1257 Ἐπιςοὲρει
1381 1219 1471 1247 πάλιν·
1487 1229 1496 1246 ι
1513 1221 1571 1255 Καὶν
1581 1221 1636 1247 ἰδοὺ
1647 1220 1780 1256 ἀνέστητε

978 1267 1039 1294 ἀντὶ
1068 1268 1122 1294 τῶν
1147 1267 1274 1303 πατέρων
1301 1267 1396 1302 ὑμῶν,
1426 1266 1592 1302 σύστρεμμα
1623 1266 1780 1302 ἀνθρώπων

979 1313 1162 1348 ἁμαρτωλῶν,
1180 1312 1338 1348 προσθεῖναι
1351 1312 1391 1338 ἔτι
1403 1312 1449 1338 ἐπὶ
1467 1311 1513 1338 τὸν
1529 1311 1613 1347 Θυμὺν
1628 1312 1678 1347 τῆς
1693 1312 1780 1347 ὀργῆς

979 1359 1083 1396 Κυρίου
1099 1359 1146 1386 ἐπὶ
1169 1358 1290 1396 Ἰσραὴλ.
1310 1359 1350 1386 ὅτι
1372 1358 1620 1394 ἁποστραφήσεσθε
1633 1359 1681 1385 ἀπ’
1695 1358 1780 1385 αὑτοῦ

979 1406 1137 1442 προσθεῖναι
1156 1406 1197 1432 ἔτι
1214 1405 1377 1432 καταλιπεῖν
1393 1405 1475 1432 αὑτὸν
1496 1406 1525 1431 ὲν
1542 1406 1573 1440 τῇ
1595 1405 1707 1440 ἐρήμῳ,
1731 1405 1780 1431 καὶ

978 1453 1130 1489 ἀνομήσετε
1142 1453 1182 1484 εἰς
1195 1452 1260 1488 ὅλην
1270 1452 1318 1486 τὴν
1331 1451 1492 1487 συναγωγὴν
1502 1451 1613 1486 ταύτην.
1626 1451 1680 1477 Καὶ
1695 1459 1780 1486 προσ-

978 1497 1061 1533 ἦλθον
1085 1497 1160 1533 αὑτῷ
1186 1497 1234 1524 καὶ
1252 1497 1363 1531 ἔλεγον·
1387 1497 1531 1529 Ἐπαὺλεις
1550 1496 1694 1532 προϐάτων
1706 1497 1780 1522 οἱκο-

977 1543 1133 1578 δομήσομεν
1150 1539 1201 1569 ὦδε
1222 1543 1279 1574 τοῖς
1297 1543 1426 1577 κτήνεσιν
1443 1542 1533 1578 ἡμῶν,
1547 1543 1596 1569 καὶ
1614 1542 1706 1574 πόλεις
1717 1543 1779 1573 ταῖς

979 1589 1147 1620 ἀποσκευαῖς
1163 1588 1241 1624 ήμῶν
1252 1597 1258 1602 ·
1276 1588 1323 1615 καὶ
1343 1589 1424 1624 ἡμεῖς
1439 1588 1650 1623 ὲνοπλισάμενοι
1671 1597 1779 1623 προφω

980 1635 1066 1668 λακὴν
1084 1636 1211 1670 πρότεροι
1227 1635 1282 1661 τῶν
1301 1635 1366 1662 υἱῶν
1389 1635 1496 1671 Ἰσραὴλ
1512 1636 1563 1667 ἓως
1577 1635 1610 1662 ἂν
1629 1635 1780 1670 ἀγάγωμεν

980 1682 1078 1714 αὐτοὺς
1094 1683 1134 1714 εἰς
1148 1681 1193 1709 τὸν
1208 1681 1315 1709 ἑαυτῶν
1329 1682 1411 1709 τόπον
1421 1691 1427 1697 '
1444 1683 1492 1708 καὶ
1506 1682 1665 1717 κατοικήσει
1681 1683 1698 1717 ὴ
1711 1682 1779 1708 ἁπο-

982 1729 1064 1765 σκευὴ
1079 1729 1159 1764 ἡμῶν
1175 1730 1205 1755 ἐν
1226 1730 1286 1760 ταῖς
1300 1729 1394 1755 πόλεσι
1413 1729 1632 1764 τετειχισμέναις
1650 1728 1694 1754 διά
1714 1728 1778 1760 τοὺς

980 1774 1177 1806 κατοικοῦντας
1191 1775 1241 1809 τὴν
1256 1775 1321 1809 τῆν’
1336 1774 1368 1800 οὐ
1384 1775 1421 1810 μὴ
1437 1774 1660 1809 ἀηστραφῶμεν
1675 1774 1714 1805 εἰς
1729 1773 1780 1804 τὰς

980 1820 1068 1852 οἰκίας
1085 1820 1175 1856 ἡμῶν,
1189 1820 1242 1851 ἓως
1253 1820 1287 1847 ἂν
1302 1819 1543 1856 καταμερισθῶσιν
1557 1821 1582 1846 οἱ
1597 1820 1650 1846 υἱοὶ
1670 1819 1779 1854 Ἰσραὴλ

981 1866 1094 1899 ἕκαστος
1110 1867 1151 1898 εἰς
1162 1867 1212 1902 τὴν
1226 1867 1409 1902 κληρονομίαν
1424 1866 1517 1894 αὑτοῦ.
1534 1867 1589 1894 Καὶ
1608 1866 1699 1893 οὐκέτι
1712 1866 1779 1901 κληο

982 1913 1170 1948 ρονομήσομεν
1189 1914 1219 1939 ἐν
1238 1912 1331 1944 αὐτοῖς
1344 1912 1398 1939 άπὸ
1412 1912 1460 1939 τοῦ
1473 1913 1560 1949 πέραν
1571 1912 1618 1939 τοῦ
1643 1911 1777 1948 Ἰορδάνου

981 1959 1028 1985 καὶ
1049 1959 1189 1989 ἐπέκεινα,
1209 1959 1252 1985 ὅτι
1271 1959 1411 1994 ἀπέχομεν
1426 1960 1489 1991 τοὺς
1511 1959 1631 1994 κλήρους
1652 1957 1732 1993 ἡμῶν
1749 1958 1778 1984 ὲν

981 2004 1020 2040 τῷ
1044 2004 1131 2041 πέραν
1147 2005 1194 2032 τοῦ
1216 2005 1349 2041 Ἰορδάνου
1371 2005 1399 2032 ἐν
1417 2005 1568 2037 ἀνατολαῖς.
1591 2013 1600 2030 ι
1619 2004 1716 2040 Συνῐης
1736 2005 1778 2031 ὃτι

982 2053 1178 2088 κτηνοτροφιας
1195 2052 1277 2080 ἕνεκα
1292 2053 1345 2079 ικαὶ
1359 2053 1484 2088 κτήσεων
1496 2073 1503 2084 ,
1525 2053 1573 2079 καὶ
1604 2053 1655 2088 τῆς
1673 2053 1714 2084 εἰς
1730 2061 1779 2086 γυ-

981 2099 1078 2130 ναῖκάς
1093 2107 1122 2125 τε
1137 2099 1184 2126 καὶ
1196 2099 1292 2130 παῖδας
1305 2099 1426 2134 ἀγάπης,
1442 2099 1497 2125 οὐδ’
1511 2098 1544 2126 ἂν
1556 2099 1624 2130 ὅλως
1638 2099 1778 2135 παρῆλοον

981 2147 1006 2172 οἱ
1030 2146 1126 2172 τοιοίδε
1150 2146 1195 2172 τὸν
1230 2145 1380 2182 Ἰορδάνην,
1405 2145 1461 2172 ἀλλ’
1485 2145 1538 2172 οὐδ’
1564 2146 1597 2172 ἂν
1620 2146 1680 2173 ὅσον
1709 2145 1778 2178 ὅλως

982 2193 1132 2228 ἀποοήγειν
1160 2193 1306 2228 ἠνέσχοντο
1332 2193 1452 2229 πολέμου
1475 2193 1521 2220 καὶ
1540 2193 1646 2229 μάχης,
1667 2193 1721 2220 οὐδ’
1744 2194 1778 2220 ἂν

982 2239 1106 2271 εὐκλείας
1132 2241 1189 2271 τοῖς
1212 2239 1304 2271 ἄλλοις
1328 2240 1533 2275 συμμετασχεῖν
1553 2238 1709 2274 ἠθέλησαν,
1732 2239 1778 2265 καὶ

136 2275 238 2311 injecto
260 2276 383 2312 quidem,
407 2282 438 2304 ut
461 2278 497 2305 ita
518 2278 617 2311 dicam,
636 2280 663 2306 in
686 2280 814 2308 Iordanis
827 2280 928 2309 ﬂuenta

982 2286 1035 2312 τῶν
1050 2287 1093 2312 ἐπ’
1110 2286 1216 2312 ἐλπίσιν
1234 2285 1361 2320 ἀγαθῶν·
1379 2286 1490 2318 ἄριστον
1504 2284 1532 2312 δὲ
1547 2285 1595 2311 καὶ
1612 2284 1777 2311 πολύευκτον

135 2323 206 2358 pede
224 2332 231 2350 :
247 2324 295 2351 sed
307 2324 493 2360 exprobrante
506 2325 607 2361 Moyse,
624 2326 801 2362 divinumque
818 2328 886 2355 iram
901 2333 930 2356 ut

136 2369 365 2404 pertimescerent
376 2379 409 2399 ac
419 2371 610 2405 formidarent,
621 2373 797 2408 admonente,
808 2375 853 2403 vix
868 2380 929 2404 tan-

134 2415 199 2444 dem
221 2416 388 2451 pollicentur
410 2425 439 2445 se
461 2425 515 2445 una
538 2426 600 2446 cum
627 2420 734 2448 cmtcris
765 2422 930 2450 transituros

135 2469 196 2490 esse
219 2462 379 2496 Iordanem,
397 2467 480 2498 atque
505 2472 569 2491 eum
594 2465 648 2493 illis
673 2466 782 2494 labores
804 2467 832 2495 in
857 2468 929 2496 bello

137 2512 218 2544 atque
240 2517 331 2545 pugna
356 2510 623 2544 communicaturos;
644 2521 699 2540 non
720 2517 811 2542 tamen
830 2523 862 2542 ca
881 2524 929 2550 spe

137 2559 267 2591 tanquam
289 2556 438 2591 participes
453 2558 658 2592 possessionum
680 2567 733 2586 una
756 2559 841 2587 futuri
862 2562 927 2593 sint,

137 2601 210 2636 quod
240 2602 444 2636 possessionem
471 2605 546 2630 trans
572 2602 719 2632 Iordanem
748 2607 926 2641 recepissent.

137 2647 241 2674 llorum
257 2647 413 2682 persimiles
425 2652 490 2676 sunt
505 2649 641 2682 nonnulli,
656 2650 713 2685 qui,
729 2659 790 2678 cum
806 2660 927 2687 praesen-

137 2693 172 2721 tis
188 2693 250 2721 vita:
266 2693 340 2720 curis
359 2693 477 2722 districti
491 2694 556 2727 sint,
574 2699 716 2731 totumque
732 2704 780 2724 cor
796 2697 829 2725 iis
845 2698 928 2726 rebus

137 2739 277 2774 sapiendis
307 2747 368 2775 qua:
391 2744 456 2768 sunt
493 2749 576 2776 super
599 2746 701 2769 terram
726 2743 928 2777 quodammodo

137 2785 301 2818 dediearint,
314 2786 342 2813 in
356 2787 439 2815 rebus
455 2787 620 2816 necessariis
633 2788 678 2815 vix
691 2789 818 2824 exiguam
833 2799 927 2819 curam

174 2865 195 2879 ⁸⁵
208 2863 288 2891 Num.
302 2873 383 2898 xxxii.
398 2867 408 2893 l
424 2874 500 2902 seqq.
534 2867 557 2882 δ’*
569 2867 650 2900 Ibid.,
673 2867 769 2895 1440.

176 2934 214 2969 (1)
226 2934 292 2962 Cod.
313 2935 383 2963 Vat..
401 2937 446 2963 καὶ
457 2936 592 2973 ὀρρωδίαν
609 2936 784 2968 ἐπιτιθέντος.

134 2983 142 3001 ι

983 2332 1070 2358 ἐδόκει
1087 2332 1117 2358 τὸ
1134 2332 1223 2367 μένειν
1233 2331 1343 2364 αὐτοὺς,
1360 2331 1433 2367 μηδ’,
1448 2333 1510 2358 ὅσον
1526 2332 1624 2362 εἰπεῖν,
1640 2331 1696 2362 τοῖς
1711 2331 1778 2366 Ἰορ‹

983 2378 1062 2405 δάνου
1077 2378 1196 2415 νάμασιν
1213 2377 1339 2410 ὲνθέντας
1350 2378 1396 2405 τὸν
1409 2378 1475 2405 πόδα
1486 2387 1493 2393 ·
1509 2378 1737 2410 κατονειδίζοντος
1750 2377 1777 2403 δὲ

982 2423 1030 2451 τοῦ
1048 2424 1169 2456 Μωσέως
1186 2424 1233 2451 καὶ
1246 2424 1375 2460 ὀρρωδεῖν
1390 2424 1582 2455 άναπείϐοντος
1598 2425 1648 2459 (li,
1666 2423 1777 2450 ὑποϐλέι

983 2471 1083 2497 πεσοαί
1098 2480 1126 2497 τε
1137 2470 1186 2507 τὴν
1201 2471 1277 2498 οεὶαν
1292 2469 1387 2506 ὀργὴν,
1405 2470 1600 2506 ὑπισχνοῦνται
1618 2470 1694 2505 μόλις
1709 2478 1776 2504 συμο

983 2516 1200 2552 παρελεύσεσθαι
1225 2517 1274 2552 μὲν
1293 2518 1350 2549 τοῖς
1373 2517 1464 2549 ἄλλοις
1485 2517 1532 2544 τὸν
1557 2517 1707 2553 Ἰορδάνην,
1730 2516 1776 2542 καὶ

983 2565 1188 2599 συμμετασχεῖν
1212 2563 1333 2599 ἱδρώτων
1355 2564 1446 2596 αὐτοῖς
1467 2563 1521 2590 τῶν
1543 2564 1572 2590 ἐν
1597 2563 1708 2598 πολέμῳ
1730 2564 1776 2589 καὶ

983 2609 1096 2645 μάχαις
1110 2611 1141 2636 οὐ
1158 2610 1212 2646 μὴν
1226 2610 1268 2637 ὅτι
1288 2608 1336 2637 καὶ
1351 2609 1567 2646 συμμεριοῖηταί
1584 2618 1666 2644 φασι,
1687 2609 1732 2636 διὰ
1746 2609 1776 2635 τὸ

981 2655 1095 2690 ἀπέχειν
1116 2655 1133 2691 ἢ
1159 2656 1288 2691 ἀποσχεῖν
1312 2655 1357 2682 τὸν
1379 2656 1490 2691 κλῆρον,
1511 2656 1540 2682 ὲν
1562 2654 1601 2690 τῷ
1625 2655 1711 2690 πέραν
1729 2653 1776 2680 τοῦ

989 2701 1132 2737 Ἰορδάνου.
1154 2701 1275 2728 Τοιοῦτοί
1294 2710 1366 2734 τινες
1382 2702 1428 2728 τὸν
1443 2702 1543 2737 τρόπον
1567 2702 1645 2732 εἰσὶν,
1667 2701 1692 2726 οἱ
1715 2701 1776 2732 ταῖς

981 2747 1028 2773 τοῦ
1057 2747 1192 2783 παρόντος
1218 2747 1275 2782 βίου
1297 2748 1445 2783 μερίμναις
1472 2747 1695 2783 κατεσφιγμένοι.
1719 2746 1776 2773 Καὶ

981 2792 1046 2828 ὅλην
1060 2793 1110 2828 μὲν
1121 2793 1216 2829 ὥσπερ
1229 2793 1414 2830 ἀπονέμοντες
1428 2794 1476 2830 τὴν
1491 2794 1605 2830 καρδίαν
1616 2793 1654 2829 τῷ
1667 2793 1776 2829 φρονεῖν
