1934 3042
235 189 284 218 411

768 214 775 220 .
796 193 933 222 CYRILLI
952 194 1186 223 ALEXANDRINI
1205 196 1364 224 ARCHIEP.

1825 196 1881 224 ΗΞ

237 251 332 278 liberis
344 251 485 287 imponere
502 259 531 279 se
547 252 628 286 dicit;
649 253 670 281 si
685 257 774 282 tamen
793 256 920 284 similiter
943 261 1021 292 atque

1076 258 1193 290 γονικοῖς
1209 257 1375 291 ἁμιλλᾶσθαι
1388 258 1568 292 πταίσμασιν.
1583 256 1619 283 οὗ
1634 256 1690 293 γάρ
1704 256 1756 282 πού
1769 265 1882 291 φαμεν,

220 330 221 333 η
237 297 275 323 illi
296 297 398 331 vivere,
409 302 436 324 et
454 306 516 326 cum
530 299 627 334 patriis
640 297 744 327 certare
754 302 842 336 culpis
863 302 956 330 velint.
969 303 1022 330 Ne—

236 350 289 376 que
316 343 388 369 enim
412 343 530 372 dicimus
544 345 574 372 in
597 353 651 372 eos
682 346 810 381 quiniliil
845 348 1021 383 deliquerim,

236 394 346 422 peccata
359 394 504 423 parentum
516 391 686 424 redundare;
715 400 776 420 cum
804 393 915 422 disertis
932 395 1024 422 verbis

236 438 351 460 tcstetul‘
364 435 465 462 Deusu
481 436 541 463 Non
552 437 705 464 morientur
715 443 807 472 patres
820 447 870 474 pro
884 439 957 473 ﬁliis,
973 448 1022 468 nc-

235 487 287 513 que
306 479 350 506 ﬁlii
362 489 411 514 pro
424 482 568 516 patribus:
587 484 775 519 unusquisque
792 485 820 512 in
845 493 895 512 suo
911 491 1024 520 peccato

235 527 369 554 morietur
386 529 418 556 ".
431 539 440 555 ι
457 529 522 562 Sed,
544 530 566 557 si
582 537 728 566 parentum
757 534 922 569 sententiam
943 534 1023 562 liberi

234 578 395 607 sequantur,
412 582 444 602 ac
456 576 551 610 patriae
574 577 722 613 impietatis
742 579 845 607 fuerint
861 580 1022 613 imitatores,

233 620 359 652 pervenit
370 620 480 648 interim
490 623 525 650 ad
538 624 611 658 ipsos
625 633 734 660 quoque
746 625 793 652 Dei
803 626 962 661 indigmlio.
974 628 1023 658 Ac,

234 665 256 691 si
271 665 379 693 eveniat
391 675 424 694 ex
440 667 525 702 ipsius
536 669 617 696 insita
630 670 810 705 benignitate,
836 675 866 698 ut
879 671 961 703 Deus,
976 672 1024 706 qui

233 716 275 738 est
294 719 377 747 super
397 714 500 747 omnia,
524 716 621 749 primis
641 716 696 743 illis
715 717 838 744 remittat
849 726 945 753 punias
968 727 974 744 :
995 722 1024 746 at

233 761 308 784 certe
329 759 456 786 secundis
483 761 604 794 tandem,
624 763 771 790 auttcrtiis
789 764 976 791 eommeritam
990 765 1024 791 ab

234 803 312 830 initio
331 804 451 832 debitam
466 806 548 841 impio
570 809 663 843 generi
686 809 768 836 infert
784 809 862 837 iram.
887 810 1025 847 Compulit

234 847 322 882 igitur;
334 857 382 876 eos
396 850 429 877 ad
444 851 580 884 timorem,
598 861 660 880 cum
684 862 712 882 se
736 855 852 882 zelotem
875 856 961 883 Deum
975 865 1024 891 ap—

234 894 345 928 pellavit
359 904 365 921 :
382 896 435 923 alia
451 905 560 932 quoque
578 898 685 926 ratione
708 900 820 927 eosdem
841 901 868 928 in
885 901 936 929 ﬁde
956 910 1024 930 eon-

1075 303 1113 335 ὼς
1128 305 1183 335 mi;
1195 312 1226 337 γε
1240 304 1308 336 ὅλως
1323 304 1401 331 οὐδὲν
1417 304 1683 340 πεπλημμεληκόσιν
1696 305 1725 331 αἱ
1741 303 1801 330 τῶν
1821 312 1883 329 ιτα-

1074 350 1160 384 τέρων
1172 351 1329 385 ὲγκατασκή
1337 359 1446 377 πτουσιν
1472 350 1617 386 ἁμαρτίαι,
1634 350 1680 378 καί
1696 359 1739 377 τοι
1752 350 1882 385 διαρῥή-

1073 395 1122 431 δην
1139 396 1360 431 ἀνακεκραγότος
1375 396 1444 423 Θεοῦ
1457 406 1463 414 ι
1486 406 1495 422 ι
1524 397 1581 424 Οὐκ
1597 396 1803 423 ἀποθανοῦνται
1822 404 1882 423 ποι-

1073 441 1152 477 τέρες
1167 442 1236 477 ὑπὲρ
1250 443 1365 474 τέκνων,
1383 443 1445 470 οὐδὲ
1464 443 1548 470 τέκνα
1564 443 1633 478 ὑπὲρ
1647 442 1786 478 πατέρων,
1808 443 1883 469 ’ἐκα-

1076 496 1136 519 στος
1153 489 1186 524 τῇ
1202 489 1297 515 ἑαυτοῦ
1315 489 1438 525 ἁμαρτίᾳ
1453 489 1638 516 ἀποθανεῖται.
1659 498 1668 515 ι
1690 489 1760 515 Ἀλλ’
1773 489 1798 515 εἰ
1811 489 1882 519 ταῖς

1074 533 1127 560 τῶν
1145 534 1271 568 πατέρων
1282 534 1390 562 ἓποιντο
1404 534 1527 570 γνώμαις
1544 535 1569 562 οἱ
1583 535 1613 567 se
1626 535 1729 567 αὐτῶν,
1744 535 1793 562 καὶ
1807 543 1883 568 προ-

1074 579 1186 614 γονικῆς
1204 580 1363 613 δυσσεϐείας
1373 580 1477 608 ἔσοιντο
1491 581 1620 616 ζηλωταὶ,
1639 581 1801 616 παρατείνει
1817 589 1880 606 που

1074 625 1145 660 τάχα
1161 626 1208 652 καὶ
1221 626 1262 658 εἰς
1276 626 1374 658 αὐτοὺς
1386 627 1400 653 ὁ
1414 627 1509 662 θυμός.
1523 626 1582 653 Κᾶν
1597 628 1621 654 ει
1638 627 1744 660 γένοιτό
1763 635 1826 658 πως
1847 625 1880 657 ἐξ

1075 672 1196 707 ἐμφύτου
1226 672 1432 709 φιλανθρωπίας
1459 674 1562 707 ἀνεῖναι
1587 675 1644 705 τοῖς
1672 673 1794 710 πρώτοις
1824 672 1879 699 τὸν

1076 717 1147 752 ὑπὲρ
1170 718 1258 744 πάντα
1272 717 1348 751 Θεὸν,
1373 718 1402 745 τὸ
1419 718 1581 750 κολάζεσθαι
1599 719 1665 752 δεῖν,
1684 718 1743 744 ἀλλ’
1760 716 1808 744 οὖν
1820 719 1878 753 ὀψὲ

1074 765 1130 795 τοῖς
1149 763 1285 800 δευτέροις
1297 764 1381 799 ἤγουν
1393 766 1449 796 τοῖς
1464 765 1568 800 τρίτοις
1582 764 1681 798 ἐπάγει
1696 765 1746 799 τὴν
1767 764 1797 790 ὲν
1817 765 1878 800 ἀρ-

1075 812 1136 845 χαῖς
1151 810 1189 845 τῷ
1210 810 1314 846 βεϐήλῳ
1326 811 1401 845 γένει
1414 810 1573 846 πρέπουσάν
1584 819 1614 837 τε
1630 811 1677 837 καὶ
1689 811 1879 846 ὀφειλομένην

1075 857 1170 892 ὀργήν.
1185 856 1332 884 Κατεσόδει
1342 857 1432 883 τοίνυν
1446 857 1485 888 είς
1495 857 1525 883 τὸ
1539 857 1680 892 φοϐεῖσθαι
1693 856 1732 891 (1)
1741 856 1808 888 δεῖν,
1824 857 1880 891 ζη-

1076 903 1165 937 λωτὴν
1188 903 1285 930 ἑαυτὸν
1298 902 1440 938 ὀνομάζων
1460 903 1542 929 Θεόν·
1558 902 1682 929 ἐϐεϐαίου
1694 911 1726 936 γε
1748 902 1802 938 μὴν
1826 903 1879 928 καὶ

187 975 193 982 ι
235 940 360 975 ﬁrmavit,
379 943 534 976 pollicendo
556 944 694 972 facturum
720 953 749 973 se
764 947 981 975 misericordiam
997 949 1021 975 in

1075 949 1178 984 ἑτέρως
1192 949 1232 981 εἰς
1248 949 1338 975 πίστιν
1354 949 1453 980 αὐτοὺς
1465 971 1473 981 ,
1490 951 1578 975 ποιεῖν
1595 949 1671 980 ἔλεος
1686 949 1727 980 είς
1744 949 1877 983 χιλιάδας

234 985 318 1013 millia
337 986 369 1013 iis
383 987 430 1021 qui
447 996 475 1015 se
489 989 644 1024 diligerent.
663 990 711 1018 llis
734 991 854 1018 vicinum
867 997 1026 1027 cognatum-

232 1039 285 1064 que
308 1032 466 1060 mandatum
489 1034 605 1069 adjecit;
632 1035 671 1062 ait
692 1036 782 1063 enim:
810 1037 887 1064 iNon
908 1039 1025 1074 accipies

219 1075 331 1103 ‘nomcn
347 1077 454 1105 Domini
468 1079 515 1106 Dei
535 1080 573 1106 tui
594 1081 620 1107 in
635 1089 735 1108 vanum
749 1091 756 1114 ;
772 1091 826 1109 non
839 1084 912 1110 enim
930 1084 1025 1111 inson—

218 1116 287 1147 'tem
300 1121 413 1150 habebit
423 1124 556 1152 Dominus
584 1133 647 1153 enm
672 1128 718 1161 qui
733 1128 830 1163 accipit
852 1137 951 1156 nomen
966 1131 1025 1165 ejus

232 1166 260 1193 in
271 1175 371 1194 vanum
387 1169 419 1195 ⁸⁵.
433 1179 441 1195 ›
462 1170 518 1198 lloc
535 1172 659 1199 nonnulli
681 1173 828 1206 faciebant,
843 1175 924 1210 lignis
941 1183 973 1203 ac
985 1176 1024 1203 la-

232 1212 343 1248 pidibus
363 1214 409 1242 Dei
430 1217 641 1251 appellationem
657 1218 824 1253 tribuendo;
841 1225 868 1247 et
886 1221 953 1248 illud
977 1230 1026 1249 no-

231 1267 304 1291 men,
322 1261 394 1295 quod
409 1267 452 1289 est
465 1271 550 1298 super
568 1272 651 1292 omne
680 1273 792 1299 nomen,
812 1267 895 1294 stulte
923 1268 957 1295 ad
976 1269 1027 1295 hu-

218 1304 318 1333 ‘manm
329 1315 425 1334 manus
438 1308 585 1336 artiﬁcium
614 1315 697 1346 atque
712 1320 822 1347 operam
847 1313 1002 1347 dejiciendo
1017 1323 1023 1347 ;

231 1351 264 1378 de
275 1352 375 1387 quibus
393 1353 462 1380 dixit
474 1354 545 1382 Deus
560 1363 609 1390 per
620 1356 696 1384 Isaiae
712 1365 808 1385 vocem
823 1367 829 1384 ί
850 1369 859 1383 ι
876 1359 1024 1394 Postquam

231 1397 312 1433 elegit
328 1398 405 1426 faber
420 1399 534 1434 lignum,
551 1402 695 1430 constituit
711 1403 776 1430 illud
794 1403 820 1430 in
836 1412 976 1439 mensura,
997 1410 1025 1432 et

231 1442 335 1476 glutine
347 1445 501 1480 composuit
515 1446 582 1474 illud
603 1451 633 1474 ut
646 1448 763 1475 formam
778 1449 840 1482 Viri,
859 1454 887 1477 et
913 1455 942 1477 ut
965 1451 1026 1486 pul-

231 1487 417 1517 chritudinem
435 1491 564 1525 hominis,
592 1498 623 1521 ut
637 1498 772 1522 statueret
799 1496 864 1523 illud
878 1497 904 1524 in
924 1497 1022 1530 (ionio;

231 1534 335 1562 excidit
355 1535 460 1571 lignum
473 1546 488 1565 a
509 1539 587 1571 silva,
605 1541 678 1575 quod
696 1541 981 1577 plantavitDominUS,
997 1547 1025 1571 et

232 1581 320 1608 imber
333 1584 418 1616 auxit,
436 1589 465 1611 ut
477 1585 512 1612 sit
529 1580 728 1616 hoininibus'in
741 1590 959 1618 combustionem
973 1600 980 1624 ;
997 1598 1025 1619 et

232 1629 372 1664 accipiens
389 1631 423 1657 ab
445 1631 491 1659 illo
506 1633 655 1661 calefactus
669 1639 711 1662 est
724 1644 730 1661 :
756 1640 784 1662 et
799 1637 963 1664 accedentes
975 1646 1022 1665 co-

230 1681 330 1703 xerunt
345 1685 428 1711 panes
445 1687 527 1714 super
541 1680 606 1715 ipsis
620 1701 625 1707 .
645 1681 678 1708 de
696 1682 802 1717 reliquo
820 1691 885 1711 vero
900 1684 1024 1712 fecerunt

230 1721 342 1753 deos,et
361 1723 475 1751 adorant
507 1726 566 1753 illos
584 1727 616 1753 ³⁸.
634 1737 642 1752 ι
662 1728 696 1754 Et
710 1733 770 1763 post
793 1718 864 1756 alia:
892 1740 900 1755 ι
914 1730 1022 1766 Cogno-
1044 1743 1047 1747 π

230 1767 298 1794 scite
326 1769 389 1803 quia
411 1770 481 1798 cinis
505 1776 547 1799 est
569 1780 616 1799 cor
633 1781 740 1806 eorum,
760 1778 788 1801 et
811 1780 903 1802 errant
915 1776 948 1803 ⁵⁷.
965 1786 973 1802 ι
990 1777 1022 1804 Hi

230 1813 368 1848 accipiunt
385 1823 483 1843 nomen
498 1818 606 1845 Domini
629 1819 655 1846 in
670 1828 783 1847 vanum.
811 1820 959 1855 Cancrum,
974 1822 1020 1857 qui

220 1859 283 1895 jam
303 1868 318 1887 e
340 1861 441 1888 diaboli
465 1863 571 1898 laqueis
581 1865 717 1898 exierunt,
729 1874 760 1893 ac
772 1866 858 1894 Deum
871 1875 965 1895 verum
977 1876 1023 1895 eo.

230 1911 396 1939 gnovcrunt,
412 1907 491 1942 175
503 1916 665 1937 eoseenseo
678 1919 732 1938 non
748 1911 848 1939 debere
862 1912 895 1939 ad
916 1913 1022 1948 ineptas

233 1949 430 1985 intelligentias
456 1951 637 1981 claudicando
657 1955 720 1987 labi,
750 1963 838 1990 neque
867 1956 894 1983 in
919 1957 969 1984 hac
992 1965 1021 1984 re

230 1994 393 2030 degenerem
418 2005 530 2025 sensum
548 2000 805 2036 stulte‘eomplecti,
827 2002 853 2028 in
881 2010 943 2030 eam
959 2003 1020 2037 opi-

230 2041 340 2068 nionem
356 2043 498 2077 adductos,
516 2050 545 2072 ut
555 2046 624 2073 alios
633 2052 783 2081 agnoscant
794 2048 869 2080 deos,
884 2053 932 2075 aut
946 2053 1021 2076 certe

230 2087 401 2116 arbitrentur
429 2091 542 2118 omnino
567 2093 699 2127 quosdam
725 2102 796 2126 esse,
820 2098 920 2129 praeter
956 2103 1020 2123 eum

231 2133 278 2167 qui
314 2143 386 2162 unus
404 2141 431 2163 et
447 2145 531 2165 verus
550 2138 595 2166 sit.
624 2139 702 2166 «Etsi
729 2140 802 2166 enim
828 2140 956 2168 dicantur
981 2141 1019 2168 dii

230 2181 365 2215 nonnulli,
391 2191 422 2210 ac
439 2184 552 2217 domini,
572 2190 600 2213 et
616 2186 643 2212 in
665 2186 744 2218 cmlo,
764 2191 792 2213 et
815 2187 842 2214 in
861 2191 933 2214 terra
951 2197 956 2214 :
972 2189 1020 2216 sed

230 2226 310 2254 nobis
339 2236 409 2255 llllUS
424 2230 505 2263 Deus,
523 2231 603 2258 Pater
616 2239 724 2266 nempe,
740 2240 774 2259 ex
785 2240 840 2267 quo
864 2234 965 2267 omnia,
993 2238 1021 2261 et

1077 994 1291 1030 ὑπισχνούμενος
1314 996 1370 1026 τοῖς
1387 994 1531 1028 ἀγαπῶσιν
1550 994 1641 1021 αὐτόν.
1665 993 1827 1029 Προσετίθει
1847 993 1877 1019 δὲ

1075 1040 1180 1072 τούτοις
1197 1040 1305 1074 γείτονά
1324 1049 1353 1066 τε
1368 1040 1414 1067 καὶ
1436 1040 1554 1074 ἀδελφὴν
1575 1039 1702 1074 ἐντολήν·
1724 1050 1734 1064 ι
1760 1039 1798 1065 Οὐ
1818 1039 1878 1073 γὰρ

1075 1085 1164 1121 λήψῃ,
1183 1085 1261 1120 φησι,
1277 1085 1307 1111 τὸ
1321 1085 1407 1120 ὄνομα
1426 1085 1528 1120 Κυρίου
1546 1085 1592 1112 τοῦ
1607 1084 1676 1112 Θεοῦ
1691 1093 1739 1111 σου
1756 1085 1804 1111 ἐπὶ
1820 1093 1877 1118 μα-

1075 1132 1163 1167 ταίῳ·
1181 1132 1211 1158 οὐ
1227 1132 1281 1166 γὰρ
1297 1131 1334 1167 μὴ
1352 1132 1491 1168 καθαρίσῃ
1511 1131 1614 1168 Κύριος
1629 1131 1675 1158 τὸν
1696 1131 1877 1165 λαμὸάνοντα.

1076 1179 1106 1205 τὸ
1119 1179 1204 1214 ὄνομα
1215 1178 1296 1205 αὑτοῦ
1311 1178 1356 1205 ἐπὶ
1372 1179 1504 1213 ματαίῃ.)
1525 1177 1610 1204 Τοῦτό
1627 1185 1698 1208 τινες
1713 1176 1813 1212 ἔδρων,
1827 1175 1877 1208 ξύ-

1076 1224 1134 1256 λοις
1147 1233 1178 1251 τε
1195 1225 1242 1251 καὶ
1261 1224 1345 1256 λίθοις
1359 1223 1407 1259 τὴν
1427 1224 1474 1250 τοῦ
1488 1223 1556 1250 Θεοῦ
1571 1223 1667 1258 κλῆσιν
1681 1222 1856 1253 ἀνάπτοντες
1866 1242 1874 1254 ,

1076 1270 1123 1296 καὶ
1137 1270 1182 1296 τὸν
1202 1270 1272 1305 ὑπὲρ
1284 1270 1337 1296 πᾶν
1350 1270 1434 1305 ὄνομα
1451 1268 1681 1304 κατακομίζοντες
1695 1269 1813 1303 ἀμαθῶς
1832 1269 1877 1300 εἰς

1076 1317 1251 1353 ἀνθρωπίνης
1273 1317 1363 1352 χειρὸς
1380 1315 1566 1351 φιλοτέχνημα
1580 1324 1610 1341 τε
1627 1316 1672 1342 καὶ
1687 1316 1779 1342 πόνον.
1798 1316 1874 1350 Ἐζη

1075 1362 1104 1389 δέ
1120 1371 1170 1389 που
1183 1363 1246 1399 περὶ
1258 1363 1347 1390 αὐτῶν
1358 1362 1401 1389 διὰ
1414 1362 1505 1396 φωνῆς
1520 1362 1632 1388 Ἧσαῖου
1647 1362 1727 1394 0501;-
1746 1371 1754 1386 ι
1777 1362 1876 1388 Ἐκλε-

1077 1409 1193 1444 ξάμενος
1211 1409 1316 1436 τέκτων
1331 1408 1408 1440 ξύλον
1418 1429 1425 1440 ,
1439 1408 1552 1443 ἔστησεν
1567 1407 1633 1434 αὐτὸ
1650 1408 1678 1434 ἐν
1695 1408 1789 1443 pstpip
1801 1429 1808 1439 ,
1824 1408 1876 1434 καὶ

1076 1455 1105 1482 ἐν
1130 1455 1211 1490 κόλλῃ
1234 1454 1402 1490 ἑρῤύθμισεν
1424 1454 1501 1484 αὐτὸ,
1528 1454 1575 1480 καὶ
1596 1453 1723 1488 ἐποίησεν
1746 1453 1816 1480 αὐτὸ
1833 1453 1874 1484 ὡς

1078 1501 1184 1538 μορψὴν
1201 1501 1309 1536 ἀνδρὸς.
1327 1500 1374 1527 καὶ
1389 1499 1426 1531 ὡς
1439 1499 1596 1534 ὡραιότητα
1606 1499 1751 1534 ἀνθρώπου
1770 1499 1875 1534 στῆσαι

1075 1547 1142 1575 αὐτὸ
1153 1548 1182 1574 ἑν
1197 1547 1263 1582 οἴκῳ
1274 1556 1280 1563 -
1294 1546 1375 1580 ἔκοψε
1389 1545 1467 1579 ξύλον
1482 1547 1514 1572 ὲκ
1524 1544 1571 1572 τοῦ
1585 1544 1689 1580 δρυμοῦ
1703 1544 1718 1570 ὃ
1733 1544 1873 1578 ἐφύτευσε

1077 1594 1179 1629 Κύριος
1191 1613 1199 1625 ,
1223 1592 1271 1619 καὶ
1285 1592 1362 1623 ὑετὸς
1388 1592 1537 1627 ἐμήκυνεν,
1553 1590 1596 1618 ἵνα
1657 1589 1816 1626 ἀνθρώποις
1830 1591 1875 1621 είς

1078 1639 1185 1669 καῦσιν,
1204 1638 1251 1665 καὶ
1266 1637 1354 1664 λαθὼν
1376 1637 1421 1663 ἀπ’
1441 1636 1536 1668 αὑτοῦ,
1553 1634 1723 1670 ἐθερμάνθη,
1739 1635 1788 1661 καὶ
1803 1634 1858 1661 uti
1870 1649 1876 1653 -

1077 1693 1172 1716 σαντες
1189 1683 1291 1718 ἐπεψαν
1314 1683 1412 1718 ἄρτους
1426 1682 1469 1708 ἐπ’
1492 1681 1597 1708 αὐτῶν·
1614 1680 1646 1707 τὸ
1658 1680 1686 1706 δὲ
1703 1680 1800 1707 λοιπὸν
1814 1681 1876 1715 εἱρ-

1075 1731 1197 1765 γάσαντο
1211 1730 1251 1760 εἰς
1262 1729 1355 1761 θεοὺς,
1368 1728 1414 1754 καὶ
1436 1727 1634 1763 προσκυνοῦσιν
1655 1727 1759 1758 αὐτοῖς.
1785 1736 1794 1752 ι
1817 1728 1876 1753 Καὶ

1078 1776 1136 1812 μεθ’
1148 1776 1230 1811 ἔτερα
1241 1783 1248 1791 ·
1263 1785 1272 1801 ι
1286 1773 1387 1807 Γνῶτε,
1402 1774 1443 1800 ὃτι
1458 1773 1553 1805 σποδὸς
1566 1774 1582 1808 ὴ
1599 1773 1694 1807 καρδία
1706 1773 1809 1806 αὐτῶν,
1823 1774 1873 1799 καὶ

1076 1821 1241 1848 πλανῶνται.
1269 1830 1278 1846 ι
1305 1817 1385 1847 Οὗτοι
1403 1817 1570 1854 λαμϐάνουσι
1596 1817 1627 1844 τὸ
1658 1817 1745 1852 ὄνομα
1765 1817 1874 1852 Κυρίου

1075 1868 1121 1894 ἐπὶ
1137 1866 1255 1902 ματαίῳ.
1285 1865 1353 1892 Ἀλλ’
1371 1862 1450 1899 οἶμαι
1467 1863 1522 1889 δεῖν
1539 1863 1601 1893 τοὺς
1617 1862 1644 1889 οἵ
1657 1871 1688 1897 γε
1709 1862 1804 1889 λοιπὸν
1818 1862 1874 1894 ἔξω

1074 1922 1104 1939 τε
1121 1913 1213 1947 πάγης
1232 1911 1358 1946 γεγόνασι
1379 1909 1535 1944 διαϐολικῆς
1547 1930 1556 1941 ,
1570 1909 1618 1948 και
1636 1908 1703 1935 Θεὸν
1728 1908 1872 1942 ἐγνώκασι

1074 1959 1119 1985 τὸν
1133 1956 1271 1993 ἀληθινὸν,
1287 1955 1325 1991 μὴ
1339 1956 1378 1986 εἰς
1403 1954 1511 1990 ψυχρὰς
1526 1953 1650 1986 ὀκλάζειν
1667 1953 1783 1985 ἑννοίας,
1800 1955 1872 1990 μήτε

1074 2005 1128 2040 μὴν
1149 2003 1179 2030 τὸ
1200 2003 1312 2037 ἀγεννὲς
1329 2002 1356 2028 ἐν
1376 2009 1407 2036 γε
1427 2001 1459 2036 δὴ
1479 2000 1566 2036 τούτῳ
1590 2001 1673 2036 τιμᾷν
1699 2000 1850 2035 φληνάφως
1862 2020 1870 2031 ,

1073 2049 1284 2084 ἁνθελκομένους
1292 2048 1332 2080 είς
1343 2047 1373 2074 τὺ
1383 2047 1437 2074 δεῖν
1449 2047 1558 2082 ἑτέρους
1573 2046 1672 2073 ειδέναι
1682 2046 1771 2078 θεοὺς,
1784 2047 1871 2082 ἡγουν

1073 2094 1176 2122 οἴεσθαί
1192 2103 1268 2125 τινας
1284 2093 1418 2129 ὑπάρχειν
1431 2092 1499 2123 ὅλως
1519 2091 1594 2127 παρὰ
1611 2091 1656 2118 τὸν
1672 2091 1720 2117 ἕνα
1736 2092 1786 2118 καὶ
1799 2091 1869 2128 ἁλη-

1073 2141 1144 2172 θῷς.
1163 2150 1172 2166 ι
1199 2141 1230 2166 Εἰ
1246 2140 1300 2175 γὰρ
1314 2140 1361 2166 καὶ
1386 2138 1507 2173 λέγοιντο
1524 2146 1596 2169 τινες
1609 2137 1668 2164 θεοὶ
1690 2138 1738 2165 καί
1754 2137 1850 2173 κύριοι
1861 2158 1868 2169 ,

1072 2186 1100 2213 ἓν
1113 2195 1142 2213 τε
1159 2185 1197 2221 τῷ
1215 2184 1332 2221 οὐρανῷ,
1353 2184 1401 2211 καὶ
1414 2184 1463 2210 ἐπὶ
1480 2184 1541 2218 γῆς,
1554 2183 1610 2209 ἁλλ’
1624 2184 1690 2218 ἡμῖν
1705 2181 1746 2214 εἷς
1758 2182 1836 2214 Θεὸς,
1854 2185 1870 2208 ὁ

1073 2233 1179 2268 Πατὴρ,
1195 2232 1224 2265 ἐξ
1239 2228 1269 2258 οὗ
1287 2231 1321 2257 τὰ
1335 2231 1423 2258 πάντα
1442 2230 1490 2256 καὶ
1501 2230 1582 2265 ἡμεῖς
1598 2230 1638 2260 εἰς
1650 2230 1731 2256 αὐτόν
1745 2237 1751 2244 ·
1766 2229 1816 2255 καὶ
1827 2226 1870 2261 εἷς

229 2274 316 2301 nosin
329 2275 419 2307 illum;
440 2281 467 2303 et
481 2285 551 2304 unus
569 2277 702 2304 Dominus
721 2278 801 2305 Iesus
820 2278 958 2313 Christus,
971 2288 1020 2315 per

1073 2279 1172 2315 Κύριος
1191 2277 1293 2313 Ἰησοῦς
1308 2277 1435 2313 Χριστὸς,
1452 2276 1484 2302 δι’
1499 2273 1529 2302 οὗ
1549 2275 1583 2302 τὰ
1598 2276 1686 2302 πάντα
1699 2297 1706 2309 ,
1723 2275 1772 2302 καὶ
1784 2276 1869 2310 ἡμεῖς

227 2326 309 2352 quem
329 2320 430 2354 omnia,
445 2327 472 2349 et
487 2330 537 2348 nos
563 2330 613 2357 per
634 2323 745 2358 ipsum;'
760 2327 788 2351 et
813 2332 883 2352 unus
900 2325 1020 2360 Spiritus

228 2369 350 2399 sanctus,
373 2366 399 2393 in
419 2375 474 2401 quo
490 2367 592 2400 omnia,
614 2372 642 2395 et
665 2376 716 2396 nos
740 2369 767 2396 in
782 2369 841 2404 ipso
851 2370 883 2396 ".
900 2381 908 2396 ι
924 2371 1018 2406 Neque

227 2410 301 2436 enim
320 2411 472 2439 divinitatis
490 2417 615 2440 naturain
633 2414 660 2440 in
684 2415 773 2442 solum
790 2424 874 2443 unum
891 2417 975 2445 Deum
991 2423 1019 2446 et

228 2456 334 2483 Patrem
347 2457 459 2486 Jndaiee
472 2460 685 2494 contrahemus;
722 2462 770 2489 sed
792 2462 866 2490 illam
884 2464 1020 2498 quodam-

228 2503 309 2529 modo
333 2503 471 2531 dilatando
496 2505 523 2531 in
549 2512 670 2534 sanctam
700 2509 1017 2546 consubstantialemque

228 2547 400 2583 Trinitatem,
425 2555 506 2585 atque
523 2555 579 2579 tum
593 2560 773 2587 personarum
800 2556 944 2590 qualitate,
958 2561 1016 2584 tum

227 2593 381 2629 laypostasis
392 2597 561 2631 proprietate
573 2598 778 2635 distinguendo,
796 2601 824 2629 in
841 2611 927 2629 unum
953 2612 1015 2630 rur-

227 2647 273 2666 sus
302 2640 388 2667 Deum
416 2643 620 2677 eontrahenms,
645 2650 757 2680 propter
779 2647 903 2675 eamdem
932 2649 1015 2675 trium

226 2685 423 2721 substantiam;
441 2689 527 2724 etipsi
543 2691 706 2722 serviemus.
722 2693 868 2728 ipsumque
884 2695 1016 2722 adorabi—

225 2737 296 2764 mus,
312 2731 463 2761 invocando
479 2735 586 2763 Patrem
601 2741 628 2764 et
645 2738 744 2766 Filium
760 2747 791 2767 ae
805 2739 937 2774 Spiritum
952 2749 1017 2768 san-

226 2778 311 2804 ctum.
323 2787 342 2811 γ(
355 2778 413 2806 Non
426 2782 498 2808 enim
519 2788 610 2817 erunt,
625 2794 632 2808 ι
653 2784 750 2820 inquit,
768 2795 777 2811 ‹
798 2785 836 2813 dii
855 2787 901 2814 alii
917 2792 1017 2822 printer

261 2868 284 2884 "
296 2869 375 2898 Deut.
390 2879 460 2904 sxw,
479 2874 522 2902 l6.
563 2875 584 2890 ⁵⁸
598 2875 683 2902 Exod.
697 2884 741 2908 xx,
755 2877 780 2902 τ.

820 2877 842 2893 ⁸⁶
859 2876 993 2907 lsa.x1.i\',
1010 2875 1041 2902 1‘2
1053 2882 1129 2909 seqq.

1071 2325 1104 2352 δι’
1118 2324 1200 2352 αὐτοῦ
1215 2332 1220 2338 ·
1241 2324 1325 2351 καὶέν
1344 2323 1457 2358 Πνεῦμα
1466 2322 1558 2356 ἅγιον,
1572 2323 1601 2348 ἐν
1613 2318 1635 2356 ᾧ
1647 2321 1681 2348 τὰ
1699 2322 1802 2354 πάντα,
1819 2322 1868 2349 καὶ

1071 2373 1152 2408 ἡμεῖς
1167 2373 1196 2398 ὲν
1211 2370 1295 2406 αὐτῷ.
1315 2380 1324 2395 ›
1344 2370 1464 2396 Ἥκιστα
1477 2369 1526 2404 μὲν
1542 2368 1597 2404 γὰρ
1612 2368 1662 2404 τὴν
1675 2368 1724 2402 τῆς
1736 2368 1868 2403 θεότητος

1071 2419 1153 2454 φύσιν
1166 2417 1348 2452 συστελοῦμεν
1365 2415 1526 2448 Ἰουδαϊκῶς.
1541 2416 1580 2447 εἰς
1590 2415 1669 2449 μόνον
1680 2414 1728 2442 τὸν
1741 2414 1791 2441 ἕνα
1800 2415 1868 2441 Θεὸν

1071 2465 1119 2492 καὶ
1142 2463 1262 2498 Πατέρα,
1279 2461 1492 2498 κατευρύνοντες
1511 2461 1540 2488 δὲ
1565 2461 1660 2496 ὥσπερ
1682 2461 1723 2491 εἰς
1738 2461 1822 2495 ἁγίαν
1838 2469 1867 2487 τε

1073 2510 1119 2537 καὶ
1136 2508 1279 2544 ὁμοούσιον
1292 2507 1395 2543 Τριάδα
1408 2515 1414 2522 ·
1433 2507 1480 2533 καὶ
1492 2508 1544 2542 μὴν
1558 2507 1604 2533 καὶ
1617 2506 1773 2542 προσώπων
1791 2506 1868 2533 ποιά-ν

1071 2565 1143 2591 τητι,
1171 2555 1219 2581 καὶ
1243 2554 1419 2585 ὑποστάσεως
1447 2553 1558 2587 ἰδιότητι
1585 2552 1801 2584 διαστέλλοντες,
1828 2554 1868 2583 εἰς

1069 2603 1118 2629 ἕνα
1136 2602 1167 2636 δὴ
1189 2601 1269 2628 πάλιν
1293 2599 1474 2634 συστελοῦμεν
1491 2599 1568 2630 Θεὸν,
1581 2599 1626 2625 διὰ
1649 2599 1680 2625 τὸ
1702 2599 1753 2633 τῆς
1772 2599 1867 2630 οὐσίας

1068 2648 1175 2678 ταυτόν,
1186 2647 1232 2673 καὶ
1243 2645 1318 2681 αὐτῷ
1329 2644 1524 2680 λατρεύωμεν,
1538 2644 1611 2679 αὐτῷ
1624 2645 1764 2680 προσκυνή
1770 2653 1865 2679 σομεν,

1068 2692 1277 2727 ἐπικαλούμενοι
1289 2691 1333 2717 τὸν
1343 2691 1453 2726 Πατέρα
1464 2690 1561 2716 καὶτὸν
1574 2690 1638 2716 Υἱδν
1649 2690 1696 2716 καὶ
1707 2691 1738 2716 τὸ
1750 2690 1864 2724 Πνεῦμα

1068 2740 1098 2766 τὸ
1108 2739 1196 2773 ἆγιον.
1209 2749 1217 2763 ι
1230 2739 1267 2764 οὐ
1277 2737 1332 2772 γὰρ
1347 2737 1463 2766 ἔσονται.
1479 2746 1488 2762 ι
1503 2736 1601 2772 φησὶ,ὶ
1619 2736 1676 2762 θεοὶ
1687 2736 1779 2772 ἕτεροι
1796 2737 1865 2772 πλὴν

1073 2785 1152 2821 ἐμοῦ
1174 2795 1183 2809 ι
1205 2784 1252 2811 καὶ
1266 2784 1346 2810 πάλιν
1359 2793 1371 2799 ··
1386 2793 1395 2808 ι
1417 2783 1520 2818 Κύριον
1535 2783 1580 2809 τὸν
1595 2782 1661 2808 Θεὸν
1678 2790 1725 2809 σου
1743 2791 1865 2819 προσκυο

1165 2875 1186 2890 ⁸⁷
1197 2874 1278 2905 lbid.,
1296 2873 1339 2900 ‘20.
1379 2873 1401 2888 "‘
1422 2873 1430 2899 l
1444 2873 1507 2900 Cor.
1520 2880 1578 2903 \"lll.
1592 2872 1619 2905 5,
1633 2871 1660 2899 6.

263 2924 302 2963 (1)
321 2927 436 2958 Sie'eod.
451 2931 509 2959 Vat.
524 2940 531 2966 ς
549 2931 640 2960 Sirlcti
657 2937 758 2966 autem,
777 2933 815 2965 εἰς
827 2932 856 2959 τὸ
867 2932 1021 2968 ἐρηρεῖσθαι

1073 2931 1258 2965 dﬁrmitutcm,
1274 2938 1327 2957 non
1344 2929 1423 2956 nullo.
