1934 3042
284 199 338 227 H5

1511 134 1521 149 \

805 203 833 230 S.
854 202 992 231 CYBILLI
1012 201 1255 230 ALEXANDRINI‘
1268 201 1428 231 ARCHIEP.
1899 202 1934 232 Ui

285 258 353 285 ritui
368 257 462 292 gratiae
479 259 674 286 contumeliam
694 260 826 294 facerent,
856 261 883 288 in
897 269 952 296 quo
972 260 1067 288 sancti-

1127 260 1300 296 ἡγιάσθησαν
1310 281 1317 293 ,
1335 260 1383 287 καὶ
1396 260 1532 295 γεγόνασι·
1546 260 1605 295 τῆς
1616 261 1690 292 θείας
1706 259 1820 294 ςύςεως
1842 266 1934 287 κοί-μω

284 304 369 336 ticali,
385 298 541 340 divinaeque
553 309 661 333 naturae
683 307 834 342 participes
854 307 919 335 facti
947 307 1072 335 erant“.

285 350 398 376 lltenim
412 350 539 385 militem,
557 352 602 387 qui
618 353 743 388 clypeum
757 354 898 389 abjecerit,
914 362 947 381 ac
958 353 991 381 de
1002 361 1074 389 prae-

283 396 319 422 liu
340 396 452 431 fugerit,
475 398 603 426 secundis
633 398 759 434 insigniri
788 400 996 427 characteribus
1017 407 1074 428 non

282 445 409 475 oportet;
432 441 480 469 sed
497 443 553 478 jam
568 444 671 478 puniri,
687 450 715 472 et
734 445 849 481 ignaviae
864 453 961 480 ρωπος
979 446 1072 473 luere:

283 485 317 512 ad
330 487 459 514 eumdem
477 489 598 522 modum,
618 491 665 525 qui
684 491 711 518 in
732 490 802 518 adeo
825 497 968 527 angustam
990 496 1074 527 atque

282 531 604 570 admirabilem‘gratiam
621 536 714 572 injurii
734 536 847 570 fuerint,
864 545 912 565 eos
926 545 981 564 non
1000 537 1074 564 dono

283 579 405 606 seetme
425 579 549 615 Spiritus
564 583 666 615 ornari,
684 590 747 610 cum
767 583 844 618 prius
856 583 923 610 illud
936 583 1075 618 improba-

282 623 383 656 verint,
403 625 454 652 sed
471 627 561 660 penis
585 627 684 664 subjici
709 628 797 656 decet.
825 628 892 655 Nam
909 629 993 656 semel
1013 628 1075 655 illu-

283 670 394 698 minatis
417 680 478 699 eam
512 674 694 706 sententiam,
729 682 847 709 eamque
874 675 1073 710 cogitationum

283 714 439 743 ﬁrmitatem
452 725 512 745 esse
537 717 741 753 assumendum,
759 724 789 747 ut
813 729 898 748 unum
914 721 1012 753 sciant,
1025 721 1073 756 qui

282 766 381 789 natura
395 763 431 790 sit
453 764 536 797 Deus,
561 768 589 792 et
617 765 678 794 illos
693 772 873 794 exsecrentur
898 767 947 803 qui
972 772 1073 802 prteter

283 809 336 833 hoc
351 807 425 834 aliud
443 809 583 844 quidpiam
601 811 720 838 suadent
731 820 737 838 :
748 812 954 847 optandumque
974 813 1002 840 in
1013 813 1072 848 pri-

282 853 336 880 mis
349 853 451 882 ducant
465 855 492 882 in
502 855 580 883 idola-
595 848 762 891 insilirepac
779 859 882 894 templa
900 859 1070 894 disturbare,

228 923 237 936 χ
280 903 309 927 et
323 900 465 934 gentilium
482 903 599 930 numina
623 903 692 931 nihil
706 912 765 932 esse
780 909 896 940 putent;
915 906 943 933 id
961 913 1072 941 quoque

280 946 383 974 veteris
394 946 463 982 legis
477 948 496 982 ι
503 949 556 984 77
569 949 646 978 locus
654 950 766 979 docebit
777 960 789 978 ς
798 952 937 987 scriptum
944 958 987 980 est
997 952 1073 981 enim

280 990 309 1018 in
323 991 453 1021 Numeris
469 1002 477 1020 :
493 1003 502 1019 ι
514 994 552 1022 Et
564 995 675 1024 locutus
691 1001 733 1024 est
753 997 888 1025 Dominus
908 998 942 1026 ad
961 999 1072 1036 Moysen

281 1035 309 1063 in
322 1038 444 1066 occiduis
454 1039 584 1074 partibus
606 1041 685 1069 Moab
698 1050 784 1078 prope
799 1042 947 1071 Jordanem
974 1049 1073 1073 contra

278 1080 526 1116 Jcricho,dieens:
543 1085 669 1120 Loquere
682 1087 746 1115 filiis
771 1087 865 1121 Israel,
894 1093 922 1116 et
938 1089 1015 1117 dices
1037 1089 1071 1118 ad

279 1134 345 1154 eos:
360 1128 414 1156 Vos
438 1130 595 1158 transibitis
609 1131 758 1160 Iordanem
775 1133 802 1160 in
815 1138 915 1161 terram
928 1134 1070 1170 Chanaan,

277 1179 307 1200 et
322 1175 443 1209 perdetis
460 1184 556 1205 omnes
571 1178 728 1207 habitantes
746 1180 774 1207 in
798 1184 871 1208 terra
895 1186 958 1209 ante
974 1182 1073 1210 faciem

278 1223 410 1253 vestram,
435 1225 464 1248 et
489 1221 621 1251 auferetis
633 1225 761 1259 speculas
783 1233 897 1258 eorum,
920 1231 950 1254 et
979 1228 1072 1256 omnia

279 1264 355 1293 idola
365 1274 461 1294 eorum
479 1268 597 1296 conﬂata
618 1269 781 1304 destructis,
809 1276 837 1299 et
862 1280 959 1300 omnes
975 1274 1071 1302 titulos

277 1318 374 1339 eorum
388 1312 520 1342 auferetis
533 1315 565 1342 ".
580 1325 589 1341 ι
607 1315 739 1352 lntclligis
751 1318 844 1353 igitur,
858 1318 891 1346 iis
908 1319 956 1354 qui
974 1320 1072 1348 Jorda—

277 1363 342 1384 nem
357 1359 519 1387 transierint
547 1367 617 1396 opus
640 1370 700 1390 esse
711 1367 741 1390 ut
760 1371 823 1391 aras
833 1368 862 1392 et
888 1365 965 1393 lucos
978 1374 994 1394 e
1010 1374 1070 1394 me-

277 1401 325 1430 dio
339 1403 446 1437 tollant,
465 1412 568 1440 eosque
585 1407 646 1434 sine
660 1409 836 1437 cunctatione
847 1419 901 1438 una
913 1419 975 1439 cum
988 1412 1071 1442 idolis

277 1455 311 1475 ac
322 1449 412 1476 titulis
423 1449 600 1479 disturbent?
611 1452 678 1481 Nam
693 1454 850 1490 hujusmodi
862 1458 987 1492 pestibus
1007 1467 1072 1494 par-

276 1501 351 1528 cere,
368 1496 545 1525 manifestum
557 1502 600 1526 est
624 1500 756 1528 indicium
781 1509 836 1529 non
858 1504 926 1531 satis
946 1512 997 1532 nos
1008 1513 1071 1534 esse

276 1542 462 1576 conﬁrmatos,
475 1552 565 1579 neque
579 1553 626 1574 cor
638 1542 764 1576 criminis
786 1556 887 1584 expers
899 1550 955 1578 Deo
969 1559 1069 1580 conse-

275 1595 378 1621 crasse,
405 1595 501 1624 aperte
518 1591 552 1619 de
567 1592 659 1628 impiis
679 1598 761 1629 atque
783 1597 922 1630 perversis
943 1596 1067 1626 dicenti:

1125 304 1176 332 νοί,
1195 305 1301 341 Ὥσπερ
1318 305 1373 340 γὰρ
1396 305 1566 341 στρατιώτην
1585 305 1631 332 τὸν
1649 306 1808 341 ῥιψάσπιδά
1838 314 1875 331 τε
1899 305 1934 332 κέ

1125 351 1327 386 φυγοπόλεμον,
1354 352 1384 378 οὐ
1415 351 1551 386 δευτέροις
1576 351 1708 387 τιμᾶσθαι
1736 353 1934 387 σημάντροιςί

1126 397 1183 423 ἀλλ’
1200 397 1251 432 ἤδη
1273 397 1435 429 κολάζεσθαι
1456 397 1508 432 χρὴ
1520 418 1526 429 ,
1546 398 1593 424 καὶ⁵
1607 398 1656 433 τῆς
1674 398 1853 434 ἀνανδρείεις
1874 398 1934 424 ἀπα

1124 443 1244 470 τιννύναι
1259 443 1365 477 λόγως·
1384 443 1429 470 τὸν
1448 444 1540 476 αὐτὸν,
1556 441 1643 479 οῐμαί,
1658 445 1796 481 προσήκει
1813 445 1934 480 τρόπον

1124 490 1188 521 τοὺς
1202 489 1274 516 οὕτω
1291 489 1398 525 σιπτήν
1407 498 1437 516 τε
1449 489 1497 516 καὶ
1513 489 1678 524 ὰξιῶγαστον
1694 491 1934 529 περιυβρίζοντσι

1125 536 1215 571 χάριν,
1233 536 1264 563 οὐ
1287 536 1334 563 τοῦ
1350 536 1482 573 δευτέρου
1496 536 1630 572 τιμᾶσθαι
1650 536 1816 572 Πνεὺματος
1839 537 1934 564 δόσει

1125 582 1174 618 τῆς
1189 581 1301 618 πρώτης
1324 582 1523 618 ἁθετουμένης,
1536 582 1598 610 ἀλλ’
1614 583 1665 619 ἢδη
1687 585 1799 616 ποιναῖς
1814 582 1934 610 ὑππωιεὶἼ

1126 628 1188 655 σθαι
1201 628 1311 664 πρέπει.
1327 629 1389 656 Ὀτι
1401 628 1456 664 γὰρ
1476 629 1539 660 τοὺς
1552 628 1626 663 ἆπαξ
1638 631 1885 665 πεφωτισμένους
1904 631 1934 662 ait

1125 674 1204 701 τοῦτο
1223 675 1291 702 ἰέναι
1311 675 1446 711 προσήκει
1467 675 1580 711 γνώμης
1595 695 1602 707 ,
1619 677 1666 703 καὶ
1686 677 1878 712 ἑδραιότητος
1897 676 1934 703 λοι

1124 720 1244 754 γισμῶν,
1258 719 1296 752 ὡς
1310 721 1411 747 ειδέναι
1426 721 1479 756 ’μὲν
1492 721 1539 748 ἕνα
1552 721 1599 748 τὸν
1613 720 1693 756 φύσει
1708 722 1788 754 Θεὸν,
1804 731 1934 757 καταμυ

1125 765 1271 793 σάττεσθαι
1280 766 1310 793 δὲ
1318 767 1381 798 τοὺς
1387 766 1430 793 ἓτε
1434 767 1480 802 ρόν
1487 775 1512 793 τι
1520 767 1598 802 παρὰ
1605 766 1684 794 τοῦτο
1694 776 1706 794 ε
1711 768 1808 803 ίισηγου
1813 768 1934 803 μένους

1125 813 1170 839 καὶ
1187 812 1408 848 ὲπιθυμημάτων
1425 813 1562 840 ποιεὶοθαι
1579 813 1734 846 κάλλιστον,
1753 815 1785 841 τὸ
1800 815 1934 849 ἐπιθρεῖμ

1125 867 1201 885 σκειν
1214 859 1344 891 εἰδώλοις,
1361 860 1409 886 καὶ
1420 860 1575 886 κατασείειν
1587 860 1678 892 ναοὺς,
1694 862 1741 887 καὶ
1756 862 1843 888 οὐδὲν
1859 863 1934 896 ἡγεῖ

1125 904 1188 931 σθαι
1203 905 1238 932 τὰ
1258 905 1393 940 Ἑλλήνων
1411 905 1571 940 σεϐάσματα
1581 926 1588 938 ,
1604 906 1652 932 καὶ
1666 906 1781 941 ἀρχαῖος
1793 908 1885 941 ἡμᾶς
1903 907 1934 932 δῇ

1088 944 1110 972 Β
1123 950 1198 983 δάξει
1210 950 1299 984 λόγος.
1314 951 1475 986 Γέγραπται
1487 950 1540 985 γὰρ
1551 951 1579 976 ὲν
1591 952 1646 982 τοῖς
1668 951 1809 987 Ἀριομοίς
1818 961 1828 967 -
1852 963 1866 977 ‹-
1883 951 1934 978 Καί

1123 994 1240 1032 ὲλάλησε
1267 997 1371 1032 Κύριος
1396 997 1464 1032 πρὸς
1492 997 1595 1032 Μωσῆν
1622 997 1668 1024 ἐπὶ
1693 998 1805 1033 δυσμῶν
1842 997 1934 1024 bimi!

1124 1043 1202 1078 παρὰ
1215 1043 1261 1069 τὸν
1284 1043 1422 1078 Ἰορδάνην
1440 1043 1512 1069 κατὰ
1534 1043 1651 1078 Ὶεριχὼ,
1673 1043 1761 1077 λέγων
1774 1051 1781 1058 ·
1797 1044 1934 1079 Λὰλησοι

1122 1089 1180 1120 τοῖς
1194 1088 1262 1120 υἱοῖς
1283 1088 1409 1124 Ίσραὴλε
1433 1088 1481 1114 καὶ
1497 1089 1571 1124 ὲρεῖς
1593 1088 1662 1124 πρὸς
1679 1089 1794 1121 αΰτοὺς·
1832 1090 1934 1125 ’Ὑμεῖς

1122 1134 1276 1166 διαδαίνετε,
1295 1135 1340 1161 τὸν
1361 1135 1498 1171 Ἰορδάνην
1520 1136 1561 1168 εἰς
1576 1135 1627 1171 γῆν
1644 1136 1767 1166 Χαναὰν.
1790 1137 1847 1163 καὶ
1881 1138 1934 1163 ἀπ-

1123 1181 1213 1207 ολεῖτε
1227 1180 1332 1212 πάντας
1344 1182 1409 1213 τοὺς
1421 1181 1612 1214 κατοικοῦντας
1629 1182 1659 1207 ἐν
1673 1184 1705 1217 τῇ
1721 1184 1757 1218 γῇ
1770 1183 1827 1218 πρδ
1842 1192 1934 1219 προσ-

1121 1225 1196 1253 ώπου
1213 1226 1302 1261 ὑμῶν.
1331 1227 1386 1253 Καὶ
1413 1227 1536 1262 ἑξαρεῖτε
1555 1227 1603 1260 τὰς
1621 1229 1739 1260 σκοπιὰς
1752 1229 1864 1261 αὐτῶν,
1887 1230 1934 1256 καὶ

1122 1272 1214 1300 πάντα
1229 1272 1263 1299 τὰ
1286 1273 1383 1300 εἴδωλα
1398 1273 1433 1300 τὰ
1448 1273 1572 1308 χωνευτέι
1588 1274 1677 1300 αὐτῶν
1692 1275 1822 1302 ἀπολεῖτε
1845 1276 1934 1307 αὐτὰ,

1122 1318 1170 1345 καὶ
1187 1318 1278 1350 πάσας
1293 1318 1344 1351 τὰς
1362 1318 1463 1354 στήλας
1477 1319 1568 1346 αὐτῶν
1582 1320 1716 1356 ὶξαρεῖτε.
1738 1330 1749 1347 ι
1766 1321 1878 1357 Συνιης
1891 1323 1934 1351 δτι

1121 1364 1185 1396 τοὺς
1198 1364 1437 1400 παρελθόντας-τὸν
1456 1365 1604 1400 Ἰορδάνην,
1627 1366 1762 1400 ὲκνμέσου
1781 1367 1929 1394 ποιεῖσθαι

1121 1411 1175 1446 χρὴ
1201 1410 1309 1446 βωμοὺς
1334 1411 1383 1437 καῖ
1403 1411 1504 1446 τεμένη
1520 1432 1527 1444 ,
1547 1412 1594 1438 καὶ
1620 1412 1714 1445 αὐτοῖς
1731 1412 1864 1445 εἰδώλοις
1883 1415 1929 1440 καὶ

1122 1455 1237 1490 στήλαις
1253 1456 1452 1491 ἀναμοχλεύειν
1465 1453 1598 1492 ἀμελητῆ
1619 1457 1658 1489 ὼς
1668 1459 1699 1485 τό
1715 1467 1746 1492 γε
1762 1459 1857 1493 φειδὼ
1873 1461 1930 1491 τοῖς

1120 1501 1343 1537 τοιούτοιςτυχὸν
1356 1502 1504 1538 ἀπονέμειν
1520 1504 1615 1535 κακοῖς
1631 1504 1749 1540 μήνυσις
1761 1505 1799 1531 ἃν
1813 1505 1929 1538 γένοιτο

1121 1547 1221 1582 σαφὴς.
1235 1548 1281 1574 τοῦ
1299 1548 1340 1584 μὴ
1350 1549 1509 1584 ὲρηρεῖσοαι
1526 1549 1627 1582 καλῶς,
1643 1550 1711 1586 μήτε
1725 1550 1782 1587 μὴν
1799 1552 1927 1578 ἀκαται-

1119 1594 1211 1620 τίατον
1221 1594 1260 1629 τῷ
1274 1594 1333 1629 Θεῷ
1347 1595 1396 1630 τὴν
1411 1595 1525 1631 καρδίαν
1538 1597 1680 1631 ἀφιεροῢν,
1705 1598 1798 1624 καίτοι
1812 1598 1930 1632 λέγοντι

279 1633 353 1661 «Non
369 1635 499 1664 adorabis
515 1637 581 1666 deos
595 1639 728 1674 ipsorum,
744 1649 834 1677 neque
847 1643 922 1670 coles
935 1651 999 1676 eos;
1010 1652 1064 1672 non

1120 1639 1214 1674 σαφῶς
1229 1640 1293 1676 περὶ
1307 1640 1361 1666 τῶν
1375 1629 1467 1668 γὰθέιιέν
1483 1641 1530 1668 καὶ
1549 1629 1676 1678 ¹ιιξονηρῶν
1688 1651 1695 1657 ·
1711 1652 1721 1669 ί
1739 1643 1780 1669 Οὐ
1795 1629 1918 1679 προ-σκυ-

274 1678 359 1707 facies
372 1681 449 1723 jqxta
459 1690 542 1717 opera
559 1691 667 1717 eorum,
685 1685 732 1714 sed
745 1685 913 1716 destruendo
928 1688 1064 1723 destrues,

274 1727 484 1754 etcontcrendo
508 1733 637 1757 conteres
660 1731 755 1759 titulos
783 1739 890 1767 eorum,
911 1739 939 1761 et
962 1736 1066 1763 servies

274 1771 391 1800 Domino
415 1774 472 1802 Deo
486 1779 551 1808 tuo;
577 1780 606 1804 et
631 1776 793 1806 benedicam
814 1787 911 1814 pncm
936 1786 1066 1814 tuum,et

273 1816 369 1845 vinum
384 1822 472 1852 tuum,
486 1825 514 1848 et
525 1829 624 1856 aquam
647 1827 733 1856 tuam,
751 1828 780 1851 et.
789 1829 911 1852 avertam
921 1826 1066 1855 inﬁrmita-

274 1866 329 1890 tem
346 1872 361 1891 a
381 1865 477 1899 vobis;
502 1875 557 1894 non
574 1868 628 1896 erit
649 1869 795 1898 infecunda
809 1879 899 1907 neque
921 1874 1024 1902 sterilis
1037 1875 1064 1902 in

273 1911 346 1936 terra
360 1913 415 1944 tua,
434 1919 582 1940 numerum
606 1913 715 1942 dierum
739 1920 849 1944 tuorum
873 1918 991 1952 explebo
1002 1919 1034 1946 ⁸⁸.
1052 1929 1061 1945 ι

272 1954 367 1990 Neque
388 1957 462 1983 enim
477 1951 521 1985 est
531 1958 692 1994 obscurum,
713 1961 781 1996 quin
807 1962 968 1991 hominibus
990 1965 1064 1993 bene

272 2001 453 2035 conﬁrmatis,
471 2009 498 2032 et
515 2012 549 2032 ex
569 2005 674 2042 integra
686 2012 778 2036 mente
799 2009 992 2038 universorum
1007 2011 1064 2039 Deo

272 2046 384 2080 deditis,
401 2053 485 2084 atque
511 2050 572 2085 ejus
590 2052 632 2079 rei
652 2053 839 2082 certissimum
869 2062 1063 2091 argumentum

271 2094 395 2128 praebere
413 2095 599 2130 studentibus,
618 2098 749 2133 idipsum,
766 2101 839 2136 quod
860 2109 922 2130 aras
937 2107 966 2130 et
994 2103 1062 2130 titu-

271 2138 322 2172 los,
339 2143 367 2166 et
382 2140 488 2168 ludicra
501 2141 645 2171 hominum
662 2149 753 2173 mente
769 2151 970 2183 corruptorum
983 2157 1063 2178 ever-

271 2188 343 2220 tunt,
359 2186 453 2215 divina
471 2188 507 2216 sit
518 2188 574 2217 illis
585 2189 657 2218 dona
665 2192 889 2224 conciliaturum.

241 2356 246 2362 κ
302 2324 400 2353 PALL.
417 2326 517 2354 Verum
534 2331 585 2355 est.

302 2370 380 2398 CYR.
391 2372 470 2405 Nam,
481 2374 505 2400 si
517 2381 599 2401 manu
611 2373 742 2403 fabricata
758 2376 904 2406 simulacra
912 2379 1057 2409 destruxe-

267 2415 317 2448 ris,
334 2417 434 2452 inquit,
449 2426 480 2445 ac
492 2419 548 2446 Deo
559 2419 687 2447 servieris
699 2429 790 2449 mores
801 2422 909 2450 illorum
931 2433 1055 2461 perosus,

270 2471 280 2487 ι
291 2461 454 2490 Benedicam
466 2471 563 2498 panem
575 2468 664 2498 tuum,
675 2470 703 2493 et
712 2467 807 2494 vinum
819 2472 907 2502 tuum,
921 2474 948 2498 et
959 2479 1057 2506 aquam

266 2511 352 2534 tuam.
374 2517 383 2533 ι
399 2508 528 2544 Mysticus
544 2510 591 2538 hic
605 2519 696 2539 sermo
708 2516 750 2540 est
760 2517 841 2549 atque
854 2515 981 2550 abditus;
993 2526 1057 2545 nam

265 2552 382 2580 sinceris
389 2553 437 2580 Dei
449 2554 602 2583 cultoribus
614 2556 659 2584 illa
669 2556 770 2585 Christi
780 2559 974 2594 mysteriorum
982 2569 1058 2590 com-

264 2597 425 2629 municatio,
443 2602 471 2625 et
490 2601 577 2628 sancti
596 2601 768 2636 baptismatis
779 2604 865 2639 gratia
879 2605 912 2632 ad
925 2607 1056 2641 spiritua-

263 2642 317 2670 lem
329 2643 551 2673 benedictionem
563 2647 650 2681 valet;
660 2648 695 2676 iis
713 2653 804 2677 autem
817 2651 864 2686 qui
877 2651 979 2687 duplici
990 2658 1054 2682 sunt

248 2689 354 2746 lldhuc
366 2690 468 2742 animo,
484 2695 512 2719 et.
531 2692 565 2720 ad
586 2693 768 2723 defectionem
790 2699 818 2723 et
835 2698 972 2731 apostasia
990 2707 1052 2735 spe-

246 2736 354 2783 ,‘clant,
376 2736 417 2764 ira
444 2741 472 2765 et
492 2739 696 2773 condemnatio,
714 2744 743 2768 et
770 2742 906 2769 malorum
928 2745 1051 2773 omnium

261 2782 388 2809 cumulus
407 2786 450 2810 est
469 2783 544 2812 illius
561 2785 712 2821 spiritualis
727 2787 930 2816 benedictionis
954 2797 1051 2825 peree-

294 2857 317 2874 ⁶⁶
329 2857 413 2887 Hebr.
426 2869 453 2894 Χ,
466 2860 510 2890 29.

298 2915 337 2952 (Ι)
354 2917 396 2945 ΔΙ.
411 2919 466 2947 Καὶ
482 2919 536 2956 γὰρ
548 2921 597 2957 οὐχ
611 2919 692 2958 ἧττόν
705 2931 731 2949 τι
743 2931 767 2950 τ.
782 2923 806 2950 δ.
823 2932 847 2953 τ.
863 2933 892 2960 μ.
911 2924 997 2952 ἔσται.

1118 1687 1211 1721 νήσεις
1226 1688 1281 1718 τοῖς
1297 1687 1369 1720 θεοῖς
1382 1687 1482 1721 αὐτῶν,
1500 1688 1555 1715 οὐδ’
1571 1689 1601 1715 οὐ
1617 1688 1654 1724 μὴ
1667 1689 1828 1726 λατρεύσῃς
1851 1690 1924 1718 κατὰ

1116 1733 1150 1759 τὰ
1164 1732 1231 1768 ἔργα
1246 1733 1348 1766 αὐτῶν,
1362 1734 1430 1761 ἀλλὰ
1446 1735 1607 1772 καθαιρέσει
1621 1738 1766 1771 καθελεῖς,
1788 1740 1842 1767 καὶ
1859 1749 1922 1766 συν-

1117 1778 1217 1813 τρίϐων
1231 1779 1387 1815 συντρίψεις
1399 1781 1448 1813 τὰς
1464 1783 1564 1818 στήλας
1576 1784 1676 1816 αὐτῶν,
1690 1786 1738 1812 καὶ
1753 1786 1923 1821 λατρεύσεις

1116 1825 1213 1861 Κυρίῳ
1229 1826 1267 1861 τῷ
1282 1827 1341 1863 Θεῷ
1364 1836 1411 1855 σου
1425 1849 1432 1860 ,
1457 1829 1504 1856 καὶ
1526 1830 1667 1866 εὐλογήσω
1687 1832 1733 1858 τὸν
1749 1832 1839 1868 ἄρτον
1863 1843 1923 1866 σου,

1116 1871 1164 1898 καὶ
1178 1872 1223 1899 τὸν
1240 1871 1310 1900 οἶνόν
1328 1882 1374 1900 σου
1389 1894 1396 1905 ,
1409 1875 1456 1901 καὶ
1469 1875 1500 1901 τὸ
1516 1875 1587 1911 ὕδωρ
1604 1885 1650 1903 σου
1662 1884 1670 1892 ³
1687 1878 1735 1904 καὶ
1746 1878 1925 1915 ἀποστρέψει)

1118 1918 1255 1953 μαλακίαν
1271 1920 1318 1954 ἀφ’
1346 1920 1423 1955 ὑμῶν
1433 1929 1440 1936 ·
1457 1921 1507 1948 οὐκ
1525 1921 1601 1949 ἔσται
1621 1922 1728 1957 ἄγονος,
1741 1925 1805 1952 οὐδὲ
1821 1928 1921 1961 στεῖρα

1116 1965 1162 1991 ἐπὶ
1178 1966 1228 2001 τῆς
1251 1966 1302 2001 γῆς
1328 1975 1394 1999 σου,
1423 1967 1469 1994 τὸν
1492 1968 1610 2003 ἀριθμὺν
1640 1969 1694 1996 τῶν
1720 1971 1840 2007 ἡμερῶν
1872 1982 1921 1999 σου

1115 2012 1318 2048 ἀναπληρώσω.
1342 2023 1352 2040 ι
1372 2015 1450 2040 Ἔστι
1464 2015 1519 2050 γὰρ
1536 2016 1586 2042 οὐκ
1602 2017 1776 2052 ἀσυμφανές,
1795 2019 1836 2050 ὡς
1861 2021 1920 2051 τοῖς

1114 2057 1185 2091 ἄγαν
1204 2058 1412 2094 ὲρηρεισμὲνοις
1434 2060 1481 2086 καὶ
1496 2061 1527 2092 ἐξ
1542 2060 1633 2095 ὑγιοῦς
1655 2063 1775 2095 διανοίας
1793 2064 1835 2099 τῷ
1863 2065 1920 2091 τῶν

1114 2103 1183 2130 ὅλων
1210 2104 1268 2139 Θεῷ
1293 2106 1502 2140 προσκειμένοις
1517 2126 1525 2138 ,
1547 2107 1685 2141 ἀπόδειξίν
1709 2117 1739 2135 τε
1763 2109 1813 2136 τοῦ
1841 2110 1919 2146 τερα⁹

1114 2157 1219 2184 γματος
1235 2151 1338 2186 ἐναργῆ
1363 2151 1499 2178 ποιεῖσθαι
1526 2153 1727 2189 μεμελετηκότι
1743 2175 1750 2186 ,
1766 2155 1799 2181 τὸ
1822 2164 1918 2183 κατα-

1114 2196 1198 2222 σείειν
1212 2195 1322 2231 βωμούς
1345 2205 1374 2224 τε
1391 2197 1438 2224 καὶ
1457 2198 1570 2234 στήλας,
1588 2199 1635 2226 καὶ
1647 2200 1804 2236 ἀνθρώπιον
1825 2202 1914 2238 ἀθύρ-

1115 2249 1188 2276 ματα
1203 2241 1442 2278 παρεφθαρμένων
1458 2243 1503 2270 τὸν
1520 2244 1600 2278 νοῦν,
1625 2244 1706 2272 θείων
1732 2245 1812 2274 ἔσται
1831 2257 1915 2285 χαριι

1075 2307 1097 2335 D
1114 2286 1227 2321 σμάτων
1244 2287 1385 2323 πρόξενον.

1148 2332 1253 2360 ΠΔΛΛ.
1277 2334 1400 2369 Ἀληθές.

1146 2379 1230 2406 ΚΥΡ.
1250 2379 1282 2406 Et
1305 2380 1360 2416 γὰρ
1375 2381 1408 2416 δὴ
1429 2381 1547 2418 καθέλῃς
1562 2383 1595 2410 τὰ
1617 2385 1808 2420 χειροποιητὰ,
1829 2387 1921 2422 (pne?

1109 2423 1288 2461 λατρεύσειάς
1307 2434 1337 2453 τε
1356 2427 1427 2462 Θεῷ,
1444 2427 1480 2454 τὰ
1500 2431 1565 2464 παρ’
1585 2430 1700 2462 ἐκείνοις
1711 2431 1759 2466 ἔθη
1786 2441 1899 2468 μεμιση

1110 2470 1176 2505 κὼς,
1194 2480 1204 2497 ι
1225 2472 1374 2508 Εὐλογήσω
1396 2474 1442 2501 τὸν
1458 2474 1540 2509 ἄρτον
1561 2484 1617 2509 σου,
1636 2477 1682 2503 καὶ
1696 2477 1743 2504 τὸν
1758 2475 1832 2504 οἶνόν
1851 2488 1911 2506 σου.

1109 2517 1156 2543 καὶ
1171 2517 1202 2544 τὸ
1218 2517 1290 2553 ὓδωρ
1311 2527 1368 2546 σου.
1390 2529 1400 2545 ι
1427 2521 1566 2553 Μυστικδς
1591 2523 1608 2548 ὁ·
1627 2522 1706 2556 λόγος
1733 2524 1781 2550 καὶ
1809 2524 1914 2558 βαθύς·

1107 2562 1164 2594 τοῖς
1180 2562 1234 2598 γὰρ
1257 2563 1316 2599 Θεῷ
1331 2565 1463 2599 γνησίοις,
1490 2567 1558 2602 πρὸς
1576 2567 1701 2602 εὐλογίας
1725 2568 1804 2596 ἔσται
1825 2578 1912 2597 πνευ-

1109 2610 1238 2644 ματικῆς.
1253 2610 1308 2636 τῶν
1320 2610 1366 2636 τοῦ
1382 2611 1500 2647 Χριστοῦ
1516 2614 1702 2650 μυστηρίωνή
1717 2615 1842 2650 μέθεξις,
1863 2618 1911 2644 καὶ

1107 2654 1124 2689 ἡ
1139 2654 1182 2682 διὰ
1197 2655 1244 2681 τοῦ
1261 2655 1337 2690 ἁγίου
1354 2657 1544 2693 βαπτίσματος
1561 2660 1650 2695 χάρις.
1668 2655 1730 2691 Τοῖς
1747 2669 1780 2695 γε
1796 2662 1854 2697 μὴν
1872 2663 1910 2689 δι-
1931 2666 1934 2672 ⁴

1105 2700 1237 2736 ψυχοῡσιν
1255 2702 1311 2735 ἔτι,
1332 2705 1524 2740 κεκινημένοις
1543 2707 1582 2738 είς
1595 2706 1757 2739 ἀπόστασιν,
1773 2709 1847 2744 ὀργὴ
1861 2711 1908 2736 καὶ

1105 2748 1275 2783 κατάκριμα·
1296 2750 1342 2777 καὶ
1362 2750 1388 2776 τί
1402 2751 1456 2786 γὰρ
1472 2751 1533 2787 οὐχὶ
1547 2751 1601 2778 τῶν
1617 2752 1722 2786 δεινῶν,
1738 2754 1770 2780 τὺ
1786 2755 1906 2789 μεταλα-

1105 2794 1163 2828 χεῖν
1170 2794 1227 2821 ἔστι
1236 2795 1275 2831 (Ι)
1290 2796 1339 2831 τῆς
1347 2796 1473 2832 εὐλογίας
1482 2797 1532 2834 τῆς
1542 2799 1730 2834 πνευματικῆς
1740 2809 1747 2833 ;
1756 2801 1806 2827 καὶ
1815 2801 1905 2836 τοῦτο,

561 2867 584 2883 ⁸⁷
599 2863 679 2891 Num.
695 2872 769 2898 um,
782 2865 875 2894 50-52.
914 2867 936 2883 ⁸⁸
948 2867 1035 2896 Exod.
1052 2877 1107 2904 xm,
1119 2870 1214 2899 24—26.
