1934 3042
13 107 49 133 .l7
363 111 407 139 DE
425 112 645 143 ADORATIONE
662 115 698 145 IN
717 118 852 147 SPINTU
870 119 914 148 ET
936 121 1118 152 VERITATE.
1140 126 1204 155 LIB.
1224 128 1267 156 Vl.
1587 136 1640 163 418

13 163 84 200 ἕμαι.
107 167 199 201 ἔστιν,
223 169 236 195 ὃ
260 169 306 195 καὶ
322 170 335 196 ὁ
360 171 441 205 σοφὸς
456 171 508 207 ἔφη
530 173 652 212 Παῦλος,
676 175 716 203 ὅτι
737 187 746 203 ι
772 177 778 186 ¹

15 211 66 225 -n.’.
75 221 98 225 ..ι
127 215 175 225 ,Αμὶ
207 223 217 225 -
229 214 235 225 1
309 215 332 225 ,\
382 216 395 222 α
493 218 499 225 ι
544 217 557 225 τ
647 221 659 225 -
680 222 701 225 __

829 188 836 212 ι
851 179 910 213 ptio
924 189 929 206 :
943 180 1024 216 idque
1039 182 1105 210 illud
1119 189 1170 217 est,
1184 190 1214 213 ut
1225 191 1302 222 puto,
1313 188 1386 223 quod
1397 190 1506 225 sapiens
1517 191 1558 218 vir
1568 191 1639 220 Pau-

15 211 98 238 σῦίων
126 215 178 241 καὶ
204 214 288 242 πίνων
306 215 337 241 τὸ
361 216 439 252 σῶμα
457 218 505 244 καὶ
526 217 596 254 αἷμα
614 221 660 247 τοῦ
680 222 778 257 Χριστο

15 257 118 272 »ιιι-Ειι.-
146 259 305 272 -.--ι...-.,...
322 260 352 272 ι..
374 261 405 272 _,‘
427 263 433 272 ι
457 263 483 272 ιιι
565 265 572 272 ι
618 265 624 272 ο
707 266 713 272 .
743 267 753 272 λ

829 211 834 212 ⁷
849 211 892 252 lus
908 211 995 254 dixit-z
1017 237 1026 253 ι
1046 228 1098 262 Qui
1109 211 1255 265 manducat
1266 211 1375 262 et,blibit
1387 211 1488 264 Chiisti
1500 244 1600 272 corpus
1611 243 1639 265 et

13 257 128 290 ιναξξως,
146 259 307 296 κατάκριμα
322 260 410 297 ἐαυτῷ
425 263 509 290 ὲαθίει
530 265 577 291 καὶ
593 265 661 299 πίει,
684 266 720 303 μὴ
740 267 798 294 δια-

13 302 99 337 ξρὶνων
111 304 147 330 τὸ
161 304 240 340 σῶμα
251 306 363 342 Κυρίου.
377 307 552 343 Δοκιμαζέτω
568 310 623 342 δὲ.»
644 313 736 348 φησὶν,
760 323 768 338 ι
783 315 797 340 ὁ

13 347 146 384 νθρώπος
166 351 274 387 ἑαυτὸν,
286 351 333 379 καὶ
343 352 403 379 τὸτε
414 354 445 380 ἐκ
456 355 502 381 τοῦ
516 355 598 390 ἄρτου
613 357 737 392 ἐσθιέτω,
749 360 796 386 καὶ

14 403 30 420 κ
43 394 92 421 τοῦ
117 397 254 432 ποτηρίου
272 398 385 425 πινέτω·
403 408 412 424 ι
435 399 531 427 Ἔσται
551 402 641 428 τοίνυν
658 404 727 439 πρὸς
748 404 795 431 εὐ-

13 440 101 474 ογὶας,
114 443 204 482 ⁷φησὶ,
219 443 273 469 τῶν
287 444 372 477 ἁγίων
398 447 555 482 μυστηρίων
573 448 588 482 ὴ
605 448 723 482 μέθεξις,
738 452 795 483 τοῖς

13 495 28 512 ε
51 487 89 517 ὡς
113 480 228 523 ἀληθῶς
243 489 460 524 φιλοθεωτάτοις.
480 480 541 518 kal
556 480 794 531 ἀὲιάλλαπὲήᾶονταὶ

13 532 26 558 ὲ
57 533 252 569 μαὶιακισμοῦ,
280 537 413 568 τουτέστι,
439 537 487 564 τοῦ
514 541 602 566 νοσεῖν
628 541 745 577 ἑτοίμως
763 543 793 570 τὸ

13 578 99 604 ιδικεῖν
117 581 253 614 πεφυκὸς,
265 581 311 608 καὶ
324 582 492 618 ὰποκομίζον
507 585 546 616 εἰς
556 585 702 622 ἀνανδρίαν
712 596 718 604 ·
734 589 791 616 ἀλλ’

69 624 171 658 ἄγονος
180 625 268 656 ἔσται.
285 627 377 663 φησὶν,
393 628 422 654 ὲν
436 629 537 661 αὐτοῖς.
552 631 612 658 οὐδὲ
622 633 725 668 στεῖρα.
741 634 790 661 Γο-

13 669 139 705 ηιμωτάτη
151 671 207 707 γὰρ
219 671 293 699 πᾶσα
310 673 434 710 θεοφιλὴς
447 675 493 702 καὶ
503 676 563 703 ὀσια
570 677 654 713 ψυχὴ,
663 680 712 706 καὶ
724 689 791 717 καρ-

13 716 54 747 mi;
76 714 171 750 ἁγίοις
192 720 359 755 κατάκομος,
376 722 448 758 φημὶ
468 722 497 749 δὲ
520 723 551 758 δὴ
572 725 663 760 πάλιν,
690 728 747 759 τοῖς
761 714 790 762 ἐξ

13 761 96 795 ιρετῆς
114 762 187 797 αἰδχὴ
193 773 285 797 μασιν.

31 807 138 834 ΠΑΛΛ.
159 804 226 835 Ὧδε
247 810 327 846 ἐχει.,

849 271 1008 305 sanguinem
1017 272 1142 309 indigne,
1151 275 1287 310 judicium
1299 278 1351 306 sibi
1361 280 1508 308 manducat
1518 271 1635 314 etibibit,

849 322 902 341 non
914 315 1182 354 dijudicauslcorpus.
1193 320 1415 356 Probetautem,»
1427 324 1542 359 inquit,c
1553 325 1636 353 homo

845 367 876 388 se
888 361 992 396 ipsum;
1007 367 1034 390 et
1045 368 1112 392 tunc
1124 365 1157 393 de
1172 373 1242 401 pane
1256 367 1303 394 illo
1314 368 1387 401 edat,
1402 374 1430 396 et
1442 370 1476 397 de
1491 370 1575 398 calice
1591 371 1634 398 bi-

846 405 892 434 bat
911 407 942 434 ".
960 417 969 434 ι
985 408 1021 436 Iis
1036 409 1119 444 igitur
1138 411 1184 445 qui
1195 419 1260 440 vere
1277 413 1325 440 Dei
1344 419 1408 441 sunt
1422 420 1570 450 amatores,
1584 425 1634 454 pro

845 451 1046 487 benedictione,
1062 455 1160 490 inquit,
1176 457 1256 493 178
1269 459 1322 486 erit
1336 460 1382 487 illa
1394 466 1550 489 sanctorum
1573 451 1632 499 my-

845 498 991 526 steriorum
1007 502 1232 536 communicatio;
1248 508 1276 531 et
1295 505 1330 532 ab
1353 505 1509 534 inﬁrmitate
1530 498 1632 537 libera-

844 544 958 578 buntur,
975 545 1002 572 id
1014 550 1066 579 est,
1084 555 1118 574 ne
1132 548 1218 576 libere
1230 549 1255 576 ei
1268 551 1364 578 morbo
1380 553 1570 586 succumbant,
1584 556 1631 590 qui

843 590 927 624 lmdit,
940 595 968 618 et
978 592 1012 619 ad
1025 592 1160 627 ignaviam
1172 595 1299 629 abducit;
1318 605 1406 632 neque
1416 598 1575 632 infecunda,
1589 601 1632 628 in—

842 636 911 670 quit,
921 637 974 663 erit
987 636 1013 664 in
1027 638 1089 671 illis,
1100 646 1188 674 neque
1197 641 1313 668 sterilis:
1324 642 1517 672 fecundissima
1529 646 1630 681 quippe

841 685 883 707 est
898 682 986 709 omnis
998 683 1045 710 Dei
1060 691 1154 712 amans
1169 689 1195 712 et
1216 691 1309 714 sancta
1330 689 1429 722 anima,
1450 694 1478 717 et
1494 691 1631 720 fructibus

841 727 953 760 sanctis,
967 728 1062 763 gloria,
1079 729 1200 765 inquam,
1218 732 1350 760 virtutum
1364 739 1469 763 ornata.

876 814 973 843 PALL.
988 817 1032 845 Sic
1045 826 1074 845 se
1085 827 1130 847 res
1142 819 1234 849 habet.

31 853 113 880 ΚΥΡ.
137 855 355 884 Εὑκατάσειστον
379 858 406 884 δὲ
429 859 478 894 τὴν
503 861 617 896 καρδίαν
644 862 716 898 ἔχειν
739 865 778 892 οὐ)

875 860 953 889 εγιι.
968 862 1037 895 Quia
1053 872 1119 891 vero
1134 867 1260 894 mutabili
1278 868 1361 896 corde
1376 877 1426 897 nos
1441 878 1501 898 esse
1516 871 1628 900 minime

13 899 56 930 ὧν,
73 900 241 937 εὖμηχανῶς
264 904 405 940 ἐπιτρέπει
429 906 497 941 πρὸς
512 907 542 934 τὸ
557 908 611 935 δεῖν
628 909 735 938 ἑλέσθαι
755 912 787 939 τὸ

13 945 111 979 εῆηκὸς
126 947 166 978 εις
183 948 283 980 πίστιν,
299 950 346 976 καὶ
362 951 402 982 εἰς
417 952 557 980 εὐσέϐειαν
571 954 706 989 ἀσφαλέςε
722 957 787 984 ποτὲ

13 991 45 1017 ιὲν
65 992 122 1027 γὰρ
145 992 287 1029 λογισμοῖς
308 997 365 1028 τοῖς
388 997 552 1033 καθήκουσιν
581 1002 786 1035 μεταπαιδεύων

13 1039 82 1064 tie?)
102 1039 227 1074 ἄμεινον,
251 1041 467 1075 ἀποσπουδάζειν
493 1045 609 1079 κελεύει,
637 1046 736 1081 μᾶλλον
757 1048 785 1075 δὲ

13 1084 216 1119 ιποστρέφεσοαι
243 1087 392 1121 παντελῶς,
405 1089 443 1121 ὡς
464 1089 574 1126 ὀλέθρου
599 1091 738 1126 πρόξενον,
755 1094 785 1120 τὸ

13 1128 67 1155 ιύειν
81 1130 203 1163 εἰδώλοις
217 1131 233 1167 ἦ
256 1135 430 1168 προσκυνεῖν.
449 1135 574 1171 διαϐολῆς
593 1138 642 1173 τῆς
656 1138 782 1174 ἐσχάτης,

13 1177 93 1203 ιᾶλλον
106 1177 135 1204 δὲ
146 1178 306 1212 δυσσεσεῖας
318 1180 367 1215 τῆς
381 1182 511 1209 ἀνωτάτω
523 1183 631 1216 δεικνὺς
641 1185 783 1214 ἀνάπλεων

13 1222 43 1257 ὴν
60 1223 165 1250 τοιάνδε
180 1225 267 1251 νόσον·
282 1226 346 1253 ποτὲ
360 1227 388 1253 δὲ
403 1228 451 1254 καὶ
466 1228 560 1263 φόὸον,
579 1230 625 1257 τὸν
639 1232 686 1258 τοῦ
702 1233 783 1259 κολά-

13 1270 86 1295 εσθαι
110 1269 194 1304 λέγω,
214 1272 386 1307 παιδαγωγὸν
404 1274 498 1310 ὥσπερ
519 1276 581 1302 τινὰ
597 1277 644 1303 καὶ
661 1280 782 1312 γενναῖον

13 1316 57 1349 ,μὶν
72 1317 225 1352 ἐπιστήσας
245 1318 364 1353 φύλακα,
379 1321 539 1356 περιτρέπει
556 1324 724 1359 πανταχόθεν
736 1326 782 1352 ἐπὶ

13 1360 26 1387 li
49 1362 165 1398 ἀρέσκον
190 1364 273 1400 αὐτῷ.
298 1366 352 1393 Kal
378 1367 443 1401 γοῦν
467 1368 496 1394 ἐν
515 1367 553 1403 τῷ
580 1369 780 1408 Δευτερονομίῳ

13 1407 74 1440 μησὶν
93 1409 107 1434 ὁ
128 1409 264 1445 μακάριος
284 1411 387 1447 Μωσῆς
400 1420 406 1426 ·
425 1422 434 1438 ι
453 1413 509 1440 Καὶ
534 1414 620 1442 ταῦτα
645 1416 680 1444 τὰ
697 1426 781 1453 προσ-

13 1453 117 1488 inter:
134 1455 182 1482 καὶ
204 1455 240 1482 τὰ
262 1457 394 1493 κρίματα,
410 1458 586 1494 ἃφυλάξεσθε
608 1462 654 1489 τοῦ
668 1463 779 1498 ποιῆσαι

838 905 950 939 patitur,
968 906 1115 936 artiﬁciose
1130 909 1164 936 ad
1184 911 1361 940 stabilitatem
1381 913 1444 941 ﬁdei
1465 915 1627 952 pietatisque

837 949 994 979 ﬁrmitatem
1015 954 1231 989 amplectendam
1253 958 1388 986 convertit
1407 968 1413 986 :
1430 949 1627 996 nonnunquam

837 996 910 1022 enim
928 998 1157 1027 convenientibus
1176 1001 1330 1030 rationibus
1342 1003 1375 1030 ad
1395 1004 1421 1031 id
1443 1006 1516 1039 quod
1531 1007 1628 1035 melius

835 1045 878 1068 est
903 1043 1058 1077 traducens,
1072 1045 1208 1075 idolorum
1222 1048 1387 1076 sacriﬁcium
1403 1050 1626 1081 adorationemve

835 1089 983 1125 negligere,
996 1091 1050 1119 imo
1061 1100 1127 1120 vero
1136 1095 1260 1122 aversari
1272 1103 1396 1131 prorsus,
1411 1101 1442 1125 ut
1455 1098 1550 1126 mortis
1561 1107 1626 1127 con-

835 1136 995 1164 ciliatricem
1005 1139 1099 1174 jubet;
1113 1140 1248 1175 ejusmodi
1261 1142 1386 1169 morbum
1401 1144 1555 1178 gravissimi
1568 1145 1624 1173 cri-

834 1182 926 1215 minis,
938 1184 994 1211 imo
1005 1192 1071 1212 vero
1083 1191 1212 1214 extrema:
1225 1187 1372 1222 impietatis
1384 1189 1493 1224 plenum
1505 1198 1565 1218 esse
1577 1191 1625 1219 de.
1671 1193 1678 1199 ”

833 1232 988 1257 monstrans
1007 1239 1013 1257 ε
1032 1238 1229 1267 nonnunquam
1248 1241 1314 1260 vero
1326 1239 1440 1267 metum,
1462 1243 1559 1270 ptume,
1579 1237 1622 1264 in-

833 1279 925 1307 quam,
938 1272 1123 1308 formidinem,
1141 1276 1226 1304 veluti
1243 1277 1418 1314 pmdagogum
1436 1280 1564 1314 aliquem,
1579 1285 1622 1309 at-

832 1326 884 1352 que
908 1327 1034 1348 severum
1057 1322 1208 1355 custodem,
1231 1323 1312 1351 nobis
1331 1332 1481 1359 opponens,
1498 1326 1622 1361 undique

831 1365 865 1392 ad
886 1366 912 1393 id
931 1367 1003 1402 quod
1019 1368 1071 1396 sibi
1091 1369 1183 1404 placet
1203 1369 1323 1397 adducit.
1337 1370 1431 1406 Itaque
1446 1371 1474 1398 in
1487 1372 1621 1400 Deutero-

831 1413 923 1440 nomio
950 1414 1038 1450 inquit
1051 1415 1148 1443 beatus
1168 1415 1294 1452 Moyses:
1314 1427 1323 1443 ι
1339 1417 1373 1445 Et
1394 1417 1451 1445 hac
1465 1422 1529 1445 sunt
1549 1427 1620 1454 prae-

831 1463 948 1494 cepta-et
957 1460 1061 1496 judicia
1079 1469 1139 1496 qua:
1160 1462 1317 1495 servabitis,
1332 1467 1362 1490 ut
1374 1463 1480 1491 faciatis
1507 1464 1534 1491 in
1548 1469 1620 1493 terra

14 1501 39 1525 πὶ
57 1501 104 1535 τῆς
128 1503 192 1537 γῆς,
218 1503 251 1538 ἦν
265 1504 364 1540 Κύριος
381 1506 395 1532 ὁ
409 1505 474 1537 θεὸς
487 1506 540 1533 τῶν
561 1508 687 1543 πατέρων
702 1509 778 1544 ὑμῶν

14 1544 95 1562 ῗὶμρ...
112 1547 178 1562 .”...τ..
193 1549 221 1562 ι..
236 1549 327 1562 ..\.L__,
344 1550 431 1562 _I_-_4
445 1553 471 1562 _;
486 1561 492 1562 κ
507 1553 518 1562 ,e
553 1553 559 1562 ι
647 1554 658 1562 .
704 1555 711 1562 .
753 1557 764 1562 -

830 1512 912 1540 quam
925 1505 1058 1534 Dominus
1070 1507 1143 1534 Deus
1150 1511 1264 1542 patrum
1275 1512 1435 1548 vestroruml
1444 1509 1490 1537 dat
1502 1510 1579 1538 vobis
1592 1511 1620 1538 in

13 1544 95 1573 ἴδωσιν
112 1547 178 1582 ὑμῖν
192 1549 221 1574 ὲν
236 1549 329 1585 κλήρῳ
342 1550 431 1583 πάσας
443 1553 492 1583 τὰς
506 1553 622 1588 ἡμέρας,
646 1554 678 1586 ἃς
700 1555 778 1590 ὑμεῖς

830 1553 1040 1586 possessionem,
1063 1553 1191 1581 omnibus
1213 1554 1312 1582 diebus
1337 1555 1438 1590 quibus
1459 1563 1509 1583 vos
1528 1556 1621 1584 vivitis

13 1591 55 1626 ἦτε
72 1593 118 1619 ἐπὶ
136 1594 189 1629 τῆς
207 1595 268 1631 γῆς.
300 1596 435 1633 Ἀπωλείᾳ
449 1598 574 1625 ἀπολεῖτε
589 1600 692 1632 πάντας
714 1601 778 1633 τοὺς

13 1637 96 1670 ἥττους,
110 1640 140 1665 ὲν
161 1638 203 1672 οἷς
230 1641 398 1678 ἐλάτρευσαν
421 1644 480 1670 ἐκεῖ
503 1644 537 1671 τὰ
554 1644 619 1681 ἔθνη
638 1648 694 1678 τοῖς
707 1646 777 1679 θεοῖς

13 1682 88 1716 eram
101 1684 149 1717 οὓς
163 1686 243 1721 ὑμεῖς
254 1687 444 1723 κληρονομεῖτε
456 1690 553 1722 αὐτοὺς
569 1691 615 1718 ἐπὶ
627 1692 680 1718 τῶν
692 1692 777 1728 ὀρέων

15 1728 47 1755 ὦν
62 1730 181 1766 ὑψηλῶν,
201 1732 249 1759 καὶ
264 1733 310 1759 ἐπὶ
326 1733 379 1760 τῶν
393 1733 482 1767 θινῶν,
502 1736 548 1762 καὶ
564 1737 693 1764 ὑποκάτω
719 1738 777 1765 δέν-

13 1781 53 1806 pou
66 1774 171 1808 δασέος.
197 1777 252 1804 Καὶ
266 1779 459 1815 τκατασκάψετε
474 1781 538 1812 τοὺς
553 1781 660 1817 βωμοὺς
676 1783 774 1817 αὐτῶν1

13 1818 40 1845 nl
55 1822 213 1858 συντρίψετε
230 1823 280 1856 τὰς
300 1825 400 1860 στήλας
416 1825 517 1858 αὐτῶν,
534 1827 581 1853 καὶ
594 1827 628 1854 τὰ
643 1828 711 1865 ἄλση
725 1829 775 1856 αὐ-

14 1864 45 1891 ῶν
63 1867 204 1903 ἑκκόψετε,
227 1870 274 1896 καὶ
289 1871 323 1898 τὰ
337 1871 443 1905 γλυπτὰ
459 1872 513 1899 τῶν
531 1872 600 1899 θεῶν
613 1874 705 1901 αὐτῶν
720 1883 774 1901 κα-

13 1911 137 1940 ακαὺσετε
151 1915 228 1949 πυρὶ,
240 1916 290 1943 ικαὶ
303 1917 429 1944 ἀπολεῖτε
440 1918 470 1944 τὸ
480 1918 565 1954 ὖνομα
576 1919 665 1946 αὐτῶν
682 1921 714 1947 ὲκ
726 1921 773 1948 τοῦ

13 1956 70 1983 ὁπου
85 1959 200 1987 ἐκείνου.
217 1971 226 1986 ι
242 1962 273 1988 οι
284 1962 333 1997 μὲν
354 1963 488 1999 Ἐλλήνων
503 1965 580 1999 σοφοὶ
592 1965 639 1992 καὶ
651 1965 772 2000 λογάδες,

13 2005 95 2037 atq-tul
114 2006 144 2032 δὲ
166 2006 294 2041 μάλιστα,
307 2008 433 2044 ὸρειάδας
446 2009 521 2042 τινὰς
537 2011 584 2037 καὶ
597 2011 773 2047 ἁμαδρυάδας

13 2050 146 2083 νομάζουσι
166 2053 284 2089 νύμφας,
310 2055 370 2090 ἦτοι
393 2055 532 2091 δαίμονας.
560 2057 620 2084 Εισὶ
633 2057 660 2084 δὲ
684 2058 709 2084 οἳ
725 2059 772 2086 καὶ

13 2095 45 2126 οἷς
67 2097 135 2124 κατὰ
160 2099 242 2126 τόπον
270 2099 399 2136 ὑψώμασι
416 2102 480 2134 τοὺς
496 2101 571 2138 παρὰ
596 2103 672 2137 σφίσι
688 2105 771 2139 τιμᾷν

13 2141 115 2175 Ιρημένοι
129 2142 219 2175 θεοὺς,
234 2144 341 2180 βωμοὺς
355 2145 476 2178 ἱστάντες
489 2147 518 2173 ὲν
527 2146 614 2182 Βρεσι,
631 2147 770 2183 βουθυτεῖν

828 1605 912 1633 super
935 1603 1046 1626 terram.
1062 1599 1220 1628 Perditione
1240 1601 1363 1636 perdetis
1385 1602 1476 1629 omnia
1496 1602 1565 1636 loca,
1589 1603 1618 1631 in

828 1643 929 1678 quibus
943 1645 1098 1672 servierunt
1108 1649 1207 1680 gentes
1228 1646 1280 1673 diis
1300 1654 1407 1679 eorum,
1422 1655 1483 1682 quae
1493 1655 1542 1675 vos
1553 1656 1618 1683 pos-

827 1688 961 1722 sidebitis,
974 1689 1001 1717 in
1018 1691 1158 1719 montibus
1168 1692 1295 1725 excelsis,
1308 1697 1335 1720 et
1346 1693 1374 1719 in
1387 1693 1512 1725 collibus,
1527 1698 1555 1721 et
1564 1694 1617 1722 sub

826 1735 925 1762 arbore
936 1743 1021 1771 opaca
1037 1744 1044 1763 :
1055 1740 1084 1764 et
1093 1738 1225 1765 evertetis
1237 1746 1299 1766 aras
1309 1745 1416 1770 eorum,
1429 1742 1457 1765 et
1468 1739 1617 1767 conteretis

826 1779 921 1808 titulos
941 1788 1048 1814 eorum,
1069 1786 1098 1809 et
1116 1783 1193 1810 lucos
1207 1790 1304 1810 eorum
1324 1783 1481 1816 succidetis,
1501 1788 1529 1811 et
1542 1786 1613 1812 sculu

825 1825 903 1861 ptilia
923 1826 1037 1854 deorum
1058 1835 1154 1855 eorum
1170 1829 1338 1857 comburetis
1358 1829 1425 1865 igni,
1445 1834 1473 1857 et
1493 1830 1615 1865 perdetis

824 1878 925 1898 nomen
944 1879 1039 1899 eorum
1057 1880 1091 1900 ex
1105 1872 1166 1900 loco
1178 1873 1225 1901 illo
1244 1874 1277 1901 ⁷⁸.
1294 1883 1303 1900 ι
1325 1874 1482 1902 Graecorum
1501 1875 1615 1910 quidem

824 1915 962 1950 sapientes
972 1920 1000 1943 et
1015 1917 1108 1945 eximii
1121 1917 1193 1946 inter
1210 1923 1334 1951 caeteros,
1349 1923 1437 1954 poetae
1446 1927 1511 1947 vero
1525 1920 1614 1948 maxi—

823 1968 883 1993 me,
910 1962 1025 1990 oreadas
1051 1964 1183 1998 quasdam
1203 1969 1231 1992 et
1251 1964 1450 2000 hamadryadas
1469 1967 1613 2002 nymphas,

822 2007 960 2035 daemones
971 2008 1109 2042 videlicet,
1122 2010 1269 2045 appellant.
1282 2010 1369 2038 Erant
1380 2011 1535 2047 etiamqui,
1549 2020 1613 2041 cum

821 2052 889 2080 locis
900 2053 1063 2081 editioribus
1078 2062 1143 2083 suos
1159 2055 1225 2083 deos
1235 2056 1362 2084 venerari
1372 2057 1483 2090 vellent,
1499 2058 1555 2086 aris
1566 2066 1615 2086 ex-

821 2099 934 2126 structis
958 2099 987 2127 in
1009 2100 1158 2133 montibus,
1180 2101 1265 2129 boves
1284 2101 1428 2130 immolare
1445 2102 1611 2137 studebant;

820 2148 848 2172 et
867 2152 930 2172 cum
948 2145 1021 2172 circa
1037 2145 1215 2176 formosiores
1235 2147 1349 2175 arbores
1364 2152 1468 2176 statuas
1480 2153 1508 2176 et
1524 2149 1609 2177 simu-

13 2186 157 2220 σπούδαζον,
169 2189 216 2216 καὶ
228 2191 284 2222 τοῖς
297 2191 351 2218 τῶν
363 2191 477 2227 δένδρων
488 2193 679 2230 εὐφυεστέροις
693 2204 769 2232 περι-

831 2197 893 2216 acra
917 2189 1072 2217 damonqu
1103 2190 1325 2225 constituissent,
1352 2192 1450 2220 ovibus
1474 2193 1611 2222 caedendis

13 2229 140 2265 δρύςαντες
159 2234 207 2269 ἕλη
224 2235 270 2261 καὶ
284 2234 429 2271 δαιμονίων
447 2238 605 2274 ἰνδάλματα,
629 2229 768 2276 μηλοσῷα-

13 2276 59 2308 ἰαις
71 2279 228 2315 ἐκέχρηντο.
249 2281 316 2308 Ἀλλ’
326 2279 359 2328 ἦν
369 2283 516 2317 ἀναγκαῖον
530 2286 767 2320 κατορῤωδοῦντας

13 2322 59 2348 ιῦδὲν
77 2325 140 2359 τοὺς
163 2326 216 2353 ὑπο
228 2327 287 2362 Θεῷ
300 2322 446 2362 γεῖίονότας
466 2329 504 2365 τῷ
520 2330 580 2357 κατ’
594 2331 723 2367 ἀλήθειάν
736 2341 766 2360 τε

13 2365 36 2390 αἱ
46 2366 128 2400 (plicat,
141 2369 175 2395 τὰ
187 2369 240 2396 τῶν
254 2370 435 2406 πλανωμένων
447 2374 601 2400 κατασείειν
609 2375 764 2411 ἀθύρματα,

13 2410 37 2436 ul
54 2413 103 2439 τῶν
127 2416 194 2449 παρ’
212 2415 324 2447 ἐκεινοις
345 2417 415 2444 ὲθῶν
435 2418 472 2449 ὡς
497 2419 632 2446 ἀπωτάτω
657 2423 765 2458 χωρεῖν.

13 2454 124 2493 Γῡιγάρτοι
142 2460 209 2496 φησὶ
236 2461 331 2487 πάλινο
357 2471 366 2488 ‹
394 2461 456 2489 Ἐὰν
472 2463 499 2490 δὲ
517 2454 767 2504 ἐξολοθρεῡὲῃιςύ-

13 2508 45 2533 ηας
63 2505 75 2530 ὸ
98 2505 166 2538 Θεός
188 2514 235 2532 σου
253 2506 288 2533 τὸ.
302 2507 376 2542 ἔθνη,
404 2509 443 2539 εις
461 2507 507 2541 οὓς
526 2510 558 2536 σὺ
576 2510 694 2546 πορεύσῃ
710 2512 768 2539 ἐκεῖ

13 2547 37 2573 οὔ
50 2550 248 2587 κληρονομῆσαι
273 2552 321 2588 τὴν
345 2553 396 2589 γῆν
417 2554 517 2587 αὐτῶν,
544 2555 598 2582 ἀπὸ
621 2557 766 2592 προσώπου

13 2600 47 2626 ιω,
58 2597 97 2622 καὶ
117 2597 398 2634 κατακληρονομήσῃς
412 2599 520 2631 αὐτοὺς,
541 2601 587 2627 καὶ
600 2602 767 2639 κατοικὴσῃς

13 2646 25 2661 ην
45 2640 72 2675 τῇ
99 2642 134 2676 γῇ
156 2641 257 2673 αὐτῶν,
280 2642 397 2678 πρόσεχε
422 2642 522 2679 σαυτῷ,
547 2644 585 2680 μὴ
604 2646 761 2684 ἐκζητήσῃς

13 2686 197 2722 ηπακολουοῆσαι
219 2689 310 2720 αὐτοῖς
334 2688 404 2724 μετὰ
426 2689 456 2715 τὺ
477 2690 697 2727 ὲξολοορευθῆναι
714 2695 765 2721 αὐ-

13 2729 51 2761 τοὺς
71 2731 120 2758 ἀπὸ
142 2733 291 2767 προσώπου
317 2741 378 2763 σου.
403 2733 433 2759 οὐ
463 2734 499 2769 μὴ
525 2735 678 2772 ὲκζητήσῃς
701 2739 765 2771 τοὺς

13 2774 62 2807 laci;
71 2777 167 2810 αὐτῶν,
180 2778 280 2812 λέγων,
296 2778 358 2810 Πῶς
371 2779 476 2806 ποιοῦσι
485 2780 518 2807 τὰ
530 2780 593 2817 ἔθνη
608 2782 693 2809 ταῦτα
707 2786 762 2817 τοῖς

30 2835 133 2866 “lCor.
147 2846 188 2872 ιι,
200 2838 246 2871 21,
263 2839 307 2867 28.
345 2840 369 2856 "
389 2840 468 2868 Deut.
488 2850 535 2875 xu,
549 2842 605 2869 1-5.

821 2242 933 2270 operam
946 2235 1057 2262 dabant.
1075 2235 1128 2263 Sed
1145 2244 1256 2265 necesse
1275 2242 1335 2265 erat
1348 2242 1389 2270 ut,
1409 2238 1435 2265 ei
1451 2239 1497 2273 qui
1512 2245 1609 2276 natura

820 2284 848 2307 et
867 2288 932 2309 vere
952 2281 1025 2309 Deus
1042 2286 1094 2315 est,
1109 2283 1223 2319 subjecti
1238 2284 1374 2316 homines,
1386 2284 1455 2311 nihil
1477 2285 1608 2319 pertime-

818 2331 936 2359 scentes,
950 2329 1101 2356 errantium
1123 2328 1264 2357 hominum
1280 2330 1385 2358 ludicra
1398 2330 1606 2364 demolirentur,

816 2377 844 2401 et
855 2373 889 2401 ab
906 2374 1015 2401 illoru-m
1031 2375 1153 2403 moribus
1167 2376 1323 2412 longissime
1339 2377 1509 2404 recederent.
1528 2377 1606 2404 Ideo—

817 2427 870 2454 que
888 2428 985 2448 rursus
1003 2420 1090 2448 dicit:
1109 2431 1117 2447 ι
1134 2421 1202 2449 Cum
1218 2422 1297 2457 179
1311 2422 1536 2449 exterminaverit
1552 2423 1607 2450 Do-

817 2465 908 2493 minus
918 2465 991 2493 Deus
1005 2471 1068 2493 tuus
1079 2470 1173 2501 gentes
1195 2474 1263 2501 quas
1277 2471 1304 2493 tu
1318 2466 1490 2502 ingredieris,
1505 2471 1534 2494 ut
1545 2475 1607 2502 pos-

816 2511 906 2538 sideas
923 2515 1032 2544 terram,
1049 2520 1064 2538 a
1081 2512 1148 2539 facie
1162 2516 1218 2544 tua,
1231 2517 1258 2539 et
1273 2513 1428 2547 possederis
1439 2522 1498 2548 eos,
1512 2520 1539 2543 et
1556 2516 1606 2544 ha-

817 2557 947 2585 bitaveris
958 2558 985 2585 in
997 2563 1069 2585 terra
1081 2558 1215 2593 ipsorum,
1226 2566 1291 2586 cave
1304 2559 1352 2587 tibi
1367 2559 1429 2595 ipsi,
1442 2569 1476 2588 ne
1495 2563 1606 2590 studeas

819 2603 897 2638 sequi
908 2611 965 2636 eos,
978 2608 1120 2639 postquam
1133 2606 1304 2633 cxterminati
1315 2605 1417 2634 fuerint
1426 2614 1441 2634 a
1455 2607 1524 2636 facie
1543 2613 1603 2642 tua;

818 2656 872 2675 non
887 2649 1014 2683 exquires
1030 2649 1096 2677 deos
1108 2657 1214 2683 eorum,
1224 2650 1318 2678 dicens
1331 2660 1337 2677 :
1348 2650 1490 2684 Quomodo
1502 2653 1604 2681 faciunt

816 2699 910 2730 gentes
933 2695 974 2722 Ine
998 2695 1052 2722 diis
1071 2695 1138 2728 suis,
1164 2696 1203 2723 sic
1224 2701 1252 2737 et
1276 2704 1327 2732 ego
1350 2697 1465 2731 faciam;
1488 2707 1542 2726 non
1564 2699 1604 2727 sic

814 2739 899 2766 facies
913 2739 1028 2766 Domino
1043 2740 1098 2767 Deo
1112 2745 1159 2767 tuo
1174 2749 1180 2767 :
1196 2741 1413 2769 abominationes
1433 2743 1506 2770 enim
1534 2751 1603 2779 quas

813 2785 947 2813 Dominus
967 2785 1034 2819 odit,
1050 2786 1176 2814 fecerunt
1191 2787 1245 2816 diis
1264 2788 1335 2822 suis;
1350 2795 1414 2816 nam
1433 2789 1516 2817 etiam
1533 2789 1605 2819 ﬁlios
