1934 3042
119 184 172 211 ωδ
179 187 185 193 ’

631 187 660 214 S.
682 186 820 215 CYRlLLI
840 185 1079 214 ALEXANDRINI
1098 184 1257 212 ARCHIEP.
1403 203 1415 219 ,

1705 184 1761 212 Mli

119 245 229 280 copiosa
243 245 329 273 valde.
344 246 377 273 Et
389 245 517 273 viderunt
529 246 668 282 regionem
680 247 770 279 Jatcr,
781 250 809 274 et
823 245 914 282 regio-

969 245 1020 276 τοῖς
1035 245 1101 276 υἱοῖς
1121 244 1192 277 Γὰδ,
1211 243 1313 279 πλῆθος
1333 243 1399 270 πολὺ
1417 243 1530 279 σφόδρα.
1552 243 1608 270 Καὶ
1628 241 1697 270 εἶδον
1711 243 1762 279 τὴν

119 297 182 318 nem
193 291 292 319 Gulaad
305 300 312 326 ;
325 296 352 318 et
363 296 421 319 erat
434 292 519 323 locus,
529 291 606 320 locus
615 292 780 328 pecoribus;
791 297 818 320 et
831 299 910 319 acce-

119 337 216 364 dentes
231 337 279 364 ﬁlii
293 338 390 365 Ruben
409 342 438 366 et
451 338 498 366 ﬁlii
509 338 578 370 Gad,
593 338 722 366 dixerunt
743 339 778 366 ad
788 339 910 374 Moysen,

119 387 147 409 et
166 383 279 410 Eleazar
290 384 472 417 sacerdotem,
487 391 515 413 et
538 386 572 413 ad
595 386 735 422 principes
752 386 909 422 Synagogtn,

119 429 243 457 dicentes
258 439 264 456 :
285 430 412 463 Ataroth,
430 437 458 459 et
469 433 575 464 Debon,
593 437 621 460 et
635 432 723 464 Jazer,
739 438 767 460 et
780 433 909 465 Nambra,

118 479 146 502 et
167 475 268 509 Seben,
286 480 315 504 et
343 477 442 510 Eleale,
470 483 498 506 et
517 479 644 513 Sabama,
657 484 685 507 et
698 480 783 513 Nam,
799 485 827 508 et
838 481 910 508 Bean

121 525 204 554 terra,
219 521 301 556 quam
312 523 389 550 dedit
404 524 537 552 Dominus
556 532 649 552 coram
661 526 725 553 ﬁliis
739 526 834 559 isracl,
849 532 911 562 apta

119 571 161 594 est
172 568 320 602 pecoribus
333 571 494 604 pascendis;
507 575 535 599 et
549 572 637 599 servis
651 573 706 600 tuis
719 578 783 600 sunt
800 581 910 608 pecora.

119 613 153 641 Et
167 614 297 643 dixerunt
310 625 316 643 :
332 616 359 643 Si
373 616 530 645 invenimus
540 619 656 654 gratiam
671 627 764 646 coram
781 624 816 651 te,
831 620 913 647 detur

120 659 178 688 haec
185 663 259 688 terra
269 661 359 689 servis
368 663 422 690 tuis
430 662 459 690 in
468 663 711 698 possessionem,et
722 672 756 691 ne
766 665 914 692 transferas

119 712 171 733 nos
186 709 262 733 trans
279 706 437 734 Jordanem.
465 708 500 735 Et
513 708 583 735 dixit
602 708 707 744 Moyses
727 708 791 736 ﬁliis
811 710 867 738 ϐοά
885 715 913 737 et

120 749 184 783 [diis
208 751 306 778 Ruben
325 760 332 778 :
349 751 458 779 Fratres
477 753 562 780 vestri
586 753 664 780 ibunt
689 753 723 780 ad
748 753 862 786 bellum,
885 759 914 782 et

120 803 170 822 vos
185 796 318 824 sedebitis
340 797 456 825 hic?'Et
473 806 522 826 cur
540 799 700 834 pervertitis
718 804 825 828 mentes
845 800 914 828 tilio-

122 849 181 869 rum
200 842 293 875 Israel,
311 846 341 870 ut
354 851 410 871 non
433 849 574 873 transeant
589 845 616 872 ln
631 849 735 873 terram
756 854 838 882 quam
859 848 912 875 Do-

121 888 213 916 minus
226 889 298 917 Deus
313 889 360 917 dat
378 890 446 925 ipsis
460 890 505 918 "Y
521 901 530 917 ι
552 892 666 925 Deinde,
684 893 848 928 exprobrata
861 894 915 922 illis

121 938 266 969 parentum
288 937 477 970 contumacia,
495 941 524 965 et
548 937 582 966 iis
603 940 826 967 commemoratis
853 947 915 975 qua:

119 988 153 1008 ea
163 980 197 1008 de
208 989 289 1009 causa
299 982 365 1017 ipsis
378 989 543 1012 evenerant:
557 994 566 1010 ‹
579 984 679 1012 Mortui
692 993 810 1020 namque
822 990 912 1017 sunt,»

121 1026 221 1062 inquit,
236 1037 246 1053 ι
261 1028 290 1055 in
302 1027 424 1062 deserto,
446 1039 454 1055 ι
469 1037 531 1057 cum
545 1031 738 1066 promissionis
754 1036 865 1064 terram,
885 1036 916 1059 ut

121 1073 158 1100 ita
179 1072 279 1107 dicam,
301 1081 337 1102 ne
357 1075 530 1110 aspexissent
553 1076 675 1111 quidem.
696 1075 780 1104 Infert
794 1077 914 1104 iterum:

125 1129 133 1144 ι
148 1118 182 1146 Et
203 1127 268 1147 ecce
291 1120 451 1148 surrexistis
474 1129 524 1156 pro
543 1122 671 1156 patrihus
684 1123 794 1153 vestris.
808 1124 917 1158 conspi-

121 1165 192 1192 ratio
223 1165 367 1193 hominum
394 1171 591 1201 peccatorum,
621 1172 651 1195 ut
663 1168 798 1204 adjiciatis
825 1169 917 1197 adhuc

120 1209 154 1237 ad
171 1211 240 1238 iram
255 1211 452 1247 indignationis
465 1213 572 1240 Domini
589 1213 723 1242 adversus
741 1214 836 1247 Israel,
852 1216 915 1251 quia

121 1257 284 1285 avertemini
301 1258 335 1286 ab
353 1259 423 1294 ipso,
445 1264 475 1287 ut
497 1260 634 1296 adjiciatis
658 1261 758 1292 adhuc,
784 1266 813 1288 ut
834 1262 915 1289 dere-

121 1301 254 1337 linquatis
275 1303 365 1339 ipsum
382 1305 409 1332 in
426 1304 547 1336 deserto,
565 1309 593 1332 et
609 1306 730 1340 peccetis
755 1306 781 1333 in
804 1307 915 1334 univer-

121 1355 178 1375 sam
204 1350 443 1386 congregationem
469 1350 550 1378 hanc.
572 1351 606 1378 Et
625 1357 802 1380 accesserunt
823 1353 857 1380 ad
876 1354 916 1389 ip-

121 1403 181 1422 sum
198 1400 226 1422 et
242 1395 372 1424 dixerunt
387 1405 394 1424 :
412 1396 512 1425 Caulas
533 1397 626 1425 ovium
648 1397 846 1427 mdilicabimus
864 1407 915 1428 no-

121 1441 165 1468 bis
186 1441 232 1469 hic
250 1442 398 1478 pecoribus
421 1443 534 1476 nostris,
555 1448 583 1471 et
604 1444 688 1472 urbes
714 1445 916 1480 impedimentis

121 1488 234 1520 nostris,
254 1493 283 1516 et
302 1497 355 1517 nos
372 1489 470 1517 armati
493 1490 521 1517 in
541 1490 632 1525 primo
651 1491 746 1519 ordine
763 1496 827 1519 ante
846 1491 916 1519 ﬁlios

122 1533 216 1566 lsracl,
229 1541 374 1570 quousque
397 1535 580 1570 perducamus
599 1536 672 1572 ipsos
689 1537 715 1564 in
733 1537 822 1564 locum
841 1538 914 1573 ipso-

122 1587 184 1606 rum
203 1588 208 1606 :
226 1584 256 1607 et
283 1584 366 1607 erunt
396 1581 593 1616 impedimenta
623 1587 716 1609 nostra
744 1582 770 1610 in
799 1583 916 1611 urbibus

123 1625 239 1652 muralis
262 1630 374 1660 propter
395 1625 566 1654 habitatores
586 1631 683 1659 terrae;
707 1635 797 1662 neque
822 1636 916 1656 rever-

123 1674 214 1697 temur
232 1671 265 1697 ad
278 1671 376 1699 domos
397 1676 515 1704 nostras,
535 1680 678 1708 quousque
695 1673 854 1701 dividantur
869 1674 916 1702 ﬁlii

123 1716 207 1743 Israel
228 1718 418 1753 unusquisque
436 1718 464 1745 in
484 1719 685 1754 possessionem
713 1727 801 1752 suam,
819 1725 847 1748 et
863 1729 917 1748 non

123 1762 242 1796 amplius
261 1763 464 1798 possidebimus
487 1758 561 1791 inter
579 1772 627 1791 eos
644 1772 659 1791 a
677 1767 754 1791 trans
769 1764 917 1793 Jordanem

123 1811 152 1834 et
171 1808 260 1841 ultra;
286 1808 351 1843 quia
375 1808 533 1844 recepimus
553 1809 742 1844 possessiones
762 1817 871 1838 nostras
891 1811 917 1838 in

124 1854 184 1881 loco
201 1857 276 1882 trans
298 1855 445 1883 Iordanem
466 1855 493 1883 in
516 1856 624 1884 oriente
641 1857 674 1882 ⁸⁸.
692 1865 700 1881 ι
718 1856 850 1893 lntclligis
869 1865 919 1893 pe-

126 1907 221 1927 corum
249 1901 329 1936 170
350 1902 514 1939 alendorum
543 1906 571 1930 et
597 1903 803 1937 possessionum
831 1910 918 1934 cura.

125 1954 272 1982 amoreque
295 1955 360 1983 erga
385 1955 486 1975 uxores
508 1955 540 1976 ac
566 1948 669 1976 liberos
694 1951 822 1977 delentes
845 1950 919 1985 ejus-

125 1992 198 2019 modi
212 1992 340 2021 homines
352 1994 428 2021 nullo
442 1994 524 2021 modo
533 2002 647 2029 prorsus
661 1995 824 2023 transituros
836 1995 920 2023 fuisse

125 2039 284 2073 Iordanem,
303 2044 384 2075 atque
410 2041 479 2068 adeo
506 2048 540 2068 ne
566 2041 701 2076 attingere
724 2041 836 2076 quidem
862 2050 921 2069 om—

126 2084 192 2112 nino
210 2085 294 2113 ullam
314 2085 379 2113 belli
401 2094 433 2114 ac
452 2093 549 2121 pugna:
563 2090 669 2121 partem
686 2094 813 2121 ausuros,
831 2095 921 2123 neque

126 2138 189 2158 cum
209 2132 270 2159 aliis
291 2132 319 2159 in
340 2132 562 2160 communionem
581 2132 674 2168 gloria:
693 2141 726 2160 ac
747 2137 919 2168 speratarum

125 2177 264 2206 bonorum
287 2177 383 2205 venire
406 2182 565 2211 curaturos;
591 2186 652 2205 cum
675 2179 844 2214 praecipuum
867 2179 922 2207 illis

125 2229 154 2252 ct
167 2224 317 2260 optandum
333 2224 361 2252 in
379 2225 477 2260 primis
489 2225 647 2258 videretur,
664 2226 701 2254 ibi
719 2234 873 2260 remanere,
887 2235 920 2255 ne

964 289 1056 326 χώραν
1073 290 1175 326 Ἰαζὴρ,
1186 291 1232 317 καὶ
1241 291 1291 326 τὴν
1303 289 1393 326 χώραν
1406 289 1522 322 Γαλαὰδ,
1535 290 1582 317 καὶ
1591 286 1628 325 ’ἦν
1639 291 1654 317 ὁ
1667 291 1759 322 τόπος,

964 335 1046 367 τόπος
1057 337 1178 372 κτήνεσι.
1191 336 1245 363 Καὶ
1262 335 1453 372 προσελθόντες
1465 336 1490 362 οἱ
1502 337 1554 362 υἱοὶ
1567 336 1694 371 Ῥουϐεὶμ
1713 337 1761 362 καὶ

964 383 989 409 οἱ
1001 383 1054 410 υἱοὶ
1068 383 1131 416 Γὰδ,
1142 381 1220 410 εἷπον
1236 383 1304 418 πρὸς
1318 383 1421 418 Μωσῆν
1434 383 1480 409 καὶ
1494 382 1561 418 πρὸς
1577 382 1707 418 Ἐλεάζαρ
1716 383 1764 409 τὸν

966 429 1058 464 ἱερέα,
1074 430 1121 456 καὶ
1138 430 1206 465 πρὸς
1228 430 1291 461 τοὺς
1313 429 1447 464 ἄρχοντας
1470 429 1520 464 τῆς
1533 430 1703 464 Συναγωγῆς
1719 430 1765 457 λέ-

965 483 1069 509 γοντες·
1107 475 1248 511 ’Λταρῴο,
1279 476 1325 502 καὶ
1351 475 1455 501 Δαιϐὼν
1492 476 1538 503 καὶ
1575 475 1684 511 Ἰαζὴρ,
1716 476 1765 502 καὶ

964 521 1084 557 Ναμρά,
1100 521 1148 548 καὶ
1173 521 1292 548 Ἐσεὸὼν
1305 542 1311 554 ,
1333 522 1380 548 καὶ
1409 521 1523 557 Ἐλεαλὴ
1536 543 1542 554 ,
1571 523 1620 549 καὶ
1640 522 1763 556 Σεὸαμὰ,

964 567 1012 594 καὶ
1025 567 1133 597 Ναϐαὺ.
1148 566 1194 593 καὶ
1209 567 1294 593 Παιὰν
1311 566 1359 602 τὴν
1371 567 1432 602 γῆν,
1453 567 1486 602 ἣν
1502 566 1645 602 παρέδωκε
1660 566 1764 601 Κύριος

965 612 1081 640 ἐνώπιον
1095 612 1150 639 τῶν
1166 613 1231 640 υἱῶν
1249 612 1357 648 Ἰσραὴλ
1367 634 1374 646 ,
1389 613 1424 648 γῆ
1440 612 1622 648 κτηνοτρόφος
1635 613 1703 650 ὲετὶ,
1717 613 1765 639 καὶ

964 659 1020 689 τοῖς
1033 658 1111 685 παισέ
1127 667 1174 684 σου
1189 658 1276 693 κτήνη
1293 657 1421 694 ὑπάρχει.
1436 658 1492 685 Kal
1511 658 1604 692 ἔλεγον
1616 667 1623 674 ·
1639 658 1671 685 Εἰ
1687 658 1766 693 εἰρο-

968 711 1018 738 μεν
1040 703 1120 738 χάριν
1145 701 1259 729 ἐνώπιόν
1282 711 1340 734 σου,
1356 703 1460 738 δοθήτω
1476 703 1495 738 ἡ
1515 703 1551 738 γῆ
1572 702 1642 737 αὕτη
1657 704 1713 735 τοῖς
1729 704 1765 729 οἱ·

966 750 1058 779 κὲταις
1073 757 1120 775 σου
1141 749 1170 775 ἐν
1189 748 1373 783 κατασχέσει,
1395 749 1493 785 καὶμὴ
1509 749 1670 785 διαϐιϐάσῃς
1690 750 1766 784 ἡμᾶς

966 795 1012 822 τὸν
1035 795 1182 830 Ἰορδάνην.
1203 795 1258 821 Καὶ
1280 792 1341 821 εἷπε
1359 795 1462 830 Μωσῆς
1478 796 1535 826 τοῖς
1554 795 1621 826 υἱοῖς
1644 794 1696 822 Γὰδ
1717 795 1766 822 καὶ

965 843 1022 873 τοῖς
1043 842 1112 873 υἱοῖς
1137 841 1283 877 Ῥουσείμ·
1303 841 1335 867 Οἱ
1352 840 1462 874 ἀδελφοὶ
1484 840 1561 876 ὑμῶν
1582 841 1765 876 πορεύσονται

966 889 1006 920 εἰς
1031 887 1076 914 τὸν
1095 887 1230 923 πόλεμον,
1245 887 1292 913 καὶ
1309 887 1388 922 ὑμεῖς
1411 886 1559 914 καθίσεσῦε
1584 887 1687 920 αὑτοῦ;
1706 888 1765 914 Kal

967 935 1011 961 ἵνα
1033 934 1060 960 τί
1082 933 1260 968 διαστρέφετε
1275 932 1324 963 τὰς
1339 932 1458 964 διανοίας
1476 932 1531 959 τῶν
1553 931 1619 959 υἱῶν
1643 932 1764 968 Ἰσραὴλ.

969 979 1006 1015 μὴ
1027 979 1153 1014 διαὸῆναι
1175 980 1214 1010 εἰς
1231 977 1280 1012 τὴν
1302 979 1355 1014 γῆν
1375 978 1408 1012 ἥν
1431 978 1534 1013 Κύριος
1549 979 1563 1004 ὁ
1577 978 1643 1009 Θεὸς
1657 978 1765 1004 δίδωςιν

967 1026 1074 1058 αὐτοῖς
1091 1035 1101 1052 ι
1119 1022 1185 1052 Εἶτα
1200 1024 1268 1060 πρὸς
1283 1024 1389 1056 τούτοις
1403 1024 1586 1056 κατονειδίσας
1601 1024 1694 1055 αὐτοῖς
1709 1024 1765 1050 τῶν

968 1073 1096 1108 πατέρων
1118 1071 1168 1107 τὴν
1193 1070 1354 1103 ἀπείθειαν,
1379 1071 1426 1097 καὶ
1449 1070 1484 1097 τά
1502 1070 1618 1102 ἐκεινοις
1640 1070 1766 1097 ἐντεῦθεν

968 1118 1162 1154 συμϐεϐηκότα
1173 1126 1179 1132 ·
1201 1127 1210 1144 ι
1229 1117 1446 1152 Τετελευτήκασι
1459 1117 1515 1152 γὰρ
1528 1117 1556 1143 ἐν
1574 1118 1607 1152 τῇ
1625 1117 1732 1152 ἐρήμῳ,
1752 1126 1763 1143 ι

967 1166 1060 1201 φησὶν,
1075 1165 1210 1197 οὐδ’,ὃσον
1223 1165 1324 1197 εἰπεῖν,
1336 1163 1498 1199 τεθεαμένοι
1517 1163 1597 1199 μόνον
1612 1165 1662 1199 τῆς
1678 1164 1766 1198 ἑπαγ-

967 1212 1059 1246 γελῐας
1073 1212 1121 1248 τὴν
1135 1212 1196 1247 γῆν.
1215 1211 1357 1247 Ἐπνρέρει
1368 1210 1458 1237 πάλιν·
1474 1220 1483 1236 ι
1500 1211 1558 1247 Καὶ]
1569 1210 1624 1237 ἰδοὺ
1634 1210 1768 1245 άνέστητε

966 1259 1027 1286 ἀντὶ
1056 1259 1110 1285 τῶν
1135 1258 1262 1294 πατέρων
1288 1257 1383 1292 ὑμῶν,
1414 1256 1580 1292 σύστρεμμα
1610 1255 1767 1292 ἀνθρώπων

967 1304 1150 1340 ἁμαρτωλῶν,
1167 1303 1326 1339 προσθεῖναι
1339 1302 1379 1328 ἔτι
1391 1302 1437 1328 ἐπὶ
1455 1301 1501 1328 τὸν
1517 1301 1601 1336 θυμὸν
1615 1302 1666 1336 τῆς
1680 1301 1768 1336 ὀργῆς

966 1351 1071 1388 Κυρίου
1087 1351 1134 1377 ἐπὶ
1157 1349 1278 1386 Ἰσραὴλ,
1298 1350 1338 1376 ὅτι
1360 1348 1607 1384 ἁποστραφὴσεσθε
1621 1349 1668 1374 ἀπ’
1682 1347 1767 1374 αὑτοῦ

966 1397 1125 1434 προσθεῖναι
1144 1397 1185 1423 ἔτι
1202 1396 1365 1423 καταλιπεῖν
1381 1395 1463 1422 αὐτὸν
1484 1396 1513 1421 ὲν
1530 1396 1562 1430 τῇ
1583 1395 1695 1430 ἐρήμῳ,
1719 1395 1768 1420 καὶ

966 1444 1118 1480 ἀνομήσετε
1130 1444 1170 1475 εἰς
1183 1442 1248 1478 ὅλην
1259 1442 1307 1477 τὴν
1319 1441 1479 1477 συναγωγήν
1490 1441 1601 1476 ταύτην.
1614 1441 1668 1467 Καὶ
1683 1449 1768 1476 προσ-

966 1489 1048 1524 ῆλθον
1073 1488 1148 1524 αὐτῷ
1174 1489 1222 1515 καὶ
1241 1487 1351 1522 ἔλεγον·
1375 1487 1520 1519 Ἐπαὺλεις
1538 1486 1682 1522 προϐάτων
1694 1486 1768 1512 οἰκο-

965 1534 1121 1570 δομήσομεν
1139 1530 1189 1560 ὦδε
1210 1534 1268 1565 τοῖς
1285 1533 1415 1568 κτήνεσιν
1431 1532 1521 1568 ἡμῶν,
1536 1532 1584 1559 καὶ
1602 1531 1694 1564 πόλεις
1706 1532 1768 1562 ταῖς

968 1581 1136 1611 ἀποσκευαῖς
1151 1579 1246 1615 ἡμῶν·
1264 1579 1312 1606 καὶ
1331 1580 1412 1614 ἡμεῖς
1428 1578 1638 1613 ὲνοπλισάμενοι
1660 1586 1768 1612 προφυ-

969 1627 1055 1660 λακὴν
1073 1626 1199 1662 πρότεροι
1215 1625 1270 1652 τῶν
1289 1626 1354 1652 υἱῶν
1377 1625 1486 1661 ’Ῑπραὴλ
1500 1625 1553 1657 ἕως
1566 1624 1599 1651 ἂν
1618 1625 1769 1659 ἀγάγωμεν

969 1673 1067 1705 αὐτοὺς
1083 1674 1123 1705 εἰς
1136 1673 1182 1700 τὸν
1197 1672 1304 1700 ἑαυτῶν
1318 1673 1415 1699 τόπον·
1433 1673 1480 1698 καὶ
1495 1672 1654 1706 κατοικήσει
1670 1673 1687 1706 ἡ
1700 1671 1768 1697 ἁπο-

971 1720 1053 1757 σκευὴ
1068 1720 1148 1755 ἡμῶν
1165 1721 1194 1746 ἐν
1215 1721 1275 1751 ταῖς
1289 1719 1383 1746 πόλεσι
1402 1719 1621 1754 τετειχισμέναις
1639 1718 1684 1744 διά
1703 1717 1767 1749 τοὺς

970 1765 1166 1797 κατοικοῦντας
1180 1765 1230 1800 τὴν
1245 1766 1310 1800 γῆψ
1326 1765 1357 1791 οὺ
1373 1765 1410 1800 μὴ
1426 1763 1649 1798 ἀπστραφῶμεν
1664 1763 1703 1794 εἰς
1718 1762 1768 1794 τὰς

969 1811 1058 1844 οἰκίας
1074 1812 1090 1847 ή
1096 1811 1165 1847 μῶν,
1179 1811 1232 1842 ἕως
1243 1810 1276 1838 ἂν
1291 1809 1532 1846 καταμερισοῶσιν
1547 1811 1571 1836 οἱ
1587 1809 1639 1836 υἱοὶ
1660 1808 1768 1844 Ἰσραὴλ

970 1858 1084 1890 ἕκαστος
1099 1859 1140 1890 εἰς
1151 1857 1201 1893 τὴν
1215 1857 1398 1893 κληρονομίαν
1414 1856 1506 1885 αὑτοῦ.
1524 1857 1578 1883 Kal
1597 1855 1688 1882 οὐκέτι
1701 1855 1768 1890 κλη-

972 1904 1159 1940 ρονομήσομεν
1179 1904 1208 1930 ὲν
1228 1903 1320 1934 αὺτοῖς
1334 1902 1388 1929 ἀπὸ
1402 1902 1449 1929 τοῦ
1463 1902 1550 1938 πέραν
1560 1902 1608 1928 τοῦ
1633 1901 1768 1937 Ἰορδάνου

971 1951 1017 1977 καὶ
1038 1950 1179 1980 ἐπέκεινα.
1199 1949 1241 1976 ὅτι
1261 1949 1401 1985 ἀπέχομεν
1416 1949 1479 1981 τοὺς
1501 1948 1621 1984 κλήρους
1642 1947 1721 1983 ἡμῶν
1739 1948 1769 1973 ὲν

971 1996 1010 2032 τῷ
1034 1995 1121 2032 πέραν
1137 1995 1184 2022 τοῦ
1206 1995 1339 2031 Ἰορδάνου
1361 1996 1390 2022 ὲν
1407 1995 1558 2027 ἀνατολαῖς.
1581 2003 1590 2020 ›
1609 1994 1707 2030 Συνίης
1726 1994 1768 2020 ὅτι

972 2043 1168 2080 κτηνοτροφίας
1185 2043 1267 2070 ἕνεκα
1282 2043 1335 2069 -καὶ
1349 2043 1474 2078 κτήσεων
1487 2063 1494 2074 ,
1514 2043 1563 2069 καὶ
1594 2043 1645 2078 τῆς
1663 2043 1703 2074 εἰς
1719 2051 1771 2075 γυ-

971 2090 1068 2122 ναῖκάς
1083 2099 1112 2116 τε
1127 2089 1174 2116 καὶ
1186 2089 1282 2121 παῖδας
1295 2088 1416 2124 ἀγάπης,
1433 2089 1487 2115 οὐδ’
1501 2088 1534 2116 ἂν
1547 2089 1615 2120 ὅλως
1629 2087 1769 2124 παρῆλθον

971 2138 996 2164 οἱ
1021 2137 1117 2163 τοιοίδε
1140 2137 1186 2163 τὸν
1221 2135 1370 2172 Ἰορδάνην,
1395 2135 1451 2162 ἀλλ’
1475 2135 1529 2162 οὐδ’
1555 2135 1588 2162 ἂν
1610 2136 1671 2162 ὅσον
1700 2135 1770 2167 ὅλως

972 2184 1123 2219 ἀποθήγειν
1151 2183 1297 2219 ἠνέσχοντο
1323 2183 1443 2219 πολέμου
1465 2183 1512 2210 καὶ
1531 2183 1637 2219 μάχης,
1658 2182 1712 2209 οὐδ’
1735 2183 1769 2209 ἂν

972 2230 1097 2262 εὐκλείας
1123 2231 1180 2262 τοῖς
1203 2230 1294 2262 ἄλλοις
1319 2230 1524 2265 συμμετασχεῖν
1544 2228 1699 2264 ἠθέλησαν,
1723 2228 1769 2254 καὶ

127 2270 228 2306 injecto
250 2270 374 2306 quidem,
398 2275 429 2297 ut
452 2271 489 2298 ita
509 2271 608 2304 dicam,
627 2273 654 2299 in
677 2272 805 2300 Jordanis
817 2272 919 2301 ﬂuenta

973 2277 1026 2304 τῶν
1041 2277 1084 2303 ἐπ’
1101 2277 1207 2303 ἐλπίσιν
1225 2276 1352 2311 ἀγαθῶν·
1370 2276 1480 2308 ἄριστον
1495 2275 1523 2301 δὲ
1538 2275 1586 2300 καὶ
1602 2273 1769 2300 πολύευκτον

126 2317 196 2353 pede
215 2326 222 2345 :
238 2317 287 2346 sed
298 2318 484 2353 exprobrante
498 2318 598 2354 Moyse,
615 2319 792 2355 divinamque
808 2320 877 2348 iram
892 2325 921 2348 ut

127 2364 356 2399 pertimescerent
367 2372 400 2392 ac
411 2364 601 2398 formidarent,
612 2365 788 2400 admonente,
799 2367 845 2394 vix
859 2372 919 2396 tan-

125 2410 190 2438 dem
212 2410 380 2445 pollicentur
401 2418 430 2438 se
453 2419 506 2439 una
529 2419 592 2439 cum
618 2413 725 2440 crete-ris
756 2414 921 2442 transituros

126 2464 187 2484 esse
210 2456 371 2490 Jordanem,
388 2461 471 2492 atque
496 2465 560 2485 eum
586 2458 640 2486 illis
664 2459 774 2487 labores
796 2460 824 2487 in
848 2460 921 2488 bello

128 2507 210 2538 atque
231 2511 322 2540 pugna
347 2504 615 2538 communicaturos;
636 2514 691 2532 11011
711 2510 802 2534 tamen
822 2515 854 2534 Cll
873 2516 920 2542 spe

129 2553 259 2585 tanquam
280 2551 429 2586 participes
444 2551 649 2586 possessionum
672 2560 725 2579 una
748 2552 833 2580 futuri
855 2553 919 2586 sint,

129 2596 201 2630 quod
232 2596 436 2631 possessionem
462 2599 538 2624 trans
563 2596 711 2624 Iordanem
741 2598 918 2633 recepissent.

129 2642 233 2669 llorum
249 2641 404 2677 persimiles
417 2646 482 2670 sunt
497 2642 633 2675 nonnulli,
648 2643 706 2677 qui,
721 2651 783 2671 cum
798 2652 919 2679 praesen-

130 2688 164 2715 tis
180 2688 242 2715 vita:
258 2687 332 2715 curis
351 2687 470 2715 districti
483 2687 549 2719 sint,
567 2691 709 2722 totumque
725 2695 772 2716 cor
789 2689 822 2716 iis
838 2690 921 2718 rebus

129 2734 271 2768 sppiendis
299 2741 360 2769 quae
383 2737 449 2762 sunt
486 2742 569 2769 super
592 2738 694 2761 terram
719 2735 920 2770 quodammodo

129 2780 293 2813 dediearint,
306 2780 334 2807 in
348 2780 431 2808 rebus
448 2780 612 2808 necessariis
626 2780 671 2807 vix
684 2781 810 2817 exiguam
826 2791 920 2810 curam

167 2860 188 2875 “
200 2859 280 2886 Num.
295 2867 377 2891 xxx",
392 2859 401 2885 l
418 2866 494 2893 seqq.
528 2858 550 2874 “
562 2859 644 2892 lbid.,
666 2859 762 2887 14—19.

169 2930 206 2965 (l)
218 2928 286 2957 Cod.
306 2928 378 2956 Vat..
395 2929 441 2955 καί
452 2927 586 2964 ὀρρωδίαν
603 2929 777 2960 ἐπιτιθέντος.

974 2323 1061 2350 ἐδόκει
1078 2323 1108 2349 τὸ
1125 2323 1214 2358 μένειν
1224 2322 1334 2354 αὐτοὺς.
1351 2321 1424 2357 μηδ’,
1439 2323 1500 2349 ὅσον
1517 2322 1615 2352 εἰπεῖν,
1631 2321 1687 2352 τοῖς
1701 2320 1770 2355 Ἰορ-

974 2369 1053 2396 δάνου
1068 2369 1187 2406 νάμασιν
1204 2368 1330 2400 ὲνθέντας
1341 2369 1387 2395 τὸν
1400 2368 1466 2395 πόδα
1477 2377 1484 2384 ·
1500 2368 1728 2399 κατονειδίζοντος
1741 2367 1770 2392 δὲ

973 2414 1021 2442 τοῦ
1040 2415 1161 2447 Μωσέως
1178 2415 1224 2442 καὶ
1238 2415 1366 2451 ὀρρωδεῖν
1382 2414 1573 2445 ἀναπείθοντος
1589 2414 1639 2449 (tl,
1657 2412 1770 2439 ὐποόλὲο

975 2462 1074 2489 πεσοαί
1090 2471 1118 2488 τε
1129 2461 1178 2498 τὴν
1193 2462 1268 2488 θείαν
1283 2460 1378 2497 ὀργὴν,
1397 2460 1592 2496 ὑπισχνοῦνται
1610 2459 1685 2495 μόλις
1700 2467 1768 2494 συμ-

975 2507 1192 2544 παρελεύσεσοαι
1217 2508 1265 2543 μὲν
1284 2509 1341 2540 τοῖς
1365 2507 1455 2539 ἄλλοις
1477 2507 1523 2533 τὸν
1548 2507 1699 2542 Ἰορδάνην,
1721 2506 1768 2532 καὶ

975 2556 1180 2590 συμμετασχεῖν
1204 2554 1325 2590 ἱδρώτων
1346 2554 1437 2586 αὐτοῖς
1459 2553 1513 2580 τῶν
1535 2554 1564 2580 ἐν
1588 2553 1700 2588 πολέμῳ
1721 2553 1769 2579 καὶ

976 2601 1088 2636 μάχαις·
1102 2601 1132 2627 οὐ
1150 2601 1204 2637 μὴν
1219 2601 1260 2627 ὃτι
1281 2599 1328 2627 καὶ
1343 2599 1558 2636 συμμεριοῦνταί
1576 2608 1641 2634 φασι
1651 2620 1658 2632 ,
1679 2598 1723 2625 διὰ
1738 2598 1769 2624 τὸ

974 2647 1087 2682 ἀπέχειν
1108 2647 1125 2682 ἦ
1151 2647 1281 2682 ἀποσχεῖν
1304 2646 1349 2672 τὸν
1371 2646 1482 2681 κλῆρον,
1503 2646 1532 2672 ὲν
1555 2643 1593 2680 τῷ
1616 2645 1702 2680 πέραν
1720 2643 1768 2670 τοῦ

981 2692 1124 2728 Ἰορδάνου.
1146 2692 1267 2719 Τοιοῦτοί
1286 2701 1359 2724 τινες
1374 2692 1419 2718 τὸν
1435 2692 1535 2727 τρόπον
1559 2691 1637 2722 εἰσὶν,
1659 2690 1683 2716 οἰ
1706 2691 1769 2721 ταῖς

974 2738 1022 2764 τοῦ
1050 2738 1185 2774 παρόντος
1210 2738 1268 2774 βίου
1290 2738 1437 2774 μερίμναις
1464 2737 1687 2772 κατεσφιγμένοι.
1710 2735 1769 2762 Καὶ

974 2784 1038 2819 ὅλην
1053 2784 1102 2820 μὲν
1113 2783 1209 2820 ὥσπερ
1222 2784 1405 2820 ἀπονέμοντες
1420 2784 1468 2820 τὴν
1483 2784 1597 2820 καρδίαν
1608 2783 1647 2818 τῷ
1659 2782 1769 2818 φρονεῖν
