1934 3042
71 193 124 224 ωε

440 197 486 226 DE
504 197 725 227 ADORATIONE
747 198 782 227 ΙΝ
802 197 873 226 8Ρίῐί

928 198 937 226 ἶ
959 199 1001 226 ΕΤ
1024 199 1206 228 ΥΕΓιΙΤΑΤΕ.
1227 201 1290 228 LIB.
1313 199 1355 228 VT.

1657 197 1715 226 MO

70 257 126 284 τῶν
140 257 202 284 καθ’
221 257 297 294 ἡμᾶς
314 257 399 291 ἱέντες
419 259 604 295 πραγμάτων,
620 260 822 295 ἀνασκοπῶμεν
837 256 866 286 εὖ

928 259 1174 287 :onsiderationem
1201 261 1331 296 injectis,
1363 259 1509 294 diligenter
1533 257 1711 293 aspiciamus,

72 304 157 340 μάλα,
172 303 219 331 διὰ
237 304 316 337 ποίας
334 305 418 337 [ὄντες
436 305 544 341 τρίϐου,
555 307 678 343 λαμπροί
690 316 720 334 τε
735 305 866 341 ἐσόμεθα,

71 351 120 377 καὶ
131 351 181 385 τὴν
199 351 243 386 ἐφ’
266 351 355 378 ἅπασι
374 353 431 384 τοῖς
446 353 652 389 ἐπαινουμένοις
668 351 712 381 οἷά
728 361 790 380 τινα
805 352 868 379 στέ-

70 405 159 431 φανοιι
175 397 365 433 ἀναδησάμεθα
381 397 480 434 ψῆφον.
500 400 536 426 Ἢ
558 400 590 427 οὐ
611 400 683 428 δοκῶ
700 409 742 427 σοι
757 400 868 436 φρονεῖν

70 442 140 480 ὀρθὰ
149 463 160 476 ,
169 443 200 470 «ὼ
216 443 249 470 ἔνι
260 451 292 478 γε
304 443 408 476 τούτοις
422 444 588 481 φιλοκρινεϊν
604 446 742 482 ᾑρημένος
753 453 762 480 ;

107 534 216 561 ΠΔΛΔ.
243 535 406 562 Παντάπασι
431 535 480 571 μὲν
497 533 556 564 οὖν.
586 535 673 572 Φαίην
688 536 744 572 γὰρ
767 536 801 564 ἃν
821 536 870 563 καὶ

71 580 155 612 αὐτὸς
182 580 238 615 ἐγὼ
259 581 409 617 προκλήσει
425 583 458 618 τῇ
476 582 545 618 προς
567 582 680 619 ἀνδρίαν
694 582 870 618 προκαταθή-

70 626 170 661 γεσθαι
189 627 254 659 δεῖν,
267 627 375 654 ἑλέσθαι
393 636 423 654 τε
437 628 471 655 τὰ
484 628 518 655 δι’
537 625 575 655 ὦν
590 629 624 656 ἂν
639 637 681 661 τις
697 629 786 655 ἔσοιτο
800 628 870 663 λαμ.

69 674 152 708 πρὸς.
171 674 218 700 καὶ
226 674 276 710 τῆς
289 675 442 710 ἀμωμήτου
453 674 527 710 ζωῆς
542 675 649 710 ἔρχοιτο
662 675 722 702 κατ’
737 676 814 704 εὐθύ.

109 763 194 789 ΚΥΡ.
206 762 310 790 Οὐκοῦν
321 763 372 799 ἥδη
389 763 524 799 λέγωμεν,
538 763 576 795 ὡς
590 763 702 800 ἀπάσης
717 765 767 801 μὲν
780 764 870 798 οἰκίας

70 808 202 844 ἔρεισμα,
219 809 335 845 κρηπίς--
350 809 418 841 νεὼς
432 810 461 836 δὲ
473 810 580 845 τρόπις,
597 810 679 846 ἀρχή·
696 810 743 837 τοῦ
758 811 787 838 δὲ
802 820 870 839 κατ-

70 855 173 891 ορθοῦν
193 856 343 891 ᾑρημένου,
358 855 484 892 θεμέλιος
495 856 528 883 ἂν
538 856 643 890 γένοιτο
654 857 702 884 καὶ
711 857 815 885 ὑποδάθ
821 866 871 893 ρας

71 901 159 937 ἀρχὴ,
176 902 226 937 τῆς
240 901 369 937 ἀληθείας
379 903 396 938 ὴ
406 902 518 937 γνῶσις,
534 903 580 930 καὶ
588 903 603 929 ὁ
612 903 677 938 περὶ
692 903 809 935 πίστεως
819 905 869 939 τῆς

919 314 1003 341 quam
1017 306 1207 341 ingredientes
1224 307 1306 339 viam,
1323 306 1389 334 clari
1407 313 1477 339 esse,
1493 308 1522 332 et
1548 304 1594 331 illa
1605 311 1656 339 pro
1668 311 1713 331 re-

919 356 963 379 cte
987 351 1156 386 honesteque
1181 351 1262 379 factis
1286 351 1485 387 approbatione
1509 349 1586 377 velut
1608 355 1711 376 corona

919 397 1038 433 quadam
1051 398 1144 425 ornari
1155 398 1304 433 possimus.
1321 397 1362 425 An
1390 397 1440 427 tibi
1464 404 1561 432 parum
1578 399 1652 422 recte
1665 402 1712 422 sa-

920 451 984 479 pere
1006 444 1110 477 videor,
1127 444 1206 479 173
1219 443 1266 479 qui
1288 444 1316 470 in
1335 443 1379 471 his
1396 443 1479 470 rebus
1502 441 1568 478 quid
1592 441 1712 477 proban-

919 489 986 517 dum
996 489 1032 517 sit
1042 490 1192 527 decernere
1207 490 1308 517 velim?

955 536 1054 564 PALL.
1070 536 1188 564 Prorsus
1202 535 1372 563 rectissime:
1388 542 1452 562 nam
1471 535 1555 562 etiam
1576 532 1635 569 ipse
1654 540 1710 560 non

920 584 1078 619 negaverim
1089 583 1167 619 prius
1177 582 1211 610 ad
1234 582 1429 610 fortitudinem
1449 581 1557 609 incitari
1573 585 1710 616 oportere,

920 635 1003 666 atque
1015 630 1053 658 ita
1067 638 1100 658 ea
1111 637 1172 657 esse
1180 628 1383 664 amplectenda,
1396 636 1445 663 per
1463 636 1524 663 quae
1535 627 1626 655 clarus
1639 634 1710 658 esse,

920 681 1050 712 rectaque
1061 676 1096 704 ad
1111 676 1196 704 vitam
1220 675 1300 711 culpa
1315 679 1455 702 carentem
1467 673 1614 710 pervenire
1634 672 1711 707 quis-

920 731 974 758 que
982 722 1078 758 possit.

955 768 1035 797 CYR.
1046 768 1107 797 1am
1127 769 1211 804 igitur
1220 768 1372 796 ordiamur.
1382 766 1480 795 Totius
1491 764 1601 800 quidem
1614 763 1713 790 domus

921 815 1038 843 firmitas
1048 819 1091 842 est
1104 814 1330 846 fundamentum;
1351 812 1430 840 navis
1445 819 1513 839 vero
1535 810 1646 838 initium
1668 816 1714 836 ca-

921 861 1000 894 rina;
1016 861 1077 896 ejus
1095 864 1188 888 autem
1211 859 1259 895 qui
1289 858 1400 886 virtutis
1422 865 1523 885 munus
1539 855 1652 890 exsequi
1664 862 1712 882 ve-

920 908 962 940 lit,
978 907 1198 940 fundamentum,
1213 914 1245 934 ac
1268 905 1342 933 basis
1360 909 1389 932 et
1403 904 1523 936 initium,
1538 909 1580 930 est
1591 902 1719 937 cognitio

71 949 114 980 είς
128 948 196 975 Θεὸν
208 949 254 975 τὸν
267 948 316 975 ἕνα
329 949 377 975 καὶ
391 948 472 983 φύσει
482 949 530 976 καὶ
541 948 667 985 ἀληθινὸν
678 949 870 986 ἀκισδήλαυτος

928 953 1058 987 veritatis,
1065 961 1097 981 ac
1109 953 1142 981 de
1153 953 1206 980 fide
1218 953 1246 980 in
1254 960 1318 980 eum
1327 952 1374 987 qui
1383 959 1455 979 unus
1463 958 1495 978 ac
1505 954 1603 977 natura
1612 953 1639 976 et
1646 955 1715 976 vero

71 993 170 1048 λόγος·
191 1004 203 1021 ι
227 994 290 1048 ’ξζάν
304 994 359 1031 γὰρ
374 995 412 1031 μὴ
431 995 595 1032 πιστεύσητε
606 1016 614 1029 ,
634 996 689 1023 οὐδ’
701 995 732 1023 οὐ
747 996 783 1032 μὴ
807 1004 871 1023 συν-

928 1000 996 1029 Deus
1007 1005 1060 1033 est,
1078 999 1187 1028 sincera
1201 999 1360 1034 praedicatio
1372 1007 1378 1025 :
1401 1008 1410 1023 1
1422 997 1482 1025 Nisi
1496 997 1570 1024 enim
1586 995 1713 1024 credide-

72 1041 133 1093 ἦτε,
178 1041 248 1077 φησιν
300 1042 422 1078 Γράμμα
443 1042 474 1069 τὸ
489 1043 572 1078 ἱερόν.
593 1043 739 1075 Συνιέντας
754 1042 784 1070 6's
794 1042 872 1070 οῦπω

928 1046 996 1078 rivis,
1011 1054 1066 1073 non
1080 1045 1243 1081 intelligetis
1254 1045 1289 1078 “,
1307 1054 1316 1070 1
1347 1043 1438 1083 inquit
1460 1051 1538 1071 sacra
1559 1041 1713 1077 Scriptura.

72 1087 130 1138 τῶ]
154 1087 313 1122 ἀναγκαίων
329 1089 407 1116 οὐδὲν
423 1089 576 1124 ἀπρακτεῖν
589 1089 708 1125 ἀνάγκη,
729 1089 760 1116 τὸ
773 1097 869 1125 κατορ-

928 1092 1000 1126 Quod
1017 1092 1043 1120 si
1055 1092 1123 1119 nillil
1141 1100 1176 1120 ex
1200 1091 1234 1119 iis
1256 1098 1318 1126 quae
1345 1081 1501 1118 necessaria
1524 1093 1589 1116 sunt
1604 1087 1714 1115 intelle-

74 1133 140 1160 θοῦν
159 1134 209 1160 οὐκ
237 1134 351 1166 εἰδότας.
376 1135 411 1161 "ll
435 1135 486 1162 οὐκ
508 1135 542 1162 ἂν
562 1135 712 1170 ἀναγκαῖον
734 1133 805 1162 εἶναι
818 1135 872 1171 φὴς

928 1139 1054 1171 terimus,
1069 1145 1177 1166 cessare
1199 1137 1233 1164 ab
1251 1144 1335 1172 opere
1363 1142 1477 1163 necesse
1493 1138 1546 1167 est,
1560 1141 1622 1162 cum
1639 1137 1715 1160 recte

76 1180 148 1216 πρὸς
169 1181 346 1217 εὐδοκίμησιν
360 1183 436 1218 ἡμῖν,
452 1182 502 1218 τὴν
519 1183 566 1209 ἐπὶ
580 1183 664 1210 παντὶ
677 1182 716 1218 τῷ
740 1183 872 1219 πρακτὲῳ

928 1184 1013 1212 Facere
1038 1184 1204 1211 nesciamus.
1228 1182 1270 1209 An
1286 1189 1363 1214 vero,
1376 1181 1398 1208 si
1422 1179 1491 1216 quid
1512 1187 1573 1207 esse
1586 1183 1715 1214 putamus

74 1226 228 1262 διάσκεψιν,
247 1228 271 1254 εί
290 1229 320 1255 ἐν
338 1228 411 1265 λόγῳ
425 1228 598 1265 πεποιήμεθα
610 1228 639 1256 τὸ
651 1228 718 1264 δρᾴν
731 1228 833 1264 ὀρθῶς,
847 1229 867 1256 ἃ.

928 1239 954 1259 3a
971 1234 1045 1258 recte
1057 1229 1158 1262 facere,
1173 1236 1234 1264 quae
1251 1227 1341 1255 facere
1355 1234 1468 1255 necesse
1483 1230 1535 1258 est,
1546 1221 1602 1252 11611
1616 1232 1714 1252 neces-

37 1291 42 1296 κ
75 1273 143 1310 δρᾷν
156 1274 304 1309 ἀναγκαῖον
314 1283 323 1308 ;

928 1277 1027 1304 sarium
1042 1283 1103 1303 esse
1111 1274 1216 1308 fateris,
1231 1274 1264 1301 ad
1281 1273 1391 1301 laudem
1417 1271 1627 1307 asscquendam,
1641 1271 1715 1298 illam

923 1323 958 1351 de
973 1321 1103 1350 omnibus
1114 1321 1201 1348 rebus
1209 1321 1324 1357 agendis
1349 1318 1576 1356 inquisitionem?

111 1363 218 1391 ΠΛΛΔ.
237 1364 322 1400 Φημί.

957 1367 1057 1397 PALL.
1077 1367 1189 1395 Fateor.
1242 1357 1244 1359 ⁷

111 1409 196 1461 ΚΥΞ).
215 1409 322 1445 Τροφὺς
334 1406 381 1436 οὗν
401 1409 456 1445 ἄρα
476 1410 622 1444 συνέσεως,
640 1410 742 1442 πίστις.
759 1409 873 1442 Σύνεσες

958 1415 1038 1443 CYR.
1053 1414 1102 1442 Est
1115 1414 1199 1450 igitur
1211 1412 1279 1440 ﬁdes
1293 1411 1482 1447 intelligentia:
1503 1410 1608 1438 nutrix.
1632 1408 1717 1437 Intel-

74 1454 126 1507 δέ,
138 1455 194 1507 των
217 1455 363 1507 πρακτέων
385 1457 453 1492 ἡμῖν
471 1458 588 1484 ποιεῖται
603 1457 652 1492 τὴν
669 1456 797 1492 βάσανον.
815 1457 873 1484 Καὶ

928 1461 1038 1498 ligentia
1049 1468 1117 1488 vero
1129 1468 1173 1487 res
1184 1467 1200 1487 a
1212 1458 1294 1486 nobis
1315 1458 1434 1494 agendas
1446 1456 1594 1485 examinat.
1609 1455 1719 1491 Itaque,

74 1501 143 1536 γοῦν
158 1502 202 1528 ὅτε
210 1503 268 1534 τοῖς
276 1501 306 1535 ἐξ
324 1502 433 1539 Ἰσραὴλ
446 1504 460 1529 ὁ
472 1503 528 1531 τῶν
538 1503 607 1530 ὅλων
617 1503 684 1535 Θεδς
697 1502 873 1537 παιδαγωγὸν

928 1516 988 1536 cum
1014 1506 1147 1535 lsraelitis
1171 1505 1216 1534 ille
1245 1505 1438 1532 universorum
1464 1503 1537 1530 Deus
1559 1502 1648 1537 legem
1667 1508 1717 1536 per

75 1547 173 1584 ὥσπερ
191 1548 271 1580 τινὰ,
292 1548 341 1576 καὶ
365 1548 495 1584 ἰθυντῆρα
511 1549 603 1584 σοφὸν,
623 1548 669 1576 τὸν
684 1548 730 1576 διὰ
750 1548 873 1580 Μωσέως

928 1554 1036 1590 Moysen
1047 1553 1150 1585 datam,
1163 1552 1249 1580 veluti
1262 1551 1439 1587 pwdagogum
1449 1548 1596 1585 quemdam
1609 1547 1718 1582 sapien-

74 1594 212 1630 δπέστησε
224 1595 317 1631 νόμον,
340 1595 499 1631 ὑποσάθραν
513 1595 608 1632 ὥσπερ
623 1595 684 1623 τινὰ
702 1595 751 1622 καὶ
769 1595 873 1622 ἀκατάσ

928 1606 1039 1636 temque
1051 1604 1189 1627 rectorem
1204 1598 1343 1634 apposuit,
1366 1601 1496 1631 tanquam
1514 1595 1607 1623 basem
1619 1601 1718 1629 quam-

77 1649 187 1668 αειστον
200 1642 299 1678 ἀρχὴν,
322 1641 372 1677 τὴν
394 1642 471 1678 παρὰ
484 1642 534 1678 τῆς
553 1644 618 1678 μιᾶς
636 1651 667 1669 τε
685 1641 734 1669 καὶ
757 1640 873 1676 ἀληθοῦς

76 1687 210 1722 Θεότητος
223 1686 442 1722 πῳκατεὸἀλετο
455 1687 571 1722 γνῶσιν·
589 1686 627 1723 μὴ
642 1686 696 1722 γὰρ
708 1686 741 1714 ἃν
754 1685 874 1721 ἰσχύσειν

77 1734 178 1766 αὐτοὺς
194 1733 370 1770 ὑπελάμϐανε
389 1733 441 1768 τῆς
459 1733 622 1769 ἀδιασλήτου
637 1733 685 1760 καὶ
703 1731 874 1768 ἀκραιφνοῦς

76 1779 224 1815 ἐφικέσθαι
240 1780 323 1816 ζωῆς,
338 1780 423 1816 ἧγουν
438 1779 478 1815 τῷ
493 1779 548 1806 τῶν
569 1779 723 1806 καλλίστων
737 1778 872 1814 είσηγητῇ

77 1826 334 1863 καταρυθμίζεσθαι
348 1827 435 1863 νόμῳ,
448 1827 496 1854 καὶ
515 1826 639 1854 ὑπείκειν
654 1825 785 1857 ιντολαῖς,
801 1826 825 1851 εἰ
837 1825 875 1861 μὴ

79 1873 207 1909 καθάπερ
222 1872 458 1908 προανατείχισμα
468 1872 517 1908 τὴν
532 1873 579 1899 ἐπὶ
588 1871 648 1908 Θεῷ
662 1871 756 1898 πίστιν
769 1871 876 1903 ἑλόντες

79 1921 120 1952 είς
131 1920 205 1954 νοῦν,
214 1920 402 1955 ἀντιφέροιντο
415 1918 549 1954 γενναίως
557 1919 617 1950 ταῖς
631 1919 670 1950 εἰς
679 1917 814 1954 ῥᾳθυμίαν
827 1917 877 1943 αὖ·

79 1966 143 1998 τοὺς
157 1965 319 1997 ἀκονούσαις
331 1964 448 2001 ἡδοναῖς.
464 1964 539 1992 Ἔδει
552 1964 585 2000 δὴ
601 1962 657 1996 οὖν,
669 1963 733 1995 ἔδει,
749 1963 876 1999 καθάπερ

78 2011 142 2038 τινά
156 2010 277 2047 ψυχικὴν
295 2011 468 2047 ἀρρωστίαν,
487 2009 691 2047 προαποθέσθαι
712 2011 775 2042 τοὺς
790 2010 874 2037 πάλαι

79 2058 130 2094 τὴν
146 2057 281 2084 πολύοεον
306 2057 452 2093 πλάνησιν,
475 2057 568 2084 πίστει
588 2065 620 2084 τε
642 2057 676 2092 τῇ
695 2057 735 2088 εἰς
750 2055 817 2083 Θεὺν
831 2056 877 2083 τὸν

80 2104 130 2131 ἕνα
144 2103 227 2139 φύσει
243 2103 291 2130 καὶ
304 2103 412 2139 ἀληθῶς
431 2102 592 2139 ὲρηρεῖσθαι
608 2102 700 2134 καλῶς
713 2110 721 2118 ·
736 2102 877 2138 τοιγάρτοι

81 2150 129 2177 καὶ
143 2149 251 2185 πρῶτος
260 2149 352 2182 αὐτοῖς
364 2148 558 2185 προανέλαμψε
579 2149 675 2185 νόμος·
696 2158 706 2175 1
727 2148 800 2183 Ἐγώ
819 2149 877 2185 ειμι

81 2195 186 2231 Κύριος
199 2196 213 2221 ὸ
229 2195 294 2227 Θεός
310 2204 369 2228 σου,
394 2196 469 2227 ὅστις
484 2195 620 2231 ἐξήγαγον
637 2203 666 2221 σε
681 2195 714 2221 ὲκ
729 2195 781 2230 γῆς
794 2194 879 2228 Λιγύ-

82 2250 150 2268 πτου
168 2242 197 2274 ἐξ
212 2240 289 2268 οἴκου
311 2241 443 2273 δουλείας.
459 2241 516 2268 Οὐκ
534 2241 642 2268 ἔσονταί
657 2249 699 2267 σοι
717 2240 774 2267 θεοὶ
788 2240 878 2276 ἕτεροι

925 1647 988 1676 dam
1004 1651 1032 1675 et
1043 1646 1152 1673 firmum
1179 1645 1300 1675 initium,
1320 1643 1403 1670 unius
1423 1649 1547 1676 veraque
1562 1639 1718 1667 Divinitatis

925 1693 1112 1729 cognitionem
1130 1690 1304 1727 praestruxit;
1319 1696 1408 1723 neque
1420 1687 1494 1715 enim
1507 1685 1621 1721 putabat
1638 1692 1719 1720 posse

926 1739 988 1766 illos
1013 1738 1047 1765 ad
1080 1737 1163 1765 vitam
1183 1737 1358 1763 innocentem
1379 1740 1530 1768 puramque
1552 1731 1719 1767 pertingere,

925 1788 973 1812 aut
987 1792 1002 1811 a
1019 1783 1088 1818 lege,
1101 1790 1162 1818 quae
1175 1781 1211 1809 ad
1227 1789 1270 1808 res
1283 1779 1427 1815 praeclaras
1438 1776 1612 1807 hortabatur,
1621 1781 1719 1802 eorum

926 1835 1019 1855 mores
1029 1825 1168 1861 componi,
1193 1830 1222 1853 et
1244 1824 1326 1852 facile
1353 1822 1492 1850 mandatis
1512 1820 1639 1856 obsequi,
1664 1818 1720 1846 nisi

927 1874 1002 1902 illam
1015 1874 1043 1901 in
1055 1873 1140 1900 Deum
1163 1872 1243 1900 tidem
1268 1871 1361 1898 animo
1375 1868 1570 1903 suscepissent,
1582 1874 1637 1902 quo
1656 1874 1720 1901 per-

928 1920 992 1948 inde
1016 1927 1048 1947 ac
1069 1926 1149 1946 muro
1171 1916 1347 1953 praemuniti,
1372 1914 1577 1950 voluptatibus,
1601 1920 1662 1947 qua:
1685 1911 1720 1939 ad

928 1965 1066 2002 ignaviam
1076 1964 1138 1991 illos
1149 1962 1319 1993 alliciebant,
1332 1965 1444 1988 strenue
1457 1959 1635 1987 obsisterent.
1645 1957 1722 1992 Opus

928 2012 1013 2047 igitur
1026 2015 1096 2042 erat,
1109 2016 1179 2045 opus
1197 2001 1268 2040 erat,
1285 2007 1407 2042 inquam,
1424 2011 1455 2034 ut.
1468 2006 1507 2033 illi
1521 2010 1630 2033 veteres
1644 2004 1722 2039 prius

928 2057 1014 2086 veluti
1028 2056 1154 2084 morbum
1176 2054 1322 2090 quemdam
1345 2053 1429 2081 animi
1454 2052 1624 2090 deponerent
1643 2058 1720 2079 οιτο-

928 2111 997 2137 rem,
1009 2110 1064 2139 quo
1089 2101 1239 2129 multitudo
1265 2100 1380 2127 deorum
1401 2100 1553 2132 colebatur,
1572 2102 1601 2126 et
1619 2097 1672 2125 ﬁde
1693 2097 1734 2144 111(

928 2155 993 2177 eum
1017 2147 1066 2183 qui
1080 2154 1153 2174 unus
1165 2150 1193 2173 et
1210 2148 1311 2172 natura
1329 2149 1358 2172 et
1370 2151 1434 2172 vere
1452 2144 1525 2172 Deus
1550 2143 1721 2178 est,optimo

929 2193 1178 2225 continuarentur;
1203 2191 1321 2226 ideoque
1340 2190 1407 2225 ipsis
1428 2188 1474 2217 illa
1488 2190 1577 2225 prima
1591 2189 1635 2216 lex
1648 2197 1722 2224 pne-

932 2240 1029 2268 fulsit:
1046 2239 1120 2275 «Ego
1135 2246 1197 2266 sum
1213 2238 1346 2265 Dominus
1360 2237 1433 2264 Deus
1445 2240 1518 2269 tuus,
1536 2235 1583 2271 qui
1598 2235 1680 2263 eduxi
1694 2239 1721 2263 te

82 2287 154 2322 πλὴν
170 2286 249 2322 ἐμοῦ.
263 2287 299 2314 οὐ
313 2288 437 2322 ποιήσεις
448 2286 557 2322 σεαυτῷ
570 2286 691 2320 εῐδωλον,
706 2286 766 2313 οὐδὲ
777 2287 873 2319 παντὸς

931 2286 966 2314 de
982 2288 1055 2314 terra
1068 2284 1189 2321 Egypti,
1201 2283 1236 2312 de
1248 2283 1330 2311 domo
1341 2281 1493 2310 servitutis.
1510 2281 1570 2309 Non
1577 2284 1658 2309 erunt
1672 2279 1721 2308 tibi

85 2332 212 2367 ὁμοίωμα
225 2332 277 2358 ὅσα
292 2332 322 2358 ὲν
336 2332 375 2367 τῷ
386 2331 494 2368 οὐρανῷ
505 2332 573 2365 ἄνω,
590 2331 638 2359 καὶ
649 2333 678 2359 ὲν
690 2333 722 2368 τῇ
742 2333 777 2368 γῇ
793 2333 880 2365 κάτω,

83 2378 133 2405 καὶ
150 2379 202 2405 ὅσα
215 2378 244 2405 ἰν
263 2379 321 2409 τοῖς
337 2377 431 2405 ὕδασιν
447 2379 576 2405 ὑποκάτω
590 2377 639 2412 τῆς
656 2377 709 2413 γῆς
721 2398 728 2412 ,
744 2379 774 2405 οὺ
792 2386 881 2414 προσο

83 2424 214 2458 κυνήσεις
228 2423 331 2457 αὐτοῖς,
349 2424 403 2450 οὐδ⁴
418 2424 448 2450 οὒ
466 2424 503 2459 μὴ
518 2423 671 2460 λατρεύσῃς
687 2424 787 2456 αὐτοῖς,
809 2425 881 2460 Ἐγὼ

83 2470 140 2505 γάρ
154 2470 212 2505 ειμι
226 2468 329 2505 Κύριος
343 2470 357 2496 ό
379 2469 445 2501 Θεός
459 2477 506 2496 σου
519 2489 527 2501 ,
542 2469 557 2495 ό
571 2468 638 2501 Θεὸς
658 2469 793 2506 ζηλωτὴς,
811 2470 882 2497 ἀπο-

84 2515 174 2548 διδοὺς
191 2515 331 2551 ἁμαρτίας
346 2515 473 2549 πατέρων
491 2514 537 2541 ἐπὶ
556 2515 640 2542 τέκνα
653 2515 707 2544 ἕως
723 2515 818 2551 τρίτης
832 2517 880 2543 καὶ

84 2562 220 2597 τετάρτης
242 2561 341 2596 γενεᾶς
354 2561 411 2592 τοῖς
430 2561 540 2595 μισοῦσί
563 2569 597 2597 με
608 2569 615 2576 ·
631 2562 678 2589 καὶ
696 2561 781 2588 ποιῶν
804 2561 880 2594 ἔλεος

85 2610 124 2640 εἰς
140 2607 265 2644 χιλιάδας
285 2608 342 2639 τοῖς
362 2606 491 2642 ἀγαπῶσι
517 2615 568 2642 με,
587 2606 636 2633 καὶ
652 2606 820 2641 φυλάσσουσι
845 2608 880 2634 τὰ

85 2653 288 2689 προστάγματά
303 2661 365 2688 μου.
385 2661 395 2678 1
417 2652 490 2679 Ἔδει
503 2652 570 2688 γὰρ,
587 2652 640 2679 ἔδει
659 2652 788 2688 σκληροῖς
799 2662 882 2681 κατα-

87 2700 228 2726 πτοεϊσοαι
240 2699 368 2734 δείμασι,
384 2699 447 2731 τοὺς
462 2699 617 2735 ἀνεξίτητον
637 2699 782 2735 μέλλοντας
797 2701 881 2727 ποιεῖ-

89 2745 149 2772 σθαι
165 2745 215 2780 τὴν
230 2745 352 2780 ἐντολήν·
366 2744 509 2780 τοιγάρτοι
521 2744 567 2771 καὶ
580 2744 704 2781 ζηλωτὴν
718 2744 814 2772 ἑαυτδν
827 2747 881 2773 ὀνο-

89 2792 171 2827 μάζει
189 2792 257 2818 Θεον
269 2811 277 2824 ,
292 2790 340 2818 καὶ
361 2790 498 2826 ἁμαρτίας
513 2790 640 2826 πατέρων
653 2791 810 2818 ἐπιτιθέντα
824 2793 882 2824 τοῖς

89 2837 118 2872 ιε
129 2837 232 2869 αὐτῶν,
246 2838 272 2864 εῑ
281 2845 313 2872 γε
330 2837 391 2864 κατ’
410 2837 532 2868 ἐκείνους
545 2835 648 2864 ἕλοιντο
659 2836 746 2872 βιοῦν,
757 2837 804 2865 καὶ
816 2846 882 2874 προσ

124 2931 147 2948 ⁶¹
159 2931 211 2959 lsa.
225 2938 273 2964 vn,
285 2930 312 2958 9.
360 2929 382 2946 "
394 2929 480 2958 Exod.
493 2937 537 2963 xx,
549 2929 565 2957 2
577 2935 653 2964 seqq.

930 2333 969 2361 dii
985 2332 1030 2360 alii
1048 2337 1149 2368 praeter
1163 2339 1206 2359 me
1221 2340 1228 2357 :
1246 2338 1301 2358 non
1321 2329 1405 2357 facies
1416 2329 1466 2356 tibi
1478 2329 1530 2364 ipsi
1543 2327 1658 2360 idolum,
1670 2334 1722 2354 ne-

932 2387 987 2415 que
1001 2379 1087 2406 ullius
1102 2377 1143 2405 rei
1157 2378 1346 2410 simulacrum,
1358 2382 1527 2411 quaecunque
1534 2374 1561 2401 in
1574 2373 1644 2402 coelo
1658 2376 1723 2400 sunt

932 2433 1053 2458 sursum,
1069 2429 1097 2452 et
1115 2431 1287 2460 quaecunque
1305 2423 1333 2450 in
1358 2426 1431 2450 terra
1453 2421 1593 2452 deorsum,
1607 2423 1635 2447 et
1649 2427 1723 2454 quie-
1754 2443 1766 2454 ο

934 2471 1079 2507 cunquein
1090 2470 1170 2505 aquis
1185 2469 1236 2497 sub
1248 2473 1336 2496 terra:
1361 2475 1416 2495 non
1430 2466 1558 2494 adorabis
1576 2473 1618 2498 ea,
1631 2471 1722 2499 neque

934 2519 1041 2546 servies
1052 2518 1117 2545 illis.
1134 2517 1191 2552 Ego
1208 2516 1284 2544 enim
1306 2523 1367 2543 sum
1393 2514 1525 2542 Dominus
1550 2513 1623 2540 Deus
1647 2516 1721 2543 tuus,

934 2565 1008 2592 Deus
1019 2563 1131 2596 zelotes,
1145 2561 1266 2590 reddens
1285 2564 1396 2596 peccata
1412 2564 1521 2595 patrum
1542 2559 1569 2586 in
1585 2558 1666 2591 filios,
1678 2565 1722 2585 us-

934 2618 987 2646 que
1002 2609 1037 2637 ad
1051 2609 1160 2637 tertiam
1188 2611 1216 2635 et
1237 2611 1363 2642 quartam
1384 2606 1600 2642 generationem,
1627 2603 1661 2631 iis
1675 2602 1722 2638 qui

934 2657 1054 2685 oderunt
1067 2663 1121 2688 me,
1136 2653 1216 2690 174
1224 2657 1252 2682 et
1262 2651 1590 2680 faciensmisericordiam
1599 2650 1627 2678 in
1637 2649 1721 2676 millia

935 2702 970 2730 iis
995 2701 1043 2737 qui
1061 2701 1182 2736 diligunt
1192 2707 1246 2733 me,
1259 2702 1288 2726 et
1300 2701 1411 2726 servant
1432 2700 1569 2732 praecepta
1585 2703 1646 2723 mea
1661 2695 1693 2721 ".
1710 2704 1719 2720 I

934 2747 1085 2784 Oportebat
1109 2747 1183 2774 enim
1207 2749 1238 2773 ut
1250 2745 1328 2772 duris
1353 2743 1504 2771 terroribus
1518 2749 1724 2770 commm'eren-

936 2797 990 2826 tur,
1000 2791 1047 2828 qui
1061 2791 1190 2818 mandato
1202 2789 1307 2817 aditum
1325 2786 1487 2823 pmclusuri
1498 2790 1592 2819 erant;
1607 2785 1724 2820 ideoque

934 2844 962 2867 et
982 2839 1099 2867 zelotem
1111 2845 1141 2866 se
1152 2837 1240 2865 Deum
1261 2834 1388 2871 appellat
1403 2837 1432 2861 et
1443 2836 1555 2869 peccata
1576 2835 1722 2869 parentum
