1934 3042
228 181 275 209 4H

761 205 767 211 .
788 184 925 214 CYRILH
944 185 1178 214 ALEXANDBIM
1198 187 1357 215 ARCHIEP.

1811 187 1859 215 ΗΞ

229 243 325 270 liberis
337 243 477 278 imponere
494 251 524 271 se
539 244 621 278 dicit;
641 245 662 273 si
678 249 767 273 tamen
785 247 912 274 similiter
935 253 1015 282 atque

1068 249 1185 281 γονικοῖς
1202 247 1367 282 ἁμιλλᾶσθαι
1381 247 1560 283 πταίσμασιν.
1575 246 1613 274 οὐ
1627 246 1682 283 γάρ
1695 246 1747 273 πού
1757 255 1861 282 φαμεν,

230 289 266 315 illi
288 289 391 322 vivere,
402 294 429 316 et
446 298 509 318 eum
523 291 619 325 patriis
631 288 736 319 certare
747 293 835 327 culpis
855 294 949 321 velim.
961 293 1014 321 Ne-

228 342 281 368 que
307 335 380 361 enim
404 335 522 363 dicimus
537 336 566 363 in
589 344 644 364 eos
674 337 803 372 quinihil
837 339 1013 374 deliquerint,

228 385 340 414 precatu
352 385 496 416 parentum
510 383 679 416 redundare;
707 392 768 411 eum
796 384 907 412 disertis
925 385 1016 413 verbis

228 429 343 452 testetur
356 427 457 453 Deusu
474 428 534 454 Non
544 428 697 456 morientur
707 433 800 463 patres
813 438 862 465 pro
877 430 949 464 ﬁliis,
965 439 1015 459 ne-

228 479 280 505 que
298 471 343 498 ﬁlii
355 480 404 506 pro
417 473 541 508 patribus
555 483 561 500 :
579 475 768 510 unusquisque
784 475 813 503 in
838 484 888 503 suo
904 482 1016 511 peccato

228 519 362 546 morietur
379 520 412 547 ⁸⁵.
424 531 433 546 ι
450 520 514 553 Sed,
537 521 559 549 si
575 529 720 557 parentum
749 525 914 559 sententiam
935 526 1016 552 liberi

227 570 388 599 sequantur,
405 574 437 594 ac
449 568 545 602 patria:
567 569 715 604 impietatis
735 570 838 598 fuerint
854 571 1014 603 imitatores,

226 611 352 644 pervertit
363 612 473 640 interim
483 615 517 642 ad
530 615 603 650 ipsos
618 624 727 651 quoque
739 617 785 643 Dei
796 617 955 652 indignatio.
966 618 1015 649 Ac.

228 655 250 682 si
263 657 371 685 eveniat
384 666 417 685 ex
433 659 518 694 ipsius
529 660 610 688 insita
624 661 804 697 benignitate,
829 666 860 689 ut
872 663 954 694 Deus,
969 662 1017 697 qui

226 707 268 730 est
287 711 370 738 super
390 706 493 739 omnia,
518 707 614 741 primis
635 707 689 734 illis
708 708 831 735 remittat
842 716 938 744 poenas
961 718 967 735 ε
988 713 1017 736 at

226 753 301 775 certe
321 750 449 778 secundis
477 753 597 785 tandem,
617 755 764 781 auttcrtiis
782 755 969 783 conmeritam
983 755 1017 782 ab

227 794 305 822 initio
324 795 444 824 debitam
459 798 541 833 impio
563 800 656 834 generi
679 799 761 828 infert
777 801 855 828 iram.
880 801 1018 837 Compulit

227 838 316 874 igitur,
327 848 375 868 eos
390 842 422 869 ad
437 842 573 876 timorem,
591 853 653 871 eum
677 853 706 872 se
730 846 845 874 zelotem
868 847 954 874 Deum
968 855 1017 883 ap-

227 886 339 919 pellavit
353 896 358 913 :
375 888 429 914 alia
445 897 554 924 quoque
572 889 678 918 ratione
702 891 813 918 eosdem
836 892 862 919 in
878 892 929 919 (ide
950 901 1017 920 cou-

180 966 186 973 ‘
228 932 354 966 lirmavit,
373 934 527 968 pollicendo
550 936 687 964 facturum
714 945 743 964 se
758 938 974 966 miscricordiam
990 939 1018 966 in

228 976 312 1004 millia
331 977 364 1004 iis
377 979 424 1013 qui
441 987 469 1006 se
483 980 638 1015 diligerent.
656 981 704 1009 ilis
728 982 847 1009 vicinum
861 988 1020 1018 cognatum-

226 1030 279 1056 que
302 1024 459 1051 mandatum
483 1026 599 1060 adjecit;
626 1027 664 1053 ait
686 1027 775 1054 enim:
803 1028 880 1055 «Non
901 1029 1019 1064 accipies

213 1066 324 1094 'uomen
342 1069 448 1096 Domini
462 1070 508 1097 Dei
529 1071 567 1097 tui
588 1072 614 1098 in
628 1080 729 1099 vanum
743 1082 749 1105 ;
766 1081 820 1100 non
833 1074 906 1100 enim
924 1075 1019 1102 inson—

226 1116 280 1138 tem
293 1113 406 1141 habebit
418 1115 549 1142 Dominus
577 1124 640 1143 enm
666 1118 711 1152 qui
727 1118 825 1153 aeeipit
846 1127 944 1147 nomen
960 1120 1019 1155 ejus

226 1157 253 1184 in
264 1166 365 1186 vanum
380 1160 412 1186 ⁸⁵.
426 1170 434 1185 ι
455 1161 511 1188 Hoc
528 1163 652 1189 nonnulli
674 1163 821 1196 faciebant,
836 1165 918 1201 lignis
934 1174 966 1193 ac
979 1166 1017 1193 la-

225 1203 336 1238 pidibus
356 1205 402 1232 Dei
423 1208 634 1242 appellationem
651 1209 818 1243 tribuendo;
834 1215 862 1238 et
879 1211 946 1238 illud
971 1220 1020 1239 ιιοο

225 1258 298 1283 men,
315 1252 388 1286 quod
403 1257 445 1280 est
459 1261 543 1289 super
561 1262 645 1282 omne
673 1264 786 1289 nomen,
806 1258 889 1284 stulte
917 1258 950 1285 ad
970 1259 1021 1285 hu-

213 1295 312 1323 'manre
322 1306 418 1325 manus
431 1299 578 1327 artificium
607 1305 690 1336 atque
705 1310 816 1337 operam
841 1303 995 1338 dejiciendo
1010 1313 1017 1337 ;

225 1342 258 1369 de
269 1343 370 1377 quibus
387 1344 456 1371 dixit
467 1345 538 1372 Deus
553 1354 602 1381 per
614 1347 689 1375 Isaia:
706 1356 801 1375 vocem
817 1358 822 1375 :
843 1359 852 1374 |
869 1349 1017 1384 Postquam

224 1389 306 1423 elegit
322 1389 398 1416 faber
413 1391 528 1426 lignum.
544 1393 689 1421 constituit
704 1394 770 1420 illud
787 1394 814 1421 in
829 1402 970 1430 mensura,
991 1401 1019 1423 ct

225 1433 328 1467 glutine
341 1436 494 1471 composuit
510 1437 575 1464 illud
597 1442 626 1465 ut
639 1438 756 1466 formam
772 1439 834 1473 viri,
853 1444 880 1468 et
906 1445 936 1468 ut
959 1441 1020 1476 pul-

225 1479 410 1508 chritudinem
429 1481 558 1516 hominis,
586 1489 616 1512 ut
630 1489 765 1513 statueret
793 1486 858 1513 illud
872 1487 898 1514 in
918 1487 1016 1521 domo;

225 1525 329 1552 exeidit
349 1527 453 1562 lignum
467 1536 482 1555 a
503 1529 580 1562 silva,
598 1531 671 1566 quod
690 1532 975 1567 plantavitDominus,
991 1537 1019 1561 et

225 1572 314 1599 imber
327 1574 412 1607 auxit,
429 1580 459 1602 ut
471 1576 506 1603 sit
523 1570 722 1606 hominibus‘in
735 1580 974 1614 combustionem;
991 1588 1019 1609 et

226 1620 365 1655 accipiens
382 1621 417 1648 ab
438 1622 485 1650 illo
499 1624 648 1652 calefactus
663 1629 705 1652 est
718 1635 724 1651 :
750 1630 778 1653 et
793 1627 957 1655 accedentes
968 1636 1016 1655 eo-

224 1671 324 1694 xcrunt
339 1676 423 1702 panes
439 1677 521 1704 super
535 1670 600 1705 ipsis
613 1692 619 1697 .
639 1671 671 1699 de
690 1672 796 1708 reliquo
814 1681 879 1701 vero
893 1674 1018 1702 fecerunt

224 1711 336 1744 deos,et
355 1714 469 1742 adorant
500 1717 559 1744 illos
578 1718 610 1744 ⁸⁸.
628 1728 636 1742 ι
656 1718 689 1745 Ει
703 1723 764 1753 post
787 1708 858 1747 Ialia:
886 1731 894 1745 ι
907 1720 1016 1756 Cogno—
1039 1734 1042 1737 ν

224 1758 292 1785 scite
320 1760 383 1794 quia
405 1761 475 1788 cinis
499 1767 541 1789 est
563 1771 610 1789 cor
627 1772 734 1796 eorum,
754 1769 782 1791 et
804 1770 897 1793 errant
909 1767 941 1794 ³⁷.
959 1776 967 1792 ι
983 1767 1015 1794 lli

224 1804 362 1839 accipiunt
379 1814 478 1834 nomen
493 1808 599 1836 Domini
623 1810 649 1836 in
664 1818 777 1837 vanum.
805 1811 954 1846 Cancrum,
968 1812 1014 1847 qui

215 1851 278 1886 jam
297 1859 312 1878 e
335 1852 435 1879 diaboli
459 1853 566 1888 laqueis
575 1855 711 1888 exierunt
723 1865 755 1883 ac
767 1857 852 1884 Deum
865 1865 959 1885 verum
971 1867 1017 1886 eo-

225 1901 389 1930 gnoverunt,
407 1898 485 1933 175
498 1906 553 1926 eos
560 1908 659 1928 censeo
671 1909 726 1928 non
741 1901 842 1929 debere
856 1902 890 1929 ad
910 1903 1015 1938 ineptas

227 1940 424 1976 intelligentias
451 1943 631 1971 claudicando
650 1945 715 1977 labi,
744 1953 833 1980 neque
861 1946 889 1973 in
913 1947 963 1974 hac
987 1955 1015 1974 re

225 1985 387 2021 degenerem
412 1996 524 2016 sensum
542 1990 633 2017 stulte’
642 1992 799 2026 complecti,
821 1992 847 2018 in
876 2000 936 2019 caui
954 1993 1015 2027 opi—

224 2033 334 2060 nionem
350 2034 492 2068 adductos,
510 2040 539 2062 ut
550 2036 618 2063 alios
627 2042 776 2071 agnoscant
788 2038 863 2071 deos,
879 2043 926 2065 aut
941 2043 1015 2066 certe

224 2079 395 2107 arbitrentur
423 2081 536 2108 omnino
561 2083 694 2117 quosdam
719 2091 790 2116 esse,
814 2089 914 2119 praeter
950 2093 1014 2113 eum

225 2125 272 2158 qui
308 2134 380 2153 unus
398 2131 426 2153 et
443 2135 525 2155 verus
544 2128 589 2155 sit.
618 2129 696 2156 «Etsi
723 2129 796 2156 enim
822 2130 950 2157 dicantur
975 2131 1013 2158 dii

225 2172 359 2206 nonnulli,
385 2181 416 2200 ac
433 2173 547 2207 domini,
566 2179 595 2202 et
611 2175 637 2202 in
659 2176 738 2208 coelo,
759 2180 786 2203 et
808 2177 836 2204 iu
855 2182 927 2205 terra
945 2187 950 2205 :
967 2179 1014 2206 sed

224 2217 305 2245 nobis
333 2227 404 2246 unus
418 2220 499 2253 Deus,
517 2221 598 2247 Pater
610 2229 718 2256 nempe,
734 2230 767 2249 ex
779 2230 834 2257 quo
854 2224 959 2257 omnia,
987 2228 1015 2251 et

1068 294 1105 326 ὡς
1120 296 1175 326 τοῖς
1187 303 1218 328 γε
1232 295 1300 327 ὅλως
1316 295 1394 322 οὐδὲν
1410 294 1676 329 πεπλημμεληκόσιν
1688 295 1716 321 αἱ
1732 293 1788 320 τῶν
1807 303 1861 321 πα-

1066 341 1152 374 τέρων
1165 341 1322 376 ἐγκατασκή
1329 349 1440 368 πτουσιν
1464 340 1610 376 ἁμαρτίαι,
1626 339 1673 368 καί
1689 349 1730 367 τοι
1744 340 1862 376 διαρρή-

1065 386 1114 421 δην
1133 387 1353 422 ἀνακεκραγότος
1368 387 1437 413 Θεοῦ
1449 396 1456 404 θ
1479 397 1488 413 ι
1516 387 1573 413 Οὐκ
1589 386 1791 413 ἀποθανοῦνται
1810 395 1862 414 ’.τα-

1066 432 1144 468 τὲρες
1160 432 1229 468 ὑπὲρ
1243 433 1358 465 τέκνων,
1376 433 1437 460 οὐδὲ
1456 433 1541 460 τέκνα
1556 433 1625 468 ὑπὲρ
1640 432 1776 467 πατέρων,
1797 433 1863 458 ἐχα-

1068 487 1129 511 στος
1146 481 1179 514 τῇ
1194 479 1290 506 ἑαυτοῦ
1308 479 1431 515 ἁμαρτίᾳ
1446 479 1631 506 ἀποθανεῖται.
1652 488 1660 504 ι
1683 479 1752 505 Ἀλλ’
1764 479 1788 505 εἰ
1802 479 1862 509 ταῖς

1066 523 1120 551 τῶν
1138 524 1264 559 πατέρων
1275 525 1383 552 ἓποιντο
1397 525 1519 560 γνώμαις
1537 525 1562 551 οἱ
1576 524 1606 557 ἐξ
1619 525 1721 557 αὐτῶν,
1736 525 1785 552 καὶ
1799 533 1864 558 προ-

1067 570 1179 605 γονικῆς
1197 571 1356 604 δυσσεϐείας
1366 571 1469 598 ἔσοιντο
1483 571 1612 606 ζηλωταὶ,
1632 571 1793 606 παρατείνει
1809 579 1862 597 που

1067 615 1138 650 τάχα
1154 616 1201 642 καὶ
1215 617 1254 648 εἰς
1269 617 1367 648 αὐτοὺς
1379 617 1393 643 ὁ
1407 617 1501 652 Θυμός.
1515 617 1574 644 Κᾶν
1590 618 1614 644 ei.
1631 617 1735 651 γένοιτό
1755 625 1815 647 πως
1833 615 1862 648 ἐξ

1067 663 1188 698 ἐμφύτου
1219 663 1424 699 φιλανθρωπίας
1452 664 1555 691 ἀνεῖναι
1579 665 1636 695 τοῖς
1666 662 1786 700 πρώτοις
1815 661 1861 689 τὸν

1069 707 1140 743 ὑπὲρ
1162 708 1251 734 πάντα
1265 707 1341 741 Θεὸν,
1366 708 1395 735 τὸ
1412 708 1574 741 κολάζεσθαι
1591 709 1658 741 δεῖν,
1677 708 1735 734 ἀλλ’
1752 706 1799 735 οὖν
1812 708 1862 742 ὀψὲ

1067 755 1123 786 tot;
1143 753 1279 790 δευτέροις
1290 755 1374 790 ήγουν
1386 756 1442 786 τοῖς
1457 755 1560 790 τρίτοις
1575 754 1674 788 ἐπάγει
1688 754 1738 789 τὴν
1759 754 1789 780 ὲν
1809 755 1862 790 ἀρ-

1068 802 1129 836 χαῖς
1144 800 1182 836 τῷ
1203 801 1308 837 βεϐήλῳ
1320 801 1393 836 γένει
1407 800 1567 836 πρέπουσάν
1577 809 1606 827 τε
1624 801 1671 827 καὶ
1682 801 1863 836 ὀφειλομένην

1068 847 1163 883 ὀργήν.
1178 847 1325 874 Κατεσόὸει
1336 847 1425 873 τοίνυν
1439 847 1478 878 είς
1488 847 1518 873 τὸ
1532 847 1673 882 φοῦεῖσθαι
1686 846 1799 881 (ηδεῖν,
1816 847 1864 881 ζη-

1069 894 1158 927 λωτὴν
1181 893 1277 920 ἑαυτὸν
1291 893 1433 928 ὀνομάζων
1454 893 1536 919 Θεόν·
1551 892 1675 919 ἐϐεϐαίου
1687 901 1719 926 γε
1740 892 1793 928 μὴν
1817 893 1864 919 καὶ

1034 932 1054 959 Β
1069 940 1171 975 ἑτέρως
1185 940 1225 972 εἰς
1242 940 1332 966 πίστιν
1347 939 1446 970 αὐτοὺς
1459 961 1467 971 ,
1483 941 1571 965 ποιεῖν
1589 939 1664 970 €150;
1679 939 1719 970 είς
1736 939 1862 973 χιλιάδας

1070 985 1284 1020 ὑπισχνούμενος
1307 986 1363 1016 τοῖς
1380 984 1524 1018 ἀγαπῶσιν
1543 984 1634 1010 αὐτόν.
1658 983 1818 1019 Προσετίθει
1835 983 1862 1009 δὲ

1069 1031 1173 1062 τούτοις
1190 1030 1298 1064 γείτονα
1318 1039 1347 1056 τε
1361 1031 1407 1056 καὶ
1430 1030 1547 1064 ἀδελφὴν
1568 1030 1695 1064 ἐντολήν·
1717 1039 1726 1054 α
1751 1029 1789 1055 Οὐ
1809 1028 1863 1063 γὰρ

1069 1075 1158 1111 λήψῃ,
1176 1076 1254 1110 φησὶ,
1270 1075 1300 1101 τὸ
1315 1075 1400 1110 ὄνομα.
1420 1075 1522 1110 Κυρίου
1539 1075 1586 1102 τοῦ
1601 1074 1669 1101 Θεοῦ
1683 1083 1731 1101 σου
1748 1075 1794 1100 ἐπὶ
1811 1083 1863 1108 μα-

1069 1123 1156 1157 ταίῳ·
1174 1122 1205 1148 οὐ
1220 1122 1274 1156 γὰρ
1290 1122 1327 1157 μὴ
1346 1121 1484 1157 καθαρίσῃ
1505 1121 1607 1158 Κύριος
1623 1121 1668 1148 τὸν
1689 1120 1863 1155 λαμϐάνοντα

1069 1169 1099 1196 τὸ
1113 1169 1198 1204 ὄνομα
1209 1167 1289 1195 αὐτοῦ
1305 1168 1350 1195 ἐπὶ
1366 1168 1498 1203 ματαίῃ.»
1519 1167 1603 1194 Τοῦτό
1620 1175 1690 1198 τινες
1706 1166 1804 1201 ἔδρων,
1818 1165 1863 1198 ξύ-

1069 1214 1127 1246 λοις
1141 1223 1172 1241 τε
1188 1215 1235 1241 καὶ
1255 1214 1338 1246 λίθοις
1352 1214 1401 1249 τὴν
1421 1214 1468 1240 τοῦ
1481 1213 1549 1240 Θεοῦ
1565 1213 1660 1248 κλῆσιν
1674 1212 1861 1243 ὰνάπτοντες,

1069 1260 1116 1286 καὶ
1130 1260 1176 1286 τὸν
1195 1260 1266 1295 ὑπὲρ
1278 1260 1331 1286 πᾶν
1343 1260 1428 1295 ὄνομα
1444 1258 1674 1294 κατακομίζοντες
1688 1259 1804 1293 ἀμαθῶς
1823 1259 1864 1289 εἰς

1069 1307 1244 1343 ἀνθρωπίνης
1266 1306 1357 1342 χειρὸς
1373 1305 1559 1340 φιλοτέχνημα
1574 1314 1603 1331 τε
1620 1306 1666 1331 καὶ
1681 1306 1770 1331 πόνον.
1789 1305 1861 1340 Ἔφη

1069 1353 1097 1379 δέ
1113 1361 1163 1379 που
1177 1353 1240 1389 περὶ
1252 1353 1341 1379 αὐτῶν
1352 1352 1395 1378 διὰ
1407 1351 1499 1386 φωνῆς
1514 1352 1626 1378 Ἡσαΐου
1641 1352 1720 1383 Θεός’
1738 1361 1746 1376 ι
1768 1351 1863 1378 Ἐκλε-

1071 1399 1186 1434 ξάμενος
1205 1399 1309 1426 τέκτων
1325 1397 1419 1430 ξύλον,
1432 1397 1546 1433 ἔστησεν
1561 1397 1626 1424 αὐτὸ
1644 1398 1672 1424 ἐν
1688 1397 1781 1432 μέτρῳ
1792 1419 1799 1428 ,
1815 1397 1863 1424 καὶ

1069 1445 1098 1472 ὲν
1123 1445 1204 1480 κόλλῃ
1228 1444 1395 1480 ἑῤῥύθμισεν
1419 1444 1494 1475 αὐτὸ,
1522 1443 1569 1470 καὶ
1590 1443 1718 1478 ἐποίησεν
1739 1443 1807 1470 αὐτὸ
1824 1443 1862 1474 ὡς

1071 1491 1178 1528 μορφὴν
1195 1491 1303 1526 ἀνδρὸς.
1321 1491 1367 1517 καὶ
1382 1489 1420 1521 ὡς
1433 1489 1590 1524 ὡραιότητα
1599 1487 1744 1524 ἀνθρώπου
1761 1489 1862 1523 στῆσαι

1069 1538 1135 1565 αὐτὸ
1146 1539 1175 1564 ὲν
1190 1537 1256 1572 οἴκῳ
1268 1546 1274 1553 ·
1287 1536 1368 1571 ἔκοψε
1383 1535 1460 1569 ξύλον
1476 1536 1508 1562 εκ
1518 1534 1565 1562 τοῦ
1578 1533 1682 1570 δρυμοῦ
1697 1534 1711 1560 ὃ
1727 1533 1861 1568 ἐφύτευσε

1071 1584 1173 1619 Κύριος
1185 1603 1193 1615 .
1218 1583 1265 1610 καὶ
1279 1582 1356 1613 ὑετὸς
1382 1582 1531 1616 ὲμήκυνεν,
1547 1580 1590 1608 ἴνα
1650 1579 1806 1615 ἀνθρώποις
1821 1581 1862 1611 εἰς

1072 1629 1179 1659 καῦσιν,
1198 1628 1244 1655 καὶ
1260 1627 1348 1654 λαϐὼν
1369 1626 1415 1653 ἀπ’
1435 1625 1530 1658 αὑτοῦ,
1547 1624 1717 1660 ἐθερμάνθη,
1732 1624 1779 1651 καὶ
1795 1624 1863 1651 καύ-

1071 1683 1166 1706 σαντες
1183 1673 1285 1708 ἐπεψαν
1307 1672 1406 1708 ἄρτους
1420 1672 1463 1698 ἐπ’
1485 1671 1592 1698 αὑτῶν⁵
1609 1670 1640 1697 τὸ
1651 1669 1680 1696 δὲ
1697 1669 1791 1697 λοιπὸν
1806 1671 1865 1705 είρ-

1070 1721 1191 1755 γάσαντο
1205 1720 1245 1750 εὶς
1256 1719 1349 1751 θεοὺς,
1362 1718 1408 1744 καὶ
1430 1716 1628 1752 προσκυνοῦσιν
1649 1717 1752 1747 αὐτοῖς.
1777 1726 1786 1742 ι
1808 1717 1863 1743 Καὶ

1072 1766 1131 1802 μεθ’
1142 1766 1224 1801 ἔτερα
1235 1773 1242 1780 ·
1257 1775 1266 1791 ι
1281 1763 1382 1796 Γνῶτε,
1396 1764 1437 1790 ὅτι
1452 1763 1547 1794 σποδὸς
1560 1763 1576 1798 ἡ
1593 1762 1688 1797 καρδία
1700 1762 1800 1795 αὐτῶν,
1814 1764 1861 1789 καὶ

1070 1811 1235 1838 πλανῶνται.
1263 1820 1272 1836 ι
1300 1806 1379 1837 Οὗτοι
1397 1807 1564 1843 λαμϐάνουσι
1591 1807 1621 1833 τὸ
1652 1806 1739 1842 ὄνομα
1757 1807 1861 1842 Κυρίου

1069 1859 1115 1884 ἐπὶ
1131 1856 1250 1892 ματαίῳ.
1279 1855 1347 1881 Ἀλλ’
1366 1852 1443 1889 οἶμαι
1461 1853 1516 1879 δεῖν
1533 1853 1595 1883 τοὺς
1611 1852 1638 1879 οἵ
1651 1861 1682 1886 γε
1704 1851 1796 1878 λοιπὸν
1809 1851 1862 1883 ἔξω

1069 1912 1098 1929 τε
1115 1903 1207 1937 πάγης
1227 1901 1353 1936 γεγόνασι
1373 1899 1529 1934 διαϐολικῆς
1542 1919 1550 1931 ,
1564 1899 1611 1925 καὶ
1630 1898 1696 1924 Θεὸν
1721 1897 1860 1932 ἐγνώκασι

1068 1948 1113 1975 τδν
1128 1946 1265 1982 ἀληθινὸν,
1281 1945 1318 1981 μὴ
1333 1947 1372 1976 εἰς
1397 1943 1505 1980 ψυχρὰς
1520 1943 1644 1976 ὀκλάζειν
1660 1943 1776 1974 ἑννοίας,
1792 1944 1861 1979 μήτε

1069 1995 1122 2029 μὴν
1143 1993 1174 2019 τὸ
1194 1993 1306 2027 ἀγεννὲς
1323 1991 1351 2017 εν
1370 1999 1401 2025 γε
1421 1991 1453 2025 δὴ
1473 1990 1560 2026 τούτῳ
1584 1990 1667 2025 τιμᾷν
1693 1989 1858 2025 φληνάφως,

1067 2038 1279 2074 ἁνθελκομένους
1287 2038 1326 2069 είς
1337 2037 1367 2063 τὸ
1378 2037 1431 2063 δεῖν
1442 2036 1552 2072 ἑτέρους
1568 2036 1666 2062 εἰδέναι
1677 2035 1764 2067 θεοὺς,
1777 2036 1860 2071 ἤγουν

1067 2084 1170 2112 οἴεσθαί
1186 2092 1262 2115 τινας
1278 2082 1412 2118 ὑπάρχειν
1425 2082 1493 2113 ὅλως
1513 2081 1588 2117 παρὰ
1605 2081 1650 2107 τὸν
1666 2081 1714 2107 ἕνα
1731 2081 1778 2108 καὶ
1791 2080 1858 2117 ἀλη-

1068 2131 1138 2162 θῶς.
1157 2140 1166 2156 ‹
1193 2130 1225 2156 Ei
1240 2129 1294 2164 γὰρ
1308 2129 1354 2156 καὶ
1380 2127 1502 2162 λέγοιντό
1518 2136 1590 2158 τινες
1604 2126 1662 2154 θεοὶ
1684 2128 1732 2154 καὶ
1748 2127 1858 2162 κύριοι,

1067 2176 1094 2203 ἓν
1108 2185 1137 2203 τε
1153 2175 1191 2211 τῷ
1209 2173 1326 2210 οὐρανῷ,
1348 2174 1394 2201 καὶ
1411 2174 1457 2200 ὲπὶ
1474 2174 1535 2208 γῆς,
1548 2172 1605 2199 ἀλλ’
1618 2173 1684 2207 ἡμῖν
1699 2171 1740 2204 εἷς
1752 2172 1829 2204 Θεὸς,
1845 2173 1860 2197 ὀ

1067 2222 1173 2258 Πατὴρ,
1190 2222 1219 2255 ἐξ
1234 2218 1263 2248 οὗ
1282 2221 1315 2247 τὰ
1329 2221 1417 2247 πάντα
1436 2220 1484 2246 καὶ
1495 2220 1575 2255 ἡμεῖς
1593 2219 1632 2250 εἰς
1645 2219 1726 2245 αὐτόν
1739 2227 1745 2234 ·
1760 2218 1808 2244 καὶ
1819 2215 1860 2250 εἷς

223 2265 312 2292 nosin
324 2265 414 2298 illum;
435 2270 462 2292 et
474 2274 546 2294 unus
564 2267 697 2294 Dominus
715 2268 795 2296 Jesus
814 2269 952 2303 Christus,
966 2279 1014 2305 per

1067 2269 1166 2305 Κύριος
1185 2267 1288 2303 Ἰησοῦς
1303 2267 1430 2303 Χριστὸς,
1446 2266 1479 2292 δι’
1493 2263 1523 2292 οὗ
1543 2264 1577 2292 τὰ
1592 2266 1680 2292 πάντα
1693 2286 1700 2298 ,
1717 2265 1765 2292 καὶ
1778 2265 1860 2300 ἡμεῖς

223 2317 303 2343 quem
324 2310 425 2343 omnia,
439 2316 466 2338 et
482 2319 532 2338 nos
557 2320 607 2347 per
629 2313 717 2348 ipsum
726 2314 740 2346 ;'
754 2318 782 2341 et
806 2323 878 2342 unus
894 2315 1014 2350 Spiritus

223 2359 345 2388 sanctus,
366 2355 394 2382 in
414 2364 468 2390 quo
484 2357 586 2390 omnia,
608 2363 636 2385 et
659 2366 710 2386 nos
735 2359 762 2386 in
776 2359 835 2394 ipso
845 2360 877 2387 ³⁸.
894 2372 902 2386 ι
918 2361 1012 2397 Neque

222 2400 296 2426 enim
314 2401 467 2429 divinitatis
484 2407 609 2431 naturam
627 2405 653 2431 in
678 2405 767 2433 solum
784 2415 868 2434 unum
885 2407 970 2435 Deuln
985 2414 1014 2436 et

222 2446 453 2476 PatremJudaice
467 2451 680 2484 contrahemus;
716 2452 765 2480 sed
787 2453 860 2480 illam
879 2454 1014 2488 quodam-

222 2492 304 2519 modo
327 2493 466 2522 dilatando
490 2496 516 2522 in
543 2503 664 2525 sanctam
693 2499 1011 2536 consubstantialcmque

222 2537 393 2574 Trinitatem,
419 2546 500 2576 atque
517 2547 573 2570 tum
587 2551 766 2578 personarum
794 2546 938 2580 qualitate,
953 2551 1010 2574 tum

221 2583 374 2619 hypostasis
386 2588 555 2622 proprietate
567 2589 773 2626 distinguendo,
790 2592 818 2619 in
835 2601 921 2620 unum
947 2602 1010 2620 rur-

222 2637 268 2657 sus
296 2631 383 2658 Deum
410 2634 614 2668 contrahemus,
640 2641 752 2671 propter
774 2638 898 2665 eamdem
927 2639 1009 2665 trium

221 2676 417 2711 substantiam;
435 2680 522 2715 etipsi
538 2681 700 2713 serviemus.
717 2683 862 2719 ipsumque
879 2685 1010 2712 adOI'abi—

220 2729 290 2755 mus,
306 2723 458 2752 invocando
474 2726 581 2754 Patrem
596 2731 624 2754 et
640 2728 739 2756 Filium
754 2737 786 2757 ac
800 2730 932 2765 Spiritum
947 2739 1011 2758 san-

220 2770 336 2804 ctum.,«
349 2769 407 2797 Non
420 2772 494 2799 enim
514 2778 605 2806 erunt,
620 2783 628 2797 ι
648 2774 745 2809 inquit,
763 2785 772 2801 ‹
794 2776 831 2803 dii
851 2777 895 2804 alii
911 2782 1012 2812 printer

255 2861 279 2876 5"
291 2861 369 2888 Deut.
385 2869 455 2893 XXIV,
475 2863 517 2890 16.
557 2865 579 2880 ⁸⁸
594 2865 678 2892 Exod.
692 2874 736 2898 xx,
750 2866 775 2892 7.

815 2867 837 2882 ⁸⁶
854 2867 903 2893 lsa.
918 2874 987 2897 κων,
1004 2865 1036 2892 ir!
1047 2873 1124 2900 seqq.

1065 2315 1099 2343 δι⁸
1112 2314 1195 2342 αὑτοῦ
1209 2322 1215 2328 ’
1235 2314 1282 2341 καὶ
1291 2313 1319 2340 ἓν
1339 2313 1451 2347 Πνεῦμα
1460 2312 1552 2346 ἂγιον,
1566 2312 1596 2337 ἐν
1608 2308 1629 2346 ᾧ
1641 2311 1676 2338 τὰ
1693 2311 1795 2343 πάντα,
1812 2311 1859 2338 καὶ

1065 2363 1146 2397 misi;
1162 2362 1190 2388 ὲν
1205 2360 1289 2395 αὐτῷ.
1310 2369 1318 2385 ι
1338 2359 1458 2386 ’Ἡκιστα
1471 2359 1520 2394 μὲν
1536 2358 1591 2394 γὰρ
1606 2357 1656 2393 τὴν
1669 2358 1718 2392 τῆς
1730 2357 1859 2393 θεότητος

1065 2408 1147 2444 φύσιν
1160 2407 1342 2442 συστελοῦμεν
1359 2405 1520 2437 Ἰουδαϊκῶς.
1535 2405 1574 2436 εἰς
1584 2405 1663 2439 μόνον
1675 2403 1722 2431 ’σὺν
1735 2403 1784 2430 ἕνα
1793 2404 1859 2430 Θεὸν

1065 2455 1112 2482 καὶ
1136 2453 1257 2488 Πατέρα,
1274 2451 1486 2487 κατευρύνοντες
1505 2451 1534 2478 δὲ
1559 2451 1655 2486 ὥσπερ
1676 2451 1717 2481 εἰς
1732 2450 1815 2484 ἁγίαν
1831 2458 1858 2476 τε

1068 2499 1114 2526 καὶ
1131 2498 1274 2534 ὁμοούσιον
1287 2497 1390 2533 Τριᾰιδα
1403 2505 1409 2511 ·
1428 2497 1474 2522 καὶ
1486 2497 1538 2532 μὴν
1552 2496 1599 2523 καὶ
1612 2495 1767 2531 προσώπων
1785 2495 1861 2522 ποιά--

1066 2555 1138 2581 τητι,
1166 2545 1214 2571 καὶ
1237 2544 1413 2574 ὑποστάσεως
1441 2543 1553 2577 ἰδιότητι
1580 2542 1794 2573 διαστέλλοντες,
1821 2543 1860 2572 είς

1064 2593 1112 2619 ἕνα
1131 2592 1162 2627 δὴ
1184 2590 1264 2617 πάλιν
1288 2589 1468 2623 συστελοῦμεν
1485 2589 1562 2620 Θεὸν,
1576 2588 1620 2614 διὰ
1644 2589 1674 2614 τὸ
1696 2588 1747 2623 τῆς
1765 2589 1860 2619 οὐσίας

1063 2638 1170 2668 ταυτὸν,
1181 2637 1227 2662 καὶ
1239 2635 1312 2670 αὑτῴ
1323 2634 1518 2670 λατρεύσομεν.
1532 2634 1606 2668 αὖτῴ
1619 2634 1859 2669 προσκυνήσομεν.

1063 2681 1271 2716 ἐπικαλούμενοι
1283 2680 1327 2706 τὸν
1337 2680 1447 2715 Πατέρα
1458 2680 1505 2706 καὶ
1513 2680 1556 2706 τὸν
1569 2679 1632 2706 Υίὸν
1644 2680 1690 2706 καὶ
1701 2680 1732 2706 τὺ
1744 2679 1858 2713 Πνεῦμα

1063 2729 1093 2756 τὸ
1103 2729 1191 2762 ἅγιον.
1203 2738 1212 2752 ‹
1225 2728 1262 2753 UO
1272 2726 1327 2762 γὰρ
1342 2726 1458 2757 ἔσονται,
1473 2735 1482 2751 ι
1498 2726 1595 2760 φησὶτὶ
1614 2725 1670 2752 θεοὶ
1681 2726 1772 2761 ἕτεροι
1790 2726 1860 2761 πλὴν

1068 2775 1146 2811 ἐμοῦ·
1169 2785 1177 2799 ι
1200 2774 1247 2800 καὶ
1261 2773 1340 2800 πάλιν
1354 2782 1365 2788 ··
1381 2782 1389 2798 ι
1412 2772 1514 2808 Κύριον
1530 2772 1575 2798 τὸν
1590 2771 1655 2798 Θεὸν
1673 2780 1720 2798 σου
1737 2781 1860 2808 προσκυ-

1160 2864 1273 2895 “ibid,
1291 2864 1334 2890 ‘20.
1374 2863 1396 2878 '“
1416 2862 1502 2890 ICor.
1515 2869 1572 2894 vui,
1586 2862 1613 2894 5,
1628 2861 1654 2888 G.

257 2916 297 2954 (Ι)
315 2918 432 2947 Sic‘cod.
446 2920 504 2947 Vat.
520 2929 526 2954 ;
544 2920 636 2949 Sirleti
652 2926 752 2956 aulcm,
771 2923 810 2954 εἰς
822 2923 850 2949 τὸ
862 2922 1015 2958 ἐρηρεῖσθαι

1067 2921 1104 2955 rlﬁ
1111 2921 1253 2953 rmitutrm,
1269 2928 1322 2948 non
1339 2919 1418 2946 Iltuir.
