  <div class='ocr_page' id='page_1' title='image "/cluster/home/n/w/nwhite01/storage/ocr_20150623/68/njp.32101077772711/259.png"; bbox 0 0 1934 3042; ppageno 0'>
   <div class='ocr_carea' id='block_1_1' title="bbox 1493 112 1503 127">
    <p class='ocr_par' dir='ltr' id='par_1_1' title="bbox 1493 112 1503 127">
     <span class='ocr_line' id='line_1_1' title="bbox 1493 112 1503 127; baseline 0 0"><span class='ocrx_word' id='word_1_1' title='bbox 1493 112 1503 127; x_wconf 89' lang='lat'><em>\</em></span> 
     </span>
    </p>
   </div>
   <div class='ocr_carea' id='block_1_2' title="bbox 267 154 1056 212">
    <p class='ocr_par' dir='ltr' id='par_1_2' title="bbox 267 182 1056 212">
     <span class='ocr_line' id='line_1_2' title="bbox 267 182 1056 212; baseline -0.001 -1"><span class='ocrx_word' id='word_1_2' title='bbox 267 183 320 211; x_wconf 58' lang='grc' dir='ltr'><strong>μισ</strong></span> <span class='ocrx_word' id='word_1_3' title='bbox 788 184 816 212; x_wconf 79' lang='lat' dir='ltr'><strong>S.</strong></span> <span class='ocrx_word' id='word_1_4' title='bbox 837 182 975 212; x_wconf 76' lang='lat' dir='ltr'><strong>CYRILLI</strong></span> <span class='ocrx_word' id='word_1_5' title='bbox 995 182 1056 210; x_wconf 76' lang='lat' dir='ltr'><strong>ALE</strong></span> 
     </span>
    </p>
   </div>
   <div class='ocr_carea' id='block_1_3' title="bbox 1109 154 1927 212">
    <p class='ocr_par' dir='ltr' id='par_1_3' title="bbox 1109 154 1927 210">
     <span class='ocr_line' id='line_1_3' title="bbox 1109 154 1927 210; baseline -0.002 0"><span class='ocrx_word' id='word_1_6' title='bbox 1109 181 1237 210; x_wconf 67' lang='lat' dir='ltr'><strong>,NDRlNl‘</strong></span> <span class='ocrx_word' id='word_1_7' title='bbox 1250 181 1410 210; x_wconf 72' lang='lat' dir='ltr'><strong>A‘RCHIEP.</strong></span> <span class='ocrx_word' id='word_1_8' title='bbox 1859 179 1911 209; x_wconf 69' lang='grc'><strong>616</strong></span> <span class='ocrx_word' id='word_1_9' title='bbox 1925 154 1927 188; x_wconf 41' lang='grc' dir='ltr'><strong>ί</strong></span> 
     </span>
    </p>
   </div>
   <div class='ocr_carea' id='block_1_4' title="bbox 267 237 1056 277">
    <p class='ocr_par' dir='ltr' id='par_1_4' title="bbox 267 240 1056 277">
     <span class='ocr_line' id='line_1_4' title="bbox 267 240 1056 277; baseline -0.003 -8"><span class='ocrx_word' id='word_1_10' title='bbox 267 242 335 270; x_wconf 88' lang='lat' dir='ltr'><strong>ritui</strong></span> <span class='ocrx_word' id='word_1_11' title='bbox 351 240 445 276; x_wconf 69' lang='lat' dir='ltr'><strong>grat&#39;ne</strong></span> <span class='ocrx_word' id='word_1_12' title='bbox 462 241 657 269; x_wconf 75' lang='lat' dir='ltr'><strong>contumeliam</strong></span> <span class='ocrx_word' id='word_1_13' title='bbox 678 241 809 275; x_wconf 80' lang='lat' dir='ltr'><strong>facerent,</strong></span> <span class='ocrx_word' id='word_1_14' title='bbox 839 242 865 269; x_wconf 93' lang='lat' dir='ltr'><strong>in</strong></span> <span class='ocrx_word' id='word_1_15' title='bbox 879 249 935 277; x_wconf 92' lang='lat' dir='ltr'><strong>quo</strong></span> <span class='ocrx_word' id='word_1_16' title='bbox 954 240 1056 269; x_wconf 84' lang='lat' dir='ltr'><strong>sancti-</strong></span> 
     </span>
    </p>
   </div>
   <div class='ocr_carea' id='block_1_5' title="bbox 1109 237 1912 277">
    <p class='ocr_par' dir='ltr' id='par_1_5' title="bbox 1110 237 1912 275">
     <span class='ocr_line' id='line_1_5' title="bbox 1110 237 1912 275; baseline -0.002 -8"><span class='ocrx_word' id='word_1_17' title='bbox 1110 239 1282 275; x_wconf 82' lang='grc' dir='ltr'>ἡγιάσθησαν</span> <span class='ocrx_word' id='word_1_18' title='bbox 1292 260 1299 272; x_wconf 90' lang='grc'>,</span> <span class='ocrx_word' id='word_1_19' title='bbox 1318 239 1366 266; x_wconf 72' lang='grc' dir='ltr'>καὶ</span> <span class='ocrx_word' id='word_1_20' title='bbox 1379 238 1515 273; x_wconf 77' lang='grc' dir='ltr'>γεγόνασι·</span> <span class='ocrx_word' id='word_1_21' title='bbox 1529 238 1579 273; x_wconf 73' lang='grc' dir='ltr'>τῆς</span> <span class='ocrx_word' id='word_1_22' title='bbox 1599 238 1673 270; x_wconf 82' lang='grc' dir='ltr'>θείας</span> <span class='ocrx_word' id='word_1_23' title='bbox 1688 237 1795 272; x_wconf 74' lang='grc' dir='ltr'>ςὺτεως</span> <span class='ocrx_word' id='word_1_24' title='bbox 1811 244 1912 266; x_wconf 72' lang='grc' dir='ltr'>κοινω-</span> 
     </span>
    </p>
   </div>
   <div class='ocr_carea' id='block_1_6' title="bbox 267 282 1055 324">
    <p class='ocr_par' dir='ltr' id='par_1_6' title="bbox 267 282 1055 324">
     <span class='ocr_line' id='line_1_6' title="bbox 267 282 1055 324; baseline 0 -10"><span class='ocrx_word' id='word_1_25' title='bbox 267 287 352 320; x_wconf 85' lang='lat' dir='ltr'><strong>ficati,</strong></span> <span class='ocrx_word' id='word_1_26' title='bbox 368 282 524 322; x_wconf 71' lang='lat' dir='ltr'><strong>divinaeque</strong></span> <span class='ocrx_word' id='word_1_27' title='bbox 537 292 644 316; x_wconf 69' lang='lat' dir='ltr'><strong>natura:</strong></span> <span class='ocrx_word' id='word_1_28' title='bbox 666 288 817 324; x_wconf 79' lang='lat' dir='ltr'><strong>participes</strong></span> <span class='ocrx_word' id='word_1_29' title='bbox 837 288 901 316; x_wconf 88' lang='lat' dir='ltr'><strong>facti</strong></span> <span class='ocrx_word' id='word_1_30' title='bbox 930 292 1010 315; x_wconf 87' lang='lat' dir='ltr'><strong>erant</strong></span> <span class='ocrx_word' id='word_1_31' title='bbox 1022 287 1055 314; x_wconf 79' lang='grc'><strong>⁸⁸.</strong></span> 
     </span>
    </p>
   </div>
   <div class='ocr_carea' id='block_1_7' title="bbox 268 334 1057 370">
    <p class='ocr_par' dir='ltr' id='par_1_7' title="bbox 268 334 1057 370">
     <span class='ocr_line' id='line_1_7' title="bbox 268 334 1057 370; baseline 0.003 -10"><span class='ocrx_word' id='word_1_32' title='bbox 268 334 382 361; x_wconf 79' lang='lat' dir='ltr'><strong>lltenim</strong></span> <span class='ocrx_word' id='word_1_33' title='bbox 396 334 523 368; x_wconf 89' lang='lat' dir='ltr'><strong>militem,</strong></span> <span class='ocrx_word' id='word_1_34' title='bbox 540 335 586 370; x_wconf 91' lang='lat' dir='ltr'><strong>qui</strong></span> <span class='ocrx_word' id='word_1_35' title='bbox 601 335 726 370; x_wconf 81' lang='lat' dir='ltr'><strong>clypeum</strong></span> <span class='ocrx_word' id='word_1_36' title='bbox 740 335 882 370; x_wconf 69' lang='lat' dir='ltr'><strong>abiecerit,</strong></span> <span class='ocrx_word' id='word_1_37' title='bbox 897 342 930 362; x_wconf 88' lang='lat' dir='ltr'><strong>ac</strong></span> <span class='ocrx_word' id='word_1_38' title='bbox 940 334 974 362; x_wconf 89' lang='lat' dir='ltr'><strong>de</strong></span> <span class='ocrx_word' id='word_1_39' title='bbox 985 341 1057 369; x_wconf 64' lang='lat' dir='ltr'><strong>pra:-</strong></span> 
     </span>
    </p>
   </div>
   <div class='ocr_carea' id='block_1_8' title="bbox 266 380 1057 416">
    <p class='ocr_par' dir='ltr' id='par_1_8' title="bbox 266 380 1057 416">
     <span class='ocr_line' id='line_1_8' title="bbox 266 380 1057 416; baseline 0 -9"><span class='ocrx_word' id='word_1_40' title='bbox 266 380 303 407; x_wconf 86' lang='lat' dir='ltr'><strong>lio</strong></span> <span class='ocrx_word' id='word_1_41' title='bbox 323 380 435 414; x_wconf 73' lang='lat' dir='ltr'><strong>fugerit,</strong></span> <span class='ocrx_word' id='word_1_42' title='bbox 458 381 587 408; x_wconf 84' lang='lat' dir='ltr'><strong>secundis</strong></span> <span class='ocrx_word' id='word_1_43' title='bbox 616 381 742 416; x_wconf 75' lang='lat' dir='ltr'><strong>insigniri</strong></span> <span class='ocrx_word' id='word_1_44' title='bbox 770 380 979 408; x_wconf 84' lang='lat' dir='ltr'><strong>characteribus</strong></span> <span class='ocrx_word' id='word_1_45' title='bbox 1001 387 1057 408; x_wconf 88' lang='lat' dir='ltr'><strong>non</strong></span> 
     </span>
    </p>
   </div>
   <div class='ocr_carea' id='block_1_9' title="bbox 266 425 1055 462">
    <p class='ocr_par' dir='ltr' id='par_1_9' title="bbox 266 425 1055 462">
     <span class='ocr_line' id='line_1_9' title="bbox 266 425 1055 462; baseline 0.001 -11"><span class='ocrx_word' id='word_1_46' title='bbox 266 429 393 460; x_wconf 86' lang='lat' dir='ltr'><strong>oportet;</strong></span> <span class='ocrx_word' id='word_1_47' title='bbox 415 425 464 453; x_wconf 87' lang='lat' dir='ltr'><strong>sed</strong></span> <span class='ocrx_word' id='word_1_48' title='bbox 481 426 536 461; x_wconf 83' lang='lat' dir='ltr'><strong>jam</strong></span> <span class='ocrx_word' id='word_1_49' title='bbox 551 427 654 461; x_wconf 83' lang='lat' dir='ltr'><strong>puniri,</strong></span> <span class='ocrx_word' id='word_1_50' title='bbox 670 430 698 454; x_wconf 91' lang='lat' dir='ltr'><strong>et</strong></span> <span class='ocrx_word' id='word_1_51' title='bbox 718 427 833 462; x_wconf 59' lang='lat' dir='ltr'><strong>ignavia!</strong></span> <span class='ocrx_word' id='word_1_52' title='bbox 847 434 945 461; x_wconf 73' lang='lat' dir='ltr'><strong>poenas</strong></span> <span class='ocrx_word' id='word_1_53' title='bbox 963 426 1055 454; x_wconf 86' lang='lat' dir='ltr'><strong>luere:</strong></span> 
     </span>
    </p>
   </div>
   <div class='ocr_carea' id='block_1_10' title="bbox 267 470 1058 508">
    <p class='ocr_par' dir='ltr' id='par_1_10' title="bbox 267 470 1058 508">
     <span class='ocr_line' id='line_1_10' title="bbox 267 470 1058 508; baseline 0.005 -12"><span class='ocrx_word' id='word_1_54' title='bbox 267 470 300 496; x_wconf 84' lang='lat' dir='ltr'><strong>nd</strong></span> <span class='ocrx_word' id='word_1_55' title='bbox 313 471 442 498; x_wconf 88' lang='lat' dir='ltr'><strong>eumdem</strong></span> <span class='ocrx_word' id='word_1_56' title='bbox 460 471 581 504; x_wconf 88' lang='lat' dir='ltr'><strong>modum,</strong></span> <span class='ocrx_word' id='word_1_57' title='bbox 601 473 648 507; x_wconf 93' lang='lat' dir='ltr'><strong>qui</strong></span> <span class='ocrx_word' id='word_1_58' title='bbox 667 473 694 499; x_wconf 97' lang='lat' dir='ltr'><strong>in</strong></span> <span class='ocrx_word' id='word_1_59' title='bbox 715 472 785 500; x_wconf 86' lang='lat' dir='ltr'><strong>adeo</strong></span> <span class='ocrx_word' id='word_1_60' title='bbox 809 477 951 508; x_wconf 78' lang='lat' dir='ltr'><strong>angustam</strong></span> <span class='ocrx_word' id='word_1_61' title='bbox 973 477 1058 507; x_wconf 79' lang='lat' dir='ltr'><strong>atque</strong></span> 
     </span>
    </p>
   </div>
   <div class='ocr_carea' id='block_1_11' title="bbox 267 516 1057 554">
    <p class='ocr_par' dir='ltr' id='par_1_11' title="bbox 267 516 1057 554">
     <span class='ocr_line' id='line_1_11' title="bbox 267 516 1057 554; baseline 0.001 -11"><span class='ocrx_word' id='word_1_62' title='bbox 267 516 588 553; x_wconf 74' lang='lat' dir='ltr'><strong>admirabilem-gratiam</strong></span> <span class='ocrx_word' id='word_1_63' title='bbox 605 518 698 554; x_wconf 88' lang='lat' dir='ltr'><strong>injurii</strong></span> <span class='ocrx_word' id='word_1_64' title='bbox 718 517 830 551; x_wconf 76' lang='lat' dir='ltr'><strong>fuerint,</strong></span> <span class='ocrx_word' id='word_1_65' title='bbox 847 525 896 545; x_wconf 88' lang='lat' dir='ltr'><strong>eos</strong></span> <span class='ocrx_word' id='word_1_66' title='bbox 909 526 965 545; x_wconf 92' lang='lat' dir='ltr'><strong>non</strong></span> <span class='ocrx_word' id='word_1_67' title='bbox 984 517 1057 545; x_wconf 86' lang='lat' dir='ltr'><strong>dono</strong></span> 
     </span>
    </p>
   </div>
   <div class='ocr_carea' id='block_1_12' title="bbox 267 562 1059 600">
    <p class='ocr_par' dir='ltr' id='par_1_12' title="bbox 267 562 1059 600">
     <span class='ocr_line' id='line_1_12' title="bbox 267 562 1059 600; baseline 0.003 -12"><span class='ocrx_word' id='word_1_68' title='bbox 267 563 388 590; x_wconf 79' lang='lat' dir='ltr'><strong>secundo</strong></span> <span class='ocrx_word' id='word_1_69' title='bbox 409 562 529 598; x_wconf 74' lang='lat' dir='ltr'><strong>Spiritus</strong></span> <span class='ocrx_word' id='word_1_70' title='bbox 547 565 650 597; x_wconf 80' lang='lat' dir='ltr'><strong>ornari,</strong></span> <span class='ocrx_word' id='word_1_71' title='bbox 667 572 731 592; x_wconf 90' lang='lat' dir='ltr'><strong>cum</strong></span> <span class='ocrx_word' id='word_1_72' title='bbox 752 564 828 600; x_wconf 79' lang='lat' dir='ltr'><strong>prius</strong></span> <span class='ocrx_word' id='word_1_73' title='bbox 840 564 907 591; x_wconf 86' lang='lat' dir='ltr'><strong>illud</strong></span> <span class='ocrx_word' id='word_1_74' title='bbox 920 563 1059 599; x_wconf 85' lang='lat' dir='ltr'><strong>improba-</strong></span> 
     </span>
    </p>
   </div>
   <div class='ocr_carea' id='block_1_13' title="bbox 267 608 1059 646">
    <p class='ocr_par' dir='ltr' id='par_1_13' title="bbox 267 608 1059 646">
     <span class='ocr_line' id='line_1_13' title="bbox 267 608 1059 646; baseline 0.003 -13"><span class='ocrx_word' id='word_1_75' title='bbox 267 608 368 640; x_wconf 84' lang='lat' dir='ltr'><strong>verint,</strong></span> <span class='ocrx_word' id='word_1_76' title='bbox 387 609 439 636; x_wconf 85' lang='lat' dir='ltr'><strong>sed</strong></span> <span class='ocrx_word' id='word_1_77' title='bbox 455 609 545 643; x_wconf 64' lang='lat' dir='ltr'><strong>penis</strong></span> <span class='ocrx_word' id='word_1_78' title='bbox 569 609 669 646; x_wconf 83' lang='lat' dir='ltr'><strong>subjici</strong></span> <span class='ocrx_word' id='word_1_79' title='bbox 693 609 782 637; x_wconf 85' lang='lat' dir='ltr'><strong>decet.</strong></span> <span class='ocrx_word' id='word_1_80' title='bbox 809 609 877 636; x_wconf 85' lang='lat' dir='ltr'><strong>Nam</strong></span> <span class='ocrx_word' id='word_1_81' title='bbox 893 609 977 637; x_wconf 85' lang='lat' dir='ltr'><strong>semel</strong></span> <span class='ocrx_word' id='word_1_82' title='bbox 996 609 1059 636; x_wconf 87' lang='lat' dir='ltr'><strong>illu-</strong></span> 
     </span>
    </p>
   </div>
   <div class='ocr_carea' id='block_1_14' title="bbox 267 654 1058 691">
    <p class='ocr_par' dir='ltr' id='par_1_14' title="bbox 267 654 1058 691">
     <span class='ocr_line' id='line_1_14' title="bbox 267 654 1058 691; baseline 0.003 -11"><span class='ocrx_word' id='word_1_83' title='bbox 267 654 378 682; x_wconf 82' lang='lat' dir='ltr'><strong>minatis</strong></span> <span class='ocrx_word' id='word_1_84' title='bbox 401 663 462 682; x_wconf 87' lang='lat' dir='ltr'><strong>eam</strong></span> <span class='ocrx_word' id='word_1_85' title='bbox 497 656 679 688; x_wconf 86' lang='lat' dir='ltr'><strong>sententiam,</strong></span> <span class='ocrx_word' id='word_1_86' title='bbox 714 663 831 691; x_wconf 85' lang='lat' dir='ltr'><strong>eamque</strong></span> <span class='ocrx_word' id='word_1_87' title='bbox 859 656 1058 690; x_wconf 72' lang='lat' dir='ltr'><strong>cogitationum</strong></span> 
     </span>
    </p>
   </div>
   <div class='ocr_carea' id='block_1_15' title="bbox 267 698 1058 736">
    <p class='ocr_par' dir='ltr' id='par_1_15' title="bbox 267 698 1058 736">
     <span class='ocr_line' id='line_1_15' title="bbox 267 698 1058 736; baseline 0.004 -11"><span class='ocrx_word' id='word_1_88' title='bbox 267 698 424 727; x_wconf 83' lang='lat' dir='ltr'><strong>firmitatem</strong></span> <span class='ocrx_word' id='word_1_89' title='bbox 437 709 496 728; x_wconf 86' lang='lat' dir='ltr'><strong>esse</strong></span> <span class='ocrx_word' id='word_1_90' title='bbox 522 700 726 735; x_wconf 72' lang='lat' dir='ltr'><strong>assumendum,</strong></span> <span class='ocrx_word' id='word_1_91' title='bbox 744 706 774 729; x_wconf 93' lang='lat' dir='ltr'><strong>ut</strong></span> <span class='ocrx_word' id='word_1_92' title='bbox 797 709 883 729; x_wconf 90' lang='lat' dir='ltr'><strong>unum</strong></span> <span class='ocrx_word' id='word_1_93' title='bbox 899 702 997 733; x_wconf 89' lang='lat' dir='ltr'><strong>sciant,</strong></span> <span class='ocrx_word' id='word_1_94' title='bbox 1009 701 1058 736; x_wconf 87' lang='lat' dir='ltr'><strong>qui</strong></span> 
     </span>
    </p>
   </div>
   <div class='ocr_carea' id='block_1_16' title="bbox 266 747 1058 784">
    <p class='ocr_par' dir='ltr' id='par_1_16' title="bbox 266 747 1058 784">
     <span class='ocr_line' id='line_1_16' title="bbox 266 747 1058 784; baseline 0.005 -12"><span class='ocrx_word' id='word_1_95' title='bbox 266 750 365 773; x_wconf 77' lang='lat' dir='ltr'><strong>natura</strong></span> <span class='ocrx_word' id='word_1_96' title='bbox 380 747 416 774; x_wconf 88' lang='lat' dir='ltr'><strong>sit</strong></span> <span class='ocrx_word' id='word_1_97' title='bbox 438 747 520 781; x_wconf 84' lang='lat' dir='ltr'><strong>Deus,</strong></span> <span class='ocrx_word' id='word_1_98' title='bbox 545 751 574 775; x_wconf 84' lang='lat' dir='ltr'><strong>et</strong></span> <span class='ocrx_word' id='word_1_99' title='bbox 601 748 663 776; x_wconf 90' lang='lat' dir='ltr'><strong>illos</strong></span> <span class='ocrx_word' id='word_1_100' title='bbox 677 753 858 776; x_wconf 78' lang='lat' dir='ltr'><strong>exsecrentur</strong></span> <span class='ocrx_word' id='word_1_101' title='bbox 882 748 933 784; x_wconf 89' lang='lat' dir='ltr'><strong>qui</strong></span> <span class='ocrx_word' id='word_1_102' title='bbox 957 752 1058 783; x_wconf 71' lang='lat' dir='ltr'><strong>praatcr</strong></span> 
     </span>
    </p>
   </div>
   <div class='ocr_carea' id='block_1_17' title="bbox 267 791 1057 828">
    <p class='ocr_par' dir='ltr' id='par_1_17' title="bbox 267 791 1057 828">
     <span class='ocr_line' id='line_1_17' title="bbox 267 791 1057 828; baseline 0.004 -11"><span class='ocrx_word' id='word_1_103' title='bbox 267 793 321 818; x_wconf 83' lang='lat' dir='ltr'><strong>hoc</strong></span> <span class='ocrx_word' id='word_1_104' title='bbox 335 791 410 818; x_wconf 86' lang='lat' dir='ltr'><strong>aliud</strong></span> <span class='ocrx_word' id='word_1_105' title='bbox 428 792 568 827; x_wconf 84' lang='lat' dir='ltr'><strong>quidpiam</strong></span> <span class='ocrx_word' id='word_1_106' title='bbox 587 793 705 820; x_wconf 86' lang='lat' dir='ltr'><strong>suadent</strong></span> <span class='ocrx_word' id='word_1_107' title='bbox 717 802 722 820; x_wconf 74' lang='grc' dir='ltr'><strong>ε</strong></span> <span class='ocrx_word' id='word_1_108' title='bbox 733 793 939 828; x_wconf 92' lang='lat' dir='ltr'><strong>optandumque</strong></span> <span class='ocrx_word' id='word_1_109' title='bbox 959 793 987 820; x_wconf 90' lang='lat' dir='ltr'><strong>in</strong></span> <span class='ocrx_word' id='word_1_110' title='bbox 999 793 1057 828; x_wconf 88' lang='lat' dir='ltr'><strong>pri-</strong></span> 
     </span>
    </p>
   </div>
   <div class='ocr_carea' id='block_1_18' title="bbox 267 830 1055 875">
    <p class='ocr_par' dir='ltr' id='par_1_18' title="bbox 267 830 1055 875">
     <span class='ocr_line' id='line_1_18' title="bbox 267 830 1055 875; baseline 0.006 -12"><span class='ocrx_word' id='word_1_111' title='bbox 267 837 321 864; x_wconf 87' lang='lat' dir='ltr'><strong>mis</strong></span> <span class='ocrx_word' id='word_1_112' title='bbox 334 837 436 865; x_wconf 88' lang='lat' dir='ltr'><strong>ducant</strong></span> <span class='ocrx_word' id='word_1_113' title='bbox 450 839 478 865; x_wconf 95' lang='lat' dir='ltr'><strong>in</strong></span> <span class='ocrx_word' id='word_1_114' title='bbox 487 838 565 866; x_wconf 77' lang='lat' dir='ltr'><strong>idola</strong></span> <span class='ocrx_word' id='word_1_115' title='bbox 580 830 748 873; x_wconf 27' lang='lat' dir='ltr'><strong>insilirefac</strong></span> <span class='ocrx_word' id='word_1_116' title='bbox 764 841 867 875; x_wconf 85' lang='lat' dir='ltr'><strong>templa</strong></span> <span class='ocrx_word' id='word_1_117' title='bbox 886 840 1055 874; x_wconf 84' lang='lat' dir='ltr'><strong>disturbare,</strong></span> 
     </span>
    </p>
   </div>
   <div class='ocr_carea' id='block_1_19' title="bbox 214 883 1057 922">
    <p class='ocr_par' dir='ltr' id='par_1_19' title="bbox 214 883 1057 922">
     <span class='ocr_line' id='line_1_19' title="bbox 214 883 1057 922; baseline 0.005 -12"><span class='ocrx_word' id='word_1_118' title='bbox 214 908 222 920; x_wconf 38' lang='grc' dir='ltr'>χ</span> <span class='ocrx_word' id='word_1_119' title='bbox 266 887 295 911; x_wconf 89' lang='lat' dir='ltr'><strong>et</strong></span> <span class='ocrx_word' id='word_1_120' title='bbox 309 883 451 918; x_wconf 80' lang='lat' dir='ltr'><strong>gentilium</strong></span> <span class='ocrx_word' id='word_1_121' title='bbox 468 886 585 913; x_wconf 83' lang='lat' dir='ltr'><strong>numina</strong></span> <span class='ocrx_word' id='word_1_122' title='bbox 608 885 678 913; x_wconf 89' lang='lat' dir='ltr'><strong>nihil</strong></span> <span class='ocrx_word' id='word_1_123' title='bbox 691 894 751 914; x_wconf 88' lang='lat' dir='ltr'><strong>esse</strong></span> <span class='ocrx_word' id='word_1_124' title='bbox 765 891 884 922; x_wconf 81' lang='lat' dir='ltr'><strong>putent;</strong></span> <span class='ocrx_word' id='word_1_125' title='bbox 901 886 929 914; x_wconf 92' lang='lat' dir='ltr'><strong>id</strong></span> <span class='ocrx_word' id='word_1_126' title='bbox 947 893 1057 922; x_wconf 84' lang='lat' dir='ltr'><strong>quoque</strong></span> 
     </span>
    </p>
   </div>
   <div class='ocr_carea' id='block_1_20' title="bbox 266 930 1058 968">
    <p class='ocr_par' dir='ltr' id='par_1_20' title="bbox 266 930 1058 968">
     <span class='ocr_line' id='line_1_20' title="bbox 266 930 1058 968; baseline 0.005 -12"><span class='ocrx_word' id='word_1_127' title='bbox 266 930 370 958; x_wconf 73' lang='lat' dir='ltr'><strong>veteris</strong></span> <span class='ocrx_word' id='word_1_128' title='bbox 380 930 449 966; x_wconf 82' lang='lat' dir='ltr'><strong>legis</strong></span> <span class='ocrx_word' id='word_1_129' title='bbox 463 932 482 966; x_wconf 83' lang='grc' dir='ltr'><strong>ι</strong></span> <span class='ocrx_word' id='word_1_130' title='bbox 489 932 546 967; x_wconf 63' lang='lat'><strong>77-</strong></span> <span class='ocrx_word' id='word_1_131' title='bbox 555 932 632 960; x_wconf 88' lang='lat' dir='ltr'><strong>locus</strong></span> <span class='ocrx_word' id='word_1_132' title='bbox 640 932 752 960; x_wconf 78' lang='lat' dir='ltr'><strong>docebit</strong></span> <span class='ocrx_word' id='word_1_133' title='bbox 763 942 775 960; x_wconf 70' lang='lat' dir='ltr'><strong>r</strong></span> <span class='ocrx_word' id='word_1_134' title='bbox 783 933 923 968; x_wconf 82' lang='lat' dir='ltr'><strong>scriptum.</strong></span> <span class='ocrx_word' id='word_1_135' title='bbox 930 937 973 960; x_wconf 84' lang='lat' dir='ltr'><strong>est</strong></span> <span class='ocrx_word' id='word_1_136' title='bbox 982 933 1058 960; x_wconf 91' lang='lat' dir='ltr'><strong>enim</strong></span> 
     </span>
    </p>
   </div>
   <div class='ocr_carea' id='block_1_21' title="bbox 267 974 1058 1016">
    <p class='ocr_par' dir='ltr' id='par_1_21' title="bbox 267 974 1058 1016">
     <span class='ocr_line' id='line_1_21' title="bbox 267 974 1058 1016; baseline 0.006 -15"><span class='ocrx_word' id='word_1_137' title='bbox 267 974 295 1002; x_wconf 87' lang='lat' dir='ltr'><strong>in</strong></span> <span class='ocrx_word' id='word_1_138' title='bbox 309 975 439 1004; x_wconf 82' lang='lat' dir='ltr'><strong>Numeris</strong></span> <span class='ocrx_word' id='word_1_139' title='bbox 455 985 462 1003; x_wconf 85' lang='lat'>:</span> <span class='ocrx_word' id='word_1_140' title='bbox 478 986 487 1002; x_wconf 73' lang='grc' dir='ltr'><strong><em>ι</em></strong></span> <span class='ocrx_word' id='word_1_141' title='bbox 501 977 538 1004; x_wconf 73' lang='lat' dir='ltr'><strong>Et</strong></span> <span class='ocrx_word' id='word_1_142' title='bbox 551 977 661 1006; x_wconf 85' lang='lat' dir='ltr'><strong>locutus</strong></span> <span class='ocrx_word' id='word_1_143' title='bbox 677 982 719 1006; x_wconf 88' lang='lat' dir='ltr'><strong>est</strong></span> <span class='ocrx_word' id='word_1_144' title='bbox 739 978 874 1006; x_wconf 85' lang='lat' dir='ltr'><strong>Dominus</strong></span> <span class='ocrx_word' id='word_1_145' title='bbox 894 979 928 1006; x_wconf 90' lang='lat' dir='ltr'><strong>ad</strong></span> <span class='ocrx_word' id='word_1_146' title='bbox 947 979 1058 1016; x_wconf 75' lang='lat' dir='ltr'><strong>Moysen</strong></span> 
     </span>
    </p>
   </div>
   <div class='ocr_carea' id='block_1_22' title="bbox 267 1019 1059 1059">
    <p class='ocr_par' dir='ltr' id='par_1_22' title="bbox 267 1019 1059 1059">
     <span class='ocr_line' id='line_1_22' title="bbox 267 1019 1059 1059; baseline 0.006 -12"><span class='ocrx_word' id='word_1_147' title='bbox 267 1019 295 1047; x_wconf 84' lang='lat' dir='ltr'><strong>in</strong></span> <span class='ocrx_word' id='word_1_148' title='bbox 308 1021 431 1049; x_wconf 81' lang='lat' dir='ltr'><strong>occiduis</strong></span> <span class='ocrx_word' id='word_1_149' title='bbox 441 1022 570 1057; x_wconf 79' lang='lat' dir='ltr'><strong>partibus</strong></span> <span class='ocrx_word' id='word_1_150' title='bbox 592 1023 671 1051; x_wconf 76' lang='lat' dir='ltr'><strong>Moab</strong></span> <span class='ocrx_word' id='word_1_151' title='bbox 684 1032 770 1059; x_wconf 87' lang='lat' dir='ltr'><strong>prope</strong></span> <span class='ocrx_word' id='word_1_152' title='bbox 785 1024 933 1051; x_wconf 85' lang='lat' dir='ltr'><strong>Jordanem</strong></span> <span class='ocrx_word' id='word_1_153' title='bbox 960 1029 1059 1053; x_wconf 85' lang='lat' dir='ltr'><strong>contra</strong></span> 
     </span>
    </p>
   </div>
   <div class='ocr_carea' id='block_1_23' title="bbox 265 1064 1057 1102">
    <p class='ocr_par' dir='ltr' id='par_1_23' title="bbox 265 1064 1057 1102">
     <span class='ocr_line' id='line_1_23' title="bbox 265 1064 1057 1102; baseline 0.005 -9"><span class='ocrx_word' id='word_1_154' title='bbox 265 1064 513 1100; x_wconf 80' lang='lat' dir='ltr'><strong>Jericho,dicens:</strong></span> <span class='ocrx_word' id='word_1_155' title='bbox 530 1067 655 1102; x_wconf 81' lang='lat' dir='ltr'><strong>Loquere</strong></span> <span class='ocrx_word' id='word_1_156' title='bbox 669 1069 732 1096; x_wconf 87' lang='lat' dir='ltr'><strong>filiis</strong></span> <span class='ocrx_word' id='word_1_157' title='bbox 757 1069 851 1102; x_wconf 70' lang='lat' dir='ltr'><strong>Israel,</strong></span> <span class='ocrx_word' id='word_1_158' title='bbox 880 1073 909 1096; x_wconf 92' lang='lat' dir='ltr'><strong>ct</strong></span> <span class='ocrx_word' id='word_1_159' title='bbox 924 1069 1002 1097; x_wconf 82' lang='lat' dir='ltr'><strong>dices</strong></span> <span class='ocrx_word' id='word_1_160' title='bbox 1023 1069 1057 1097; x_wconf 86' lang='lat' dir='ltr'><strong>ad</strong></span> 
     </span>
    </p>
   </div>
   <div class='ocr_carea' id='block_1_24' title="bbox 265 1111 1056 1149">
    <p class='ocr_par' dir='ltr' id='par_1_24' title="bbox 265 1111 1056 1149">
     <span class='ocr_line' id='line_1_24' title="bbox 265 1111 1056 1149; baseline 0.006 -11"><span class='ocrx_word' id='word_1_161' title='bbox 265 1118 331 1138; x_wconf 90' lang='lat' dir='ltr'><strong>eos:</strong></span> <span class='ocrx_word' id='word_1_162' title='bbox 346 1111 401 1139; x_wconf 80' lang='lat' dir='ltr'><strong>Vos</strong></span> <span class='ocrx_word' id='word_1_163' title='bbox 425 1113 581 1140; x_wconf 86' lang='lat' dir='ltr'><strong>transibitis</strong></span> <span class='ocrx_word' id='word_1_164' title='bbox 595 1113 744 1141; x_wconf 71' lang='lat' dir='ltr'><strong>Iordanem</strong></span> <span class='ocrx_word' id='word_1_165' title='bbox 762 1115 789 1142; x_wconf 93' lang='lat' dir='ltr'><strong>in</strong></span> <span class='ocrx_word' id='word_1_166' title='bbox 801 1119 902 1142; x_wconf 87' lang='lat' dir='ltr'><strong>terram</strong></span> <span class='ocrx_word' id='word_1_167' title='bbox 915 1115 1056 1149; x_wconf 79' lang='lat' dir='ltr'><strong>Chanaan,</strong></span> 
     </span>
    </p>
   </div>
   <div class='ocr_carea' id='block_1_25' title="bbox 264 1157 1059 1193">
    <p class='ocr_par' dir='ltr' id='par_1_25' title="bbox 264 1157 1059 1193">
     <span class='ocr_line' id='line_1_25' title="bbox 264 1157 1059 1193; baseline 0.008 -9"><span class='ocrx_word' id='word_1_168' title='bbox 264 1163 294 1184; x_wconf 86' lang='lat' dir='ltr'><strong>ct</strong></span> <span class='ocrx_word' id='word_1_169' title='bbox 309 1157 430 1193; x_wconf 87' lang='lat' dir='ltr'><strong>perdctis</strong></span> <span class='ocrx_word' id='word_1_170' title='bbox 447 1167 543 1187; x_wconf 87' lang='lat' dir='ltr'><strong>omnes</strong></span> <span class='ocrx_word' id='word_1_171' title='bbox 558 1160 716 1189; x_wconf 84' lang='lat' dir='ltr'><strong>habitantes</strong></span> <span class='ocrx_word' id='word_1_172' title='bbox 733 1162 761 1188; x_wconf 94' lang='lat' dir='ltr'><strong>in</strong></span> <span class='ocrx_word' id='word_1_173' title='bbox 785 1166 861 1189; x_wconf 84' lang='lat' dir='ltr'><strong>terra</strong></span> <span class='ocrx_word' id='word_1_174' title='bbox 882 1166 945 1189; x_wconf 81' lang='lat' dir='ltr'><strong>ante</strong></span> <span class='ocrx_word' id='word_1_175' title='bbox 961 1162 1059 1190; x_wconf 79' lang='lat' dir='ltr'><strong>faciem</strong></span> 
     </span>
    </p>
   </div>
   <div class='ocr_carea' id='block_1_26' title="bbox 265 1204 1059 1240">
    <p class='ocr_par' dir='ltr' id='par_1_26' title="bbox 265 1204 1059 1240">
     <span class='ocr_line' id='line_1_26' title="bbox 265 1204 1059 1240; baseline 0.006 -11"><span class='ocrx_word' id='word_1_176' title='bbox 265 1207 397 1236; x_wconf 80' lang='lat' dir='ltr'><strong>vestram,</strong></span> <span class='ocrx_word' id='word_1_177' title='bbox 422 1207 451 1230; x_wconf 88' lang='lat' dir='ltr'><strong>et</strong></span> <span class='ocrx_word' id='word_1_178' title='bbox 476 1204 608 1232; x_wconf 80' lang='lat' dir='ltr'><strong>auferetis</strong></span> <span class='ocrx_word' id='word_1_179' title='bbox 620 1206 748 1240; x_wconf 87' lang='lat' dir='ltr'><strong>speculas</strong></span> <span class='ocrx_word' id='word_1_180' title='bbox 770 1214 885 1239; x_wconf 87' lang='lat' dir='ltr'><strong>eorum,.</strong></span> <span class='ocrx_word' id='word_1_181' title='bbox 907 1211 936 1234; x_wconf 87' lang='lat' dir='ltr'><strong>et</strong></span> <span class='ocrx_word' id='word_1_182' title='bbox 965 1208 1059 1235; x_wconf 79' lang='lat' dir='ltr'><strong>omnia</strong></span> 
     </span>
    </p>
   </div>
   <div class='ocr_carea' id='block_1_27' title="bbox 266 1248 1057 1285">
    <p class='ocr_par' dir='ltr' id='par_1_27' title="bbox 266 1248 1057 1285">
     <span class='ocr_line' id='line_1_27' title="bbox 266 1248 1057 1285; baseline 0.008 -10"><span class='ocrx_word' id='word_1_183' title='bbox 266 1248 340 1276; x_wconf 80' lang='lat' dir='ltr'><strong>idola</strong></span> <span class='ocrx_word' id='word_1_184' title='bbox 352 1257 449 1276; x_wconf 89' lang='lat' dir='ltr'><strong>eorum</strong></span> <span class='ocrx_word' id='word_1_185' title='bbox 467 1250 585 1278; x_wconf 85' lang='lat' dir='ltr'><strong>conﬂata</strong></span> <span class='ocrx_word' id='word_1_186' title='bbox 605 1251 768 1285; x_wconf 84' lang='lat' dir='ltr'><strong>destructis,</strong></span> <span class='ocrx_word' id='word_1_187' title='bbox 796 1257 825 1280; x_wconf 87' lang='lat' dir='ltr'><strong>et</strong></span> <span class='ocrx_word' id='word_1_188' title='bbox 849 1261 946 1280; x_wconf 76' lang='lat' dir='ltr'><strong>omnes</strong></span> <span class='ocrx_word' id='word_1_189' title='bbox 963 1253 1057 1281; x_wconf 77' lang='lat' dir='ltr'><strong>titulos</strong></span> 
     </span>
    </p>
   </div>
   <div class='ocr_carea' id='block_1_28' title="bbox 264 1296 1059 1334">
    <p class='ocr_par' dir='ltr' id='par_1_28' title="bbox 264 1296 1059 1334">
     <span class='ocr_line' id='line_1_28' title="bbox 264 1296 1059 1334; baseline 0.008 -13"><span class='ocrx_word' id='word_1_190' title='bbox 264 1302 361 1322; x_wconf 83' lang='lat' dir='ltr'><strong>eorum</strong></span> <span class='ocrx_word' id='word_1_191' title='bbox 376 1296 508 1324; x_wconf 69' lang='lat' dir='ltr'><strong>auferetis</strong></span> <span class='ocrx_word' id='word_1_192' title='bbox 520 1297 552 1324; x_wconf 83' lang='lat'><strong>&quot;.</strong></span> <span class='ocrx_word' id='word_1_193' title='bbox 568 1307 577 1323; x_wconf 74' lang='grc' dir='ltr'><strong>ι</strong></span> <span class='ocrx_word' id='word_1_194' title='bbox 594 1297 726 1334; x_wconf 78' lang='lat' dir='ltr'><strong>Intelligis</strong></span> <span class='ocrx_word' id='word_1_195' title='bbox 738 1299 831 1334; x_wconf 81' lang='lat' dir='ltr'><strong>igitur,</strong></span> <span class='ocrx_word' id='word_1_196' title='bbox 845 1299 879 1326; x_wconf 89' lang='lat' dir='ltr'><strong>iis</strong></span> <span class='ocrx_word' id='word_1_197' title='bbox 895 1300 943 1334; x_wconf 90' lang='lat' dir='ltr'><strong>qui</strong></span> <span class='ocrx_word' id='word_1_198' title='bbox 961 1299 1059 1327; x_wconf 63' lang='lat' dir='ltr'><strong>Iorda-</strong></span> 
     </span>
    </p>
   </div>
   <div class='ocr_carea' id='block_1_29' title="bbox 265 1342 1057 1378">
    <p class='ocr_par' dir='ltr' id='par_1_29' title="bbox 265 1342 1057 1378">
     <span class='ocr_line' id='line_1_29' title="bbox 265 1342 1057 1378; baseline 0.009 -11"><span class='ocrx_word' id='word_1_199' title='bbox 265 1348 329 1368; x_wconf 75' lang='lat' dir='ltr'><strong>nem</strong></span> <span class='ocrx_word' id='word_1_200' title='bbox 345 1342 506 1370; x_wconf 85' lang='lat' dir='ltr'><strong>transierint</strong></span> <span class='ocrx_word' id='word_1_201' title='bbox 535 1350 605 1378; x_wconf 85' lang='lat' dir='ltr'><strong>opus</strong></span> <span class='ocrx_word' id='word_1_202' title='bbox 627 1351 688 1372; x_wconf 86' lang='lat' dir='ltr'><strong>esse</strong></span> <span class='ocrx_word' id='word_1_203' title='bbox 698 1349 728 1372; x_wconf 91' lang='lat' dir='ltr'><strong>ut</strong></span> <span class='ocrx_word' id='word_1_204' title='bbox 748 1352 811 1372; x_wconf 88' lang='lat' dir='ltr'><strong>aras</strong></span> <span class='ocrx_word' id='word_1_205' title='bbox 821 1349 849 1373; x_wconf 89' lang='lat' dir='ltr'><strong>et</strong></span> <span class='ocrx_word' id='word_1_206' title='bbox 875 1345 952 1373; x_wconf 88' lang='lat' dir='ltr'><strong>lucos</strong></span> <span class='ocrx_word' id='word_1_207' title='bbox 965 1354 981 1373; x_wconf 87' lang='lat' dir='ltr'><strong>e</strong></span> <span class='ocrx_word' id='word_1_208' title='bbox 997 1354 1057 1374; x_wconf 78' lang='lat' dir='ltr'><strong>me-</strong></span> 
     </span>
    </p>
   </div>
   <div class='ocr_carea' id='block_1_30' title="bbox 265 1385 1058 1423">
    <p class='ocr_par' dir='ltr' id='par_1_30' title="bbox 265 1385 1058 1423">
     <span class='ocr_line' id='line_1_30' title="bbox 265 1385 1058 1423; baseline 0.009 -10"><span class='ocrx_word' id='word_1_209' title='bbox 265 1385 313 1413; x_wconf 84' lang='lat' dir='ltr'><strong>dio</strong></span> <span class='ocrx_word' id='word_1_210' title='bbox 327 1387 434 1420; x_wconf 83' lang='lat' dir='ltr'><strong>tollant,</strong></span> <span class='ocrx_word' id='word_1_211' title='bbox 452 1395 556 1423; x_wconf 81' lang='lat' dir='ltr'><strong>eosque</strong></span> <span class='ocrx_word' id='word_1_212' title='bbox 572 1389 634 1417; x_wconf 81' lang='lat' dir='ltr'><strong>sine</strong></span> <span class='ocrx_word' id='word_1_213' title='bbox 648 1391 823 1418; x_wconf 78' lang='lat' dir='ltr'><strong>cnnclatione</strong></span> <span class='ocrx_word' id='word_1_214' title='bbox 835 1399 889 1419; x_wconf 87' lang='lat' dir='ltr'><strong>una</strong></span> <span class='ocrx_word' id='word_1_215' title='bbox 900 1399 963 1419; x_wconf 92' lang='lat' dir='ltr'><strong>cum</strong></span> <span class='ocrx_word' id='word_1_216' title='bbox 975 1392 1058 1421; x_wconf 73' lang='lat' dir='ltr'><strong>idolis</strong></span> 
     </span>
    </p>
   </div>
   <div class='ocr_carea' id='block_1_31' title="bbox 264 1432 1060 1473">
    <p class='ocr_par' dir='ltr' id='par_1_31' title="bbox 264 1432 1060 1473">
     <span class='ocr_line' id='line_1_31' title="bbox 264 1432 1060 1473; baseline 0.009 -14"><span class='ocrx_word' id='word_1_217' title='bbox 264 1439 299 1459; x_wconf 84' lang='lat' dir='ltr'><strong>ac</strong></span> <span class='ocrx_word' id='word_1_218' title='bbox 310 1432 400 1460; x_wconf 81' lang='lat' dir='ltr'><strong>titulis</strong></span> <span class='ocrx_word' id='word_1_219' title='bbox 411 1433 588 1462; x_wconf 84' lang='lat' dir='ltr'><strong>disturbent?</strong></span> <span class='ocrx_word' id='word_1_220' title='bbox 599 1435 666 1463; x_wconf 81' lang='lat' dir='ltr'><strong>Nam</strong></span> <span class='ocrx_word' id='word_1_221' title='bbox 680 1436 838 1472; x_wconf 90' lang='lat' dir='ltr'><strong>hujusmodi</strong></span> <span class='ocrx_word' id='word_1_222' title='bbox 850 1438 975 1472; x_wconf 88' lang='lat' dir='ltr'><strong>pestibus</strong></span> <span class='ocrx_word' id='word_1_223' title='bbox 995 1446 1060 1473; x_wconf 83' lang='lat' dir='ltr'><strong>par-</strong></span> 
     </span>
    </p>
   </div>
   <div class='ocr_carea' id='block_1_32' title="bbox 1108 283 1928 335">
    <p class='ocr_par' dir='ltr' id='par_1_32' title="bbox 1108 283 1928 335">
     <span class='ocr_line' id='line_1_32' title="bbox 1108 283 1928 335; baseline 0 -25"><span class='ocrx_word' id='word_1_224' title='bbox 1108 284 1159 312; x_wconf 87' lang='grc' dir='ltr'>νοί.</span> <span class='ocrx_word' id='word_1_225' title='bbox 1178 284 1284 320; x_wconf 80' lang='grc' dir='ltr'>Ὥσπερ</span> <span class='ocrx_word' id='word_1_226' title='bbox 1300 285 1356 319; x_wconf 77' lang='grc' dir='ltr'>γὰρ</span> <span class='ocrx_word' id='word_1_227' title='bbox 1378 283 1549 320; x_wconf 78' lang='grc' dir='ltr'><strong>στρατιώτην</strong></span> <span class='ocrx_word' id='word_1_228' title='bbox 1568 283 1615 309; x_wconf 76' lang='grc' dir='ltr'>τὸν</span> <span class='ocrx_word' id='word_1_229' title='bbox 1633 283 1786 318; x_wconf 55' lang='lat' dir='ltr'><strong>meum“</strong></span> <span class='ocrx_word' id='word_1_230' title='bbox 1808 293 1838 310; x_wconf 87' lang='grc' dir='ltr'><strong>τε</strong></span> <span class='ocrx_word' id='word_1_231' title='bbox 1860 284 1928 335; x_wconf 50' lang='grc' dir='ltr'>καὶ]</span> 
     </span>
    </p>
   </div>
   <div class='ocr_carea' id='block_1_33' title="bbox 1108 329 1910 365">
    <p class='ocr_par' dir='ltr' id='par_1_33' title="bbox 1108 329 1910 365">
     <span class='ocr_line' id='line_1_33' title="bbox 1108 329 1910 365; baseline -0.002 -8"><span class='ocrx_word' id='word_1_232' title='bbox 1108 330 1310 365; x_wconf 82' lang='grc' dir='ltr'>φυγοπόλεμον.</span> <span class='ocrx_word' id='word_1_233' title='bbox 1337 331 1367 357; x_wconf 83' lang='grc' dir='ltr'>οὺ</span> <span class='ocrx_word' id='word_1_234' title='bbox 1399 330 1535 364; x_wconf 79' lang='grc' dir='ltr'><strong>δευτέροις</strong></span> <span class='ocrx_word' id='word_1_235' title='bbox 1559 329 1691 365; x_wconf 83' lang='grc' dir='ltr'>τιμᾶσθαι</span> <span class='ocrx_word' id='word_1_236' title='bbox 1719 330 1910 365; x_wconf 77' lang='grc' dir='ltr'>οημάντροις,</span> 
     </span>
    </p>
   </div>
   <div class='ocr_carea' id='block_1_34' title="bbox 1109 370 1928 412">
    <p class='ocr_par' dir='ltr' id='par_1_34' title="bbox 1109 370 1928 412">
     <span class='ocr_line' id='line_1_34' title="bbox 1109 370 1928 412; baseline -0.001 -9"><span class='ocrx_word' id='word_1_237' title='bbox 1109 377 1166 403; x_wconf 79' lang='grc' dir='ltr'>ἀλλ’</span> <span class='ocrx_word' id='word_1_238' title='bbox 1183 377 1234 412; x_wconf 75' lang='grc' dir='ltr'>ήδη</span> <span class='ocrx_word' id='word_1_239' title='bbox 1256 376 1419 409; x_wconf 74' lang='grc' dir='ltr'>κολάζεσθαι</span> <span class='ocrx_word' id='word_1_240' title='bbox 1439 375 1492 410; x_wconf 78' lang='grc' dir='ltr'><strong>χρὴ</strong></span> <span class='ocrx_word' id='word_1_241' title='bbox 1503 396 1510 407; x_wconf 86' lang='grc'><em>,</em></span> <span class='ocrx_word' id='word_1_242' title='bbox 1529 375 1577 402; x_wconf 59' lang='grc' dir='ltr'><strong>καὶ⁸</strong></span> <span class='ocrx_word' id='word_1_243' title='bbox 1591 375 1640 411; x_wconf 82' lang='grc' dir='ltr'>τῆς</span> <span class='ocrx_word' id='word_1_244' title='bbox 1658 376 1821 411; x_wconf 79' lang='grc' dir='ltr'>ἀνανδριίας</span> <span class='ocrx_word' id='word_1_245' title='bbox 1837 376 1911 402; x_wconf 79' lang='grc' dir='ltr'><strong>ἀπο·</strong></span> <span class='ocrx_word' id='word_1_246' title='bbox 1925 370 1928 406; x_wconf 73' lang='grc' dir='ltr'><strong>Ι</strong></span> 
     </span>
    </p>
   </div>
   <div class='ocr_carea' id='block_1_35' title="bbox 1108 419 1909 458">
    <p class='ocr_par' dir='ltr' id='par_1_35' title="bbox 1108 419 1909 458">
     <span class='ocr_line' id='line_1_35' title="bbox 1108 419 1909 458; baseline -0.001 -8"><span class='ocrx_word' id='word_1_247' title='bbox 1108 423 1227 450; x_wconf 78' lang='grc' dir='ltr'>τιννὺναι</span> <span class='ocrx_word' id='word_1_248' title='bbox 1243 423 1349 457; x_wconf 67' lang='grc' dir='ltr'>λόγους</span> <span class='ocrx_word' id='word_1_249' title='bbox 1367 422 1412 449; x_wconf 80' lang='grc' dir='ltr'>τὸν</span> <span class='ocrx_word' id='word_1_250' title='bbox 1431 422 1523 454; x_wconf 79' lang='grc' dir='ltr'>αὐτὸν,</span> <span class='ocrx_word' id='word_1_251' title='bbox 1539 419 1628 457; x_wconf 76' lang='grc' dir='ltr'>οἶμαί,</span> <span class='ocrx_word' id='word_1_252' title='bbox 1642 422 1775 458; x_wconf 81' lang='grc' dir='ltr'>προσήκει</span> <span class='ocrx_word' id='word_1_253' title='bbox 1791 423 1909 458; x_wconf 74' lang='grc' dir='ltr'>τρόπον,</span> 
     </span>
    </p>
   </div>
   <div class='ocr_carea' id='block_1_36' title="bbox 1107 467 1911 504">
    <p class='ocr_par' dir='ltr' id='par_1_36' title="bbox 1107 467 1911 504">
     <span class='ocr_line' id='line_1_36' title="bbox 1107 467 1911 504; baseline -0.002 -8"><span class='ocrx_word' id='word_1_254' title='bbox 1107 469 1171 500; x_wconf 79' lang='grc' dir='ltr'>τοὺς</span> <span class='ocrx_word' id='word_1_255' title='bbox 1186 468 1257 495; x_wconf 82' lang='grc' dir='ltr'>οὕτω</span> <span class='ocrx_word' id='word_1_256' title='bbox 1275 468 1382 504; x_wconf 67' lang='grc' dir='ltr'>σεπτήν</span> <span class='ocrx_word' id='word_1_257' title='bbox 1392 476 1421 494; x_wconf 81' lang='grc' dir='ltr'><strong>τε</strong></span> <span class='ocrx_word' id='word_1_258' title='bbox 1433 468 1481 495; x_wconf 78' lang='grc' dir='ltr'>καὶ</span> <span class='ocrx_word' id='word_1_259' title='bbox 1497 467 1662 501; x_wconf 62' lang='grc' dir='ltr'>ἀξιὼίαστον</span> <span class='ocrx_word' id='word_1_260' title='bbox 1678 468 1911 504; x_wconf 73' lang='grc' dir='ltr'>περιυσρίζοντας</span> 
     </span>
    </p>
   </div>
   <div class='ocr_carea' id='block_1_37' title="bbox 1108 513 1910 551">
    <p class='ocr_par' dir='ltr' id='par_1_37' title="bbox 1108 513 1910 551">
     <span class='ocr_line' id='line_1_37' title="bbox 1108 513 1910 551; baseline -0.002 -9"><span class='ocrx_word' id='word_1_261' title='bbox 1108 515 1199 551; x_wconf 78' lang='grc' dir='ltr'>χάριν,</span> <span class='ocrx_word' id='word_1_262' title='bbox 1217 515 1248 542; x_wconf 78' lang='grc' dir='ltr'>οὒ</span> <span class='ocrx_word' id='word_1_263' title='bbox 1271 515 1318 542; x_wconf 85' lang='grc' dir='ltr'>τοῦ</span> <span class='ocrx_word' id='word_1_264' title='bbox 1334 514 1467 551; x_wconf 71' lang='grc' dir='ltr'>δευτέρου</span> <span class='ocrx_word' id='word_1_265' title='bbox 1480 513 1614 549; x_wconf 77' lang='grc' dir='ltr'>τιμᾶσθαι</span> <span class='ocrx_word' id='word_1_266' title='bbox 1634 513 1794 550; x_wconf 74' lang='grc' dir='ltr'>Πνεῦματος</span> <span class='ocrx_word' id='word_1_267' title='bbox 1812 514 1890 542; x_wconf 78' lang='grc' dir='ltr'>δόσει</span> <span class='ocrx_word' id='word_1_268' title='bbox 1902 533 1910 545; x_wconf 85' lang='grc'><em>,</em></span> 
     </span>
    </p>
   </div>
   <div class='ocr_carea' id='block_1_38' title="bbox 1108 560 1911 597">
    <p class='ocr_par' dir='ltr' id='par_1_38' title="bbox 1108 560 1911 597">
     <span class='ocr_line' id='line_1_38' title="bbox 1108 560 1911 597; baseline -0.002 -8"><span class='ocrx_word' id='word_1_269' title='bbox 1108 562 1158 597; x_wconf 77' lang='grc' dir='ltr'>τῆς</span> <span class='ocrx_word' id='word_1_270' title='bbox 1173 561 1285 597; x_wconf 80' lang='grc' dir='ltr'>πρώτης</span> <span class='ocrx_word' id='word_1_271' title='bbox 1309 561 1507 596; x_wconf 84' lang='grc' dir='ltr'>ἀθετουμένης,</span> <span class='ocrx_word' id='word_1_272' title='bbox 1521 560 1582 587; x_wconf 76' lang='grc' dir='ltr'>ἀλλ’</span> <span class='ocrx_word' id='word_1_273' title='bbox 1598 561 1649 597; x_wconf 80' lang='grc' dir='ltr'>ήδη</span> <span class='ocrx_word' id='word_1_274' title='bbox 1671 562 1778 594; x_wconf 79' lang='grc' dir='ltr'>ποιναῖς</span> <span class='ocrx_word' id='word_1_275' title='bbox 1793 561 1911 588; x_wconf 71' lang='grc' dir='ltr'>ὐποκεῖ-</span> 
     </span>
    </p>
   </div>
   <div class='ocr_carea' id='block_1_39' title="bbox 1110 606 1912 643">
    <p class='ocr_par' dir='ltr' id='par_1_39' title="bbox 1110 606 1912 643">
     <span class='ocr_line' id='line_1_39' title="bbox 1110 606 1912 643; baseline -0.001 -9"><span class='ocrx_word' id='word_1_276' title='bbox 1110 607 1172 634; x_wconf 84' lang='grc' dir='ltr'>σθαι</span> <span class='ocrx_word' id='word_1_277' title='bbox 1185 607 1295 643; x_wconf 80' lang='grc' dir='ltr'>πρέπει.</span> <span class='ocrx_word' id='word_1_278' title='bbox 1311 607 1373 634; x_wconf 76' lang='grc' dir='ltr'>Ὀτι</span> <span class='ocrx_word' id='word_1_279' title='bbox 1386 606 1441 642; x_wconf 82' lang='grc' dir='ltr'><strong>γὰρ</strong></span> <span class='ocrx_word' id='word_1_280' title='bbox 1460 607 1524 638; x_wconf 71' lang='grc' dir='ltr'>τοὺς</span> <span class='ocrx_word' id='word_1_281' title='bbox 1537 606 1611 640; x_wconf 76' lang='grc' dir='ltr'>ἅπαξ</span> <span class='ocrx_word' id='word_1_282' title='bbox 1623 608 1850 643; x_wconf 71' lang='grc' dir='ltr'><strong>πεφωτισμένους</strong></span> <span class='ocrx_word' id='word_1_283' title='bbox 1868 607 1912 638; x_wconf 86' lang='grc' dir='ltr'><strong>είς</strong></span> 
     </span>
    </p>
   </div>
   <div class='ocr_carea' id='block_1_40' title="bbox 1109 653 1912 690">
    <p class='ocr_par' dir='ltr' id='par_1_40' title="bbox 1109 653 1912 690">
     <span class='ocr_line' id='line_1_40' title="bbox 1109 653 1912 690; baseline 0 -10"><span class='ocrx_word' id='word_1_284' title='bbox 1109 653 1188 680; x_wconf 77' lang='grc' dir='ltr'>τοῦτο</span> <span class='ocrx_word' id='word_1_285' title='bbox 1208 653 1276 681; x_wconf 79' lang='grc' dir='ltr'>ίέναι</span> <span class='ocrx_word' id='word_1_286' title='bbox 1296 654 1430 690; x_wconf 82' lang='grc' dir='ltr'>προσήκει</span> <span class='ocrx_word' id='word_1_287' title='bbox 1452 653 1565 689; x_wconf 82' lang='grc' dir='ltr'><strong>γνώμης</strong></span> <span class='ocrx_word' id='word_1_288' title='bbox 1579 673 1587 684; x_wconf 82' lang='lat'><strong>,</strong></span> <span class='ocrx_word' id='word_1_289' title='bbox 1603 655 1651 680; x_wconf 76' lang='grc' dir='ltr'>καὶ</span> <span class='ocrx_word' id='word_1_290' title='bbox 1670 654 1845 689; x_wconf 75' lang='grc' dir='ltr'>ἑδραιότητος</span> <span class='ocrx_word' id='word_1_291' title='bbox 1862 653 1912 680; x_wconf 77' lang='grc' dir='ltr'>λο-</span> 
     </span>
    </p>
   </div>
   <div class='ocr_carea' id='block_1_41' title="bbox 1108 698 1912 734">
    <p class='ocr_par' dir='ltr' id='par_1_41' title="bbox 1108 698 1912 734">
     <span class='ocr_line' id='line_1_41' title="bbox 1108 698 1912 734; baseline 0 -9"><span class='ocrx_word' id='word_1_292' title='bbox 1108 699 1228 734; x_wconf 78' lang='grc' dir='ltr'>γισμῶν,</span> <span class='ocrx_word' id='word_1_293' title='bbox 1243 698 1281 731; x_wconf 84' lang='grc' dir='ltr'><strong>ὡς</strong></span> <span class='ocrx_word' id='word_1_294' title='bbox 1295 699 1396 726; x_wconf 80' lang='grc' dir='ltr'>ειδέναι</span> <span class='ocrx_word' id='word_1_295' title='bbox 1411 699 1464 734; x_wconf 76' lang='grc' dir='ltr'>’μὲν</span> <span class='ocrx_word' id='word_1_296' title='bbox 1477 699 1524 726; x_wconf 70' lang='grc' dir='ltr'>ἕνα</span> <span class='ocrx_word' id='word_1_297' title='bbox 1537 699 1583 725; x_wconf 79' lang='grc' dir='ltr'>τὸν</span> <span class='ocrx_word' id='word_1_298' title='bbox 1597 698 1678 733; x_wconf 82' lang='grc' dir='ltr'>φύσει</span> <span class='ocrx_word' id='word_1_299' title='bbox 1692 699 1770 731; x_wconf 78' lang='grc' dir='ltr'>Θεὸν,</span> <span class='ocrx_word' id='word_1_300' title='bbox 1785 707 1912 734; x_wconf 81' lang='grc' dir='ltr'>καταμυ-</span> 
     </span>
    </p>
   </div>
   <div class='ocr_carea' id='block_1_42' title="bbox 1110 744 1908 781">
    <p class='ocr_par' dir='ltr' id='par_1_42' title="bbox 1110 744 1908 781">
     <span class='ocr_line' id='line_1_42' title="bbox 1110 744 1908 781; baseline 0 -10"><span class='ocrx_word' id='word_1_301' title='bbox 1110 745 1256 772; x_wconf 83' lang='grc' dir='ltr'>σάττεσθαι</span> <span class='ocrx_word' id='word_1_302' title='bbox 1265 745 1294 772; x_wconf 76' lang='grc' dir='ltr'>δὲ</span> <span class='ocrx_word' id='word_1_303' title='bbox 1303 745 1366 776; x_wconf 81' lang='grc' dir='ltr'>τοὺς</span> <span class='ocrx_word' id='word_1_304' title='bbox 1372 744 1465 780; x_wconf 74' lang='grc' dir='ltr'>ἕτερόν</span> <span class='ocrx_word' id='word_1_305' title='bbox 1472 753 1498 771; x_wconf 85' lang='grc' dir='ltr'><strong>τι</strong></span> <span class='ocrx_word' id='word_1_306' title='bbox 1506 744 1583 780; x_wconf 79' lang='grc' dir='ltr'>παρὰ</span> <span class='ocrx_word' id='word_1_307' title='bbox 1590 744 1669 771; x_wconf 78' lang='grc' dir='ltr'>τοῦτο</span> <span class='ocrx_word' id='word_1_308' title='bbox 1679 745 1908 781; x_wconf 68' lang='grc' dir='ltr'>εισηγουμένους,</span> 
     </span>
    </p>
   </div>
   <div class='ocr_carea' id='block_1_43' title="bbox 1109 790 1910 826">
    <p class='ocr_par' dir='ltr' id='par_1_43' title="bbox 1109 790 1910 826">
     <span class='ocr_line' id='line_1_43' title="bbox 1109 790 1910 826; baseline 0 -8"><span class='ocrx_word' id='word_1_309' title='bbox 1109 792 1156 818; x_wconf 67' lang='grc' dir='ltr'>καὶ</span> <span class='ocrx_word' id='word_1_310' title='bbox 1173 791 1394 826; x_wconf 75' lang='grc' dir='ltr'>ἑπιθυμημάτων</span> <span class='ocrx_word' id='word_1_311' title='bbox 1411 790 1547 817; x_wconf 73' lang='grc' dir='ltr'>ποιεέσθαι</span> <span class='ocrx_word' id='word_1_312' title='bbox 1565 790 1718 823; x_wconf 77' lang='grc' dir='ltr'>κάλλιστον,</span> <span class='ocrx_word' id='word_1_313' title='bbox 1737 792 1768 818; x_wconf 87' lang='grc' dir='ltr'><strong>τδ</strong></span> <span class='ocrx_word' id='word_1_314' title='bbox 1783 791 1910 826; x_wconf 66' lang='grc' dir='ltr'><strong>ἐπιθρώ-</strong></span> 
     </span>
    </p>
   </div>
   <div class='ocr_carea' id='block_1_44' title="bbox 1110 837 1910 873">
    <p class='ocr_par' dir='ltr' id='par_1_44' title="bbox 1110 837 1910 873">
     <span class='ocr_line' id='line_1_44' title="bbox 1110 837 1910 873; baseline 0 -9"><span class='ocrx_word' id='word_1_315' title='bbox 1110 846 1186 864; x_wconf 88' lang='grc' dir='ltr'>σκειν</span> <span class='ocrx_word' id='word_1_316' title='bbox 1199 837 1329 869; x_wconf 73' lang='grc' dir='ltr'>εἰδώλοις.</span> <span class='ocrx_word' id='word_1_317' title='bbox 1346 838 1394 864; x_wconf 71' lang='grc' dir='ltr'>καὶ</span> <span class='ocrx_word' id='word_1_318' title='bbox 1405 837 1560 864; x_wconf 72' lang='grc' dir='ltr'>κατασείειν</span> <span class='ocrx_word' id='word_1_319' title='bbox 1571 837 1663 869; x_wconf 80' lang='grc' dir='ltr'>ναοὺς,</span> <span class='ocrx_word' id='word_1_320' title='bbox 1679 839 1726 865; x_wconf 71' lang='grc' dir='ltr'>καὶ</span> <span class='ocrx_word' id='word_1_321' title='bbox 1740 838 1818 865; x_wconf 80' lang='grc' dir='ltr'>οὐδὲν</span> <span class='ocrx_word' id='word_1_322' title='bbox 1831 839 1910 873; x_wconf 75' lang='grc' dir='ltr'>ἠγεῖ-</span> 
     </span>
    </p>
   </div>
   <div class='ocr_carea' id='block_1_45' title="bbox 1110 883 1911 919">
    <p class='ocr_par' dir='ltr' id='par_1_45' title="bbox 1110 883 1911 919">
     <span class='ocr_line' id='line_1_45' title="bbox 1110 883 1911 919; baseline -0.002 -9"><span class='ocrx_word' id='word_1_323' title='bbox 1110 884 1173 910; x_wconf 68' lang='grc' dir='ltr'>σθίιι</span> <span class='ocrx_word' id='word_1_324' title='bbox 1189 884 1223 910; x_wconf 78' lang='grc' dir='ltr'><strong>τὰ</strong></span> <span class='ocrx_word' id='word_1_325' title='bbox 1243 883 1378 919; x_wconf 78' lang='grc' dir='ltr'>Ἑλλήνων</span> <span class='ocrx_word' id='word_1_326' title='bbox 1396 883 1556 918; x_wconf 67' lang='grc' dir='ltr'>σεσάσματα</span> <span class='ocrx_word' id='word_1_327' title='bbox 1566 904 1574 916; x_wconf 83' lang='grc'><strong>,</strong></span> <span class='ocrx_word' id='word_1_328' title='bbox 1590 883 1637 910; x_wconf 74' lang='grc' dir='ltr'><strong>καὶ</strong></span> <span class='ocrx_word' id='word_1_329' title='bbox 1651 883 1764 918; x_wconf 70' lang='grc' dir='ltr'>ἀρχαῖος</span> <span class='ocrx_word' id='word_1_330' title='bbox 1777 884 1852 917; x_wconf 76' lang='grc' dir='ltr'>ἡμᾶς</span> <span class='ocrx_word' id='word_1_331' title='bbox 1871 883 1911 908; x_wconf 73' lang='grc' dir='ltr'>δε-</span> 
     </span>
    </p>
   </div>
   <div class='ocr_carea' id='block_1_46' title="bbox 1074 923 1911 964">
    <p class='ocr_par' dir='ltr' id='par_1_46' title="bbox 1074 923 1911 964">
     <span class='ocr_line' id='line_1_46' title="bbox 1074 923 1911 964; baseline -0.002 -8"><span class='ocrx_word' id='word_1_332' title='bbox 1074 923 1095 951; x_wconf 74' lang='grc' dir='ltr'><strong>Β</strong></span> <span class='ocrx_word' id='word_1_333' title='bbox 1109 929 1183 962; x_wconf 79' lang='grc' dir='ltr'>δάξει</span> <span class='ocrx_word' id='word_1_334' title='bbox 1195 929 1284 963; x_wconf 82' lang='grc' dir='ltr'>λόγος.</span> <span class='ocrx_word' id='word_1_335' title='bbox 1299 929 1460 964; x_wconf 73' lang='grc' dir='ltr'>Γέγραπταε</span> <span class='ocrx_word' id='word_1_336' title='bbox 1472 928 1525 963; x_wconf 80' lang='grc' dir='ltr'><strong>γὰρ</strong></span> <span class='ocrx_word' id='word_1_337' title='bbox 1535 929 1564 954; x_wconf 81' lang='grc' dir='ltr'>ὲν</span> <span class='ocrx_word' id='word_1_338' title='bbox 1576 929 1631 960; x_wconf 82' lang='grc' dir='ltr'>τοῖς</span> <span class='ocrx_word' id='word_1_339' title='bbox 1653 929 1807 964; x_wconf 70' lang='grc' dir='ltr'><strong>Ἀριομοῖς”</strong></span> <span class='ocrx_word' id='word_1_340' title='bbox 1826 938 1838 953; x_wconf 70' lang='grc' dir='ltr'><strong>ε</strong></span> <span class='ocrx_word' id='word_1_341' title='bbox 1851 928 1911 954; x_wconf 77' lang='grc' dir='ltr'><strong>Καὶ</strong></span> 
     </span>
    </p>
   </div>
   <div class='ocr_carea' id='block_1_47' title="bbox 1109 973 1911 1011">
    <p class='ocr_par' dir='ltr' id='par_1_47' title="bbox 1109 973 1911 1011">
     <span class='ocr_line' id='line_1_47' title="bbox 1109 973 1911 1011; baseline -0.002 -9"><span class='ocrx_word' id='word_1_342' title='bbox 1109 974 1225 1011; x_wconf 74' lang='grc' dir='ltr'>ὲλάλησε</span> <span class='ocrx_word' id='word_1_343' title='bbox 1253 975 1356 1010; x_wconf 75' lang='grc' dir='ltr'>Κύριος</span> <span class='ocrx_word' id='word_1_344' title='bbox 1381 974 1448 1009; x_wconf 79' lang='grc' dir='ltr'>πρὸς</span> <span class='ocrx_word' id='word_1_345' title='bbox 1477 974 1580 1009; x_wconf 86' lang='grc' dir='ltr'>Μωσῆν</span> <span class='ocrx_word' id='word_1_346' title='bbox 1607 974 1653 1000; x_wconf 69' lang='grc' dir='ltr'><strong>ἐπὶ</strong></span> <span class='ocrx_word' id='word_1_347' title='bbox 1678 974 1790 1010; x_wconf 80' lang='grc' dir='ltr'><strong>δυσμῶν</strong></span> <span class='ocrx_word' id='word_1_348' title='bbox 1819 973 1911 1000; x_wconf 67' lang='lat' dir='ltr'><strong>Mde</strong></span> 
     </span>
    </p>
   </div>
   <div class='ocr_carea' id='block_1_48' title="bbox 1110 1019 1912 1057">
    <p class='ocr_par' dir='ltr' id='par_1_48' title="bbox 1110 1019 1912 1057">
     <span class='ocr_line' id='line_1_48' title="bbox 1110 1019 1912 1057; baseline -0.002 -9"><span class='ocrx_word' id='word_1_349' title='bbox 1110 1022 1187 1057; x_wconf 65' lang='grc' dir='ltr'>παρὰ</span> <span class='ocrx_word' id='word_1_350' title='bbox 1201 1021 1246 1048; x_wconf 82' lang='grc' dir='ltr'>τὸν</span> <span class='ocrx_word' id='word_1_351' title='bbox 1269 1021 1407 1056; x_wconf 82' lang='grc' dir='ltr'><strong>Ἰορδάνην</strong></span> <span class='ocrx_word' id='word_1_352' title='bbox 1425 1020 1497 1047; x_wconf 80' lang='grc' dir='ltr'>κατὰ</span> <span class='ocrx_word' id='word_1_353' title='bbox 1519 1019 1637 1055; x_wconf 78' lang='grc' dir='ltr'><strong>’1εριχὼ.</strong></span> <span class='ocrx_word' id='word_1_354' title='bbox 1658 1020 1745 1054; x_wconf 78' lang='grc' dir='ltr'>λέγων</span> <span class='ocrx_word' id='word_1_355' title='bbox 1758 1028 1765 1035; x_wconf 85' lang='grc'>·</span> <span class='ocrx_word' id='word_1_356' title='bbox 1782 1020 1912 1055; x_wconf 72' lang='grc' dir='ltr'>Λὰλησον</span> 
     </span>
    </p>
   </div>
   <div class='ocr_carea' id='block_1_49' title="bbox 1107 1065 1911 1102">
    <p class='ocr_par' dir='ltr' id='par_1_49' title="bbox 1107 1065 1911 1102">
     <span class='ocr_line' id='line_1_49' title="bbox 1107 1065 1911 1102; baseline -0.004 -8"><span class='ocrx_word' id='word_1_357' title='bbox 1107 1069 1166 1098; x_wconf 80' lang='grc' dir='ltr'>τοῖς</span> <span class='ocrx_word' id='word_1_358' title='bbox 1179 1067 1248 1098; x_wconf 81' lang='grc' dir='ltr'><strong>υἱοῖς</strong></span> <span class='ocrx_word' id='word_1_359' title='bbox 1269 1066 1395 1102; x_wconf 63' lang='grc' dir='ltr'>Ἰσραὴλῖ</span> <span class='ocrx_word' id='word_1_360' title='bbox 1419 1066 1467 1091; x_wconf 72' lang='grc' dir='ltr'><strong>καὶ</strong></span> <span class='ocrx_word' id='word_1_361' title='bbox 1483 1066 1556 1101; x_wconf 70' lang='grc' dir='ltr'>ἐρεῖς</span> <span class='ocrx_word' id='word_1_362' title='bbox 1579 1065 1647 1101; x_wconf 77' lang='grc' dir='ltr'>πρὸς</span> <span class='ocrx_word' id='word_1_363' title='bbox 1664 1065 1778 1097; x_wconf 72' lang='grc' dir='ltr'>αΰτούς·</span> <span class='ocrx_word' id='word_1_364' title='bbox 1811 1066 1911 1101; x_wconf 76' lang='grc' dir='ltr'>Ὑμεῖς</span> 
     </span>
    </p>
   </div>
   <div class='ocr_carea' id='block_1_50' title="bbox 1109 1111 1910 1148">
    <p class='ocr_par' dir='ltr' id='par_1_50' title="bbox 1109 1111 1910 1148">
     <span class='ocr_line' id='line_1_50' title="bbox 1109 1111 1910 1148; baseline -0.002 -8"><span class='ocrx_word' id='word_1_365' title='bbox 1109 1113 1262 1145; x_wconf 60' lang='grc' dir='ltr'>διαϐαίνετε,</span> <span class='ocrx_word' id='word_1_366' title='bbox 1281 1113 1326 1140; x_wconf 64' lang='grc' dir='ltr'>τὸν</span> <span class='ocrx_word' id='word_1_367' title='bbox 1347 1113 1484 1148; x_wconf 74' lang='grc' dir='ltr'>Ἰορδάνην</span> <span class='ocrx_word' id='word_1_368' title='bbox 1506 1113 1547 1144; x_wconf 77' lang='grc' dir='ltr'><strong>εἰς</strong></span> <span class='ocrx_word' id='word_1_369' title='bbox 1561 1112 1612 1148; x_wconf 82' lang='grc' dir='ltr'>γῆν</span> <span class='ocrx_word' id='word_1_370' title='bbox 1630 1111 1752 1142; x_wconf 74' lang='grc' dir='ltr'>Χαναὰν,</span> <span class='ocrx_word' id='word_1_371' title='bbox 1774 1113 1823 1139; x_wconf 76' lang='grc' dir='ltr'>καὶ</span> <span class='ocrx_word' id='word_1_372' title='bbox 1852 1113 1910 1138; x_wconf 81' lang='grc' dir='ltr'><strong>ὰπ-</strong></span> 
     </span>
    </p>
   </div>
   <div class='ocr_carea' id='block_1_51' title="bbox 1109 1157 1910 1194">
    <p class='ocr_par' dir='ltr' id='par_1_51' title="bbox 1109 1157 1910 1194">
     <span class='ocr_line' id='line_1_51' title="bbox 1109 1157 1910 1194; baseline -0.001 -8"><span class='ocrx_word' id='word_1_373' title='bbox 1109 1160 1199 1186; x_wconf 85' lang='grc' dir='ltr'>ολείτε</span> <span class='ocrx_word' id='word_1_374' title='bbox 1213 1158 1318 1190; x_wconf 82' lang='grc' dir='ltr'>πάντας</span> <span class='ocrx_word' id='word_1_375' title='bbox 1331 1160 1395 1190; x_wconf 79' lang='grc' dir='ltr'>τοὺς</span> <span class='ocrx_word' id='word_1_376' title='bbox 1407 1157 1599 1190; x_wconf 76' lang='grc' dir='ltr'><strong>κατοικοῦντας</strong></span> <span class='ocrx_word' id='word_1_377' title='bbox 1615 1159 1645 1184; x_wconf 76' lang='grc' dir='ltr'>ὲν</span> <span class='ocrx_word' id='word_1_378' title='bbox 1659 1159 1692 1193; x_wconf 78' lang='grc' dir='ltr'><strong>τῇ</strong></span> <span class='ocrx_word' id='word_1_379' title='bbox 1707 1160 1742 1194; x_wconf 74' lang='grc' dir='ltr'><strong>τῇ</strong></span> <span class='ocrx_word' id='word_1_380' title='bbox 1754 1159 1807 1194; x_wconf 77' lang='grc' dir='ltr'>πρὸ</span> <span class='ocrx_word' id='word_1_381' title='bbox 1819 1167 1910 1194; x_wconf 75' lang='grc' dir='ltr'>προσ-</span> 
     </span>
    </p>
   </div>
   <div class='ocr_carea' id='block_1_52' title="bbox 1107 1204 1909 1239">
    <p class='ocr_par' dir='ltr' id='par_1_52' title="bbox 1107 1204 1909 1239">
     <span class='ocr_line' id='line_1_52' title="bbox 1107 1204 1909 1239; baseline -0.001 -7"><span class='ocrx_word' id='word_1_382' title='bbox 1107 1204 1183 1232; x_wconf 83' lang='grc' dir='ltr'>ὼπου</span> <span class='ocrx_word' id='word_1_383' title='bbox 1199 1204 1289 1239; x_wconf 78' lang='grc' dir='ltr'>ὑμῶν.</span> <span class='ocrx_word' id='word_1_384' title='bbox 1317 1205 1373 1231; x_wconf 82' lang='grc' dir='ltr'><strong>Καὶ</strong></span> <span class='ocrx_word' id='word_1_385' title='bbox 1399 1204 1523 1239; x_wconf 77' lang='grc' dir='ltr'>ἐξαρεῖτε</span> <span class='ocrx_word' id='word_1_386' title='bbox 1541 1204 1590 1236; x_wconf 78' lang='grc' dir='ltr'>τὰς</span> <span class='ocrx_word' id='word_1_387' title='bbox 1608 1204 1724 1236; x_wconf 84' lang='grc' dir='ltr'>σκοπιὰς</span> <span class='ocrx_word' id='word_1_388' title='bbox 1738 1205 1838 1236; x_wconf 82' lang='grc' dir='ltr'>αὐτῶν,</span> <span class='ocrx_word' id='word_1_389' title='bbox 1859 1205 1909 1232; x_wconf 83' lang='grc' dir='ltr'>καὶ</span> 
     </span>
    </p>
   </div>
   <div class='ocr_carea' id='block_1_53' title="bbox 1109 1250 1908 1285">
    <p class='ocr_par' dir='ltr' id='par_1_53' title="bbox 1109 1250 1908 1285">
     <span class='ocr_line' id='line_1_53' title="bbox 1109 1250 1908 1285; baseline -0.001 -7"><span class='ocrx_word' id='word_1_390' title='bbox 1109 1250 1200 1279; x_wconf 76' lang='grc' dir='ltr'>πάντα</span> <span class='ocrx_word' id='word_1_391' title='bbox 1217 1250 1250 1278; x_wconf 76' lang='grc' dir='ltr'><strong>τὰ</strong></span> <span class='ocrx_word' id='word_1_392' title='bbox 1273 1250 1370 1278; x_wconf 69' lang='grc' dir='ltr'>εἴδωλα</span> <span class='ocrx_word' id='word_1_393' title='bbox 1385 1250 1420 1277; x_wconf 84' lang='grc' dir='ltr'>τὰ</span> <span class='ocrx_word' id='word_1_394' title='bbox 1435 1250 1558 1285; x_wconf 74' lang='grc' dir='ltr'>χωνευτὰ</span> <span class='ocrx_word' id='word_1_395' title='bbox 1574 1250 1664 1276; x_wconf 77' lang='grc' dir='ltr'>αὐτῶν</span> <span class='ocrx_word' id='word_1_396' title='bbox 1679 1250 1804 1277; x_wconf 79' lang='grc' dir='ltr'>ἀπολεῖτε</span> <span class='ocrx_word' id='word_1_397' title='bbox 1822 1251 1908 1283; x_wconf 75' lang='grc' dir='ltr'>αὐτὰ,</span> 
     </span>
    </p>
   </div>
   <div class='ocr_carea' id='block_1_54' title="bbox 1109 1295 1912 1332">
    <p class='ocr_par' dir='ltr' id='par_1_54' title="bbox 1109 1295 1912 1332">
     <span class='ocr_line' id='line_1_54' title="bbox 1109 1295 1912 1332; baseline 0.001 -9"><span class='ocrx_word' id='word_1_398' title='bbox 1109 1297 1157 1324; x_wconf 82' lang='grc' dir='ltr'>καὶ</span> <span class='ocrx_word' id='word_1_399' title='bbox 1175 1297 1265 1328; x_wconf 84' lang='grc' dir='ltr'>πάσας</span> <span class='ocrx_word' id='word_1_400' title='bbox 1280 1296 1331 1328; x_wconf 83' lang='grc' dir='ltr'>τὰς</span> <span class='ocrx_word' id='word_1_401' title='bbox 1349 1295 1450 1331; x_wconf 80' lang='grc' dir='ltr'><strong>στήλας</strong></span> <span class='ocrx_word' id='word_1_402' title='bbox 1464 1295 1555 1323; x_wconf 80' lang='grc' dir='ltr'>αὐτῶν</span> <span class='ocrx_word' id='word_1_403' title='bbox 1569 1296 1703 1332; x_wconf 76' lang='grc' dir='ltr'>ὲξαρεϊτι.</span> <span class='ocrx_word' id='word_1_404' title='bbox 1724 1306 1734 1322; x_wconf 71' lang='grc' dir='ltr'><strong>ι</strong></span> <span class='ocrx_word' id='word_1_405' title='bbox 1751 1297 1851 1332; x_wconf 82' lang='grc' dir='ltr'>Συνίης</span> <span class='ocrx_word' id='word_1_406' title='bbox 1865 1298 1912 1326; x_wconf 80' lang='grc' dir='ltr'><strong>δτι</strong></span> 
     </span>
    </p>
   </div>
   <div class='ocr_carea' id='block_1_55' title="bbox 1108 1342 1907 1378">
    <p class='ocr_par' dir='ltr' id='par_1_55' title="bbox 1108 1342 1907 1378">
     <span class='ocr_line' id='line_1_55' title="bbox 1108 1342 1907 1378; baseline -0.001 -8"><span class='ocrx_word' id='word_1_407' title='bbox 1108 1343 1172 1374; x_wconf 78' lang='grc' dir='ltr'>τοὺς</span> <span class='ocrx_word' id='word_1_408' title='bbox 1185 1342 1371 1378; x_wconf 79' lang='grc' dir='ltr'>παρελθόντας</span> <span class='ocrx_word' id='word_1_409' title='bbox 1378 1342 1424 1369; x_wconf 77' lang='grc' dir='ltr'>τὸν</span> <span class='ocrx_word' id='word_1_410' title='bbox 1443 1342 1591 1378; x_wconf 79' lang='grc' dir='ltr'>Ἰορδάνην.</span> <span class='ocrx_word' id='word_1_411' title='bbox 1614 1342 1648 1368; x_wconf 73' lang='grc' dir='ltr'>ὲκ</span> <span class='ocrx_word' id='word_1_412' title='bbox 1664 1342 1748 1376; x_wconf 69' lang='grc' dir='ltr'>μέσου</span> <span class='ocrx_word' id='word_1_413' title='bbox 1765 1342 1907 1369; x_wconf 64' lang='grc' dir='ltr'>ποιείσθω</span> 
     </span>
    </p>
   </div>
   <div class='ocr_carea' id='block_1_56' title="bbox 1109 1388 1906 1425">
    <p class='ocr_par' dir='ltr' id='par_1_56' title="bbox 1109 1388 1906 1425">
     <span class='ocr_line' id='line_1_56' title="bbox 1109 1388 1906 1425; baseline 0 -10"><span class='ocrx_word' id='word_1_414' title='bbox 1109 1389 1163 1425; x_wconf 80' lang='grc' dir='ltr'><strong>χρὴ</strong></span> <span class='ocrx_word' id='word_1_415' title='bbox 1189 1389 1297 1424; x_wconf 69' lang='grc' dir='ltr'>βωμοὺς</span> <span class='ocrx_word' id='word_1_416' title='bbox 1321 1388 1370 1415; x_wconf 60' lang='grc' dir='ltr'><strong>καὶ</strong></span> <span class='ocrx_word' id='word_1_417' title='bbox 1390 1388 1491 1423; x_wconf 82' lang='grc' dir='ltr'><strong>τεμένη</strong></span> <span class='ocrx_word' id='word_1_418' title='bbox 1507 1408 1515 1421; x_wconf 85' lang='grc'><em>,</em></span> <span class='ocrx_word' id='word_1_419' title='bbox 1534 1389 1582 1415; x_wconf 75' lang='grc' dir='ltr'>καὶ</span> <span class='ocrx_word' id='word_1_420' title='bbox 1608 1388 1701 1420; x_wconf 82' lang='grc' dir='ltr'>αὐτοῖς</span> <span class='ocrx_word' id='word_1_421' title='bbox 1718 1388 1840 1420; x_wconf 76' lang='grc' dir='ltr'><strong>εἰδώλοις</strong></span> <span class='ocrx_word' id='word_1_422' title='bbox 1857 1390 1906 1415; x_wconf 76' lang='grc' dir='ltr'>καὶ</span> 
     </span>
    </p>
   </div>
   <div class='ocr_carea' id='block_1_57' title="bbox 1110 1430 1907 1469">
    <p class='ocr_par' dir='ltr' id='par_1_57' title="bbox 1110 1430 1907 1469">
     <span class='ocr_line' id='line_1_57' title="bbox 1110 1430 1907 1469; baseline 0.001 -9"><span class='ocrx_word' id='word_1_423' title='bbox 1110 1434 1225 1468; x_wconf 79' lang='grc' dir='ltr'>στήλαις</span> <span class='ocrx_word' id='word_1_424' title='bbox 1242 1433 1439 1469; x_wconf 80' lang='grc' dir='ltr'>ἀναμοχλεύειν</span> <span class='ocrx_word' id='word_1_425' title='bbox 1453 1430 1585 1469; x_wconf 46' lang='lat' dir='ltr'><strong>{malm};</strong></span> <span class='ocrx_word' id='word_1_426' title='bbox 1607 1434 1645 1466; x_wconf 87' lang='grc' dir='ltr'>ὡς</span> <span class='ocrx_word' id='word_1_427' title='bbox 1656 1434 1687 1461; x_wconf 86' lang='grc' dir='ltr'><strong>τό</strong></span> <span class='ocrx_word' id='word_1_428' title='bbox 1703 1442 1732 1468; x_wconf 87' lang='grc' dir='ltr'><strong>γε</strong></span> <span class='ocrx_word' id='word_1_429' title='bbox 1749 1433 1834 1468; x_wconf 80' lang='grc' dir='ltr'>φειδὼ</span> <span class='ocrx_word' id='word_1_430' title='bbox 1849 1435 1907 1466; x_wconf 71' lang='grc' dir='ltr'>τοῖς</span> 
     </span>
    </p>
   </div>
   <div class='ocr_carea' id='block_1_58' title="bbox 1108 1478 1906 1516">
    <p class='ocr_par' dir='ltr' id='par_1_58' title="bbox 1108 1478 1906 1516">
     <span class='ocr_line' id='line_1_58' title="bbox 1108 1478 1906 1516; baseline 0.001 -10"><span class='ocrx_word' id='word_1_431' title='bbox 1108 1480 1243 1512; x_wconf 83' lang='grc' dir='ltr'>τοιούτοις</span> <span class='ocrx_word' id='word_1_432' title='bbox 1249 1478 1331 1515; x_wconf 69' lang='grc' dir='ltr'>τυχὸν</span> <span class='ocrx_word' id='word_1_433' title='bbox 1345 1479 1492 1515; x_wconf 76' lang='grc' dir='ltr'>ἀπονέμειν</span> <span class='ocrx_word' id='word_1_434' title='bbox 1508 1481 1603 1512; x_wconf 84' lang='grc' dir='ltr'>κακοῖς</span> <span class='ocrx_word' id='word_1_435' title='bbox 1620 1481 1735 1516; x_wconf 81' lang='grc' dir='ltr'>μήνυσις</span> <span class='ocrx_word' id='word_1_436' title='bbox 1747 1480 1782 1507; x_wconf 82' lang='grc' dir='ltr'>ἂν</span> <span class='ocrx_word' id='word_1_437' title='bbox 1796 1479 1906 1514; x_wconf 83' lang='grc' dir='ltr'>γένοιτο</span> 
     </span>
    </p>
   </div>
   <div class='ocr_carea' id='block_1_59' title="bbox 1109 1525 1905 1562">
    <p class='ocr_par' dir='ltr' id='par_1_59' title="bbox 1109 1525 1905 1562">
     <span class='ocr_line' id='line_1_59' title="bbox 1109 1525 1905 1562; baseline 0.001 -10"><span class='ocrx_word' id='word_1_438' title='bbox 1109 1526 1209 1561; x_wconf 70' lang='grc' dir='ltr'>σαφὴς,</span> <span class='ocrx_word' id='word_1_439' title='bbox 1223 1526 1270 1552; x_wconf 81' lang='grc' dir='ltr'>τοῦ</span> <span class='ocrx_word' id='word_1_440' title='bbox 1287 1525 1329 1561; x_wconf 77' lang='grc' dir='ltr'>μὴ</span> <span class='ocrx_word' id='word_1_441' title='bbox 1338 1525 1497 1561; x_wconf 78' lang='grc' dir='ltr'>ὲρηρείσθαι</span> <span class='ocrx_word' id='word_1_442' title='bbox 1513 1526 1615 1558; x_wconf 85' lang='grc' dir='ltr'>καλῶς,</span> <span class='ocrx_word' id='word_1_443' title='bbox 1631 1527 1699 1562; x_wconf 84' lang='grc' dir='ltr'>μήτε</span> <span class='ocrx_word' id='word_1_444' title='bbox 1712 1526 1766 1562; x_wconf 82' lang='grc' dir='ltr'>μὴν</span> <span class='ocrx_word' id='word_1_445' title='bbox 1783 1527 1905 1554; x_wconf 80' lang='grc' dir='ltr'>ἀκαται-</span> 
     </span>
    </p>
   </div>
   <div class='ocr_carea' id='block_1_60' title="bbox 264 1480 1058 1514">
    <p class='ocr_par' dir='ltr' id='par_1_60' title="bbox 264 1480 1058 1514">
     <span class='ocr_line' id='line_1_60' title="bbox 264 1480 1058 1514; baseline 0.01 -9"><span class='ocrx_word' id='word_1_446' title='bbox 264 1485 339 1512; x_wconf 88' lang='lat' dir='ltr'><strong>cere,</strong></span> <span class='ocrx_word' id='word_1_447' title='bbox 356 1480 532 1508; x_wconf 83' lang='lat' dir='ltr'><strong>manifestum</strong></span> <span class='ocrx_word' id='word_1_448' title='bbox 545 1485 588 1508; x_wconf 91' lang='lat' dir='ltr'><strong>cst</strong></span> <span class='ocrx_word' id='word_1_449' title='bbox 612 1482 745 1510; x_wconf 90' lang='lat' dir='ltr'><strong>indicium</strong></span> <span class='ocrx_word' id='word_1_450' title='bbox 768 1490 824 1510; x_wconf 88' lang='lat' dir='ltr'><strong>non</strong></span> <span class='ocrx_word' id='word_1_451' title='bbox 846 1484 913 1511; x_wconf 87' lang='lat' dir='ltr'><strong>satis</strong></span> <span class='ocrx_word' id='word_1_452' title='bbox 933 1492 984 1512; x_wconf 83' lang='lat' dir='ltr'><strong>nos</strong></span> <span class='ocrx_word' id='word_1_453' title='bbox 996 1493 1058 1514; x_wconf 78' lang='lat' dir='ltr'><strong>esse</strong></span> 
     </span>
    </p>
   </div>
   <div class='ocr_carea' id='block_1_61' title="bbox 264 1524 1056 1565">
    <p class='ocr_par' dir='ltr' id='par_1_61' title="bbox 264 1524 1056 1565">
     <span class='ocr_line' id='line_1_61' title="bbox 264 1524 1056 1565; baseline 0.009 -13"><span class='ocrx_word' id='word_1_454' title='bbox 264 1525 450 1559; x_wconf 85' lang='lat' dir='ltr'><strong>conﬁrmatos,</strong></span> <span class='ocrx_word' id='word_1_455' title='bbox 463 1535 553 1562; x_wconf 87' lang='lat' dir='ltr'><strong>neque</strong></span> <span class='ocrx_word' id='word_1_456' title='bbox 567 1536 615 1556; x_wconf 92' lang='lat' dir='ltr'><strong>cor</strong></span> <span class='ocrx_word' id='word_1_457' title='bbox 627 1524 752 1557; x_wconf 75' lang='lat' dir='ltr'><strong>criminis</strong></span> <span class='ocrx_word' id='word_1_458' title='bbox 774 1537 874 1565; x_wconf 82' lang='lat' dir='ltr'><strong>expers</strong></span> <span class='ocrx_word' id='word_1_459' title='bbox 887 1530 943 1558; x_wconf 87' lang='lat' dir='ltr'><strong>Deo</strong></span> <span class='ocrx_word' id='word_1_460' title='bbox 957 1539 1056 1559; x_wconf 89' lang='lat' dir='ltr'><strong>conse-</strong></span> 
     </span>
    </p>
   </div>
   <div class='ocr_carea' id='block_1_62' title="bbox 264 1572 1056 1612">
    <p class='ocr_par' dir='ltr' id='par_1_62' title="bbox 264 1574 1055 1612">
     <span class='ocr_line' id='line_1_62' title="bbox 264 1574 1055 1612; baseline 0.008 -13"><span class='ocrx_word' id='word_1_461' title='bbox 264 1579 367 1605; x_wconf 79' lang='lat' dir='ltr'><strong>crasse,</strong></span> <span class='ocrx_word' id='word_1_462' title='bbox 394 1578 489 1608; x_wconf 88' lang='lat' dir='ltr'><strong>aperte</strong></span> <span class='ocrx_word' id='word_1_463' title='bbox 507 1574 541 1602; x_wconf 90' lang='lat' dir='ltr'><strong>de</strong></span> <span class='ocrx_word' id='word_1_464' title='bbox 555 1575 647 1610; x_wconf 89' lang='lat' dir='ltr'><strong>impiis</strong></span> <span class='ocrx_word' id='word_1_465' title='bbox 667 1579 749 1611; x_wconf 87' lang='lat' dir='ltr'><strong>atque</strong></span> <span class='ocrx_word' id='word_1_466' title='bbox 771 1577 910 1612; x_wconf 89' lang='lat' dir='ltr'><strong>perversis</strong></span> <span class='ocrx_word' id='word_1_467' title='bbox 932 1576 1055 1605; x_wconf 84' lang='lat' dir='ltr'><strong>dicenti:</strong></span> 
     </span>
    </p>
   </div>
   <div class='ocr_carea' id='block_1_63' title="bbox 1109 1572 1909 1612">
    <p class='ocr_par' dir='ltr' id='par_1_63' title="bbox 1109 1572 1909 1608">
     <span class='ocr_line' id='line_1_63' title="bbox 1109 1572 1909 1608; baseline -0.001 -9"><span class='ocrx_word' id='word_1_468' title='bbox 1109 1573 1199 1599; x_wconf 80' lang='grc' dir='ltr'>τίατον</span> <span class='ocrx_word' id='word_1_469' title='bbox 1210 1572 1248 1608; x_wconf 85' lang='grc' dir='ltr'>τῷ</span> <span class='ocrx_word' id='word_1_470' title='bbox 1263 1572 1322 1608; x_wconf 84' lang='grc' dir='ltr'><strong>Θεῷ</strong></span> <span class='ocrx_word' id='word_1_471' title='bbox 1336 1572 1384 1608; x_wconf 84' lang='grc' dir='ltr'>τὴν</span> <span class='ocrx_word' id='word_1_472' title='bbox 1399 1573 1514 1608; x_wconf 77' lang='grc' dir='ltr'>καρδίαν</span> <span class='ocrx_word' id='word_1_473' title='bbox 1526 1573 1669 1608; x_wconf 81' lang='grc' dir='ltr'>ἀφιεροῦν,</span> <span class='ocrx_word' id='word_1_474' title='bbox 1693 1573 1782 1600; x_wconf 84' lang='grc' dir='ltr'>καίτοι</span> <span class='ocrx_word' id='word_1_475' title='bbox 1795 1573 1909 1607; x_wconf 79' lang='grc' dir='ltr'>λέγοντι</span> 
     </span>
    </p>
   </div>
   <div class='ocr_carea' id='block_1_64' title="bbox 268 1609 1056 1658">
    <p class='ocr_par' dir='ltr' id='par_1_64' title="bbox 268 1617 1053 1658">
     <span class='ocr_line' id='line_1_64' title="bbox 268 1617 1053 1658; baseline 0.009 -14"><span class='ocrx_word' id='word_1_476' title='bbox 268 1617 342 1645; x_wconf 71' lang='lat' dir='ltr'><strong>«Non</strong></span> <span class='ocrx_word' id='word_1_477' title='bbox 358 1619 488 1648; x_wconf 84' lang='lat' dir='ltr'><strong>adorabis</strong></span> <span class='ocrx_word' id='word_1_478' title='bbox 503 1620 570 1649; x_wconf 85' lang='lat' dir='ltr'><strong>deos</strong></span> <span class='ocrx_word' id='word_1_479' title='bbox 584 1621 716 1657; x_wconf 90' lang='lat' dir='ltr'><strong>ipsorum,</strong></span> <span class='ocrx_word' id='word_1_480' title='bbox 733 1630 822 1658; x_wconf 87' lang='lat' dir='ltr'><strong>neque</strong></span> <span class='ocrx_word' id='word_1_481' title='bbox 836 1623 911 1651; x_wconf 88' lang='lat' dir='ltr'><strong>coles</strong></span> <span class='ocrx_word' id='word_1_482' title='bbox 923 1631 987 1656; x_wconf 81' lang='lat' dir='ltr'><strong>eos;</strong></span> <span class='ocrx_word' id='word_1_483' title='bbox 999 1631 1053 1652; x_wconf 82' lang='lat' dir='ltr'><strong>non</strong></span> 
     </span>
    </p>
   </div>
   <div class='ocr_carea' id='block_1_65' title="bbox 1109 1609 1897 1658">
    <p class='ocr_par' dir='ltr' id='par_1_65' title="bbox 1109 1617 1897 1654">
     <span class='ocr_line' id='line_1_65' title="bbox 1109 1617 1897 1654; baseline -0.001 -9"><span class='ocrx_word' id='word_1_484' title='bbox 1109 1618 1203 1653; x_wconf 75' lang='grc' dir='ltr'>σαφῶς</span> <span class='ocrx_word' id='word_1_485' title='bbox 1217 1618 1281 1654; x_wconf 78' lang='grc' dir='ltr'>περὶ</span> <span class='ocrx_word' id='word_1_486' title='bbox 1296 1618 1350 1644; x_wconf 80' lang='grc' dir='ltr'>τῶν</span> <span class='ocrx_word' id='word_1_487' title='bbox 1368 1618 1456 1645; x_wconf 81' lang='grc' dir='ltr'><strong>ἀθέων</strong></span> <span class='ocrx_word' id='word_1_488' title='bbox 1471 1618 1518 1645; x_wconf 78' lang='grc' dir='ltr'>καὶ</span> <span class='ocrx_word' id='word_1_489' title='bbox 1537 1617 1665 1654; x_wconf 75' lang='grc' dir='ltr'>πονηρῶν</span> <span class='ocrx_word' id='word_1_490' title='bbox 1677 1627 1683 1633; x_wconf 92' lang='grc'><strong>·</strong></span> <span class='ocrx_word' id='word_1_491' title='bbox 1700 1627 1709 1644; x_wconf 71' lang='grc' dir='ltr'><strong>ε</strong></span> <span class='ocrx_word' id='word_1_492' title='bbox 1727 1618 1765 1645; x_wconf 81' lang='grc' dir='ltr'><strong>Οὸ</strong></span> <span class='ocrx_word' id='word_1_493' title='bbox 1779 1626 1897 1654; x_wconf 72' lang='grc' dir='ltr'>προσκυ-</span> 
     </span>
    </p>
   </div>
   <div class='ocr_carea' id='block_1_66' title="bbox 264 1662 1056 1707">
    <p class='ocr_par' dir='ltr' id='par_1_66' title="bbox 264 1662 1053 1707">
     <span class='ocr_line' id='line_1_66' title="bbox 264 1662 1053 1707; baseline 0.009 -17"><span class='ocrx_word' id='word_1_494' title='bbox 264 1662 348 1691; x_wconf 86' lang='lat' dir='ltr'><strong>facies</strong></span> <span class='ocrx_word' id='word_1_495' title='bbox 361 1665 438 1707; x_wconf 74' lang='lat' dir='ltr'><strong>juxta</strong></span> <span class='ocrx_word' id='word_1_496' title='bbox 448 1673 531 1700; x_wconf 81' lang='lat' dir='ltr'><strong>opera</strong></span> <span class='ocrx_word' id='word_1_497' title='bbox 549 1674 656 1699; x_wconf 88' lang='lat' dir='ltr'><strong>eorum,</strong></span> <span class='ocrx_word' id='word_1_498' title='bbox 673 1667 721 1694; x_wconf 86' lang='lat' dir='ltr'><strong>sed</strong></span> <span class='ocrx_word' id='word_1_499' title='bbox 734 1666 902 1696; x_wconf 86' lang='lat' dir='ltr'><strong>destruendo</strong></span> <span class='ocrx_word' id='word_1_500' title='bbox 917 1668 1053 1703; x_wconf 81' lang='lat' dir='ltr'><strong>destrucs,</strong></span> 
     </span>
    </p>
   </div>
   <div class='ocr_carea' id='block_1_67' title="bbox 1109 1662 1904 1707">
    <p class='ocr_par' dir='ltr' id='par_1_67' title="bbox 1109 1665 1904 1702">
     <span class='ocr_line' id='line_1_67' title="bbox 1109 1665 1904 1702; baseline 0.003 -11"><span class='ocrx_word' id='word_1_501' title='bbox 1109 1665 1200 1700; x_wconf 75' lang='grc' dir='ltr'>νήσεις</span> <span class='ocrx_word' id='word_1_502' title='bbox 1215 1666 1270 1697; x_wconf 75' lang='grc' dir='ltr'>τοῖς</span> <span class='ocrx_word' id='word_1_503' title='bbox 1286 1665 1357 1697; x_wconf 81' lang='grc' dir='ltr'>θεοῖς</span> <span class='ocrx_word' id='word_1_504' title='bbox 1371 1665 1471 1698; x_wconf 75' lang='grc' dir='ltr'>αὐτῶν,</span> <span class='ocrx_word' id='word_1_505' title='bbox 1489 1665 1545 1692; x_wconf 74' lang='grc' dir='ltr'>οὐδ’</span> <span class='ocrx_word' id='word_1_506' title='bbox 1560 1665 1590 1691; x_wconf 80' lang='grc' dir='ltr'>οὐ</span> <span class='ocrx_word' id='word_1_507' title='bbox 1605 1665 1643 1700; x_wconf 79' lang='grc' dir='ltr'>μὴ</span> <span class='ocrx_word' id='word_1_508' title='bbox 1656 1665 1811 1702; x_wconf 82' lang='grc' dir='ltr'>λατρεύσῃς</span> <span class='ocrx_word' id='word_1_509' title='bbox 1831 1665 1904 1693; x_wconf 71' lang='grc' dir='ltr'>κατὰ</span> 
     </span>
    </p>
   </div>
   <div class='ocr_carea' id='block_1_68' title="bbox 263 1711 1056 1749">
    <p class='ocr_par' dir='ltr' id='par_1_68' title="bbox 263 1711 1055 1747">
     <span class='ocr_line' id='line_1_68' title="bbox 263 1711 1055 1747; baseline 0.009 -12"><span class='ocrx_word' id='word_1_510' title='bbox 263 1713 293 1736; x_wconf 89' lang='lat' dir='ltr'><strong>ct</strong></span> <span class='ocrx_word' id='word_1_511' title='bbox 304 1711 474 1738; x_wconf 88' lang='lat' dir='ltr'><strong>conterendo</strong></span> <span class='ocrx_word' id='word_1_512' title='bbox 497 1715 627 1740; x_wconf 89' lang='lat' dir='ltr'><strong>conteres</strong></span> <span class='ocrx_word' id='word_1_513' title='bbox 649 1712 744 1740; x_wconf 87' lang='lat' dir='ltr'><strong>titulos</strong></span> <span class='ocrx_word' id='word_1_514' title='bbox 772 1720 880 1747; x_wconf 82' lang='lat' dir='ltr'><strong>eorum,</strong></span> <span class='ocrx_word' id='word_1_515' title='bbox 900 1718 928 1741; x_wconf 85' lang='lat' dir='ltr'><strong>et</strong></span> <span class='ocrx_word' id='word_1_516' title='bbox 951 1715 1055 1742; x_wconf 79' lang='lat' dir='ltr'><strong>servies</strong></span> 
     </span>
    </p>
   </div>
   <div class='ocr_carea' id='block_1_69' title="bbox 1109 1711 1903 1749">
    <p class='ocr_par' dir='ltr' id='par_1_69' title="bbox 1109 1711 1903 1749">
     <span class='ocr_line' id='line_1_69' title="bbox 1109 1711 1903 1749; baseline 0.006 -12"><span class='ocrx_word' id='word_1_517' title='bbox 1109 1712 1139 1738; x_wconf 82' lang='grc' dir='ltr'>τὰ</span> <span class='ocrx_word' id='word_1_518' title='bbox 1153 1711 1221 1747; x_wconf 75' lang='grc' dir='ltr'>ἔργα</span> <span class='ocrx_word' id='word_1_519' title='bbox 1235 1711 1337 1744; x_wconf 78' lang='grc' dir='ltr'>αὐτῶν,</span> <span class='ocrx_word' id='word_1_520' title='bbox 1352 1712 1419 1738; x_wconf 72' lang='grc' dir='ltr'>ἀλλὰ</span> <span class='ocrx_word' id='word_1_521' title='bbox 1435 1713 1596 1749; x_wconf 70' lang='grc' dir='ltr'>καθαιρέσει</span> <span class='ocrx_word' id='word_1_522' title='bbox 1610 1714 1753 1747; x_wconf 83' lang='grc' dir='ltr'>καθελετς,</span> <span class='ocrx_word' id='word_1_523' title='bbox 1773 1715 1823 1742; x_wconf 75' lang='grc' dir='ltr'><strong>καὶ</strong></span> <span class='ocrx_word' id='word_1_524' title='bbox 1838 1723 1903 1742; x_wconf 79' lang='grc' dir='ltr'>συν-</span> 
     </span>
    </p>
   </div>
   <div class='ocr_carea' id='block_1_70' title="bbox 264 1756 1056 1796">
    <p class='ocr_par' dir='ltr' id='par_1_70' title="bbox 264 1756 1056 1794">
     <span class='ocr_line' id='line_1_70' title="bbox 264 1756 1056 1794; baseline 0.008 -11"><span class='ocrx_word' id='word_1_525' title='bbox 264 1756 380 1784; x_wconf 88' lang='lat' dir='ltr'><strong>Domino</strong></span> <span class='ocrx_word' id='word_1_526' title='bbox 406 1757 462 1786; x_wconf 87' lang='lat' dir='ltr'><strong>Deo</strong></span> <span class='ocrx_word' id='word_1_527' title='bbox 476 1762 541 1790; x_wconf 81' lang='lat' dir='ltr'><strong>tuo;</strong></span> <span class='ocrx_word' id='word_1_528' title='bbox 567 1762 596 1786; x_wconf 90' lang='lat' dir='ltr'><strong>et</strong></span> <span class='ocrx_word' id='word_1_529' title='bbox 620 1758 782 1786; x_wconf 84' lang='lat' dir='ltr'><strong>benedicam</strong></span> <span class='ocrx_word' id='word_1_530' title='bbox 803 1768 901 1794; x_wconf 78' lang='lat' dir='ltr'><strong>panem</strong></span> <span class='ocrx_word' id='word_1_531' title='bbox 926 1766 1056 1794; x_wconf 80' lang='lat' dir='ltr'><strong>tuum,et</strong></span> 
     </span>
    </p>
   </div>
   <div class='ocr_carea' id='block_1_71' title="bbox 1109 1756 1904 1796">
    <p class='ocr_par' dir='ltr' id='par_1_71' title="bbox 1109 1757 1904 1796">
     <span class='ocr_line' id='line_1_71' title="bbox 1109 1757 1904 1796; baseline 0.006 -13"><span class='ocrx_word' id='word_1_532' title='bbox 1109 1757 1206 1792; x_wconf 76' lang='lat' dir='ltr'><strong>rpi6wv</strong></span> <span class='ocrx_word' id='word_1_533' title='bbox 1221 1758 1376 1793; x_wconf 76' lang='grc' dir='ltr'>συντρίψεις</span> <span class='ocrx_word' id='word_1_534' title='bbox 1388 1758 1437 1790; x_wconf 79' lang='grc' dir='ltr'><strong>τὰς</strong></span> <span class='ocrx_word' id='word_1_535' title='bbox 1453 1759 1553 1795; x_wconf 80' lang='grc' dir='ltr'>στήλας</span> <span class='ocrx_word' id='word_1_536' title='bbox 1565 1760 1666 1792; x_wconf 80' lang='grc' dir='ltr'>αὐτῶν,</span> <span class='ocrx_word' id='word_1_537' title='bbox 1679 1761 1726 1788; x_wconf 82' lang='grc' dir='ltr'>καὶ</span> <span class='ocrx_word' id='word_1_538' title='bbox 1741 1761 1904 1796; x_wconf 81' lang='grc' dir='ltr'>λατρεύσεις</span> 
     </span>
    </p>
   </div>
   <div class='ocr_carea' id='block_1_72' title="bbox 263 1801 1056 1843">
    <p class='ocr_par' dir='ltr' id='par_1_72' title="bbox 263 1801 1056 1838">
     <span class='ocr_line' id='line_1_72' title="bbox 263 1801 1056 1838; baseline 0.006 -10"><span class='ocrx_word' id='word_1_539' title='bbox 263 1801 360 1828; x_wconf 80' lang='lat' dir='ltr'><strong>vinum</strong></span> <span class='ocrx_word' id='word_1_540' title='bbox 375 1806 462 1835; x_wconf 90' lang='lat' dir='ltr'><strong>tuum,</strong></span> <span class='ocrx_word' id='word_1_541' title='bbox 477 1808 505 1831; x_wconf 87' lang='lat' dir='ltr'><strong>et</strong></span> <span class='ocrx_word' id='word_1_542' title='bbox 515 1811 614 1838; x_wconf 87' lang='lat' dir='ltr'><strong>aquam</strong></span> <span class='ocrx_word' id='word_1_543' title='bbox 637 1808 723 1837; x_wconf 90' lang='lat' dir='ltr'><strong>tuam,</strong></span> <span class='ocrx_word' id='word_1_544' title='bbox 741 1809 769 1832; x_wconf 90' lang='lat' dir='ltr'><strong>et</strong></span> <span class='ocrx_word' id='word_1_545' title='bbox 779 1809 901 1832; x_wconf 75' lang='lat' dir='ltr'><strong>avertam</strong></span> <span class='ocrx_word' id='word_1_546' title='bbox 911 1806 1056 1834; x_wconf 78' lang='lat' dir='ltr'><strong>inﬁrmita-</strong></span> 
     </span>
    </p>
   </div>
   <div class='ocr_carea' id='block_1_73' title="bbox 1109 1801 1904 1843">
    <p class='ocr_par' dir='ltr' id='par_1_73' title="bbox 1109 1803 1904 1843">
     <span class='ocr_line' id='line_1_73' title="bbox 1109 1803 1904 1843; baseline 0.005 -12"><span class='ocrx_word' id='word_1_547' title='bbox 1109 1803 1202 1839; x_wconf 81' lang='grc' dir='ltr'>Κυρίῳ</span> <span class='ocrx_word' id='word_1_548' title='bbox 1217 1804 1257 1839; x_wconf 82' lang='grc' dir='ltr'>τῷ</span> <span class='ocrx_word' id='word_1_549' title='bbox 1272 1805 1330 1840; x_wconf 85' lang='grc' dir='ltr'><strong>Θεῷ</strong></span> <span class='ocrx_word' id='word_1_550' title='bbox 1354 1813 1401 1832; x_wconf 84' lang='grc' dir='ltr'><strong>σου</strong></span> <span class='ocrx_word' id='word_1_551' title='bbox 1415 1826 1422 1837; x_wconf 91' lang='grc'><em>,</em></span> <span class='ocrx_word' id='word_1_552' title='bbox 1446 1806 1493 1832; x_wconf 84' lang='grc' dir='ltr'>καὶ</span> <span class='ocrx_word' id='word_1_553' title='bbox 1515 1807 1656 1842; x_wconf 78' lang='grc' dir='ltr'>εὐλογήσω</span> <span class='ocrx_word' id='word_1_554' title='bbox 1676 1807 1722 1834; x_wconf 68' lang='grc' dir='ltr'>τὸν</span> <span class='ocrx_word' id='word_1_555' title='bbox 1737 1807 1821 1843; x_wconf 80' lang='grc' dir='ltr'>ἄρτον</span> <span class='ocrx_word' id='word_1_556' title='bbox 1841 1817 1904 1840; x_wconf 86' lang='grc' dir='ltr'>σου,</span> 
     </span>
    </p>
   </div>
   <div class='ocr_carea' id='block_1_74' title="bbox 264 1849 1056 1889">
    <p class='ocr_par' dir='ltr' id='par_1_74' title="bbox 264 1849 1053 1888">
     <span class='ocr_line' id='line_1_74' title="bbox 264 1849 1053 1888; baseline 0.009 -14"><span class='ocrx_word' id='word_1_557' title='bbox 264 1851 319 1874; x_wconf 77' lang='lat' dir='ltr'><strong>tem</strong></span> <span class='ocrx_word' id='word_1_558' title='bbox 337 1856 352 1876; x_wconf 93' lang='lat' dir='ltr'><strong>a</strong></span> <span class='ocrx_word' id='word_1_559' title='bbox 372 1849 468 1882; x_wconf 84' lang='lat' dir='ltr'><strong>vobis;</strong></span> <span class='ocrx_word' id='word_1_560' title='bbox 492 1857 547 1877; x_wconf 90' lang='lat' dir='ltr'><strong>non</strong></span> <span class='ocrx_word' id='word_1_561' title='bbox 564 1850 618 1878; x_wconf 93' lang='lat' dir='ltr'><strong>erit</strong></span> <span class='ocrx_word' id='word_1_562' title='bbox 639 1850 785 1879; x_wconf 82' lang='lat' dir='ltr'><strong>infecunda</strong></span> <span class='ocrx_word' id='word_1_563' title='bbox 799 1860 889 1888; x_wconf 80' lang='lat' dir='ltr'><strong>neque</strong></span> <span class='ocrx_word' id='word_1_564' title='bbox 911 1854 1014 1881; x_wconf 84' lang='lat' dir='ltr'><strong>sterilis</strong></span> <span class='ocrx_word' id='word_1_565' title='bbox 1027 1854 1053 1881; x_wconf 84' lang='lat' dir='ltr'><strong>in</strong></span> 
     </span>
    </p>
   </div>
   <div class='ocr_carea' id='block_1_75' title="bbox 1109 1849 1905 1889">
    <p class='ocr_par' dir='ltr' id='par_1_75' title="bbox 1109 1849 1905 1889">
     <span class='ocr_line' id='line_1_75' title="bbox 1109 1849 1905 1889; baseline 0.005 -13"><span class='ocrx_word' id='word_1_566' title='bbox 1109 1850 1154 1876; x_wconf 78' lang='grc' dir='ltr'>καὶ</span> <span class='ocrx_word' id='word_1_567' title='bbox 1167 1850 1213 1877; x_wconf 67' lang='grc' dir='ltr'><strong>τὸν</strong></span> <span class='ocrx_word' id='word_1_568' title='bbox 1230 1849 1300 1878; x_wconf 78' lang='grc' dir='ltr'>οἶνόν</span> <span class='ocrx_word' id='word_1_569' title='bbox 1318 1859 1364 1878; x_wconf 87' lang='grc' dir='ltr'><strong>σου</strong></span> <span class='ocrx_word' id='word_1_570' title='bbox 1379 1871 1386 1882; x_wconf 82' lang='grc'>,</span> <span class='ocrx_word' id='word_1_571' title='bbox 1399 1852 1445 1878; x_wconf 73' lang='grc' dir='ltr'><strong>καὶ</strong></span> <span class='ocrx_word' id='word_1_572' title='bbox 1459 1851 1490 1878; x_wconf 77' lang='grc' dir='ltr'><strong>τὸ</strong></span> <span class='ocrx_word' id='word_1_573' title='bbox 1505 1852 1577 1887; x_wconf 76' lang='grc' dir='ltr'>ὕδωρ</span> <span class='ocrx_word' id='word_1_574' title='bbox 1594 1861 1640 1879; x_wconf 83' lang='grc' dir='ltr'><strong>σου</strong></span> <span class='ocrx_word' id='word_1_575' title='bbox 1652 1860 1660 1868; x_wconf 78' lang='grc' dir='ltr'><strong>ο</strong></span> <span class='ocrx_word' id='word_1_576' title='bbox 1677 1853 1724 1880; x_wconf 79' lang='grc' dir='ltr'>καὶ</span> <span class='ocrx_word' id='word_1_577' title='bbox 1735 1853 1905 1889; x_wconf 63' lang='grc' dir='ltr'>ἀποστρέψω</span> 
     </span>
    </p>
   </div>
   <div class='ocr_carea' id='block_1_76' title="bbox 264 1894 1056 1936">
    <p class='ocr_par' dir='ltr' id='par_1_76' title="bbox 264 1894 1051 1932">
     <span class='ocr_line' id='line_1_76' title="bbox 264 1894 1051 1932; baseline 0.009 -13"><span class='ocrx_word' id='word_1_578' title='bbox 264 1896 337 1920; x_wconf 89' lang='lat' dir='ltr'><strong>terra</strong></span> <span class='ocrx_word' id='word_1_579' title='bbox 351 1897 407 1927; x_wconf 88' lang='lat' dir='ltr'><strong>tua,</strong></span> <span class='ocrx_word' id='word_1_580' title='bbox 425 1894 573 1922; x_wconf 83' lang='lat' dir='ltr'><strong>numerum</strong></span> <span class='ocrx_word' id='word_1_581' title='bbox 596 1895 706 1923; x_wconf 90' lang='lat' dir='ltr'><strong>dierum</strong></span> <span class='ocrx_word' id='word_1_582' title='bbox 729 1900 839 1924; x_wconf 92' lang='lat' dir='ltr'><strong>tuorum</strong></span> <span class='ocrx_word' id='word_1_583' title='bbox 863 1898 981 1932; x_wconf 67' lang='lat' dir='ltr'><strong>explebo</strong></span> <span class='ocrx_word' id='word_1_584' title='bbox 992 1899 1024 1926; x_wconf 85' lang='lat'>&quot;.</span> <span class='ocrx_word' id='word_1_585' title='bbox 1042 1908 1051 1925; x_wconf 71' lang='grc' dir='ltr'><strong>ι</strong></span> 
     </span>
    </p>
   </div>
   <div class='ocr_carea' id='block_1_77' title="bbox 1109 1894 1902 1936">
    <p class='ocr_par' dir='ltr' id='par_1_77' title="bbox 1109 1897 1902 1936">
     <span class='ocr_line' id='line_1_77' title="bbox 1109 1897 1902 1936; baseline 0.004 -12"><span class='ocrx_word' id='word_1_586' title='bbox 1109 1897 1245 1932; x_wconf 76' lang='grc' dir='ltr'>μαλακίαν</span> <span class='ocrx_word' id='word_1_587' title='bbox 1261 1898 1308 1932; x_wconf 72' lang='grc' dir='ltr'>ἀφ’</span> <span class='ocrx_word' id='word_1_588' title='bbox 1336 1897 1414 1933; x_wconf 82' lang='grc' dir='ltr'>ὑμῶν</span> <span class='ocrx_word' id='word_1_589' title='bbox 1424 1907 1430 1914; x_wconf 89' lang='grc'>·</span> <span class='ocrx_word' id='word_1_590' title='bbox 1447 1898 1497 1925; x_wconf 75' lang='grc' dir='ltr'>οὐκ</span> <span class='ocrx_word' id='word_1_591' title='bbox 1515 1898 1591 1925; x_wconf 79' lang='grc' dir='ltr'>ἔσται</span> <span class='ocrx_word' id='word_1_592' title='bbox 1611 1898 1718 1933; x_wconf 82' lang='grc' dir='ltr'>ἄγονος,</span> <span class='ocrx_word' id='word_1_593' title='bbox 1731 1899 1791 1927; x_wconf 81' lang='grc' dir='ltr'>οὐδὲ</span> <span class='ocrx_word' id='word_1_594' title='bbox 1806 1902 1902 1936; x_wconf 76' lang='grc' dir='ltr'>στεῖρα</span> 
     </span>
    </p>
   </div>
   <div class='ocr_carea' id='block_1_78' title="bbox 263 1938 1054 1977">
    <p class='ocr_par' dir='ltr' id='par_1_78' title="bbox 263 1938 1054 1977">
     <span class='ocr_line' id='line_1_78' title="bbox 263 1938 1054 1977; baseline 0.008 -11"><span class='ocrx_word' id='word_1_595' title='bbox 263 1938 358 1974; x_wconf 88' lang='lat' dir='ltr'><strong>Neque</strong></span> <span class='ocrx_word' id='word_1_596' title='bbox 379 1940 453 1967; x_wconf 89' lang='lat' dir='ltr'><strong>enim</strong></span> <span class='ocrx_word' id='word_1_597' title='bbox 469 1945 512 1968; x_wconf 88' lang='lat' dir='ltr'><strong>cst</strong></span> <span class='ocrx_word' id='word_1_598' title='bbox 521 1940 682 1975; x_wconf 84' lang='lat' dir='ltr'><strong>obscurum,</strong></span> <span class='ocrx_word' id='word_1_599' title='bbox 703 1942 771 1977; x_wconf 88' lang='lat' dir='ltr'><strong>quin</strong></span> <span class='ocrx_word' id='word_1_600' title='bbox 797 1942 958 1971; x_wconf 90' lang='lat' dir='ltr'><strong>hominibus</strong></span> <span class='ocrx_word' id='word_1_601' title='bbox 980 1944 1054 1973; x_wconf 83' lang='lat' dir='ltr'><strong>bene</strong></span> 
     </span>
    </p>
   </div>
   <div class='ocr_carea' id='block_1_79' title="bbox 263 1986 1054 2023">
    <p class='ocr_par' dir='ltr' id='par_1_79' title="bbox 263 1986 1054 2023">
     <span class='ocr_line' id='line_1_79' title="bbox 263 1986 1054 2023; baseline 0.008 -10"><span class='ocrx_word' id='word_1_602' title='bbox 263 1986 444 2018; x_wconf 83' lang='lat' dir='ltr'><strong>conﬁrmatis.</strong></span> <span class='ocrx_word' id='word_1_603' title='bbox 461 1991 489 2014; x_wconf 92' lang='lat' dir='ltr'><strong>et</strong></span> <span class='ocrx_word' id='word_1_604' title='bbox 506 1995 540 2014; x_wconf 74' lang='lat' dir='ltr'><strong>ex</strong></span> <span class='ocrx_word' id='word_1_605' title='bbox 560 1988 665 2023; x_wconf 78' lang='lat' dir='ltr'><strong>integra</strong></span> <span class='ocrx_word' id='word_1_606' title='bbox 677 1993 769 2017; x_wconf 89' lang='lat' dir='ltr'><strong>mente</strong></span> <span class='ocrx_word' id='word_1_607' title='bbox 789 1989 983 2018; x_wconf 84' lang='lat' dir='ltr'><strong>universorum</strong></span> <span class='ocrx_word' id='word_1_608' title='bbox 997 1991 1054 2019; x_wconf 86' lang='lat' dir='ltr'><strong>Deo</strong></span> 
     </span>
    </p>
   </div>
   <div class='ocr_carea' id='block_1_80' title="bbox 263 2031 1054 2072">
    <p class='ocr_par' dir='ltr' id='par_1_80' title="bbox 263 2031 1054 2072">
     <span class='ocr_line' id='line_1_80' title="bbox 263 2031 1054 2072; baseline 0.009 -14"><span class='ocrx_word' id='word_1_609' title='bbox 263 2031 374 2065; x_wconf 87' lang='lat' dir='ltr'><strong>deditis,</strong></span> <span class='ocrx_word' id='word_1_610' title='bbox 392 2036 476 2068; x_wconf 81' lang='lat' dir='ltr'><strong>atque</strong></span> <span class='ocrx_word' id='word_1_611' title='bbox 501 2033 563 2068; x_wconf 82' lang='lat' dir='ltr'><strong>ejus</strong></span> <span class='ocrx_word' id='word_1_612' title='bbox 581 2034 622 2061; x_wconf 86' lang='lat' dir='ltr'><strong>rei</strong></span> <span class='ocrx_word' id='word_1_613' title='bbox 643 2034 830 2063; x_wconf 88' lang='lat' dir='ltr'><strong>certissimum</strong></span> <span class='ocrx_word' id='word_1_614' title='bbox 859 2041 1054 2072; x_wconf 76' lang='lat' dir='ltr'><strong>argumentum</strong></span> 
     </span>
    </p>
   </div>
   <div class='ocr_carea' id='block_1_81' title="bbox 263 2079 1053 2117">
    <p class='ocr_par' dir='ltr' id='par_1_81' title="bbox 263 2079 1053 2117">
     <span class='ocr_line' id='line_1_81' title="bbox 263 2079 1053 2117; baseline 0.009 -13"><span class='ocrx_word' id='word_1_615' title='bbox 263 2079 386 2114; x_wconf 77' lang='lat' dir='ltr'><strong>praebere</strong></span> <span class='ocrx_word' id='word_1_616' title='bbox 404 2079 590 2113; x_wconf 82' lang='lat' dir='ltr'><strong>studentibus,</strong></span> <span class='ocrx_word' id='word_1_617' title='bbox 609 2080 739 2116; x_wconf 87' lang='lat' dir='ltr'><strong>idipsum,</strong></span> <span class='ocrx_word' id='word_1_618' title='bbox 757 2082 830 2117; x_wconf 89' lang='lat' dir='ltr'><strong>quod</strong></span> <span class='ocrx_word' id='word_1_619' title='bbox 851 2090 913 2110; x_wconf 89' lang='lat' dir='ltr'><strong>aras</strong></span> <span class='ocrx_word' id='word_1_620' title='bbox 928 2087 957 2110; x_wconf 89' lang='lat' dir='ltr'><strong>et</strong></span> <span class='ocrx_word' id='word_1_621' title='bbox 985 2083 1053 2111; x_wconf 90' lang='lat' dir='ltr'><strong>titu-</strong></span> 
     </span>
    </p>
   </div>
   <div class='ocr_carea' id='block_1_82' title="bbox 262 2123 1054 2164">
    <p class='ocr_par' dir='ltr' id='par_1_82' title="bbox 262 2123 1054 2164">
     <span class='ocr_line' id='line_1_82' title="bbox 262 2123 1054 2164; baseline 0.01 -14"><span class='ocrx_word' id='word_1_622' title='bbox 262 2123 314 2157; x_wconf 87' lang='lat' dir='ltr'><strong>los,</strong></span> <span class='ocrx_word' id='word_1_623' title='bbox 330 2128 358 2151; x_wconf 92' lang='lat' dir='ltr'><strong>et</strong></span> <span class='ocrx_word' id='word_1_624' title='bbox 373 2124 479 2152; x_wconf 86' lang='lat' dir='ltr'><strong>ludicra</strong></span> <span class='ocrx_word' id='word_1_625' title='bbox 492 2125 636 2153; x_wconf 92' lang='lat' dir='ltr'><strong>hominum</strong></span> <span class='ocrx_word' id='word_1_626' title='bbox 653 2131 744 2155; x_wconf 89' lang='lat' dir='ltr'><strong>mente</strong></span> <span class='ocrx_word' id='word_1_627' title='bbox 761 2133 958 2164; x_wconf 88' lang='lat' dir='ltr'><strong>corruptorum</strong></span> <span class='ocrx_word' id='word_1_628' title='bbox 975 2137 1054 2158; x_wconf 80' lang='lat' dir='ltr'><strong>ever-</strong></span> 
     </span>
    </p>
   </div>
   <div class='ocr_carea' id='block_1_83' title="bbox 262 2170 880 2206">
    <p class='ocr_par' dir='ltr' id='par_1_83' title="bbox 262 2170 880 2206">
     <span class='ocr_line' id='line_1_83' title="bbox 262 2170 880 2206; baseline 0.006 -8"><span class='ocrx_word' id='word_1_629' title='bbox 262 2173 335 2204; x_wconf 83' lang='lat' dir='ltr'><strong>tunt,</strong></span> <span class='ocrx_word' id='word_1_630' title='bbox 351 2170 445 2198; x_wconf 82' lang='lat' dir='ltr'><strong>divina</strong></span> <span class='ocrx_word' id='word_1_631' title='bbox 462 2171 498 2199; x_wconf 88' lang='lat' dir='ltr'><strong>sit</strong></span> <span class='ocrx_word' id='word_1_632' title='bbox 510 2171 565 2199; x_wconf 85' lang='lat' dir='ltr'><strong>illis</strong></span> <span class='ocrx_word' id='word_1_633' title='bbox 576 2173 649 2200; x_wconf 81' lang='lat' dir='ltr'><strong>dona</strong></span> <span class='ocrx_word' id='word_1_634' title='bbox 657 2174 880 2206; x_wconf 86' lang='lat' dir='ltr'><strong>conciliaturum.</strong></span> 
     </span>
    </p>
   </div>
   <div class='ocr_carea' id='block_1_84' title="bbox 235 2308 577 2346">
    <p class='ocr_par' dir='ltr' id='par_1_84' title="bbox 235 2308 577 2346">
     <span class='ocr_line' id='line_1_84' title="bbox 235 2308 577 2346; baseline 0.006 -10"><span class='ocrx_word' id='word_1_635' title='bbox 235 2341 239 2346; x_wconf 48' lang='grc'>,</span> <span class='ocrx_word' id='word_1_636' title='bbox 295 2308 393 2337; x_wconf 85' lang='lat' dir='ltr'><strong>PALL.</strong></span> <span class='ocrx_word' id='word_1_637' title='bbox 409 2309 510 2337; x_wconf 84' lang='lat' dir='ltr'><strong>Verum</strong></span> <span class='ocrx_word' id='word_1_638' title='bbox 527 2314 577 2338; x_wconf 91' lang='lat' dir='ltr'><strong>est.</strong></span> 
     </span>
    </p>
   </div>
   <div class='ocr_carea' id='block_1_85' title="bbox 295 2354 1050 2388">
    <p class='ocr_par' dir='ltr' id='par_1_85' title="bbox 295 2354 1050 2388">
     <span class='ocr_line' id='line_1_85' title="bbox 295 2354 1050 2388; baseline 0.009 -7"><span class='ocrx_word' id='word_1_639' title='bbox 295 2354 373 2382; x_wconf 81' lang='lat' dir='ltr'><strong>CYR.</strong></span> <span class='ocrx_word' id='word_1_640' title='bbox 384 2355 463 2387; x_wconf 86' lang='lat' dir='ltr'><strong>Nam,</strong></span> <span class='ocrx_word' id='word_1_641' title='bbox 474 2357 497 2383; x_wconf 89' lang='lat' dir='ltr'><strong>si</strong></span> <span class='ocrx_word' id='word_1_642' title='bbox 509 2363 591 2384; x_wconf 87' lang='lat' dir='ltr'><strong>manu</strong></span> <span class='ocrx_word' id='word_1_643' title='bbox 603 2355 734 2385; x_wconf 82' lang='lat' dir='ltr'><strong>fabricata</strong></span> <span class='ocrx_word' id='word_1_644' title='bbox 751 2358 896 2386; x_wconf 87' lang='lat' dir='ltr'><strong>simulacra</strong></span> <span class='ocrx_word' id='word_1_645' title='bbox 905 2359 1050 2388; x_wconf 80' lang='lat' dir='ltr'><strong>destruxe-</strong></span> 
     </span>
    </p>
   </div>
   <div class='ocr_carea' id='block_1_86' title="bbox 260 2399 1048 2441">
    <p class='ocr_par' dir='ltr' id='par_1_86' title="bbox 260 2399 1048 2441">
     <span class='ocr_line' id='line_1_86' title="bbox 260 2399 1048 2441; baseline 0.009 -14"><span class='ocrx_word' id='word_1_646' title='bbox 260 2399 310 2433; x_wconf 87' lang='lat' dir='ltr'><strong>ris,</strong></span> <span class='ocrx_word' id='word_1_647' title='bbox 327 2401 426 2436; x_wconf 88' lang='lat' dir='ltr'><strong>inquit,</strong></span> <span class='ocrx_word' id='word_1_648' title='bbox 441 2409 473 2428; x_wconf 87' lang='lat' dir='ltr'><strong>ac</strong></span> <span class='ocrx_word' id='word_1_649' title='bbox 485 2402 541 2429; x_wconf 90' lang='lat' dir='ltr'><strong>Deo</strong></span> <span class='ocrx_word' id='word_1_650' title='bbox 551 2402 680 2430; x_wconf 85' lang='lat' dir='ltr'><strong>servieris</strong></span> <span class='ocrx_word' id='word_1_651' title='bbox 692 2411 783 2431; x_wconf 85' lang='lat' dir='ltr'><strong>mores</strong></span> <span class='ocrx_word' id='word_1_652' title='bbox 794 2403 901 2432; x_wconf 93' lang='lat' dir='ltr'><strong>illorum</strong></span> <span class='ocrx_word' id='word_1_653' title='bbox 924 2413 1048 2441; x_wconf 78' lang='lat' dir='ltr'><strong>perosus,</strong></span> 
     </span>
    </p>
   </div>
   <div class='ocr_carea' id='block_1_87' title="bbox 1067 2287 1090 2314">
    <p class='ocr_par' dir='ltr' id='par_1_87' title="bbox 1067 2287 1090 2314">
     <span class='ocr_line' id='line_1_87' title="bbox 1067 2287 1090 2314; baseline 0 0"><span class='ocrx_word' id='word_1_654' title='bbox 1067 2287 1090 2314; x_wconf 84' lang='grc' dir='ltr'><strong>Ι)</strong></span> 
     </span>
    </p>
   </div>
   <div class='ocr_carea' id='block_1_88' title="bbox 1106 1944 1902 1982">
    <p class='ocr_par' dir='ltr' id='par_1_88' title="bbox 1106 1944 1902 1982">
     <span class='ocr_line' id='line_1_88' title="bbox 1106 1944 1902 1982; baseline 0.005 -12"><span class='ocrx_word' id='word_1_655' title='bbox 1106 1944 1152 1970; x_wconf 75' lang='grc' dir='ltr'><strong>ἐπὶ</strong></span> <span class='ocrx_word' id='word_1_656' title='bbox 1169 1944 1219 1979; x_wconf 86' lang='grc' dir='ltr'>τῆς</span> <span class='ocrx_word' id='word_1_657' title='bbox 1241 1944 1293 1979; x_wconf 81' lang='grc' dir='ltr'>γῆς</span> <span class='ocrx_word' id='word_1_658' title='bbox 1318 1953 1384 1976; x_wconf 86' lang='grc' dir='ltr'>σου,</span> <span class='ocrx_word' id='word_1_659' title='bbox 1413 1944 1459 1971; x_wconf 72' lang='grc' dir='ltr'><strong>τὸν</strong></span> <span class='ocrx_word' id='word_1_660' title='bbox 1482 1944 1601 1980; x_wconf 73' lang='grc' dir='ltr'>ἀριθμὸν</span> <span class='ocrx_word' id='word_1_661' title='bbox 1630 1945 1685 1972; x_wconf 87' lang='grc' dir='ltr'>τῶν</span> <span class='ocrx_word' id='word_1_662' title='bbox 1710 1946 1823 1982; x_wconf 80' lang='grc' dir='ltr'>ἡμερῶν</span> <span class='ocrx_word' id='word_1_663' title='bbox 1851 1955 1902 1974; x_wconf 85' lang='grc' dir='ltr'><strong>σου</strong></span> 
     </span>
    </p>
   </div>
   <div class='ocr_carea' id='block_1_89' title="bbox 1105 1990 1902 2028">
    <p class='ocr_par' dir='ltr' id='par_1_89' title="bbox 1105 1990 1902 2028">
     <span class='ocr_line' id='line_1_89' title="bbox 1105 1990 1902 2028; baseline 0.003 -10"><span class='ocrx_word' id='word_1_664' title='bbox 1105 1990 1309 2027; x_wconf 83' lang='grc' dir='ltr'>ἁναπληρῶσω.</span> <span class='ocrx_word' id='word_1_665' title='bbox 1333 2001 1342 2018; x_wconf 76' lang='grc' dir='ltr'><strong><em>ι</em></strong></span> <span class='ocrx_word' id='word_1_666' title='bbox 1362 1992 1440 2018; x_wconf 84' lang='grc' dir='ltr'>Ἔστι</span> <span class='ocrx_word' id='word_1_667' title='bbox 1455 1992 1509 2027; x_wconf 86' lang='grc' dir='ltr'><strong>γὰρ</strong></span> <span class='ocrx_word' id='word_1_668' title='bbox 1526 1992 1577 2018; x_wconf 71' lang='grc' dir='ltr'><strong>οὐκ</strong></span> <span class='ocrx_word' id='word_1_669' title='bbox 1593 1993 1764 2028; x_wconf 73' lang='grc' dir='ltr'>ἀσυμφανὲς,</span> <span class='ocrx_word' id='word_1_670' title='bbox 1781 1993 1820 2026; x_wconf 79' lang='grc' dir='ltr'><strong>ὡς</strong></span> <span class='ocrx_word' id='word_1_671' title='bbox 1841 1995 1902 2025; x_wconf 74' lang='grc' dir='ltr'>τοῖς</span> 
     </span>
    </p>
   </div>
   <div class='ocr_carea' id='block_1_90' title="bbox 1105 2036 1902 2074">
    <p class='ocr_par' dir='ltr' id='par_1_90' title="bbox 1105 2036 1902 2074">
     <span class='ocr_line' id='line_1_90' title="bbox 1105 2036 1902 2074; baseline 0.005 -12"><span class='ocrx_word' id='word_1_672' title='bbox 1105 2036 1176 2070; x_wconf 80' lang='grc' dir='ltr'>ἄγαν</span> <span class='ocrx_word' id='word_1_673' title='bbox 1194 2037 1402 2072; x_wconf 70' lang='grc' dir='ltr'>ὲρηρεισμένοις</span> <span class='ocrx_word' id='word_1_674' title='bbox 1425 2037 1472 2063; x_wconf 81' lang='grc' dir='ltr'><strong>καὶ</strong></span> <span class='ocrx_word' id='word_1_675' title='bbox 1487 2037 1518 2069; x_wconf 68' lang='grc' dir='ltr'>ἐξ</span> <span class='ocrx_word' id='word_1_676' title='bbox 1532 2037 1625 2072; x_wconf 71' lang='grc' dir='ltr'>ὑγιοῦς</span> <span class='ocrx_word' id='word_1_677' title='bbox 1646 2038 1764 2070; x_wconf 77' lang='grc' dir='ltr'>διανοίας</span> <span class='ocrx_word' id='word_1_678' title='bbox 1781 2039 1820 2074; x_wconf 83' lang='grc' dir='ltr'>τῷ</span> <span class='ocrx_word' id='word_1_679' title='bbox 1844 2039 1902 2066; x_wconf 78' lang='grc' dir='ltr'>τῶν</span> 
     </span>
    </p>
   </div>
   <div class='ocr_carea' id='block_1_91' title="bbox 1105 2081 1900 2120">
    <p class='ocr_par' dir='ltr' id='par_1_91' title="bbox 1105 2081 1900 2120">
     <span class='ocr_line' id='line_1_91' title="bbox 1105 2081 1900 2120; baseline 0.004 -12"><span class='ocrx_word' id='word_1_680' title='bbox 1105 2081 1174 2108; x_wconf 74' lang='grc' dir='ltr'>ὅλων</span> <span class='ocrx_word' id='word_1_681' title='bbox 1201 2082 1259 2117; x_wconf 86' lang='grc' dir='ltr'><strong>Θεῷ</strong></span> <span class='ocrx_word' id='word_1_682' title='bbox 1284 2083 1492 2118; x_wconf 74' lang='grc' dir='ltr'>προσκειμένοις</span> <span class='ocrx_word' id='word_1_683' title='bbox 1508 2102 1516 2115; x_wconf 83' lang='lat'><strong>,</strong></span> <span class='ocrx_word' id='word_1_684' title='bbox 1539 2083 1676 2117; x_wconf 79' lang='grc' dir='ltr'>ἀπόδειξίν</span> <span class='ocrx_word' id='word_1_685' title='bbox 1700 2093 1729 2111; x_wconf 86' lang='grc' dir='ltr'><strong>τε</strong></span> <span class='ocrx_word' id='word_1_686' title='bbox 1753 2084 1800 2111; x_wconf 83' lang='grc' dir='ltr'><strong>τοῦ</strong></span> <span class='ocrx_word' id='word_1_687' title='bbox 1826 2085 1900 2120; x_wconf 71' lang='grc' dir='ltr'><strong>πρά-</strong></span> 
     </span>
    </p>
   </div>
   <div class='ocr_carea' id='block_1_92' title="bbox 1106 2128 1901 2165">
    <p class='ocr_par' dir='ltr' id='par_1_92' title="bbox 1106 2128 1901 2165">
     <span class='ocr_line' id='line_1_92' title="bbox 1106 2128 1901 2165; baseline 0.004 -11"><span class='ocrx_word' id='word_1_688' title='bbox 1106 2136 1210 2163; x_wconf 87' lang='grc' dir='ltr'>γματος</span> <span class='ocrx_word' id='word_1_689' title='bbox 1227 2128 1329 2163; x_wconf 74' lang='grc' dir='ltr'>ἔναργῆ</span> <span class='ocrx_word' id='word_1_690' title='bbox 1355 2128 1490 2155; x_wconf 83' lang='grc' dir='ltr'>ποιεῖσθαι</span> <span class='ocrx_word' id='word_1_691' title='bbox 1518 2129 1719 2165; x_wconf 65' lang='grc' dir='ltr'>μεμελετηκότι</span> <span class='ocrx_word' id='word_1_692' title='bbox 1733 2150 1741 2162; x_wconf 89' lang='lat'><strong>,</strong></span> <span class='ocrx_word' id='word_1_693' title='bbox 1756 2130 1787 2156; x_wconf 80' lang='grc' dir='ltr'><strong>τὺ</strong></span> <span class='ocrx_word' id='word_1_694' title='bbox 1809 2139 1901 2158; x_wconf 79' lang='grc' dir='ltr'>κατα-</span> 
     </span>
    </p>
   </div>
   <div class='ocr_carea' id='block_1_93' title="bbox 1106 2174 1897 2212">
    <p class='ocr_par' dir='ltr' id='par_1_93' title="bbox 1106 2174 1897 2212">
     <span class='ocr_line' id='line_1_93' title="bbox 1106 2174 1897 2212; baseline 0.004 -12"><span class='ocrx_word' id='word_1_695' title='bbox 1106 2174 1189 2201; x_wconf 78' lang='grc' dir='ltr'>σείειν</span> <span class='ocrx_word' id='word_1_696' title='bbox 1204 2174 1314 2210; x_wconf 80' lang='grc' dir='ltr'>βωμοΰς</span> <span class='ocrx_word' id='word_1_697' title='bbox 1336 2183 1365 2201; x_wconf 90' lang='grc' dir='ltr'><strong>τε</strong></span> <span class='ocrx_word' id='word_1_698' title='bbox 1383 2174 1430 2201; x_wconf 69' lang='grc' dir='ltr'><strong>καὶ</strong></span> <span class='ocrx_word' id='word_1_699' title='bbox 1449 2175 1562 2210; x_wconf 83' lang='grc' dir='ltr'>στήλας,</span> <span class='ocrx_word' id='word_1_700' title='bbox 1580 2175 1626 2202; x_wconf 73' lang='grc' dir='ltr'>καὶ</span> <span class='ocrx_word' id='word_1_701' title='bbox 1638 2175 1793 2211; x_wconf 81' lang='grc' dir='ltr'>ἀνθρώπων</span> <span class='ocrx_word' id='word_1_702' title='bbox 1812 2176 1897 2212; x_wconf 54' lang='lat' dir='ltr'><strong>eos,»</strong></span> 
     </span>
    </p>
   </div>
   <div class='ocr_carea' id='block_1_94' title="bbox 1106 2219 1899 2259">
    <p class='ocr_par' dir='ltr' id='par_1_94' title="bbox 1106 2219 1899 2259">
     <span class='ocr_line' id='line_1_94' title="bbox 1106 2219 1899 2259; baseline 0.006 -14"><span class='ocrx_word' id='word_1_703' title='bbox 1106 2228 1180 2255; x_wconf 82' lang='grc' dir='ltr'>ματα</span> <span class='ocrx_word' id='word_1_704' title='bbox 1195 2219 1434 2255; x_wconf 83' lang='grc' dir='ltr'>παρεφθαρμένων</span> <span class='ocrx_word' id='word_1_705' title='bbox 1450 2219 1494 2247; x_wconf 75' lang='grc' dir='ltr'><strong>τὸν</strong></span> <span class='ocrx_word' id='word_1_706' title='bbox 1512 2220 1592 2253; x_wconf 82' lang='grc' dir='ltr'>νοῦν,</span> <span class='ocrx_word' id='word_1_707' title='bbox 1617 2220 1698 2248; x_wconf 85' lang='grc' dir='ltr'>θείων</span> <span class='ocrx_word' id='word_1_708' title='bbox 1723 2221 1801 2249; x_wconf 77' lang='grc' dir='ltr'>ἔσται</span> <span class='ocrx_word' id='word_1_709' title='bbox 1820 2231 1899 2259; x_wconf 84' lang='grc' dir='ltr'>χαρι-</span> 
     </span>
    </p>
   </div>
   <div class='ocr_carea' id='block_1_95' title="bbox 1106 2265 1378 2301">
    <p class='ocr_par' dir='ltr' id='par_1_95' title="bbox 1106 2265 1378 2301">
     <span class='ocr_line' id='line_1_95' title="bbox 1106 2265 1378 2301; baseline 0.007 -10"><span class='ocrx_word' id='word_1_710' title='bbox 1106 2265 1219 2300; x_wconf 84' lang='grc' dir='ltr'>σμάτων</span> <span class='ocrx_word' id='word_1_711' title='bbox 1236 2265 1378 2301; x_wconf 80' lang='grc' dir='ltr'>πρόξενον.</span> 
     </span>
    </p>
   </div>
   <div class='ocr_carea' id='block_1_96' title="bbox 1140 2311 1393 2346">
    <p class='ocr_par' dir='ltr' id='par_1_96' title="bbox 1140 2311 1393 2346">
     <span class='ocr_line' id='line_1_96' title="bbox 1140 2311 1393 2346; baseline 0.004 -8"><span class='ocrx_word' id='word_1_712' title='bbox 1140 2311 1245 2339; x_wconf 66' lang='lat' dir='ltr'><strong>nam.</strong></span> <span class='ocrx_word' id='word_1_713' title='bbox 1270 2311 1393 2346; x_wconf 76' lang='grc' dir='ltr'>Άληθές.</span> 
     </span>
    </p>
   </div>
   <div class='ocr_carea' id='block_1_97' title="bbox 1139 2357 1906 2396">
    <p class='ocr_par' dir='ltr' id='par_1_97' title="bbox 1139 2357 1906 2396">
     <span class='ocr_line' id='line_1_97' title="bbox 1139 2357 1906 2396; baseline 0.004 -12"><span class='ocrx_word' id='word_1_714' title='bbox 1139 2357 1222 2385; x_wconf 81' lang='grc' dir='ltr'><strong>ΚΥΡ.</strong></span> <span class='ocrx_word' id='word_1_715' title='bbox 1242 2357 1275 2384; x_wconf 75' lang='grc' dir='ltr'><strong>Εἰ</strong></span> <span class='ocrx_word' id='word_1_716' title='bbox 1298 2357 1354 2393; x_wconf 83' lang='grc' dir='ltr'><strong>γὰρ</strong></span> <span class='ocrx_word' id='word_1_717' title='bbox 1369 2358 1401 2393; x_wconf 82' lang='grc' dir='ltr'>δὴ</span> <span class='ocrx_word' id='word_1_718' title='bbox 1422 2358 1540 2394; x_wconf 83' lang='grc' dir='ltr'>καθέλῃς</span> <span class='ocrx_word' id='word_1_719' title='bbox 1554 2359 1588 2386; x_wconf 82' lang='grc' dir='ltr'><strong>τὰ</strong></span> <span class='ocrx_word' id='word_1_720' title='bbox 1610 2360 1797 2395; x_wconf 69' lang='grc' dir='ltr'>χειροποίητα,</span> <span class='ocrx_word' id='word_1_721' title='bbox 1819 2361 1906 2396; x_wconf 72' lang='grc' dir='ltr'>φησὶ*</span> 
     </span>
    </p>
   </div>
   <div class='ocr_carea' id='block_1_98' title="bbox 1103 2402 1884 2443">
    <p class='ocr_par' dir='ltr' id='par_1_98' title="bbox 1103 2402 1884 2443">
     <span class='ocr_line' id='line_1_98' title="bbox 1103 2402 1884 2443; baseline 0.004 -13"><span class='ocrx_word' id='word_1_722' title='bbox 1103 2402 1282 2440; x_wconf 80' lang='grc' dir='ltr'>λατρεύσειάς</span> <span class='ocrx_word' id='word_1_723' title='bbox 1301 2412 1331 2430; x_wconf 84' lang='grc' dir='ltr'><strong>τε</strong></span> <span class='ocrx_word' id='word_1_724' title='bbox 1349 2404 1420 2439; x_wconf 78' lang='grc' dir='ltr'><strong>Θεῷ,</strong></span> <span class='ocrx_word' id='word_1_725' title='bbox 1437 2403 1472 2431; x_wconf 76' lang='grc' dir='ltr'><strong>τὰ</strong></span> <span class='ocrx_word' id='word_1_726' title='bbox 1493 2407 1557 2440; x_wconf 85' lang='grc' dir='ltr'>παρ’</span> <span class='ocrx_word' id='word_1_727' title='bbox 1578 2406 1692 2438; x_wconf 74' lang='grc' dir='ltr'>ἐκείνοις</span> <span class='ocrx_word' id='word_1_728' title='bbox 1703 2406 1751 2442; x_wconf 79' lang='grc' dir='ltr'><strong>ἔθη</strong></span> <span class='ocrx_word' id='word_1_729' title='bbox 1777 2415 1884 2443; x_wconf 85' lang='grc' dir='ltr'>μεμιση</span> 
     </span>
    </p>
   </div>
   <div class='ocr_carea' id='block_1_99' title="bbox 263 2445 1056 2486">
    <p class='ocr_par' dir='ltr' id='par_1_99' title="bbox 263 2445 1051 2486">
     <span class='ocr_line' id='line_1_99' title="bbox 263 2445 1051 2486; baseline 0.009 -14"><span class='ocrx_word' id='word_1_730' title='bbox 263 2455 273 2471; x_wconf 75' lang='grc' dir='ltr'><strong><em>ι</em></strong></span> <span class='ocrx_word' id='word_1_731' title='bbox 285 2445 446 2474; x_wconf 85' lang='lat' dir='ltr'><strong>Benedicam</strong></span> <span class='ocrx_word' id='word_1_732' title='bbox 458 2454 556 2481; x_wconf 87' lang='lat' dir='ltr'><strong>panem</strong></span> <span class='ocrx_word' id='word_1_733' title='bbox 568 2451 657 2480; x_wconf 91' lang='lat' dir='ltr'><strong>tuum,</strong></span> <span class='ocrx_word' id='word_1_734' title='bbox 668 2452 696 2475; x_wconf 89' lang='lat' dir='ltr'><strong>et</strong></span> <span class='ocrx_word' id='word_1_735' title='bbox 706 2448 800 2475; x_wconf 87' lang='lat' dir='ltr'><strong>vinum</strong></span> <span class='ocrx_word' id='word_1_736' title='bbox 812 2453 900 2482; x_wconf 88' lang='lat' dir='ltr'><strong>tuum,</strong></span> <span class='ocrx_word' id='word_1_737' title='bbox 914 2454 941 2478; x_wconf 87' lang='lat' dir='ltr'><strong>et</strong></span> <span class='ocrx_word' id='word_1_738' title='bbox 952 2459 1051 2486; x_wconf 87' lang='lat' dir='ltr'><strong>aquam</strong></span> 
     </span>
    </p>
   </div>
   <div class='ocr_carea' id='block_1_100' title="bbox 1109 2445 1897 2486">
    <p class='ocr_par' dir='ltr' id='par_1_100' title="bbox 1109 2448 1897 2485">
     <span class='ocr_line' id='line_1_100' title="bbox 1109 2448 1897 2485; baseline 0.004 -9"><span class='ocrx_word' id='word_1_739' title='bbox 1109 2448 1170 2483; x_wconf 74' lang='grc' dir='ltr'>κὼς,</span> <span class='ocrx_word' id='word_1_740' title='bbox 1187 2459 1197 2476; x_wconf 73' lang='grc' dir='ltr'><strong>ε</strong></span> <span class='ocrx_word' id='word_1_741' title='bbox 1219 2450 1367 2485; x_wconf 78' lang='grc' dir='ltr'>Εὐλογήσω</span> <span class='ocrx_word' id='word_1_742' title='bbox 1389 2450 1436 2478; x_wconf 84' lang='grc' dir='ltr'><strong>τδν</strong></span> <span class='ocrx_word' id='word_1_743' title='bbox 1451 2451 1533 2485; x_wconf 75' lang='grc' dir='ltr'>ἄρτον</span> <span class='ocrx_word' id='word_1_744' title='bbox 1554 2460 1611 2485; x_wconf 85' lang='grc' dir='ltr'>σου,</span> <span class='ocrx_word' id='word_1_745' title='bbox 1629 2452 1735 2479; x_wconf 79' lang='grc' dir='ltr'>καὶτὸν</span> <span class='ocrx_word' id='word_1_746' title='bbox 1749 2450 1821 2479; x_wconf 70' lang='grc' dir='ltr'>οἶνόν</span> <span class='ocrx_word' id='word_1_747' title='bbox 1839 2461 1897 2480; x_wconf 85' lang='grc' dir='ltr'>σου.</span> 
     </span>
    </p>
   </div>
   <div class='ocr_carea' id='block_1_101' title="bbox 259 2492 1056 2533">
    <p class='ocr_par' dir='ltr' id='par_1_101' title="bbox 259 2492 1051 2530">
     <span class='ocr_line' id='line_1_101' title="bbox 259 2492 1051 2530; baseline 0.009 -12"><span class='ocrx_word' id='word_1_748' title='bbox 259 2495 344 2518; x_wconf 90' lang='lat' dir='ltr'><strong>tuam.</strong></span> <span class='ocrx_word' id='word_1_749' title='bbox 367 2501 376 2517; x_wconf 69' lang='grc' dir='ltr'>ι</span> <span class='ocrx_word' id='word_1_750' title='bbox 392 2492 521 2528; x_wconf 79' lang='lat' dir='ltr'><strong>Mysticus</strong></span> <span class='ocrx_word' id='word_1_751' title='bbox 537 2493 583 2520; x_wconf 90' lang='lat' dir='ltr'><strong>hic</strong></span> <span class='ocrx_word' id='word_1_752' title='bbox 598 2501 689 2521; x_wconf 88' lang='lat' dir='ltr'><strong>sermo</strong></span> <span class='ocrx_word' id='word_1_753' title='bbox 701 2498 744 2522; x_wconf 86' lang='lat' dir='ltr'><strong>est</strong></span> <span class='ocrx_word' id='word_1_754' title='bbox 754 2499 835 2530; x_wconf 86' lang='lat' dir='ltr'><strong>atque</strong></span> <span class='ocrx_word' id='word_1_755' title='bbox 848 2496 975 2530; x_wconf 90' lang='lat' dir='ltr'><strong>abditus;</strong></span> <span class='ocrx_word' id='word_1_756' title='bbox 987 2505 1051 2525; x_wconf 87' lang='lat' dir='ltr'><strong>nam</strong></span> 
     </span>
    </p>
   </div>
   <div class='ocr_carea' id='block_1_102' title="bbox 1109 2492 1901 2533">
    <p class='ocr_par' dir='ltr' id='par_1_102' title="bbox 1109 2495 1901 2533">
     <span class='ocr_line' id='line_1_102' title="bbox 1109 2495 1901 2533; baseline 0.004 -11"><span class='ocrx_word' id='word_1_757' title='bbox 1109 2495 1150 2522; x_wconf 76' lang='grc' dir='ltr'>ιιαὶ</span> <span class='ocrx_word' id='word_1_758' title='bbox 1165 2495 1196 2522; x_wconf 80' lang='grc' dir='ltr'><strong>τδ</strong></span> <span class='ocrx_word' id='word_1_759' title='bbox 1212 2495 1284 2531; x_wconf 80' lang='grc' dir='ltr'>ὕδωρ</span> <span class='ocrx_word' id='word_1_760' title='bbox 1304 2505 1362 2524; x_wconf 91' lang='grc' dir='ltr'>σου.</span> <span class='ocrx_word' id='word_1_761' title='bbox 1384 2505 1394 2522; x_wconf 68' lang='grc' dir='ltr'><strong><em>ι</em></strong></span> <span class='ocrx_word' id='word_1_762' title='bbox 1421 2497 1559 2529; x_wconf 54' lang='lat' dir='ltr'><strong>Munna;</strong></span> <span class='ocrx_word' id='word_1_763' title='bbox 1585 2499 1601 2524; x_wconf 74' lang='grc' dir='ltr'><em>ὅ</em></span> <span class='ocrx_word' id='word_1_764' title='bbox 1620 2498 1699 2532; x_wconf 88' lang='grc' dir='ltr'>λόγος</span> <span class='ocrx_word' id='word_1_765' title='bbox 1726 2499 1773 2525; x_wconf 77' lang='grc' dir='ltr'><strong>καὶ</strong></span> <span class='ocrx_word' id='word_1_766' title='bbox 1799 2498 1901 2533; x_wconf 82' lang='grc' dir='ltr'>βαθύς·</span> 
     </span>
    </p>
   </div>
   <div class='ocr_carea' id='block_1_103' title="bbox 257 2537 1056 2578">
    <p class='ocr_par' dir='ltr' id='par_1_103' title="bbox 257 2537 1053 2575">
     <span class='ocr_line' id='line_1_103' title="bbox 257 2537 1053 2575; baseline 0.008 -12"><span class='ocrx_word' id='word_1_767' title='bbox 257 2537 375 2564; x_wconf 84' lang='lat' dir='ltr'><strong>sinceris</strong></span> <span class='ocrx_word' id='word_1_768' title='bbox 382 2537 430 2564; x_wconf 87' lang='lat' dir='ltr'><strong>Dei</strong></span> <span class='ocrx_word' id='word_1_769' title='bbox 442 2537 596 2566; x_wconf 86' lang='lat' dir='ltr'><strong>cultoribus</strong></span> <span class='ocrx_word' id='word_1_770' title='bbox 607 2538 652 2566; x_wconf 88' lang='lat' dir='ltr'><strong>illa</strong></span> <span class='ocrx_word' id='word_1_771' title='bbox 662 2538 764 2567; x_wconf 89' lang='lat' dir='ltr'><strong>Christi</strong></span> <span class='ocrx_word' id='word_1_772' title='bbox 774 2540 968 2575; x_wconf 87' lang='lat' dir='ltr'><strong>mysteriorum</strong></span> <span class='ocrx_word' id='word_1_773' title='bbox 976 2549 1053 2569; x_wconf 90' lang='lat' dir='ltr'><strong>com-</strong></span> 
     </span>
    </p>
   </div>
   <div class='ocr_carea' id='block_1_104' title="bbox 1109 2537 1899 2578">
    <p class='ocr_par' dir='ltr' id='par_1_104' title="bbox 1109 2541 1899 2578">
     <span class='ocr_line' id='line_1_104' title="bbox 1109 2541 1899 2578; baseline 0.005 -11"><span class='ocrx_word' id='word_1_774' title='bbox 1109 2541 1158 2573; x_wconf 76' lang='grc' dir='ltr'>τοῖς</span> <span class='ocrx_word' id='word_1_775' title='bbox 1174 2541 1228 2576; x_wconf 78' lang='grc' dir='ltr'><strong>γὰρ</strong></span> <span class='ocrx_word' id='word_1_776' title='bbox 1251 2541 1310 2576; x_wconf 85' lang='grc' dir='ltr'><strong>Θεῷ</strong></span> <span class='ocrx_word' id='word_1_777' title='bbox 1325 2541 1458 2576; x_wconf 80' lang='grc' dir='ltr'>γνησίοις,</span> <span class='ocrx_word' id='word_1_778' title='bbox 1484 2543 1552 2578; x_wconf 78' lang='grc' dir='ltr'>πρὸς</span> <span class='ocrx_word' id='word_1_779' title='bbox 1570 2543 1695 2578; x_wconf 85' lang='grc' dir='ltr'>εὐλογίας</span> <span class='ocrx_word' id='word_1_780' title='bbox 1718 2544 1795 2571; x_wconf 71' lang='grc' dir='ltr'>ἔσται</span> <span class='ocrx_word' id='word_1_781' title='bbox 1815 2553 1899 2571; x_wconf 81' lang='grc' dir='ltr'>πνευ-</span> 
     </span>
    </p>
   </div>
   <div class='ocr_carea' id='block_1_105' title="bbox 257 2581 1056 2625">
    <p class='ocr_par' dir='ltr' id='par_1_105' title="bbox 257 2581 1050 2621">
     <span class='ocr_line' id='line_1_105' title="bbox 257 2581 1050 2621; baseline 0.008 -13"><span class='ocrx_word' id='word_1_782' title='bbox 257 2581 419 2613; x_wconf 83' lang='lat' dir='ltr'><strong>municatio.</strong></span> <span class='ocrx_word' id='word_1_783' title='bbox 436 2586 464 2609; x_wconf 89' lang='lat' dir='ltr'><strong>et</strong></span> <span class='ocrx_word' id='word_1_784' title='bbox 484 2583 571 2610; x_wconf 85' lang='lat' dir='ltr'><strong>sancti</strong></span> <span class='ocrx_word' id='word_1_785' title='bbox 590 2583 762 2618; x_wconf 86' lang='lat' dir='ltr'><strong>baptismatis</strong></span> <span class='ocrx_word' id='word_1_786' title='bbox 773 2585 859 2620; x_wconf 79' lang='lat' dir='ltr'><strong>gratia</strong></span> <span class='ocrx_word' id='word_1_787' title='bbox 873 2585 906 2612; x_wconf 90' lang='lat' dir='ltr'><strong>ad</strong></span> <span class='ocrx_word' id='word_1_788' title='bbox 919 2586 1050 2621; x_wconf 79' lang='lat' dir='ltr'><strong>spiritua~</strong></span> 
     </span>
    </p>
   </div>
   <div class='ocr_carea' id='block_1_106' title="bbox 1109 2581 1900 2625">
    <p class='ocr_par' dir='ltr' id='par_1_106' title="bbox 1109 2587 1900 2625">
     <span class='ocr_line' id='line_1_106' title="bbox 1109 2587 1900 2625; baseline 0.005 -12"><span class='ocrx_word' id='word_1_789' title='bbox 1109 2589 1233 2622; x_wconf 59' lang='grc' dir='ltr'>ματικῆς,</span> <span class='ocrx_word' id='word_1_790' title='bbox 1247 2587 1302 2613; x_wconf 87' lang='grc' dir='ltr'>τῶν</span> <span class='ocrx_word' id='word_1_791' title='bbox 1314 2587 1361 2614; x_wconf 81' lang='grc' dir='ltr'>τοῦ</span> <span class='ocrx_word' id='word_1_792' title='bbox 1377 2588 1493 2624; x_wconf 79' lang='grc' dir='ltr'>Χριστοῦ</span> <span class='ocrx_word' id='word_1_793' title='bbox 1511 2590 1670 2625; x_wconf 84' lang='grc' dir='ltr'>μυστηρίων</span> <span class='ocrx_word' id='word_1_794' title='bbox 1680 2591 1697 2625; x_wconf 85' lang='grc' dir='ltr'>ὴ</span> <span class='ocrx_word' id='word_1_795' title='bbox 1711 2589 1832 2625; x_wconf 78' lang='grc' dir='ltr'>μέθεξις,</span> <span class='ocrx_word' id='word_1_796' title='bbox 1851 2592 1900 2618; x_wconf 79' lang='grc' dir='ltr'>καὶ</span> 
     </span>
    </p>
   </div>
   <div class='ocr_carea' id='block_1_107' title="bbox 256 2627 1056 2672">
    <p class='ocr_par' dir='ltr' id='par_1_107' title="bbox 256 2627 1049 2667">
     <span class='ocr_line' id='line_1_107' title="bbox 256 2627 1049 2667; baseline 0.008 -13"><span class='ocrx_word' id='word_1_797' title='bbox 256 2627 310 2655; x_wconf 83' lang='lat' dir='ltr'><strong>lem</strong></span> <span class='ocrx_word' id='word_1_798' title='bbox 323 2628 546 2656; x_wconf 87' lang='lat' dir='ltr'><strong>benedictionem</strong></span> <span class='ocrx_word' id='word_1_799' title='bbox 557 2629 644 2663; x_wconf 87' lang='lat' dir='ltr'><strong>valet;</strong></span> <span class='ocrx_word' id='word_1_800' title='bbox 655 2630 689 2657; x_wconf 90' lang='lat' dir='ltr'><strong>iis</strong></span> <span class='ocrx_word' id='word_1_801' title='bbox 708 2634 799 2657; x_wconf 92' lang='lat' dir='ltr'><strong>autem</strong></span> <span class='ocrx_word' id='word_1_802' title='bbox 811 2631 858 2666; x_wconf 91' lang='lat' dir='ltr'><strong>qui</strong></span> <span class='ocrx_word' id='word_1_803' title='bbox 871 2631 974 2667; x_wconf 87' lang='lat' dir='ltr'><strong>duplici</strong></span> <span class='ocrx_word' id='word_1_804' title='bbox 984 2637 1049 2660; x_wconf 85' lang='lat' dir='ltr'><strong>sunt</strong></span> 
     </span>
    </p>
   </div>
   <div class='ocr_carea' id='block_1_108' title="bbox 1109 2627 1923 2672">
    <p class='ocr_par' dir='ltr' id='par_1_108' title="bbox 1109 2632 1923 2672">
     <span class='ocr_line' id='line_1_108' title="bbox 1109 2632 1923 2672; baseline 0.005 -13"><span class='ocrx_word' id='word_1_805' title='bbox 1109 2633 1119 2668; x_wconf 76' lang='grc' dir='ltr'><strong>ή</strong></span> <span class='ocrx_word' id='word_1_806' title='bbox 1133 2632 1177 2659; x_wconf 78' lang='grc' dir='ltr'>διὰ</span> <span class='ocrx_word' id='word_1_807' title='bbox 1192 2632 1239 2659; x_wconf 82' lang='grc' dir='ltr'>τοῦ</span> <span class='ocrx_word' id='word_1_808' title='bbox 1255 2632 1332 2668; x_wconf 78' lang='grc' dir='ltr'>ἁγίου</span> <span class='ocrx_word' id='word_1_809' title='bbox 1349 2633 1537 2670; x_wconf 71' lang='grc' dir='ltr'>βαπτίσματος</span> <span class='ocrx_word' id='word_1_810' title='bbox 1555 2636 1645 2671; x_wconf 84' lang='grc' dir='ltr'>χάρις.</span> <span class='ocrx_word' id='word_1_811' title='bbox 1662 2637 1724 2667; x_wconf 78' lang='grc' dir='ltr'>Τοῖς</span> <span class='ocrx_word' id='word_1_812' title='bbox 1741 2645 1772 2670; x_wconf 86' lang='grc' dir='ltr'><strong>γε</strong></span> <span class='ocrx_word' id='word_1_813' title='bbox 1788 2637 1843 2672; x_wconf 82' lang='grc' dir='ltr'>μὴν</span> <span class='ocrx_word' id='word_1_814' title='bbox 1860 2637 1898 2663; x_wconf 75' lang='grc' dir='ltr'>δι·</span> <span class='ocrx_word' id='word_1_815' title='bbox 1919 2640 1923 2645; x_wconf 86' lang='lat'>‘</span> 
     </span>
    </p>
   </div>
   <div class='ocr_carea' id='block_1_109' title="bbox 242 2673 1056 2731">
    <p class='ocr_par' dir='ltr' id='par_1_109' title="bbox 242 2673 1047 2731">
     <span class='ocr_line' id='line_1_109' title="bbox 242 2673 1047 2731; baseline 0.009 -31"><span class='ocrx_word' id='word_1_816' title='bbox 242 2673 349 2731; x_wconf 54' lang='lat' dir='ltr'><strong>ladhuc</strong></span> <span class='ocrx_word' id='word_1_817' title='bbox 360 2674 463 2725; x_wconf 70' lang='lat' dir='ltr'><strong>animo,</strong></span> <span class='ocrx_word' id='word_1_818' title='bbox 478 2679 507 2702; x_wconf 87' lang='lat' dir='ltr'><strong>et</strong></span> <span class='ocrx_word' id='word_1_819' title='bbox 526 2675 560 2731; x_wconf 69' lang='lat' dir='ltr'><strong>ad</strong></span> <span class='ocrx_word' id='word_1_820' title='bbox 581 2675 763 2704; x_wconf 86' lang='lat' dir='ltr'><strong>defectionem</strong></span> <span class='ocrx_word' id='word_1_821' title='bbox 784 2680 813 2704; x_wconf 85' lang='lat' dir='ltr'><strong>et</strong></span> <span class='ocrx_word' id='word_1_822' title='bbox 829 2678 967 2712; x_wconf 87' lang='lat' dir='ltr'><strong>apostasin</strong></span> <span class='ocrx_word' id='word_1_823' title='bbox 984 2686 1047 2714; x_wconf 89' lang='lat' dir='ltr'><strong>spe-</strong></span> 
     </span>
    </p>
   </div>
   <div class='ocr_carea' id='block_1_110' title="bbox 1109 2673 1898 2731">
    <p class='ocr_par' dir='ltr' id='par_1_110' title="bbox 1109 2678 1898 2719">
     <span class='ocr_line' id='line_1_110' title="bbox 1109 2678 1898 2719; baseline 0.006 -14"><span class='ocrx_word' id='word_1_824' title='bbox 1109 2678 1232 2715; x_wconf 68' lang='grc' dir='ltr'>ζιυχοῦσιν</span> <span class='ocrx_word' id='word_1_825' title='bbox 1250 2680 1306 2712; x_wconf 73' lang='grc' dir='ltr'>ἔτι,</span> <span class='ocrx_word' id='word_1_826' title='bbox 1327 2681 1518 2716; x_wconf 79' lang='grc' dir='ltr'>κεκινημένοις</span> <span class='ocrx_word' id='word_1_827' title='bbox 1538 2683 1577 2714; x_wconf 81' lang='grc' dir='ltr'><strong>είς</strong></span> <span class='ocrx_word' id='word_1_828' title='bbox 1589 2683 1750 2714; x_wconf 79' lang='grc' dir='ltr'>ἀπόστασιν,</span> <span class='ocrx_word' id='word_1_829' title='bbox 1766 2683 1837 2719; x_wconf 80' lang='grc' dir='ltr'>ὀργὴ</span> <span class='ocrx_word' id='word_1_830' title='bbox 1851 2684 1898 2710; x_wconf 84' lang='grc' dir='ltr'>καὶ</span> 
     </span>
    </p>
   </div>
   <div class='ocr_carea' id='block_1_111' title="bbox 241 2719 1056 2767">
    <p class='ocr_par' dir='ltr' id='par_1_111' title="bbox 241 2719 1046 2767">
     <span class='ocr_line' id='line_1_111' title="bbox 241 2719 1046 2767; baseline 0.009 -22"><span class='ocrx_word' id='word_1_831' title='bbox 241 2719 350 2767; x_wconf 56' lang='grc' dir='ltr'>ξοισηι,</span> <span class='ocrx_word' id='word_1_832' title='bbox 371 2719 412 2747; x_wconf 91' lang='lat' dir='ltr'><strong>ira</strong></span> <span class='ocrx_word' id='word_1_833' title='bbox 439 2724 468 2747; x_wconf 89' lang='lat' dir='ltr'><strong>et</strong></span> <span class='ocrx_word' id='word_1_834' title='bbox 487 2721 690 2754; x_wconf 88' lang='lat' dir='ltr'><strong>condemnatio,</strong></span> <span class='ocrx_word' id='word_1_835' title='bbox 708 2725 738 2749; x_wconf 89' lang='lat' dir='ltr'><strong>et</strong></span> <span class='ocrx_word' id='word_1_836' title='bbox 765 2723 901 2750; x_wconf 88' lang='lat' dir='ltr'><strong>malorum</strong></span> <span class='ocrx_word' id='word_1_837' title='bbox 923 2725 1046 2752; x_wconf 92' lang='lat' dir='ltr'><strong>omnium</strong></span> 
     </span>
    </p>
   </div>
   <div class='ocr_carea' id='block_1_112' title="bbox 1109 2719 1896 2767">
    <p class='ocr_par' dir='ltr' id='par_1_112' title="bbox 1109 2726 1896 2763">
     <span class='ocr_line' id='line_1_112' title="bbox 1109 2726 1896 2763; baseline 0.004 -11"><span class='ocrx_word' id='word_1_838' title='bbox 1109 2726 1271 2761; x_wconf 78' lang='grc' dir='ltr'>ιατάκριμα·</span> <span class='ocrx_word' id='word_1_839' title='bbox 1292 2727 1338 2754; x_wconf 77' lang='grc' dir='ltr'>καὶ</span> <span class='ocrx_word' id='word_1_840' title='bbox 1358 2727 1384 2753; x_wconf 87' lang='grc' dir='ltr'><strong>τί</strong></span> <span class='ocrx_word' id='word_1_841' title='bbox 1397 2728 1451 2763; x_wconf 85' lang='grc' dir='ltr'>γὰρ</span> <span class='ocrx_word' id='word_1_842' title='bbox 1468 2728 1528 2763; x_wconf 76' lang='grc' dir='ltr'><strong>οὐχὶ</strong></span> <span class='ocrx_word' id='word_1_843' title='bbox 1542 2728 1595 2755; x_wconf 82' lang='grc' dir='ltr'>τῶν</span> <span class='ocrx_word' id='word_1_844' title='bbox 1612 2728 1716 2761; x_wconf 85' lang='grc' dir='ltr'>δεινῶν,</span> <span class='ocrx_word' id='word_1_845' title='bbox 1732 2729 1763 2755; x_wconf 79' lang='grc' dir='ltr'>τὸ</span> <span class='ocrx_word' id='word_1_846' title='bbox 1778 2729 1896 2763; x_wconf 67' lang='grc' dir='ltr'>μεταλα.</span> 
     </span>
    </p>
   </div>
   <div class='ocr_carea' id='block_1_113' title="bbox 256 2765 1056 2810">
    <p class='ocr_par' dir='ltr' id='par_1_113' title="bbox 256 2765 1046 2805">
     <span class='ocr_line' id='line_1_113' title="bbox 256 2765 1046 2805; baseline 0.009 -14"><span class='ocrx_word' id='word_1_847' title='bbox 256 2765 384 2793; x_wconf 84' lang='lat' dir='ltr'><strong>cumulus</strong></span> <span class='ocrx_word' id='word_1_848' title='bbox 402 2768 446 2792; x_wconf 86' lang='lat' dir='ltr'><strong>est</strong></span> <span class='ocrx_word' id='word_1_849' title='bbox 465 2766 540 2794; x_wconf 86' lang='lat' dir='ltr'><strong>illius</strong></span> <span class='ocrx_word' id='word_1_850' title='bbox 556 2767 707 2802; x_wconf 81' lang='lat' dir='ltr'><strong>spiritualis</strong></span> <span class='ocrx_word' id='word_1_851' title='bbox 723 2768 925 2797; x_wconf 87' lang='lat' dir='ltr'><strong>benedictionis</strong></span> <span class='ocrx_word' id='word_1_852' title='bbox 948 2776 1046 2805; x_wconf 87' lang='lat' dir='ltr'><strong>perce-</strong></span> 
     </span>
    </p>
   </div>
   <div class='ocr_carea' id='block_1_114' title="bbox 1109 2765 1896 2810">
    <p class='ocr_par' dir='ltr' id='par_1_114' title="bbox 1109 2772 1896 2810">
     <span class='ocr_line' id='line_1_114' title="bbox 1109 2772 1896 2810; baseline 0.005 -12"><span class='ocrx_word' id='word_1_853' title='bbox 1109 2773 1158 2807; x_wconf 71' lang='grc' dir='ltr'>(εϊν</span> <span class='ocrx_word' id='word_1_854' title='bbox 1166 2773 1223 2799; x_wconf 77' lang='grc' dir='ltr'>εστι</span> <span class='ocrx_word' id='word_1_855' title='bbox 1232 2772 1271 2809; x_wconf 85' lang='lat' dir='ltr'><strong>(l)</strong></span> <span class='ocrx_word' id='word_1_856' title='bbox 1286 2773 1336 2808; x_wconf 85' lang='grc' dir='ltr'>τῆς</span> <span class='ocrx_word' id='word_1_857' title='bbox 1344 2773 1469 2808; x_wconf 83' lang='grc' dir='ltr'>εὐλογίας</span> <span class='ocrx_word' id='word_1_858' title='bbox 1477 2774 1527 2810; x_wconf 80' lang='grc' dir='ltr'>τῆς</span> <span class='ocrx_word' id='word_1_859' title='bbox 1537 2774 1724 2810; x_wconf 80' lang='grc' dir='ltr'>πνευματικῆς</span> <span class='ocrx_word' id='word_1_860' title='bbox 1734 2775 1798 2808; x_wconf 71' lang='grc' dir='ltr'>;καὶ</span> <span class='ocrx_word' id='word_1_861' title='bbox 1806 2775 1896 2809; x_wconf 68' lang='grc' dir='ltr'>τοῦτο,</span> 
     </span>
    </p>
   </div>
   <div class='ocr_carea' id='block_1_115' title="bbox 290 2840 1056 2883">
    <p class='ocr_par' dir='ltr' id='par_1_115' title="bbox 290 2840 1056 2879">
     <span class='ocr_line' id='line_1_115' title="bbox 290 2840 1056 2879; baseline 0.01 -11"><span class='ocrx_word' id='word_1_862' title='bbox 290 2841 314 2857; x_wconf 83' lang='grc'><strong><em>⁸⁸</em></strong></span> <span class='ocrx_word' id='word_1_863' title='bbox 326 2840 410 2869; x_wconf 89' lang='lat' dir='ltr'><strong>llebr.</strong></span> <span class='ocrx_word' id='word_1_864' title='bbox 423 2850 450 2876; x_wconf 84' lang='lat' dir='ltr'><strong>x,</strong></span> <span class='ocrx_word' id='word_1_865' title='bbox 462 2842 507 2871; x_wconf 71' lang='lat'><strong>29.</strong></span> <span class='ocrx_word' id='word_1_866' title='bbox 556 2849 579 2865; x_wconf 75' lang='grc'><strong>⁸⁷</strong></span> <span class='ocrx_word' id='word_1_867' title='bbox 595 2845 675 2872; x_wconf 85' lang='lat' dir='ltr'><strong>Num.</strong></span> <span class='ocrx_word' id='word_1_868' title='bbox 690 2853 765 2879; x_wconf 79' lang='lat' dir='ltr'><strong>xxm,</strong></span> <span class='ocrx_word' id='word_1_869' title='bbox 778 2846 870 2875; x_wconf 74' lang='lat'><strong>50-52.</strong></span> <span class='ocrx_word' id='word_1_870' title='bbox 910 2847 932 2864; x_wconf 84' lang='lat'><strong>&quot;</strong></span> <span class='ocrx_word' id='word_1_871' title='bbox 944 2848 1030 2876; x_wconf 83' lang='lat' dir='ltr'><strong>Exod.</strong></span> <span class='ocrx_word' id='word_1_872' title='bbox 1047 2858 1056 2876; x_wconf 76' lang='grc' dir='ltr'>ι</span> 
     </span>
    </p>
   </div>
   <div class='ocr_carea' id='block_1_116' title="bbox 1109 2840 1210 2883">
    <p class='ocr_par' dir='ltr' id='par_1_116' title="bbox 1115 2849 1210 2878">
     <span class='ocr_line' id='line_1_116' title="bbox 1115 2849 1210 2878; baseline 0.021 -2"><span class='ocrx_word' id='word_1_873' title='bbox 1115 2849 1210 2878; x_wconf 63' lang='lat'><strong>9-2-26.</strong></span> 
     </span>
    </p>
   </div>
   <div class='ocr_carea' id='block_1_117' title="bbox 294 2898 992 2941">
    <p class='ocr_par' dir='ltr' id='par_1_117' title="bbox 294 2898 992 2941">
     <span class='ocr_line' id='line_1_117' title="bbox 294 2898 992 2941; baseline 0.01 -15"><span class='ocrx_word' id='word_1_874' title='bbox 294 2898 334 2935; x_wconf 83' lang='grc' dir='ltr'><strong>(Ι)</strong></span> <span class='ocrx_word' id='word_1_875' title='bbox 351 2898 394 2927; x_wconf 82' lang='grc' dir='ltr'><strong>ΔΙ.</strong></span> <span class='ocrx_word' id='word_1_876' title='bbox 408 2901 464 2928; x_wconf 77' lang='grc' dir='ltr'><strong>Καὶ</strong></span> <span class='ocrx_word' id='word_1_877' title='bbox 478 2900 532 2937; x_wconf 82' lang='grc' dir='ltr'><strong>γὰρ</strong></span> <span class='ocrx_word' id='word_1_878' title='bbox 544 2902 594 2938; x_wconf 79' lang='grc' dir='ltr'><strong>οὐχ</strong></span> <span class='ocrx_word' id='word_1_879' title='bbox 607 2900 688 2939; x_wconf 81' lang='grc' dir='ltr'>ἧττόν</span> <span class='ocrx_word' id='word_1_880' title='bbox 701 2913 727 2931; x_wconf 90' lang='grc' dir='ltr'><strong>τι</strong></span> <span class='ocrx_word' id='word_1_881' title='bbox 739 2913 763 2931; x_wconf 84' lang='grc' dir='ltr'>τ.</span> <span class='ocrx_word' id='word_1_882' title='bbox 778 2904 802 2931; x_wconf 86' lang='grc' dir='ltr'>δ.</span> <span class='ocrx_word' id='word_1_883' title='bbox 818 2914 842 2932; x_wconf 81' lang='grc' dir='ltr'>τ.</span> <span class='ocrx_word' id='word_1_884' title='bbox 858 2914 887 2941; x_wconf 91' lang='grc' dir='ltr'>μ.</span> <span class='ocrx_word' id='word_1_885' title='bbox 907 2905 992 2933; x_wconf 77' lang='grc' dir='ltr'>ἔσται.</span> 
     </span>
    </p>
   </div>
  </div>
