1934 3042
9 113 65 140 417
373 118 416 146 DE
435 118 655 150 ADORATIONE
671 122 707 152 IN
726 124 861 154 SPlRlTU
879 126 924 154 ET
946 128 1129 158 VE‘RI'I'XI'IEZ.~
1149 132 1213 161 LIB.
1234 135 1277 162 Vl.
1596 142 1648 169 418

9 169 102 206 οἶμαι,
123 174 208 208 ἔστιν,
231 175 245 201 ὅ
269 176 316 202 καὶ
332 177 346 202 ὁ
369 178 450 212 σοφὸς
466 177 517 214 ἔφη
539 180 661 218 Παῦλος,
685 182 725 209 ὄτι
746 193 755 209 ι
781 183 787 193 '

11 218 113 230 x-m,,.
175 221 182 229 .
220 221 244 230 ν,
335 222 341 230 ι
391 223 404 229 η
502 225 508 230 .
554 223 567 230 ,
657 227 710 230 ,η

840 202 846 218 ι
861 185 919 220 ptio
933 195 939 212 :
952 186 1034 222 idque
1048 188 1114 216 illud
1128 195 1180 224 est,
1193 196 1224 219 ut
1235 197 1312 228 puto,
1323 194 1396 229 quod
1406 195 1515 230 sapiens
1525 197 1567 224 vir
1577 197 1648 226 Pau-

10 218 114 246 ἐσθίων
139 221 187 248 καὶ
213 221 297 249 πίνων
316 222 347 248 τὸ
371 223 448 258 σιῖψα
467 225 514 250 καὶ
535 223 605 261 αἷμα
623 227 670 253 τοῦ
689 229 789 264 Χριστο

10 262 132 278 λιν-ιι..-
157 266 315 278 ..μ-ε..η.νη
333 267 362 278 ιη
385 268 415 278 γε·
436 269 442 278 ι
467 269 493 278 ιυ
575 272 581 278 .
627 272 633 278 .
716 273 722 278 .
752 274 762 278 -

858 218 901 258 lus
917 218 1004 278 dixit:
1026 243 1035 260 ε
1055 234 1107 268 Qui
1118 218 1648 278 manduQIat—‘ct

8 262 142 297 ἀναξίως,
157 266 317 302 κατάκριμα
332 267 420 304 ἑαυτῷ
434 269 519 296 ἐσθίει
540 272 586 297 καὶ
602 272 671 306 πίει,
693 262 730 309 μὴ
749 274 807 301 δια-

7 309 115 343 κρίνων
127 311 158 338 τὸ
170 311 249 347 σῶμα
261 312 373 348 Κυρίου.
387 314 561 350 Δοκιμαζέτω
578 316 632 349 δὲ.»
653 319 746 354 φησὶν,
770 330 777 345 ι
792 321 806 347 ὁ

6 354 158 391 ἄνθρωπος
176 357 283 391 ἒαυτὺν,
295 358 343 386 καὶ
353 359 412 386 τότε
424 361 454 386 ἐκ
466 361 512 388 τοῦ
525 362 608 397 ἄρτου
623 363 746 398 ἐσθιέτω,
758 366 806 392 καὶ

7 400 42 427 ὲκ
57 401 108 428 τοῦ
132 403 264 439 ποτηρίου
282 405 394 432 πινέτω·
413 415 422 431 ι
444 404 541 434 Ἔσται
560 408 650 435 τοίνυν
668 409 737 445 πρὸς
757 411 804 437 εὐ-

6 445 117 480 λογίας,
129 449 214 490 ήφησὶ,
229 450 283 476 τῶν
297 451 382 484 ἁγίων
407 453 565 488 μυστηρίων
582 455 598 489 ὴ
615 455 732 489 μέθεξις,
747 459 805 490 τοῖς

7 501 39 525 γε
65 493 105 525 ὡς
128 486 238 530 ἆληϐὦς
253 496 470 530 φιλοθεωτάτοις.
490 486 551 525 ’Καὶ
566 486 804 537 ἀπαλλαέήσονται

7 538 36 564 δὲ
72 540 261 576 μαλιακισμοῦ,
291 543 423 575 τουτέστι,
449 544 497 570 τοῦ
524 548 611 573 νοσεῖν
638 548 754 583 ἑτοίμως
773 550 803 576 τὸ

6 584 114 612 ἀδικεῖν
133 587 263 620 πεφυκὸς,
274 588 321 615 καὶ
334 589 502 625 ἀποκομίζον
517 592 556 623 εἰς
566 592 728 629 ἀνανδρίαν·
744 595 801 622 ἀλλ’

6 629 69 656 οὐδὲ
85 631 278 665 ἄγονοςέσται,
294 634 387 669 φησὶν,
403 635 432 661 ὲν
446 635 546 668 αὑτοῖς,
562 637 621 664 οὐδὲ
632 640 735 675 στεῖρα.
751 641 801 667 Γο-

6 675 151 712 νιμωτᾶτη
163 678 217 713 γὰρ
229 678 302 706 πᾶσα
320 679 444 717 θεοφιλὴς
457 682 503 709 καὶ
513 683 573 710 ὁσία
580 684 663 720 ψυχὴ,
674 686 722 713 καὶ
734 695 801 724 καρ-

6 722 69 753 ποῖς
92 722 182 757 ἀγῖοις
203 727 369 762 κατάκομος,
386 728 458 764 φημὶ
478 729 506 756 δὲ
530 730 561 765 δὴ
582 731 673 766 πάλιν,
700 735 757 766 τοῖς
772 722 800 768 ἐξ

5 767 111 802 ἀρετῆς
129 769 198 804 αὑχή
204 779 295 804 μασιν.

40 814 150 842 ΠᾹΛΛ.
171 811 236 842 Ὧδε
257 817 338 853 ἔχει.⁴

858 277 1017 311 sanguinem
1026 278 1151 315 indigne,
1160 281 1297 316 judicium
1308 284 1360 311 sibi
1370 286 1518 314 manducat
1528 277 1645 321 ethihit,

858 329 911 348 non
924 322 1192 359 dijudicanscorpus.
1202 326 1425 362 Probetautem,»
1437 330 1551 365 inquit,«
1562 331 1645 358 homo

855 374 885 394 se
898 367 1002 401 ipsum;
1016 373 1044 396 et
1054 374 1122 398 tunc
1133 371 1166 399 de
1182 379 1251 407 pane
1266 373 1312 400 illo
1324 374 1396 407 edat,
1412 379 1440 402 et
1451 376 1485 403 de
1500 376 1585 404 calice
1600 377 1644 404 bi-

855 411 901 440 bat
920 414 952 440 “.
970 423 979 439 ι
995 414 1031 442 Iis
1046 415 1129 451 igitur
1147 417 1194 451 qui
1205 426 1270 445 vere
1287 419 1335 446 Dei
1354 425 1418 448 sunt
1432 426 1580 456 amatores,
1594 431 1644 459 pro

855 457 1055 493 benedictione,
1071 461 1170 496 inquit,
1186 463 1266 499 178
1279 465 1331 492 erit
1346 465 1392 493 illa
1403 472 1560 495 sanctorum
1583 457 1643 505 my-

854 505 1001 532 steriorum
1017 508 1241 542 communicatio;
1258 513 1286 537 et
1305 511 1340 538 ab
1362 511 1519 540 inﬁrmitate
1540 514 1641 543 libera-

854 550 968 584 buntur,
984 551 1012 579 id
1024 556 1076 585 est,
1093 561 1128 580 ne
1142 553 1228 581 libere
1240 555 1265 582 ei
1278 556 1373 584 morbo
1390 559 1580 592 succumbant,
1594 562 1641 595 qui

853 597 937 630 laedit,
950 602 978 625 et
988 598 1022 625 ad
1035 598 1170 634 ignaviam
1182 601 1309 634 abducit;
1328 611 1415 638 neque
1426 604 1584 638 infecunda,
1599 607 1642 634 in-

852 642 922 676 quit,
931 643 984 670 erit
997 643 1023 670 in
1037 644 1099 677 illis,
1110 653 1198 680 neque
1207 646 1323 674 sterilis:
1333 647 1527 678 fecundissima
1539 652 1640 687 quippe

851 691 893 714 est
908 688 997 715 omnis
1008 689 1056 716 Dei
1070 697 1164 717 amans
1179 695 1206 718 et
1226 697 1319 720 sancta
1340 695 1439 727 anima,
1461 700 1488 723 et
1505 696 1640 726 fructibus

851 733 963 766 sanctis,
976 734 1071 769 gloria,
1089 735 1211 771 inquam,
1228 738 1360 766 virtutum
1374 744 1479 769 ornata.

886 821 983 850 PALL.
998 823 1042 851 Sic
1055 831 1084 852 se
1095 833 1140 853 res
1151 826 1244 854 habet.

40 859 128 888 ΚΥΡ.
150 861 366 890 Εὑκατάσειστον
389 864 417 891 δὲ
440 865 489 901 τὴν
513 867 627 902 καρδίαν
654 868 726 904 ἔχειν
749 871 789 898 οὐ)

885 866 963 895 εγιὶ.
978 868 1047 901 Quia
1062 878 1129 898 vero
1144 872 1269 900 mutabili
1288 874 1371 902 corde
1385 883 1436 903 nos
1451 883 1511 904 esse
1526 877 1638 906 minime

4 905 69 938 ἑῶν,
86 908 252 943 εὐμηχανῶς
275 911 416 946 ἐπιτρέπει
440 913 507 947 πρὸς
522 914 553 940 τὸ
567 915 621 941 δεῖν
638 916 746 944 ἑλέσθαι
766 918 797 945 τὸ

5 951 126 987 βεδηκὸς
139 955 178 986 εἰς
193 954 293 987 πίστιν,
309 957 356 983 καὶ
372 958 413 989 εἰς
428 959 567 986 εὐσέϐειαν
581 961 716 995 ἀσφαλές*
732 964 797 990 ποτὲ

6 998 55 1032 μὲν
78 999 135 1034 γὰρ
157 999 297 1036 λογισμοῖς
318 1003 375 1034 τοῖς
399 1003 563 1039 καθήκουσιν
591 1008 796 1042 μεταπαιδεύων

3 1045 48 1071 ὲπὶ
63 1045 94 1072 τὸ
116 1046 237 1081 ἄμεινον,
261 1048 477 1082 ἀποσπουδάζειν
503 1051 619 1085 κελεύει,
647 1053 746 1088 μᾶλλον
768 1055 796 1081 δὲ

5 1090 227 1127 ἀποστρέφεσθαι
253 1094 402 1127 παντελῶς,
415 1095 453 1128 ὡς
475 1096 584 1132 ὀλέθρου
610 1098 749 1133 πρόξενον,
765 1100 796 1126 τὸ

4 1135 79 1162 θύειν
93 1137 214 1169 εἰδώλοις
228 1138 244 1173 ἦ
267 1142 441 1175 προσκυνεῖν,
459 1141 586 1177 διαϐολῆς
604 1144 654 1179 τῆς
667 1145 793 1180 ἐσχάτης,

4 1183 106 1217 μᾶλλον
119 1184 147 1211 δὲ
159 1185 316 1218 δυσσεϐείας
328 1187 378 1222 τῆς
391 1189 522 1215 ἀνωτάτω
534 1190 641 1222 δεικνὺς
651 1191 794 1220 ἀνάπλεων

2 1229 51 1264 τὴν
70 1231 177 1257 τοιάνδε
191 1231 278 1258 νόσον·
293 1232 357 1260 ποτὲ
371 1233 398 1260 δὲ
414 1234 461 1260 καὶ
477 1235 571 1269 φόόον,
590 1236 635 1263 τὸν
650 1238 697 1264 τοῦ
712 1239 794 1266 κολά-

2 1275 98 1306 ζεσθαι
123 1277 205 1311 λέγω,
225 1279 397 1314 παιδαγωγὸν
414 1280 509 1316 ὥσπερ
530 1283 592 1308 τινὰ
608 1284 655 1309 καὶ
672 1287 793 1318 γενναῖον

2 1323 67 1357 ἡμῖν
83 1323 236 1359 ἐπιστήσας
256 1325 374 1359 φύλακα,
390 1328 549 1362 περιτρέπει
567 1330 735 1365 πανταχόθεν
747 1332 793 1358 ἐπὶ

2 1368 30 1394 τὺ
57 1369 178 1405 ἀρέσκον
202 1371 284 1407 αὐτῷ.
308 1372 363 1399 Καὶ
389 1373 453 1408 γοῦν
478 1374 507 1401 ὲν
526 1374 564 1409 τῷ
591 1376 792 1414 Δενυτερονομιῳ

3 1415 85 1448 φησὶν
106 1415 121 1442 ὁ
142 1416 275 1452 μακάριος
295 1418 398 1453 Μωσῆς
411 1426 417 1432 ·
436 1429 445 1445 ε
464 1420 520 1447 Καὶ
544 1420 630 1448 ταῦτα
657 1423 691 1450 τὰ
707 1432 792 1459 προσ-

3 1461 130 1495 τᾰγματα
148 1462 193 1489 καὶ
216 1462 250 1489 τὰ
273 1463 404 1499 κρίματα,
421 1464 597 1501 ἃφυλάεεσθε
619 1468 665 1495 τοῦ
679 1469 790 1504 ποιῆσαι

848 911 960 946 patitur,
978 912 1125 943 artificiose
1140 915 1174 942 ad
1194 917 1371 945 stabilitatem
1391 919 1454 947 fidei
1474 921 1637 957 pietatisque

847 955 1004 985 ﬁrmitatem
1025 960 1241 994 amplectendam
1263 964 1398 992 convertit
1417 973 1423 991 :
1440 955 1637 1002 nonnunquam

847 1002 920 1028 enim
938 1004 1167 1033 convenientibus
1187 1007 1340 1035 rationibus
1352 1009 1385 1036 ad
1403 1009 1431 1037 id
1453 1011 1526 1045 quod
1540 1013 1638 1041 melius

846 1051 888 1075 est
913 1049 1068 1083 traducens,
1082 1052 1218 1080 idolorum
1232 1054 1398 1082 sacriﬁcium
1413 1056 1637 1086 adorationemve

845 1095 993 1131 negligere,
1006 1098 1061 1125 imo
1071 1107 1137 1126 vero
1150 1101 1271 1128 aversari
1282 1109 1407 1137 prorsus,
1421 1107 1452 1130 ut
1465 1104 1560 1132 mortis
1571 1113 1637 1133 con-

845 1141 1005 1170 ciliatricem
1016 1145 1110 1180 jubet;
1123 1147 1258 1181 ejusmodi
1271 1148 1396 1175 morbum
1411 1150 1566 1184 gravissimi
1578 1151 1634 1178 cri-

845 1188 936 1221 minis,
949 1189 1004 1217 imo
1015 1199 1081 1218 vero
1094 1196 1222 1220 extrema;
1235 1193 1383 1228 impietatis
1394 1195 1504 1230 plenum
1516 1204 1575 1224 esse
1587 1197 1636 1225 de.
1682 1198 1689 1205 ⁴

844 1238 998 1263 monstrans
1014 1245 1024 1263 τε
1042 1244 1239 1273 nonnunquam
1259 1247 1324 1266 vero
1337 1245 1450 1274 metum,
1473 1249 1570 1276 potate,
1589 1242 1634 1270 ἰε-

843 1286 935 1313 quam,
949 1278 1133 1314 formidinem,
1152 1282 1236 1310 veluti
1254 1283 1429 1320 paedagogum
1447 1286 1575 1320 aliquem,
1590 1291 1633 1314 at~

843 1332 895 1358 que
919 1333 1044 1354 severum
1067 1328 1219 1362 custodem,
1241 1329 1323 1357 nobis
1342 1338 1492 1365 opponens,
1509 1332 1632 1367 undique

842 1371 876 1398 ad
897 1372 923 1399 id
942 1374 1014 1408 quod
1029 1375 1081 1402 sibi
1101 1375 1194 1410 placet
1213 1375 1334 1403 adducit.
1348 1377 1442 1412 Itaque
1457 1377 1484 1404 in
1497 1378 1631 1406 Deutero-

841 1419 934 1447 nomio
961 1420 1049 1456 inquit
1062 1421 1159 1450 beatus
1179 1422 1305 1458 Moyses:
1325 1433 1334 1449 ε
1350 1424 1384 1451 Et
1404 1424 1462 1451 haec
1476 1429 1540 1451 sunt
1560 1433 1631 1460 prae-

842 1466 1072 1502 ceptaetjudicia
1089 1475 1150 1502 quae
1171 1468 1327 1501 servabitis,
1343 1473 1373 1496 ut
1385 1469 1491 1497 faciatis
1518 1470 1544 1497 in
1559 1475 1631 1499 terra

2 1507 46 1533 ἐπὶ
65 1508 117 1543 τῆς
141 1510 203 1544 γῆς,
229 1509 261 1545 ἣν
276 1510 375 1546 Κύριος
392 1513 406 1538 ὁ
420 1511 485 1544 Θεὸς
498 1512 551 1540 τῶν
572 1514 697 1550 πατέρων
714 1515 789 1550 ὑμῶν

841 1518 924 1546 quam
937 1512 1068 1540 Dominus
1081 1513 1154 1540 Deus
1165 1517 1274 1548 patrum
1286 1519 1445 1555 vestrorum|
1455 1515 1500 1542 dat
1512 1516 1590 1544 vobis
1603 1517 1630 1544 in

2 1552 108 1580 δῑδωσιν
125 1554 189 1589 ὑμῖν
204 1555 231 1581 ἓν
247 1555 340 1592 κλήρῳ
353 1557 442 1589 πάσας
455 1559 503 1589 τὰς
517 1559 633 1594 ἡμέρας,
657 1560 690 1592 ἃς
711 1561 790 1597 ὑμεῖς

2 1599 64 1634 ζῆτε
83 1600 131 1626 ἐπὶ
150 1600 200 1636 τῆς
218 1602 278 1637 γῆς.
311 1602 446 1639 Ἀπωλείᾳ
460 1604 585 1632 ἀπολεῖτε
600 1606 703 1639 πάντας
726 1607 789 1639 τοὺς

2 1645 109 1677 τόπυους,
124 1646 154 1672 ὲν
173 1644 214 1678 οἷς
241 1647 409 1684 ἐλάτρευσαν
433 1651 491 1676 ἐκεῖ
515 1651 548 1677 τὰ
566 1651 630 1687 ἔθνη
649 1654 704 1685 τοῖς
718 1653 788 1685 Θεοῖς

2 1690 101 1723 αὐτῶν,
114 1691 162 1724 οὓς
175 1692 254 1728 ὑμεῖς
265 1694 455 1730 κληρονομεῖτε
467 1696 564 1729 αὐτοὺς
580 1697 626 1724 ἐπὶ
638 1698 692 1724 τῶν
703 1698 789 1734 ὀρέων

2 1735 52 1763 τῶν
71 1736 193 1772 ὑψηλῶν,
212 1739 260 1765 καὶ
275 1740 321 1766 ἐπὶ
337 1739 390 1766 τῶν
404 1740 494 1774 θινῶν,
513 1742 559 1769 καὶ
575 1743 705 1770 ὑποκάτω
730 1744 788 1772 δέν-

2 1780 60 1814 Epeo
75 1781 183 1814 δασέος.
208 1784 263 1811 Καὶ
276 1786 470 1821 ικατασκάψετε
485 1787 548 1819 τοὺς
564 1787 672 1823 βωμοὺς
687 1789 786 1823 αὐτῶν,

2 1826 44 1853 καὶ
61 1828 224 1864 συντρίψετε
241 1829 292 1862 τὰς
311 1831 411 1867 στήλας
427 1832 529 1864 αὐτῶν,
545 1833 593 1859 καὶ
606 1834 639 1860 τὰ
655 1834 722 1871 ἄλση
736 1835 786 1862 αὐ-

2 1872 50 1899 τῶν
71 1874 215 1910 hecaten,
238 1876 285 1903 καὶ
300 1877 334 1905 τὰ
348 1878 454 1912 γλυπτὰ
470 1878 524 1906 τῶν
542 1878 611 1906 θεῶν
625 1880 716 1907 αὐτῶν
731 1889 785 1908 κα-

2 1919 151 1947 τακαύσετε
164 1923 239 1956 πυρὶ,
252 1923 301 1949 οιαὶ
314 1923 439 1950 ἀπολεῖτε
451 1924 481 1951 τὸ
491 1924 576 1961 δνομα
587 1925 676 1953 αὐτῶν
693 1927 725 1953 ὲκ
737 1927 785 1954 τοῦ

2 1964 80 1991 τόπου
98 1966 211 1994 ἐκείνου.
228 1978 237 1993 ι
253 1969 284 1995 Ol.
295 1969 344 2004 μὲν
365 1969 499 2005 Ἑλλήνων
515 1971 591 2006 σοφοὶ
603 1972 651 1998 καὶ
662 1971 783 2007 λογάδες,

2 2012 108 2045 ινοιηταὶ
129 2012 157 2039 δὲ
177 2013 305 2048 μάλιστα,
318 2014 444 2051 ὀρειάδας
457 2016 533 2048 τινὰς
549 2017 595 2044 καὶ
609 2017 784 2054 ἁμαδρυάδας

2 2056 158 2092 ὗνομᾶζουοτ
177 2059 295 2095 νύμφας,
321 2061 381 2097 ἦτοι
405 2062 544 2098 δαίμονας.
572 2063 632 2090 Elei.
644 2064 672 2091 δὲ
696 2064 720 2091 οἳ
737 2065 784 2092 καὶ

2 2104 49 2134 ιοῖς
76 2104 148 2130 κατὰ
172 2105 253 2132 τόπον
281 2106 411 2142 ὑψώμασι
427 2108 492 2140 τοὺς
507 2107 582 2144 παρὰ
607 2109 684 2144 σφίσι
700 2111 782 2146 τιμᾷν

2 2147 128 2183 ἢρημένοι
142 2149 230 2182 θεοὺς,
245 2150 353 2186 βωμοὺς
366 2152 487 2185 ἱστάντες
501 2154 530 2179 ὲν
540 2153 625 2189 Spem,
643 2154 782 2189 βουθυτεῖν

841 1558 1051 1593 possessionem,
1074 1559 1202 1588 omnibus
1223 1560 1323 1588 diebus
1347 1561 1449 1596 quibus
1470 1570 1519 1589 vos
1539 1562 1631 1590 vivitis

839 1611 922 1639 super
946 1609 1057 1632 terram.
1073 1605 1231 1634 Perditione
1251 1607 1374 1641 perdetis
1396 1608 1487 1635 omnia
1507 1609 1576 1641 loca,
1600 1609 1628 1637 in

839 1650 940 1684 quibus
954 1650 1109 1678 servierunt
1119 1655 1218 1686 gentes
1238 1651 1291 1679 diis
1311 1660 1418 1685 eorum,
1433 1661 1493 1688 quae
1505 1661 1553 1681 vos
1563 1662 1628 1689 pos-

838 1694 972 1729 sidebitis,
986 1695 1012 1723 in
1029 1697 1169 1725 montibus
1179 1698 1306 1731 excelsis,
1318 1703 1346 1725 et
1357 1698 1385 1725 in
1398 1699 1523 1731 collibus,
1538 1704 1566 1727 ct
1575 1700 1628 1728 sub

838 1740 936 1769 arbore
948 1749 1032 1776 opaca
1048 1750 1055 1769 :
1066 1746 1095 1770 et
1105 1743 1236 1771 evertetis
1249 1752 1311 1772 aras
1321 1752 1427 1776 eorum,
1440 1748 1468 1771 et
1479 1745 1628 1774 conteretis

837 1786 932 1813 titulos
953 1794 1060 1820 eorum,
1080 1792 1109 1815 et
1127 1789 1204 1816 lucos
1219 1796 1315 1816 eorum
1335 1789 1492 1822 succidetis,
1512 1795 1540 1818 et
1553 1792 1624 1818 seut--

836 1831 914 1867 ptilia
935 1832 1049 1861 deorum
1070 1841 1166 1861 eorum
1181 1835 1350 1863 comburetis
1370 1835 1437 1871 igni,
1457 1840 1485 1863 et
1504 1836 1627 1871 perdetis

835 1884 936 1904 nomen
955 1885 1050 1905 eorum
1068 1886 1102 1906 ex
1117 1879 1177 1906 loco
1189 1879 1237 1907 illo
1255 1880 1288 1907 1°.
1305 1890 1314 1905 ι
1337 1880 1493 1908 Graecorum
1513 1881 1626 1916 quidem

835 1921 973 1957 sapientes
983 1926 1011 1950 et
1027 1923 1120 1951 eximii
1132 1923 1205 1951 inter
1221 1929 1345 1958 caeteros,
1361 1929 1447 1960 poetae
1458 1933 1523 1953 vero
1537 1927 1625 1954 maxi-

835 1975 894 2000 me,
922 1968 1037 1996 oreadas
1063 1970 1195 2004 quasdam
1214 1975 1243 1998 et
1263 1970 1462 2007 hamadryadas
1480 1973 1625 2008 nymphas,

834 2013 972 2042 demones
982 2014 1121 2048 videlicet,
1134 2017 1281 2051 appellant.
1294 2017 1380 2044 Erant
1392 2017 1476 2045 etiam
1482 2018 1546 2053 qui,
1561 2026 1625 2047 cum

833 2059 901 2086 locis
911 2059 1075 2087 editioribus
1090 2068 1155 2089 suos
1170 2061 1237 2089 deos
1247 2062 1373 2090 venerari
1384 2063 1494 2096 vellent,
1510 2064 1567 2091 aris
1577 2072 1626 2091 ex-

832 2105 946 2133 structis
969 2105 998 2133 in
1020 2107 1170 2139 montibus,
1192 2107 1277 2135 boves
1296 2108 1440 2136 immolare
1457 2109 1622 2143 studebant;

832 2154 860 2178 et
879 2158 942 2178 eum
959 2151 1032 2179 circa
1049 2151 1227 2183 formosiores
1246 2154 1360 2182 arbores
1375 2158 1480 2182 statuas
1492 2159 1519 2182 et
1535 2156 1620 2183 simu-

2 2193 169 2226 εσποὺδαζον,
181 2195 227 2222 καὶ
239 2197 295 2229 τοῖς
309 2197 362 2224 τῶν
375 2197 490 2234 δένδρων
500 2199 690 2236 εὐφυεστέροις
704 2211 781 2238 περι-

843 2203 905 2223 acra
929 2195 1083 2223 daemonum
1115 2196 1336 2231 constituissent,
1363 2199 1462 2226 ovibus
1485 2199 1622 2227 caedendis

4 2238 152 2273 δρύσαντες
171 2240 218 2276 ἕλη
236 2242 282 2268 καὶ
296 2240 441 2277 δαιμονίων
459 2244 617 2280 ἰνδάλματα,
641 2245 780 2282 μηλοσφα-

2 2284 66 2317 (ίαις
80 2285 240 2322 ἐκέχρηντο.
260 2288 328 2314 Ἀλλ’
337 2286 371 2334 ἦν
381 2289 528 2323 ἀναγκαῖον
541 2292 778 2327 κατορῤωδοῦντας

2 2331 66 2357 δὺδὲν
88 2332 153 2366 τοὺς
175 2332 227 2360 ὑπὸ
240 2333 299 2368 Θεῴ
311 2331 458 2368 γεῖίονότας
478 2334 517 2370 τῷ
532 2337 591 2363 κατ’
606 2337 735 2373 ἀλήθειάν
748 2348 778 2365 τε

2 2374 36 2399 ul.
48 2374 141 2408 φύσει,
153 2375 187 2402 τὰ
198 2376 252 2402 τῶν
266 2377 447 2413 πλανωμένων
459 2380 613 2407 κατασείειν
621 2381 776 2418 ἀθύρματα,

2 2419 36 2445 cui
59 2419 116 2446 τῶν
141 2422 205 2456 παρ’
223 2422 336 2454 ἐκείνοις
357 2423 427 2450 ἐθῶν
447 2424 484 2456 ὡς
509 2424 644 2453 ἀπωτάτω
669 2430 777 2464 χωρεῖν.

2 2464 137 2501 Γοιγάρτοι
155 2466 221 2502 φησὶ
248 2467 342 2494 πάλιν·
369 2478 378 2494 ‹
406 2468 468 2496 Ἐὰν
484 2469 511 2496 δὲ
529 2470 707 2510 ὲξολοθρεύσῃ
723 2474 779 2501 Κύ-

2 2518 47 2542 no;
70 2512 84 2537 ὁ
111 2512 178 2544 Θεός
200 2521 246 2539 σου
265 2513 299 2540 τὰ
314 2513 387 2549 ἔθνη,
416 2516 454 2546 εἰς
473 2514 519 2547 οὒς
538 2517 569 2543 σὺ
587 2517 707 2553 πορεύσῃ
721 2518 780 2545 ἐκεῖ

2 2557 36 2583 τοῦ
53 2558 260 2594 κληρονομῆσαι
285 2559 332 2595 τὴν
357 2560 408 2595 γῆν
429 2560 529 2594 αὑτῶν,
556 2562 610 2588 ἀπὸ
632 2563 778 2598 προσώπου

2 2609 48 2635 που,
63 2604 109 2629 καὶ
130 2603 410 2641 κατακληρονομὴσῃς
423 2605 532 2638 αὐτοὺς,
552 2608 599 2633 καὶ
612 2609 778 2645 χατοικήσῃς

2 2655 19 2672 νν
46 2649 80 2683 τῇ
110 2648 146 2683 γῇ
169 2648 269 2680 αὐτῶν,
292 2649 408 2685 πρόσεχε
434 2649 534 2685 σαυτῷ,
559 2651 597 2687 μὴ
616 2652 774 2690 ὲκξητήσῃς

2 2693 210 2728 ιπαχολουοῆσαι
231 2695 321 2727 αὐτοῖς
346 2695 415 2731 μετὰ
437 2695 467 2722 τὸ
489 2696 709 2734 ἐξολοθρευθῆναι
726 2701 777 2727 αὺ-

2 2739 52 2770 τοὺς
77 2739 132 2765 ἀπὸ
155 2739 303 2774 προσώπου
328 2748 389 2770 σου,
414 2740 444 2766 οὐ
474 2740 511 2776 μὴ
537 2741 689 2778 ὲκζητήσῃς
713 2746 776 2778 τοὺς

2 2783 66 2815 Isaia;
77 2784 180 2817 αὐτῶν,
193 2785 291 2819 λέγων,
307 2785 369 2817 Πῶς
382 2786 488 2813 ποιοῦσι
497 2786 531 2813 τὰ
542 2787 605 2823 ἔθνη
621 2788 705 2816 ταῦτα
719 2792 774 2823 τοῖς

25 2844 47 2860 ⁶⁹
58 2845 68 2872 ι
81 2845 146 2874 Cor.
162 2853 201 2879 xt,
212 2845 258 2879 27,
274 2846 318 2874 28.
357 2847 380 2863 "
400 2847 480 2875 Deut.
500 2856 548 2881 xu,
561 2848 617 2876 1.5.

833 2248 945 2276 operam
958 2241 1068 2269 dabant.
1086 2241 1140 2270 Sed
1157 2251 1268 2271 necesse
1286 2248 1346 2271 erat
1360 2248 1401 2277 ut,
1421 2244 1447 2271 ei
1462 2245 1509 2279 qui
1524 2251 1621 2283 natura

832 2290 860 2314 et
878 2295 944 2315 vere
964 2287 1037 2315 Deus
1054 2292 1105 2321 est,
1120 2289 1235 2325 subjecti
1250 2290 1385 2323 homines,
1398 2290 1467 2317 nihil
1488 2291 1620 2325 pertime-

830 2337 947 2366 scentes,
962 2335 1112 2362 errantium
1134 2335 1276 2364 hominum
1292 2337 1397 2364 ludicra
1409 2337 1618 2370 demolirentur,

828 2380 901 2407 etab
919 2380 1027 2408 illorum
1042 2381 1164 2410 moribus
1178 2382 1335 2418 longissime
1351 2383 1521 2411 recederent.
1540 2384 1618 2411 ideo-

829 2434 882 2461 que
900 2434 996 2454 rursus
1015 2427 1102 2454 dicit:
1120 2437 1129 2453 ι
1146 2428 1214 2455 Cum
1229 2428 1309 2463 179
1323 2428 1548 2456 exterminaverit
1564 2430 1618 2457 Do—

829 2471 920 2499 minus
930 2471 1003 2499 Deus
1017 2477 1080 2500 tuus
1091 2477 1185 2508 gentes
1207 2481 1275 2507 quas
1289 2477 1316 2500 tu
1329 2473 1502 2508 ingredieris,
1516 2477 1545 2500 ut
1557 2481 1619 2508 pos-

828 2517 918 2544 sideas
935 2521 1044 2550 terram,
1061 2527 1076 2546 a
1093 2519 1160 2546 facie
1174 2523 1230 2550 tua,
1242 2523 1269 2545 et
1285 2519 1440 2554 possederis
1451 2528 1509 2554 eos,
1524 2526 1551 2549 et
1567 2522 1618 2550 ha-

829 2563 959 2591 bitareris
969 2565 997 2591 in
1009 2569 1081 2592 terra
1093 2565 1227 2600 ipsorum,
1238 2573 1302 2593 cave
1316 2565 1364 2593 tibi
1378 2565 1441 2601 ipsi,
1453 2575 1487 2594 nc
1507 2569 1618 2596 studeas

831 2609 909 2645 sequi
920 2617 977 2642 eos,
989 2615 1132 2646 postquam
1145 2612 1315 2640 exterminati
1326 2611 1429 2640 fuerint
1438 2620 1453 2641 a
1467 2613 1536 2642 facie
1555 2619 1615 2647 tua;

830 2662 884 2682 non
899 2655 1026 2690 exquires
1042 2656 1108 2684 deos
1120 2663 1226 2690 eorum,
1236 2657 1330 2684 dicens
1343 2666 1349 2684 :
1360 2657 1503 2690 Quomodo
1514 2659 1617 2687 faciunt

828 2705 922 2736 gentes
945 2701 986 2728 hae
1010 2701 1064 2729 diis
1083 2702 1150 2735 suis,
1176 2703 1215 2730 sic
1236 2707 1264 2743 et
1288 2711 1339 2738 ego
1362 2703 1477 2737 faciam;
1501 2713 1555 2733 non
1576 2705 1616 2735 sic

825 2745 911 2772 facies
925 2745 1040 2773 Domino
1055 2746 1110 2774 Deo
1123 2751 1171 2774 tuo
1186 2756 1192 2774 :
1207 2748 1426 2776 abominationes
1446 2750 1519 2777 enim
1546 2757 1615 2785 quas

826 2791 958 2820 Dominus
979 2792 1046 2826 odit,
1062 2792 1187 2821 fecerunt
1203 2794 1257 2822 diis
1276 2794 1347 2828 suis;
1362 2801 1427 2823 nam
1445 2796 1528 2824 etiam
1545 2795 1617 2825 ﬁlios
