1934 3042
154 149 161 156 .
217 109 271 137 δεῖ

728 105 754 132 S.
776 104 914 134 CYRlLLI
933 106 1172 137 ALEXANDle
1192 103 1352 137 ARClllEP.

1798 108 1849 137 4‘25

218 171 403 194 mutaverunt.
420 165 519 199 Qiiare,
534 165 639 201 abjccta
657 164 717 197 Dei,
731 165 778 199 qui
792 164 942 192 secundum
957 172 1005 191 na-

1060 165 1254 200 άρχαιοτέρων,
1270 164 1373 200 χρόῖεα
1387 163 1520 200 χαλκείων
1531 164 1691 200 ἠλλάξαντο,
1705 166 1777 193 κατὰ
1788 169 1851 200 τοίς

219 216 307 238 turam
329 216 381 243 est,
402 211 561 238 adoratione
582 209 726 245 pueriliter
745 217 870 236 conversn
892 214 956 236 sunt
975 209 1009 235 ad

218 258 344 284 inutilem
356 262 383 284 et
396 265 495 283 vanum
509 256 644 283 idolorum
658 256 772 283 cultum.
786 255 878 290 Itaque
891 255 1010 282 dedecus

219 303 278 329 risu
297 302 408 337 dignum
427 309 477 328 suo
490 301 573 336 capiti
584 296 780 336 Vasperserunt,
796 308 899 335 suaque
913 305 1009 335 sponte

217 348 329 382 superni
342 347 436 374 auxilii
451 346 656 374 destitutionem
669 347 786 381 amplexi
805 346 1009 381 sunt.'ldeoqne

217 394 286 422 dixit
297 394 369 422 Deus
385 404 407 420 ει
424 392 459 422 Ut
469 391 588 422 dedecus
598 394 667 421 furis
678 401 739 421 cum
752 390 940 428 deprehensus
953 393 1010 420 fuc-

216 441 263 472 rit,
278 440 317 467 sic
335 441 501 467 erubescent
520 440 568 466 filii
582 440 676 471 Israel,
688 437 754 474 ipsi.
769 443 798 466 et
811 446 887 474 reges
900 447 1008 471 eorum,

217 491 245 514 et
257 487 395 522 principes
415 487 549 521 ipsorum,
571 490 598 514 et
617 486 773 513 sacerdotes
785 492 892 516 eorum,
905 485 932 511 c‘t
944 493 1009 519 pro—

217 533 308 567 pheta:
320 540 431 559 eorum:
447 533 521 567 ligno
534 532 663 559 dixerunt
680 528 781 559 :Pater
794 539 871 559 mcus
882 539 912 558 es
926 536 969 564 tu;
982 535 1010 558 et

216 578 314 613 lapidi:
329 579 369 605 Tu
382 579 500 614 genuisti
514 586 567 605 me.
580 577 615 605 Et
626 582 770 605 verterunt
782 577 815 604 ad
828 585 871 604 me
885 581 969 612 terga,
982 580 1009 605 c't

216 632 271 651 non
284 624 367 651 facies
380 632 459 657 suas;
485 628 514 651 et
527 624 555 651 in
568 628 689 659 tempore
702 624 836 651 malorum
852 623 930 658 182
943 631 1008 650 suo-

216 677 278 696 rum
293 670 403 697 dicent:
415 668 512 705 Surge,
525 674 553 697 ct
564 670 637 697 salva
649 678 709 697 nos.
723 669 757 697 Et
772 669 818 696 ubi
832 674 895 697 sunt
908 670 945 697 dii
959 670 1008 702 tui,

216 712 286 750 quos
306 716 395 743 fecisti
417 715 467 743 tibi
488 716 558 751 ipsi?
572 716 599 743 Si
614 720 726 751 surgent
738 720 766 743 et
785 716 929 743 salvabunt
941 719 967 742 te
981 716 1009 743 in

216 766 339 797 tempore
356 762 514 789 alliictionis
529 762 600 789 tuae?
617 763 681 796 quia
698 759 775 797 juxta
794 767 939 788 numerum
961 769 1008 788 ur-

215 807 292 834 bium
307 811 416 833 tuarum
433 810 512 833 erant
525 806 563 833 dii
576 807 627 839 tui,
640 805 722 839 Juda;
736 803 849 842 et]uxta
861 814 1007 833 numerum

1061 211 1125 246 παρ’
1137 211 1249 246 Ἕλλησι
1265 210 1379 246 ποιητάς
1396 210 1485 246 (ί).Ὶῆ
1498 210 1552 246 γάρ
1562 217 1603 237 τοι
1613 211 1711 246 χρῆναι
1724 212 1857 246 μεθέντι;
1869 208 1871 210 ’

1060 257 1119 292 Θεῷ
1135 253 1173 293 τῷ
1187 257 1257 284 κατὰ
1273 253 1353 292 φῦσιν
1368 258 1544 292 προσκυνεῖν,
1565 258 1756 293 μειρακιωδῶς
1769 259 1852 294 ἐτρά-

1060 310 1141 328 ποντο
1161 300 1230 337 πρὸς
1250 302 1378 337 ἀνόνητον
1403 299 1619 337 είκαιδλατρείαν
1636 303 1690 337 (-2)'
1717 303 1853 339 αίσχύνην

1059 348 1106 374 καὶ
1131 343 1238 382 γέλωτα
1257 345 1307 383 τῆς
1330 345 1434 375 ἑαυτῶν
1451 347 1630 382 καταχέοντες
1646 348 1769 383 κεφαλῆς
1803 348 1853 375 καὶ

1059 394 1220 429 ἐπικουρίας
1241 390 1292 428 τ’ής
1317 392 1419 421 ἀνωθεν
1453 393 1618 428 αὐτόκλητον
1641 393 1775 429 ᾑρημένοι
1803 392 1853 428 τὴν

1059 441 1228 468 ἀπόπτωσιν.
1258 438 1314 467 καὶ
1339 437 1404 475 γοῦν
1429 437 1485 477 Ὲφη
1513 439 1595 472 Θεός·
1622 449 1631 466 ι
1664 440 1707 472 Ὠς
1734 440 1851 475 αἰσχύνη

1059 487 1178 514 κλέπτου
1197 485 1265 514 ’ὅταν
1290 484 1357 521 atq),
1386 486 1472 517 οὕτως
1493 485 1718 520 αἰσχυνθήσονται
1742 486 1774 511 οῐι
1796 485 1852 511 υἱοὶ

1067 533 1173 569 Ἰσραὴλ
1187 530 1275 565 αὐτοὶ,
1288 533 1334 559 καὶ
1344 534 1368 559 οί
1384 531 1502 567 βασιλεῖς
1515 532 1615 564 αὐτῶν,
1625 531 1669 558 καὶ
1679 531 1703 558 οί
1718 531 1851 566 ἄρχοντες

1059 579 1159 610 αὐτῶν,
1173 579 1220 605 καὶ
1233 578 1258 605 οἱ
1274 579 1354 614 ἱερεῖς
1370 578 1469 610 αὐτῶν,
1484 578 1531 604 καὶ
1545 578 1569 603 οἱ
1587 578 1726 612 προφῆται
1739 576 1831 602 αὐτῶν
1841 583 1851 591 ⁶

1058 624 1097 659 τῷ
1112 623 1182 658 ξύλῳ
1198 618 1288 656 εἶπαν,
1305 623 1346 649 ὅτι
1363 622 1458 657 Πατήρ
1475 630 1527 658 μου
1551 619 1576 648 εἴ
1589 622 1632 654 σὺ,
1649 622 1695 648 καὶ
1709 621 1748 656 τῷ
1766 621 1849 656 λίθῳ·

1060 668 1096 697 Σὺ
1120 669 1269 704 ἐγέννησας
1284 677 1328 704 με.
1344 669 1399 695 Καὶ
1422 666 1556 703 ἔστρεψαν
1575 665 1619 694 ἐπ’
1634 667 1684 702 ἐμὲ
1703 667 1786 699 νῶτα,
1802 668 1852 693 καὶ

1059 716 1089 742 οὐ
1111 716 1243 751 πρόσωπα
1267 714 1377 741 αὐτῶν*
1399 715 1444 742 καὶ
1468 715 1496 741 ὲν
1514 713 1552 749 τῷ
1575 713 1663 749 καιρῷ
1681 713 1736 740 τῶν
1756 713 1851 740 κακῶν

1058 762 1148 788 αὐτῶν
1169 761 1291 797 ἐροῦσιν·
1321 760 1436 786 Ἀνάστα
1450 760 1498 786 καὶ
1518 759 1604 786 σῶσον
1628 759 1711 795 ἡμᾶς.
1728 759 1783 785 Και
1796 758 1850 785 ποῦ

1060 805 1127 834 εἶσὶν
1143 808 1167 833 'ot
1188 806 1243 833 θεοί
1259 812 1317 839 σου,
1336 804 1382 838 οὓς
1399 804 1533 840 ὶποίησας
1556 804 1663 840 σαυτῷ,
1682 805 1713 831 Et
1730 804 1852 839 ἀναστή-

215 854 321 881 viarum
334 853 496 885 Jerusalem,
509 853 702 880 sacrificabant
713 852 786 880 Baal.
797 851 853 880 Cur
862 852 1006 888 loquimini

1060 862 1150 880 σονται
1170 853 1217 880 καὶ
1240 852 1357 880 σώσουσι
1382 861 1412 879 σε
1427 852 1456 879 ὲν
1476 851 1514 887 τῷ
1529 851 1617 887 καιρῷ
1632 851 1682 887 τῆς
1694 851 1847 882 κακώσεώς

215 900 249 927 ad
261 900 320 926 me?
331 899 431 926 Omnes
440 906 489 926 vos
501 898 583 933 impie
594 899 698 934 egistis,
709 903 737 926 et
747 906 842 926 omnes
853 907 901 925 vos
913 899 1006 933 inique

215 946 320 973 fecistis
338 945 365 972 in
377 953 431 977 me,
445 945 515 972 dicit
526 944 659 988 Dominus
671 945 702 971 ⁷⁸.
720 954 728 970 ι

1061 908 1126 934 ceu;
1152 900 1193 927 ὅτι
1208 899 1280 927 κατὰ
1298 896 1414 935 ἀριθμὸν
1429 899 1483 926 τῶν
1504 897 1607 925 πόλεών
1634 905 1680 925 σου
1700 894 1769 934 ἦσαν
1789 897 1850 924 θεοί

1060 954 1120 977 σου,
1145 944 1240 977 Ἰούδα,
1260 944 1306 971 καὶ
1329 944 1399 971 κατὰ
1422 943 1537 980 ἀριθμὸν
1559 941 1653 971 διόδων
1677 944 1727 979 τῆς
1748 943 1849 977 Ἰερου-

216 993 322 1028 σαλὴμ,
351 993 428 1019 ἔθυον
455 992 494 1027 τῷ
518 992 602 1019 Βαάλ.
628 992 708 1018 Ὶνατί
738 991 843 1018 λαλεῖτε
872 993 940 1028 πρὸς
963 1000 1012 1026 με;
1028 992 1130 1025 Πάντες
1143 993 1222 1028 ὑμεῖς
1236 993 1391 1028 ἡνομήσατε
1405 993 1445 1024 εἰς
1454 992 1514 1027 ἐμὲ,
1528 991 1601 1025 λέγει
1616 990 1727 1026 Κύριος.
1745 1000 1753 1015 ι
1806 1005 1809 1008 -

251 1038 348 1065 PALL.
362 1038 448 1065 Grave
461 1045 557 1065 revera
571 1038 687 1070 crimen,
700 1037 810 1073 Cyrillc.

250 1083 327 1111 CYR.
347 1084 401 1111 Sed
420 1088 463 1110 est
482 1084 591 1119 aliquis,
606 1087 637 1110 ut
657 1084 766 1119 opinor,
779 1091 976 1119 nonnunquam
989 1091 1006 1111 e

215 1133 311 1156 nostro
323 1137 432 1163 quoque
445 1137 562 1156 numero
574 1129 664 1156 adhuc
677 1137 732 1156 non
744 1129 892 1156 admodum
904 1129 1005 1156 confir-

215 1180 319 1206 matus,
341 1176 388 1209 qui
411 1175 530 1202 fucatam
552 1183 585 1202 ac
606 1175 760 1202 simulatam
782 1183 846 1210 erga
865 1175 1005 1203 Christum

214 1217 375 1245 charitatem
399 1222 530 1251 sectetur,
553 1223 582 1246 et
602 1217 662 1246 ovis
682 1220 883 1254 quodammodo
906 1221 1005 1255 pellem

215 1264 268 1291 sibi
280 1264 522 1299 circumposuerit,
536 1272 635 1300 nempe
656 1269 686 1292 ut
703 1263 736 1292 ad
754 1266 872 1300 speciem
885 1274 944 1294 esse
958 1267 1005 1295 Dei

215 1314 321 1336 amtor
333 1310 471 1342 videatur,
485 1318 547 1337 cum
568 1314 640 1338 terra
662 1311 708 1343 sit,
723 1315 750 1338 et
763 1312 891 1339 immanis
903 1312 1004 1345 bellua,

215 1356 350 1391 malignus
369 1356 435 1383 item
454 1364 488 1383 ac
500 1357 610 1390 varius;
624 1358 692 1384 adeo
713 1362 743 1384 ut
761 1358 835 1385 domi
849 1358 959 1392 quidem
974 1367 1006 1386 ac

215 1400 250 1427 de
268 1405 359 1432 nocte,
382 1401 508 1433 latenter,
531 1401 653 1436 inquam,
673 1402 870 1429 daemoniorum
891 1403 1006 1430 cultura:

215 1445 251 1473 sit
262 1445 389 1479 deditus;
403 1446 476 1473 idem
490 1450 592 1479 tamen,
606 1452 637 1474 ut
649 1447 797 1475 verisimile
815 1452 856 1475 est
866 1469 873 1480 ,
885 1453 1005 1483 pulctse
1019 1467 1041 1497 ο

214 1499 296 1528 posse
308 1492 392 1519 Deum
406 1500 516 1527 quoque
529 1492 618 1528 ipsum
637 1493 769 1528 effugere,
783 1498 811 1521 et
823 1494 896 1521 illam
909 1495 1006 1522 inetl‘a-

216 1538 280 1565 bilis
298 1538 372 1565 illius
391 1542 496 1566 naturae
516 1538 725 1574 intelligentiam
739 1540 842 1567 fallere.
855 1540 945 1568 Facile
957 1549 1007 1568 au-

216 1588 271 1611 tem
291 1584 398 1612 ostendi
415 1588 517 1618 potest,
531 1583 578 1619 qui
599 1584 636 1611 ita
658 1585 768 1617 sentiat,
780 1593 843 1612 eum
864 1586 1006 1621 gentilium

216 1637 326 1664 quoque
344 1629 459 1657 stultitia
476 1630 599 1664 turpiora
620 1630 749 1665 cogitare.
763 1630 830 1657 Nam
850 1630 1006 1658 Graecorum

215 1676 388 1710 sapientibus
400 1676 451 1707 sol,
465 1676 512 1710 qui
526 1675 654 1703 conditus
662 1684 694 1703 ac
705 1676 793 1704 factus
800 1681 851 1708 est,
860 1677 1005 1710 luminare,

216 1721 337 1756 inquam,
351 1721 419 1749 illud
438 1729 577 1756 magnum,
590 1726 618 1749 et
630 1721 664 1748 ad
678 1722 729 1749 hoc
742 1723 831 1757 ipsum
846 1730 860 1749 a
872 1723 928 1750 Deo
938 1731 1006 1750 con-

215 1767 315 1799 ditum,
326 1768 389 1803 jure
410 1767 514 1802 optimo
531 1768 625 1795 omnia
638 1768 763 1803 aspicere
778 1772 805 1795 et
818 1768 909 1796 omnia
922 1777 1005 1796 exau-

215 1813 276 1840 dire
288 1813 453 1843 videbatur:
467 1813 601 1848 putabant
611 1814 696 1846 enim,
709 1814 781 1848 quod
794 1822 844 1849 pro
856 1814 911 1841 Deo
922 1814 1007 1841 susci-

215 1863 339 1893 peretur,
353 1859 379 1886 id
396 1859 496 1887 divinat
513 1863 618 1887 naturae
635 1859 850 1895 proprietatibus
861 1859 1006 1895 praeditum

215 1912 276 1932 esse
287 1909 416 1940 oportere
429 1914 436 1932 :
448 1909 490 1933 est
499 1907 590 1933 autem
600 1913 715 1933 summa
726 1910 830 1933 natura:
841 1906 1005 1940 proprietas,

215 1950 308 1977 omnia
330 1950 400 1977 scire
419 1954 502 1986 atque
522 1951 687 1986 perspicere.
709 1950 762 1978 Sed
781 1951 820 1978 illi
838 1951 948 1986 quidem
970 1952 1007 1980 ita

216 1993 373 2021 sentiebant
385 2002 391 2020 :
404 1993 438 2021 ad
450 2001 501 2021 nos
511 2002 576 2021 vero
588 1994 660 2021 Deus
670 1994 735 2021 olim
747 1994 896 2021 clamabat:
911 2005 920 2020 ι
935 1993 1007 2023 Deus

216 2039 405 2073 propinquans
425 2046 475 2074 ego
496 2046 568 2071 sum,
581 2039 649 2066 dicit
659 2039 801 2072 Dominus,
816 2044 844 2067 et
862 2048 916 2067 non
936 2039 1007 2067 Deus

216 2085 250 2112 de
266 2086 345 2120 longe
366 2095 371 2112 :
390 2090 418 2112 et
438 2093 454 2112 a
474 2093 518 2112 me
529 2085 713 2112 abscondctur
734 2085 837 2120 aliquid
851 2086 892 2112 "?
907 2096 915 2111 ι
932 2087 1005 2114 Nihil

1095 1038 1200 1067 ΠΑΛΛ.
1222 1039 1311 1065 Δεινόν
1326 1048 1357 1073 γε
1367 1035 1404 1070 ὤς
1420 1038 1526 1074 ἀληθῶς
1539 1038 1568 1064 τὸ
1580 1038 1684 1073 χρῆμα,
1698 1034 1720 1064 ὦ
1732 1039 1792 1064 τᾶν.

1093 1083 1175 1111 ΚΥΡ.
1201 1083 1269 1110 Ἀλλ’
1293 1084 1307 1110 ὁ
1326 1083 1375 1118 μέν
1390 1091 1430 1115 τις
1449 1079 1504 1109 ἔσθ’
1524 1083 1567 1109 ὅτε
1582 1082 1637 1109 τῶν
1650 1081 1799 1108 τελούντων
1819 1082 1849 1107 ἐν

1057 1129 1133 1164 ἡμῖν,
1152 1128 1346 1164 ἐρηρεισμένος
1367 1128 1395 1155 δὲ
1417 1127 1493 1154 οὔπω
1512 1127 1582 1159 λίαν,
1611 1126 1802 1154 κατάπλαστον
1818 1127 1848 1152 δὲ

1057 1176 1104 1203 καὶ
1131 1172 1212 1211 νόθην
1230 1175 1279 1210 τὴν
1297 1176 1337 1206 εἰς
1356 1174 1474 1210 Χριστὸν
1496 1172 1675 1209 ἑπιτηδεῦσας
1696 1173 1848 1208 ἀγάπησιν,

1058 1222 1106 1248 καὶ
1118 1218 1175 1253 οἷος
1195 1220 1289 1256 ὥσπερ
1313 1220 1410 1247 κώδιον
1432 1219 1521 1256 ἑαυτῷ
1541 1219 1689 1256 περιτιθεὶς
1711 1219 1742 1246 τὸ
1758 1218 1848 1245 δοκεῖν

1057 1266 1126 1294 εἶναι
1149 1267 1286 1303 θεοφιλὴς,
1307 1266 1404 1302 πικρὸν
1428 1266 1476 1293 καὶ
1504 1266 1609 1293 ἀνόσιον
1635 1265 1712 1292 ἔσται
1739 1265 1845 1300 θηρίον.

1057 1313 1169 1348 κέρκωψ
1192 1322 1222 1339 τε
1237 1313 1283 1340 καὶ
1302 1312 1527 1348 άλλοπρόσαλλος,
1546 1312 1584 1343 ὡς
1596 1313 1665 1339 οἴκοι
1686 1311 1733 1338 καὶ
1756 1311 1846 1343 νυκτὶ,

1057 1360 1128 1396 φημὶ
1142 1360 1174 1394 δὴ
1186 1359 1216 1387 τὸ
1230 1359 1389 1394 λεληθότως,
1403 1360 1463 1390 ταῖς
1481 1359 1534 1385 τῶν
1552 1358 1698 1393 δαιμονίων
1717 1357 1848 1392 προσκεῖ-
1894 1366 1901 1373 ι

1057 1407 1118 1433 σθαι
1137 1405 1285 1441 λατρείαις,
1308 1404 1412 1431 οτεσθαι
1434 1404 1463 1431 δέ
1484 1413 1534 1431 που
1559 1404 1630 1431 κατὰ
1652 1403 1683 1430 τὸ
1697 1404 1779 1435 είκὸς⁷
1799 1401 1848 1429 καὶ.

1058 1452 1138 1479 αὐτὸν
1149 1450 1278 1478 δύνασθαι
1293 1450 1433 1485 διαδράναι
1447 1447 1525 1481 Θεὸν,
1540 1449 1588 1476 καὶ
1603 1447 1648 1476 τὸν
1664 1450 1713 1484 τῆς
1725 1446 1848 1484 ἀρρήτου

1059 1496 1166 1531 φύσεως
1179 1493 1414 1531 παραλογίσασθαι
1426 1494 1498 1522 νοῦν.
1518 1494 1641 1529 Ἐκδείξῃ
1655 1493 1677 1520 δ’
1694 1493 1725 1520 ἄν
1741 1501 1783 1524 τις
1799 1493 1848 1519 καὶ

1057 1540 1117 1566 λίαν
1136 1540 1265 1575 ἀμογητὶ,
1282 1538 1328 1566 τὸν
1351 1536 1406 1573 ᾦγε
1421 1537 1500 1566 ταυτὶ
1523 1538 1639 1573 πάρεστι
1662 1537 1780 1573 φρονεῖν.
1797 1537 1847 1571 τῆς

1063 1585 1196 1621 Ἐλλήνων
1214 1585 1376 1620 άὸελτηρίας
1392 1584 1427 1611 τὰ
1447 1584 1547 1619 αἰσχίω
1561 1581 1769 1619 βεϐουλημένον.
1784 1583 1848 1614 Τοῖς

1058 1632 1108 1666 μὲν
1127 1631 1181 1666 γὰρ
1197 1631 1261 1666 παρ’
1286 1629 1399 1666 Ἕλλησι
1421 1630 1512 1665 σοφοῖς
1530 1629 1637 1657 κτιστὸν
1654 1630 1701 1657 καὶ
1717 1629 1849 1665 γεννητὸν

1057 1676 1131 1710 ὄντα,
1147 1677 1224 1704 πάντ’
1242 1676 1342 1712 ἐφορᾷν
1354 1677 1400 1703 καὶ
1416 1676 1494 1703 πάντ’
1506 1676 1662 1708 ἐπακούειν,
1675 1676 1762 1712 ὀρθῶς
1774 1676 1847 1710 ἔχειν

1057 1723 1144 1750 ἐδόκει
1164 1723 1210 1750 τὸν
1234 1723 1309 1758 ἥλιον
1328 1723 1376 1758 (5),
1396 1723 1442 1750 τὸν
1462 1723 1594 1759 φωστῆρα
1616 1721 1661 1750 τὸν
1682 1722 1778 1758 μέγαν,
1799 1720 1848 1749 καὶ

1057 1770 1100 1795 ἐπ’
1119 1769 1195 1805 αὺτῷ
1213 1769 1245 1805 δὴ
1263 1769 1350 1805 τούτῳ
1373 1769 1557 1805 πεποιημένον
1572 1769 1648 1805 παρὰ
1660 1768 1743 1795 Θεοῦ·
1761 1768 1847 1803 ᾤοντο

1057 1815 1111 1850 γὰρ
1131 1815 1185 1842 δεῖν
1206 1816 1236 1842 τὸ
1251 1816 1279 1842 ὲν
1294 1815 1362 1842 Θεοῦ
1379 1815 1454 1849 τάξει
1478 1815 1712 1852 παρειλημμένον,
1729 1814 1785 1847 τοῖς
1796 1813 1847 1850 τῆς

1058 1861 1133 1892 θείας
1152 1861 1259 1895 φύσεως
1276 1862 1473 1899 καταπλουτεῖν
1495 1861 1656 1898 ἀξιώμασιν.
1680 1860 1801 1896 Ἀξίωμα
1816 1860 1846 1888 δὲ

1057 1907 1106 1942 τῆς
1118 1907 1248 1934 ἀνωτάτω
1260 1907 1377 1942 φύσεως,
1393 1908 1427 1934 τὰ
1439 1907 1527 1934 πάντα
1542 1906 1639 1934 εἰδέναι
1654 1908 1700 1934 καὶ
1712 1907 1844 1943 καθορᾷν.

1064 1950 1133 1979 Ἀλλ’
1148 1943 1246 1979 ἐκεῖνοι
1260 1952 1309 1988 μὲν
1329 1954 1358 1979 ἐν
1371 1952 1492 1984 τούτοις·
1507 1953 1573 1988 ἡμῖν
1589 1951 1617 1979 δὲ
1633 1952 1699 1985 Θεὸς
1711 1953 1846 1988 ἐπεφώνει

1058 1998 1154 2025 πάλαι·
1173 2008 1182 2024 ι
1200 1999 1265 2030 Θεὸς
1284 1998 1399 2033 ὲγγίξων
1418 1998 1472 2033 ἐγώ
1491 1999 1561 2034 είμι,
1579 1997 1653 2033 λέγει
1670 1997 1781 2035 Κύριος,
1798 1999 1845 2026 καὶ

1057 2045 1117 2079 οὐχὶ
1132 2044 1197 2076 Θεὸς
1213 2044 1368 2080 πόρρωθεν·
1388 2044 1424 2079 μὴ
1440 2045 1487 2071 ἀπ’
1505 2043 1571 2080 ἐμοῦ
1588 2043 1756 2081 κρυϐήσεταί
1767 2054 1811 2079 τι;
1831 2056 1841 2071 ν

1058 2089 1142 2117 Λάθοι
1160 2090 1213 2125 γὰρ
1235 2089 1310 2116 οὐδὲν
1332 2086 1378 2115 τόν
1402 2098 1434 2123 γε
1451 2089 1558 2124 άληθῶς
1580 2089 1659 2124 φύσει
1684 2090 1760 2117 Θεόν.
1789 2089 1845 2117 Καὶ

216 2131 290 2157 enim
310 2131 394 2158 latere
408 2135 499 2165 potest
518 2138 581 2158 eum
613 2131 660 2165 qui
680 2135 778 2158 natura
798 2139 916 2167 vereque
935 2133 1006 2160 Deus

1061 2135 1274 2170 μυσταγωγείτω
1285 2136 1299 2162 ὁ
1311 2135 1446 2171 μακάριος
1457 2135 1539 2162 Δαϐὶδ
1551 2135 1637 2170 λέγων
1646 2144 1653 2151 ·
1666 2145 1676 2162 ι
1692 2134 1788 2163 Σύνετε
1798 2133 1843 2170 δὴ,

215 2180 268 2203 est.
288 2177 372 2211 quue
393 2177 503 2204 divinus
515 2176 600 2204 David
614 2185 664 2204 nos
676 2176 793 2204 docebit!
803 2177 898 2205 dicens
911 2187 917 2204 ε
935 2188 944 2203 ι
959 2177 1005 2205 ln-

218 2222 343 2257 telligite,
357 2222 520 2256 insipientes
533 2222 560 2249 in
581 2222 692 2256 populo,
705 2226 734 2249 et
755 2223 842 2254 stulti,
858 2223 1005 2257 aliquando

217 2269 319 2303 sapite:
329 2268 375 2303 qui
385 2269 517 2302 plantavit
529 2276 635 2300 aurem,
648 2276 702 2294 non
710 2268 819 2295 audiet?
828 2273 857 2295 et
868 2269 915 2303 qui
928 2268 1006 2297 tinxit

216 2314 339 2346 oculum,
354 2322 407 2341 non
421 2314 574 2340 considerat
585 2314 624 2339 ’ῖθῖ
642 2324 649 2339 ι
664 2313 796 2341 Dicebant
810 2314 883 2341 enim
900 2315 1006 2342 scilicet

218 2359 343 2386 nonnulli
356 2368 411 2394 przc
428 2359 543 2386 stultitia
559 2368 564 2384 :
582 2369 590 2383 ‹
606 2359 665 2386 Non
683 2359 787 2386 videbit
800 2360 940 2392 Dominus,
955 2368 1005 2387 ne-

217 2413 272 2439 que
294 2406 429 2440 intelliget
450 2406 522 2432 Deus
542 2406 626 2433 Jacob
640 2406 672 2432 θ’.
690 2415 699 2431 ι
724 2406 822 2433 Annon
835 2406 1007 2441 desipientia;

218 2459 331 2478 summae
344 2456 387 2479 est
396 2452 500 2484 dicere,
513 2452 625 2479 minime
639 2459 702 2478 eum
715 2452 794 2484 scire,
808 2452 854 2487 qui
872 2452 1005 2487 cognitio-

217 2497 262 2524 nis
283 2498 401 2524 tributor
413 2498 462 2530 sit;
476 2506 509 2525 ac
529 2502 626 2533 putare
646 2506 709 2526 eum
722 2506 776 2525 non
797 2498 937 2530 exaudire,
958 2498 1006 2534 qui

217 2541 292 2569 hunc
304 2550 414 2570 sensum
426 2544 508 2571 rebus
522 2552 537 2571 a
549 2552 577 2571 se
594 2544 712 2571 conditis
726 2544 848 2571 dederit?

1058 2181 1173 2216 ἄφρονες
1192 2181 1221 2207 ὲν
1238 2180 1276 2216 τῷ
1287 2179 1354 2217 λαῷ,
1376 2181 1423 2207 καὶ
1439 2181 1536 2217 μωροί,
1555 2182 1620 2208 ποτὲ
1637 2182 1810 2217 φρονήσατε·
1829 2182 1844 2208 6

1058 2226 1194 2261 φυτεύσας
1206 2226 1236 2254 τὸ
1249 2225 1305 2260 οὖς,
1324 2227 1373 2254 οὐκ
1386 2226 1511 2261 dimouit;
1533 2228 1579 2254 καὶ
1591 2227 1605 2252 6
1625 2227 1730 2259 πλάσας
1744 2228 1844 2262 ὀφθαλ-

1060 2272 1137 2307 μοὺς,
1146 2272 1205 2307 οὐχ).
1215 2273 1355 2305 κατανοεί;
1369 2281 1378 2297 ι
1388 2272 1536 2307 Ἔφασκον,
1545 2270 1631 2308 οἶμαι,
1640 2271 1711 2304 τινὲς
1722 2271 1753 2305 ἐξ
1763 2272 1845 2300 ἀσυν-

1057 2318 1133 2350 εσίας
1143 2326 1150 2334 ·
1168 2328 1177 2344 ι
1199 2318 1256 2344 Οὐκ
1272 2317 1365 2352 δψεται
1379 2317 1482 2353 Κύριος
1492 2339 1499 2351 ,
1515 2318 1569 2344 οὐδ’
1582 2318 1611 2345 οὐ
1623 2319 1733 2354 συνήσει
1746 2320 1760 2346 ὁ
1778 2319 1844 2351 Θεὸς

1062 2364 1169 2392 Ἰακώϐ.
1191 2374 1201 2391 ι
1221 2365 1257 2391 Ἣ
1280 2364 1331 2391 οὐκ
1353 2364 1456 2399 ἠλίθιον
1475 2362 1582 2401 κομιδῇ,
1602 2365 1633 2391 τὸ
1652 2366 1721 2400 μήτε
1744 2365 1844 2392 ειδέναι

1056 2411 1145 2446 λέγειν
1158 2412 1204 2438 τὸν
1218 2411 1267 2446 τῆς
1287 2410 1412 2445 γνώσεως
1431 2411 1559 2446 χορηγὸν,
1584 2412 1652 2447 μήτε
1665 2411 1720 2447 μὴν
1735 2412 1844 2451 ὲπαίειν

1056 2455 1173 2488 οἴεσθαι,
1193 2455 1239 2483 τὸν
1255 2457 1310 2488 τοῖς
1333 2455 1397 2491 παρ’
1415 2455 1497 2483 αὑτοῦ
1511 2451 1634 2499 γεχονόσι
1648 2455 1679 2483 τὸ
1694 2455 1791 2492 χρῆμα
1806 2457 1844 2483 δι-

1055 2502 1135 2529 δόντα
1145 2512 1153 2536 ;
1502 2513 1504 2515 ·

251 2631 341 2659 "Jer.
357 2641 386 2664 ιι,
402 2632 495 2660 26-29.
527 2633 549 2649 "’
564 2633 620 2660 Jer.
639 2641 715 2665 um,
729 2632 772 2660 23.
810 2633 833 2649 ⁸ο
850 2632 920 2661 Psal.
934 2643 1006 2667 xcnl,
1019 2634 1046 2667 8,
1066 2635 1093 2663 9.
1131 2635 1153 2652 ⁶¹
1172 2636 1254 2668 lbid.,
1270 2635 1296 2663 7.

251 2702 289 2737 (ί)
305 2703 438 2730 Homerus
453 2703 531 2731 "iud.
545 2704 572 2736 ς’
590 2712 596 2730 :

253 2738 372 2769 Χρύσεα
385 2739 543 2772 χαλκείων,
557 2739 725 2774 ἑκατόμϐοι’
738 2740 926 2768 έἭ-εαϐοίων.

260 2783 287 2818 2)
298 2783 365 2820 Cod.
378 2784 449 2816 νεῖ..
462 2784 691 2820 είδωλολατρείαν.
701 2785 834 2820 Superius
844 2786 915 2813 idem
925 2787 999 2820 cod.,

269 2827 299 2844 ον
311 2818 448 2854 λατρείαν.

1090 2707 1126 2743 (5)
1146 2707 1294 2746 Homerum
1318 2708 1455 2746 intelligit,
1467 2708 1513 2745 qui
1540 2709 1639 2737 Iliados
1662 2710 1743 2738 tertio
1768 2710 1839 2746 Aga-

1053 2751 1225 2770 memnonem
1240 2743 1267 2770 in
1282 2743 1384 2772 foedere
1398 2743 1487 2772 Solem
1501 2746 1669 2773 invocantem
1680 2746 1742 2773 fecit
1760 2756 1768 2773 :

1060 2787 1174 2821 Ἠέλιός
1186 2788 1211 2817 θ’
1224 2789 1257 2823 ὃς
1273 2790 1359 2817 πάντ’
1372 2792 1482 2826 ἐφορᾷς
1498 2793 1546 2819 καὶ
1568 2793 1653 2820 πάντ’
1668 2794 1840 2830 ἐπακούεις.Δ
