1934 3042
70 143 128 174 435

110 203 218 236 ΠΔΛΛ.
246 201 387 229 Ἀπίθανον
405 201 553 232 παντελῶς.

110 249 195 276 ΚΥΡ.
218 247 423 284 Προσκυνητέον
438 245 483 274 οὖν
499 247 553 283 ἄρα
572 248 645 283 μόνῳ
661 255 690 274 τε
704 248 750 273 καὶ
762 247 868 283 ὀλοτρό-

74 302 135 326 πως
159 293 254 329 Κυρίῳ
276 292 315 328 τῷ
346 292 415 327 Θεῷ,
442 292 512 319 κατὰ
527 292 577 324 τὰς
591 292 716 328 Γραφὰς,
737 293 821 327 ἑτέρῳ
840 293 868 318 δὲ

74 340 142 375 παρ’
160 340 242 367 αὑτὸν
253 338 350 366 οὐδενί.
369 338 525 373 Γέγραπται
540 338 603 374 γὰρ,
617 338 658 365 ὅτι
677 348 686 364 ι
699 338 806 370 Τέλειος
820 338 867 374 ἔσῃ

74 386 199 414 ἐναντίον
213 385 316 421 Κυρίου
331 385 379 412 τοῦ
392 385 459 412 Θεοῦ
479 394 536 412 σου.
560 394 568 410 ι
586 385 730 420 Τελειότης
746 384 774 411 δὲ
789 393 869 411 πνευ-

77 433 192 468 ματικὴ,
212 433 244 459 τὸ
263 432 404 468 ἱδρυμένον
425 433 453 459 ὲν
471 431 578 464 πίστει,
596 432 642 458 καὶ
656 430 806 467 ἀμώμητον
829 432 868 464 εἰς

74 478 217 514 λατρείαν,
234 478 282 505 καὶ
305 477 355 512 τῆς
379 478 418 509 εἰς
438 477 504 504 Θεὸν
527 478 637 512 ἀγάπης
661 477 691 504 τὸ
708 477 868 513 ἀδιάϐλητον

75 524 186 556 κάλλος.

111 570 219 598 ΠΔΛΛ.
238 569 316 597 Οὕτω
334 569 414 605 φημί.

110 617 195 644 ΚΥΡ.
218 615 282 653 ⁷Δρ¹
306 616 370 650 οὖν,
388 614 410 643 ὦ
433 616 584 650 Παλλάδιε,
608 617 672 649 τοὺς
696 617 796 652 ἥκιστα
818 617 867 652 μὲν

75 663 149 695 θεοῖς
164 663 284 700 ἑτέροις,
308 663 390 699 ἤγουν
412 664 444 698 τῇ
470 663 558 690 κτίσει
577 664 654 700 παρὰ
670 663 714 690 τὸν
729 663 868 690 Κτίσαντα

75 710 241 745 προσκυνεῖν
259 709 414 744 ἑλομένους·
436 709 617 745 πειθομένους
641 709 679 745 (l)
702 709 731 736 δὲ
752 709 802 736 οὐκ
819 707 867 737 οἷδ’

74 755 151 787 ὅπως
174 757 235 787 ταῖς
258 755 312 782 τῶν
336 754 602 790 εἱδωλολατρούντων
626 754 865 790 ψευδομαντείαις,

76 800 176 836 μώμου
191 801 237 827 καὶ
257 800 344 832 αἰτίας
359 801 568 836 ὰπαλλάξομεν;
590 800 606 835 ἢ
621 800 676 827 τῶν
694 800 734 831 εἰς
749 800 868 827 ἀπόστα-

75 855 119 874 σιν
140 847 321 882 ἐγκλημάτων
345 847 503 882 ἐλευθέρους
526 847 685 881 ἀποφαίνειν
702 848 758 878 τοῖς
779 855 810 880 γε
829 846 867 879 ὡς

75 894 185 930 ἀληθῶς
199 895 320 929 γνησίοις
334 894 453 929 ἀσφαλές
462 902 470 928 ;

112 984 219 1011 ΠΑΛΛ.
234 984 379 1020 Οὐδαμῶς.

113 1029 196 1057 ΚΥΡ.
231 1029 451 1065 ’Δστρογοητεῖαι
478 1029 507 1056 δὲ
540 1029 586 1057 καὶ
617 1029 791 1065 κληδονισμοὶ
822 1028 869 1056 καὶ

74 1075 304 1110 ψευδομαντεῖαι,
321 1076 367 1102 καὶ
388 1075 575 1111 δαιμονιώδεις
594 1075 775 1110 φενακισμοὶ,
799 1074 868 1111 πρέ-

75 1130 155 1148 ποιεν
168 1121 211 1154 ἂν,
227 1119 303 1157 οἶμαί
318 1111 383 1154 που,¹
400 1122 491 1157 μόνοις
499 1130 528 1148 τε
541 1121 588 1149 καὶ
601 1122 672 1157 τάχα
680 1122 734 1154 τοῖς
747 1121 869 1149 ὲκτοπώ-

75 1175 146 1194 τατα
179 1166 433 1203 προτεθυμημένοις
460 1166 509 1203 τὴν
534 1166 620 1194 ἀκλεᾶ
653 1168 701 1195 καὶ
731 1168 869 1203 ἐπάρατον

75 1213 300 1249 εἰδωλολατρείαν
316 1213 509 1246 εἰσοικίζεσθαι
525 1213 595 1240 κατὰ
605 1213 677 1242 νοῦν.

112 1259 218 1286 ΠΔΛΛ.
247 1258 350 1295 Ὀρθῶς
373 1259 452 1295 ἔφης.
485 1259 604 1286 Ἐπείτοι
631 1261 680 1287 καὶ
704 1260 775 1293 θεῖος
802 1263 868 1298 ἡμῖν

76 1306 223 1342 παρεγγυᾷ
246 1305 342 1340 λόγος,
369 1305 419 1341 τὴν
443 1305 484 1337 εἷς
508 1314 540 1340 γε
563 1305 675 1338 τούτους
700 1307 869 1343 αἰσχρότητα

76 1351 335 1387 καταμυσάττεσθαι
358 1351 424 1379 δεῖν.
454 1352 531 1388 Ἔχει
553 1352 581 1379 δὲ
603 1351 700 1385 οὕτως·
728 1363 737 1379 ι
759 1353 823 1381 Ἐὰν
837 1354 867 1381 δὲ

75 1399 201 1435 εἰσέλθῃς
215 1399 318 1435 εἰςτὴν
335 1399 402 1434 γῆν,
421 1399 454 1435 ἣν
479 1399 608 1434 Κύριοςό
624 1399 690 1431 Θεός
715 1408 762 1426 σου
776 1399 868 1427 δίδωσί

76 1455 130 1478 σοι,
153 1447 184 1473 οὐ
209 1445 323 1482 μαθήσῃ
347 1446 434 1476 ποιεῖν
460 1446 531 1472 κατὰ
555 1445 589 1472 τὰ
613 1445 786 1482 βδελύγματα
814 1447 868 1474 τῶν

75 1491 162 1519 ἐθνῶν
170 1492 293 1519 ἐκείνωνθ
307 1492 357 1527 οὐχ
367 1491 546 1528 εὑρεθήσεται
562 1492 591 1518 ὲν
607 1492 648 1518 σοὶ
663 1492 868 1529 περικαθαίρων

75 1539 122 1565 τὸν
143 1538 202 1565 υἱὸν
224 1538 308 1565 αὑτοῦ
333 1539 380 1565 καὶ
403 1538 452 1572 τὴν
469 1537 609 1575 θυγατέρα
628 1538 710 1565 αὑτοῦ
735 1539 764 1566 ὲν
789 1539 866 1574 πυρὶ,

77 1585 280 1620 μαντευόμενος
309 1584 453 1620 μαντείαν,
480 1586 529 1612 καὶ
553 1573 794 1621 χληδονιζόμενος,
820 1573 867 1612 καὶ
881 1573 901 1602 c

74 1631 281 1667 οἰωνιζόμενος,
305 1632 469 1668 φαρμακός,
487 1631 595 1667 ἐπᾴδων
618 1631 763 1667 ἐπαοιδήν,
782 1632 867 1666 ἐγγα-

77 1677 247 1714 στρίμυθος,
273 1678 321 1704 καὶ
342 1676 561 1713 τερατοσκόπος,
588 1677 636 1703 καὶ
670 1676 781 1711 ἐρωτῶν
804 1677 868 1709 τοὺς

75 1724 202 1761 νεκρούς·
215 1724 272 1751 ἐστι
290 1723 345 1759 γὰρ
359 1723 496 1758 βδέλυγμα
510 1722 607 1758 Κυρίῳ
625 1722 665 1759 τῷ
678 1722 739 1758 Θεῷ
752 1731 798 1751 σου
814 1725 867 1755 πᾶς

75 1772 163 1800 ποιῶν
183 1771 281 1798 ταῦτα.
304 1780 313 1796 ι
338 1769 392 1796 Καὶ
415 1769 474 1804 μεθ’
487 1769 569 1806 ἕτερα
584 1769 666 1797 πάλιν
688 1769 764 1805 φησί·
786 1780 795 1796 ι
815 1769 867 1796 Τέ-

75 1817 146 1850 λειος
158 1816 207 1853 ἔσῃ
219 1816 308 1843 ἔναντι
319 1816 423 1852 Κυρίου
435 1815 481 1842 τοῦ
492 1814 559 1842 Θεοῦ
575 1823 633 1841 σου·
645 1815 680 1842 τὰ
691 1815 754 1851 ἔθνη
768 1815 866 1849 ταῦτα,

76 1864 122 1896 οὓς
136 1865 168 1891 σὺ
180 1862 465 1899 κατακληρονομήσεις
477 1860 587 1893 αὐτοὺς,
598 1858 671 1887 οὗτοι
681 1860 867 1896 κληδονισμῶν

77 1911 124 1938 καὶ
136 1909 270 1945 μαντειῶν
278 1907 449 1936 ἀκούσονται·
463 1907 504 1934 σοὶ
517 1907 545 1934 δὲ
555 1907 604 1942 οὐχ
617 1906 703 1938 οὕτως
711 1906 795 1934 ἔδωκε
812 1907 867 1934 Κύ-

79 1965 135 1993 ριος
149 1957 164 1983 ό
183 1955 250 1987 Θεός
266 1964 323 1982 σου.
347 1955 494 1990 Προφήτην
511 1953 543 1980 ὲκ
559 1953 614 1980 τῶν
629 1952 750 1988 ἀδελφῶν
767 1961 814 1979 σου
830 1953 867 1986 ὡς

77 2004 126 2039 ἐμὲ
140 2003 287 2038 ἀναστήσει
302 2001 403 2036 Κύριος
419 2002 433 2028 ό
450 1999 517 2032 Θεός
530 2008 588 2026 σου·
609 1999 704 2036 [αὑτοῦ
719 1999 867 2027 ἀκούσεσθε

77 2050 147 2076 κατὰ
161 2048 250 2075 πάντα
260 2048 311 2074 ὃσα
323 2047 416 2083 ᾐτήσω
428 2047 504 2082 παρὰ
526 2046 628 2082 Κυρίου
653 2046 700 2072 τοῦ
724 2046 791 2073 Θεοῦ
808 2046 866 2082 σου]

77 2096 105 2122 tv
123 2094 226 2130 Χωρὴὸ
236 2095 269 2130 τῇ
281 2094 373 2129 ήμέρᾳ
386 2093 436 2128 τῆς
453 2092 610 2128 ἐκκλησίας.
628 2101 637 2118 ι

111 2142 196 2168 ΚΥΡ.
213 2138 296 2174 Εὖγε,
313 2137 336 2167 ὣ
351 2139 473 2175 φιλότης.
492 2138 629 2174 Ἐψόμεθα
646 2138 702 2174 γὰρ
717 2139 868 2174 οὐχἰτεραι

77 2189 223 2220 τοσκόποις
239 2196 269 2214 τε
289 2188 337 2214 καὶ
357 2186 588 2223 νεκρομάντεσιν,
607 2186 664 2213 ἀλλ’
676 2186 737 2213 οὐδὲ
754 2187 867 2221 πτήσεις

440 143 484 172 DE
503 143 726 172 ADORATIONE
744 145 776 172 IN
795 144 930 173 SPlBlTU
950 144 994 172 ET
1014 145 1198 173 VERITATE.
1220 145 1283 172 LIB.
1305 145 1346 171 γι.

880 205 904 234 Α
953 202 1051 230 PALL.
1070 202 1226 230 Absurdum
1240 203 1362 230 omnino.

1657 145 1709 174 ιεσ

953 247 1032 275 CYR.
1054 247 1101 274 [lle
1121 247 1204 283 igitur
1220 247 1294 275 solus
1314 252 1395 282 atque
1418 246 1506 274 modis
1521 246 1649 273 omnibus
1667 251 1708 274 est

919 293 1074 322 adurandus
1093 293 1225 321 Dominus
1246 294 1335 326 Deus,
1359 298 1389 321 ut
1410 293 1559 329 Scriptura!
1580 293 1708 327 tradunt;

919 340 990 368 alius
1001 348 1066 367 vero
1078 344 1177 375 praeter
1190 339 1279 375 ipsum
1291 340 1393 367 nullus.
1409 339 1547 375 Scriptum
1560 343 1603 367 est
1615 339 1688 366 enim
1701 348 1708 365 :

923 395 931 411 ι
943 385 1084 413 Perfectus
1090 385 1146 412 eris
1155 389 1218 412 ante
1228 385 1373 413 Dominum
1380 386 1465 412 Deum
1475 390 1552 412 tuum
1561 385 1592 412 5'.
1606 394 1615 410 ι
1631 385 1710 420 183

918 431 1003 459 Porro
1021 431 1172 466 spiritualis
1185 431 1317 467 perfectio
1330 435 1372 459 est
1386 431 1500 459 ﬁrmitas
1514 430 1587 464 ﬁdei,
1602 435 1629 458 et
1641 431 1711 471 inte;

918 484 966 511 ger
978 477 1078 510 cultus,
1093 480 1121 504 et
1141 476 1393 512 irreprehensibilis
1415 476 1443 503 in
1462 477 1549 503 Deum
1567 475 1710 504 charitatis

919 523 1106 558 pulchritudo.

954 569 1054 596 PALL.
1072 569 1118 597 Sic
1130 569 1229 596 sentio.

953 614 1031 643 CYR.
1044 615 1115 643 Num
1128 615 1221 651 igitur,
1234 615 1348 648 Palladi,
1361 615 1408 650 qui
1422 614 1535 642 minime
1547 614 1585 641 illi
1598 613 1710 649 quidem

919 661 986 689 deos
1000 662 1104 690 alienos
1116 666 1163 689 aut
1175 666 1249 689 certe
1261 666 1414 689 creaturam
1428 661 1519 696 potius
1532 668 1613 695 quam
1626 660 1711 687 Crea—

920 711 1007 734 torem
1027 707 1143 734 adorare
1165 707 1193 734 in
1213 707 1333 734 animum
1354 706 1528 738 induxerint;
1548 704 1595 732 sed
1616 703 1709 736 iidem,
1744 740 1749 743 _

918 753 1012 779 nescio
1024 761 1077 787 qua
1092 753 1196 780 ratione
1211 757 1312 785 tamen,
1325 752 1401 780 falsis
1417 752 1490 779 idola
1501 751 1650 778 colentium
1662 757 1710 777 va~

919 794 1022 826 ticiniis
1033 799 1115 826 ﬁdem
1127 799 1239 832 habent,
1251 807 1299 827 eos
1310 799 1526 834 reprehensione
1537 801 1618 832 atque
1630 796 1710 832 culpa

918 853 1015 873 vacare
1036 845 1178 874 dicemus?
1204 850 1251 873 aut
1270 846 1380 873 eosdem
1401 845 1574 873 desertorum
1596 844 1711 872 crimine

882 887 904 917 Β
919 892 1022 920 liberos
1040 892 1227 927 pronuntiare,
1242 892 1276 921 iis
1296 896 1386 919 tutum
1405 900 1465 920 esse
1478 891 1646 927 putabimus,
1665 891 1712 926 qui

920 947 984 967 vere
1001 939 1161 974 sincereque
1176 939 1224 967 Dei
1238 943 1374 966 amatores
1385 939 1457 966 sint?

955 985 1054 1013 PALL.
1067 986 1189 1013 Minime.

954 1032 1032 1061 (ΠΒ.
1045 1033 1190 1061 Astrorum
1199 1041 1309 1069 quoque
1321 1033 1495 1069 praestigiosre
1508 1032 1714 1060 observationes

919 1082 947 1106 et
957 1078 1058 1111 omina,
1071 1083 1099 1106 et
1112 1079 1186 1106 falsae
1198 1079 1393 1111 divinationes,
1406 1082 1434 1105 et
1448 1077 1622 1105 daemoniacm
1633 1077 1714 1105 dece-

918 1125 1038 1160 ptiones,
1061 1125 1116 1152 illis
1134 1125 1210 1158 solis,
1224 1129 1254 1152 ut
1268 1126 1378 1160 opinor,
1405 1125 1584 1157 conveniunt,
1611 1125 1714 1160 quibus

919 1170 1116 1199 absurdissime
1135 1171 1226 1206 placet
1247 1171 1394 1207 ignobilem
1417 1175 1499 1207 atque
1515 1171 1713 1205 exsecrabilem

919 1217 1054 1245 idolorum
1071 1217 1175 1245 cultum
1197 1217 1224 1245 in
1239 1217 1362 1245 animum
1379 1217 1534 1245 admittere.

955 1263 1052 1290 PALL.
1071 1263 1154 1291 Recte
1168 1263 1247 1291 dicis.
1268 1264 1336 1291 Nam
1358 1263 1470 1291 divinus
1490 1271 1600 1299 quoque
1621 1271 1714 1292 sermo

919 1309 999 1337 nobis
1010 1309 1135 1345 praecipit
1153 1309 1288 1345 ejusmodi
1303 1317 1394 1337 rerum
1408 1309 1529 1337 dedecus
1543 1317 1576 1337 ac
1592 1309 1712 1345 turpitu-

919 1355 1011 1383 dinem
1029 1355 1192 1383 abominari.
1207 1355 1252 1383 Sic
1263 1360 1356 1383 autem
1370 1356 1452 1384 habet
1467 1365 1473 1383 :
1490 1366 1499 1382 ι
1515 1355 1583 1384 Cum
1595 1364 1662 1384 vero
1673 1356 1715 1383 in-

919 1409 1030 1436 gressus
1043 1401 1128 1429 lueris
1143 1401 1171 1429 in
1187 1406 1286 1429 terram
1310 1410 1392 1437 quam
1413 1401 1547 1430 Dominus
1563 1402 1635 1430 Deus
1650 1406 1714 1430 tuus

919 1447 965 1477 dat
980 1448 1039 1481 tibi,
1054 1456 1109 1476 non
1121 1449 1210 1476 disces
1221 1449 1312 1477 facere
1322 1449 1399 1484 juxta
1413 1449 1632 1477 abominationes
1646 1457 1714 1485 gen—

920 1494 988 1521 tium
1010 1494 1118 1522 illarum
1133 1503 1140 1521 :
1155 1502 1209 1522 non
1222 1495 1379 1522 invenietur
1395 1495 1423 1523 in
1438 1499 1467 1528 te,
1484 1495 1605 1524 lustrans
1626 1496 1714 1524 ﬁlium

919 1548 1011 1573 suum,
1028 1545 1075 1568 aut
1088 1541 1171 1568 ﬁliam
1190 1549 1267 1569 suam
1286 1542 1314 1568 in
1329 1542 1402 1577 igne,
1420 1541 1548 1570 divinans
1565 1543 1714 1572 divinatio—

919 1594 993 1620 nem,
1014 1591 1044 1615 et
1061 1588 1198 1620 ominans,
1221 1591 1249 1615 et
1266 1596 1414 1623 augurans,
1440 1589 1590 1622 veneﬁcus,
1617 1590 1698 1618 incan

919 1638 980 1662 tans
1008 1634 1244 1668 incantationem,
1272 1635 1424 1671 Pythonem
1453 1636 1570 1669 habens,
1596 1640 1625 1664 et
1647 1645 1698 1672 por

919 1685 1058 1708 tentorum
1079 1682 1229 1716 inspector,
1254 1685 1282 1709 et
1303 1681 1476 1717 interrogans
1499 1687 1623 1710 mortuos
1672 1688 1715 1711 est

918 1727 992 1755 enim
1006 1727 1176 1756 abominatio
1197 1728 1313 1755 Domino
1326 1728 1382 1755 Deo
1405 1732 1453 1755 tuo
1474 1728 1564 1756 omnis
1582 1729 1630 1764 qui
1649 1729 1715 1757 facit

919 1773 983 1801 talia
995 1774 1028 1800 ⁸³.
1045 1783 1054 1799 ι
1072 1773 1179 1809 Etpost
1200 1774 1253 1801 alia
1275 1781 1371 1801 rursus
1392 1774 1431 1801 ait
1450 1783 1456 1800 :
1476 1783 1485 1799 ι
1500 1774 1641 1802 Perfectus
1658 1775 1714 1803 eris

919 1829 1010 1848 coram
1021 1821 1138 1848 Domino
1148 1822 1204 1849 Deo
1218 1826 1265 1848 tuo
1280 1831 1285 1848 :
1304 1826 1399 1857 gentes
1414 1822 1456 1849 ha:
1471 1830 1540 1857 quas
1551 1827 1578 1850 tu
1591 1823 1715 1858 posside-

920 1866 971 1899 bis,
987 1867 1030 1894 has
1039 1867 1131 1894 omina
1141 1871 1170 1894 et
1181 1867 1365 1895 divinationes
1375 1868 1488 1896 audient
1500 1878 1506 1895 :
1518 1869 1568 1897 tibi
1579 1877 1647 1897 vero
1658 1878 1713 1897 non

919 1911 959 1938 sic
973 1911 1050 1939 dedit
1068 1912 1200 1940 Dominus
1211 1913 1285 1940 Deus
1301 1917 1379 1947 tuus;
1393 1914 1555 1950 prophetam
1571 1922 1605 1941 ex
1620 1914 1714 1943 fratri-

919 1958 971 1986 bus
982 1958 1046 1991 tuis,
1058 1962 1090 1986 ut
1099 1966 1153 1992 me,
1165 1959 1435 1987 excitabitDominus
1446 1960 1518 1988 Deus
1527 1964 1605 1994 tuus;
1622 1961 1712 1995 ipsum

919 2004 1046 2038 audietis,
1058 2005 1135 2041 juxta
1154 2006 1247 2033 omnia
1261 2013 1433 2041 quaecunque
1454 2006 1558 2042 petiisti
1570 2015 1586 2034 a
1597 2007 1713 2035 Domino

920 2051 976 2079 Deo
987 2056 1035 2079 tuo
1048 2051 1076 2079 in
1089 2051 1191 2085 Horeb,
1206 2051 1234 2079 in
1247 2051 1291 2079 die
1305 2053 1523 2088 congregationis
1537 2053 1569 2080 5".
1594 2064 1603 2079 ι
1646 2063 1649 2065 ·

954 2143 1033 2171 CYR.
1049 2143 1182 2170 Praeclare
1206 2143 1257 2176 ais,
1281 2143 1384 2171 Palladi
1398 2153 1405 2170 :
1418 2151 1507 2179 neque
1522 2143 1596 2171 enim
1614 2152 1712 2179 seque—

920 2196 982 2216 mur
994 2193 1184 2224 portentorum
1201 2189 1382 2225 conjectores,
1398 2193 1426 2216 ει
1441 2189 1635 2217 necromantiae
1650 2197 1715 2224 0pc-

74 2235 130 2263 τῶν
143 2234 262 2268 οἰωνῶν,
275 2233 312 2265 ὡς
326 2233 425 2269 ἀληθές
434 2242 460 2260 τι
476 2233 572 2268 χρῆμα
584 2232 802 2268 παραδεξόμεθα,
816 2232 867 2259 κᾶν

923 2243 978 2262 ram
1000 2235 1097 2262 dantes
1119 2236 1194 2271 :jam
1215 2243 1282 2263 vero
1300 2243 1389 2271 neque
1402 2236 1510 2263 volatus
1524 2235 1637 2269 avium,
1653 2239 1714 2263 tan-

78 2286 102 2311 ει
115 2281 241 2317 φέροιντο
256 2279 324 2316 πρὸς
345 2279 448 2312 δεξιὸν,
470 2279 520 2305 εἴτ’
533 2277 580 2306 οὖν
596 2279 635 2310 είς
652 2277 792 2314 εὐώνυμον
810 2277 848 2314 (2)
859 2286 866 2292 ·

73 2328 126 2354 κᾶν
153 2328 178 2354 εἰ
201 2327 269 2362 πρὸς
292 2326 411 2362 ἑσπέραν
431 2334 460 2352 τε
473 2326 520 2353 καὶ
537 2325 604 2361 πρὸς
617 2325 668 2359 ἠῶ’
688 2325 793 2361 μωρίας
813 2325 869 2360 γὰρ

61 2401 67 2412 γ
79 2375 155 2402 ταυιῇ¹
168 2373 219 2410 τῆς
238 2373 367 2409 ἐσχάτης.
394 2372 531 2407 Ἦγεμόνα
547 2372 575 2398 δὲ
589 2372 635 2398 τοῦ
653 2372 754 2403 παντὸς
775 2371 868 2398 ποιοῦ-

77 2429 153 2457 μενοι
170 2420 216 2448 τὺν
233 2419 351 2455 Χριστὸν
365 2419 411 2446 τὸν
422 2419 456 2446 δι’
472 2419 546 2454 ἡμᾶς
557 2418 618 2445 καθ’
629 2418 704 2453 ἡμᾶς
714 2418 866 2453 προφήτην,

79 2466 142 2501 παρ’
166 2465 250 2492 αὐτοῦ
273 2464 416 2500 ληψόμεθα
439 2464 492 2491 τῶν
509 2463 667 2499 ἀναγκαίων
687 2463 736 2499 τὴν
756 2464 866 2498 γνῶσιν,

69 2513 122 2539 καὶ
135 2511 211 2547 αὐτῷ
228 2510 474 2547 προσεδρεύσομεν,
489 2509 617 2545 οἰμώζειν
635 2509 728 2545 μακρὰ
739 2511 799 2541 ταῖς
814 2510 868 2537 τῶν

67 2557 226 2593 δαιμονίων
243 2557 434 2592 ψευδοεπείαις
453 2557 500 2583 καὶ
522 2555 552 2582 τὸ
573 2555 709 2591 ἐρρῶσθαι
730 2555 867 2590 λέγοντες.

77 2603 158 2639 Μόνῳ
171 2603 227 2638 γὰρ
239 2602 335 2638 ὥσπερ
347 2602 378 2629 τὺ
393 2602 492 2638 χρῆναι
507 2601 648 2634 ζωοποιεῖν
662 2602 708 2629 καὶ
722 2601 870 2637 κατάρχειν

71 2650 129 2678 τῶν
145 2650 216 2677 ὅλων
227 2670 234 2684 ,
249 2649 373 2685 φυσικῶς
389 2657 418 2676 τε
435 2649 481 2676 καὶ
499 2649 590 2680 ἰδικῶς
610 2647 782 2675 ἀνακείσεται
800 2647 868 2684 Θεῷ·

110 2719 135 2736 ⁸¹
146 2719 318 2752 Deut.xvnl,
332 2719 376 2746 15.
416 2719 439 2735 ⁵⁸
462 2717 631 2753 ibid1i9-12.
671 2716 691 2732 '”
712 2716 780 2744 ibid.
804 2716 896 2744 15-15.

125 2779 151 2812 Ι)
168 2777 238 2806 Cod.
254 2778 328 2810 νει..
346 2776 583 2812 προσκειμένουςτν
807 2799 820 2812 Ξ

122 2810 151 2845 Si
168 2814 258 2842 Verba
272 2810 383 2840 Homeri
396 2810 513 2840 latenter
529 2811 632 2838 indicat
649 2817 710 2845 quae
727 2815 791 2838 sunt
803 2810 870 2838 Ilia-

73 2846 120 2878 dos
135 2846 170 2882 Μ,
187 2849 234 2877 ubi
248 2849 348 2876 Hector
363 2848 396 2875 ad
414 2846 634 2882 Polydamantem
651 2846 738 2880 inquit
751 2855 757 2871 :

79 2887 158 2920 Γύνη
180 2884 206 2912 δ’
222 2883 353 2911 οἰωνοῖσι
374 2881 634 2915 τανυπτερύγεσσι
651 2881 784 2914 κελεύεις

238 2933 373 2973 Ῥέη-κοιλ.
398 2931 456 2962 GR.
473 2929 608 2966 LXVIII.

922 2288 1004 2315 quam
1014 2288 1110 2308 verum
1120 2280 1223 2315 aliquid
1232 2281 1423 2316 polliceantur,
1433 2278 1609 2316 accipiemus,
1619 2289 1715 2316 quam-

922 2326 964 2353 vis
984 2326 1157 2353 dextrorsum
1185 2325 1310 2354 ferantur
1331 2329 1380 2353 aut
1402 2326 1601 2359 sinistrorsum,
1619 2331 1666 2354 aut
1679 2326 1715 2354 ad

922 2380 1049 2400 occasum
1061 2372 1103 2399 vel
1123 2372 1157 2399 ad
1178 2376 1270 2399 ortum
1293 2371 1358 2399 solis
1371 2380 1377 2398 :
1390 2376 1455 2399 sunt
1467 2373 1541 2399 enim
1554 2372 1613 2400 haec
1623 2377 1714 2400 extre-

922 2425 973 2444 mae
999 2417 1154 2445 dementiae.
1179 2417 1282 2444 Ducem
1306 2424 1372 2444 vero
1395 2417 1430 2444 ad
1453 2417 1545 2444 omnia
1567 2425 1717 2453 sequemur

921 2464 1073 2496 Christum,
1090 2464 1167 2492 illum
1182 2468 1295 2499 propter
1315 2471 1365 2491 nos
1382 2463 1501 2491 similem
1520 2463 1600 2491 nobis
1612 2464 1716 2492 factum

922 2514 950 2538 et
966 2508 1142 2546 prophetam;
1158 2510 1193 2538 ab
1207 2510 1266 2545 ipso
1282 2510 1448 2544 accipiemus
1472 2517 1566 2536 rerum
1586 2517 1715 2538 necessa-

923 2556 1026 2584 riarum
1047 2556 1241 2592 cognitionem,
1261 2556 1367 2592 ipsique
1383 2555 1576 2589 assidebimus,
1597 2563 1629 2584 ac
1649 2555 1732 2596 falsa.

923 2602 1122 2630 daemoniorum
1141 2602 1252 2630 oracula
1273 2602 1435 2638 abjiciemus
1449 2606 1476 2629 et
1496 2606 1714 2630 contemnemus.

926 2648 1006 2685 184
1020 2649 1055 2677 Ut
1076 2649 1150 2677 enim
1171 2649 1255 2676 rebus
1273 2648 1410 2676 universis
1421 2653 1449 2676 et
1460 2648 1544 2676 vitam
1556 2647 1677 2676 tribuere
1688 2650 1717 2678 et

924 2777 1092 2809 Πείθεσθαι,
1106 2776 1165 2804 τῶν
1179 2776 1243 2803 οὐτι
1253 2774 1450 2809 μετατρέπομ’
1461 2775 1525 2802 οὐδ’
1543 2772 1671 2809 ἀλεγίζω.

922 2812 984 2839 Εἶτ’
995 2812 1044 2839 ἐπὶ
1063 2811 1136 2843 δέεί
1152 2812 1218 2839 Imm.
1235 2811 1309 2845 πρὸς
1321 2809 1365 2844 ἠῶ
1379 2810 1406 2845 τ’
1420 2810 1525 2843 ἠέλιόν
1535 2818 1577 2841 τε,

927 2848 988 2876 Εἶτ’
1001 2848 1047 2875 ἐπ’
1056 2847 1195 2883 ἀριστερὰ
1206 2846 1252 2873 τοί
1253 2844 1285 2881 γε
1295 2845 1361 2872 ποτὶ
1373 2844 1462 2879 ζὶίφον
1473 2845 1624 2880 ἠερόεντα.

1483 2924 1520 2956 14
