1934 3042
255 140 306 169 l‘l‘l

754 137 781 165 s.
797 137 932 165 CYRILLI
953 123 1185 166 A’LEXANDRIM
1205 139 1363 169 AltClllEP.

1821 143 1871 172 428

252 207 342 231 ortum
354 201 430 233 dare,
447 199 597 227 secundum
613 203 738 225 naturam
751 206 782 225 ac
797 199 906 234 proprie
923 199 972 226 soli
984 199 1024 226 De

1091 200 1135 226 τὸν
1150 201 1245 233 αὑτὸν,
1259 199 1351 236 οἶμαι,
1368 202 1466 237 τρόπον
1476 223 1483 235 ,
1502 202 1548 229 καὶ
1561 203 1591 230 τὺ
1605 204 1712 231 πάντων
1733 204 1806 240 ἔχειν
1823 206 1869 241 τὴν

252 247 428 277 tribuendum
440 249 497 273 est:
512 245 562 278 sic,
576 249 606 271 ut
619 244 726 280 opinor,
739 245 860 272 omnium
872 253 981 280 quoque
996 253 1038 272 re-

251 301 311 322 rum
334 292 516 328 cognitionem
539 291 642 319 habere
663 295 726 318 :est
748 295 841 318 autem
859 293 918 327 ejus
934 296 1039 318 natura;

249 331 393 377 proprium
407 346 451 366 res
463 337 567 366 futuras
579 337 722 366 manifeste
735 339 817 370 scire,
832 342 859 366 et
870 346 962 366 rerum
974 338 1037 365 uni-

250 393 392 415 versarum
416 384 608 420 cognitionem,
623 384 651 412 in
671 392 700 412 se
722 385 782 419 ipso
794 383 878 412 veluti
896 384 1037 412 collectam

249 437 352 462 tenere.
368 433 408 460 An
430 431 479 459 tibi
494 439 590 467 parum
610 431 748 467 sapienter
763 437 794 458 ac
811 439 875 459 vere
889 431 982 459 dicere
997 431 1037 459 vi-

242 479 363 506 demur?

283 521 380 549 PALL.
395 521 454 548 lino
469 528 535 548 vero
548 521 675 548 maxime.

280 567 359 596 (ΠΒ.
377 568 407 595 ln
421 568 511 603 ipsum
525 567 608 603 igitur
620 567 806 602 peccabimus,
818 571 846 594 et
858 567 892 595 ad
904 567 978 595 illius
990 575 1036 595 su-

242 621 347 649 premae
361 613 454 649 gloria:
469 613 597 649 injuriam
612 617 738 641 nostrum
755 614 860 642 crimen
874 613 1034 648 pertinebit,

245 659 268 686 si
285 658 399 687 nefariis
422 662 450 686 et
474 659 590 694 impuris
615 659 758 694 spiritibus
776 659 865 686 inesse
890 658 1036 686 credemus

244 713 277 733 ea
303 705 404 741 quibus
418 705 463 733 ille
479 705 635 738 decoratur,
649 709 677 733 et
690 705 837 733 admodum
851 704 966 740 insignis
981 709 1032 733 est.

241 751 302 779 Jam
315 751 389 778 enim
402 750 471 779 adeo
488 751 570 779 stulte
590 752 774 779 sentientibus
789 751 884 779 licebit
904 750 972 778 illud
986 759 1033 778 su—

243 796 343 832 spicari
358 805 364 822 :
378 796 462 823 vitam
483 804 592 831 quoque
615 796 737 824 tribuere
752 803 843 832 posse,
864 801 946 831 atque
965 796 1034 824 adeo

239 842 413 870 conditorem
426 850 487 870 esse
497 842 635 875 Satanam,
651 842 674 869 si
688 850 748 877 quae
765 842 887 870 omnium
899 846 1032 877 praestan-

243 889 346 916 tissima
359 892 433 922 sunt,
445 893 473 916 et
488 889 599 924 proprie
610 888 659 916 Dei
671 892 776 916 natura:
788 889 959 921 tribuuntur,
975 896 1032 915 non

241 933 328 960 solum
344 933 395 968 ipsi
413 933 606 966 concedemus,
621 941 715 961 verum
732 934 814 961 etiam
835 937 933 960 natura
951 933 1032 960 insita

240 987 300 1007 esse
319 979 444 1007 dicemus
458 988 464 1006 :
478 979 622 1015 proprium
643 984 686 1007 est
706 987 788 1016 porro
803 983 886 1015 atque
901 979 1032 1007 eximium

240 1033 352 1053 summa;
366 1025 439 1052 illius
450 1028 554 1052 naturae
567 1024 671 1052 bonum
684 1025 804 1061 cognitio
818 1032 911 1052 rerum
924 1025 1031 1053 futura-

240 1078 310 1098 rum.
326 1070 367 1097 An
380 1079 474 1098 verum
488 1078 544 1098 non
555 1074 598 1098 est
608 1070 682 1105 quod
694 1070 773 1098 dico?

274 1116 372 1144 PALL.
388 1115 422 1143 Et
439 1115 549 1151 quidem
565 1116 683 1143 maxime
696 1124 703 1142 :
715 1115 754 1143 ait
773 1116 845 1143 enim
866 1116 1030 1151 quibusdam

239 1169 287 1196 per
307 1161 383 1188 Isaiae
396 1169 504 1194 vocem,
516 1161 563 1196 qui
577 1169 608 1188 ea
630 1169 691 1197 qua:
706 1161 754 1189 Dei
768 1166 843 1195 sunt,
866 1162 899 1189 ad
920 1167 1030 1190 creatu-

236 1213 295 1232 ram
308 1205 461 1233 deferrent:
480 1214 489 1230 ι
505 1205 669 1233 Mementote
682 1205 791 1238 horum,
803 1210 831 1233 et
842 1206 1028 1241 iugemiscite;

234 1251 426 1286 paenitentiam
447 1250 530 1286 agite,
550 1251 597 1286 qui
612 1251 725 1284 erratis;
744 1255 772 1278 et
791 1251 878 1278 redite
895 1251 988 1284 corde,
1002 1255 1030 1279 et

237 1301 403 1324 mementote
418 1297 543 1332 priorum
563 1304 578 1324 a
599 1297 709 1329 saeculo,
723 1296 788 1331 quia
800 1303 851 1332 ego
870 1304 930 1324 sum
944 1297 1027 1329 Deus,

236 1347 263 1370 ct
277 1351 331 1370 non
349 1347 391 1370 est
404 1343 476 1370 alius
489 1347 588 1378 praeter
603 1350 656 1375 me,
669 1342 837 1370 annuntians
846 1342 924 1378 prius
936 1346 1028 1370 extre~

236 1396 290 1420 ma,
303 1393 451 1423 antequam
470 1387 536 1415 ﬁant
548 1392 576 1416 et
587 1387 668 1415 simul
680 1388 815 1423 completa
829 1388 896 1420 sint,
909 1391 937 1415 et
948 1387 1004 1416 dixi
1020 1397 1026 1414 :

235 1433 322 1462 Omne
345 1434 491 1461 consilium
510 1441 601 1460 meum
621 1433 720 1466 stabit;
741 1436 770 1460 et
797 1432 887 1460 omnia
901 1440 962 1467 quas
977 1432 1026 1459 de-

235 1479 311 1507 crevi
328 1479 428 1507 faciam
443 1479 477 1506 ".
494 1487 504 1504 ›
519 1476 555 1507 Ut
573 1479 647 1506 enim
660 1478 818 1506 ostenderet
837 1485 891 1505 non
909 1485 970 1506 esse
985 1478 1026 1505 al-

1089 246 1198 281 γνῶσιν.
1217 248 1296 276 Ἴδιον
1312 249 1340 276 δὲ
1354 249 1462 284 φύσεως
1484 250 1534 285 τῆς
1551 250 1645 283 αὑτοῦ,
1659 251 1689 278 τὸ
1704 252 1803 279 εἰδέναι
1823 261 1870 280 σα-

1089 293 1147 328 φῶς
1172 293 1208 321 τὰ
1235 295 1371 330 ἐσόμενα,
1404 296 1451 323 καὶ
1482 297 1692 333 συνειλεγμένην
1724 298 1820 335 ὥσπερ
1844 299 1871 326 ὲν

1089 339 1177 376 ἑαυτῷ
1191 341 1239 376 τὴν
1252 341 1306 369 τῶν
1319 342 1386 370 ὅλων
1401 343 1502 379 εἴδησιν
1517 343 1598 379 ἔχειν.
1618 345 1653 371 Ἣ
1667 344 1727 380 οὐχὶ
1748 346 1830 380 σοφός
1841 353 1868 372 τι

1089 387 1135 414 καὶ
1145 386 1263 422 ἀτρεκὴς
1274 387 1290 414 ό
1300 387 1346 415 ἐπὶ
1358 388 1425 424 τῷδε
1436 388 1528 424 λόγος;

1121 518 1227 545 ΠᾹΛΛ.
1250 519 1324 546 Πάνυ
1338 519 1386 554 μὲν
1396 516 1452 546 οὖν.

1121 564 1203 591 ΚΥΡ.
1220 565 1268 596 Εἰς
1283 564 1364 592 αὑτὸν
1380 563 1426 592 οὖν
1441 565 1495 601 ἀρα
1510 566 1753 603 πλημμελήσομεν,
1766 567 1814 596 καὶ
1831 569 1869 602 είς

1085 609 1135 645 τὴν
1155 610 1286 638 ἀνωτάτω
1301 610 1379 643 δόξαν
1403 611 1420 647 ἠ
1442 611 1550 648 γραφὴ,
1574 613 1598 640 εί
1625 613 1750 649 βεϐήλοις
1771 623 1801 642 τε
1823 616 1869 642 καὶ

1084 655 1251 691 ἀκαθάρτοις
1280 656 1432 692 πνεύμασιν
1456 658 1555 686 ἐνεῖναι
1577 659 1760 696 πιστεύσομεν
1781 661 1816 688 τά
1836 661 1869 688 δι’

1084 697 1122 729 ὧν
1140 701 1221 734 αὐτὸς
1243 703 1470 730 κατακαλλύνοιτό
1490 712 1520 730 τε
1546 704 1592 731 καὶ
1612 705 1729 741 ὑπάρχει
1745 706 1805 734 λίαν
1821 708 1868 734 ὲκ-

1084 748 1202 783 πρεπής.
1233 747 1304 783 Ὥρα
1337 749 1387 785 ἤδη
1419 750 1607 786 διακειμένους
1639 752 1687 779 ὡδὶ
1721 753 1869 789 φληνάςρως

1084 792 1205 819 ὑπονοεῖν
1228 793 1276 820 καὶ
1297 793 1438 825 ζωοποιεῖν
1462 794 1609 828 δύνασθαι,
1633 797 1679 823 καὶ
1699 797 1731 833 δὴ
1755 798 1802 825 καὶ
1824 798 1868 834 δη-

1086 838 1214 874 μιουργὸν
1228 839 1360 876 ὑπάρχειν
1375 840 1422 868 τὸν
1438 841 1571 875 Σατανᾶν,
1585 842 1655 870 είτά
1672 844 1782 871 πάντων
1798 845 1868 877 ἐξαί-

1085 892 1150 918 ρετα
1175 884 1222 911 καὶ
1248 884 1338 916 ίδικῶς
1369 885 1536 922 ἀνακείμενα
1557 889 1590 923 τῇ
1614 888 1661 915 τοῦ
1685 889 1753 917 Θεοῦ
1777 890 1866 925 φύσει,

1087 930 1255 965 χαριούμεθά
1275 939 1305 957 τε
1330 931 1420 967 αὐτῷ,
1442 933 1489 959 καὶ
1514 935 1739 969 προσπεφυκέναι
1766 937 1865 972 φαμέν·

1082 975 1146 1003 ἴδιον
1164 977 1193 1003 δὲ
1206 977 1253 1004 καὶ
1270 978 1407 1014 ἐξαίρετον
1423 979 1525 1013 ἀγαθὸν
1535 981 1584 1016 τῆς
1599 982 1731 1009 ἀνωτάτω
1745 983 1866 1017 φύσεως,

1079 1021 1135 1049 τῶν
1152 1023 1289 1058 ἐσομένων
1307 1024 1323 1059 ἡ
1339 1024 1449 1058 γνῶσις.
1468 1025 1503 1052 Ἦ
1514 1026 1565 1053 οὑκ
1585 1026 1683 1063 ἀληθὲς
1695 1027 1710 1054 ὅ
1727 1037 1813 1064 (pinu;

1115 1109 1220 1137 HAAA.
1242 1109 1298 1136 Καὶ
1312 1110 1395 1146 μάλα.
1411 1111 1480 1146 Φησὶ
1502 1101 1614 1148 γὰρ’διά
1632 1114 1724 1150 φωνῆς
1743 1116 1865 1147 Ἠσατου.

1079 1155 1148 1190 πρός
1170 1164 1246 1187 τινας
1273 1156 1449 1189 ἀνατιθέντας
1476 1159 1508 1193 τῇ
1537 1159 1624 1186 κτίσει
1648 1160 1683 1187 τά
1708 1161 1756 1188 τοῦ
1785 1162 1865 1189 Θεοῦ·

1082 1210 1091 1227 ι
1107 1201 1251 1249 Μνησθητε
1265 1201 1362 1236 ταῦτα,
1387 1204 1434 1230 καὶ
1449 1204 1604 1238 στενάξατεσ
1621 1209 1819 1244 μετανοήσατε,
1838 1210 1863 1236 οί

1078 1247 1295 1282 πεπλᾶνημένοι,
1305 1248 1487 1284 ἐπιστρέψατε
1497 1251 1530 1285 τῇ
1544 1251 1652 1287 καρδίᾳ,
1666 1253 1712 1279 καὶ
1726 1254 1865 1290 μνήσθητε

1079 1293 1201 1328 πρότερα
1220 1293 1274 1320 ἀπὸ
1296 1293 1343 1320 τοῦ
1362 1294 1474 1328 αίῶνος,
1496 1296 1537 1322 ὅτι
1553 1296 1609 1331 ἐγώ
1633 1298 1692 1332 εἰμι
1715 1298 1795 1333 Θεὸς,
1817 1300 1864 1327 καὶ

1077 1338 1128 1366 οὐκ
1149 1338 1222 1366 ἐστιν
1242 1338 1282 1365 ἔτι
1303 1339 1372 1375 πλὴν
1392 1339 1460 1376 ἐμοῦ
1481 1340 1655 1376 ἀναγγέλλων
1678 1343 1810 1379 πρότερον
1831 1344 1864 1371 τὰ

1077 1384 1189 1421 ἔσχατα,
1209 1385 1274 1421 πρὶν
1287 1385 1356 1413 αὺτά
1372 1386 1514 1421 γενέσθαι,
1530 1388 1577 1415 καὶ
1591 1388 1650 1424 ἅμα
1671 1390 1862 1426 συνετελέσθη,

1077 1431 1124 1458 καὶ
1144 1430 1219 1459 εἶπα·
1240 1433 1319 1460 Πᾶσα
1343 1441 1393 1469 μου
1414 1434 1431 1469 ἡ
1455 1433 1538 1470 βουλὴ
1552 1435 1691 1470 στήσεται,
1709 1437 1757 1464 καὶ
1774 1438 1863 1465 πάντα

1076 1477 1127 1505 ὅσα
1151 1478 1346 1514 βεὸούλευμαι,
1371 1480 1485 1515 ποιήσω.
1506 1491 1516 1507 ι
1541 1481 1665 1517 Μήνυσιν
1689 1482 1742 1519 γὰρ
1766 1483 1863 1520 ὥσπερ

235 1530 326 1553 terum
346 1528 447 1561 praeter
459 1532 488 1552 se
499 1528 597 1552 natura
616 1531 647 1552 ac
660 1531 724 1551 vere
741 1524 838 1557 Deum,
852 1523 1024 1551 auditoribus

1078 1523 1124 1550 τοῦ
1141 1524 1178 1560 μὴ
1201 1524 1294 1560 ἕτερον
1318 1523 1387 1552 εἶναι
1410 1534 1473 1552 τινα
1488 1526 1553 1562 παρ’
1568 1527 1649 1554 αὐτὸν
1669 1527 1748 1562 φύσει
1762 1537 1793 1556 τε
1815 1530 1864 1557 καὶ

234 1572 302 1599 illud
321 1575 451 1606 tanquam
470 1571 603 1598 indicium
625 1570 727 1602 attulit,
749 1577 848 1605 nempe
861 1570 1023 1598 annuntiare

1078 1569 1185 1604 ἀληθῶς
1201 1569 1267 1596 Θεὸν
1280 1571 1336 1602 τοῖς
1349 1570 1534 1606 ἀκροωμένοις
1549 1572 1631 1600 ἐτίθει
1642 1573 1672 1599 τὸ
1684 1573 1863 1609 ἀναγγέλλειν

233 1627 262 1647 se
274 1626 354 1655 posse
366 1622 498 1651 extrema,
514 1618 672 1654 priusquam
687 1617 793 1644 ﬁerent.

266 1665 345 1693 CYR.
359 1664 492 1693 Praeclare
510 1664 561 1697 ais,
576 1663 690 1691 Palladi.
707 1663 760 1690 Sed
776 1663 869 1695 velim,
889 1667 918 1690 ut
933 1663 1022 1690 adhuc

231 1712 377 1748 diligenter
391 1711 535 1739 veritatem
547 1710 734 1745 dispiciamus,
754 1713 835 1744 atque
851 1709 917 1736 illud
930 1708 1021 1736 consi—

226 1759 370 1791 (feremus,
379 1765 433 1793 qua
442 1757 559 1789 ratione,
568 1757 591 1784 si
599 1756 712 1784 omnino
728 1756 800 1783 inter
819 1763 867 1783 eos
879 1763 1022 1783 censemur

222 1804 276 1839 qui
294 1807 367 1831 recte
387 1807 416 1831 et
431 1802 588 1838 evangelice
604 1802 698 1829 vivere
712 1801 818 1833 volunt,
831 1801 960 1828 falsarum
977 1800 1020 1828 di-

225 1849 400 1877 vinationum
413 1848 613 1876 assentationes
629 1854 790 1882 sequamur;
809 1849 837 1873 et
851 1853 914 1873 cum
929 1845 965 1873 ita
981 1845 1018 1873 si-

229 1903 290 1922 mus
308 1894 423 1927 intenti,
449 1897 580 1929 tanquam
608 1892 642 1920 ab
674 1892 729 1920 illis
755 1889 859 1926 aliquid
885 1898 949 1918 vere
975 1890 1018 1918 di-

226 1945 323 1972 catur,
349 1939 488 1975 quomodo
512 1946 568 1967 non
589 1938 739 1966 Salvatoris
761 1937 848 1965 nostri
869 1944 964 1964 vocem
983 1936 1019 1965 de

228 1986 372 2015 mendacio
388 1985 614 2014 condemnemus.
629 1983 704 2012 Dixit
716 1983 789 2011 enim
806 1982 928 2018 profecto
938 1990 1017 2010 arro-

226 2033 355 2068 gantibus
365 2031 547 2067 superbisque
562 2029 664 2058 Iudaeis
678 2037 684 2055 :
700 2037 709 2054 ι
723 2027 778 2056 Vos
790 2035 825 2055 ex
838 2031 914 2063 patre
926 2030 1017 2055 vestro

225 2077 335 2105 diabolo
345 2076 422 2109 estis,
435 2079 463 2104 et
474 2074 611 2102 desideria
620 2074 707 2109 patris
717 2073 800 2101 vestri
814 2073 897 2100 vultis
909 2072 1014 2106 facere;

219 2123 271 2150 ille
284 2121 420 2150 homicida
433 2120 485 2148 fuit
495 2119 530 2147 ab
542 2119 630 2152 initio,
646 2122 675 2147 et
688 2119 716 2146 in
731 2118 846 2146 veritate
857 2126 913 2146 non
925 2119 1013 2153 stetit;

224 2169 307 2204 185
328 2168 392 2203 quia
411 2175 467 2195 non
484 2170 527 2194 est
546 2166 648 2193 veritas
668 2165 696 2192 in
717 2164 795 2200 ipso:
809 2172 872 2193 cum
891 2165 1014 2200 loquitur

1075 1614 1207 1642 δύνασθαι
1221 1615 1256 1642 τὰ
1270 1614 1371 1651 Εσχατα
1389 1616 1454 1651 πρὶν
1471 1616 1540 1644 αὐτὰ
1550 1617 1686 1651 γενέσθαι.

1110 1661 1194 1688 ΚΥΡ.
1214 1659 1251 1688 Εὖ
1271 1670 1320 1696 γε,
1340 1658 1362 1688 ὦ
1383 1662 1526 1690 Παλλάδιε.
1550 1663 1700 1700 Βουλοίμην
1719 1665 1741 1692 δ’
1766 1666 1800 1693 ἂν
1821 1665 1864 1694 ἔτι

1074 1707 1292 1742 περιαθροῦντας
1307 1705 1336 1734 εὖ
1358 1707 1431 1743 μάλα
1443 1708 1473 1736 τὸ
1489 1709 1597 1744 ἀληθὲς,
1614 1710 1661 1737 καὶ
1676 1711 1735 1738 τόδε
1751 1712 1863 1740 διασκο-

1075 1753 1146 1779 πεῖν
1157 1752 1218 1780 τινα
1241 1753 1342 1788 τρόπον
1355 1753 1412 1787 ἔτι,
1433 1754 1457 1781 εἰ
1481 1755 1603 1790 τελοῖμεν
1624 1756 1692 1789 ὅλως
1708 1756 1736 1784 ἐν
1753 1766 1785 1792 γε
1803 1760 1862 1791 τοῖς

1073 1799 1194 1826 ἐθέλουσι
1215 1799 1288 1834 βιοῦν
1306 1799 1393 1836 ὀρθῶς
1404 1809 1434 1827 τε
1447 1800 1493 1828 καὶ
1508 1801 1692 1837 εὐαγγελικῶς
1702 1823 1709 1835 ,
1725 1805 1786 1836 ταῖς
1807 1804 1862 1831 τῶν

1072 1845 1291 1881 ψευδομαντειῶν
1305 1845 1435 1878 θωπείαις
1457 1846 1578 1882 ἑψόμεθα
1597 1848 1644 1875 καὶ
1661 1848 1693 1884 δὴ
1714 1849 1761 1876 καὶ
1775 1858 1862 1886 xpos-

1072 1892 1230 1927 εσχηκότες,
1246 1892 1284 1924 ὡς
1306 1891 1349 1927 εἴη
1370 1901 1412 1925 τις
1433 1893 1512 1928 λόγος
1524 1894 1538 1920 ό
1554 1895 1617 1929 παρ’
1632 1895 1722 1922 αὐτῶν
1743 1895 1860 1932 ἀληθὴς,

1070 1937 1131 1973 οὐχὶ
1147 1939 1197 1973 τῆς
1219 1937 1265 1965 τοῦ
1291 1938 1417 1974 Σωτῆρος
1441 1938 1621 1975 καθοριοῦμεν
1637 1942 1728 1976 φωνῆς
1746 1941 1778 1968 τὸ
1801 1942 1860 1970 δια-

1070 1983 1214 2019 ψεύδεσθαι
1229 1984 1294 2011 δετν.
1313 1984 1385 2020 Ἔφη
1404 1985 1459 2021 γάρ
1474 1994 1525 2012 που
1540 1985 1587 2013 καὶ
1604 1986 1672 2022 πρὸς
1683 1987 1746 2019 τοὺς
1763 1987 1862 2020 ἀλαζό-

1070 2037 1119 2061 νας
1132 2029 1180 2056 καὶ¹
1192 2029 1324 2066 ὑσριστὰς
1337 2030 1494 2068 Ἰουδαίους*
1509 2041 1519 2058 ί
1540 2031 1634 2068 Ὑμεῖς
1647 2033 1680 2060 ὲκ
1695 2033 1742 2060 τοῦ
1754 2034 1859 2069 πατρὸς

1070 2075 1147 2111 ὑμῶν
1170 2076 1216 2103 τοῦ
1238 2076 1363 2103 διαϐόλου
1388 2077 1450 2104 ἐστὲ
1464 2097 1471 2111 ,
1498 2077 1545 2106 καὶ
1570 2078 1620 2111 τὰς
1641 2079 1787 2116 ἐπιθυμίας
1810 2081 1858 2108 τοῦ

1070 2120 1173 2156 πατρὺς
1186 2120 1262 2156 ὑμῶν
1284 2121 1376 2149 θέλετε
1398 2123 1494 2150 ποιεῖν·
1512 2124 1614 2156 ἐκεῖνος
1634 2124 1859 2160 ἀνθρωποκτόνος

1067 2163 1102 2202 ἦν
1117 2166 1164 2193 ἀπ’
1189 2166 1286 2203 ἀρχῆς,
1304 2167 1351 2194 καὶ
1367 2168 1395 2195 ἐν
1416 2169 1448 2204 τῇ
1473 2169 1586 2205 ἀληθείᾳ
1603 2169 1651 2205 οὐχ
1672 2170 1798 2206 ἕστηκεν,
1816 2172 1858 2198 ὅτι

226 2214 408 2247 mendacium,
420 2220 455 2241 ex
474 2211 594 2248 propriis
614 2211 750 2246 loquitur;
769 2210 832 2246 quia
844 2211 961 2238 mendax
972 2216 1014 2239 est

1078 2211 1118 2238 tim
1139 2210 1212 2238 ἔστιν
1236 2211 1350 2248 ἀλήθεια
1373 2212 1402 2240 ἐν
1418 2213 1501 2249 αὐτῷ·
1517 2214 1580 2242 ὅταν
1604 2215 1681 2242 λαλεῖ
1697 2216 1729 2243 τὸ
1746 2216 1857 2251 ψεῦδος,

225 2261 292 2296 ipse,
305 2264 334 2288 et
351 2263 429 2295 pater
445 2259 505 2294 ejus
520 2258 552 2284 “.
571 2267 580 2283 ι
596 2257 739 2290 Quomodo
755 2257 851 2292 igitur,
868 2258 916 2292 qui
936 2265 1013 2286 men-

223 2307 276 2334 dax
285 2310 337 2338 est,
350 2313 434 2333 verax
444 2303 499 2332 erit
510 2303 650 2338 unquam?
661 2306 708 2330 aut
724 2303 862 2337 quomodo
872 2311 928 2330 non
939 2303 1014 2331 oumi

222 2360 257 2379 ex
264 2356 341 2387 parte
349 2350 476 2382 mendax,
487 2349 534 2384 qui
544 2348 571 2375 in
578 2347 693 2375 veritate
699 2355 755 2376 non
764 2348 856 2376 stetit?
863 2348 958 2376 Nonne
965 2348 1015 2384 igi-

221 2403 269 2424 tur
284 2398 351 2433 jam,
371 2395 486 2427 Palladi,
501 2394 589 2421 cuivis
608 2393 783 2421 manifestum
794 2394 858 2428 erit,
874 2395 896 2423 si
911 2394 1013 2422 daemo-

222 2444 331 2471 niorum
349 2442 470 2470 vocibus
491 2441 636 2469 veritatem
663 2440 827 2474 tribuemus,
853 2441 912 2470 fore
933 2446 964 2470 ut
977 2443 1012 2470 de

222 2487 365 2516 mendacio
376 2486 516 2514 Christum
527 2486 753 2519 condemnemus.
769 2489 798 2514 et
811 2487 922 2515 mentiri
935 2488 1010 2516 veri-

221 2538 306 2561 tatem
322 2532 466 2560 dicamus?

249 2620 353 2649 vPALL.
370 2620 448 2648 Haud
460 2620 540 2656 longe
550 2620 697 2648 aberimus.

255 2666 333 2694 ΟΥΕ.
345 2665 500 2700 Quinetiam
517 2667 590 2701 (nam
608 2666 675 2693 illud
688 2673 796 2700 quoque
817 2665 850 2694 iis
861 2673 922 2701 quae
936 2666 1009 2694 dicta

220 2716 285 2740 sunt
314 2712 469 2748 adjiciam),
489 2720 504 2739 ι
523 2711 632 2740 Christo
655 2711 811 2744 didicimus,
837 2712 1008 2748 impurorum

219 2758 366 2793 spirituum
378 2758 462 2786 verba
476 2765 530 2784 non
546 2757 701 2790 admiuere,
713 2764 747 2784 ne
763 2756 785 2784 si
798 2757 882 2786 velint
897 2758 1008 2794 quidem

259 2845 281 2860 "
301 2844 354 2872 Isa.
377 2852 446 2877 XLVI,
470 2842 546 2870 840.
587 2843 610 2859 ⁸⁵
625 2843 702 2870 Joan.
727 2850 783 2875 vm,
797 2843 831 2870 44

1068 2257 1101 2283 ἐκ
1116 2256 1171 2284 τῶν
1185 2256 1257 2284 ἰδίων
1271 2257 1361 2291 λαλεῖ,
1377 2259 1416 2286 ὅτι
1437 2259 1558 2295 ψευστής
1575 2260 1649 2288 ἐστιν
1670 2261 1761 2295 αὐτὸς,
1781 2263 1828 2289 καὶ
1843 2263 1858 2288 ὀ

1067 2300 1159 2337 πατὴρ
1170 2301 1264 2330 αὐτοῦ.
1285 2312 1294 2328 ι
1308 2302 1376 2330 Τίνα
1391 2302 1423 2339 δὴ
1437 2301 1483 2331 οὗν
1498 2303 1574 2331 ἔσται
1587 2305 1688 2341 τρόπον
1704 2306 1856 2343 νημερτὴς,

1066 2347 1203 2383 ψευστήςς
1219 2347 1277 2380 πῶς
1295 2347 1323 2375 δὲ
1339 2348 1399 2384 οὐχὶ
1418 2349 1506 2385 πάντη
1532 2359 1561 2377 τε
1577 2351 1624 2378 καὶ
1637 2351 1745 2383 πάντως
1760 2352 1856 2388 ἀμαρ-

1066 2393 1177 2429 τοεπὴς,
1201 2394 1216 2420 ὁ
1238 2394 1276 2430 μὴ
1300 2394 1423 2430 ἑστηκὼς
1446 2396 1476 2422 ὲν
1499 2397 1534 2432 τῇ
1558 2396 1690 2434 annos,“
1717 2394 1782 2432 Ἃρ,
1808 2397 1857 2425 οὖν

1066 2440 1194 2476 ἐναργὲς,
1218 2436 1240 2466 ὧ
1260 2439 1408 2474 Παλλάδιε,
1432 2441 1512 2469 παντί
1538 2451 1589 2469 που
1606 2442 1716 2476 λοιπὸν,
1736 2443 1777 2470 ὅτι
1794 2445 1856 2476 ταῖς

1064 2484 1119 2512 τῶν
1149 2485 1295 2521 δαιμονίων
1326 2487 1429 2521 φωναῖς
1463 2488 1493 2514 τὸ
1521 2487 1621 2524 ἀληθὲς
1655 2489 1853 2525 ἀπονέμοντες,

1065 2531 1315 2567 καταψηφιούμεθα
1331 2531 1378 2559 τοῦ
1394 2532 1514 2568 Χριστοῦ
1528 2533 1578 2569 τὴν
1592 2534 1792 2570 ψευδομυθίαν,
1806 2535 1856 2562 καὶ

1064 2576 1222 2611 ψευδοεπεῖν
1237 2576 1353 2612 ἐροῦμεν
1367 2576 1416 2612 τὴν
1428 2577 1559 2612 ἀλήθειαν
1571 2586 1578 2612 ;

1099 2622 1202 2648 ΠΑΛΛ.
1218 2621 1426 2658 Κινδυνεύομεν.

1100 2667 1182 2694 ΚΥΡ.
1197 2667 1302 2699 ’Δλλως
1322 2675 1351 2693 τε
1363 2686 1370 2699 ,
1387 2666 1534 2704 προσθείην
1550 2668 1605 2704 γὰρ
1620 2669 1676 2701 τοῖς
1693 2669 1854 2705 εἰρημένοις

1063 2713 1110 2741 καὶ
1133 2713 1210 2740 τάδε’
1235 2712 1412 2749 δεδιδάγμεθα
1438 2713 1514 2749 παρά
1538 2714 1676 2750 Χριστοῦ,
1704 2715 1768 2747 τοὺς
1795 2715 1853 2742 τῶν

1061 2759 1225 2796 ἀκαθάρτων
1241 2759 1403 2794 πνευμάτων
1419 2759 1457 2796 μὴ
1483 2760 1644 2795 προσίεσθαι
1665 2760 1780 2796 λόγους,
1797 2760 1852 2788 κᾶν
