1934 3042
212 124 269 161 ἐει

727 128 754 156 S.
777 127 915 156 (ῖῐῐιιιιι
936 127 1170 158 ALEXANDRINI
1190 130 1348 159 ARCHIEP.

1799 130 1857 158 432

220 192 351 220 ditionem
375 188 470 218 abibit.
489 187 583 222 Neque
601 185 675 213 enim
689 185 830 221 Scriptura
854 185 888 212 iis
905 185 952 220 qui
979 193 1006 213 ei

1065 186 1140 222 λόγος
1155 188 1186 214 οὐ
1199 190 1255 221 τοῖς
1270 188 1302 215 ἐκ
1318 188 1396 222 Θεοῦ,
1412 187 1449 224 μὴ
1466 170 1582 223 γένοιτοέ
1597 166 1799 224 πραττομένοις
1821 189 1858 216 τὰ

219 239 275 266 Deo
285 237 374 266 futura
391 235 559 272 praedicunt,
573 241 668 270 pmuas
679 232 832 265 constituit,
854 231 926 259 absit
941 241 946 258 :
960 239 1009 259 ex-

219 284 336 320 cipiatur
350 282 423 310 enim
437 289 452 309 a
465 288 546 316 paena
566 279 611 307 ille
629 282 787 307 sanctorum
810 277 1008 313 prophetarum

219 331 287 358 ordo
301 339 306 356 :
322 329 369 357 sed
381 329 414 356 iis
426 328 473 365 qui
486 327 542 359 illa,
554 329 684 361 tanquam
697 332 730 352 ex
737 325 793 352 Deo
804 324 869 356 sint,
885 323 1007 359 lingunt;

217 376 291 414 quod
311 373 478 411 praedicendi
504 380 605 400 munus
632 379 668 398 ne
689 369 833 398 mendacio
847 369 960 405 quidem
976 368 1008 395 li-

1064 233 1102 265 ὡς
1112 233 1194 260 Θεοῦε
1209 235 1251 261 ὅτι
1275 235 1342 270 μηδὲ
1357 234 1472 270 ψεύδους
1491 234 1636 270 ἐλευθέραν
1649 234 1789 262 ἐποιοῦντο
1804 235 1858 270 τὴν

1064 282 1275 315 προαγόρευσιν.
1297 281 1408 316 Ἐπειδὴ
1422 280 1451 308 δὲ
1473 280 1524 307 οὐκ
1544 279 1573 314 ἐξ
1593 279 1722 316 ἀληθείας
1735 279 1856 312 ἑλόντες,

1063 324 1188 353 λαλοῦσιν
1210 326 1228 354 ἃ
1246 327 1279 354 ἃν
1298 326 1450 362 βούλοιντο,
1465 326 1556 353 καὶτὸ
1569 325 1642 353 κατὰ
1657 326 1727 360 σφᾶς
1741 326 1856 359 αὐτοὺς,

1065 369 1195 406 ταύτῃτοι
1212 371 1439 407 διημαρτήκασιν.

218 423 313 450 herum
333 421 444 449 faciant.
470 419 575 455 itaque,
597 417 672 453 quia,
697 423 760 444 cum
778 423 794 444 a
807 415 925 443 veritate
949 421 1005 441 non
1024 416 1193 450 aCCeperint,
1209 417 1361 453 loquuntur
1387 424 1448 453 quae
1475 416 1571 444 volunt
1590 424 1624 445 ex
1644 425 1673 446 se
1693 417 1770 454 ipsis,
1791 417 1857 446 ideo

251 472 340 497 ccant.

251 477 340 497 ccam.

217 477 350 543 pePALI...
377 515 447 542 Num
466 513 549 549 igitur
573 512 601 539 in
624 511 678 539 hoc
704 511 898 547 dignoscemus
916 511 1010 536 utrum

217 563 290 590 Deus
306 562 352 594 sit,
367 561 414 596 qui
432 567 563 595 responsa
581 558 700 591 dederit,
725 566 760 586 an
786 557 825 584 illi
845 564 878 584 ex
900 562 929 582 se
944 554 1011 590 ipsis

217 610 365 644 loquantur
375 608 386 634 ἒ)

252 654 331 682 CYR.
346 654 380 680 Et
392 651 639 688 quidem'maxime
655 659 661 677 :
679 657 742 677 nam
757 648 784 676 id
804 655 913 684 quoque
928 647 1010 675 nobis

217 699 310 727 divina
323 699 365 726 lex
378 699 432 734 jam
451 697 640 734 persuadebit.
659 695 704 723 Sic
715 695 789 722 enim
807 694 876 721 dixit
893 694 966 721 Deus
980 693 1009 721 in

217 745 429 774 Deuteronomio
441 753 448 772 :
463 754 472 770 r
485 743 563 777 Quod
575 744 597 771 si
605 742 707 771 dixerit
717 741 852 778 quispiam
864 741 892 768 in
903 741 986 769 corde
1001 749 1007 767 :

216 792 360 826 Quomodo
371 798 568 827 cognoscemus
589 789 704 816 verbum
719 788 792 824 quod
810 787 943 815 Dominus
954 795 1009 814 non

216 842 259 866 est
277 838 401 866 locutus?
414 844 584 872 quaecunque
596 835 705 863 locutus
720 834 803 862 fuerit
816 834 861 861 ille
875 833 1008 868 propheta

1098 507 1204 534 ΠΛΛΛ.
1222 504 1285 542 Ἆρ’
1301 505 1358 539 οὖν,
1375 507 1404 534 ἐν
1428 506 1496 542 τῷδε
1517 506 1721 541 διαγνωσόμεῦα
1750 507 1856 542 πότερα

1061 553 1128 585 Θεὸς
1142 555 1156 580 ό
1167 553 1360 589 χρησμοδοτῶν
1382 554 1467 587 ἐστιν,
1482 553 1565 589 ἤγουν
1577 554 1675 580 ἐκεῖνοι
1689 553 1802 581 λαλοῦσι
1819 553 1855 580 τὰ

1061 599 1137 635 σφῶν
1153 600 1259 633 αὺτῶνς

1097 647 1180 673 ΚΥΡ.
1199 647 1254 674 Καὶ
1269 647 1342 682 μάλα
1354 657 1360 663 ·
1377 648 1449 682 θεῖος
1466 649 1520 684 γὰρ
1533 648 1580 676 καὶ
1594 649 1667 684 ἡμᾶς
1687 648 1755 683 πρὸς
1774 647 1856 675 τοῦτο

1063 692 1144 725 εὐθὺς
1166 693 1309 721 ἀναπείσει
1340 695 1431 730 νόμος.
1460 696 1533 731 Ἔφη
1559 695 1613 731 γὰρ
1635 694 1706 722 οὕτω
1731 694 1798 726 Θεὸς
1825 696 1856 722 ὲν

1065 740 1282 776 Δευτερονομίῳ’
1307 750 1316 767 ‹
1340 741 1402 768 Ἐὰν
1424 741 1453 769 δὲ
1472 742 1539 777 λέγῃ
1550 750 1592 774 τις
1614 742 1642 768 ὲν
1663 741 1771 777 καρδία·
1789 741 1855 772 Πῶς

1063 785 1226 820 γνωσόμεθα
1249 786 1280 813 τὸ
1305 787 1396 823 ῥῆμα,
1419 788 1434 815 ὃ
1458 788 1508 815 οὐκ
1523 788 1639 823 ὲλάλησε
1663 787 1782 823 Κύριος;
1802 787 1855 814 ὅσα

1064 830 1111 857 ὲὰν
1133 830 1237 868 λαλήσῃ
1260 833 1274 859 ό
1301 834 1445 870 προφήτης
1468 835 1572 866 ἐκεῖνος
1603 834 1651 861 ἐπὶ
1676 834 1714 870 τῷ
1738 833 1854 868 ὀνόματι

217 885 245 912 in
262 884 373 912 nomine
382 883 500 915 Domini,
514 883 541 910 id
554 887 646 910 autem
659 889 711 909 nec
726 880 828 908 factum
845 879 941 910 fuerit,
959 887 1006 906 ne-

1065 876 1179 913 Κυρίου,
1205 878 1253 905 καὶ
1278 880 1315 916 μὴ
1335 880 1448 915 γένηται
1469 880 1500 907 τὸ
1528 880 1604 917 ῥῆμα
1625 880 1640 907 ὃ
1663 881 1713 908 οὐκ
1736 880 1855 916 ἐλάλησα

216 936 270 964 que
280 928 430 964 contigerit
449 929 501 956 hoc
517 927 645 960 verbum,
663 925 736 962 quod
759 933 814 953 non
838 929 881 952 cst
901 924 1010 952 loeutus

216 975 366 1008 Dominus,
391 975 420 1002 in
440 974 580 1010 impietate
599 974 710 1000 locutus
725 976 768 999 est
781 972 832 999 ille
853 970 1008 1006 propheta:

215 1029 270 1049 non
301 1021 477 1048 abstinebitis
504 1020 538 1048 ab
561 1020 608 1047 illo
620 1019 653 1046 ".
670 1029 679 1044 ι
701 1018 834 1053 lntelligis
858 1025 892 1044 ex
917 1024 1010 1043 rerum

215 1066 409 1102 praedictarum
426 1065 604 1093 frustratione
619 1064 804 1092 certissimum
817 1065 1010 1097 argumentum

214 1113 307 1145 sumi,
325 1112 400 1148 quod
419 1120 474 1140 non
490 1120 524 1139 ex
540 1111 597 1138 Deo
614 1109 757 1146 quidpiam
772 1108 935 1144 prmdictum
950 1107 986 1134 sit
1002 1117 1008 1134 :

213 1158 338 1186 veritatis
362 1158 436 1185 enim
449 1158 536 1185 amica
556 1161 599 1184 est
611 1156 724 1183 veritas.
746 1154 909 1191 Hujusmodi
926 1153 1009 1189 quid-

214 1205 281 1232 dam
293 1205 376 1232 etiam
390 1212 440 1240 per
453 1203 580 1232 Jeremiae
592 1209 689 1230 vocem
703 1201 742 1229 ait
755 1211 761 1228 :
778 1211 787 1226 ι
808 1201 881 1228 Deus
894 1200 1009 1236 propin—

213 1258 302 1286 quans
314 1258 365 1286 ego
375 1258 447 1283 sum,
459 1249 527 1277 dicit
535 1249 677 1281 Dominus,
690 1252 718 1276 et
727 1255 782 1275 non
789 1247 862 1275 Deus
870 1247 904 1274 de
912 1247 1008 1282 longe;

213 1297 236 1324 si
248 1297 435 1325 abscondetur
447 1297 530 1324 homo
549 1296 577 1323 in
593 1295 721 1327 occultis,
736 1298 763 1322 et
783 1301 834 1329 ego
845 1301 900 1320 non
909 1292 1009 1320 videbo

213 1344 294 1371 eum?
309 1343 389 1379 187
398 1343 494 1371 Nonne
502 1343 602 1370 ccelum
613 1346 640 1370 et
647 1346 748 1369 terram
756 1348 807 1376 ego
817 1339 934 1375 impleo?
942 1337 1010 1366 dicit

213 1390 355 1418 Dominus.
383 1388 484 1417 Audivi
509 1395 571 1424 qua).
588 1387 739 1422 loquuntur
760 1385 903 1421 prophetae
917 1404 924 1417 ,
948 1391 1010 1418 qua:

214 1436 381 1471 prophetam
406 1435 435 1462 in
457 1434 570 1462 nomine
583 1441 644 1461 meo
663 1433 731 1461 falsa
746 1433 779 1458 θ’.
798 1442 808 1458 ι
829 1430 943 1463 Deinde,
962 1437 1009 1457 ac—

214 1481 356 1509 cusatione
383 1479 459 1516 gravi
477 1479 585 1507 divinas
604 1479 679 1515 leges
707 1475 943 1506 contemnentium
962 1473 1007 1501 in-

214 1528 339 1563 teriecta,
359 1535 421 1562 quae
438 1526 632 1562 praedictiones
647 1533 681 1553 ex
693 1525 750 1552 Deo
761 1523 827 1555 sint,
843 1529 938 1558 quaeve
951 1529 1008 1548 non
1023 1541 1045 1572 Ο

215 1574 280 1606 sint,
295 1578 424 1608 tanquam
437 1573 553 1601 evidens
562 1571 694 1599 indicium
706 1570 796 1602 all'ert,
808 1569 894 1604 ipsam
909 1574 1008 1602 nempe

216 1621 368 1648 veritatem.
384 1619 429 1647 Ait
450 1619 524 1646 enim
541 1619 642 1646 iterum
659 1626 670 1644 1
690 1627 699 1643 ι
720 1615 874 1651 Propheta,
902 1613 931 1640 in
953 1621 1009 1648 quo

213 1671 257 1695 est
273 1667 420 1699 somnium,
445 1669 474 1693 et
501 1665 529 1693 in
544 1672 599 1700 quo
618 1667 661 1692 est
683 1670 775 1691 sermo
801 1668 897 1693 meus,
914 1663 1009 1687 narret

214 1714 330 1742 verbum
343 1720 435 1740 meum
447 1712 475 1739 in
487 1712 603 1739 veritate
617 1710 650 1736 ”.
669 1719 678 1735 ι
699 1709 778 1740 Nam,
794 1707 817 1734 si
834 1705 901 1741 quid
918 1705 1007 1732 visum

215 1760 298 1788 fuerit
317 1767 332 1787 a
347 1759 464 1787 veritate
482 1758 639 1792 discrepare
651 1776 659 1788 ,
677 1754 745 1782 illud
760 1754 850 1788 ipsum
873 1751 1008 1780 continuo

214 1814 295 1834 suum
317 1809 459 1841 parentem
476 1809 558 1839 atque
585 1807 726 1830 auctorem
757 1807 818 1827 esse
845 1797 1006 1826 mendacem

217 1852 332 1886 prodet,
351 1855 379 1879 et
391 1859 406 1878 a
419 1859 470 1879 suo
485 1850 568 1878 corde
592 1850 760 1884 loquentem,
775 1853 830 1873 non
842 1853 877 1872 ex
889 1852 937 1872 ore
955 1844 1008 1872 Do-

215 1898 293 1929 mini,
305 1897 377 1925 sicut
388 1897 585 1932 scriptum'est.

249 1943 347 1970 PALL.
376 1943 504 1971 Placetne
534 1941 649 1976 aliquid,
677 1940 749 1976 quod
781 1937 938 1966 necessario
971 1936 1007 1963 sit

217 1990 404 2025 qumrendum,
418 1995 622 2024 proponamus;
640 1995 675 2014 an
686 1986 713 2014 id
733 1986 847 2013 missum
861 1983 1004 2014 faciamus,

216 2043 247 2064 ac
257 2036 348 2071 potius
358 2042 503 2071 pergamus
512 2042 566 2069 quo
576 2041 626 2061 nos
635 2038 682 2060 tua
692 2033 802 2060 duxerit
811 2030 919 2059 oratio?

249 2082 327 2110 CYR.
343 2082 437 2117 Atqui,
448 2081 563 2112 Palladi,
575 2087 636 2116 quae
645 2079 680 2107 ad
691 2079 838 2107 utilitatem
850 2078 1005 2106 necessaria

216 2134 289 2161 sunt,
300 2136 354 2156 non
369 2129 396 2155 in
408 2128 529 2164 minimis
536 2127 663 2154 ducimus
675 2135 681 2152 :
694 2126 787 2160 itaque
798 2125 889 2152 minus
898 2124 984 2152 libere
995 2143 1004 2156 ,

215 2177 236 2203 si
247 2176 312 2211 quid
324 2176 448 2203 videatur
460 2174 595 2210 proferre,
608 2172 735 2208 equidem
747 2170 1004 2206 reprehendendum

1062 925 1173 960 Κύριος,
1184 927 1212 952 ὲν
1225 925 1337 961 ἀσεϐείᾳ
1351 925 1482 961 ἐλάλησεν
1494 926 1508 953 ό
1527 926 1681 961 προφήτης,
1693 926 1744 953 οὐκ
1757 925 1854 960 ἀφέξε-

1062 972 1108 999 σθε
1125 972 1172 999 ἀπ’
1184 972 1276 1000 αὑτοῦ.
1294 981 1303 997 ι
1315 971 1437 1003 ’Λκούεις
1451 972 1492 998 ὅτι
1504 971 1554 1004 τὰς
1567 973 1596 998 ὲν
1611 973 1668 1003 τοῖς
1681 980 1855 1008 προηγορευ-

1063 1018 1153 1054 μένοις
1170 1018 1332 1052 ἀποτεύξεις
1357 1017 1496 1050 ἀπόδειξιν
1514 1018 1625 1046 ἔσεσθαί
1648 1027 1731 1054 φησιν
1748 1018 1854 1054 ἐναργῆ

1060 1064 1107 1091 τοῦ
1127 1063 1164 1100 μὴ
1187 1064 1219 1091 ὲκ
1241 1064 1310 1091 Θεοῦ
1340 1064 1612 1100 κεχρησμοδοτῆσθαί
1637 1073 1681 1097 τι;
1706 1064 1779 1098 φιλεί
1798 1063 1854 1099 γὰρ

1061 1111 1192 1146 ἀλήθειαν
1222 1111 1238 1145 ὴ
1266 1110 1390 1146 ἀλήθεια.
1417 1109 1544 1136 Τοιοῦτόν
1575 1109 1603 1136 τί
1632 1118 1700 1146 φησι
1735 1109 1780 1137 διὰ
1804 1109 1854 1145 τῆς

1069 1157 1200 1193 Ἱερεμίου
1218 1156 1320 1192 φωνῆς’
1341 1165 1351 1182 ‹
1376 1155 1444 1188 Θεδς
1463 1155 1581 1190 ὲγγίζων
1602 1155 1658 1190 ἐγώ
1681 1156 1757 1191 είμι,
1778 1156 1854 1190 λέγει

1060 1203 1178 1238 Κύριος,
1192 1203 1240 1229 καὶ
1258 1203 1319 1238 οὐχὶ
1331 1202 1398 1234 Θεὸς
1412 1201 1566 1238 πόρρωθεν·
1582 1203 1606 1229 εί
1622 1203 1790 1238 κρυῦἠσεται
1805 1202 1854 1229 ἄν-

1061 1249 1170 1285 θρωπος
1190 1251 1219 1277 ὲν
1243 1249 1402 1285 κρυφαίοις,
1419 1249 1467 1276 καὶ
1482 1249 1538 1284 ὲγὼ
1560 1249 1610 1276 οὐκ
1629 1249 1731 1284 ὺψομαι
1751 1249 1853 1282 αὑτόν;

1060 1294 1106 1330 Μὴ
1119 1295 1180 1330 οὐχὶ
1189 1293 1234 1321 τὸν
1248 1293 1364 1330 οὐρανὸν
1380 1294 1428 1321 καὶ
1449 1293 1498 1329 τὴν
1514 1294 1566 1329 γῆν
1581 1293 1637 1328 ἐγὼ
1650 1293 1765 1330 πληρῶ;
1779 1294 1854 1327 λέγει

1061 1341 1174 1376 Κύριος.
1195 1341 1324 1367 Ἤκουσα
1349 1339 1367 1367 ἃ
1389 1339 1516 1367 λαλοῦσιν
1533 1340 1558 1367 οἱ
1579 1340 1735 1376 προφῆται,
1750 1340 1770 1367 ἃ
1787 1348 1853 1375 προ·

1060 1387 1224 1423 φητεύουσιν
1238 1387 1263 1413 οἱ
1279 1387 1417 1423 προφῆται
1433 1387 1463 1414 ὲν
1479 1386 1518 1423 τῷ
1531 1386 1644 1422 ὀνόματί
1660 1395 1712 1422 μου
1727 1386 1825 1422 ψευδῆ.
1841 1395 1850 1412 ν

1061 1430 1128 1460 Εἶτα
1148 1432 1192 1460 διὰ
1218 1432 1302 1468 μέσου
1320 1433 1383 1464 τοὺς
1399 1431 1453 1460 τῶν
1470 1432 1549 1460 θείων
1567 1432 1657 1468 νόμων
1678 1433 1852 1469 καταφρονή-

1061 1488 1162 1512 σαντας
1189 1480 1421 1516 ἐπαιτιασάμενος
1456 1480 1486 1508 οὺ
1517 1480 1639 1516 μικρῶς,
1670 1480 1773 1516 ἐναργῆ
1803 1480 1853 1516 τὴν

1061 1525 1200 1559 ἀπόδειξιν
1216 1526 1270 1554 τῶν
1281 1535 1310 1553 τε
1327 1527 1360 1553 ἐκ
1375 1525 1444 1553 Θεοῦ
1458 1526 1505 1554 καὶ
1527 1526 1564 1562 μὴ
1578 1547 1586 1561 ,
1604 1526 1696 1554 δίδωσι
1718 1526 1768 1563 τὴν
1785 1526 1852 1562 ἀλή-

1063 1574 1148 1602 θειαν.
1168 1574 1241 1609 Ἔφη
1263 1573 1318 1609 γὰρ
1339 1573 1436 1600 πάλιν·
1458 1582 1467 1599 ι
1494 1572 1524 1599 '0
1540 1573 1703 1609 προφήτης,
1731 1574 1760 1600 ὲν
1782 1569 1805 1608 ᾧ
1822 1573 1853 1600 τὸ

1063 1619 1186 1646 ἐνύπνιον
1203 1619 1287 1646 αὐτοῦ
1298 1639 1305 1652 ,
1319 1620 1367 1646 καὶ
1382 1621 1411 1646 ὲν
1432 1615 1455 1653 ᾧ
1475 1619 1490 1645 ὁ
1509 1619 1588 1654 λόγος
1605 1627 1656 1654 μου
1670 1618 1739 1656 πρὸς
1758 1618 1850 1651 αὐτὸν,

1061 1665 1238 1702 διηγησάσθω
1252 1666 1298 1693 τὸν
1309 1666 1387 1701 λόγον
1401 1674 1452 1701 μου
1464 1667 1507 1693 ἐπ’
1520 1665 1662 1700 ἀληθείας.
1684 1675 1693 1692 ι
1715 1665 1758 1698 Ὠς
1772 1666 1853 1703 εἶπερ

1061 1721 1087 1739 τι
1105 1712 1227 1747 φαίνοιτο
1243 1712 1294 1748 τῆς
1313 1712 1444 1747 ἀληθείας
1463 1712 1639 1748 ήμαρτηκδς,
1656 1712 1801 1744 ὲκδεὶξειεν
1819 1712 1854 1740 ἂν

1061 1758 1127 1785 αὐτὸ
1152 1759 1232 1790 εὐθὺς
1249 1758 1384 1794 ψευδοεπῆ
1406 1758 1452 1785 τὸν
1465 1759 1633 1795 γεννήτορα,
1661 1759 1708 1786 καὶ
1724 1758 1779 1786 ἀπὸ
1802 1759 1853 1794 τῆς

1062 1805 1158 1833 ἑαυτοῦ
1184 1805 1318 1833 λαλοῦντα
1344 1805 1475 1842 καρδίας,
1494 1805 1547 1832 οὐκ
1567 1805 1620 1832 ἀπὸ
1638 1805 1772 1841 στόματος
1795 1806 1853 1833 Κυ-

1062 1850 1120 1886 ρίου
1131 1871 1138 1884 ,
1153 1851 1226 1878 καθὰ
1241 1851 1407 1888 γέγραπται.

1096 1940 1200 1968 ΠΑΛΔ.
1224 1941 1318 1968 Βούλει
1341 1949 1367 1968 τι
1389 1941 1481 1977 θῶμεν
1499 1941 1553 1969 τῶν
1569 1940 1728 1976 ἀναγκαίων
1746 1940 1786 1973 εἰς
1802 1941 1851 1977 βά-

1061 1997 1155 2022 σανον,
1172 1989 1189 2025 ἦ
1203 1989 1337 2025 παρέντες
1355 1989 1441 2025 ἴωμεν
1451 2008 1459 2022 ,
1471 1986 1544 2027 ᾗπερ
1557 1989 1591 2016 ἂν
1601 1989 1618 2015 ὁ
1633 1989 1679 2021 σὸς
1695 1988 1770 2024 ἡμᾶς
1781 1989 1849 2016 ἀπο-

1060 2035 1163 2072 κομίστλ
1179 2035 1273 2070 λόγοςς

1095 2082 1177 2110 ΚΥΡ.
1201 2082 1256 2110 Καὶ
1275 2082 1345 2119 μὴν,
1361 2079 1384 2109 ὦ
1401 2082 1546 2115 Παλλάδια,
1564 2082 1618 2109 τῶν
1632 2081 1792 2116 ἀναγκαίων
1809 2082 1850 2113 εἰς

1059 2129 1152 2165 ὄνησιν
1167 2129 1198 2156 οὐ
1213 2128 1316 2164 βραχὺς
1333 2129 1402 2165 ἡμῖν
1414 2130 1427 2156 ό
1442 2129 1531 2163 λόγος·
1547 2128 1585 2160 ὡς
1601 2128 1633 2155 τό
1647 2137 1689 2155 τοι
1705 2128 1743 2164 μὴ
1767 2129 1850 2163 φάναι

1059 2174 1089 2201 τὸ
1109 2175 1204 2202 δοκοῦν
1226 2175 1378 2212 ἐλευθέρως
1402 2175 1618 2210 ἐπαιτιασαίμην
1643 2175 1694 2208 ἂν,
1713 2175 1760 2202 καὶ
1778 2175 1851 2210 μάλα

215 2228 324 2258 putem;
338 2222 419 2256 idque
427 2221 488 2255 jure
495 2220 609 2255 optimo.
621 2217 807 2252 Quamobrem
818 2216 888 2244 nihil
897 2216 1006 2243 veritus

1065 2220 1181 2253 είκότωςυ
1199 2220 1287 2257 φράζε
1302 2221 1334 2257 δὴ
1345 2219 1392 2248 οὖν
1403 2221 1522 2257 ὀκνήσας
1533 2221 1618 2249 οὐδέν.
1632 2235 1637 2239 -

215 2269 270 2299 die,
283 2268 382 2303 siquid
400 2268 479 2294 velis.

206 2329 209 2337 ν
251 2314 348 2341 PALL.
361 2314 388 2341 Si
400 2321 453 2340 non
465 2313 498 2339 ab
509 2320 556 2339 ore
576 2311 685 2338 Domini
698 2311 849 2346 loquuntur
867 2310 1004 2342 nonnulli,

214 2360 260 2387 sed
279 2363 416 2390 eructant,
436 2363 466 2386 ut
480 2358 529 2389 ais,
542 2357 576 2383 de
591 2357 674 2384 corde
684 2364 734 2384 suo
748 2365 754 2388 ;
774 2363 894 2391 quonam
919 2355 1003 2390 igitur

215 2405 296 2432 modo
312 2410 436 2432 sanctum
458 2403 624 2435 Samuelem,
645 2403 772 2438 quamvis
781 2403 838 2438 jam
853 2406 1003 2434 mortuum,

215 2450 375 2486 Pythonissa
399 2449 444 2475 illa
462 2448 562 2476 mulier
593 2448 627 2476 ad
647 2448 711 2476 Saul
737 2447 877 2484 produxit.
897 2447 944 2483 qui
965 2447 1004 2474 illi

216 2504 307 2524 rerum
330 2495 483 2522 futurarum
501 2495 604 2522 exitum
623 2495 788 2530 exponeret?
808 2494 870 2522 Haec
880 2494 954 2522 enim
967 2494 1007 2521 sic

212 2550 275 2569 esse
285 2547 370 2577 gesta,
381 2549 470 2576 neque
480 2541 558 2570 aliter
570 2541 714 2573 accidisse,
727 2541 838 2576 quidam
850 2546 956 2576 putant.

242 2630 404 2658 CYR.Num
417 2635 446 2659 tu
456 2638 565 2666 quoque
574 2638 629 2659 non
640 2631 677 2659 ita
688 2639 716 2659 se
726 2639 783 2659 rem
796 2631 897 2659 habere
908 2637 988 2667 putas
996 2652 1003 2663 ,

216 2676 243 2702 in
255 2682 343 2710 eoque
354 2676 456 2703 rectius
462 2676 602 2705 existimas
612 2685 618 2704 :
629 2685 662 2704 an
672 2677 786 2706 ridicule
797 2677 864 2713 justi
877 2678 929 2705 viri
943 2679 1003 2705 ani—

216 2728 288 2748 mam
317 2728 412 2748 revera
436 2727 650 2765 coactam'esse
677 2723 765 2757 dicis,
785 2729 813 2752 et
841 2724 1002 2753 muliercula

215 2772 329 2795 vocante
342 2768 465 2796 venisse?

1095 2310 1200 2338 ΠΑΔΛ.
1213 2311 1244 2337 Ei
1260 2310 1298 2347 μὴ
1312 2310 1367 2337 ἀπὸ
1381 2310 1515 2344 στόματος
1526 2310 1628 2346 Κυρίου
1640 2308 1753 2343 λαλοῦσί
1765 2318 1848 2343 τινες,

1059 2357 1217 2392 ἐρεύγονται
1233 2356 1277 2390 δὲ,
1296 2356 1334 2388 ὡς
1359 2356 1429 2392 φὴς,
1445 2357 1480 2384 τὰ
1503 2356 1559 2384 ἀπὸ
1581 2356 1714 2391 καρδίας,
1738 2356 1800 2383 τίνα
1817 2356 1848 2392 δὴ

1059 2403 1160 2439 τρόπον
1175 2403 1221 2429 καί
1245 2411 1287 2430 τοι
1308 2402 1444 2430 τεθνεῶτα
1464 2403 1510 2429 τὸν
1527 2402 1604 2437 ἅγιον
1620 2401 1748 2438 Σαμουὴλ
1767 2402 1784 2437 ἡ
1804 2403 1848 2436 ἐγ-

1060 2449 1247 2485 γαστρίμυθος
1274 2449 1366 2485 ἐκείνη
1392 2449 1461 2485 γυνὴ
1487 2449 1659 2485 παρεκόμισε
1682 2447 1722 2484 τῷ
1749 2448 1846 2479 Σαοὺλ,

1058 2494 1089 2521 τὸ
1113 2495 1167 2522 τῶν
1187 2494 1324 2530 ἐσομένων
1348 2495 1422 2530 αὐτῷ
1445 2495 1629 2530 σαφηνιοῦντα
1650 2494 1755 2530 πέρας;
1771 2495 1848 2522 ταυτὶ

1059 2539 1113 2575 γὰρ
1129 2536 1181 2566 ὦδε
1205 2539 1363 2575 πεπρᾶχθαι
1374 2559 1381 2572 ,
1398 2539 1446 2566 καὶ⁸
1461 2540 1512 2575 οὐχ
1535 2539 1636 2575 ἑτέρως
1651 2538 1725 2574 ἔχειν
1747 2538 1848 2566 οἴονταί

1058 2594 1139 2618 τινες.

1093 2633 1175 2659 ΚΥΡ.
1198 2633 1254 2659 Οἴει
1278 2632 1307 2659 δὲ
1333 2632 1414 2665 αὐτὸς
1435 2633 1485 2668 οὐχ
1507 2629 1558 2660 ὦδε
1582 2632 1673 2668 ἔχειν,
1695 2634 1743 2662 καὶ
1764 2635 1849 2669 λογιεῑ

1057 2679 1137 2706 τοῦτο
1162 2679 1290 2715 ἄμεινον,
1313 2679 1397 2714 ἡγουν
1421 2679 1569 2715 φληνάφως
1596 2680 1648 2716 τὴν
1673 2680 1720 2707 τοῦ
1742 2680 1848 2708 δικαίου

1057 2725 1146 2760 ψυχὴν
1162 2725 1337 2753 ὲκὸεῦιάσθαι
1351 2726 1405 2762 φὴς
1422 2726 1492 2754 κατὰ
1504 2726 1535 2753 τὸ
1548 2726 1658 2762 ἀληθὲς,
1676 2727 1723 2754 καὶ
1735 2727 1847 2762 γυναίου

1057 2770 1204 2804 καλοῦντος
1217 2771 1306 2799 ὲλΘεῖν
1317 2781 1324 2807 ;
1468 2773 1470 2775 ’
1539 2773 1542 2774 ⁷
1649 2772 1655 2775 ’

258 2860 283 2876 ⁸⁸
300 2860 380 2887 Deut.
402 2869 478 2889 xvut.
493 2860 538 2890 2|.
557 2860 600 2887 22.
642 2860 731 2889 "Jcr.
744 2869 822 2894 mu,
836 2861 932 2891 Ξὸ-Ξό.
971 2863 994 2880 ⁸³

1071 2884 1076 2890 .
1091 2862 1135 2890 ‘28.
