1934 3042
84 185 140 215 153

450 189 495 218 DE
513 188 735 223 ADORATIONE
754 191 787 219 IN
808 191 942 220 SPIRITU
963 190 1006 218 ET
1028 191 1210 218 \‘ElllTA'l‘E.
1232 191 1296 218 LIB.
1317 189 1362 219 Vl.

1662 180 1741 220 m‘

120 243 227 271 ΠΔΛΛ.
324 234 357 271 ἂν
379 244 470 281 ἔχοιμι
495 246 588 281 σαφῶς
612 247 710 274 εἰπεῖν.
735 246 876 279 Ἐνδείξειε

966 239 1063 274 PALL.
1082 244 1223 281 'Equidcm
1246 250 1418 282 compertum
1443 254 1496 273 non
1527 245 1616 273 habeo
1651 246 1718 281 quid

85 289 108 316 δ’
119 288 163 324 ἂν,
181 287 261 325 οἶμαί
274 300 336 324 που,
350 291 381 318 τὸ
395 291 504 328 ἀληθὲς,
518 293 535 328 ἡ
548 292 675 329 βάσανος.

122 379 207 406 ΚΥΡ.
229 377 266 407 Εὗ
290 379 368 416 ἔφης.
392 380 496 408 Οὐκοῦν
521 381 610 408 ἐκεῖνο
634 380 680 408 καὶ
704 380 757 416 πρό
778 389 810 415 γε
824 381 879 407 τῶν

88 425 179 452 ἄλλων
204 426 488 462 πολυπραγμονεῖσθω
508 427 595 460 τέως,
613 427 728 462 πότερον
751 427 796 454 διὰ
813 427 879 454 Θεοῦ

88 471 380 508 πολυπραγμονοῦνται
393 474 439 500 καὶ
453 466 643 510 τερατεύονται
659 474 708 501 καὶ
726 474 880 509 ἀποπεραί-

87 525 166 545 νουσι
184 520 274 552 ταυτὶ,
290 520 374 556 ἤγουν
388 520 433 548 διὰ
454 520 580 556 πονηρῶν
597 520 761 557 πνευμάτων
777 517 817 553 οἷς
834 529 882 556 με-

87 561 153 598 λέτη
169 564 201 590 τὸ
219 565 400 601 ἐπιτήδευμα.

124 610 232 638 ΠΑΛΛ.
256 612 311 638 Καὶ
334 612 375 644 τίς
392 612 477 645 ἃνείς
501 613 581 640 τοῦτο
605 613 745 650 λογισμῶν
767 614 882 648 ἀτοπίας

88 654 217 689 ἀφίκοιτο
231 655 274 688 ἂν,
288 656 326 688 ὡς
339 657 443 683 οἴεσθαι
458 657 501 685 διὰ
516 657 584 685 Θεοῦ
596 659 792 694 τερατεύεσθαι
804 661 883 687 ταυτὶ

89 701 280 736 νεκρομάντας
296 710 325 728 τε
341 703 388 729 καὶ
407 704 645 740 ἐγγαστριμύθους
660 705 708 732 καὶ
722 706 882 740 ὲπαοιδούς;

89 747 320 783 Διαμεμνήσομαι
347 749 400 786 γὰρ
426 750 473 776 τοῦ
500 750 603 786 νόμον,
629 751 729 783 παντὸς
755 752 882 787 ἑλομένου

89 793 171 820 τοῦτο
191 794 257 830 δρᾷν
280 795 376 831 ποινὴν
396 792 588 831 καθορίζοντος
602 797 797 834 τὴνεσχάτην.
817 796 884 826 Εἶτα

90 839 153 872 πῶς
166 841 217 867 οὐκ
229 841 406 877 ἀπόπληκτον
425 841 526 869 ἐννοεῖν
538 864 545 876 ,
559 843 605 870 τὸν
619 843 728 879 θανάτῳ
740 845 884 872 καταδεδι-

91 887 241 921 κασμένον,
259 887 309 914 οὐκ
333 887 446 923 ἀπᾴδειν
463 888 541 924 Θεῷ;
559 889 597 916 Οὐ
609 889 664 926 γάρ
686 898 729 916 πω
745 891 801 923 τοῖς
819 891 885 918 ἐαυ-

90 932 140 959 τοῦ
154 932 330 968 διαμαχεῖται
346 934 448 969 νόμοις.

127 978 211 1006 ΚΥΡ.
226 979 343 1015 Ἀριστα
356 979 460 1016 διανοῇ,
477 981 532 1013 Τὰς
557 981 586 1008 δὲ
607 982 661 1010 τῶν
683 983 770 1018 ἁγίων
794 983 884 1019 ψυχὰς

92 1023 230 1058 σωμάτων
257 1024 471 1060 ἀπηλλαγμένας
503 1027 690 1063 παρερῤίφθαι
717 1028 883 1064 νομιοῦμεν,

92 1068 141 1095 καὶ
154 1068 234 1104 λόγου
253 1069 303 1105 μὲν
318 1069 460 1103 ἀξιοῦσθαι
476 1071 600 1108 μηδενὸς,
617 1073 696 1108 ἥκειν
712 1073 740 1100 δὲ
753 1073 803 1109 ἤδη
818 1068 886 1110 πρὸξ

93 1114 174 1142 τοῦτο
191 1115 390 1151 ταλαιπωρίας,
404 1116 442 1149 ὡς
454 1118 501 1144 καὶ
515 1120 644 1154 πονηροῖς
659 1119 707 1146 καὶ
720 1118 886 1156 ἀκαθάρτοις

94 1161 258 1189 ὑποκεῖσθαι
287 1163 443 1199 πνεύμασι,
469 1164 517 1191 καὶ
543 1165 712 1201 ἀνεθελήτως
728 1166 885 1194 ἀκολουθεῖν

93 1208 309 1244 περιτρέπουσιν
330 1209 450 1242 εὐκόλως
461 1208 542 1246 οἷπερ
554 1209 587 1237 ἂν
601 1210 704 1237 ἕλοιντο
719 1211 809 1247 τυχόν.
822 1212 887 1239 Καί-

94 1261 136 1280 τοι
152 1254 184 1280 τὸ
203 1254 254 1289 τῆς
273 1255 486 1290 ’Δποκαλύψεως
508 1255 610 1291 βιϐλίον
630 1257 696 1292 ἡμῖν
719 1257 854 1290 συντιθεὶς
873 1257 887 1284 ὸ

95 1300 177 1334 σοφὸς
200 1300 341 1337 Ἰωάννης,
359 1301 373 1328 δ
387 1302 435 1329 καὶ
446 1303 509 1334 ταῖς
523 1303 577 1331 τῶν
591 1304 724 1340 Πατέρων
741 1304 887 1340 τετίμηται

93 1346 207 1382 ψήφοις,
227 1346 277 1379 τὰς
300 1347 356 1374 τῶν
380 1347 466 1383 ἁγίων
489 1348 578 1385 ψυχὰς
603 1350 649 1377 ὑπ’
672 1349 737 1377 αὐτὸ
763 1350 793 1377 τὸ
816 1350 887 1377 θεῖον

94 1391 243 1420 τεθεᾶσθαι
258 1393 470 1430 θυσιαστήριον,
483 1395 669 1422 διεϐεϐαιοῦτο
684 1395 775 1430 σαφῶς
786 1416 792 1422 .
806 1396 838 1423 Ei
860 1396 888 1422 δὲ

97 1437 145 1466 διαὶ
161 1438 191 1472 ἐξ
216 1439 307 1466 αὐτῶν
325 1439 437 1466 ἕλκουσι
458 1440 513 1467 τῶν
534 1441 591 1468 ἀνω
614 1440 718 1476 μονῶν,
736 1442 786 1468 καὶ
797 1442 889 1469 τόπων

96 1483 184 1516 αὑτὰς
218 1483 273 1511 τῶν
306 1485 462 1520 ῑερωτάτων
489 1486 720 1521 κατακομίξουσιν
757 1487 888 1522 ἀφειδῶς,

98 1529 280 1565 ἀπείργοντος
292 1531 400 1563 οὐδενὸς
410 1551 418 1564 ,
431 1531 547 1567 βάσιμος
567 1532 616 1567 μὲν
628 1531 713 1559 ἅπασι
724 1533 781 1564 τοῖς
796 1532 891 1568 δαιμο-

95 1576 165 1608 νίοις
176 1577 190 1603 ὸ
202 1576 333 1611 οὐρανὸς,
351 1577 509 1612 ἀνοίγνυται
526 1577 554 1605 δὲ
567 1577 637 1605 κατά
657 1578 688 1605 τὸ
702 1578 776 1610 εἰκὸς
798 1578 889 1610 αὐτοῖς

96 1623 146 1649 καὶ
168 1623 186 1658 ἡ
208 1620 257 1649 τοῦ
273 1623 438 1658 παραδείσου
456 1623 539 1659 «om
557 1624 718 1659 παραχωρεῖ
731 1624 769 1657 δὲ,
786 1624 823 1656 ὡς
836 1624 889 1651 ἔοι-

97 1678 165 1701 κεν,
180 1670 229 1696 καὶ
251 1669 394 1705 ἡφλογίνη
414 1669 557 1705 ῥομφαία,
569 1670 616 1697 καὶ
635 1670 695 1705 οὐχὶ
715 1670 765 1706 τῆς
784 1670 888 1697 εἰσόδου

98 1714 146 1741 καὶ
161 1715 253 1748 ἐξόδου
267 1715 345 1750 μόνον
359 1716 461 1748 αὺτοῖς·
476 1716 534 1743 ἀλλ’
552 1716 577 1742 εἰ
593 1715 729 1751 βούλοιντό
745 1725 822 1748 τινας
842 1717 890 1743 καὶ

97 1761 151 1788 τῶν
168 1761 235 1788 εῐσω
251 1762 402 1796 γεγονότων
417 1763 574 1798 ἐκκομίζειν
590 1763 623 1790 ἐκ
641 1762 809 1799 παρῤησίας⁴
831 1761 891 1790 εἷτα

97 1807 158 1843 οὐχὶ
180 1808 214 1844 δὴ
235 1808 315 1835 τοῦτό
341 1808 415 1841 ἐστι,
432 1809 481 1844 τὴν
506 1809 534 1836 ὲν
557 1809 668 1844 Χριστῷ
686 1808 825 1844 διασύρειν
841 1808 886 1835 ἐλ-

97 1854 176 1886 πίδα,
193 1854 242 1881 καὶ
252 1854 406 1890 τρισάθλιον
419 1855 578 1890 ὑποφαίνειν
591 1855 645 1882 τῶν
656 1854 890 1891 τεθαυμασμένων

98 1900 145 1926 τὸν
164 1900 237 1935 βίον;

134 1947 240 1973 ΠΑΛΛ.
260 1947 380 1975 Ἔοικεν.

133 1992 218 2020 ΚΥΡ,
236 1993 292 2020 Καὶ
314 1993 367 2030 μὴν
383 1994 434 2021 οὐκ
449 1994 621 2030 ἅσνμφανές.
637 1994 699 2027 Πῶς
717 1994 747 2021 δὲ
759 1993 793 2030 ἦν
813 1994 892 2031 ἄμει-

100 2046 144 2064 νον
165 2037 205 2072 τῷ
232 2037 377 2074 θαυμασίῳ
402 2039 516 2075 Παύλῳ,
541 2039 572 2066 τὸ
596 2039 747 2073 ἀναλῦσαι,
771 2039 818 2066 καὶ
843 2040 892 2066 σὺν

100 2084 213 2119 Χριστῷ
228 2081 313 2117 εἶναι;
335 2085 366 2111 El
382 2085 438 2122 γὰρ
459 2085 491 2122 δὴ
513 2085 658 2122 μέλλοιμεν
683 2086 738 2113 τῶν
763 2085 891 2121 ἐπιγείων

99 2131 351 2166 ἀποφοιτήσαντες,
379 2131 426 2158 καὶ
452 2132 501 2159 σὺν
517 2132 628 2168 Χριστῷ
651 2133 811 2167 γεγονότες,
831 2134 889 2164 τοῖς

99 2176 300 2211 ἀντικειμένοις
323 2177 485 2204 ὑποκεῖσθαι
506 2177 663 2212 πνεύμασι,
675 2178 826 2205 κεκένωται
843 2177 892 2213 μὲν

98 2222 116 2258 ἡ
132 2222 244 2254 πίστις,
260 2222 331 2249 κατά
351 2222 382 2249 τὺ
403 2223 615 2259 γεγραμμένον,
635 2223 666 2250 τὸ
680 2224 707 2251 δὲ
723 2225 849 2260 ἐνδημεῖν
864 2225 892 2251 ὲν

932 292 1037 325 dicam;
1061 292 1119 324 sed,
1134 292 1185 319 nisi
1206 292 1294 324 fallor,
1315 292 1380 327 quid
1395 300 1490 319 verum
1507 292 1552 325 sit,
1568 292 1720 320 declarabit

932 338 1084 373 inquisitio.

965 384 1043 412 (ΠΒ.
1062 384 1147 412 Recte
1159 384 1238 411 dicis.
1249 384 1333 420 Igitur
1345 384 1410 411 illud
1426 390 1488 412 ante
1507 385 1559 412 alia
1576 384 1722 419 diligenter

933 430 1045 458 interim
1060 430 1268 465 investigemus,
1284 435 1377 471 utrum
1386 430 1435 458 Dei
1451 438 1565 458 munere
1581 431 1639 458 hac
1656 438 1721 465 por-
1735 425 1737 436 ⁵

932 483 1007 506 tenta
1029 477 1111 505 edant
1137 482 1219 511 atque
1240 476 1367 509 eiliciant,
1393 477 1440 512 qui
1464 477 1621 513 hujusmodi
1641 477 1724 504 rebus

933 523 1054 556 student,
1075 531 1110 550 an
1130 523 1265 550 malorum
1285 523 1431 558 spirituum
1448 531 1539 558 opera.

968 611 1066 638 PALL.
1085 610 1152 644 Quis
1162 618 1226 637 vero
1238 609 1271 637 ad
1288 615 1342 638 tam
1354 610 1461 646 ineptas
1472 610 1651 646 cogitationes
1661 603 1734 645 per?

934 655 1036 689 veniat,
1055 661 1085 683 ut
1103 656 1252 684 arbitretur
1264 655 1312 682 Dei
1330 663 1414 690 opera
1430 661 1558 691 portenta
1568 656 1627 683 haec
1643 656 1726 683 edere

934 708 1137 736 necromantas,
1165 708 1192 730 et
1211 704 1356 739 pythones,
1377 709 1405 731 et
1423 702 1633 730 incantatores?
1658 702 1725 729 Nam

935 754 1030 776 contra
1038 749 1259 777 commemorabo
1273 750 1361 785 legem
1376 758 1438 784 quze
1451 748 1616 784 supplicium
1635 753 1727 776 extre-

936 803 1011 822 mum
1033 795 1166 829 decernit,
1189 796 1315 831 quisquis
1334 796 1393 823 hmo
1421 795 1511 822 facere
1532 793 1615 821 ausus
1633 793 1726 822 fuerit.

935 842 1017 878 Atqui
1031 843 1168 877 quomodo
1179 850 1234 869 non
1246 842 1385 869 dementia
1400 841 1435 869 sit
1451 842 1572 876 cogitare
1596 848 1658 868 cum
1680 841 1727 876 qui

936 888 1034 924 capitis
1058 887 1268 919 condemnetur,
1291 888 1347 914 Deo
1370 894 1424 914 non
1450 886 1614 921 displicere?
1634 885 1729 920 Neque

900 930 921 958 Β
935 934 1010 962 enim
1025 934 1070 961 ille
1089 941 1151 961 cum
1162 933 1220 961 suis
1244 933 1351 969 legibus
1363 941 1484 968 pugnare
1501 931 1653 960 censendus
1677 936 1728 959 est.

968 980 1049 1015 188
1055 979 1134 1008 CYR.
1141 978 1250 1015 Optime
1260 979 1441 1007 ratiocinaris.
1449 979 1507 1007 Jam
1516 978 1639 1006 veroisto
1648 977 1730 1005 modo

939 1031 1098 1054 sanctorum
1107 1026 1228 1053 virorum
1240 1025 1356 1057 animas,
1367 1032 1428 1060 qua:
1440 1032 1455 1052 e
1466 1024 1628 1059 corporibus
1634 1029 1729 1051 exces-

936 1075 1042 1103 serunt,
1059 1075 1231 1105 contemptas
1247 1077 1307 1097 esse
1325 1069 1493 1105 putabimus,
1506 1077 1596 1104 neque
1612 1069 1666 1096 ullu
1679 1076 1731 1095 nu-

937 1125 1013 1144 mero
1023 1117 1128 1150 haberi,
1145 1121 1227 1152 atque
1253 1115 1321 1144 adeo
1332 1116 1361 1142 in
1372 1123 1420 1143 eas
1433 1115 1558 1143 miserias
1573 1114 1728 1150 pervenire,

937 1169 968 1192 ut
981 1164 1064 1191 etiam
1076 1171 1196 1199 nequam
1218 1162 1361 1199 spiritibus
1373 1162 1503 1198 subjectae
1522 1162 1587 1195 sint,
1598 1166 1626 1190 et
1639 1161 1731 1189 invita:

938 1215 1089 1245 sequantur
1103 1217 1162 1243 eos,
1178 1217 1344 1245 quocunque
1367 1209 1407 1237 illi
1424 1208 1572 1241 voluerint,
1587 1208 1663 1236 nullo
1680 1215 1730 1235 ne-

937 1256 1012 1291 gotio
1036 1255 1274 1283 circumferentes.
1298 1254 1381 1290 Atqui
1405 1254 1526 1282 Joannes
1545 1254 1590 1281 ille
1610 1254 1729 1289 sapiens,

938 1302 985 1336 qui
1008 1301 1194 1337 Apocalypsis.
1210 1300 1334 1328 libellum
1356 1299 1531 1335 conscripsit,
1548 1299 1597 1334 qui
1618 1299 1730 1326 Patrum

936 1347 1043 1383 judicio
1065 1347 1262 1382 comprobatus
1285 1350 1338 1378 est,
1364 1349 1524 1374 sanctorum
1549 1345 1655 1372 animas
1678 1343 1731 1372 sub

940 1394 999 1430 ipso
1011 1394 1058 1422 Dei
1072 1393 1152 1421 altari
1164 1402 1193 1422 se
1214 1393 1399 1429 conspexisse,
1424 1396 1519 1428 aperte
1540 1392 1729 1420 conﬁrmat”.

939 1439 1018 1473 Quod
1041 1440 1064 1467 si
1075 1447 1123 1468 eas
1135 1447 1169 1467 ex
1191 1439 1245 1467 illis
1260 1446 1371 1475 quoque
1393 1438 1522 1474 supernis
1542 1437 1733 1466 mansionibus

941 1487 1064 1520 trahunt,
1078 1486 1151 1515 etde
1163 1485 1357 1520 sacratissimis
1380 1484 1450 1513 locis
1470 1484 1599 1512 deferunt
1622 1492 1731 1517 secure,

941 1534 1052 1561 nemine
1074 1533 1250 1569 prohibente,
1264 1533 1386 1567 primum
1412 1531 1542 1559 omnibus
1555 1530 1668 1565 quidem
1679 1530 1734 1558 (ιω-

943 1579 1043 1606 moniis
1056 1584 1100 1607 est
1112 1579 1140 1606 in
1153 1579 1253 1607 caelum
1266 1586 1403 1611 accessus,
1417 1577 1516 1605 deinde
1528 1577 1627 1605 iisdem
1645 1580 1732 1612 patet,

942 1629 973 1652 ut
990 1632 1163 1660 consequens
1175 1629 1227 1657 est,
1249 1624 1369 1660 paradisi
1389 1624 1488 1660 janua:
1501 1623 1575 1651 cedit
1600 1627 1733 1659 praeterea

940 1670 1065 1698 ﬂammea
1077 1671 1124 1698 illa
1142 1670 1316 1706 rhomphzaa:
1330 1668 1370 1697 sic
1381 1669 1455 1696 enim
1465 1670 1597 1703 consequi
1609 1667 1731 1700 videtur,

942 1725 1033 1752 neque
1056 1717 1211 1753 ingressum
1224 1721 1306 1751 atque
1326 1715 1432 1743 exitum
1445 1715 1500 1742 illis
1519 1714 1602 1742 modo
1614 1713 1734 1742 liberum

941 1762 1062 1797 praebet;
1088 1762 1137 1790 sed
1153 1762 1219 1789 licet
1239 1762 1280 1789 eis
1302 1761 1396 1794 etiam,
1414 1760 1438 1788 si
1449 1760 1544 1793 libeat,
1569 1760 1677 1794 aliquos
1700 1767 1735 1788 eo

942 1809 1080 1844 ingressos
1093 1808 1212 1836 educere
1227 1816 1234 1834 :
1247 1815 1338 1835 nonne
1354 1814 1420 1842 ergo
1431 1806 1485 1834 hoc
1494 1811 1550 1839 est,
1562 1813 1638 1841 spem
1652 1813 1733 1841 quam

942 1855 971 1883 in
984 1855 1094 1884 Christo
1105 1855 1250 1887 habemus,
1270 1853 1388 1881 irridere
1397 1852 1411 1879 ?
1426 1857 1455 1881 et.
1475 1852 1660 1880 miserrimam
1672 1859 1734 1881 esse

943 1901 1089 1930 ostendere
1098 1901 1303 1929 admirabilium
1316 1900 1440 1928 virorum
1453 1899 1559 1927 vitam?

979 1947 1078 1975 PALL.
1092 1948 1130 1975 Ita
1143 1947 1262 1975 videtur.

979 1993 1058 2022 CYR.
1074 1994 1127 2022 Sed
1141 1994 1214 2022 idem
1229 1993 1343 2022 minime
1365 1993 1516 2022 obscurum
1527 1996 1578 2021 est.
1592 1992 1736 2027 Quomodo

943 2044 1033 2068 autem
1048 2040 1145 2068 melius
1156 2041 1306 2069 eratbeato
1328 2041 1414 2069 Paulo
1429 2041 1541 2073 resolvi,
1557 2045 1586 2068 et
1597 2048 1658 2068 esse
1672 2047 1735 2068 cum

944 2086 1057 2115 Christo
1069 2086 1092 2102 ⁸⁸
1104 2086 1115 2113 ῗ¹
1127 2086 1207 2119 Nam,
1229 2086 1252 2113 si
1275 2090 1369 2122 postea
1392 2094 1474 2121 quam
1487 2093 1501 2113 e
1521 2085 1638 2113 terrenis
1653 2085 1737 2112 rebus

943 2131 1157 2164 excesserimus,
1169 2136 1197 2159 et
1209 2139 1272 2159 eum
1285 2131 1396 2159 Christo
1410 2131 1556 2163 fuerimus,
1569 2129 1737 2158 adversariis

944 2178 1088 2213 spiritibus
1100 2177 1265 2213 subjiciendi
1285 2184 1390 2209 sumus,
1405 2175 1544 2204 exinanita
1559 2179 1600 2203 est
1616 2174 1692 2207 ﬁdes,
1706 2178 1738 2202 ut

945 2224 1077 2259 scriptum
1101 2227 1143 2250 est
1153 2223 1197 2256 ";
1222 2231 1254 2250 ac
1274 2223 1380 2250 versari
1394 2223 1423 2249 in
1439 2228 1566 2257 corpore,
1580 2227 1663 2255 quam
1673 2227 1736 2247 esse

100 2268 219 2304 σώματι,
234 2268 280 2295 τοῦ
289 2270 408 2296 συνεῖναι
419 2268 540 2305 Χριστῷ,
552 2270 607 2300 πᾶς
615 2277 658 2301 τις
672 2267 730 2303 οὖν,
743 2267 830 2305 οἶμαι,
845 2270 887 2298 καΊ

943 2277 1007 2298 cum
1019 2269 1139 2302 Christo,
1152 2268 1252 2304 quivis,
1267 2269 1376 2303 opinor,
1387 2268 1467 2304 longe
1479 2266 1658 2303 praestantius
1674 2272 1737 2293 esse

99 2314 276 2349 ἀσυγκρίτως
291 2315 440 2349 διενεγκεῖν
461 2315 652 2351 ἐπιψηφιεῖται
667 2315 760 2342 λοιπὸν
771 2336 778 2347 ,
801 2316 891 2343 καὶτὸ

97 2360 145 2386 ἐπὶ
162 2360 261 2387 τούτου
278 2360 515 2397 δυσανεκτότερον·
530 2361 570 2388 ἔτι
589 2361 638 2396 μὲν
652 2361 707 2397 γὰρ
721 2362 749 2388 ὲν
765 2361 834 2397 τῷδε
852 2361 891 2396 τῷ

98 2406 149 2442 βίῳ
175 2406 335 2441 ποιούμενοι
348 2406 399 2438 τάς
409 2407 566 2442 διατριϐὰς,
581 2407 643 2442 οὐχὶ
663 2408 720 2438 τοῖς
736 2407 783 2433 τοῦ
797 2408 890 2434 διαϐό-

97 2452 144 2479 λου
175 2451 329 2487 θελήμασιν
350 2452 558 2488 ὑπεζεύγμεθα,
580 2453 721 2488 πατοῦμεν
746 2452 775 2479 δὲ
798 2453 892 2480 ἐπάνω

98 2496 188 2530 ὅτεων
212 2497 261 2523 καὶ
287 2497 428 2533 σκορπίων
447 2498 566 2534 μᾶλλον,
590 2498 638 2525 καὶ
653 2499 699 2525 ἐπὶ
721 2498 813 2525 πᾶσαν
841 2499 891 2534 τὴν

96 2542 217 2578 δύναμιν
230 2542 278 2569 τοῦ
293 2543 391 2579 ἐχθροῦ
403 2563 411 2576 ,
427 2543 498 2570 κατὰ
514 2544 563 2580 τὴν
577 2543 625 2570 τοῦ
641 2544 768 2579 Σωτῆρος
784 2545 887 2580 φωνήν.

98 2587 167 2616 Εἶτα
187 2589 238 2616 σὺν
253 2589 365 2624 Χριστῷ
385 2590 537 2623 γεγονότες,
555 2590 614 2622 πῶς
634 2591 662 2617 ὲν
688 2590 808 2626 χείροσιν
833 2591 892 2618 ἐσό-

100 2634 189 2670 μεθα;
206 2634 267 2666 πῶς
278 2635 308 2662 δὲ
323 2635 403 2667 αὐτὸς
418 2635 546 2671 ἀληθεύει
561 2635 657 2670 λέγων·
678 2645 687 2662 ι
711 2636 752 2662 Τὰ
768 2635 893 2672 πρόϐατα

97 2683 133 2710 τὰ
156 2682 213 2717 ἐμὲ
234 2682 285 2717 τῆς
308 2683 400 2718 φωνῆς
426 2691 476 2717 μου
499 2682 646 2716 ἀκούουσι,
664 2682 742 2717 κάγὼ
766 2683 892 2718 γινώσκω

99 2727 182 2760 αὐτὰ,
194 2728 242 2754 καὶ
251 2727 498 2763 ἀκολουθοῦσίιμοι,
515 2728 592 2763 κάγὼ
607 2728 703 2763 δίδωμι
715 2729 812 2760 αὐτοῖς
821 2728 892 2763 ζωὴν

100 2775 221 2806 αἰώνιον,
247 2775 295 2801 καὶ
316 2774 346 2801 οὐ
373 2774 410 2810 μὴ
433 2775 586 2802 ἀπόλωνται
609 2775 649 2806 εὶς
665 2774 712 2801 τὸν
733 2774 830 2808 αἰῶνα,
847 2775 893 2802 καὶ

100 2820 149 2855 οὐχ
165 2819 286 2856 ἁρπάσει
306 2828 347 2851 τις
363 2819 433 2846 αὐτὰ
447 2820 480 2846 ἐκ
493 2820 545 2847 τῶν
565 2820 665 2856 χειρῶν
687 2828 749 2856 μου·
764 2821 778 2847 ὁ
796 2821 892 2856 Πατήρ

137 2911 158 2926 ⁵⁸
171 2911 256 2947 Apoc.
278 2918 314 2942 vt,
328 2910 354 2937 9.
393 2910 415 2926 ’⁵
428 2909 524 2944 Philip.
541 2918 558 2942 I,
580 2911 625 2938 “23.
664 2911 686 2927 9“
699 2911 776 2938 Rom.
796 2919 831 2944 ιγ,
850 2911 890 2938 li.

944 2315 1058 2350 posthac
1081 2315 1234 2351 judieahit;
1256 2320 1293 2347 et,
1316 2314 1390 2349 quod
1419 2314 1472 2341 hoc
1486 2314 1545 2349 ipso
1569 2319 1679 2348 quoque
1701 2311 1738 2339 sit

944 2361 1035 2389 minus
1053 2361 1208 2394 ferendum,
1231 2360 1264 2392 si,
1279 2367 1341 2387 eum
1355 2359 1446 2386 adhuc
1460 2359 1487 2386 in
1498 2359 1549 2386 hac
1562 2358 1618 2386 vita
1641 2364 1733 2385 versa-

944 2414 1016 2439 mur,
1032 2397 1152 2443 subjecti
1166 2407 1278 2434 minime
1293 2413 1389 2433 smnus
1401 2405 1502 2432 diaboli
1523 2404 1736 2440 cupiditatibus,

943 2452 992 2479 sed
1005 2453 1143 2480 calcamus
1154 2452 1246 2487 potius
1272 2459 1354 2486 super
1365 2455 1508 2486 serpentes
1523 2455 1550 2477 et
1563 2451 1734 2486 scorpiones,

943 2503 971 2526 et
983 2506 1065 2533 super
1076 2502 1356 2533 omnempotestatcm
1371 2497 1485 2528 inimici,
1495 2497 1572 2532 juxta
1586 2497 1737 2525 Salvatoris

941 2545 1028 2572 nostri
1044 2552 1138 2573 vocem
1155 2545 1188 2570 ".
1204 2544 1286 2579 Ergo,
1308 2544 1355 2571 ubi
1365 2551 1427 2571 eum
1451 2543 1562 2571 Christo
1587 2543 1735 2576 fuerimus,

942 2580 1180 2626 quomodo‘pejore
1192 2589 1350 2617 conditione
1363 2588 1449 2616 futuri
1463 2596 1558 2616 sumus
1569 2588 1581 2615 ?
1592 2587 1730 2623 quomodo

942 2636 1025 2664 etiam
1039 2644 1123 2665 verax
1133 2636 1186 2664 erit
1200 2636 1268 2670 ipse,
1280 2642 1342 2662 cum
1356 2634 1422 2662 dicit
1436 2641 1443 2660 :
1459 2642 1467 2659 ι
1479 2633 1549 2661 Oves
1561 2641 1628 2661 meae
1639 2641 1735 2660 vocem
1750 2632 1753 2637 “

943 2691 1031 2710 meam
1047 2683 1178 2716 audiunt;
1198 2687 1226 2709 et
1237 2689 1286 2718 ego
1306 2688 1440 2717 cognosco
1462 2689 1523 2712 eas,
1537 2685 1564 2708 et
1583 2685 1736 2715 sequuntur

945 2736 1006 2761 me;
1022 2732 1049 2755 et
1070 2728 1153 2755 vitam
1175 2732 1307 2755 :eternam
1325 2726 1360 2754 do
1375 2727 1431 2759 eis;
1447 2730 1475 2753 et
1492 2734 1547 2753 non
1564 2726 1693 2762 peribunt
1708 2726 1735 2753 in

947 2778 1090 2805 mternum,
1098 2770 1192 2800 etnon
1204 2773 1292 2808 rapiet
1302 2780 1348 2800 eas
1361 2772 1504 2807 quisquam
1517 2771 1551 2800 de
1563 2779 1644 2799 manu
1656 2779 1715 2799 mea
1727 2780 1734 2798 :

947 2820 1029 2847 Pater
1043 2828 1130 2853 meus,
1148 2820 1195 2855 qui
1211 2819 1286 2848 dedit
1298 2819 1376 2853 mihi,
1395 2819 1524 2848 omnibus
1541 2819 1627 2855 major
1640 2822 1695 2852 est;
1708 2821 1737 2846 et

929 2911 949 2927 υτ
963 2910 1029 2938 Luc.
1047 2919 1072 2943 κ,
1097 2910 1136 2937 i9.
