1934 3042
225 203 278 231 455

740 204 766 232 S.
785 203 930 247 CYRILLI’
942 201 1176 231 ALEXANDRINI
1196 199 1353 229 ARCHIEP.

1806 196 1858 224 456

226 269 307 290 nemo
319 264 411 296 potest
426 269 523 297 rapere
537 270 571 290 ex
582 269 665 290 manu
679 262 767 290 Patris
783 262 836 290 mei
849 262 890 289 ”?
900 272 909 288 ›
929 262 1013 289 Dece-

1068 266 1118 296 μου
1132 259 1161 291 ὃς
1177 258 1261 286 ἔδωκέ
1281 267 1341 294 μοι,
1360 256 1470 284 πάντων
1493 254 1595 292 μείζων
1616 255 1693 288 ἐστὶ,
1710 255 1757 282 καὶ
1771 255 1858 286 οὐδεὶς

227 309 267 343 pit
277 308 360 336 etiam
373 308 479 336 scilicet
493 308 573 344 189
587 308 699 344 pietatis
711 308 738 335 in
751 307 891 336 Christum
900 308 1016 335 athletas

227 353 404 381 beatissimus
416 353 525 386 Petrus,
542 361 605 380 cum
616 353 651 381 ad
667 353 741 380 hunc
758 353 870 380 modum
883 353 993 388 scripsit
1007 361 1013 379 :

228 410 237 426 ε
254 399 349 434 Itaque
372 402 400 426 et
417 399 435 426 ii
448 398 495 434 qui
516 399 659 434 patiuntur
676 398 826 427 secundum
847 398 1015 426 voluntatem

227 445 283 478 Dei,
299 444 374 473 ﬁdeli
388 444 511 473 Creatori
533 445 724 472 commendent
738 445 842 472 animas
856 452 929 473 suas.
942 445 964 461 "
978 454 984 472 τ
1002 454 1011 470 ι

224 491 303 524 Quod
321 491 343 518 si
360 491 416 518 Deo
431 491 648 518 commendatam
664 491 781 518 animam
796 491 868 526 cogit
889 491 1012 525 Satanas,

227 538 339 572 agitque
357 545 389 565 ac
407 537 462 564 fert
483 545 648 573 quocunque
669 545 719 573 pro
740 542 863 572 tempore
885 538 1013 572 voluerit,

224 582 364 616 quomodo
379 582 424 609 ille
436 588 594 610 sanctorum
606 587 755 617 protector,
774 583 820 618 qui
838 584 1013 619 uniuscujus-

225 635 279 662 que
306 628 431 663 spiritum
444 628 528 655 veluti
540 628 693 663 depositum
705 629 924 656 commendatum
936 636 1014 656 acce-

225 673 275 707 pit,
294 672 383 699 [idelis
402 672 515 707 intelligi
527 673 644 708 poterit?
656 673 838 700 Deliramenta
856 673 937 708 igitur
950 678 1014 700 sunt

226 717 294 750 haec,
312 717 368 744 imo
390 725 456 744 vero
477 722 572 753 stupor
595 717 733 751 immanis,
753 723 851 753 putare
872 718 1013 754 propheta:

225 763 344 791 animam
369 771 465 791 revera
490 763 597 799 frigidis
626 764 824 791 scelestissinla:
845 765 1013 793 muliercula:

225 810 395 838 caminibus
417 818 452 838 ex
473 810 614 839 attributis
635 811 687 838 sibi
711 810 823 838 sedibus
841 818 902 838 esse
921 811 1012 838 detra-

225 860 306 884 ctam.

260 901 499 935 PALL.Qilaanam
520 901 604 936 igitur
621 902 704 929 fuerit
723 910 830 935 rerum,
856 910 924 937 quas
948 909 1013 930 con-

1066 306 1177 333 δὺναται
1200 305 1332 341 ἁρπάζειν
1349 304 1381 330 ὲκ
1393 304 1441 339 τῆς
1459 301 1551 338 χειρὸς
1563 301 1609 329 τοῦ
1630 302 1736 338 Πατρός
1759 310 1828 338 μου;
1845 311 1855 327 ι

1067 352 1238 387 Πεφενάκικε
1252 351 1281 378 δὲ
1299 351 1371 386 τάχα
1391 358 1442 376 που
1458 348 1508 384 τῆς
1524 349 1563 381 είς
1583 348 1700 384 Χριστὸν
1715 347 1858 379 εὐσεϐείας

1067 397 1132 430 τοὺς
1151 396 1281 432 ἀθλητὰς,
1300 394 1446 431 γεγραφὼς
1461 394 1509 421 ὡδὶ
1529 394 1576 421 καὶ
1591 395 1605 420 ὁ
1627 393 1780 428 σοφώτατος
1805 393 1858 420 Πέ-

1066 450 1147 478 τροςσ,
1165 451 1174 467 ι
1198 441 1280 467 Ὥστε
1304 440 1352 467 καὶ
1375 439 1428 466 ὑπὸ
1451 438 1540 466 ἄλλων
1562 438 1714 473 πάσχοντες
1735 437 1808 465 κατὰ
1827 438 1858 464 τὸ

1066 487 1174 523 θέλημα
1193 484 1292 518 αὐτοῦ,
1310 484 1397 520 πιστῷ
1414 483 1520 520 Κτίστῃ
1544 483 1788 518 ¹παρατιθέινίθοιιταν
1808 481 1858 513 τὰς

1066 533 1157 568 ψυχὰς
1172 531 1272 559 αὐτῶν.
1293 539 1302 557 ι
1319 530 1352 557 Εἰ
1366 530 1394 557 δὲ
1417 529 1455 566 τῷ
1469 529 1529 565 Θεῷ
1551 528 1753 564 παρατεθεῖσαν
1767 528 1858 564 ψυχὴν

1067 577 1188 614 βιάζεται
1201 578 1215 604 ὁ
1234 577 1371 609 Σατανᾶς,
1389 576 1463 611 ἄγων
1487 582 1517 602 τε
1536 575 1584 602 καὶ
1610 574 1700 610 φέρων
1721 572 1802 610 οἷπερ
1827 575 1859 601 ἂν

1065 625 1152 651 ἅλοιτο
1175 624 1247 651 κατὰ
1268 623 1390 659 καιροὺς,
1417 622 1474 654 πῶς
1497 622 1529 649 ἃν
1549 622 1636 649 νοοῖτο
1661 621 1757 653 πιστὸς
1772 622 1786 647 6
1803 620 1858 647 τῶν

1066 670 1152 704 ἁγίων
1174 669 1370 706 προεστηκὼς,
1392 668 1440 695 καὶ
1460 667 1542 694 οἱονεὶ
1566 666 1804 702 παρακαταθήκην
1827 666 1858 692 τὸ

1065 715 1180 743 ἑκάστου
1197 714 1305 750 πνεῦμα
1318 713 1424 747 λαϐώνς
1442 714 1532 749 Λῆρος
1552 710 1600 740 οὖν
1623 712 1678 748 ἄρα
1702 712 1796 745 ταυτὶ,
1809 712 1856 739 καὶ

1064 760 1221 796 ἅποπληξία
1246 751 1338 796 δεινὴ,
1363 759 1393 786 τδ
1414 759 1485 786 κατὰ
1520 758 1650 795 ἀλήθειαν
1676 757 1781 785 οἴεσθαι
1807 758 1857 793 τὴν

1064 809 1204 844 προφήτου
1212 807 1304 843 φωνὴν
1317 806 1432 842 ψυχραῖς
1440 805 1558 841 ἐπῳδαῖς
1570 805 1680 840 γυναίου
1696 804 1857 841 μυσαρωτά-

1063 863 1109 881 του
1121 854 1174 882 τῶν
1193 853 1398 890 ὲκνεμηθέντων
1411 852 1480 888 αὐτῇ
1499 851 1667 880 καθελκῦσαι
1685 852 1789 878 τόπων.

1099 901 1203 928 ΠΑΛΛ.
1224 900 1272 932 Τίς
1297 897 1345 927 οὖν
1367 898 1401 926 ἂν
1432 898 1539 934 γένοιτο
1562 897 1618 925 τῶν
1638 896 1824 933 θεωρημάτων
1842 897 1856 923 ὁ

225 947 385 974 siderandas
396 947 598 982 proposuimus.
617 948 779 983 explicatio?
799 956 861 975 nam
877 950 933 977 haec
945 948 1013 976 adeo

1067 947 1162 981 λόγος;
1177 946 1277 982 χρῆναι
1292 945 1346 981 γὰρ
1362 942 1439 980 οἶμαι
1455 944 1488 972 τὰ
1500 943 1589 975 οὕτως
1603 941 1704 979 αἰσχρὰ
1719 942 1780 979 μηδ’
1795 942 1855 969 ὅσον

227 993 317 1028 turpia
329 1000 364 1020 ne
379 993 550 1028 simplicibus
561 993 682 1029 quidem,
700 998 729 1021 ut
745 994 780 1022 ita
795 994 895 1026 dicam,
914 994 1015 1030 cogita-

226 1038 347 1066 tionibus
358 1039 527 1067 admittenda
544 1047 652 1068 censeo.

259 1085 339 1113 CYR.
361 1085 513 1121 Propositis
535 1086 614 1122 prius
635 1094 719 1115 sacra:
735 1087 884 1123 Scriptura
904 1087 1013 1121 verbis,

226 1136 285 1160 tum
303 1139 364 1167 quae
380 1132 472 1161 animo
493 1137 642 1160 occurrunt
662 1140 847 1168 exponemus,
866 1138 893 1161 et
913 1133 1014 1169 ubique

226 1178 355 1206 decorum
368 1178 513 1214 diligenter
525 1179 713 1207 retinebimus.
728 1179 767 1206 Ea
775 1179 816 1207 sic
826 1179 945 1207 habent:
960 1190 968 1206 ι
982 1180 1016 1207 Et

226 1223 336 1250 Samuel
350 1227 476 1251 mortuus
490 1227 532 1251 est
550 1227 596 1251 :et
606 1223 771 1259 planxerunt
783 1231 847 1251 eum
869 1224 1015 1252 universus

226 1267 309 1295 Israel
324 1271 369 1294 :et
382 1267 549 1303 sepelierunt
559 1275 621 1295 eum
633 1268 660 1295 in
672 1268 851 1301 Amathaim,
867 1268 895 1295 in
906 1268 1015 1297 civitate

225 1315 286 1350 ejus
294 1323 301 1341 ε
308 1318 336 1342 el
344 1314 409 1341 Saul
416 1314 529 1342 abstulit
537 1315 738 1350 pythonicos,et
746 1315 901 1350 cognitores
907 1323 921 1342 a
932 1321 1014 1343 terra.

226 1361 261 1388 Et
269 1364 467 1396 congregantur
475 1360 614 1396 allophyli,
621 1364 649 1388 et
656 1360 779 1394 veniunt,
789 1366 816 1389 et
823 1365 1017 1389 castrametan—

228 1412 273 1434 tur
290 1406 317 1433 in
331 1405 431 1433 Sonam
451 1414 458 1432 :
478 1410 506 1434 et
522 1409 668 1441 congregat
678 1404 740 1433 Saul
756 1413 864 1433 omnem
877 1406 1015 1434 hominem

195 1451 201 1457 ‘
228 1450 321 1482 Israel,
336 1455 365 1478 et
380 1453 607 1478 castrametantur
615 1450 641 1477 in
650 1450 761 1478 Gelboe.
779 1451 813 1479 Et
822 1451 961 1479 viditSaul
969 1459 1015 1478 ca-

228 1501 284 1525 stra
295 1496 505 1532 allophylorum,
517 1495 644 1524 ettimuit
652 1516 660 1529 ,
668 1501 697 1524 et
704 1501 907 1525 consternatum
919 1503 961 1525 est
969 1505 1016 1525 cor

226 1543 287 1579 ejus
299 1542 379 1570 valde
394 1551 400 1569 :
420 1546 448 1569 et
457 1541 596 1570 consuluit
613 1541 678 1570 Saul
691 1550 740 1578 per
754 1543 910 1575 Dominum,
919 1548 947 1571 et
960 1551 1014 1571 non

225 1587 369 1623 respondit
387 1588 413 1616 ei
431 1588 563 1615 Dominus
590 1596 639 1623 per
666 1588 781 1621 somnia,
803 1596 891 1624 neque
915 1589 942 1616 in
957 1597 1014 1616 ma-
1027 1607 1049 1636 ε

225 1633 345 1667 nifestis,
363 1641 453 1670 neque
482 1633 510 1662 in
530 1634 681 1669 prophetis.
703 1635 737 1661 Et
758 1634 828 1662 dixit
842 1635 905 1662 Saul
928 1635 1014 1662 servis

226 1679 431 1714 suis:Quaerite
442 1680 510 1708 mihi
528 1680 674 1708 mulierem
698 1680 900 1716 pythonissam,
920 1684 948 1708 et
970 1680 1014 1708 ibo

226 1725 260 1754 ad
285 1726 370 1759 illam,
388 1730 416 1754 et
439 1719 559 1761 quaeram
572 1734 622 1761 per
638 1726 722 1754 illam.
746 1727 779 1754 Et
794 1727 922 1754 dixerunt
942 1727 1013 1754 servi

225 1771 287 1807 ejus
299 1771 334 1799 ad
350 1779 414 1799 eum
431 1781 438 1800 :
460 1772 531 1800 Ecce
543 1772 642 1799 mulier
653 1772 811 1807 pythonissa
827 1776 869 1799 est
886 1772 913 1799 in
939 1771 1014 1799 Aen-

226 1817 287 1845 dor.
302 1817 337 1844 Et
347 1821 494 1852 coopertus
501 1822 543 1845 est
551 1817 625 1850 Saul,
638 1822 665 1845 et
673 1817 761 1845 induit
772 1825 800 1846 se
809 1817 931 1845 vestibus
939 1817 1013 1850 aliis,

225 1868 256 1892 et
267 1863 342 1891 vadit
358 1863 417 1898 ipse
438 1868 466 1891 et
492 1863 548 1891 duo
575 1863 627 1890 viri
645 1871 709 1891 cum
733 1864 792 1898 ipso
815 1863 848 1890 ad
871 1863 1014 1890 mulierem

226 1913 318 1942 nocte,
339 1912 367 1937 et
380 1909 449 1937 dixit
457 1909 496 1936 illi
510 1901 622 1936 :‘Divina
630 1909 698 1937 mihi
708 1909 736 1937 in
744 1909 876 1945 Pythone,
886 1913 915 1936 et
931 1916 1014 1936 evoca

227 1953 262 1981 ad
279 1961 324 1981 me
337 1961 527 1988 quemcunque
545 1953 638 1982 dixero
653 1953 712 1982 tibi.
737 1953 770 1982 Et
785 1953 854 1981 dixit
868 1953 968 1981 mulier
981 1954 1014 1981 ad

228 1999 306 2026 illum
320 2007 326 2025 τ
343 1999 413 2026 Ecce
429 1999 483 2035 jam
497 2003 525 2026 tu
539 1999 611 2027 nosti
623 2007 792 2034 quaecunque
805 1998 870 2027 fecit
886 1999 950 2027 Saul
961 2020 968 2032 ,
985 2004 1016 2028 ut

227 2043 421 2072 exterminavit
439 2045 601 2080 pythonicos
616 2050 643 2073 et
665 2045 820 2080 cognitores
835 2044 868 2072 de
884 2048 970 2078 terra;
987 2048 1015 2072 et

227 2098 278 2118 cur
297 2095 327 2118 tu
346 2090 486 2118 insidiaris
505 2091 603 2118 animae
618 2097 695 2122 meae,
712 2094 742 2118 ut
757 2090 865 2118 occidas
879 2090 958 2118 eam?
981 2090 1015 2118 Et

227 2135 329 2170 iuravit
343 2135 380 2162 illi
396 2135 470 2169 Saul,
480 2135 575 2164 dicens
589 2144 596 2162 :
612 2135 685 2164 Vivit
695 2135 843 2167 Dominus.
863 2136 886 2164 si
907 2135 1015 2164 eveniet

227 2181 279 2208 tibi
297 2182 360 2209 mali
382 2182 522 2217 quidpiam
543 2182 572 2208 in
594 2181 679 2208 verbo
698 2181 759 2209 hoc.
779 2182 813 2209 Et
831 2182 901 2210 dixit
916 2182 1015 2210 mulier

227 2227 320 2255 Sauli:
332 2227 418 2261 Quem
429 2228 554 2257 excitabo
561 2227 610 2255 tibi
618 2228 629 2254 ί
636 2228 669 2255 Et
680 2227 747 2254 dixit
758 2236 764 2254 :
777 2227 855 2262 190
861 2227 1013 2256 Samuelem

1064 994 1162 1025 εἰπεῖν,
1177 992 1231 1019 κᾶν
1245 991 1310 1026 γοῦν
1326 991 1355 1017 ὲν
1366 990 1458 1025 ψιλαῖς
1471 989 1586 1021 ἐννοίαις
1600 989 1685 1016 ἑλεῖν.

1100 1084 1184 1111 ΚΥΡ.
1206 1082 1278 1110 Αὐτὸ
1295 1081 1464 1117 παραθέντες
1486 1081 1517 1108 τὺ
1534 1081 1655 1116 Γράμμα
1674 1080 1704 1107 τὸ
1720 1079 1809 1115 ίερδν,
1821 1079 1855 1106 τὰ

1067 1131 1107 1161 είς
1133 1128 1194 1156 νοῦν
1218 1128 1290 1155 Iov-ca
1317 1127 1378 1154 τότε
1403 1127 1477 1162 σαφῆ
1495 1127 1712 1162 καταστήσομεν,
1730 1125 1854 1160 πανταχῆ

1064 1174 1111 1202 τοῦ
1127 1174 1280 1210 πρέποντος
1298 1173 1383 1210 ἀπρὶξ
1397 1172 1526 1209 ἡμμένοι.
1541 1172 1618 1208 Ἔχει
1632 1171 1660 1198 δὲ
1675 1171 1756 1198 οὖτω-
1775 1180 1785 1197 t
1800 1171 1855 1197 Kal

1065 1220 1193 1257 Σαμουὴλ
1209 1220 1340 1252 ἀπέθανε,
1355 1220 1403 1247 καὶ
1419 1218 1551 1254 ὲκόψαντο
1565 1218 1647 1245 αὑτὸν
1661 1218 1715 1249 πᾶς
1734 1217 1853 1253 Ἰσραὴλ,

1066 1268 1113 1295 καὶ
1132 1267 1281 1295 θάπτουσιν
1298 1265 1379 1293 αὐτὸν
1392 1265 1421 1292 ὲν
1443 1263 1610 1300 Ἀρμαθατμ,
1626 1265 1654 1291 ὲν
1670 1263 1747 1290 πόλει
1760 1263 1853 1290 αὐτοῦ’

1066 1315 1113 1341 καὶ
1132 1313 1218 1341 Σαοὺλ
1242 1312 1362 1348 περιεῖλε
1378 1311 1441 1343 τοὺς
1465 1311 1717 1347 ἐγγαστριμύθους,
1733 1310 1854 1342 καὶτοὺς

1067 1359 1187 1395 γνώστας
1207 1359 1260 1386 ἀπὸ
1277 1358 1327 1393 τῆς
1341 1358 1403 1394 γῆς.
1427 1358 1482 1384 Kal
1497 1356 1718 1393 συναθροίζονται
1735 1357 1760 1383 οἱ
1774 1355 1854 1383 ἀλλό-

1066 1406 1158 1441 φυλοι,
1173 1405 1220 1432 καὶ
1234 1405 1359 1440 ἔρχονται
1372 1405 1420 1431 καὶ
1436 1403 1673 1440 παρεμϐάλλουσιν
1687 1405 1728 1435 είς
1743 1403 1853 1439 Σωνάμ.

1066 1452 1122 1480 Kal
1146 1450 1318 1485 συναθροίζει
1343 1450 1430 1478 Σαοὺλ
1449 1450 1538 1477 πάντα
1563 1450 1647 1486 ἄνδρα
1669 1449 1786 1485 Ἰσραὴλ,
1807 1449 1855 1476 καὶ

1066 1497 1307 1533 παρεμϐάλλουσιν
1332 1497 1372 1528 είς
1395 1496 1521 1524 Γελϐουέ.
1542 1497 1598 1524 Kal
1622 1494 1674 1523 εἶδε
1696 1496 1782 1522 Σαοὺλ
1804 1495 1855 1531 τὴν

1068 1543 1246 1581 παρεμϐολὴν
1272 1544 1327 1570 τῶν
1364 1543 1536 1579 ἀλλοφύλων,
1565 1543 1612 1570 καὶ
1641 1542 1777 1578 ἐφοϐήθη,
1807 1541 1855 1569 καὶ

1067 1590 1164 1626 ἐξέστη
1190 1591 1206 1626 ὴ
1233 1590 1334 1626 καρδία
1365 1589 1446 1617 αὑτοῦ
1473 1589 1585 1625 σφόδρα.
1609 1589 1664 1616 Καὶ
1692 1588 1854 1624 ἐπηρώτησε

1066 1636 1151 1663 Σαοὺλ
1171 1636 1215 1663 διὰ
1233 1636 1350 1672 Κυρίου,
1369 1636 1417 1662 καὶ
1441 1635 1492 1662 οὐκ
1506 1634 1641 1671 ἀπεκρίθη
1657 1634 1730 1670 αὐτῷ
1752 1634 1855 1670 Κύριος

1065 1682 1094 1709 ὲν
1117 1683 1172 1714 τοῖς
1188 1681 1340 1714 ἐνυπνίοις,
1362 1681 1409 1708 καὶ
1431 1681 1459 1708 ὲν
1480 1682 1537 1713 τοίς
1558 1681 1662 1717 δήλοις,
1678 1680 1725 1707 καὶ
1749 1681 1778 1707 ὲν
1798 1680 1856 1711 τοῖς

1065 1730 1227 1764 προφήταις.
1246 1728 1300 1755 Kal
1316 1726 1378 1754 εἷπε
1397 1727 1484 1754 Σαοὺλ
1504 1728 1561 1759 τοῖς
1579 1726 1674 1753 παισὶν
1689 1725 1783 1753 αὑτοῦ·
1802 1727 1855 1761 Ζη-

1064 1774 1165 1810 τήσατέ
1180 1782 1225 1809 μοι
1241 1774 1357 1807 γυναῖκα
1370 1772 1606 1808 ὲγγαστρίμυθον,
1622 1771 1668 1798 καὶ
1685 1771 1854 1807 πορεύσομαι

1066 1820 1133 1856 πρὸς
1159 1820 1258 1855 αὐτὴν,
1281 1819 1329 1846 καὶ
1353 1819 1462 1854 ζητήσω
1487 1818 1516 1845 ἐν
1541 1818 1625 1853 αὐτῇ.
1646 1817 1701 1844 Καὶ
1726 1816 1804 1844 εἷπον
1829 1817 1854 1844 οἱ

1065 1867 1161 1898 παῖδες
1177 1865 1260 1893 αὑτοῦ
1276 1865 1343 1901 πρὸς
1357 1865 1447 1891 αὐτόν·
1474 1864 1541 1891 ’ἰδοὺ
1555 1863 1624 1898 γυνὴ
1635 1863 1854 1898 ὲγγαστρίμυθος

1065 1914 1093 1940 ὲν
1110 1912 1234 1948 Ἀενδώρ.
1250 1912 1304 1939 Καὶ
1324 1910 1527 1946 συνεκαλύψατο
1537 1910 1634 1937 Σαούλ⁹
1655 1910 1702 1936 καὶ
1724 1909 1854 1944 περιεϐά-

1065 1959 1127 1986 λετο
1140 1958 1236 1994 ἱμάτια
1250 1957 1347 1993 ἕτερα,
1362 1957 1409 1984 καὶ¹
1432 1956 1577 1993 πορεύεται
1593 1956 1673 1988 αὐτὸς
1687 1955 1735 1982 καὶ
1747 1954 1794 1982 δύο
1808 1955 1854 1982 ἆν-

1064 2004 1127 2039 δρες
1151 2004 1209 2038 μετ’
1233 2001 1333 2036 αὐτοῦ,
1359 2002 1406 2029 καὶ
1429 2001 1553 2037 ἔρχονται
1572 2000 1641 2037 προς
1665 2001 1716 2035 τὴν
1737 2002 1855 2035 γυναῖκα

1065 2050 1178 2082 νυκτὸς,
1205 2049 1253 2076 καὶ
1275 2047 1353 2075 εἷπεν
1372 2047 1451 2083 αὑτῇ·
1474 2047 1632 2074 Μάντευσαι
1656 2046 1688 2082 δή
1707 2055 1752 2082 μοι
1770 2047 1799 2074 ἐν
1815 2045 1855 2080 τῷ

1066 2094 1286 2130 ἑγγαστριμύθῳ,
1297 2093 1344 2120 καλ¹
1353 2092 1473 2127 ἀνάγαγέ
1489 2101 1533 2128 μοι
1549 2092 1578 2119 ὃν
1591 2092 1638 2118 ἐὰν
1651 2092 1720 2118 εἴπω
1734 2100 1784 2118 σοι.
1799 2091 1855 2118 Καὶ

1066 2138 1141 2167 εἶπεν
1168 2138 1242 2175 αὺτῷ
1255 2140 1271 2173 ἡ
1290 2138 1370 2174 γυνή·
1390 2137 1456 2164 Ἰδοὺ
1479 2137 1512 2172 δὴ
1527 2137 1560 2163 σὺ
1574 2134 1648 2168 οἶδας
1669 2137 1719 2163 ὅσα
1741 2135 1854 2171 ἐποίησε

1066 2185 1151 2213 Σαοὺλ
1177 2185 1215 2216 ὡς
1236 2183 1418 2219 ὲξωλόθρευσε
1442 2183 1505 2214 τοὺς
1530 2181 1786 2218 ἐγγαστριμύθους,
1806 2181 1854 2208 καὶ

1065 2232 1127 2263 τοὺς
1142 2231 1266 2266 γνώστας
1281 2229 1335 2257 ἀπὺ
1350 2230 1398 2265 τῆς
1412 2230 1475 2265 γῆς,
1491 2230 1537 2257 καὶ
1558 2229 1628 2256 ίνατί
1648 2228 1679 2254 σὺ
1696 2226 1854 2261 παγιδεύεις

226 2273 317 2302 excita
328 2274 406 2302 mihi.
423 2275 458 2303 Et
468 2274 536 2302 vidit
552 2274 651 2301 mulier
667 2273 831 2306 Samuelem,
843 2279 871 2301 et
882 2275 1013 2302 exclama-

1067 2277 1115 2313 τὴν
1144 2276 1233 2312 ψυχήν
1264 2285 1325 2312 μου,
1355 2275 1509 2303 θανατῶσαι
1534 2275 1635 2310 αὐτήνς
1664 2273 1719 2300 Kal
1746 2272 1854 2308 ὤμοσεν

228 2322 267 2358 vlt
279 2326 346 2347 voce
361 2327 468 2355 magna.
487 2319 521 2348 Et
534 2319 602 2347 dixit
620 2319 719 2346 mulier
737 2319 771 2346 ad
790 2319 853 2347 Saul
876 2320 951 2347 :Cur
968 2320 1015 2348 de-

228 2365 324 2400 ccpisti
336 2373 381 2393 me
389 2365 435 2393 iet
443 2369 471 2392 tu
483 2372 514 2393 es
522 2364 596 2392 Saul.
610 2364 716 2392 Etdixit
728 2364 766 2391 illi
778 2373 825 2392 rex
837 2375 843 2392 :
852 2366 889 2393 Ne
900 2365 996 2394 timeas
1006 2375 1013 2397 ;

228 2410 274 2437 dic
288 2419 370 2446 quem
388 2410 500 2438 videris.
523 2409 558 2437 El.
569 2410 639 2437 dixit
659 2409 697 2437 illi
718 2411 817 2438 mulier
839 2420 844 2438 ε
865 2402 937 2439 Deos
959 2412 1014 2439 vidi

207 2456 217 2465 "
228 2458 430 2486 ascendentese
443 2460 525 2483 terra.
538 2456 573 2483 Et
587 2456 656 2483 dixit
669 2456 702 2484 ad
714 2456 787 2483 illam
807 2465 813 2482 :
834 2456 905 2490 Quid
915 2465 1015 2493 cogno-

229 2501 310 2529 visti?
321 2502 356 2530 Et
368 2501 437 2528 dixit
450 2500 489 2528 illi
507 2509 513 2527 :
531 2500 626 2528 Virum
639 2504 745 2528 rectum
764 2502 955 2529 ascendentem
979 2502 1013 2530 de

228 2550 312 2578 terra,
329 2549 357 2573 et
376 2545 422 2571 hic
446 2544 561 2572 amictus
579 2545 708 2580 diploide.
725 2546 759 2573 Et
786 2547 913 2582 cognovit
931 2547 1011 2579 Saul.

228 2591 301 2626 quod
317 2590 424 2618 Samuel
442 2594 515 2618 esset
533 2591 588 2624 hic,
616 2595 645 2618 et
667 2591 808 2619 inclinavit
828 2599 857 2620 se
876 2592 903 2620 in
916 2593 1013 2620 faciem

228 2644 306 2664 suam
317 2636 346 2664 in
358 2640 468 2669 terram,
482 2641 510 2664 et
520 2637 644 2665 adoravit
660 2645 733 2665 eum.
750 2638 784 2666 Et
796 2638 866 2666 dixit
879 2638 988 2667 Samuel
1006 2648 1012 2666 Ζ

228 2683 283 2710 Cur
297 2682 516 2717 inquietastime,
537 2687 568 2711 ut
578 2684 774 2712 ascenderem?
789 2685 822 2712 Et
842 2685 911 2712 dixit
927 2685 991 2713 Saul
1005 2695 1012 2712 :

228 2727 357 2755 Coarctor
369 2727 463 2762 valde;
484 2732 512 2756 et
528 2729 657 2765 allophyli
673 2729 774 2757 bellum
794 2735 892 2765 gerunt
916 2730 1013 2758 adver-

229 2783 360 2808 summe;
375 2780 402 2803 ct
421 2776 494 2804 Deus
515 2777 629 2805 recessit
648 2785 664 2805 a
680 2785 734 2810 me,
750 2781 778 2805 et
799 2786 855 2805 non
875 2778 1014 2806 exaudivit

230 2828 271 2847 mc
283 2821 383 2854 adhuc,
402 2829 490 2857 neque
503 2821 530 2849 in
546 2830 627 2850 manu
643 2822 849 2858 prophetarum,
865 2831 953 2859 neque
965 2832 1014 2859 per

266 2914 285 2929 ’"‘
298 2912 365 2940 .loall
391 2921 416 2945 κ,
430 2912 525 2940 ΞἾ-Ξιῗ).
565 2913 585 2928 ³³
599 2912 608 2939 Ι
622 2912 694 2940 l‘ctr.
709 2920 743 2944 iv,
762 2911 800 2938 l9.

1066 2323 1134 2358 αὑτῇ
1153 2322 1248 2354 Σαοὺλ,
1269 2322 1366 2355 λέγων·
1385 2322 1422 2356 Ζῇ
1441 2320 1553 2356 Κύριος,
1569 2321 1592 2346 εί
1609 2319 1796 2354 ἀπαντήσεται
1811 2327 1853 2344 σοι

1065 2367 1156 2394 ἀδικία
1171 2368 1199 2393 ὲν
1213 2366 1249 2401 τῷ
1260 2366 1331 2401 λόγῳ
1341 2365 1437 2400 τούτῳ.
1449 2364 1502 2391 Καὶ
1515 2362 1590 2390 εἶπεν
1601 2363 1693 2399 ἡγυνὴ
1704 2361 1742 2397 τῷ
1756 2361 1852 2388 Σαούλ·

1066 2413 1133 2440 Τίνα
1149 2413 1280 2447 ἀναγάγω
1294 2421 1334 2438 σοι
1347 2420 1355 2444 ;
1369 2411 1425 2437 Kal.
1439 2408 1511 2436 e'ms'
1528 2409 1580 2436 Τὸν
1594 2409 1720 2444 Σαμουὴλ
1731 2406 1853 2442 ἀνάγαγέ

1068 2468 1122 2495 μοι.
1149 2458 1205 2485 Kal.
1227 2456 1297 2484 εἶδεν
1313 2456 1411 2493 ἡγυνὴ
1429 2456 1475 2483 τὸν
1487 2455 1631 2491 Σαμουὴλ,
1651 2455 1697 2481 καὶ
1720 2453 1853 2488 ἀνεϐόησε

1067 2505 1143 2540 φωνῇ
1160 2504 1275 2540 μεγάλῃ.
1295 2503 1351 2530 Καὶ
1364 2500 1440 2529 εἶπεν
1457 2503 1474 2538 ὴ
1489 2502 1559 2537 γυνὴ
1573 2501 1642 2536 πρὸς
1654 2500 1749 2527 Σαούλ*
1771 2499 1853 2526 Ἰνατί

1067 2552 1239 2587 παρελογίσω
1256 2559 1304 2586 με;
1321 2550 1367 2576 καὶ
1382 2550 1414 2576 σὺ
1434 2547 1459 2576 εἷ
1478 2548 1573 2575 Σαούλ.
1594 2547 1649 2574 Kal
1664 2544 1740 2573 εἶπεν
1757 2546 1826 2581 αὑτῇ
1839 2545 1853 2571 ὁ

1069 2596 1203 2632 βασιλεὺς
1217 2596 1263 2631 Μὴ
1280 2595 1374 2630 φοῦοῦ,
1391 2593 1467 2621 εἷπον
1483 2594 1544 2621 τίνα
1555 2593 1690 2628 ἑώρακας.
1709 2592 1764 2619 Kal
1777 2589 1853 2618 εἶπεν

1068 2642 1173 2678 αὑτῷή
1200 2642 1279 2677 γυνή’
1296 2641 1379 2672 Θεοὺς
1403 2641 1513 2676 ἑώρακα
1538 2639 1734 2669 ἀναϐαίνοντας
1756 2638 1788 2663 ἐκ
1804 2636 1854 2670 τῆς

1067 2686 1129 2721 γῆς.
1150 2687 1204 2712 Kal.
1221 2684 1296 2712 εἶπεν
1311 2685 1389 2721 αὐτῇ·
1415 2685 1448 2711 Τί
1470 2684 1572 2718 ἔγνωςς
1589 2683 1645 2710 Kal.
1667 2680 1743 2708 εἶπεν
1764 2680 1852 2716 αὐτῷ·

1069 2732 1169 2768 Ἄνδρα
1193 2732 1282 2768 spem
1306 2731 1485 2758 ἀναὸαίνοντα
1509 2730 1541 2756 ἐκ
1561 2730 1612 2765 τῆς
1626 2728 1689 2763 γῆς,
1707 2728 1753 2754 καὶ
1777 2724 1854 2757 οὗτος

1069 2779 1194 2806 διπλοΐδα
1207 2777 1438 2814 ἀναϐεϐλημένος.
1453 2777 1509 2804 Kal
1525 2776 1595 2811 ἔγνω
1608 2774 1703 2807 Σαοὺλ,
1719 2774 1760 2800 ὅτι
1775 2769 1853 2803 οὗτος

1071 2824 1211 2860 Σαμουὴλ,
1228 2824 1275 2851 καὶ
1298 2823 1396 2858 ἔκυψεν
1416 2824 1463 2850 ἐπὶ
1479 2823 1625 2858 πρόσωπον
1646 2819 1728 2848 αὑτοῦ
1744 2819 1791 2846 ἐπὶ
1805 2818 1852 2854 τὴν
