1934 3042
115 167 163 195 157

477 169 521 196 DE
540 167 760 196 ADORATIONE
780 168 812 196 ΙΝ
831 169 964 197 SPlRlTU
985 169 1029 197 ET
1051 170 1233 198 VERITATE.
1254 172 1318 200 LIB.
1341 174 1387 202 Vl.

1688 175 1740 203 458

111 226 181 260 γῆν,
199 226 247 253 καὶ
269 227 472 262 προσεκύνησεν
496 227 579 263 αὐτῷ.
598 227 653 254 Καὶ
676 226 737 254 εἷπε
760 228 888 263 Σαμουήλ

951 229 1072 263 somnia;
1085 234 1113 257 et
1128 238 1203 259 nunc
1223 232 1316 259 vocavi
1345 237 1381 265 te,
1402 237 1432 260 ut
1460 232 1564 262 indices
1584 233 1650 261 mihi
1670 234 1735 269 quid

92 273 200 301 ςΊνατί
241 273 460 308 παρηνώχλησάς
498 282 543 309 μοι
576 274 709 310 ἀναϐῆναι
750 283 809 310 ps;
847 274 901 301 Καὶ

95 316 174 359 ,εἶπε
201 318 297 346 Σαούλ·
322 319 453 355 Θλίὸομαι
486 320 606 357 σφόδρα,
633 322 680 348 καὶ
706 321 732 348 οἱ
757 321 900 356 ἀλλόφυλοι

92 363 282 406 ξπολεμοῦσιν
306 366 335 392 ἐν
359 366 438 400 ἐμοὶ,
462 367 509 393 καὶ
535 368 549 394 ὁ
572 367 639 400 Θεὸς
668 367 823 403 ἀφέστηκεν
852 367 899 395 ἀπ’

110 411 200 446 ἐμοῦ,
221 412 270 439 καὶ
295 413 345 440 οὐκ
365 413 505 449 ἑπακήκοέ
535 421 585 448 μου
613 413 673 446 ἔτι,
700 413 748 440 καὶ
772 414 802 440 ὲν
827 412 900 448 χειρὶ¹

109 457 167 484 τῶν
197 459 363 495 προφητῶν,
388 459 435 486 καὶ
456 459 484 486 ἐν
508 459 564 491 τοῖς
595 459 747 491 ἐνυπνίοις”
774 459 822 486 καὶ
851 458 900 487 νῦν

105 488 238 539 Ικέκληκα
259 488 322 537 σε,
355 488 489 541 γνωρίσαι
526 488 596 540 μοι,
628 505 655 532 τί
697 488 813 540 ποιήσω.
844 504 899 531 Καὶ

109 547 173 576 εἷπε
194 551 337 586 Σαμουὴλ·
364 552 445 578 Ίνατί
476 551 619 587 ὲπερωτᾷς
647 560 700 587 με,
726 552 773 578 καὶ
796 550 898 585 Κύριος

108 596 269 632 ἀφέστηκεν
291 597 345 624 ἀπὺ
374 598 439 630 σοῦ,
463 597 510 625 καὶ
535 597 630 631 γέγονε
656 596 725 632 μετά
754 596 800 624 τοῦ
829 596 897 631 πλη-

108 642 169 668 σίον
191 651 253 675 σου;
278 643 326 669 καὶ
351 643 485 678 πεποίηκε
511 643 613 678 Κύριός
635 651 696 674 σοι,
720 642 812 674 καθὼς
836 642 897 671 ὲλάο

106 689 175 724 λησε
197 689 298 724 Κύριος
325 689 354 715 ὲν
382 689 453 724 χειρί
473 697 535 724 μου·
562 689 609 716 καὶ
633 689 773 725 διαρῤήξει
794 689 896 724 Κύριος

105 737 159 772 τὴν
177 735 315 771 βασιλείαν
337 744 384 762 σου
405 736 437 762 ὲκ
456 735 547 771 χειρός
561 743 623 767 σου,
641 736 689 761 καὶ
709 734 790 761 δώσει
809 735 896 770 αὐτὴν

106 781 148 817 τῷ
160 782 274 818 πλησίον
287 790 333 808 σου
350 781 388 816 τῷ
407 780 501 808 Δαϐίδ·
519 780 587 808 διότι
606 780 656 807 οὐκ
669 780 789 815 ἡκούσας
802 780 895 815 φωνῆς

105 827 230 864 Κυρίου,
247 829 294 854 καὶ
315 827 365 854 οὐκ
385 826 547 862 ὲπλήρωσας
568 826 653 862 θυμὸν
662 826 748 862 ὀργῆς
768 825 850 852 αὑτοῦ
866 826 894 852 ἐν

113 875 250 911 Ἀμαλὴκ,
264 875 307 902 διὰ
320 873 399 901 τοῦτο
417 873 449 900 τὸ
463 873 540 909 ῥῆμα
560 873 671 910 ἐποίησε
687 872 789 908 Κύριός
804 881 845 899 σοι
865 872 893 898 ἑν

105 922 140 956 τῇ
154 921 247 957 ἡμέρᾳ
259 920 355 957 ταύτῃ·
368 920 416 947 καὶ
431 918 589 955 παραδώσει
604 918 706 954 Κύριος
719 918 766 947 τὸν
785 917 893 954 Ἰσραὴλ

106 968 178 1003 μετά
193 967 241 994 σοῦ
261 968 300 999 εἰς
315 968 408 1003 χεῖρας
428 965 599 1000 ἀλλοφύλων,
617 964 664 994 καὶ
680 963 775 999 αὔριον
788 964 832 995 σὺ,
845 963 892 990 καὶ

103 1015 129 1041 οἱ
144 1014 198 1041 υίοί
212 1022 260 1040 σου
274 1013 343 1049 μετὰ
355 1012 402 1040 σοῦ
418 1011 574 1043 πεσοῦνται,
591 1011 639 1038 καὶ
651 1011 702 1046 τὴν
717 1010 892 1046 παρεμϐολὴν

110 1059 219 1096 Ἰσραὴλ
233 1058 312 1086 δώσει
328 1059 430 1095 Κύριος
441 1059 481 1090 εἰς
498 1058 593 1093 χεῖρας
611 1056 777 1091 ἀλλοφύλων.
794 1065 803 1082 ι
819 1054 893 1092 Ἀρά

103 1115 147 1133 σοι
168 1106 261 1133 λοιπὸν
277 1105 410 1132 ἐνδοιάσαι
433 1104 522 1140 θέμις,
540 1104 580 1131 ὅτι
599 1103 661 1135 ταῖς
675 1101 772 1130 ἑαυτοῦ
791 1102 892 1137 ψήφοις

103 1151 329 1187 κατεγνωσμένος
347 1151 495 1186 ἐκτέτηκεν
509 1150 548 1186 (l)
561 1151 575 1176 6
592 1149 695 1182 Σαούλ;
714 1148 823 1184 Ἐπειδὴ
837 1147 892 1183 γὰρ

102 1198 198 1225 ἐδεδίει
214 1197 269 1225 τῶν
291 1196 478 1233 ἡθροισμένων
495 1197 539 1231 ἐφ’
559 1194 649 1230 ἑαυτῷ
671 1195 701 1222 τὸ
719 1194 832 1226 ἀσθενὲς
851 1195 892 1226 εἰς

103 1244 212 1279 μάχην,
240 1243 385 1279 μανθάνειν
408 1242 485 1277 ἠξίου
511 1242 545 1268 τὰ
570 1241 688 1276 ἐσόμενα
706 1239 791 1275 ’παρά
812 1239 890 1266 Θεοῦ.

101 1289 311 1325 Σεσιωπηκότος
327 1289 366 1321 δὲ,
380 1289 428 1316 καὶ
440 1287 677 1318 ἀποκαλύπτοντος
692 1286 780 1318 οὐδὲν,
794 1285 893 1321 τρέπε-

100 1345 148 1364 ται
162 1335 231 1372 πρὸς
249 1335 280 1362 τὸ
290 1335 383 1362 λυπεῖν
403 1335 449 1361 τὸν
467 1334 573 1369 σιωπᾷν
588 1332 736 1369 ᾑρημένον.
756 1331 892 1366 ’Δφιχνεῐς

99 1391 147 1409 ται
167 1382 197 1408 δὲ
218 1382 287 1417 πρὸς
314 1381 544 1416 νεκυομαντείαν,
566 1379 656 1406 καίτοι
681 1379 745 1409 τοὺς
764 1376 889 1412 γνώστας

101 1428 130 1454 δέ
147 1436 220 1464 φημι
235 1427 300 1459 τοὺς
322 1427 463 1463 οἰομένους
488 1426 589 1454 ειδέναι
610 1425 646 1452 τὰ
671 1424 799 1459 ἐσόμενα.
825 1421 893 1450 Εἶτά

102 1481 197 1508 φησιν·
217 1482 227 1499 ε
251 1473 383 1507 ’Δνάγαγέ
396 1481 442 1508 μοι
464 1472 509 1499 τὸν
530 1470 672 1507 Σαμουὴλ,
694 1479 704 1496 ι
720 1470 769 1505 οὐχ
790 1469 828 1501 ὡς
843 1468 892 1504 τῆς

99 1519 210 1555 ἐπῳδῆς
223 1519 282 1555 ἤτοι
296 1520 346 1554 τῆς
360 1519 455 1554 μάγων
468 1518 574 1553 τέχνης.
589 1517 640 1552 τὴν
651 1516 698 1544 τοῦ
713 1516 790 1550 ἁγίου
803 1514 891 1551 ψυχὴν

100 1566 283 1601 παρενεγκεῖν
294 1564 455 1600 δυναμένης,
474 1563 531 1591 ἀλλ’
542 1563 580 1595 ὡς
591 1562 636 1589 ἀεὶ
651 1562 706 1589 τῶν
724 1560 891 1596 μαντευομέ-
904 1576 924 1605 c

99 1620 155 1639 νων
178 1612 211 1647 τῇ
233 1611 321 1646 τοιᾷδε
338 1609 516 1646 κεχρημένων
537 1609 624 1644 φωνῇ·
644 1606 785 1642 ἐπυθόμην
801 1605 829 1631 δὲ
848 1604 889 1632 ὃτι

98 1658 191 1692 λόγοις
212 1657 283 1684 τισὶν
298 1657 461 1692 ἀπορρήτοις
483 1653 731 1689 καταγοητεύοντες
746 1652 781 1679 τὰ
796 1650 889 1686 δαιμό-

98 1712 156 1736 νια,
173 1703 220 1731 καὶ
234 1702 310 1730 ὕδατι
331 1701 537 1737 κατεπᾴδοντες,
557 1700 653 1728 εἴδωλα
670 1699 718 1726 καὶ
737 1697 827 1730 σκιὰς,
843 1695 891 1723 καὶ

98 1750 138 1783 ὥς
159 1751 189 1777 ὲν
213 1749 339 1785 ἐσόπτρῳ
362 1749 469 1785 μορφὰς
491 1745 678 1775 καταθεῶνταί
702 1752 797 1777 τινων,
817 1742 888 1777 τάχα

99 1805 152 1822 που
175 1795 230 1822 τῶν
251 1794 395 1830 δαιμονίων
424 1792 690 1828 καταπλαττομένων
716 1789 831 1820 ἀστείως
855 1787 890 1814 τὰ

98 1841 155 1868 τῶν
178 1841 334 1876 λεγομένων
358 1839 565 1875 ἀνακομιεῖσθαι
589 1839 727 1874 σχήματα.
745 1836 801 1864 Καὶ
822 1835 889 1868 γοῦν

97 1886 151 1922 ἔφη
167 1886 217 1921 μὲν
228 1887 257 1914 ἐν
271 1886 370 1922 ἀρχαῖς
380 1885 410 1912 τὸ
422 1885 542 1920 γύναιον·
559 1883 630 1920 Ὀρῶ
642 1883 720 1915 θεοὺς
731 1881 890 1910 ἀναὸαίνον-

98 1940 149 1963 τας
163 1932 195 1958 ὲκ
208 1932 257 1966 τῆς
268 1931 331 1966 γῆς.
347 1929 414 1958 Εἶτα
427 1930 477 1966 μὲν
491 1930 579 1957 τοῦτο’
598 1939 608 1956 ι
624 1929 680 1956 Καὶ
691 1926 754 1960 εἶδε,
771 1937 780 1954 ι
795 1927 892 1964 φησὶν,

100 1989 110 2006 ε
125 1980 143 2015 ὴ
157 1980 226 2016 γυνὴ
240 1980 286 2007 τὸν
303 1979 439 2016 Σαμουήλ.
454 1988 461 2005 ι
476 1978 635 2006 Χαλεπὺνδὲ
652 1977 738 2010 οὐδὲν,
752 1977 780 2004 ὲν
794 1976 844 2011 ῐσῳ
858 1984 888 2002 τε

98 2026 147 2052 καὶ
174 2025 260 2061 ὁμοίῳ
287 2026 406 2061 σχήματι
430 2024 476 2052 τοῦ
501 2024 638 2060 μακαρίου
657 2022 784 2059 Σαμουὴλ
809 2021 887 2048 σκιὰν

951 275 1059 303 faciam.
1080 276 1114 304 Et
1135 276 1205 304 dixit
1227 277 1336 306 Samuel
1354 287 1361 305 τ
1383 278 1439 306 Cur
1458 279 1609 314 interrogas
1632 287 1676 308 me
1685 280 1740 308 iLet

951 321 1082 349 Dominus
1093 323 1206 350 recessit
1221 331 1236 349 a
1256 328 1330 356 te,et
1345 324 1413 352 abiit
1425 324 1459 352 ad
1474 325 1629 359 proximum
1641 330 1718 353 tuum
1731 334 1737 352 :

950 371 978 394 et
998 367 1064 395 fecit
1082 368 1131 395 tibi
1150 368 1284 398 Dominus
1315 370 1386 398 siem
1410 371 1520 399 locutus
1544 377 1586 400 est
1608 372 1634 399 in
1656 380 1738 400 manu

950 421 1026 447 mea;
1040 418 1069 441 et
1081 413 1219 442 discindet
1228 415 1360 444 Dominus
1372 424 1486 452 regnum
1504 417 1538 444 de
1551 425 1632 446 manu
1646 422 1702 450 tua,
1711 422 1738 444 et

949 458 1026 486 dabit
1057 459 1124 487 illud
1141 461 1266 495 proximo
1290 465 1336 489 tuo
1355 462 1457 495 David;
1484 463 1549 498 quia
1561 471 1615 490 non
1637 463 1736 490 audisti

949 512 1043 533 vocem
1062 506 1180 539 Domini,
1200 509 1228 534 et
1240 514 1296 534 non
1317 507 1437 542 implesti
1457 507 1525 534 iram
1542 508 1737 544 indignationis

930 550 1008 585 ~cjus
1026 551 1055 578 in
1074 551 1184 579 Amalec
1208 560 1214 578 :
1240 558 1354 587 propter
1381 553 1434 581 hoc
1460 553 1576 581 verbum
1599 553 1664 581 fecit
1688 554 1735 581 tibi

947 597 1079 624 Dominus
1091 597 1119 625 in
1131 597 1176 625 die
1184 597 1246 630 hac,
1260 603 1290 625 et
1301 598 1391 625 tradet
1404 599 1535 626 Dominus
1550 599 1632 626 Israel
1647 603 1734 626 tecum

948 641 975 668 in
987 650 1084 670 manus
1095 643 1294 679 allopliylorum
1314 653 1320 671 z
1338 648 1366 671 et
1378 652 1438 672 cras
1453 648 1480 672 tu
1498 650 1527 672 et
1545 645 1593 672 lilii
1618 645 1661 672 tui
1694 649 1735 672 te—

946 695 1009 715 cum
1023 689 1129 722 cadent,
1148 694 1176 717 et
1191 695 1281 718 castra
1300 690 1384 718 lsrael
1397 690 1475 718 dabit
1485 691 1618 718 Dominus
1637 690 1664 717 in
1677 698 1731 717 ma-

946 741 998 760 nus
1013 734 1210 770 allophylorum
1224 736 1241 762 ‘.
1256 745 1264 761 ι
1278 736 1349 763 Num
1376 736 1460 772 igitur
1475 736 1590 772 posthac
1606 735 1734 763 dubitare

945 783 1049 817 poteris
1071 783 1137 817 quin
1153 783 1217 811 Saul
1229 792 1277 812 sua
1288 785 1424 812 sententia
1442 784 1640 812 condemnatus
1659 788 1733 810 exta:

945 827 1139 861 buerit?Nam,
1155 837 1218 856 cum
1230 837 1324 858 eorum
1340 830 1416 857 vires
1438 829 1470 866 ad
1489 829 1675 864 pugnandum,
1688 828 1733 862 (ιυί

944 873 1089 901 adversum
1117 882 1147 902 se
1177 875 1333 910 congregati
1359 875 1486 907 fuerant,
1511 874 1732 909 pertimesceret.

944 920 1070 955 quaesivit
1081 929 1097 948 a
1109 921 1165 948 Deo
1183 921 1291 949 discere
1304 921 1369 956 quid
1382 926 1547 949 eventurum
1566 924 1640 948 esset
1661 929 1667 946 :
1687 920 1734 947 illo

942 970 1034 993 autem
1049 970 1165 999 tacente,
1178 966 1212 994 ad
1228 968 1288 1003 ejus
1297 967 1440 1000 offensam,
1455 967 1502 1002 qui
1518 972 1608 995 tacere
1633 970 1730 994 statue-

943 1017 995 1045 rat,
1007 1013 1187 1040 convertitur.
1211 1013 1305 1048 Itaque
1319 1013 1353 1041 ad
1374 1013 1517 1041 mulierem
1539 1011 1733 1040 necromantia:

942 1066 1053 1094 operam
1065 1058 1176 1086 dantem
1186 1060 1294 1095 pergit;
1312 1059 1468 1094 cognitores
1480 1063 1572 1086 autem
1593 1057 1665 1090 dico,
1685 1057 1734 1092 qui

942 1113 971 1133 se
998 1105 1157 1133 existimant
1175 1105 1268 1133 futura
1296 1113 1473 1141 cognoscere.
1492 1104 1597 1133 Deinde
1616 1103 1706 1139 inquit
1725 1113 1731 1129 :

946 1161 955 1178 ι
972 1151 1064 1178 Excita
1079 1151 1146 1178 mihi
1158 1151 1313 1179 Samuelem
1323 1171 1331 1183 ,
1344 1161 1353 1177 ι
1367 1158 1422 1178 non
1442 1149 1515 1185 quod
1534 1157 1567 1177 ea
1578 1149 1621 1176 vis
1632 1148 1732 1177 carmi-

942 1204 1008 1224 num
1019 1196 1062 1223 vel
1080 1196 1191 1231 magicae
1207 1197 1275 1224 artis
1294 1200 1367 1224 esset
1382 1201 1413 1223 ut
1441 1195 1530 1223 sancti
1542 1194 1595 1222 viri
1613 1194 1732 1221 animam

941 1251 1057 1272 evocare
1069 1247 1170 1278 posset,
1184 1241 1233 1270 sed
1251 1241 1325 1277 quod
1337 1248 1446 1275 semper
1459 1240 1616 1267 divinantes
1634 1238 1732 1273 hujus—

942 1289 1015 1317 modi
1045 1297 1113 1317 voce
1126 1291 1249 1316 utantur.
1263 1286 1362 1314 Audivi
1374 1289 1465 1314 autem
1479 1292 1526 1313 eos
1545 1283 1660 1311 occultis
1669 1282 1732 1318 qui-

948 1335 1066 1363 busdam
1081 1334 1175 1362 verbis
1200 1333 1304 1361 illicere
1322 1332 1475 1364 daemonia;
1494 1335 1532 1363 et,
1546 1338 1615 1365 aqua
1636 1330 1731 1357 incan-

945 1381 1037 1414 tanda,
1051 1381 1198 1409 simulacra
1209 1383 1237 1407 et
1249 1379 1370 1410 umbras,
1382 1381 1411 1405 et
1431 1381 1559 1411 tanquam
1572 1376 1600 1403 in
1619 1374 1732 1410 speculo

944 1426 1046 1454 formas
1061 1426 1193 1461 quasdam
1204 1423 1369 1468 conspicari,
1386 1422 1530 1450 daemoniis
1541 1421 1671 1449 videlicet
1681 1428 1728 1447 eo—

942 1482 1003 1502 rum
1021 1474 1121 1510 liguras
1137 1477 1199 1508 apte
1217 1467 1394 1507 ﬁngentibus,
1410 1470 1457 1506 qui
1468 1468 1579 1496 evocari
1590 1467 1729 1495 dicuntur.

940 1520 1034 1556 itaque
1045 1519 1120 1555 191
1128 1519 1197 1546 dixit
1204 1518 1325 1554 primum
1332 1517 1379 1544 illa
1392 1516 1491 1543 mulier
1502 1523 1508 1541 ί
1518 1513 1604 1542 Video
1614 1513 1680 1540 deos
1688 1520 1730 1540 as—

941 1567 1090 1594 cendentes
1098 1569 1196 1594 eterra
1205 1563 1352 1598 ';deinde:
1366 1573 1374 1588 ι
1385 1563 1419 1590 Et
1426 1562 1505 1595 vidit,
1518 1571 1527 1587 ι
1537 1560 1637 1596 inquit,
1652 1570 1660 1585 ‹
1671 1567 1731 1587 mu—
1748 1567 1751 1569 '

941 1611 993 1638 lier
1002 1611 1157 1639 Samuelem
1165 1609 1184 1636 ³.
1198 1619 1207 1635 ›
1219 1609 1292 1637 Nihil
1301 1616 1367 1636 vero
1374 1605 1637 1643 prohibetumbram
1643 1604 1699 1632 visa
1705 1612 1729 1630 In

941 1656 1027 1683 fuisse
1048 1660 1129 1690 atque
1150 1655 1330 1682 simulacrum
1346 1652 1483 1688 persimili
1502 1652 1584 1680 beato
1608 1650 1728 1678 Samueli

942 1702 1027 1738 ﬁgura
1039 1701 1236 1729 daemoniorum
1250 1708 1332 1736 opera
1344 1699 1530 1727 eﬂ‘ormatum.
1543 1698 1621 1731 Quod
1633 1697 1656 1724 si
1668 1696 1730 1732 quis

941 1751 1020 1782 putet
1031 1751 1172 1775 evocatam
1191 1755 1287 1774 revera
1303 1746 1387 1773 fuisse
1406 1745 1547 1781 prophetae
1559 1745 1689 1776 animam,
1702 1747 1730 1771 et

943 1793 1067 1820 mulieris
1078 1793 1170 1820 verbis
1189 1791 1319 1819 tribuerit
1331 1791 1493 1823 veritatem;
1506 1797 1583 1825 ergo,
1599 1789 1664 1824 quia
1684 1796 1730 1816 ea-

941 1838 1005 1867 dem
1016 1838 1086 1866 dixit
1096 1838 1162 1866 deos
1176 1846 1192 1865 e
1209 1841 1282 1865 terra
1298 1836 1478 1865 ascendentes
1499 1843 1528 1863 se
1540 1835 1652 1867 vidiSSe,
1674 1841 1728 1861 non

942 1884 1083 1913 divinandi
1108 1883 1303 1911 consuetudini
1334 1882 1470 1910 condonet
1488 1881 1651 1913 falsitatem;
1680 1880 1729 1908 sed

940 1938 1037 1958 revera
1056 1930 1122 1958 deos
1140 1938 1200 1958 esse
1222 1933 1299 1965 putet
1317 1928 1450 1964 quosdam
1462 1927 1597 1964 ejusmodi
1611 1925 1727 1958 ordinis,

940 1976 987 2011 qui
996 1976 1129 2004 exsistant
1140 1984 1155 2004 e
1165 1981 1237 2003 terra
1247 1984 1322 2009 ;cum
1329 1976 1375 2003 ille
1383 1975 1431 2010 qui
1438 1974 1589 2003 secundum
1601 1976 1666 2001 natu
1671 1980 1729 2002 ram

941 2021 1013 2049 Deus
1023 2025 1076 2054 est,
1090 2029 1162 2049 unus
1174 2021 1253 2049 sitae
1265 2021 1351 2048 solus.

97 2072 216 2108 ὀφθῆναι
245 2073 294 2100 καὶ
315 2072 439 2105 εἴδωλον,
468 2073 501 2099 ἐκ
524 2071 716 2108 δαιμονιώδους
740 2069 882 2106 ἐνεργείας
903 2069 1132 2104 μεμορφωμένον.
1169 2069 1257 2104 Εἴπερ
1278 2066 1325 2095 οὖν
1346 2067 1429 2094 οἴοιτό
1448 2075 1491 2098 τις
1522 2065 1727 2101 ἁνακεκλῆσθαι

97 2119 170 2147 κατὰ
186 2119 216 2146 τὸ
232 2119 331 2155 ἀληθὲς
350 2118 399 2155 τὴν
415 2118 460 2146 τοῦ
495 2119 635 2153 προφήτου
655 2117 754 2153 ψυχὴν,
778 2115 825 2143 καὶ
844 2116 901 2146 τοῖς
919 2114 967 2141 τοῦ
988 2115 1100 2149 γυναίου
1123 2114 1213 2149 λόγοις
1236 2114 1425 2149 ἐπιψηφιεῖται
1445 2113 1476 2139 τὸ
1507 2111 1618 2147 ἀληθὲς,
1633 2111 1728 2145 ἐπειδὴ

97 2165 147 2193 καὶ
169 2165 248 2197 θεοὺς
262 2165 457 2196 ἀναϐαίνοντας
488 2163 542 2191 ἀπὸ
570 2164 620 2199 τῆς
650 2163 703 2198 γῆς
721 2161 866 2189 τεθεᾶσθαι
880 2170 972 2197 φησιν,
993 2161 1040 2188 καὶ
1056 2161 1113 2192 τοῖς
1128 2160 1178 2195 τῆς
1193 2159 1322 2195 μαντείας
1335 2158 1409 2185 ἔθεσι
1426 2158 1579 2193 χαριζέσθω
1598 2157 1628 2184 τδ
1659 2156 1727 2192 ψεῦ-

97 2213 153 2244 δος,
165 2211 224 2238 ἀλλ’
239 2211 336 2238 οἰέσθω
347 2211 418 2238 κατά
431 2210 560 2246 ἀλήθειαν
576 2211 622 2237 καὶ
634 2209 711 2241 θεοὺς
724 2206 793 2236 εἶναί
804 2216 880 2240 τινας
897 2207 948 2243 τῆς
966 2206 1094 2242 τοιαύτης
1113 2206 1217 2238 τάξεως
1234 2206 1297 2236 τοὺς
1312 2205 1481 2240 ἀνασχόντας
1496 2203 1550 2232 ἀπὸ
1579 2203 1630 2238 τῆς
1663 2203 1726 2242 γῆς,

98 2258 189 2286 καίτοι
203 2257 271 2284 Θεοῦ
295 2257 366 2284 κατά
390 2257 472 2292 φύσιν
489 2257 565 2288 δντος
594 2256 653 2287 ἑνός
667 2264 697 2283 τε
720 2255 769 2282 καὶ
793 2254 891 2290 μόνου..

134 2306 241 2334 ΠΔΛΛ.
256 2306 343 2340 Ἔφης
360 2304 408 2340 μὲν
422 2304 603 2340 ὀρθῶς.Ὲρεῖ
614 2303 643 2329 δὲ
657 2301 714 2336 οὖν,
729 2300 818 2339 οἶμαι,
831 2302 883 2334 τὶς,

973 2298 1072 2326 PALL.
1092 2298 1141 2325 Est
1152 2297 1264 2333 quidem
1290 2304 1306 2324 a
1319 2300 1345 2324 te
1360 2300 1435 2324 recte
1453 2296 1567 2324 dictum.
1590 2296 1725 2325 Caaterum

98 2353 197 2379 Καίτοι
246 2351 392 2386 λελάληκεν
433 2349 521 2385 ἀληθῆ
564 2348 806 2384 φιλοπευστοῢντος
838 2346 886 2374 τοῦ

98 2397 186 2424 Σαοὺλ
211 2397 338 2432 ἐσόμενα.
371 2397 409 2423 Οὐ
443 2395 540 2431 μικρδς
563 2394 592 2421 δὲ
615 2395 681 2429 ἡμῖν
705 2393 887 2428 δεδαπάνηται

97 2443 178 2476 λόγος
194 2442 355 2478 ἀπελέγχων
374 2442 415 2469 ὅτι
436 2442 487 2469 οὐκ
506 2442 534 2468 ὲν
551 2440 717 2476 ἀκαθάρτοις
733 2439 887 2474 πνεύμασιν

97 2489 114 2523 ἡ
127 2488 254 2524 ἀλήθεια.

136 2576 220 2603 ΚΥΡ.
238 2576 276 2603 Οὐ
297 2576 352 2613 γὰρ
373 2573 431 2604 οὖν.
463 2576 647 2612 ’Δνάρμοστον
665 2575 719 2610 γὰρ
745 2574 840 2610 χρῆμά
861 2582 888 2600 τι

101 2622 149 2649 καὶ
160 2622 316 2658 ἀσυμφυὲς,
333 2622 391 2658 φῶς
405 2623 453 2650 καὶ
467 2623 572 2655 σκότος,
588 2621 704 2657 Χριστὸς
718 2621 766 2647 καὶ
781 2619 886 2647 Βελιάλ·

99 2670 157 2701 τοῖς
172 2677 204 2702 γε
218 2669 273 2704 μὴν
292 2669 490 2705 παροτρύνουσι
504 2669 552 2696 καὶ
573 2668 738 2695 καταλυπετν
751 2667 887 2698 εἰωθόσιν,

100 2713 290 2742 ἀποκαλύπτει
312 2715 394 2747 Θεὸς,
415 2715 462 2742 καὶ
473 2715 506 2742 δι’
520 2711 557 2741 ὧν
570 2715 671 2749 ἥκιστα
691 2713 745 2749 χρὴ
761 2713 817 2739 ἔσθ’
833 2713 887 2745 ὅτε,

100 2760 135 2785 τὰ
148 2759 284 2794 ἐσόμενα,
304 2759 472 2794 ὲνηχούντων
486 2758 558 2786 κατὰ
573 2759 603 2785 τὸ
620 2758 692 2789 εἰκὸς
705 2753 792 2791 ἁγίων
807 2757 889 2791 ἀγγέ-

136 2827 143 2841 ¹
157 2827 167 2854 l
180 2827 248 2856 lica.
269 2834 360 2858 xxvm,
378 2826 451 2853 5-19.
489 2827 499 2842 ¹
510 2826 520 2853 1
533 2826 599 2861 Reg.
614 2827 705 2857 xm“,
720 2824 760 2851 l5.

939 2345 1013 2372 dicet
1033 2344 1149 2371 fortasse
1173 2343 1308 2378 quispiam
1327 2342 1432 2378 :Atqui
1455 2350 1520 2370 vera
1546 2342 1626 2375 dixit,
1646 2343 1726 2370 Saulc

938 2398 1001 2426 quae
1014 2390 1107 2418 futura
1118 2393 1209 2417 essent
1230 2389 1395 2417 sciscitante.
1409 2388 1469 2415 Non
1480 2391 1522 2416 est
1532 2391 1625 2415 autem
1644 2397 1658 2416 a
1678 2397 1727 2416 no-

940 2437 984 2465 bis
994 2436 1091 2472 exigua
1103 2435 1237 2464 orationis
1248 2442 1311 2470 pars
1323 2435 1351 2461 in
1366 2441 1400 2461 eo
1413 2437 1575 2468 consumpta
1587 2438 1617 2461 ut
1628 2434 1731 2469 proba~

940 2490 1035 2510 remus
1068 2489 1124 2510 non
1154 2482 1244 2509 inesse
1266 2481 1294 2508 in
1317 2480 1434 2515 impuris
1457 2479 1601 2514 spiritibus
1625 2480 1727 2506 verita-

942 2533 996 2556 tem
1001 2548 1007 2555 .

975 2574 1053 2602 CYR.
1077 2574 1148 2607 Non,
1170 2574 1292 2608 inquam.
1305 2573 1400 2608 Neque
1411 2573 1486 2601 enim
1505 2571 1631 2607 componi
1643 2576 1725 2605 atque

939 2619 1127 2655 coagmentari
1139 2619 1220 2646 simul
1232 2623 1349 2653 possunt
1360 2619 1408 2647 lux
1415 2623 1446 2647 et
1457 2619 1586 2651 tenebrae,
1599 2617 1725 2645 Christus

939 2671 968 2694 et
982 2667 1065 2694 Belial
1079 2675 1086 2692 :
1099 2673 1194 2693 verum
1208 2665 1381 2693 irritantibus
1392 2673 1423 2693 ac
1439 2673 1510 2701 saepe
1522 2663 1725 2693 offendentibus

941 2713 1045 2740 revelat
1058 2712 1150 2739 futura
1162 2712 1245 2744 Deus,
1259 2711 1395 2738 interdum
1408 2711 1493 2738 ctiam
1502 2719 1550 2746 per
1561 2717 1630 2746 quos
1642 2709 1723 2736 mini‘

943 2766 985 2786 me
998 2758 1137 2790 convenit,
1159 2757 1350 2785 insonantibus
1365 2756 1485 2783 humano
1503 2756 1595 2783 animo
1623 2754 1726 2782 sanctis

800 2824 810 2840 ³
822 2824 890 2851 ibid.
910 2825 950 2851 l2.

133 2884 173 2921 (l)
200 2883 270 2910 Cod.
302 2883 372 2916 Vat,
390 2884 575 2920 ἐκτετίμηκεν.
600 2884 683 2911 Paulo
709 2883 778 2910 infra
804 2883 890 2910 utitur

946 2883 994 2910 rho
1009 2883 1149 2913 τήκεσθαι.
