1934 3042
213 239 318 276 angelis
336 246 368 266 ea
379 245 450 272 Quae,
471 235 494 263 si
507 235 525 263 ii
546 234 694 262 didicerint
714 235 762 270 qui
784 236 893 263 curiose
906 235 1003 263 scisci-

214 292 316 319 tantur,
342 283 490 312 admodum
510 282 700 314 intabescent;
727 289 814 316 eaque
833 281 1002 317 prmnotione

213 332 298 360 veluti
307 329 471 367 quibusdam
481 329 529 356 ira:
539 336 570 356 ac
577 335 723 364 poenarum
736 327 788 355 sibi
799 328 1002 355 imminentium

214 377 343 414 primitiis
360 375 570 412 torquebuntur.
595 375 625 402 ln
647 374 749 402 sanctis
766 374 841 402 enim
862 373 1003 409 prophetis

214 424 346 456 insident,
369 423 466 458 eisque
496 421 737 449 communicantur
763 420 926 454 plerumque
948 427 1003 447 non

214 470 303 498 tristia
327 469 426 501 solum,
448 471 476 495 et
494 467 596 503 quibus
615 473 732 494 moerere
744 469 771 493 et
783 466 812 493 in
824 465 900 493 luctu
912 466 1004 501 jacere

213 515 350 550 quispiam
371 513 473 549 possit;
495 512 543 540 sed
559 512 643 540 etiam
667 518 838 546 quaecunque
865 511 1004 538 nonnullis

215 560 316 588 laetitia:
326 558 528 595 etjucunditati
541 557 634 585 futura
646 561 711 584 sunt
726 565 733 583 :
748 555 840 591 impiis
859 561 950 583 autem
972 563 1005 584 ac

216 606 328 634 nefariis
339 605 540 633 divinationum
550 603 680 632 studiosis
694 603 767 630 Deus
782 602 853 630 mala
864 610 925 638 qua
938 602 1004 638 ipsis

215 655 346 679 eventura
359 655 422 678 sunt
435 650 532 685 aperit.

251 696 350 724 PALL.
373 695 515 729 Quomodo
535 699 637 726 autem,
663 696 710 720 aut
722 692 794 720 unde
814 692 871 720 haec
894 691 1004 727 probari

217 743 365 777 poterunt?

249 788 328 817 CYR.
356 788 397 815 Ab
408 788 476 823 ipsis
486 787 599 814 Litteris
624 786 803 820 saeris;nam
827 793 888 821 qum
908 784 1005 820 priscis

217 835 271 862 illis
291 834 449 862 hominibus
464 833 639 865 acciderunt,
659 832 760 868 scripta
788 836 851 859 sunt
869 836 898 859 ut
920 831 1005 867 figura

217 881 298 910 nobis
305 885 407 913 essent,
420 884 447 907 et
459 879 616 914 modusquo
627 879 740 914 mystice
753 878 950 906 imbueremur.
962 877 1004 904 An

726 179 753 207 S.
774 179 911 208 CYRILLI
932 180 1167 208 ALEXANDRINI
1188 179 1344 207 ARCHIEP.

1055 236 1108 262 λων
1133 236 1172 267 εἰς
1194 234 1363 271 ἀνθρώπινον
1389 233 1469 267 νοῦν,
1494 234 1566 270 ᾇπερ
1586 234 1618 262 ἅν
1639 234 1662 261 εί
1685 235 1798 270 μάθοιεν
1818 238 1844 263 οἰ

1054 281 1242 316 φιλοπευστεῖν
1263 281 1412 317 ᾑρημένοι,
1438 280 1674 316 καταταχήσονται
1701 281 1779 314 λίαν,
1795 282 1845 309 καὶ

1053 327 1180 364 ἀπαρχὴν
1195 328 1289 363 ὥσπερ
1299 326 1359 354 τινὰ
1373 325 1424 361 τῆς
1439 325 1531 360 σφίσιν
1547 325 1745 362 ἐπηρτημένης
1759 327 1846 362 ὀργῆς

1054 382 1083 400 τε
1094 374 1141 400 καὶ
1153 373 1231 408 δίκης
1245 372 1411 408 ὑπομένουσι
1425 372 1474 407 τὴν
1490 371 1656 407 πρόγνωσιν.
1676 371 1779 405 Ἀγίοις
1795 372 1846 406 μὲν

1054 419 1109 455 γὰρ
1135 420 1290 454 προφήταις
1322 417 1543 450 ἐπαναπαύεται,
1570 417 1618 444 καὶ
1649 416 1846 444 ἀνακοινοῦται

1055 465 1198 498 πολλάκις,
1209 464 1269 500 οὐχὶ
1286 464 1318 500 δὴ
1334 463 1402 499 μόνα
1415 463 1449 490 τὰ
1465 462 1624 498 σκυθρωπὰ,
1639 463 1686 489 καὶ
1695 460 1795 498 οἷσπερ
1813 463 1845 490 ἄν

1054 519 1097 542 τις
1121 510 1322 544 ἐπιστυγνάσας
1342 509 1451 537 καθίσει
1473 508 1617 544 δακρύων,
1631 507 1698 536 ἀλλά
1722 508 1770 535 καὶ
1794 509 1845 535 ὅσα

1055 556 1123 592 πρὸς
1142 555 1273 591 εὐθυμίας
1294 556 1340 583 καὶ
1363 554 1514 591 εὐημερίας
1532 554 1608 581 ἔσται
1629 553 1710 580 τισίν·
1726 549 1846 586 ἀνοσίοιξ

1054 601 1144 628 δὲκαὶ
1165 601 1354 636 ὲναγεστάτοις
1370 600 1564 636 φιλομάντεσι,
1583 598 1618 626 τὰ
1639 599 1730 634 σφίσιν
1750 599 1844 631 αὐτοῖς

1055 647 1171 683 ἐσόμενα
1185 647 1377 674 διεκκαλύπτει
1394 647 1477 674 κακά.

1091 693 1195 720 ΠΑΛΛ.
1210 693 1265 720 Καὶ
1277 693 1318 725 τίς
1333 693 1348 728 ἢ
1367 692 1449 718 πόθεν
1466 692 1498 720 ἂν
1511 691 1616 726 γένοιτο
1629 691 1731 719 τούτων
1743 692 1810 728 ἡμῖν
1828 692 1844 727 ἠ

1056 740 1146 772 πίστις
1159 750 1166 774 ;

1091 787 1173 813 ΚΥΡ.
1199 786 1266 813 Ἀπό
1282 795 1314 820 γε
1331 785 1385 812 τῶν
1399 785 1479 821 ἰερῶν
1492 785 1675 821 Γραμμάτων’
1688 785 1774 817 τύπος
1792 785 1846 820 γὰρ

1055 833 1122 868 ἡμῖν
1145 832 1194 859 καὶ
1215 832 1411 868 μυσταγωγίας
1431 832 1574 867 ἀνεγράφη
1599 831 1714 867 τρόπος,
1734 831 1769 858 τά
1791 831 1848 862 τοίς

1055 879 1244 914 ἀρχαιοτέροις
1265 878 1468 914 συμϐεϐηκότα.
1490 877 1524 904 Ἦ
1542 877 1596 913 γὰρ
1618 877 1669 903 οὐκ
1691 874 1786 910 οἶσθα,
1807 876 1847 903 ὅτι

218 931 327 962 ignoras
338 927 417 954 Balac
433 925 521 953 tilium
540 925 658 960 Sephor,
679 924 756 952 illum
777 924 956 951 Moabitarum
977 927 1006 951 et

1063 924 1150 952 Βαλὰκ
1168 926 1182 952 ὀ
1195 924 1242 952 τοῦ
1257 923 1387 959 Σεπφὼρ,
1411 925 1425 951 ὁ
1444 923 1600 952 Μωαδιτῶν
1614 923 1659 950 καὶ
1670 922 1849 958 Μαδιηναίων

219 973 427 1001 Madianitarum
453 976 608 1008 tyrannum,
628 978 691 998 eum
715 970 814 998 fortem
834 974 862 998 et
880 970 1009 998 invictam

218 1019 328 1046 lsraelis
354 1017 562 1046 multitudinem
590 1016 807 1052 pertimesceret,
831 1023 862 1043 ac
879 1015 957 1043 brevi
980 1023 1009 1043 se

217 1072 281 1091 eum
307 1063 414 1092 eaeteris
441 1063 570 1099 gentibus
593 1062 674 1090 simul
694 1062 846 1097 periturum
869 1061 1009 1089 existima-

219 1113 269 1142 ret,
291 1109 417 1137 mercede
430 1113 508 1144 pacta
520 1108 682 1136 conduxisse
693 1108 818 1135 Balaam?
833 1117 843 1133 ‹
858 1107 935 1140 Veni,
946 1117 955 1132 ›
967 1107 1010 1133 in-

216 1155 287 1190 quit,
309 1165 318 1181 ‹
333 1160 360 1182 et
371 1155 487 1182 maledic
500 1154 602 1182 lsraeli.
615 1154 740 1189 Cumque
750 1154 889 1181 venissent
899 1152 989 1180 nuntii
1003 1161 1009 1179 :

218 1201 410 1232 Diversamini,
423 1211 431 1227 ι
445 1201 543 1236 inquit.
558 1211 566 1226 ι
578 1201 622 1228 hic
630 1204 711 1228 nocte
720 1200 786 1233 hac;
801 1204 829 1227 et
841 1199 1012 1234 respondebo

218 1248 296 1275 vobis
309 1248 441 1283 quidquid
453 1247 551 1275 dixerit
560 1247 692 1275 Dominus
703 1247 736 1274 ad
746 1254 788 1274 me
798 1246 833 1273 ⁸.,
847 1245 1013 1281 192Cum—

218 1301 271 1327 que
289 1293 386 1328 frigida
402 1297 430 1320 et
449 1301 464 1320 a
480 1293 622 1320 daemoniis
640 1292 761 1320 immissa
785 1292 892 1319 somnia
909 1299 1014 1326 quaere-

218 1344 270 1372 ret,
283 1345 310 1367 et
321 1348 381 1375 qua:
389 1348 421 1368 ex
435 1339 602 1367 carminibus
612 1339 758 1374 etmagicis
774 1338 879 1366 artibus
887 1339 939 1366 sibi
949 1345 1014 1366 con-

218 1386 322 1419 tingere
334 1386 468 1416 solebant,
499 1388 651 1420 separaret,
670 1384 815 1412 Dominum
835 1383 903 1411 dixit
920 1391 1013 1411 secum

218 1425 375 1458 loeuturum
389 1441 395 1457 :
409 1431 494 1458 Deum
506 1431 579 1457 enim
591 1438 621 1458 se
640 1430 735 1458 audire
748 1430 901 1458 simulabat.
915 1430 1015 1464 Quaru-

218 1476 260 1504 vis
271 1481 363 1504 autem
378 1483 462 1504 sacrae.
475 1476 586 1504 Littera:
598 1464 738 1504 consuetis
747 1476 949 1503 incantatorum
964 1485 1014 1504 vo-

218 1523 298 1550 cibus
312 1527 434 1554 utantur,
451 1531 506 1550 non
522 1526 613 1550 tamen
636 1523 776 1558 sapienter
790 1523 1013 1551 existimabimus

218 1576 282 1595 eum
296 1568 344 1603 qui
361 1573 458 1596 natura
483 1573 511 1596 et
534 1576 600 1596 vere
615 1569 689 1596 Deus
705 1573 757 1601 est,
774 1569 849 1596 velut
865 1576 900 1595 ex
921 1568 1013 1596 chari-

1059 971 1201 1007 τύραννος,
1214 970 1262 1006 τὴν
1278 969 1499 1004 ἀκαταγώνιστόν
1516 978 1545 996 τε
1562 969 1610 996 καὶ
1627 968 1780 1003 ἄθραυστον
1800 967 1848 994 τοῦ

1066 1017 1174 1054 Ἰσραὴλ
1187 1016 1399 1053 κατορῤωδήσας
1414 1015 1534 1051 πληθὺν,
1547 1015 1594 1042 καὶ
1613 1014 1712 1041 αὐτίκα
1726 1013 1758 1049 δὴ
1776 1013 1851 1049 μάλα

1060 1065 1117 1095 τοῖς
1132 1063 1235 1099 ἑτέροις
1248 1063 1337 1089 ἔθνεσι
1350 1061 1553 1089 συνδιόλλυσθαι
1567 1059 1768 1092 πεπιστευκὼς,
1784 1068 1851 1086 κατ-

1062 1109 1205 1144 εμισθοῦτο
1218 1109 1263 1136 τὸν
1275 1108 1390 1144 Βαλαάμ
1403 1117 1409 1141 ;
1423 1117 1432 1134 ι
1444 1108 1528 1142 Δεῦρο
1541 1107 1583 1142 δὴ,
1594 1117 1602 1133 ι
1613 1107 1710 1141 λέγων,
1722 1115 1731 1132 ι
1741 1106 1850 1140 ἐπάρα-

1063 1156 1107 1182 σαί
1120 1163 1164 1191 μοι
1180 1155 1226 1182 τὸν
1243 1154 1360 1191 Ἰσραήλ.
1369 1153 1477 1189 Ἐπειδὴ
1488 1153 1516 1180 δὲ
1527 1150 1593 1188 ἧκον
1605 1153 1629 1179 οἰ
1644 1151 1783 1187 πρέσϐεις·
1795 1152 1851 1178 Κα-

1062 1203 1195 1230 ταλύσατε
1211 1202 1304 1235 αὐτοῦ,
1319 1211 1327 1229 ι
1341 1201 1419 1236 φησὶ,
1440 1211 1449 1226 ι
1459 1201 1508 1236 τὴν
1519 1200 1604 1227 νύκτα
1615 1221 1622 1233 ,
1637 1199 1685 1226 καὶ
1696 1199 1851 1234 ἀποκριθὴο

1064 1258 1145 1285 σομαι
1160 1249 1224 1284 ὑμῖν
1238 1249 1353 1284 πρᾶγμα
1372 1248 1386 1274 ὂ
1397 1247 1444 1274 ἐὰν
1460 1247 1565 1283 λαλήσῃ
1579 1246 1681 1281 Κύριος
1697 1247 1766 1282 πρός
1779 1255 1824 1281 με.
1839 1256 1849 1272 ν

1070 1295 1222 1331 Ὀνειράτια
1238 1295 1266 1321 δὲ
1280 1293 1372 1330 ψυχρά
1388 1293 1436 1320 καὶ
1450 1292 1614 1329 δαιμονιώδη
1632 1291 1721 1328 ζητῶν
1731 1313 1740 1326 ,
1755 1292 1804 1319 καὶ
1821 1292 1850 1325 ἐξ

1064 1341 1171 1377 ὲπῳδῆς
1181 1341 1251 1377 τάχα
1264 1349 1315 1368 που
1330 1341 1377 1367 καὶ
1391 1340 1559 1376 μαγγανείας
1575 1339 1649 1374 αὐτῷ
1667 1338 1852 1374 συμϐαίνοντα

1064 1386 1234 1423 προσδοκῶν,
1256 1386 1359 1422 Κύριον
1382 1385 1434 1420 ἔφη
1451 1385 1578 1420 λαλήσειν
1595 1384 1679 1420 αὐτῷ·
1698 1383 1852 1411 θεοκλυτείν

1065 1435 1118 1468 γὰρ
1149 1433 1310 1468 ἐσκήπτετο.
1335 1432 1406 1458 Ἀλλ’
1433 1432 1457 1458 εἰ
1487 1432 1533 1458 καὶ
1555 1431 1616 1462 ταῖς
1643 1430 1771 1466 συνήθεσι
1799 1430 1852 1457 τῶν

1065 1480 1170 1514 γοήτων
1184 1480 1286 1514 φωναῖς
1305 1478 1335 1504 τὸ
1350 1477 1470 1514 Γράμμα
1485 1477 1584 1513 χρῆται
1600 1477 1631 1504 τὸ
1648 1477 1737 1513 ἱερὸν⁹
1751 1477 1802 1503 οὐκ
1816 1476 1848 1503 ἂν

1065 1523 1223 1559 οἰηθείημεν
1246 1523 1334 1559 ὀρθῶς
1356 1522 1534 1559 φρονοῦντες.
1556 1523 1623 1549 Θεὸν
1640 1522 1687 1549 τὸν
1704 1522 1785 1557 φύσει
1806 1523 1853 1549 καὶ

1065 1568 1174 1604 ἀληθῶς
1187 1569 1248 1600 ταῖς
1261 1568 1381 1604 βεϐήλων
1397 1568 1496 1595 ἐνιέναι
1505 1567 1604 1603 ψυχαῖς
1618 1567 1655 1599 ὡς
1667 1567 1695 1601 ἐξ
1703 1567 1815 1602 ἀγάπης
1822 1567 1852 1593 to

220 1617 275 1640 tate
287 1613 463 1649 profanorum
475 1614 618 1641 hominum
634 1614 734 1641 animis
750 1614 897 1641 immittere
908 1613 1008 1640 verita—

1063 1614 1225 1650 ἀληθὲς,καί
1237 1614 1314 1650 ἀνδρὶ
1330 1613 1446 1650 μυσαρῷ
1460 1614 1507 1641 καὶ
1521 1614 1600 1649 γόητι
1615 1613 1853 1650 καὶείδωλολάτρῃ

219 1662 285 1691 tem,
307 1661 335 1685 et
357 1666 420 1686 eum
433 1659 797 1691 homine'sceleratissimo,
820 1664 848 1686 et
870 1666 960 1694 mago,
982 1664 1009 1686 et

219 1704 301 1731 idolis
309 1703 402 1732 dedito
413 1704 749 1740 colloqui.Verumtamen,
762 1715 771 1730 ι
783 1705 874 1738 Venit,
888 1716 897 1731 ι
910 1705 1008 1740 inquit,

224 1760 233 1773 ι
252 1749 325 1777 Deus
336 1751 370 1777 ad
382 1750 502 1783 Balaam,
522 1755 551 1778 et
565 1751 635 1778 dixit
655 1751 694 1778 illi
710 1772 716 1777 .
733 1751 804 1784 Quid
819 1751 944 1778 homines
964 1751 1008 1778 isti

220 1803 304 1830 penes
317 1800 342 1824 te
354 1797 384 1823 ’ἲ
397 1807 406 1822 ι
421 1797 515 1832 quue
526 1805 635 1825 causam
658 1798 792 1825 adventus
814 1805 910 1825 eorum
924 1805 1009 1832 expo—

218 1848 303 1870 nente
317 1852 323 1870 :
341 1853 350 1868 ‹
366 1843 448 1875 Dixit,
462 1853 471 1868 ι
483 1843 581 1878 inquit,
592 1853 601 1869 ‹
616 1844 749 1871 Dominus
761 1843 869 1871 Balaam
885 1853 891 1870 :
905 1843 944 1871 Ne
963 1851 1010 1871 eas

220 1894 283 1914 cum
295 1887 359 1919 illis,
374 1895 463 1922 neque
475 1888 624 1920 maledicas
635 1889 737 1924 populo
751 1898 757 1915 :
771 1892 813 1916 est
832 1889 906 1916 enim
925 1889 1010 1916 bene-

220 1932 340 1960 dictus'.
357 1943 365 1958 ι
381 1933 450 1961 Ecce
461 1934 516 1969 jam
529 1938 621 1969 aperte
647 1934 744 1962 beatus
762 1935 875 1970 angelus
895 1943 929 1962 ex
945 1942 1008 1969 per—

221 1986 287 2005 sona
302 1979 350 2006 Dei
365 1978 539 2013 deceptorem
562 1980 638 2007 illum
660 1985 741 2015 atque
768 1985 929 2016 nugatorem
950 1987 1008 2007 ma-

222 2032 285 2056 gum
299 2024 409 2056 avertit,
435 2033 469 2052 ne
481 2025 645 2053 maledicere
657 2026 756 2053 audeat
767 2026 805 2053 illi
822 2027 868 2061 qui
882 2027 918 2053 sit
930 2034 944 2053 a
954 2026 1010 2053 Deo

224 2069 394 2102 benedictus,
407 2078 495 2105 neque
504 2071 604 2098 divinis
616 2071 736 2099 decretis
755 2075 874 2106 opponat
896 2071 1009 2098 humani

220 2115 393 2150 ‘iufelicisque
406 2116 514 2143 consilii
526 2120 681 2144 commenta
695 2125 701 2142 :
722 2124 776 2143 non
790 2116 864 2151 quod
888 2116 932 2143 illa
953 2123 1010 2143 ma-

223 2161 334 2189 icdictio
350 2161 457 2190 edicere
475 2162 578 2197 aliquid
595 2167 702 2197 posset;
730 2163 778 2190 sed
802 2167 832 2190 ut
857 2166 950 2197 aperte
978 2170 1009 2190 ac

225 2207 378 2239 manifeste,
393 2208 441 2242 qui
453 2208 481 2235 in
498 2208 655 2243 hujusmodi
679 2215 756 2242 spem
773 2208 854 2235 stulte
875 2207 1010 2236 adductus

222 2256 306 2285 t'SSCi,
329 2260 378 2287 per
394 2253 471 2279 illum
491 2261 600 2287 quoque
628 2252 728 2279 eertior
759 2252 847 2285 fieret,
869 2261 1009 2288 nunquam

1064 1660 1234 1696 προσλαλεῖν.
1251 1660 1334 1697 Πλὴν,
1352 1670 1362 1686 ‹
1379 1659 1476 1692 Ἶῐλθε,
1497 1670 1505 1685 ι
1520 1659 1613 1695 φησὶν,
1632 1669 1641 1686 ι
1657 1661 1671 1686 ὀ
1687 1660 1753 1692 Θεὸς
1780 1659 1850 1696 πρὸς

1063 1707 1188 1742 Βαλαὰμ,
1201 1707 1249 1734 καὶ
1261 1706 1337 1734 εἶπεν
1351 1707 1436 1743 αὐτῷ’
1451 1707 1484 1734 Τί
1497 1708 1522 1734 οἰ
1537 1707 1674 1743 ἄνθρωποι
1689 1705 1762 1734 οὗτοι
1778 1707 1853 1743 παρὰ

1065 1753 1119 1784 σοί;
1134 1763 1142 1779 ι
1157 1753 1210 1780 Τοῦ
1228 1753 1256 1780 δὲ
1271 1753 1320 1788 τῆς
1335 1753 1454 1787 ἀφίξεως
1465 1753 1514 1788 τὴν
1529 1752 1620 1779 αἰτίαν
1634 1752 1851 1787 ἀπηγγελκότος,

1069 1808 1077 1824 ι
1097 1796 1175 1831 Εἶπε,
1194 1808 1203 1824 ι
1225 1798 1317 1834 φησὶν,
1334 1808 1342 1823 ι
1362 1799 1376 1825 ὁ
1388 1798 1454 1830 Θεὸς
1465 1799 1533 1834 πρὸς
1543 1798 1667 1833 Βαλαάμ·
1683 1799 1719 1825 Οὐ
1732 1799 1853 1834 πορεύσῃ

1065 1846 1123 1880 μετ’
1141 1845 1241 1876 αὐτῶν,
1261 1845 1316 1871 οὐδ’
1330 1845 1359 1872 οὐ
1378 1844 1414 1880 μὴ
1426 1845 1568 1880 καταράση
1581 1844 1626 1871 τὸν
1635 1844 1711 1871 λαόνυ
1727 1845 1852 1880 ἔστιγὰρ

1064 1891 1162 1926 εὐλογη
1168 1891 1257 1926 μένος.
1267 1901 1276 1917 ι
1287 1891 1351 1918 Ἰδοὺ
1361 1891 1393 1927 δὴ
1403 1891 1495 1926 σαφῶς
1506 1892 1537 1917 ὲκ
1550 1890 1696 1927 προσώπου
1714 1891 1762 1918 τοῦ
1771 1890 1852 1924 Θεοῦ,

1063 1938 1077 1964 ὁ
1093 1938 1226 1973 μακάριος
1249 1937 1365 1972 ἄγγελος
1384 1937 1430 1964 τὸν
1452 1937 1599 1964 ἀπατεῶνα
1617 1937 1663 1964 καὶ
1676 1937 1852 1973 είκαιύμυθον

1063 1982 1214 2018 ἀποτρέπει
1243 1982 1330 2017 γόητα
1351 1981 1397 2008 τὸν
1422 1982 1604 2017 εὐλογημένον
1627 1982 1704 2017 παρά
1726 1981 1787 2017 Θεῷ
1815 1982 1852 2017 μὴ

1063 2027 1218 2064 ἐπαρᾶσθαι
1244 2028 1354 2063 ζητεῖν,
1383 2029 1450 2064 μηδὲ
1475 2030 1535 2060 ταῖς
1560 2027 1664 2055 ἀνωθεν
1693 2025 1853 2062 ἀντεξάγὲιν

1062 2074 1164 2109 ψήφοις
1191 2074 1225 2101 τὰ
1247 2074 1277 2107 ὲξ
1301 2074 1477 2111 ἀνθρωπίνης
1510 2073 1670 2105 δυσὸουλίας
1700 2073 1851 2109 εὑρέματα,

1063 2119 1111 2154 οὐχ
1125 2118 1163 2150 ὡς
1179 2118 1228 2154 τῆς
1249 2119 1318 2154 ἀρᾶς
1334 2119 1479 2154 ίσχυούσης
1497 2119 1609 2151 ἀδικεῖν,
1628 2118 1685 2144 ἀλλ’
1699 2118 1744 2145 ἶνα
1760 2118 1853 2152 σαφῶς

1063 2173 1092 2191 τε
1106 2165 1154 2191 καὶ
1176 2165 1298 2200 ἐναργῶς
1322 2166 1336 2192 ὁ
1356 2165 1406 2201 τὴν
1429 2165 1556 2201 τοιαύτην
1574 2165 1670 2192 ἐλπίδα
1688 2164 1853 2200 παραλόγως

1063 2211 1279 2246 είσδεδεγμένος,
1296 2210 1502 2248 πληροφοροττο,
1516 2211 1562 2238 καὶ
1581 2211 1612 2238 δι’
1629 2211 1722 2243 αὑτοῦ,
1734 2209 1774 2242 ὡς
1797 2210 1847 2237 οὐκ

1063 2257 1097 2285 ἂν
1117 2258 1221 2292 γένοιτό
1235 2266 1298 2284 ποτε
1315 2258 1475 2289 Μωαϐίταις
1488 2258 1504 2293 ἢ
1518 2257 1696 2294 Μαδιηναίοις
1710 2255 1851 2291 ἁλώσιμος

223 2299 280 2326 fore
298 2302 329 2325 ut
346 2306 360 2325 a
371 2298 498 2326 Moabitis
515 2299 556 2325 vel
569 2298 724 2325 i‘vladianitis
736 2298 817 2325 Israel
839 2306 1008 2334 expugnare-

1064 2304 1078 2330 ό
1109 2303 1234 2339 Ἰσραὴλ,
1261 2303 1476 2340 προαπίζοντός
1507 2312 1537 2330 τε
1564 2292 1610 2330 καί
1635 2302 1854 2339 ύπεραθλοῦντος

224 2349 277 2377 tur,
295 2345 338 2372 cui
359 2349 498 2379 protector
512 2350 584 2373 esset
611 2352 642 2372 ae
665 2349 850 2379 propugnator
868 2345 950 2378 Deus,
963 2346 1010 2381 qui

224 2391 357 2426 populum
369 2391 544 2418 benedictum
557 2391 665 2425 sibique
683 2390 806 2417 deditum
826 2399 875 2418 sua
886 2391 1011 2427 benigni-

209 2439 278 2474 ,_Iatc
290 2435 419 2462 muniret.
433 2435 521 2469 Atque
539 2435 596 2462 hate
609 2435 719 2470 quidem
739 2435 837 2463 beatus
858 2437 971 2472 angelus
983 2441 1011 2464 et

223 2482 303 2514 dixit,
315 2481 442 2509 etfacere
454 2481 593 2516 pracepit.
605 2481 668 2514 Sed,
680 2487 856 2517 posteaquam
867 2484 1010 2518 promissis

216 2522 387 2555 'muneribus
400 2527 434 2554 ad
445 2527 572 2554 eumdem
584 2527 628 2555 ille
641 2532 716 2556 vates
736 2529 842 2557 illectus
867 2533 917 2561 est,
938 2530 1011 2564 quod

224 2574 340 2601 fortasse
355 2573 381 2600 id
395 2580 460 2600 vere
484 2581 513 2601 se
530 2574 719 2609 praestiturum
746 2576 917 2612 opinaretur,
937 2577 1012 2604 abire

225 2619 336 2654 quidem
349 2618 474 2653 permisit
492 2620 603 2654 angelus
617 2630 624 2654 ;
636 2621 683 2649 sed
707 2622 734 2649 in
747 2623 838 2650 media
851 2629 1013 2658 conspectus

226 2668 268 2691 est
294 2663 339 2690 via
351 2663 464 2699 fulgenti
485 2665 576 2700 gladio
600 2675 605 2692 :
631 2667 659 2693 in
671 2675 727 2702 quo
751 2668 894 2695 manifeste
918 2669 1012 2696 docuit

224 2716 299 2741 cum,
319 2709 341 2736 si
356 2710 518 2739 maledicere
539 2711 621 2739 vellet
640 2713 673 2740 iis
692 2714 739 2748 qui
759 2714 896 2742 benedicti
920 2719 1009 2748 erant,

225 2755 327 2782 bellum
340 2759 367 2783 et
377 2755 509 2784 adversus
519 2757 616 2790 Deum,
633 2761 660 2785 et
678 2759 810 2787 adversus
822 2760 933 2795 angelos
950 2767 1010 2787 sus-

226 2805 380 2836 cepturum.
390 2802 567 2839 Posteaquam
579 2812 643 2831 vero
654 2805 686 2831 ad
696 2805 867 2833 Madianitam
875 2806 996 2841 pervenit
1004 2827 1010 2839 ,

266 2891 276 2907 ⁸
291 2892 369 2920 Num.
394 2900 457 2925 ml,
471 2892 529 2920 6»8.
570 2895 579 2909 ⁵
592 2894 659 2921 ibid.
674 2895 699 2922 9.
739 2893 748 2910 ⁸
760 2894 828 2922 ibid.
844 2894 885 2922 12.

1064 2349 1143 2383 θεοῦ,
1160 2350 1207 2376 καὶ
1225 2351 1284 2382 ταῖς
1299 2350 1455 2386 εὐμενείαις
1474 2350 1691 2385 ἀνατειχίζοντος
1711 2349 1758 2376 τὸν
1778 2348 1853 2383 αὐτῷ

1065 2395 1261 2430 προσκείμενον
1287 2396 1334 2422 καὶ
1355 2394 1535 2430 εὐλογηθέντα
1567 2394 1641 2421 λαόν.
1666 2393 1748 2420 Ἀλλά
1773 2393 1854 2420 ταυτὶ

1066 2440 1115 2474 μὲν
1132 2441 1146 2466 ὁ
1167 2440 1310 2472 θεσπέσιος
1329 2440 1445 2475 ἄγγελος
1464 2441 1516 2476 ἔφη
1539 2449 1570 2467 τε
1587 2440 1634 2466 καὶ
1656 2439 1723 2475 δρᾷν
1747 2439 1852 2465 ὲνιτέλο

1064 2485 1135 2510 λετο’
1152 2484 1245 2520 ἐπειδὴ
1264 2485 1293 2511 δὲ
1306 2487 1366 2517 ταῖς
1375 2485 1430 2512 τῶν
1444 2485 1539 2521 δώρων
1554 2484 1734 2520 ὑποσχέσεσιν
1745 2483 1794 2510 ἐπὶ
1814 2482 1854 2517 τῷ

1065 2530 1164 2565 χρῆναι
1181 2530 1299 2565 βαδίζειν
1321 2531 1335 2557 6
1351 2531 1446 2566 μάντις
1459 2531 1624 2564 ὲδελεάζετο,
1649 2530 1719 2565 τάχα
1737 2538 1789 2556 που
1804 2529 1852 2556 καὶ

1065 2576 1172 2612 ἀληθῶς
1198 2576 1319 2612 ἰσχύσειν
1342 2577 1518 2613 ὑπειληφὼς,
1538 2578 1606 2605 ἰέναι
1631 2577 1680 2613 μὲν
1704 2576 1815 2611 ἐφίησιν
1838 2576 1852 2602 ό

1066 2622 1197 2657 μακάριος
1214 2622 1346 2656 ἄγγελος,
1366 2624 1436 2650 κατά
1456 2623 1542 2659 μέσην
1563 2623 1592 2650 δὴ
1621 2622 1700 2658 ὤφθη
1714 2622 1765 2657 τὴν
1782 2621 1850 2653 ὁδὸν,

1067 2668 1313 2705 συναστραπτούσῃ
1337 2669 1459 2705 ῥομφαίᾳ
1472 2689 1479 2701 ,
1497 2669 1631 2696 διδάσκων
1649 2667 1773 2703 ἐναργῶς
1787 2666 1825 2698 ὡς
1838 2667 1852 2692 ὁ

1065 2715 1181 2750 πόλεμος
1193 2715 1266 2750 αὐτῷ
1279 2714 1348 2750 πρός
1373 2723 1403 2741 τε
1415 2714 1480 2741 Θεὸν
1496 2714 1543 2741 καὶ
1555 2713 1696 2748 ἀγγέλους,
1709 2713 1734 2738 εἰ
1749 2711 1853 2747 ἐποιρᾶ-

1067 2761 1127 2787 σῢαι
1144 2761 1265 2796 βούλοιτο
1276 2762 1339 2793 τοὺς
1353 2761 1561 2796 εὖλογημένους.
1586 2759 1696 2796 Ἐπειδὴ
1709 2759 1738 2786 δὲ
1753 2759 1852 2793 ἀφῖκτο

1066 2807 1133 2842 πρὸς
1164 2808 1208 2835 τὸν
1237 2807 1420 2844 Μαδιηναῖον,
1447 2808 1555 2843 βωμοϋς
1585 2807 1633 2842 μὲν
1660 2805 1776 2841 ἀνίστη,
1802 2804 1850 2831 καὶ
