1934 3042
235 178 249 185 κ

48 189 95 218 ιιι

403 187 447 215 DE
467 186 687 215 ADORATIONE
705 187 739 214 ΙΝ
759 185 894 214 SPIRITU
915 185 958 213 ET
980 185 1164 214 VERlTATE.
1181 183 1248 213 LIB.
1269 185 1312 212 Vl.

1627 174 1680 211 λιν

48 248 192 284 βουθυτεῖν
212 247 332 274 ἐκέλευε·
358 247 501 282 προφήτης
523 246 552 273 δὲ
574 243 608 282 ἦν
634 245 735 277 εὐθὺς,
756 245 806 280 οὑχ
827 245 858 274 ὀλ

911 253 952 272 ras
964 244 1109 277 exstruxit,
1125 248 1153 272 et
1164 243 1249 271 boves
1261 243 1405 272 immolare
1421 242 1515 278 jussit,
1535 242 1681 277 propheta-

49 293 188 330 συνήθης,
206 294 254 320 καὶ
272 292 457 328 ψευδηγόρος,
472 291 541 318 ἀλλὰ
563 291 622 327 θείᾳ
636 299 666 317 τε
683 291 731 317 καὶ
752 291 840 326 ἀπορ-

50 342 127 377 ρήτφ
149 340 265 376 δυνάμει
293 338 480 375 παρετρὲπετο
504 338 570 374 παρ’
594 337 691 364 ἐλπίδα
721 336 790 372 πρὸς
812 336 843 363 τὸ

49 387 184 414 ἐναντίον.
214 386 352 422 Ἐπηρᾶτο
377 385 426 421 μὲν
445 384 499 420 γὰρ
515 384 660 420 οὐδαμῶς,
682 382 794 420 ηὐλόγει
813 382 843 409 δὲ

52 435 155 470 μᾶλλον
175 433 221 460 τὸν
241 433 366 469 Ἰσραὴλ,
383 433 430 459 καὶ
443 432 556 468 πικραῖς
573 431 661 466 ἐνίησι
685 430 784 462 λύπαις
797 429 842 456 τὴν

50 481 156 508 Βαλὰκ.
170 480 328 516 Γέγραπται
342 480 370 506 δὲ
385 479 482 511 οὕτως·
499 479 540 505 ὅτι
557 488 567 505 ‹
592 476 736 512 Ἐθυμώθη
751 475 844 503 Βαλὰκ

51 527 100 553 καὶ
118 526 302 561 συνεκρότησε
316 526 376 557 ταῖς
397 526 491 561 χερσὶν
507 523 600 556 αὑτοῦ,
613 523 661 551 καὶ
675 521 736 550 εἷπε
751 521 845 549 Βαλὰκ

52 571 123 606 πρὸς
164 570 290 605 Βαλαάμ·
328 569 544 605 Καταράσασοαι
573 568 619 596 τὸν
654 568 751 603 ἐχθρόν
793 574 844 602 μου

53 617 179 652 κέκληκὰ
202 625 247 648 σε,
272 617 319 643 καὶ
347 616 401 642 ἰδοὺ
430 615 551 649 εὐλογῶν
582 614 737 650 ηὑλόγησας
758 613 846 648 τούτῳ

53 664 151 699 τρίτῳ.
168 663 224 690 Καὶ
237 661 298 689 εἷπε
314 662 428 697 Βαλαὰμ
443 661 512 697 πρὸς
526 661 627 688 Βαλὰκ’
646 660 714 695 Οὑχὶ
728 660 774 686 καὶ
788 660 846 691 τοῖς

54 709 184 744 ἀγγέλοις
210 717 257 735 σου
277 705 317 739 οἷς
339 706 500 738 ἀπέστειλας
518 706 586 741 πρός
607 715 640 741 με
660 705 847 741 ἐλάλησαίλέα

55 763 123 791 γων’
162 756 225 783 Ἐάν
252 763 295 790 μοι
320 753 358 789 δῷ
375 753 466 780 Βαλὰκ
494 753 585 788 πλήρη
606 752 651 778 τὺν
670 749 745 778 οἷκον
763 750 846 778 αὐτοῦ

55 803 190 839 ἀργυρίου
207 802 254 829 καὶ
269 801 381 837 χρυσίου
393 820 400 832 ,
424 801 455 826 οὐ
474 799 626 835 δυνήσομαι
640 797 797 833 παραὸῆναι
817 796 848 823 τὸ

57 850 136 885 ῥῆμα
161 848 264 883 Κυρίου
287 847 399 882 ποιῆσαι
425 846 491 872 αὐτὸ
513 845 595 872 καλὸν
615 844 633 879 ἢ
649 842 768 878 πονηρὸν
782 841 846 876 παρ’

58 893 173 926 ἑαυτοῦ;
190 894 240 920 ὅσα
259 892 293 919 ἂν
315 890 379 927 εἴπῃ
401 899 446 926 μοι
471 889 548 922 Θεὸς,
563 889 648 915 ταῦτα
665 887 729 924 ὲρῶ.
751 896 759 912 ι
777 886 846 912 Σύνσ

59 941 124 976 ηθες
143 940 194 976 μὲν
216 936 262 966 οὖν
289 939 345 969 τοῖς
372 936 588 972 ψευδομάντεσι,
615 935 663 961 καὶ
677 935 738 964 ταῖς
764 933 850 964 οὕτως

59 985 214 1020 ἁπατηλαίς
247 982 400 1018 κεχρῆσθαι
435 982 556 1016 φωναῖς,
586 978 783 1013 σκεπτομένοις
809 977 850 1004 ὅτι

60 1033 150 1068 πάντη
168 1040 198 1058 τε
215 1031 264 1058 καὶ
286 1031 395 1061 πάντως
415 1029 471 1059 τοῖς
486 1027 677 1062 φιλοπευστείν
701 1024 849 1055 ἐθέλουσιν,

61 1077 153 1113 ἐροῦσι
168 1077 198 1103 τὸ
217 1076 326 1112 ἀληθές.
344 1074 425 1106 Σύνες
441 1073 469 1100 δὲ
485 1073 525 1100 ὅτι
542 1072 571 1099 τὺ
596 1072 677 1106 φάναι
692 1070 723 1097 τὺ
737 1070 852 1104 ἀτρεκὲς

60 1124 201 1159 ἀλλότριον
218 1122 268 1157 τῆς
282 1119 408 1148 ὲπαοιδοῦ
427 1128 456 1146 τε.
480 1119 527 1146 καὶ
540 1118 629 1154 μάγου
644 1117 750 1152 τέχνης·
767 1123 852 1150 προσ-

61 1170 169 1204 γένοιτο
192 1169 214 1196 6'
240 1170 273 1196 ἂν
289 1167 346 1194 ἔσθ’
369 1167 414 1194 ὅτε
436 1164 512 1199 παρὰ
527 1164 594 1190 Θεοῦ
619 1163 666 1189 ἐπὶ
678 1161 718 1197 τῷ
737 1161 786 1193 τὰς
799 1160 853 1187 τῶν

63 1216 186 1252 βεϐήλων
203 1214 301 1249 ψυχὰς,
316 1214 349 1249 τῇ
365 1212 417 1240 τῶν
432 1210 569 1247 ἐσομένων
585 1207 783 1245 προαγορεύσει
800 1207 853 1233 δει-

62 1264 116 1295 νῶς
132 1259 376 1296 κατακομίζοντος.

93 1307 204 1344 ηΙΙΑΛΛ.
223 1305 367 1340 Πείθομαι.

99 1353 184 1381 ΚΥΡ.
204 1353 264 1379 Ὂτι
282 1351 336 1386 γὰρ
355 1349 492 1386 μεμίσηκε
512 1347 560 1374 καὶ
578 1344 712 1379 παραλύει
726 1343 792 1375 Θεὸς
806 1343 856 1374 τὰς

65 1399 191 1430 τοιαύτας
211 1398 293 1433 ἦτουν
307 1395 434 1432 γοητείας
449 1394 494 1421 καὶ
507 1391 706 1428 εἱκαιομυοίας,
722 1390 806 1424 σαφὲς
823 1388 856 1415 ἂν

67 1446 173 1480 γένοιτο
197 1443 325 1477 λέγοντος
346 1441 442 1468 αὐτοῦ’
463 1449 473 1466 ι
491 1439 562 1473 Ἐγὼ
588 1438 690 1473 Κύριος
715 1437 729 1463 ὁ
751 1435 853 1466 Θαίς-ι

67 1491 114 1518 καὶ
130 1489 244 1525 προσέτι
271 1487 389 1518 τούτοις·
411 1486 479 1516 «Τίς
496 1484 589 1519 ἕτερος
610 1481 781 1509 διασκεδάσει
807 1489 856 1515 ση-

69 1539 132 1573 μεῖα
146 1533 374 1570 ὲγγαστριμύῢων
388 1533 435 1559 καὶ
451 1531 499 1563 τὰς
521 1529 649 1566 μαντείας
667 1527 721 1555 ἀπὸ
732 1526 856 1562 καρδίας,

69 1582 251 1618 ἀποστρέφων
264 1580 410 1617 φρονίμους
422 1579 461 1610 είς
474 1579 508 1604 τὰ
518 1577 615 1608 ὀπίσω,
635 1575 682 1602 καλ¹
693 1575 743 1605 τὴν
761 1573 858 1609 βουλὴν

70 1631 159 1658 αὐτῶν
183 1627 326 1664 μωρεύων,
347 1625 394 1653 καὶ
415 1624 496 1652 ἱστῶν
523 1623 632 1659 ῥήματα
660 1620 754 1652 παιδὸς
776 1618 858 1646 αὑτοῦ

71 1678 117 1705 καὶ
143 1677 195 1712 τὴν
223 1674 319 1711 βουλὴν
342 1672 395 1699 τῶν
416 1671 539 1706 ἀγγέλων
564 1667 648 1704 αὑτοῦ
672 1666 812 1702 ἀληθεύων
826 1675 832 1699 ;
847 1675 856 1691 ›

71 1711 213 1754 Μιντείας
228 1722 277 1758 μὲν
294 1721 348 1756 γὰρ
370 1718 419 1751 τὰς
435 1718 489 1745 ἀπὸ
511 1717 636 1753 καρδίας,
652 1714 752 1745 ἑώλους
768 1721 798 1738 τε
814 1711 861 1738 καὶ

71 1770 232 1807 ψευδοεπεῑς
258 1767 420 1802 ἀποφαίνει·
447 1764 495 1791 τοῦ
519 1771 551 1798 γε
581 1763 634 1798 μὴν
664 1760 729 1788 ιδίου
757 1758 860 1790 παιδὸς,

72 1804 198 1844 τουτέστι
214 1813 343 1850 Χριστοῦ,
360 1813 449 1839 πάντα
468 1810 517 1846 μὲν
542 1809 634 1843 ἵστησι
659 1807 737 1840 λόγον
748 1813 755 1821 ο
768 1805 818 1841 τὴν
834 1804 862 1830 δὲ

73 1862 172 1899 βουλὴν
197 1860 251 1888 τῶν
277 1859 399 1893 ἀγγέλων
421 1855 515 1887 αὑτοῦ,
536 1854 685 1885 τουτέστιν,
701 1851 718 1879 ἃ
746 1851 779 1878 ἂν
799 1849 862 1886 βού-

72 1909 162 1935 λοιντο
177 1907 279 1937 λαλεῖν,
306 1905 330 1931 οἱ
352 1904 402 1939 τῆς
427 1903 470 1929 ἐπ’
492 1901 573 1929 αὑτοῦ
599 1900 717 1930 πίστεως
732 1898 862 1933 κήρυκες,

72 1954 161 1980 ταῦτα
177 1952 205 1979 δὲ
219 1951 307 1978 πάντα
322 1949 450 1984 ἀληθείας
465 1947 575 1983 έμπλεω
590 1945 716 1975 δεικνύει,
740 1942 864 1978 σημείοις

73 2009 102 2027 τε
119 1999 167 2026 καὶ
192 1997 289 2034 τέρασι
312 1994 544 2032 προσμαρτυρῶν,
562 1992 609 2019 καὶ
628 1993 688 2022 ταῖς
705 1989 801 2020 ἄλλαις
816 1987 863 2014 τοῦ

78 2045 148 2072 Πνεύ
155 2052 242 2080 ματος
256 2042 419 2078 ἐνεργείαις.
438 2041 510 2075 Ἔφη
525 2039 553 2066 δέ
571 2047 622 2065 που
634 2037 726 2070 πάλιν,
742 2043 865 2062 κατονει-

74 2092 157 2124 δίζων
170 2091 229 2118 τισὶ
251 2090 286 2118 τὰ
313 2088 380 2116 Θεοῦ
396 2088 471 2123 νόμῳ
491 2083 740 2120 κεκιϐδηλευμένα·
760 2091 769 2107 ι
784 2080 866 2116 Στῆϐι

75 2140 166 2166 τοίνυν
181 2139 211 2164 ὲν
226 2138 285 2169 ταῖς
302 2135 439 2165 ἐπαοιδαῖς
462 2141 519 2169 σου,
539 2131 586 2159 καὶ
607 2132 639 2166 τῇ
656 2129 738 2164 πολλῇ
755 2135 868 2163 φαρμα-

77 2186 140 2221 κείᾳ
163 2193 223 2215 σου,
240 2183 258 2210 ἃ
276 2181 426 2218 ἐμάνθανες
440 2181 472 2206 ἐκ
492 2177 617 2213 νεότητός
645 2185 704 2206 σου,
720 2176 743 2201 εὶ
766 2174 868 2208 δυνήσῃ

77 2219 269 2266 ὠφεληθῆναι·
290 2227 457 2257 κεκοπίακας
472 2226 500 2251 ὲν
516 2225 575 2255 ταῖς
599 2222 705 2258 βουλαῖς
728 2229 785 2252 σου,
806 2219 869 2254 στή-

78 2286 170 2305 τωσαν
187 2276 235 2303 καὶ
254 2273 417 2302 σωσάτωσάν
432 2281 461 2299 σε
474 2272 497 2298 οἱ
512 2269 670 2305 ἀστρολόγοι
683 2267 729 2295 τοῦ
743 2265 869 2301 οὐρανοῦ,
887 2263 907 2290 D

79 2324 104 2351 oi
133 2321 254 2358 ὁρῶντες
272 2320 335 2350 τοὺς
352 2317 478 2352 ἀστέρας,
499 2313 736 2349 ἁναγγειλάτωσάν
761 2320 802 2338 σοι
818 2311 832 2337 ὃ
843 2319 868 2336 τι

82 2371 176 2407 μέλλει
197 2369 244 2396 ἐπὶ
270 2367 299 2394 σὲ
327 2365 484 2402 ἔρχεσθαι.)
511 2364 594 2400 Ὁρᾷς
622 2359 669 2388 οὖν
691 2360 728 2391 ὡς
753 2359 869 2394 γέλωτος

81 2405 162 2448 αξίαν
187 2414 235 2441 καὶ
260 2411 384 2446 ἀνωφελῆ
410 2408 549 2440 παντελῶς
559 2408 608 2443 τὴν
623 2406 760 2441 ἐπάρατον
773 2405 871 2439 ἀστρο-

82 2461 212 2496 γοητείαν
239 2458 385 2492 ἁπελέγχει
402 2456 477 2488 Θεός.
498 2456 560 2482 ’Ότι
583 2454 611 2480 δὲ
626 2452 708 2479 πάλιν
723 2451 825 2486 πρέποι
840 2449 872 2476 ἂν

83 2507 157 2542 αὐτῷ
173 2506 221 2533 καὶ
239 2505 310 2540 μένῳ
330 2504 360 2530 τὸ
376 2502 521 2538 νημερτὲς,
547 2500 595 2527 καὶ
609 2499 639 2526 τὸ
650 2499 757 2533 ἕτοιμον
777 2498 818 2528 είς
831 2496 874 2523 λό-

83 2559 150 2587 γους
167 2553 233 2582 τοὺς
250 2551 314 2586 περὶ
334 2550 387 2576 τῶν
403 2547 512 2575 ἔσεσθαι
529 2545 762 2582 προσδοκωμένων
784 2543 873 2570 ἀπλα-

85 2599 150 2631 νῶς,
170 2597 252 2624 ἄκουε
268 2596 394 2630 λέγοντος
406 2595 449 2621 διὰ
462 2593 553 2628 φωνῆς
573 2593 685 2619 Ἠσαίου
696 2599 703 2606 ·
723 2601 732 2616 ι
746 2589 876 2625 Μνήσοη-

85 2655 116 2673 τε
130 2645 229 2678 ταῦτα,
245 2644 293 2671 καὶ
305 2642 449 2674 στενάξατε
460 2650 468 2657 ν
484 2641 679 2677 μετανοήσατε,
696 2639 720 2666 οἱ
735 2637 875 2672 πεπλανη-

89 2693 177 2727 μένοι,
202 2689 386 2726 ἐπιστρέψατε
407 2690 440 2724 τῇ
468 2688 578 2724 καρδίᾳ,
607 2688 654 2714 καὶ
687 2685 823 2722 μνήσθητε
841 2684 877 2710 τὰ

89 2739 210 2774 πρότερα
225 2736 279 2764 ἀπὸ
288 2736 335 2763 τοῦ
348 2735 446 2766 αἰῶνος
457 2743 464 2750 ⁸
478 2735 519 2761 ὃτι
533 2733 588 2768 ἐγώ
605 2734 662 2768 είμι
679 2732 755 2764 Θεὸς,
769 2731 814 2758 καὶ
827 2731 878 2766 οὐκ

89 2785 163 2812 ἔστιν
181 2783 252 2818 πλὴν
277 2780 359 2816 ἐμοῦ·
377 2779 551 2814 ἀναγγέλλων
571 2778 700 2814 πρότερον
718 2778 751 2804 τὰ
776 2776 878 2811 ἔσχατα

91 2833 155 2866 πρῖν
169 2829 240 2858 αὐτὰ
251 2827 389 2863 γενέσθαι,
406 2827 451 2854 καὶ
463 2826 520 2861 ἅμα
534 2824 720 2859 συνετελέσθη.
735 2823 790 2850 Καὶ
802 2821 876 2849 εἶπα·

131 2919 231 2948 7Num.
248 2927 318 2952 xxxv,
339 2918 426 2946 l0-l5.

465 2918 474 2933 ‘
487 2917 536 2944 lsa.
551 2925 620 2949 κων,
634 2915 676 2944 2i.
717 2917 726 2931 ⁹
741 2915 806 2944 ibid.

893 298 946 326 que
956 291 1012 326 jam
1023 290 1112 317 factus
1125 292 1177 321 est,
1190 296 1247 316 non
1257 288 1345 323 qualis
1356 292 1419 316 ante
1443 287 1559 320 solebat,
1583 288 1680 319 lalsus,

893 337 942 365 sed
953 337 980 364 vi
992 337 1084 364 divina
1091 340 1119 364 et
1130 335 1262 363 inelfabili
1275 339 1374 370 praeter
1387 342 1462 370 spem
1474 334 1502 361 in
1511 334 1681 362 contrarium

893 387 936 412 est
947 391 1106 411 conversus.
1128 383 1189 410 Non
1215 381 1289 409 enim
1306 380 1458 413 maledixit,
1482 380 1530 408 sed
1541 379 1684 407 benedixit

894 431 986 466 potius
997 429 1100 462 lsraeli,
1114 433 1141 456 et
1155 429 1183 455 in
1197 427 1310 455 acerbos
1331 427 1440 454 dolores
1452 427 1569 461 conjeeit
1592 426 1682 454 Balac.
1697 446 1703 463 ι

896 476 941 504 Sic
962 483 1080 510 namque
1099 475 1232 510 scriptum
1243 478 1304 502 est:
1327 483 1335 498 ι
1359 473 1518 507 Indignatus
1539 478 1581 500 est
1605 466 1701 499 Balac'

895 521 1028 548 adversus
1039 520 1157 552 Balaam,
1167 525 1195 548 et
1206 518 1352 554 complosit
1364 526 1460 545 manus
1474 526 1548 550 suas,
1562 522 1591 544 et
1615 517 1686 544 dixit

895 567 975 595 Baiae
985 567 1018 594 ad
1031 567 1140 594 Balaam
1154 575 1159 592 :
1175 566 1209 594 Ut
1223 565 1402 593 malediceres
1426 564 1539 592 inimico
1559 572 1620 591 meo
1639 571 1686 590 vo-

896 614 955 641 cavi
968 618 1051 646 te;et
1062 621 1125 641 ecce
1134 612 1299 640 benedicens
1321 610 1487 638 benedixisti
1506 617 1570 637 eum
1592 610 1684 637 tertio.

896 660 1006 688 Etdixit
1019 660 1127 687 Balaam
1140 659 1174 686 ad
1186 659 1266 686 Baiae
1279 667 1285 685 :
1297 657 1393 684 Nonne
1405 657 1487 684 etiam
1502 656 1607 683 nuntiis
1620 655 1685 686 tuis,

897 715 967 742 quos
994 706 1093 734 misisti
1112 705 1146 733 ad
1169 713 1224 737 me,
1237 705 1346 732 locutus
1359 711 1419 731 sum
1433 703 1528 730 dicens
1547 710 1553 728 :
1571 701 1599 728 Si
1619 700 1686 728 mihi

900 754 978 788 193
988 753 1097 780 dederit
1108 752 1187 779 Balac
1200 751 1309 786 plenam
1322 750 1434 778 domum
1447 756 1524 776 suam
1537 751 1651 782 argento
1660 751 1689 774 et

899 807 977 831 auro,
997 807 1051 826 non
1060 801 1155 833 potero
1168 797 1308 832 praeterire
1333 795 1447 822 verbum
1470 793 1588 824 Domini,
1609 796 1639 819 ut
1651 792 1708 819 ἵει-η

899 844 968 872 ciam
980 843 1031 878 ipsi
1044 843 1147 870 bonum
1159 846 1207 868 aut
1225 840 1327 868 malum
1344 847 1359 866 a
1372 847 1415 866 me
1428 839 1507 874 ipso?
1519 845 1690 874 quaecunque

901 889 1001 917 dixerit
1026 888 1094 915 mihi
1116 887 1200 919 Deus,
1220 886 1279 914 haec
1306 886 1427 913 dicam".
1449 894 1458 910 ›
1481 884 1691 911 Consueverunt

901 937 975 964 enim
995 935 1055 962 falsi
1073 933 1242 961 divinatores
1256 933 1289 959 iis
1302 939 1412 967 quoque
1424 930 1568 958 fallacibus
1583 929 1621 957 uti
1641 937 1690 956 vo-

901 983 988 1014 cibus,
1009 989 1040 1009 ac
1053 981 1183 1008 simulare
1199 987 1228 1006 se
1242 977 1447 1006 sciscitantibus
1461 984 1557 1004 verum
1579 975 1691 1002 omnino

902 1037 1092 1065 responsuros.
1123 1027 1168 1055 Sic
1194 1027 1275 1062 igitur
1301 1026 1412 1058 habeto,
1425 1032 1520 1052 verum
1533 1023 1692 1058 loqui,esse

901 1077 935 1105 ab
946 1077 1148 1105 ineantatornm
1171 1079 1198 1102 et
1207 1081 1348 1109 magorum
1357 1077 1415 1100 arte
1423 1078 1538 1107 prorsus
1550 1070 1687 1097 alienum:

903 1123 962 1151 ﬁeri
976 1127 1068 1150 autem
1090 1121 1228 1149 interdum
1241 1125 1297 1147 uta
1314 1120 1369 1147 Deo
1386 1117 1488 1145 veritas
1517 1116 1691 1151 adjungatur,

903 1169 1114 1197 utnefariorum
1135 1166 1276 1194 hominum
1297 1165 1380 1192 animi
1398 1163 1576 1199 praedictione
1601 1167 1694 1188 rerum

903 1216 1057 1244 futurarum
1070 1215 1248 1242 vehementer
1262 1216 1390 1247 aestuent.

940 1305 1038 1334 PALL.
1050 1304 1201 1332 Assentior.

940 1352 1019 1380 CYR.
1032 1351 1099 1378 Nam
1119 1349 1209 1377 odisse
1228 1349 1313 1376 Deum
1332 1345 1488 1381 hujusmodi
1507 1344 1565 1372 sive
1577 1343 1696 1378 magicas

906 1398 1078 1433 disciplinas,
1092 1396 1149 1423 sive
1162 1398 1265 1422 temere
1281 1393 1356 1420 fusas
1366 1399 1457 1422 voces,
1476 1396 1577 1424 easque
1596 1387 1696 1415 dissol-

907 1452 982 1477 vere,
1005 1444 1110 1478 liquere
1129 1441 1231 1476 poterit
1253 1448 1286 1467 ex
1305 1439 1365 1473 ejus
1387 1436 1490 1467 verbis,
1512 1442 1575 1463 cum
1598 1433 1666 1461 dicit
1688 1441 1696 1460 ι

911 1501 920 1518 ι
940 1491 997 1526 Ego
1013 1489 1146 1517 Dominus
1168 1488 1240 1514 Deus
1258 1486 1286 1519 ⁸;
1309 1495 1318 1510 ›
1337 1488 1365 1511 et
1390 1483 1423 1510 ad
1449 1483 1508 1509 haec
1528 1485 1660 1516 praeterea
1689 1487 1697 1505 :

913 1547 921 1563 ι
936 1524 1003 1570 Quis
1014 1535 1085 1563 alius
1097 1532 1241 1567 dissipabit
1259 1531 1335 1566 signa
1359 1529 1520 1564 pythonum,
1541 1529 1570 1553 et
1591 1524 1698 1551 divina-

873 1594 893 1622 ο
910 1583 999 1611 tiones
1011 1581 1044 1609 de
1056 1580 1149 1611 corde,
1162 1581 1326 1606 convertens
1334 1575 1485 1611 prudentes
1499 1576 1661 1601 retrorsum,
1672 1572 1701 1596 et

911 1628 1057 1656 consilium
1080 1632 1176 1654 eorum
1199 1616 1313 1650 stultum
1342 1619 1465 1648 faciens?
1492 1623 1520 1645 et
1536 1616 1701 1645 confirmans

912 1676 996 1704 verba
1014 1674 1092 1710 pueri
1115 1673 1170 1705 sui,
1183 1676 1212 1699 et
1230 1670 1393 1703 sententiam
1410 1668 1570 1695 nuntiorum
1588 1672 1701 1692 suorum

912 1729 1004 1749 veram
1020 1719 1202 1754 comprobans
1213 1717 1244 1743 υἱ)
1260 1727 1269 1742 ι
1284 1715 1472 1743 Divinationes
1484 1713 1558 1740 enim
1570 1711 1603 1738 de
1619 1710 1702 1738 corde

910 1769 1027 1803 jactatas
1038 1773 1122 1793 vanas
1142 1772 1173 1792 ac
1181 1763 1326 1791 mendaces
1338 1759 1533 1791 ostendit;sed
1550 1757 1628 1792 pueri
1647 1756 1701 1787 sui,

914 1813 942 1840 id
953 1817 1005 1844 est,
1017 1810 1131 1841 Christi,
1144 1809 1234 1836 omnia
1252 1807 1336 1834 verba
1354 1804 1498 1832 confirmat
1514 1812 1520 1828 :
1540 1801 1702 1829 sententiam

914 1867 996 1895 porro
1009 1857 1169 1885 nuntiorum
1181 1861 1305 1885 suorum,
1327 1852 1352 1879 id
1365 1855 1456 1878 autem
1468 1854 1519 1881 est,
1534 1853 1704 1883 quaecunque

914 1905 1052 1934 voluerint
1068 1902 1144 1938 loqui
1165 1901 1238 1933 fidei,
1252 1907 1312 1934 quae
1325 1899 1353 1925 in
1371 1905 1434 1925 eum
1453 1895 1580 1926 habetur,
1599 1899 1704 1928 praeco,-

915 1960 973 1984 nes,
992 1951 1050 1978 haec
1068 1949 1180 1977 omnino
1200 1946 1324 1974 veritatis
1346 1951 1406 1971 esse
1422 1943 1502 1978 plena
1517 1941 1703 1969 demonstrat,

916 1981 978 2024 eum
991 1995 1045 2022 illis
1057 1994 1142 2029 signis
1158 1997 1241 2027 atque
1257 1988 1392 2025 prodigiis
1417 1989 1574 2015 altestetur,
1597 1987 1625 2010 et
1645 1981 1706 2008 aliis

917 2042 1036 2077 Spiritus
1054 2039 1139 2067 sancti
1165 2035 1378 2073 operationibus.
1403 2033 1477 2061 Dixit
1492 2031 1574 2059 etiam
1599 2035 1706 2058 rursus,

917 2076 981 2117 cum
1000 2086 1166 2122 quibusdam
1185 2084 1254 2111 facta
1280 2089 1341 2117 qua:
1357 2080 1407 2108 Dei
1426 2079 1485 2114 lege
1504 2076 1706 2112 improbantur,

918 2121 1095 2171 exprobraret
1111 2142 1117 2159 :
1135 2142 1143 2157 ι
1164 2131 1210 2159 Sta
1224 2130 1305 2165 igitur
1315 2129 1342 2155 in
1361 2123 1593 2154 incantationibus
1606 2121 1668 2151 tuis,
1681 2123 1709 2147 et

920 2169 1059 2209 indmultis
1074 2177 1214 2206 veneficiis
1234 2176 1298 2205 tuis,
1324 2181 1385 2209 quae
1395 2170 1516 2200 didicisti
1535 2169 1704 2204 ajuventute

920 2232 986 2260 tua;
999 2227 1021 2254 si
1039 2225 1142 2261 poteris
1160 2222 1251 2259 juvari
1266 2230 1273 2255 ;
1296 2219 1426 2248 laborasti
1441 2218 1469 2244 in
1492 2215 1612 2244 consiliis
1634 2213 1686 2240 tuis
1701 2221 1708 2238 :

923 2258 1190 2302 stentet—salventte
1213 2266 1341 2301 astrologi
1357 2265 1430 2296 cceli,
1454 2263 1501 2298 qui
1519 2258 1709 2293 contemplan-

924 2324 967 2348 tur
980 2318 1091 2349 stellas;
1107 2315 1272 2343 annuntient
1291 2312 1341 2339 tibi
1368 2309 1435 2345 quid
1458 2311 1604 2335 venturum
1625 2304 1660 2331 sit
1681 2302 1709 2329 in

924 2371 950 2394 te
967 2366 998 2392 ‘°.
1023 2375 1031 2390 ι
1043 2363 1127 2391 Vides
1140 2362 1222 2397 igitur
1242 2357 1379 2394 quomodo
1396 2356 1451 2382 risu
1471 2353 1579 2387 dignam
1595 2355 1622 2378 et
1633 2356 1712 2384 pror-

923 2417 970 2437 sus
986 2407 1122 2437 inutilem,
1147 2392 1220 2431 illam
1236 2392 1435 2429 exsecrabilem
1458 2404 1491 2424 ex
1505 2399 1643 2422 astrorum
1663 2392 1711 2418 ob-

924 2454 1078 2483 servatione
1091 2449 1286 2478 divinationem
1302 2444 1424 2479 coarguit
1443 2442 1526 2469 Deus.
1540 2438 1594 2474 lpsi
1607 2444 1671 2464 vero
1684 2440 1712 2463 et

924 2500 1035 2536 quidem
1048 2497 1098 2526 soli
1113 2494 1260 2524 convenire
1280 2491 1435 2532 veritatem,
1457 2495 1511 2523 qua
1527 2484 1713 2521 praedicuntur
1728 2518 1731 2519 ν

925 2555 957 2575 ea
981 2553 1041 2581 qum
1059 2548 1134 2572 certo
1153 2545 1286 2570 eventura
1306 2540 1462 2573 sperantur,
1483 2542 1517 2562 ex
1543 2539 1576 2559 80
1596 2536 1712 2565 agnosce

926 2573 998 2627 quod
1023 2598 1072 2625 per
1089 2588 1165 2617 Isaiae,
1183 2592 1278 2614 vocem
1304 2582 1426 2618 loquitur
1452 2590 1457 2607 :
1484 2589 1492 2605 ι
1519 2573 1712 2605 Recordamini

927 2639 1036 2670 horum,
1052 2640 1079 2664 et
1091 2633 1277 2670 ingemiscite;
1297 2628 1486 2666 pmnitentiam
1508 2626 1590 2661 agite,
1608 2622 1655 2658 qui
1667 2630 1714 2649 er—

928 2685 1011 2717 ratis;
1025 2679 1218 2710 convertimini
1236 2677 1329 2709 corde,
1346 2680 1373 2703 et
1392 2670 1576 2701 recordamini
1592 2669 1714 2704 priorum

928 2740 944 2759 a
955 2730 1064 2761 saeculo,
1078 2728 1142 2763 quia
1152 2725 1235 2761 ’194
1245 2732 1295 2760 ego
1309 2730 1369 2751 sum
1381 2722 1462 2752 Deus,
1477 2723 1505 2746 et
1521 2725 1577 2745 non
1589 2719 1630 2744 est
1648 2721 1717 2749 prat-

930 2781 971 2804 ter
995 2784 1057 2808 me;
1075 2775 1121 2810 qui
1147 2771 1279 2800 annuntio
1301 2769 1377 2805 prius
1397 2765 1544 2794 novissima
1571 2766 1716 2795 antequam

932 2823 1008 2854 ﬁant,
1030 2806 1058 2849 et
1076 2806 1157 2848 simul
1177 2819 1364 2846 consummata
1388 2813 1452 2841 sint.
1472 2811 1507 2839 Et
1525 2808 1581 2838 dixi
1606 2817 1613 2834 :
1632 2806 1718 2834 Omne

907 2914 926 2929 “‘
939 2914 989 2941 lsa.
1005 2920 1083 2944 χιι-ιι,
1100 2909 1195 2942 12,15.
