1934 3042
233 184 289 218 4.55

751 188 779 216 S.
800 189 937 217 CYtttLLt
958 187 1191 215 ALEXANDIHM
1209 187 1366 212 auctum).

1821 185 1871 208 Μαι

233 254 324 274 meum
343 245 488 273 consilium
514 245 614 278 stabit;
641 249 668 272 et
683 246 774 272 omnia
795 253 966 281 qumcunque
983 245 1016 272 de

1082 241 1161 268 naua
1180 250 1232 277 μου
1250 242 1266 277 ή
1281 241 1362 276 βουλὴ
1377 241 1513 274 στήσεται,
1530 239 1577 266 καὶ
1593 239 1682 266 πάντα
1701 240 1753 266 ὅσα
1776 239 1870 274 βούλο-

232 293 317 324 erevi,
336 291 477 319 faciam”.
500 301 508 317 ι
537 291 593 319 Soli
615 291 699 327 igitur
720 293 785 324 Deo,
811 293 857 328 qui
882 297 925 320 est
944 299 1026 327 supra

231 338 334 370 omnia,
347 345 362 364 a
377 337 458 365 nobis
469 341 512 365 est
534 337 710 365 tribuendum
722 359 728 370 ,
750 338 841 366 futura
864 345 920 367 tum
945 339 1026 374 plane

231 384 312 415 scire,
327 389 383 411 tum
398 391 463 410 vero
481 391 560 418 posse
574 387 649 411 certe
671 384 820 419 praedicere
834 393 841 417 ;
859 391 938 419 nug:e
960 391 1027 411 vero

234 429 328 456 futiles
350 434 377 457 et
388 429 475 457 aniles
495 429 610 461 fabellas,
629 429 743 457 fallaciae
762 437 872 465 quoque
903 438 935 457 ac
956 437 1026 464 pra:-

231 475 319 510 stigiae
336 480 410 508 sunt,
426 484 486 511 qua:
505 476 539 503 ab
551 476 612 504 aliis
634 476 847 511 proﬁciscuntur
871 485 877 502 :
899 475 946 511 qui
963 482 1026 503 cum

231 521 288 548 sint
310 526 403 549 mente
422 527 563 558 corrupta,
583 522 617 549 de
639 523 721 550 corde
744 530 795 550 suo
814 522 976 557 loquuntur,
996 525 1027 548 ut

230 568 366 602 scriptum
386 572 445 600 est,
460 573 527 596 etes
539 568 924 604 falsitateparandzepccunia:
945 575 1025 595 ocea-

230 614 337 641 sionem
354 618 491 649 quarunt.

264 659 366 687 PALL.
388 660 490 687 Verum
510 664 562 687 est.
578 659 624 688 Sic
645 660 718 687 enim
735 668 764 687 se
786 668 830 688 res
842 659 927 688 habet
945 667 1024 696 pror-

230 713 287 733 sus.
476 731 478 733 .

263 751 342 780 CYR.
361 751 403 779 Ab
416 751 466 779 hac
486 751 569 787 igitur
581 759 689 786 quoque
708 759 736 778 re
756 751 974 785 abstinebimus;
996 755 1025 779 et

228 797 324 825 relicta
338 805 468 832 perversa
483 797 536 829 via,
552 805 601 832 per
616 801 717 823 rectam
732 797 908 831 incedemus;
923 806 954 825 ac
967 798 1024 825 Deo

228 850 339 878 semper
351 842 448 870 eodem
461 843 542 870 modo
554 842 717 875 innilemur,
730 847 758 870 et
766 847 923 871 sanctorum
936 843 1024 871 homi-

227 896 294 915 num
309 888 424 916 vocibus
435 889 582 916 veritatem
597 888 761 916 tribuemus.

261 935 361 962 PALL.
375 935 408 962 Et
419 935 531 970 quidem
546 935 675 963 maxime.

263 980 341 1008 CYR.
356 980 426 1014 Quid
437 981 512 1008 ?non
526 981 593 1008 illud
608 989 718 1016 quoque
732 986 865 1016 praeterea
879 989 1022 1009 exsecran-

226 1024 292 1052 dum
306 1026 476 1060 putabimus,
492 1030 655 1062 partemque
668 1035 729 1054 esse
741 1027 865 1055 dicemus
878 1028 1021 1062 gentilium

226 1072 391 1107 impietatis,
418 1072 474 1107 igni
496 1077 608 1107 etaqua
634 1073 748 1108 purgari
772 1073 891 1106 scilicet,
913 1077 941 1101 et
961 1073 1023 1101 aliis

225 1118 390 1154 quibusdam
408 1119 543 1154 ejusmodi
562 1119 574 1146 ?

259 1163 357 1191 PALL.
378 1163 493 1190 Maxime
525 1172 602 1191 vero.
627 1164 722 1200 itaque
748 1165 841 1192 divina
868 1165 912 1193 lex
929 1166 1019 1193 dixit:

229 1217 238 1233 ι
253 1207 312 1235 Νοη
331 1208 489 1235 invenietur
515 1208 543 1235 in
572 1212 597 1236 te
620 1217 742 1246 purgans
760 1210 848 1238 ﬁlium
870 1219 951 1238 suum
973 1215 1021 1239 aut

225 1253 307 1281 ﬁliam
322 1261 400 1281 suam
417 1254 471 1290 igni
486 1255 518 1282 ".
537 1265 545 1280 I

258 1340 336 1369 CYR.
350 1343 436 1376 Quam
451 1348 525 1372 recte
537 1344 580 1371 lex
593 1345 673 1372 nobis
690 1346 742 1373 ista
755 1348 961 1381 pronuntiavit,
980 1350 1018 1382 et,

223 1394 258 1414 ne
273 1386 380 1420 ﬁerent,
398 1389 557 1424 prohibuit!
580 1391 710 1418 Estenim
725 1400 756 1419 ea
778 1401 832 1426 res,
859 1399 889 1421 ut
909 1395 1017 1430 opinor,

224 1433 389 1461 temeritatis
408 1435 499 1469 plena,
520 1440 548 1463 et
570 1437 685 1465 rationis
705 1439 815 1473 optimae
831 1447 865 1468 ac
886 1441 1019 1476 sapientis

223 1487 323 1513 expers
339 1488 345 1506 :
359 1487 440 1514 quam
454 1481 528 1508 enim
545 1482 691 1511 utilitatem
706 1484 807 1512 all‘erre
830 1486 911 1514 nobis
932 1487 1019 1521 possit

224 1524 295 1559 ignis
304 1529 403 1552 natura
413 1526 424 1552 ?
435 1527 573 1561 quomodo
583 1529 665 1556 etiam
676 1529 749 1558 faces
764 1530 791 1558 in
802 1531 897 1558 orbem
909 1533 1018 1567 agitatae

223 1578 286 1597 eum
301 1571 347 1606 qui
371 1573 502 1606 peccarit,
517 1573 656 1602 liberare?
668 1575 742 1603 [Eris
751 1577 873 1612 quidem,
888 1584 935 1606 aut
947 1579 1017 1606 alte-

223 1613 282 1640 rius
297 1615 431 1650 ejusmodi
452 1619 574 1646 materiae
593 1621 690 1648 sordes
713 1623 843 1657 excoquit
861 1623 902 1651 vis
923 1624 1015 1660 ignis;

223 1658 324 1684 mentis
332 1662 423 1686 autem
435 1665 481 1687 aut
497 1662 595 1690 anima:
606 1663 792 1699 impuritatem
804 1675 923 1701 quonam
936 1658 1017 1697 modo

223 1705 384 1732 consumat?
395 1705 491 1734 Nonne
503 1707 586 1743 igitur
607 1710 665 1737 haec
680 1710 797 1739 ridicula
809 1718 883 1747 sunt,
894 1718 923 1742 et
933 1722 1018 1743 vana-

224 1757 285 1776 rum
302 1751 501 1787 cogitationum
515 1757 693 1783 commenta?

178 1788 183 1793 ’
256 1795 356 1823 PALL.
373 1797 413 1824 lta
426 1806 550 1833 prorsus.

257 1841 336 1869 (ΝΒ.
362 1843 557 1873 Libentissime
576 1850 668 1874 autem
695 1847 728 1875 iis
750 1849 797 1883 qui
817 1849 890 1877 inter
907 1851 1017 1880 Graecos

221 1888 323 1922 egregii
338 1888 486 1923 habentur,
500 1892 603 1926 quique
614 1892 770 1928 hujusmodi
788 1897 876 1931 turpia
890 1897 1015 1926 instituta

221 1937 250 1960 et
263 1933 438 1967 invenerunt,
460 1940 487 1962 et
499 1937 560 1964 aliis
581 1937 764 1972 tradiderunt,
787 1942 915 1977 equidem
936 1944 1015 1972 dixe-

222 1977 272 2004 riin
288 1987 294 2003 :
307 1977 385 2011 Quod
399 1984 520 2007 vestrum
533 1985 574 2008 est
589 1983 754 2011 consilium?
772 1994 830 2019 vos,
853 1992 1015 2022 praestantes

223 2023 272 2050 viri
285 2031 316 2051 ac
331 2025 468 2059 sapientes
479 2028 586 2062 appello
598 2049 604 2061 ,
622 2037 684 2057 cum
706 2031 815 2068 Tityum
832 2033 920 2066 illum,
930 2043 1013 2070 quem

221 2073 313 2096 ortum
331 2078 364 2097 ex
384 2074 458 2099 terra
475 2072 583 2107 dicitis,
602 2076 674 2110 apud
693 2076 796 2106 inferos
816 2081 968 2114 torquetis,
986 2086 1015 2108 et

220 2116 345 2143 vultures
352 2117 499 2151 adhibetis,
512 2121 558 2154 qui
573 2124 700 2157 tanquam
716 2125 838 2153 convivae
847 2127 941 2161 jecore
962 2136 1013 2163 pa—

221 2166 344 2195 scantur,
361 2164 433 2198 quod
447 2165 573 2194 mulieris
584 2169 702 2203 speciem
716 2171 877 2205 admiratus,
890 2172 1012 2202 libidinis

221 2208 317 2236 morbo
331 2209 480 2238 laborarit?
493 2212 607 2242 Tantalo
621 2221 713 2244 autem
726 2217 844 2252 lapidem
866 2219 1011 2248 imminere

220 2254 321 2287 dicitis,
344 2263 462 2292 eumque
479 2258 689 2296 intemperantis
706 2264 807 2299 linguae
819 2273 914 2300 pinnas
932 2267 1007 2300 dare,
1026 2279 1047 2307 υ

219 2301 312 2334 pueris
325 2302 448 2331 fabulose
461 2305 589 2333 traditis?
603 2307 681 2343 195
694 2314 760 2337 rotae
775 2318 885 2346 quoque
899 2311 1009 2340 diutur-

218 2346 261 2374 nis
277 2355 308 2374 ac
320 2353 454 2383 perpetuo
463 2350 1008 2386 circumactisconversionibusIxionem

218 2392 345 2428 alligatis,
361 2400 388 2421 et
402 2395 430 2422 in
443 2403 474 2422 ea
487 2404 583 2431 pccnas
596 2398 672 2426 luere
683 2399 776 2428 dicitis
795 2401 910 2431 fallacia:
935 2405 1010 2433 illius

217 2446 277 2473 quae
293 2441 392 2468 vestris
405 2441 458 2469 diis
471 2442 586 2471 minime
600 2445 760 2480 displicuit:
778 2456 827 2477 vos
845 2449 920 2484 ipsos
940 2459 1007 2479 vero

217 2491 249 2510 ac
259 2488 374 2512 αξιοι-οε
385 2487 511 2520 quamvis
520 2489 688 2524 gravissimis
707 2496 734 2520 tu
740 2494 928 2531 rpissimisque
947 2506 1007 2525 ma-

217 2530 252 2558 lis
264 2532 422 2565 teneamini,
434 2533 490 2569 igni
502 2543 535 2562 ac
545 2537 628 2564 ramis
647 2538 779 2573 liberatis,
794 2545 825 2568 ut
839 2541 891 2577 ipsi
910 2544 1005 2578 opina-

217 2577 284 2604 mini
298 2586 305 2610 ;
318 2581 344 2604 et
354 2579 547 2612 perditissimis
560 2582 718 2613 hominibus
729 2587 876 2615 criminum
888 2577 1005 2618 ablutio-

217 2628 278 2648 nem
293 2622 463 2651 conceditis?
475 2625 556 2662 Tityo
567 2635 643 2661 vero,
667 2638 760 2664 qumso
773 2635 811 2665 te,
831 2636 860 2660 et
883 2633 917 2660 iis
937 2642 1006 2669 quos

217 2667 300 2695 modo
315 2669 465 2703 nominavi,
478 2672 550 2707 ignis
562 2675 798 2708 penuriafortasse
811 2678 879 2706 adeo
892 2679 1006 2708 acerbas

217 2719 312 2748 poenas
324 2714 474 2750 imposuit?
488 2718 569 2754 Atqui
586 2720 631 2747 ille
642 2727 732 2750 vestra
745 2724 874 2759 opinione
891 2726 1007 2755 l'uracis-

217 2759 312 2793 simus,
329 2762 375 2796 qui
388 2762 476 2798 ignem
489 2765 522 2792 ad
544 2766 669 2795 homines
684 2769 792 2802 detulit,
811 2771 1004 2801 Prometheum

217 2803 288 2837 dico,
308 2806 330 2833 si
352 2807 422 2835 ullus
441 2809 554 2838 omnino
575 2811 657 2839 etiam
683 2812 728 2840 ille
746 2813 807 2847 fuit,
827 2815 898 2851 ignis
923 2824 1003 2844 usum

200 2929 205 2935 ι
259 2893 277 2908 ¹¹
292 2893 342 2922 lsa.
361 2903 451 2926 xxxw.
467 2896 543 2925 8-10.
584 2900 603 2916 ¹²
618 2900 697 2928 Deut.
714 2909 787 2934 mu,
804 2902 844 2928 l0.

1081 297 1141 323 μαι,
1160 288 1275 323 ποιήσω.
1288 297 1297 313 ι
1316 287 1397 322 Μόνῳ
1413 286 1445 321 δὴ
1456 285 1502 313 οὖν
1519 286 1691 313 ἀνακείσεται
1709 286 1778 321 πρὸς
1793 286 1873 322 ήμῶν

1078 334 1118 370 τῷ
1138 334 1246 361 πάντων
1268 333 1397 360 ἰπέκεινα
1423 331 1493 367 Θεῷ,
1516 332 1546 358 τὸ
1572 331 1698 359 διειδέναι
1718 341 1748 359 τε
1766 332 1870 366 σαφῶς,

1079 379 1126 407 καὶ
1154 379 1350 414 προαγορεύειν
1377 378 1503 410 ἀπλανῶς
1518 377 1648 405 δύνασθαι
1673 378 1708 405 τὰ
1734 378 1870 413 ὲσόμενα’

1080 425 1192 453 ὓθλοιδὲ
1207 425 1295 456 ἄλλως
1308 425 1356 451 καὶ
1377 424 1487 460 γραώδη
1505 424 1638 460 μυθάρια,
1657 424 1824 460 βωμολοχίαι
1840 433 1870 452 τε

1077 473 1125 499 καὶ
1139 471 1312 507 φενακισμοὶ,
1335 471 1370 498 τὰ
1392 471 1456 506 παρ’
1471 470 1582 507 ἑτέρων,
1603 471 1628 497 οἶ
1644 470 1690 498 τὸν
1711 470 1774 498 νοῦν
1797 480 1869 506 παρα

1078 517 1222 553 ε’ρθορότες
1248 517 1282 544 τὰ
1302 517 1356 544 ἀπὸ
1376 517 1489 552 καρδίας
1505 516 1594 543 αὐτῶν
1616 515 1738 550 λαλοῦσι,
1753 515 1824 543 κατὰ
1840 517 1870 542 τὸ

1076 564 1280 600 γεγραμμένον,
1295 564 1341 590 καὶ
1357 563 1558 599 ἀργυρολογίας
1579 563 1710 599 ἀφορμὴν
1725 562 1867 590 ποιοῦνται

1077 610 1106 636 τὸ
1119 609 1226 644 ψεῦδος.

1112 657 1215 683 ΠΑΛΛ.
1243 656 1363 691 Ἀληθές.
1382 657 1460 691 Ἔχει
1475 655 1529 692 γὰρ
1551 653 1613 687 ὦδε,
1627 656 1673 683 καὶ
1690 657 1739 691 οὐχ
1751 656 1863 691 ἑτέρως.

1111 742 1193 770 ΚΥΡ.
1219 743 1387 778 ’Ᾱφεξόμεθα
1417 743 1449 779 δὴ
1473 741 1520 771 οὖν
1539 744 1585 770 καὶ
1607 744 1694 775 τοῦδε,
1715 745 1762 771 καὶ
1785 743 1865 780 οἷμον

1075 789 1189 824 ἀφέντες
1212 789 1261 824 τὴν
1288 790 1520 825 διεστραμμένην,
1550 791 1715 827 βαδιούμεθα
1739 792 1789 827 τὴν
1820 793 1863 818 ἐπ’

1075 835 1149 867 εὐθὺ,
1167 835 1226 870 Θεῷ
1244 835 1418 871 μονοτρόπως
1437 837 1641 872 προσκείμενοι,
1666 837 1714 864 καὶ
1736 839 1796 870 ταῖς
1811 838 1867 865 τῶν

1078 882 1164 916 ἁγίων
1179 883 1282 916 φωναῖς
1296 881 1526 918 ἔπιύπιφιξόμενοι
1542 882 1590 919 τὴν
1602 883 1743 920 ἀλήθειαν.

1038 921 1060 951 Β
1112 927 1217 954 ΠΑΛΛ.
1238 927 1294 954 Καὶ
1311 927 1392 961 μάλα.

1113 973 1196 1000 ΚΥΡ.
1217 973 1250 999 Τί
1277 974 1305 1000 δὲ
1331 974 1392 1009 οὐχὶ
1408 974 1519 1000 κάκεῖνο
1541 974 1610 1009 πρὸς
1637 974 1744 1007 τούτοις
1762 976 1866 1012 ἡγησό-

1075 1017 1146 1053 μεθα
1168 1018 1315 1053 στυγητὸν,
1340 1019 1436 1055 μοῖράν
1455 1028 1484 1046 τε
1495 1014 1568 1047 εἷναί
1590 1029 1681 1056 φαμεν
1702 1021 1863 1057 Ἑλληνικῆς

1078 1061 1235 1098 ἀθεότητος,
1251 1063 1285 1090 τό
1303 1072 1334 1090 τε
1361 1064 1606 1100 περικαθαίρεσθαι
1620 1066 1708 1100 φιλεῖν
1727 1067 1798 1101 τάχα
1814 1075 1866 1093 που

1073 1109 1140 1144 τωρὶ
1156 1109 1203 1135 καὶ
1216 1109 1302 1142 ὕδατι,
1319 1110 1365 1137 καὶ
1386 1110 1490 1146 ἑτέροις
1504 1111 1560 1138 τισὶ
1574 1112 1706 1144 τοιούτοις
1728 1112 1856 1148 τρόποιςς

1109 1154 1212 1181 ΠΛΛΛ.
1249 1156 1305 1182 Καὶ
1333 1156 1453 1191 μάλιστά
1480 1165 1522 1191 γε.
1550 1157 1696 1194 Τοιγάρτοι
1722 1159 1768 1186 καὶ
1794 1159 1866 1186 θεῖον

1072 1199 1124 1236 ἔφη
1148 1201 1338 1238 χρησμῴδημα
1357 1202 1466 1237 σαφῶς·
1485 1213 1494 1228 ι
1508 1203 1565 1239 οὐχ
1579 1204 1758 1240 εὑρεθήσεται
1780 1206 1809 1232 ὲν
1824 1206 1866 1232 σοὶ

1072 1247 1275 1283 περικαθαίρων
1291 1247 1336 1275 τὸν
1354 1249 1411 1275 υἱὸν
1424 1249 1506 1277 αὑτοῦ
1526 1250 1542 1286 ἢ
1559 1251 1608 1287 τὴν
1628 1250 1765 1288 θυγατέρα
1780 1253 1864 1280 αὐτοῦ

1075 1294 1104 1320 ἐν
1118 1293 1194 1329 πυρί.
1209 1303 1217 1319 ι

1109 1340 1193 1367 ΚΥΡ.
1218 1340 1260 1372 Ὡς
1276 1338 1306 1367 εὖ
1317 1349 1348 1375 γε
1368 1342 1435 1376 ἡμῖν
1451 1343 1466 1369 ὁ
1484 1342 1565 1378 νόμος
1578 1344 1750 1380 προσεφώνει
1770 1349 1860 1379 ταυτὶ,

1071 1387 1118 1413 καὶ
1142 1387 1267 1423 ἀπέφησε
1294 1388 1325 1415 τὸ
1339 1389 1425 1425 δρᾷνι
1444 1389 1620 1427 Εῑκαιύτητος
1644 1393 1699 1429 γὰρ
1728 1392 1806 1430 οἶμαι
1833 1396 1864 1423 τὸ

1070 1433 1162 1468 χρῆμα
1190 1434 1297 1469 μεστὸν,
1325 1435 1371 1462 καὶ
1390 1435 1520 1472 λογισμοῦ
1544 1437 1699 1474 τητώμενον
1720 1441 1767 1467 τοῦ
1797 1451 1863 1469 παν-

1069 1477 1181 1512 αρίστου
1197 1480 1244 1505 καὶ
1268 1479 1350 1514 σοφοῦ
1361 1488 1367 1496 ’
1382 1480 1472 1516 ὀνήσει
1484 1482 1536 1518 γὰρ
1550 1483 1620 1510 κατὰ
1637 1484 1698 1511 τίνα
1711 1485 1742 1522 δὴ
1762 1488 1863 1521 τρόπον

1071 1523 1087 1558 ή
1105 1523 1190 1557 πυρὸς
1203 1524 1278 1559 ἡμᾶς
1292 1525 1389 1559 φύσις;
1404 1527 1451 1553 καὶ
1463 1528 1541 1563 δᾷδες
1568 1530 1597 1556 ἐν
1612 1530 1705 1567 κύκλῳ
1719 1534 1862 1568 περιθέου-

1071 1576 1115 1595 σαι
1129 1568 1187 1601 πῶς
1201 1569 1234 1596 ἂν
1251 1570 1383 1603 ὲξέλοιντο
1409 1573 1454 1599 τὸν
1472 1574 1670 1611 ἡμαρτηκότα;
1690 1578 1800 1606 Χαλκοῦ
1813 1581 1863 1615 μὲν

1031 1600 1054 1629 c
1073 1615 1128 1652 γὰρ
1156 1616 1240 1651 ἤγουν
1271 1600 1371 1654 ἑτέρας
1399 1600 1724 1659 τοιαύτηςιτινδςψῠλης,

1071 1661 1116 1688 τὸν
1133 1662 1219 1697 ῥύπον
1244 1663 1259 1699 ἡ
1280 1664 1364 1700 πυρδς
1388 1665 1465 1701 βολή.
1488 1667 1544 1694 Νοῦ
1564 1667 1592 1695 δὲ
1615 1670 1662 1696 καὶ
1680 1671 1768 1706 ψυχῆς
1785 1661 1863 1708 pesti-

1068 1707 1159 1741 λωσιν,
1168 1709 1229 1736 τίνα
1243 1710 1343 1745 τρόπον
1356 1711 1464 1746 ἀφανιεί
1473 1721 1479 1745 ;
1489 1711 1523 1739 *Α
1530 1715 1553 1749 ρ’
1564 1712 1620 1748 οὖν,
1629 1717 1659 1743 οὐ
1669 1717 1787 1750 γέλωτος
1807 1707 1856 1755 ήδη

1067 1754 1156 1786 ταυτὶ,
1173 1755 1221 1782 καὶ
1238 1755 1385 1791 φληνάφων
1401 1758 1510 1786 ιννοιῶν
1520 1760 1659 1796 εὗρέματα
1673 1771 1680 1794 ;

1102 1802 1205 1829 HAAA.
1228 1803 1389 1830 Παντάπασι
1404 1805 1453 1840 μὲν
1465 1804 1521 1834 οὖν.

1102 1847 1195 1874 ΚΥΡ.ὶ
1205 1848 1290 1883 Φαίην
1305 1849 1327 1876 δ’
1343 1849 1376 1877 ἂν
1391 1850 1430 1882 ὡς
1444 1851 1542 1887 ἥδιστα
1553 1854 1610 1885 τοῖς
1630 1854 1765 1890 Ἐλλήνων
1780 1857 1859 1892 λογά-

1067 1901 1118 1925 σιν,
1136 1893 1161 1920 οἳ
1181 1893 1235 1921 τῶν
1249 1895 1376 1922 τοιούτων
1394 1896 1516 1933 αἰσχρῶν
1532 1899 1758 1935 ἐπιτηδευμάτων
1775 1904 1857 1939 εὑρε-

1065 1940 1110 1967 ταὶ
1123 1941 1262 1975 γεγόνασι,
1279 1943 1326 1970 καὶ
1345 1944 1400 1976 τοῖς
1422 1943 1513 1976 ἄλλοις
1530 1946 1676 1982 εἰσηγηταί
1687 1956 1694 1963 ·
1709 1949 1741 1975 Τι
1754 1950 1787 1985 δὴ
1799 1950 1855 1986 ἄρα

1065 1985 1191 2020 δρῶντες,
1205 1984 1227 2013 ὧ
1237 1989 1354 2021 γενναῖοι
1374 1989 1422 2016 καὶ
1440 1990 1527 2025 σοφοὶ,
1544 1991 1590 2018 τὸν
1609 1992 1657 2028 μὲν
1672 1993 1769 2022 Τιτυὸν
1781 1984 1856 2023 έκεῖ-

1065 2040 1119 2064 νον,
1132 2032 1162 2059 ὃν
1176 2033 1290 2068 ἐκφῦναι
1302 2034 1395 2069 λέγετε
1406 2036 1468 2071 γῆς,
1480 2038 1519 2069 εἰς
1533 2037 1597 2073 ᾆδου
1611 2039 1751 2073 κολάζετε,
1766 2044 1856 2076 γῦπας

1065 2079 1139 2114 αὐτῷ
1156 2081 1344 2116 περιιστάντες
1373 2082 1427 2109 τῶν
1450 2084 1561 2119 ἠπάτων
1588 2085 1763 2121 δαιτυμόνας.
1780 2089 1855 2124 ὤραν

1063 2124 1103 2151 ὅτι
1118 2125 1229 2159 γυναίου
1247 2127 1430 2163 τεθαυμακὼς
1441 2130 1605 2167 ὴῤῥώστησε
1620 2133 1670 2168 τὴν
1686 2134 1853 2171 ὲπιθυμίαν;

1063 2171 1193 2207 Ταντάλῳ
1218 2172 1246 2199 δὲ
1269 2173 1342 2200 λίθον
1364 2175 1534 2211 ἐπηρτῆσθαί
1562 2186 1641 2212 φατε,
1659 2181 1707 2206 καὶ
1726 2181 1852 2219 γλώττης

1062 2217 1143 2243 αὑτὸν
1164 2217 1313 2245 ἀκολάστου
1340 2220 1552 2256 εἰσπράττεσθαι
1576 2222 1654 2255 δίκας
1677 2217 1853 2260 μυθολογείτε

1062 2264 1118 2295 τοῖς
1131 2263 1201 2296 νέοις
1213 2273 1220 2297 ;
1234 2264 1334 2292 κύκλου
1350 2266 1378 2292 δὲ
1397 2269 1517 2303 μακραῖς
1533 2269 1581 2296 καὶ
1597 2270 1763 2307 ἀεικινήτοις
1777 2282 1853 2309 περι-ο

1064 2311 1203 2346 στροφαῖς,
1221 2311 1268 2338 τὸν
1290 2312 1386 2345 Ἰξίονα
1406 2313 1617 2349 καταδήσαντες,
1631 2318 1726 2354 ποινήν
1737 2320 1852 2356 ἀνατλῆ-

1063 2365 1105 2383 ναι
1121 2357 1168 2383 ἐπὶ
1197 2357 1266 2393 τῷδέ
1285 2366 1363 2392 φατε,
1376 2360 1432 2391 τοῖς
1449 2359 1478 2393 ἐξ
1493 2360 1602 2398 ἀπάτης
1621 2363 1699 2398 ύμῶν
1726 2366 1777 2392 οὐκ
1795 2368 1849 2394 ὰπ-

1062 2402 1180 2438 ᾴδουσαν
1203 2403 1283 2436 θεοῖς,
1302 2405 1372 2438 σφᾶς
1394 2405 1423 2432 δὲ
1438 2406 1536 2439 αὐτοὺς
1560 2408 1607 2435 καὶ
1633 2401 1745 2446 ἑτέρους
1765 2413 1852 2439 καίτοι

1063 2449 1159 2481 δεινοῖς
1178 2450 1226 2476 καὶ
1242 2451 1444 2484 ὲκτοπωτάτοις
1453 2453 1597 2487 ὲναλόντας
1610 2457 1715 2489 κακοῖς,
1725 2459 1793 2493 πυρὶ
1805 2460 1850 2484 καὶ

1061 2494 1166 2526 θαλλοῖς
1192 2495 1390 2529 ἀπαλλάττετε,
1404 2497 1529 2535 καθάπερ
1544 2500 1633 2527 οἴεσθέ
1650 2510 1711 2536 που,
1727 2503 1774 2529 καὶ
1795 2504 1849 2529 τῶν

1060 2539 1243 2576 ἐγκλημάτων
1259 2542 1402 2578 χαρίζεσθε
1419 2544 1470 2580 τὴν
1487 2545 1625 2582 ἀπόνιψιν,
1649 2548 1695 2575 καί
1718 2557 1760 2575 τοι
1779 2549 1849 2584 ἄγαν

1058 2586 1304 2622 κατεγνωσμένοις.
1319 2588 1408 2624 Τιτυῷ
1417 2589 1455 2624 δὲ,
1469 2590 1530 2618 εἰπέ
1544 2600 1599 2626 μοι,
1615 2593 1662 2620 καὶ
1677 2595 1733 2624 τοῖς
1746 2594 1848 2630 ἀρτίως

1056 2631 1270 2668 ὼνομασμένοις,
1283 2633 1313 2659 τὸ
1326 2634 1354 2660 ὲν
1369 2635 1456 2671 ἐνδείᾳ
1467 2637 1537 2672 τάχα
1547 2647 1597 2665 που
1610 2639 1736 2673 γενέσθαι
1750 2642 1846 2677 πυρὸς,

1057 2677 1179 2714 σκληρὰν
1205 2679 1253 2705 καὶ
1273 2679 1440 2716 άδιεξίτητον
1460 2683 1568 2710 ἐπίθετε
1587 2684 1683 2722 dixi-iv;
1706 2687 1762 2714 Καὶ
1792 2687 1846 2724 μὴν

1055 2723 1069 2750 ὅ
1083 2732 1115 2758 γε
1135 2725 1196 2752 καθ’
1208 2726 1280 2761 ὑμᾶς
1292 2726 1488 2761 κλεπτίστατος
1508 2730 1555 2757 καὶ
1581 2732 1667 2767 πυρὸς
1689 2723 1845 2768 ἀνθρώποις

1055 2771 1242 2807 διακομιστὴς,
1261 2772 1307 2800 τὸν
1326 2773 1472 2809 Προμηθέα
1499 2775 1581 2810 λέγω,
1599 2778 1625 2804 εἴ
1637 2778 1680 2810 τις
1703 2787 1756 2815 περ
1775 2780 1844 2811 ὅλως

1058 2817 1183 2850 κάκεῖνος
1195 2816 1240 2854 ἦν,
1256 2818 1305 2856 τὴν
1319 2820 1404 2856 πυρὸς
1420 2821 1545 2849 ἐπλούτει
1561 2823 1667 2860 χρῆσιν,
1683 2826 1730 2852 καὶ
1745 2825 1799 2862 πρό
1811 2835 1843 2861 γε
