1934 3042
45 174 104 202 645

444 175 487 202 DE
506 174 728 203 ADORATIONE
746 174 779 201 IN
801 174 857 202 SPI.‘

914 175 934 202 U
956 175 1000 202 ΕΤ
1022 175 1203 202 νειυΤΑΤε.
1225 177 1288 204 LIB.
1312 178 1355 211 Ἡ.

1660 179 1715 207 ιιισ
1725 170 1727 172 ’

45 235 106 261 ⁸τῶν
121 234 234 263 ἄλλων
249 244 255 252 ·
273 236 423 272 ἀρρήκτοις
445 235 473 262 δὲ
489 235 536 262 καὶ
551 234 633 262 αὑτὸν
645 233 800 271 ὲνειλῆφθαι
825 234 854 261 δε

920 232 1040 267 adeptus
1059 236 1116 265 est;
1132 237 1162 261 et
1183 235 1295 269 quidem
1313 240 1378 264 ante
1396 236 1466 264 alios
1490 246 1496 264 :
1512 241 1604 266 tamen
1625 239 1715 274 ipsum

46 283 135 316 σμοῖς
148 282 179 308 οἱ
198 284 274 319 παρ’
290 283 354 319 ὑμῖν
368 283 460 319 ᾄδουσι
474 282 562 318 μῦθοι·
574 283 622 309 καὶ
637 282 690 318 μὴν
702 281 747 308 καὶ
755 280 871 317 γαμψώ-

47 337 143 363 νυχας
156 330 323 366 ὲπιπτῆναι
337 330 478 365 αἰγυπιοίις
498 328 618 363 λέγουσι,
632 329 758 364 καθάπερ
772 329 869 364 ἀμέλει

46 375 100 400 καὶ
116 375 241 412 Τιτυῷ,
257 376 361 408 δεινοὺς
379 376 425 403 καὶ
439 376 552 411 ἀγρίους
565 376 628 408 τοὺς
648 376 790 407 κολαστάς.
805 375 869 402 Δότε

46 420 94 456 δὴ,
125 420 197 448 δότε
225 422 280 458 τὴν
304 421 349 448 διὰ
368 421 454 457 πυρὸς
472 422 615 458 κάθαρσιν,
638 422 699 457 οὐχὶ
721 421 753 456 δὴ
779 420 870 455 μόνοις

47 467 193 499 ἐκείνοις,
211 468 276 495 ἀλλ’
293 469 318 495 εἰ
334 468 380 495 καί
396 477 470 501 τινες
489 469 566 505 ὑμῶν
585 469 602 506 ἢ
625 467 791 503 θυγατράσιν
808 466 868 493 ὲτέ-

50 521 123 548 ρων,
141 512 161 548 ἢ
188 514 323 548 γυναιξὶν
343 514 540 549 ἑπιμαίνοιντο,
556 515 675 550 δρῶντες
690 513 709 541 ἃ
723 513 760 548 μὴ
776 512 866 548 θέμις,

48 559 99 586 καὶ
115 557 202 586 οὗτοι
222 561 294 596 πυρὶ
307 561 357 595 τῆς
371 561 460 593 αἰτίας
473 561 688 596 ἀπηλλαγμένοι,
708 559 867 594 συνδιαφευ-

49 606 164 640 γόντων
183 608 252 639 τοῖς
266 607 419 643 πταίσμασι
429 607 480 639 τὰς
491 607 615 642 γραφάς·
630 606 688 634 ἀλλ’
704 606 747 641 ἐφ’
763 605 868 641 ἑτέροις

51 653 104 688 μὲν
123 653 220 686 εὐθὺς
237 654 400 690 δικαστήρια
415 654 462 681 καὶ
474 653 589 689 γραφαὶ,
607 653 654 679 καὶ
670 653 687 688 ἡ
707 652 762 679 τῶν
777 652 867 687 νόμων

52 699 216 727 σαλεύεται
237 700 433 736 μισοπονηρία,
449 700 564 731 ἑαυτοὺς
575 699 603 726 δὲ
621 698 670 734 τὴν
697 698 866 734 πάναισχρον

50 747 103 774 καὶ
123 747 249 784 δυσώδη
261 748 333 784 ζωὴν
350 747 514 783 άδιακρίτως
527 747 746 782 ἐπιτηδεύοντας,
765 747 866 780 παντὸς

50 793 259 821 ἀπαλλάττειν
275 794 363 821 οἴεσθε
394 793 544 829 μολυσμοῦ,
559 794 674 830 ψυχροῖς
690 793 738 820 καὶ
770 802 865 829 μειρα-

52 840 191 867 κιώδεσιν
209 840 370 876 ἀθύρμασιν
380 840 592 877 ἐξηπατημένοι,
607 841 654 867 καὶ
669 839 808 876 ὑπηρέτας
825 840 865 871 είς

51 885 136 913 τοῦτο
156 886 356 923 λαμϐάνοντες
368 887 430 919 τοὺς
445 887 487 914 ὅτι
506 887 624 922 μάλιστα
638 886 691 913 τῶν
707 886 796 914 ἄλλων
813 894 865 921 μυ-

54 933 268 969 σαρωτάτους·
281 933 306 960 οἳ
329 933 377 961 καὶ
395 932 463 969 ὁμοῦ
484 932 523 968 τῷ
551 933 681 968 σχήματι,
705 932 750 959 τὸν
773 931 863 967 ἀνδρο-
881 945 903 973 Β

53 979 153 1015 πρεπῆ
172 979 312 1014 μεθέντες
323 979 412 1014 λόγον,
430 977 659 1010 καταὸιϐάζονται
678 977 747 1014 πρὸς
757 977 792 1004 τὰ
812 986 863 1012 γυ-

55 1024 163 1052 ναικῶν
180 1024 241 1061 ἤθη
256 1033 285 1051 τε
300 1025 347 1052 καὶ
358 1025 475 1060 τρόπους
490 1023 605 1059 σώματά
619 1031 649 1050 τε
667 1024 715 1050 καὶ
738 1022 861 1059 γνώμας.
896 1056 900 1059 _

55 1069 125 1098 Εἶτα
143 1071 213 1097 τίνα
232 1071 333 1107 τρόπον
354 1072 368 1097 ὁ
389 1070 508 1102 τοιοῦτος
530 1070 675 1105 ἀφαγνιεῖς
696 1069 862 1105 διακείμενοι

57 1117 113 1153 γὰρ
126 1117 192 1148 ὡδὶ,
208 1117 314 1143 τοιόνδε
327 1126 353 1143 τι
367 1117 492 1151 δράσετε,
506 1116 545 1149 ὡς
571 1117 596 1143 εί
612 1116 659 1143 καὶ
678 1115 710 1143 τὸ
724 1116 806 1150 τυχόν
820 1124 863 1147 τις

57 1163 149 1190 ἐδόκει
167 1162 412 1199 καταμυρίζεσθαι
432 1162 492 1199 μὲν,
510 1162 633 1198 βορϐόρῳ
646 1162 674 1189 δέ
688 1171 727 1197 τῳ
742 1162 862 1197 ἀκοσμο-

59 1209 134 1244 τάτῳ
163 1209 435 1245 κατακεχρισμένος,
466 1206 525 1236 εἶτα
548 1207 698 1246 κατορθοῐξν
717 1207 798 1235 οἴοιτο
815 1208 862 1235 καὶ

59 1254 167 1290 σφόδρα
188 1254 285 1286 καλῶς
299 1253 329 1281 τό
343 1262 374 1289 γε
384 1255 423 1286 είς
431 1253 494 1281 νοῦν
511 1250 578 1290 ἧκον
590 1247 688 1289 αὐτῷ.Δ

95 1381 207 1408 ΠΔΔΛ.
231 1377 270 1408 Εὖ
291 1379 395 1414 λέγεις’
419 1380 466 1406 καὶ
499 1379 688 1414 συναινέσαιμι
708 1378 742 1405 ἂν
771 1378 860 1414 ἀληθῆ

61 1429 169 1463 λέγοντί
183 1436 238 1455 σοι.

95 1475 183 1502 ΚΥΡ.
203 1474 261 1501 Καὶ
275 1473 394 1509 παρίημι
415 1473 464 1508 μὲν
481 1472 530 1508 τὴν
551 1471 580 1498 ἐν
592 1479 624 1506 γε
638 1470 725 1506 τούτῳ
743 1470 858 1506 μωρίαν,

63 1522 108 1548 καὶ
129 1522 241 1557 σιγήσω
262 1521 330 1552 τέως
348 1520 412 1551 τοὺς
430 1520 479 1554 τῆς
499 1518 660 1554 καθάρσεως
692 1518 858 1552 ὑπουργοὺς,

63 1568 105 1594 ἐπ’
123 1567 193 1594 αὐτὸ
221 1566 251 1593 δὲ
275 1564 331 1600 εϊμι
354 1565 385 1591 τὸ
400 1565 494 1600 χρῆμα
508 1563 590 1590 πάλιν
601 1571 607 1578 ·
621 1562 669 1589 καὶ
686 1563 717 1597 δὴ
731 1562 779 1589 καὶ
793 1560 858 1596 ὲρῶ,

921 286 1031 313 quoque
1048 278 1165 306 vinculis
1192 280 1261 307 adeo
1281 281 1367 310 firmis
1384 286 1414 310 ut
1426 274 1516 319 r‘umpi
1529 291 1585 311 non
1597 286 1714 320 possint,

921 324 1051 351 innexum
1075 332 1146 357 esse,
1162 330 1261 354 vestrm
1282 327 1381 355 fabulae
1399 334 1502 357 canunt
1516 339 1522 357 :
1535 331 1604 365 quin
1631 332 1714 360 etiam

922 370 1002 398 uncis
1026 371 1165 406 unguibus
1188 372 1313 400 Vultures
1341 375 1483 404 advolasse
1509 377 1621 410 dicunt,
1643 379 1714 408 sicut

921 415 1001 451 Tityo
1017 424 1137 451 quoque,
1151 417 1279 445 videlicet
1292 423 1378 447 tetros
1397 425 1425 448 et
1443 421 1577 450 immanes
1597 423 1713 453 ultores.

919 461 986 489 Date
1000 462 1095 497 igitur,
1108 463 1181 496 date,
1194 468 1225 491 ut
1237 464 1413 501 ignipurgari
1427 469 1534 502 possint
1547 477 1602 496 non
1615 470 1654 498 illi
1668 479 1713 498 so-

918 507 986 541 lum,
1007 507 1055 536 sed
1069 509 1091 536 si
1106 510 1154 544 qui
1177 515 1298 538 vestrum
1315 516 1362 539 aut
1383 512 1411 539 in
1431 513 1550 541 aliorum
1570 515 1713 543 hominum

918 553 988 582 filias
1000 559 1047 582 aut
1058 564 1158 584 uxores
1171 557 1348 591 insanierint,
1362 567 1448 594 eaque
1473 561 1635 589 admiserint
1652 571 1713 598 quae

916 598 958 626 fas
972 607 1027 627 non
1039 605 1096 634 est;
1117 602 1200 629 liceat
1220 603 1255 630 iis
1279 611 1390 638 quoque
1410 612 1460 640 per
1477 606 1567 641 ignem
1591 615 1606 635 a
1632 609 1712 644 culpa

916 643 1053 678 liberatis,
1075 654 1129 673 non
1141 647 1230 674 solum
1246 656 1261 675 a
1273 649 1403 684 turpibus
1415 650 1503 683 factis,
1516 660 1612 679 verum
1629 650 1712 680 etiam

917 697 932 717 a
952 690 1109 720 forensibus
1127 693 1241 728 judiciis
1258 702 1409 731 emergere.
1439 696 1575 725 Caeterum
1603 698 1630 725 in
1651 699 1713 727 aliis

916 735 990 764 illico
1009 737 1113 772 judicia
1129 743 1158 767 et
1179 742 1387 774 accusationes,
1412 746 1440 770 et
1463 743 1554 779 legum
1578 745 1712 773 severitas

916 781 1016 810 vindex
1039 785 1168 819 nequitia:
1195 785 1307 814 incitata
1334 786 1422 814 fertur
1446 793 1474 815 et
1489 789 1634 822 vibratur;
1662 797 1711 817 vos

915 828 988 862 ipsos
1005 832 1107 862 autem,
1121 831 1245 865 quamvis
1259 832 1444 867 turpissimam
1455 842 1486 861 ac
1500 835 1618 869 pessime
1631 835 1709 862 olen—

915 877 970 900 tem
983 874 1066 901 vitam
1084 877 1247 910 sequamini,
1275 881 1365 905 tamen
1383 878 1490 914 frigidis
1508 889 1540 908 ac
1557 881 1712 916 puerilibus

916 919 1031 948 ludicris
1043 921 1162 957 decepti,
1182 930 1292 951 omnem
1314 924 1403 953 labem
1420 927 1524 961 putatis
1540 927 1709 963 abstergere,

916 971 944 994 et
953 967 1131 996 administros
1141 969 1175 996 ad
1184 977 1243 997 eam
1256 979 1313 998 rem
1322 972 1440 1005 sumitis,
1454 973 1710 1002 hominesomnium

917 1014 1146 1048 scelestissimos;
1173 1016 1220 1051 qui
1243 1016 1323 1044 simul
1348 1025 1410 1045 cum
1433 1019 1529 1046 habitu
1554 1027 1710 1048 sermonem

916 1066 1025 1094 quoque
1038 1060 1145 1088 virilem
1156 1061 1327 1097 abjicientes,
1340 1063 1374 1090 ad
1387 1064 1532 1092 mulierum
1546 1065 1662 1094 affectus
1674 1075 1706 1095 ac

915 1112 1016 1139 mores,
1033 1114 1148 1142 corpora
1176 1116 1327 1144 sensusque
1348 1110 1493 1146 dejiciunt.
1515 1111 1575 1144 Quo
1599 1114 1709 1141 tandem

915 1151 1007 1184 modo,
1027 1153 1073 1187 qui
1089 1153 1225 1188 ejusmodi
1238 1158 1290 1187 est,
1313 1156 1419 1182 scelera
1431 1156 1572 1191 expiabit?
1584 1157 1624 1186 sic
1634 1159 1709 1186 enim

915 1197 1017 1230 affecti,
1032 1198 1121 1226 simile
1133 1199 1263 1234 quiddam
1279 1200 1395 1233 facietis,
1409 1209 1440 1228 ac
1453 1201 1476 1229 si
1500 1201 1574 1236 quis,
1594 1210 1657 1230 cum
1679 1211 1709 1232 se

915 1244 982 1271 velit
994 1246 1142 1280 unguentis
1153 1246 1332 1280 perfundere,
1346 1255 1425 1274 emno
1442 1247 1618 1276 fmtidissima
1637 1249 1708 1277 obli—

916 1293 969 1321 tus,
994 1289 1140 1324 perfecisse
1158 1298 1186 1318 se
1205 1295 1297 1326 putet,
1314 1297 1341 1318 et
1362 1291 1473 1326 quidem
1499 1293 1613 1327 optime,
1634 1294 1708 1329 quod

915 1335 1056 1370 cogitarat.

950 1381 1047 1408 PALL.
1061 1382 1146 1410 Recte
1163 1382 1221 1410 ais:
1235 1391 1298 1410 nam
1312 1383 1361 1411 tibi
1378 1384 1506 1419 equidem
1519 1393 1583 1413 vera
1602 1386 1707 1414 dicenti

915 1427 1061 1454 assentior.

949 1472 1026 1500 CYR.
1043 1473 1120 1500 Mitto
1139 1473 1222 1509 igitur
1234 1473 1334 1501 horum
1349 1474 1377 1502 in
1395 1474 1446 1501 hac
1461 1483 1490 1502 re
1514 1475 1662 1509 insaniam,
1677 1484 1709 1506 ac

915 1521 992 1546 taceo
1015 1518 1126 1546 interim
1148 1519 1181 1546 de
1203 1520 1259 1547 illis
1272 1520 1443 1556 purgationis
1467 1521 1638 1550 administris
1653 1544 1659 1555 ,
1680 1527 1709 1551 et

914 1564 999 1591 redeo
1016 1573 1112 1592 rursus
1126 1565 1159 1593 ad
1173 1573 1230 1593 rem
1243 1566 1411 1601 propositam
1426 1575 1432 1593 :
1450 1571 1532 1602 atque
1545 1567 1612 1595 illud
1625 1568 1708 1597 etiam

64 1614 100 1645 ὡς
116 1613 276 1640 ἀνούστατὰ
295 1621 324 1639 τε
344 1612 391 1639 καὶ
417 1610 593 1646 ἀμαθέστατα
611 1608 686 1645 βιοῦν
703 1607 857 1644 ἑλομένους,

914 1609 987 1642 dico,
1008 1610 1178 1646 deprehendi
1203 1612 1284 1639 facile
1312 1620 1392 1647 posse
1423 1612 1561 1641 idolorum
1589 1615 1708 1644 cultores

65 1657 300 1694 καταφωράσαιτὸ
316 1666 360 1689 τις
385 1657 417 1684 ἂν
431 1657 494 1688 τοὺς
505 1655 559 1682 τῶν
574 1654 721 1690 δαιμονίων
738 1662 857 1689 προσκυ-

914 1663 1018 1683 summa
1032 1664 1094 1683 cum
1106 1656 1213 1684 inscitia
1227 1661 1309 1692 atque
1322 1658 1438 1686 stultitia
1447 1659 1531 1686 vitam
1544 1660 1707 1694 instituisse,

66 1704 158 1740 νητάς,
173 1703 224 1730 καὶ
244 1703 312 1739 μήτε
335 1701 381 1728 τὸν
393 1700 440 1728 τοῦ
452 1700 640 1736 ὲκσμήξασθαι
660 1699 787 1731 νοοῦντας
799 1699 857 1735 τρό‹

914 1702 1226 1736 acnequeeluendorum
1233 1703 1380 1730 criminum
1387 1704 1521 1731 rationem
1530 1705 1707 1738 intellexisse,

65 1759 125 1783 πον,
153 1751 225 1786 μήτε
255 1749 307 1785 μὴν
331 1747 530 1783 ὴκριὸωκότας,
560 1747 575 1773 ὃ
588 1745 695 1774 τίποτέ
715 1746 774 1772 ἐστι
789 1745 861 1772 κατά

67 1796 195 1832 ἀλήθειαν
213 1795 354 1831 μολυσμὸς
369 1794 416 1821 καὶ
441 1793 607 1829 βεϐήλωσις·
624 1792 742 1828 μοιχεταί
759 1800 790 1818 τε
806 1791 860 1827 γὰρ

67 1843 112 1869 καὶ
136 1843 171 1869 τὰ
191 1842 233 1869 ἔτι
257 1841 360 1868 τούτων
378 1838 536 1875 ἀγριώτερα
558 1838 644 1874 πάθη,
668 1837 859 1874 ἀρῤενομιξίαι

69 1888 112 1915 καὶ
125 1889 213 1923 φόνοι,
226 1886 389 1915 καταλαλιαὶ
402 1886 449 1913 καὶ
464 1885 568 1920 φθόνοι,
590 1884 799 1919 ψευδομαντεῖαι
813 1884 859 1910 καὶ

68 1934 143 1966 δόλοι,
156 1935 252 1970 ἀπάτη
264 1934 312 1960 καὶ
325 1932 484 1968 ψευδορκία,
500 1931 608 1967 κηλίδες
626 1931 658 1958 ἂν
675 1928 729 1957 εἷεν
747 1930 794 1957 καὶ
811 1938 860 1964 μο-

64 1980 164 2016 ’λυσμοὶ
177 1980 269 2016 ψυχὴν
284 1980 331 2007 καὶ¹
347 1979 428 2014 σῶμα
453 1978 693 2014 καταμιαίνουσαι,
719 1976 766 2004 καὶ
795 1976 860 2003 δυσ-

70 2024 217 2054 απόνιπτον
247 2027 358 2062 ἔχουσαι
372 2024 560 2061 τὴνμὲκὸολήν.
596 2023 678 2051 Ἀλλά
709 2023 789 2051 ταυτὶ
809 2023 859 2059 μὲν

71 2074 128 2101 οὗτε
147 2074 214 2109 πῦρ,
238 2073 294 2100 οὔτ’
310 2073 342 2100 ἂν
358 2073 460 2100 ὑδάτων
477 2071 564 2107 πηγαὶ
578 2071 768 2106 διασμήξειαν.
785 2071 859 2106 Παρ-

71 2120 141 2152 ἑντες
166 2121 206 2153 δὲ,
226 2119 302 2156 οἶμαι
315 2128 376 2150 που,
393 2119 440 2145 καὶ
459 2118 490 2144 τὺ
511 2117 610 2144 εἰδέναι
638 2117 728 2152 μόνον,
737 2117 781 2147 ,ὅτι
794 2124 858 2143 σπι·

70 2166 142 2193 λοῦσι
156 2167 256 2203 ψυχὴν,
281 2166 327 2192 καὶ
350 2164 482 2196 δυσωδίας
499 2164 610 2199 ἕμπλεω
629 2162 791 2190 ἀποτελοῦσι
812 2162 857 2189 τὸν

72 2213 140 2245 νοῦν,
154 2213 262 2251 νεκρῶν
273 2212 442 2247 ἀποφοιτῶσι
458 2211 604 2246 σωμάτων,
618 2210 665 2237 καὶ
684 2210 858 2246 καταμυσάτ-

73 2267 158 2285 τονται
176 2259 207 2286 τὸ
230 2257 465 2292 κατεφθαρμένον,
485 2256 549 2287 τοὺς
566 2256 615 2291 τῆς
636 2255 742 2290 φύσεως
755 2255 856 2290 ἀτιμά-

912 1747 993 1782 196
1008 1755 1098 1782 neque
1110 1747 1268 1783 explorasse
1280 1748 1412 1783 quidnam
1430 1750 1465 1776 sit
1483 1758 1580 1778 revera
1593 1751 1668 1778 labes
1680 1755 1708 1778 et

910 1792 1070 1828 impuritas:
1095 1793 1231 1821 adulteria
1254 1802 1382 1829 namque,
1396 1798 1424 1822 et
1444 1795 1512 1823 vitia
1531 1796 1574 1823 his
1597 1804 1707 1832 quoque

910 1839 1089 1866 immaniora:
1107 1839 1292 1867 masculorum
1313 1840 1478 1868 concubitus
1498 1849 1529 1868 ac
1543 1841 1642 1873 caades,
1657 1842 1707 1870 de-

911 1885 1059 1912 tractiones
1076 1890 1104 1913 et
1117 1886 1237 1918 invidias,
1251 1886 1394 1914 mendacia
1416 1894 1448 1914 ac
1461 1886 1534 1919 doli,
1550 1887 1662 1915 fallaciae
1675 1896 1708 1916 ac

909 1931 1038 1966 periuria,
1049 1931 1160 1959 macula:
1172 1937 1236 1959 sunt
1245 1936 1273 1959 et
1284 1932 1501 1968 inquinamenta,
1512 1941 1573 1968 qua:
1587 1934 1706 1961 animam

909 1980 1049 2011 etcorpus
1068 1977 1204 2010 inficiunt,
1225 1986 1256 2005 ac
1278 1978 1387 2006 difficile
1411 1979 1486 2006 ablui
1510 1984 1593 2015 atque
1623 1979 1705 2015 abjici

909 2026 1033 2057 possunt.
1044 2022 1097 2050 Sed
1109 2024 1167 2051 hzec
1180 2032 1269 2059 neque
1279 2025 1360 2060 ignis,
1369 2033 1459 2060 neque
1472 2034 1605 2061 aquarum
1618 2027 1707 2055 fontes

908 2068 1099 2096 absterserint.
1113 2070 1218 2105 Itaque,
1233 2078 1296 2098 cum
1320 2079 1355 2099 ne
1377 2072 1448 2100 scire
1466 2073 1578 2108 quidem
1597 2077 1705 2106 curent,

908 2115 966 2143 hmc
978 2116 1100 2143 animum
1120 2117 1280 2152 inquinare,
1297 2123 1325 2145 et
1347 2119 1433 2146 odore
1454 2120 1573 2154 pessimo
1597 2121 1705 2155 replere

907 2165 1039 2194 mentem,
1052 2163 1193 2198 refugiunt
1208 2171 1223 2191 a
1237 2164 1429 2198 cadaveribus,
1452 2169 1479 2193 et
1500 2170 1630 2201 corrupta
1643 2174 1706 2193 cor-

907 2216 975 2244 pora
987 2214 1176 2237 exsecrantur.
1191 2210 1222 2237 in
1235 2218 1288 2245 quo
1301 2215 1405 2238 natura:
1423 2211 1498 2246 leges
1511 2216 1705 2244 contemnunt;

908 2255 1059 2290 quinetiam
1079 2257 1232 2289 esculenta,
1256 2265 1318 2292 quae
1338 2257 1486 2290 voluerint,
1509 2257 1660 2292 sapienter,
1675 2260 1705 2284 ut

74 2303 160 2336 ζοντες
172 2305 283 2340 νόμους.
301 2303 355 2330 Καὶ
372 2302 424 2338 μὴν
438 2302 485 2329 καὶ
505 2302 644 2337 ἐδωδίμων
653 2298 691 2328 ὧν
707 2302 739 2329 ἂν
753 2302 857 2328 ἕλοιντο

914 2300 961 2335 ipsi
974 2305 1081 2335 putant,
1095 2301 1268 2337 improbant:
1283 2310 1315 2329 ac
1327 2302 1349 2329 si
1362 2303 1433 2330 forte
1458 2303 1607 2338 contigerit
1620 2307 1649 2330 ut
1660 2303 1703 2330 vel

74 2350 139 2377 κατὰ
152 2351 223 2385 σφᾶς
243 2349 341 2381 αὐτοὺς
356 2348 474 2380 συνετῶς
488 2348 736 2384 καταγινώσκουσι,
759 2348 812 2376 κᾶν
832 2349 856 2375 εί

75 2397 189 2432 συμϐαίη
204 2397 296 2432 τυχὸν,
311 2397 358 2423 καὶ
378 2396 427 2431 οὐχ
443 2395 556 2428 ἑκόντας
578 2395 677 2431 Θίγειν,
696 2395 775 2428 εὐθὺς
789 2396 856 2423 ἀνα-

75 2441 240 2478 θρώσκοντες
253 2444 299 2470 ἐπὶ
311 2443 360 2478 τὴν
374 2443 418 2470 διὰ
441 2443 526 2479 πυρὸς
549 2442 566 2478 ἢ
588 2442 684 2474 ὕδατος
704 2442 789 2470 ἵενται
806 2443 857 2469 κά-

79 2489 177 2525 θαρσιν,
192 2490 230 2522 ὡς
241 2490 273 2517 ἂν
288 2490 313 2516 εἰ
331 2489 410 2525 μόνον
426 2490 588 2526 ἀπόσχοιντο
610 2489 723 2520 τούτων,
740 2488 813 2523 ἆγιοί
828 2498 857 2515 τε

78 2537 121 2562 x1".
133 2536 287 2573 εἰλικρινεῖς
303 2537 439 2572 ἐσόμενοι.
458 2537 609 2572 Ἥττηνται
626 2535 680 2570 γὰρ
692 2531 742 2562 ὧδε
755 2535 804 2575 τῆς
815 2535 857 2562 δό-

79 2581 136 2617 ξης,
155 2584 200 2611 καὶ
215 2583 378 2619 ὲξεστήκασι
395 2582 512 2620 φρενῶν,
528 2583 569 2617 ἐφ’
583 2579 624 2613 οἷς
643 2582 675 2609 ἂν
691 2581 797 2615 λέγοιτο
810 2581 858 2607 καὶ

79 2629 170 2665 σφόδρα
189 2630 315 2662 εἰκότως*
334 2639 342 2655 ι
357 2630 425 2657 Οὐαὶ
445 2630 520 2666 ὑμῖν,
541 2628 643 2665 ὲξήνιοί
663 2637 692 2655 τε
717 2627 764 2654 καὶ
786 2627 858 2663 ἀμα-

81 2672 139 2707 σὶεῖς,
149 2675 310 2708 διυλίζοντες
324 2675 370 2701 τὸν
385 2675 515 2707 κώνωπα,
532 2674 581 2710 τὴν
595 2673 624 2701 δὲ
640 2673 762 2709 κάμηλον
775 2681 858 2700 κατα-

81 2721 200 2754 πίνοντες.
216 2732 225 2748 ›
244 2722 332 2756 Λόγου
359 2721 414 2757 γὰρ
444 2721 582 2755 ἀξιοῦντες
595 2721 701 2752 οὐδενὸς
718 2721 748 2747 τό
764 2729 796 2754 γε
818 2719 856 2751 ὡς

83 2766 178 2802 ἀληθῶς
193 2767 392 2804 καταμολύνειν
415 2768 495 2801 εἰδὸς,
518 2768 741 2804 καταπεφρίκασι
763 2775 856 2802 περιτ-

83 2811 128 2844 τῶς
147 2814 178 2841 τὰ
192 2812 287 2846 ὲιρόἷς
311 2814 344 2842 ἄν
370 2824 412 2847 τις
432 2816 508 2843 οὐδὲν
531 2814 661 2850 ὑπομένει
690 2814 720 2841 τὸ
747 2813 854 2849 βλάϐος

116 2902 134 2918 ’³
145 2903 222 2933 Mulli.
237 2905 355 2939 Κλωπᾶ-ί.

907 2350 1009 2382 praeter
1020 2347 1190 2375 voluntatem
1209 2347 1356 2383 attingant,
1378 2348 1452 2375 illico
1468 2348 1611 2381 resiliunt,
1625 2353 1706 2384 atque

908 2394 942 2422 ad
955 2394 1025 2430 ignis
1035 2394 1078 2422 vel
1095 2401 1172 2429 aqua:
1183 2394 1375 2421 lustrationem
1395 2398 1562 2429 properant;
1578 2397 1706 2430 tanquam

907 2441 930 2469 si
948 2441 982 2468 ab
995 2441 1029 2468 iis
1041 2440 1173 2468 duntaxat
1194 2440 1388 2473 abstinuerint,
1405 2440 1491 2468 sancti
1511 2441 1565 2469 sint
1586 2449 1618 2468 ac
1641 2442 1704 2476 puri

908 2487 1010 2520 futuri;
1024 2487 1093 2514 adeo
1111 2487 1163 2514 hac
1184 2486 1314 2522 opinione
1326 2490 1391 2514 sunt
1407 2487 1543 2522 occupati,
1558 2491 1585 2515 et
1604 2489 1706 2515 mentis

909 2535 1027 2570 impotes
1048 2534 1128 2562 facti:
1143 2534 1170 2561 in
1183 2541 1252 2568 quos
1263 2533 1317 2561 diei
1330 2537 1430 2569 potest,
1443 2537 1471 2560 et
1489 2533 1600 2568 quidem
1618 2534 1705 2568 aptis-

908 2581 976 2608 sime
988 2589 993 2607 :
1007 2590 1015 2606 ι
1026 2581 1072 2608 Vas
1084 2580 1172 2613 vobis,
1186 2579 1312 2608 eiIrenati
1325 2588 1356 2607 ac
1367 2579 1455 2612 stulti,
1468 2580 1624 2607 excolantes
1636 2579 1704 2606 culi-

908 2635 978 2659 cem,
992 2630 1020 2654 et
1031 2626 1179 2663 glutientcs
1191 2625 1327 2654 camelum
1339 2625 1371 2652 ¹³.
1388 2635 1397 2651 ι
1413 2625 1486 2653 Nihil
1498 2625 1571 2652 enim
1584 2625 1618 2652 de
1631 2633 1662 2652 ea
1675 2633 1703 2652 re

907 2673 1033 2700 laborant
1044 2680 1105 2708 qua:
1117 2680 1181 2700 vere
1207 2672 1354 2707 inquinare
1366 2671 1525 2704 consuevit;
1540 2678 1571 2697 ea
1583 2670 1703 2698 inaniter

909 2720 1034 2751 horrent,
1055 2727 1071 2746 a
1093 2719 1194 2754 quibus
1211 2719 1287 2746 nullo
1307 2717 1443 2754 quispiam
1463 2717 1580 2745 afﬁcitur
1596 2717 1703 2744 incom-

911 2766 1001 2793 modo.
1016 2765 1125 2800 Itaque,
1140 2765 1161 2793 si
1176 2766 1238 2800 quis
1249 2771 1346 2793 eorum
1365 2763 1398 2790 ad
1417 2766 1625 2790 monumentum
1637 2769 1701 2797 per-

913 2812 1026 2846 rexerit,
1041 2816 1068 2840 cl
1087 2815 1258 2840 mortuorum
1271 2810 1412 2838 hominum
1425 2810 1550 2845 sepulcra
1561 2807 1644 2835 fuerit
1657 2807 1701 2834 in-
