1934 3042
254 138 305 167 ιιι-ι

753 135 780 163 S.
797 135 932 164 CYRILLI
952 122 1185 164 A’LEXANDRINI
1206 138 1363 168 AllClllEP.

1822 143 1873 172 ηε

251 206 341 229 ortum
354 199 429 231 dare,
446 197 597 226 secundum
612 201 737 224 naturam
751 205 781 224 ac
796 198 905 232 proprie
922 198 971 225 soli
984 198 1019 225 De

1090 199 1133 225 τὸν
1150 199 1245 231 αὑτὸν,
1258 198 1351 235 οἶμαι,
1367 201 1466 236 τρόπον
1476 222 1482 234 ,
1502 202 1547 228 καὶ
1561 202 1590 229 τὸ
1604 203 1711 231 πάντων
1732 204 1806 240 ἔχειν
1823 206 1871 241 τὴν

252 245 427 275 tribuendum
439 247 496 271 est:
512 243 562 276 sic,
575 247 605 270 ut
617 243 725 278 opinor,
738 243 860 271 omnium
871 251 980 279 quoque
995 252 1037 271 rc-

251 299 311 320 rum
333 290 515 326 cognitionem
539 289 641 317 habere
663 293 725 317 :est
747 294 840 317 autem
858 291 917 326 ejus
933 295 1038 318 naturae

249 329 392 375 proprium
407 344 450 364 res
462 335 567 364 futuras
578 336 722 364 manifeste
734 333 817 369 Scire,
831 341 859 364 et
870 345 961 365 rerum
973 337 1036 364 uni-

249 391 391 413 versarum
415 383 607 418 cognitionem,
623 383 650 410 in
670 390 700 410 se
721 383 781 418 ipso
793 382 878 411 veluti
895 383 1036 410 collectam

248 436 351 460 tenere.
367 431 408 457 An
429 430 478 458 tibi
493 437 589 465 parum
609 429 747 465 sapienter
762 436 794 457 ac
810 437 874 457 vere
888 430 981 458 dicere
996 431 1036 458 vi-

241 476 362 504 demur?

282 519 379 547 PALL.
393 519 453 546 lmo
468 527 534 547 vero
547 519 675 547 maxime.

279 565 358 594 ΟΥΕ.
376 566 406 593 ln
420 566 510 601 ipsum
525 565 608 601 igitur
619 566 805 601 peecabimus,
817 570 845 593 et
857 566 890 593 ad
904 566 976 594 illius
990 574 1035 594 su~

242 619 346 646 premas
360 611 453 648 glorias
468 611 596 648 injuriam
611 615 737 639 nostrum
754 612 859 640 crimen
874 611 1033 647 pertinebit,

244 657 267 684 si
284 656 398 685 nefariis
421 661 449 684 et
472 657 590 692 impuris
614 657 757 693 spiritibus
775 657 864 685 inesse
889 657 1034 685 credemus

243 711 275 730 ea
302 703 402 739 quibus
417 702 462 730 ille
478 703 634 736 decoratur,
648 707 676 731 et
689 703 836 731 admodum
851 703 965 739 insignis
980 708 1031 732 est.

242 749 301 777 1am
314 749 388 776 enim
401 748 469 777 adeo
487 749 569 777 stulte
589 750 773 778 sentientibus
787 750 883 777 licebit
903 749 972 778 illud
985 757 1032 778 su-

242 793 342 829 spicari
357 803 363 820 :
377 794 460 821 vitam
481 802 591 829 quoque
613 795 736 822 tribuere
751 802 842 830 posse,
863 799 945 830 atque
964 795 1033 823 adeo

238 839 412 868 conditorem
425 848 486 868 esse
496 840 634 873 Satanam,
650 840 672 868 si
686 849 747 876 qua:
764 841 887 868 omnium
898 845 1031 876 prtestan-

241 886 345 914 tissime
358 890 431 920 sunt,
444 891 472 914 et
487 887 598 922 proprie
609 887 658 914 Dei
670 891 774 914 naturae
787 887 958 920 tribuuntur,
974 895 1031 914 non

240 931 327 958 solum
342 931 394 965 ipsi
412 930 604 964 concedemus,
619 939 714 959 verum
731 932 814 959 etiam
833 936 932 959 natura
950 932 1031 960 insita

239 985 299 1005 esse
318 977 442 1005 dicemus
456 986 462 1004 :
477 978 621 1013 proprium
641 982 684 1006 est
705 986 787 1014 porro
802 982 885 1014 atque
899 978 1031 1006 eximium

238 1031 351 1051 summm
365 1023 438 1050 illius
449 1027 553 1050 naturae
566 1023 669 1050 bonum
683 1024 803 1059 cognitio
817 1031 909 1051 rerum
923 1023 1029 1052 futura-

239 1075 308 1096 rum.
325 1069 366 1095 An
380 1076 473 1096 verum
486 1075 542 1095 non
554 1072 597 1096 est
607 1069 680 1103 quod
693 1069 772 1096 dico?

272 1113 370 1141 PALL.
387 1113 421 1141 Et
437 1113 548 1148 quidem
564 1114 681 1141 maxime
695 1123 701 1141 :
714 1114 753 1141 ait
771 1115 844 1142 enim
865 1115 1029 1150 quibusdam

238 1167 285 1193 per
306 1159 381 1186 Isaiae
395 1166 502 1193 vocem,
515 1159 562 1194 qui
576 1167 606 1187 ea
629 1167 690 1195 quae
704 1160 752 1188 Dei
767 1164 841 1193 sunt,
865 1161 898 1188 ad
918 1166 1028 1189 creatu-

234 1210 293 1230 ram
306 1203 460 1231 deferrent:
479 1212 488 1228 ί
503 1203 668 1231 Mementote
681 1203 790 1237 horum,
802 1208 830 1232 et
841 1204 1027 1240 ingemiscite;

230 1249 424 1283 paenitentiam
445 1248 529 1284 agite,
549 1249 596 1284 qui
610 1249 724 1282 erratis;
743 1253 771 1277 et
789 1249 876 1277 redite
893 1249 987 1283 corde,
1000 1253 1029 1278 et

227 1299 401 1322 mementote
417 1295 542 1329 priorum
562 1302 577 1322 a
598 1295 708 1327 saeculo,
721 1295 786 1330 quia
798 1302 849 1330 ego
869 1302 929 1322 sum
943 1295 1026 1328 Deus,

234 1345 261 1367 et
275 1349 329 1368 non
348 1345 389 1368 cst
403 1341 474 1368 alius
487 1345 586 1375 praeter
601 1348 655 1373 me,
668 1341 836 1368 annuntians
845 1341 922 1376 prius
934 1345 1026 1369 extre-

235 1394 288 1418 ma,
302 1391 449 1421 antequam
468 1385 534 1413 ﬁant
546 1390 574 1413 et
585 1386 667 1413 simul
679 1386 813 1421 completa
827 1386 894 1419 sint,
907 1389 936 1413 et
947 1385 1003 1414 dixi
1018 1395 1024 1412 :

232 1431 320 1459 Omne
343 1431 489 1459 consilium
508 1438 599 1458 meum
619 1431 718 1463 stabit;
739 1435 768 1458 et
795 1430 886 1458 omnia
900 1438 961 1466 qua:
976 1430 1024 1458 de-

234 1477 309 1505 crevi
326 1476 425 1504 faciam
441 1477 475 1504 ".
492 1486 501 1502 ι
517 1474 553 1504 Ut
571 1477 645 1504 enim
658 1476 817 1504 ostenderet
835 1484 889 1504 non
908 1484 968 1504 esse
984 1477 1024 1504 al-

233 1527 324 1550 terum
344 1526 445 1558 praeter
457 1530 486 1550 se
498 1526 595 1550 natura
614 1530 645 1550 ac
658 1529 723 1549 vere
739 1522 836 1554 Deum,
850 1522 1024 1550 auditoribus
1037 1541 1058 1570 Ο

232 1569 300 1597 illud
319 1573 449 1604 tanquam
468 1569 602 1596 indicium
623 1568 726 1600 attulit,
747 1576 846 1603 nempe
859 1568 1021 1596 annuntiare

231 1625 261 1645 se
272 1624 352 1652 posse
364 1620 496 1649 extrema,
512 1616 671 1651 priusquam
686 1615 792 1642 ﬁerent.

264 1663 343 1691 CYR.
357 1662 491 1691 Praeclare
509 1663 559 1694 ais,
575 1661 689 1689 Palladi.
706 1661 759 1688 Sed
775 1661 868 1693 velim,
887 1665 916 1688 ut
931 1661 1020 1688 adhuc

228 1710 375 1746 diligenter
389 1709 534 1737 veritatem
545 1707 732 1743 dispiciamus,
752 1712 833 1742 atque
850 1707 915 1735 illud
928 1707 1019 1734 consi-

223 1757 368 1789 deremus,
377 1763 431 1791 qua
440 1755 557 1787 ratione,
567 1753 710 1782 siomnino
727 1754 798 1781 inter
817 1761 864 1781 cos
877 1761 1020 1781 censemur

220 1802 274 1837 qui
292 1806 366 1829 recte
385 1805 414 1829 et
429 1800 587 1836 evangelice
603 1800 696 1827 vivere
711 1799 816 1831 volunt,
829 1799 958 1826 falsarum
974 1798 1017 1826 di-

223 1847 398 1875 vinationum
411 1845 611 1874 assentationes
627 1853 787 1880 sequamur;
807 1848 834 1871 et
848 1851 911 1871 cum
926 1843 963 1871 ita
979 1844 1016 1871 si-

227 1901 288 1920 mus
306 1891 421 1924 intenti,
447 1895 578 1927 tanquam
606 1891 640 1918 ab
672 1890 727 1918 illis
752 1888 856 1924 aliquid
882 1897 946 1917 vere
973 1889 1016 1917 di~

225 1943 321 1971 catur,
347 1937 486 1973 quomodo
510 1944 565 1964 non
586 1936 736 1964 Salvatoris
759 1935 846 1963 nostri
866 1942 960 1962 vocem
981 1935 1016 1963 de

226 1984 370 2012 mendacio
386 1983 611 2011 condemnemus.
627 1981 701 2010 Dixit
713 1981 787 2009 enim
803 1981 925 2017 profecto
936 1988 1014 2008 arro-

223 2030 353 2065 gantibus
363 2029 544 2064 superbisque
559 2027 662 2056 ludatis
676 2036 682 2054 :
697 2035 706 2053 ι
720 2026 776 2054 Vos
787 2034 822 2054 ex
836 2029 911 2061 patre
923 2029 1014 2054 vestro

223 2074 333 2102 diabolo
343 2074 419 2106 estis,
433 2077 460 2101 et
471 2072 608 2100 desideria
618 2072 704 2107 patris
714 2071 797 2099 vestri
811 2071 894 2099 vultis
907 2071 1011 2105 facere;

223 2121 269 2148 ille
281 2118 417 2148 homicida
430 2118 486 2146 fuit
492 2117 527 2146 ab
539 2117 628 2151 initio,
644 2121 672 2145 et
685 2117 714 2144 in
728 2117 843 2144 veritate
854 2124 910 2144 non
922 2117 1010 2151 stetit;

221 2165 304 2202 185
325 2165 390 2201 quia
408 2172 464 2192 non
481 2169 524 2192 est
543 2164 645 2192 veritas
665 2163 693 2190 in
715 2163 773 2198 ipso
787 2173 793 2190 :
806 2171 870 2191 cum
888 2163 1011 2199 loquitur

1088 245 1197 280 γνῶσιν.
1216 247 1295 274 Ἴδιον
1312 247 1339 274 δὲ
1354 248 1461 283 φύσεως
1484 249 1533 284 τῆς
1550 249 1644 282 αὑτοῦ,
1658 251 1688 278 τὸ
1703 251 1803 279 ειδέναι
1823 260 1872 279 σα-

1089 291 1146 326 φῶς
1172 292 1207 319 τὰ
1234 293 1370 329 ἐσόμενα,
1403 296 1450 322 καὶ
1481 296 1691 333 συνειλεγμένην
1724 297 1820 335 ὥσπερ
1845 299 1873 325 ἑν

1088 338 1177 374 ἐαυτῷ
1190 339 1239 375 τὴν
1251 339 1305 367 τῶν
1318 341 1386 368 ὅλων
1400 342 1501 378 εἴδησιν
1516 342 1597 379 ἔχειν.
1618 344 1653 370 Ἣ
1666 344 1727 379 οὐχὶ
1747 345 1830 380 σοφός
1842 353 1870 372 τι

1087 385 1134 412 κα)⁸
1144 385 1263 421 ἀτρεκὴς
1275 386 1289 413 ό
1299 386 1346 414 ἐπὶ
1357 387 1424 423 τῷδε
1435 387 1526 423 λόγος;

1120 517 1226 544 ΠᾹΛΛ.
1248 518 1323 545 Πάνυ
1337 518 1385 553 μὲν
1396 515 1452 546 οὗν.

1119 563 1202 590 ΚΥΡ.
1219 563 1267 596 Et;
1282 563 1363 591 αὑτὸν
1379 562 1425 591 οὖν
1441 564 1494 600 ἄρα
1509 565 1753 603 πλημμελήσομεν,
1765 567 1813 596 καὶ
1831 569 1870 602 είς

1083 607 1134 644 τὴν
1155 609 1285 637 ἀνωτάτω
1300 609 1378 642 δόξαν
1402 610 1418 646 ή
1441 611 1549 647 γραφὴ,
1573 613 1597 639 εί
1624 612 1749 649 βεϐήλοις
1770 623 1800 641 τε
1823 615 1870 642 καὶ

1084 654 1250 690 ἀκαθάρτοις
1279 655 1431 691 πνεύμασιν
1455 658 1554 685 ἐνεῖναι
1576 659 1759 695 πιστεύσομεν
1781 661 1816 688 τὰ
1836 661 1870 688 δι’

1083 696 1121 728 ὧν
1139 700 1220 732 αὑτὸς
1242 702 1469 729 κατακαλλύνοιτό
1489 711 1519 730 τε
1544 703 1591 731 καὶ
1612 704 1728 741 ὑπάρχει
1744 705 1804 733 λίαν
1821 708 1869 734 ὲκ-

1082 747 1200 782 πρεπής.
1231 747 1303 782 Ὦρα
1335 748 1386 784 ήδη
1417 749 1606 785 διακειμένους
1638 751 1686 778 ὡδὶ
1721 753 1870 789 φληνάφως

1082 791 1204 818 ὑπονοεῖν
1226 792 1275 819 καὶ
1296 792 1437 824 ζωοποιετν
1461 793 1607 827 δύνασθαι,
1631 796 1678 822 καὶ
1698 797 1730 832 δὴ
1753 798 1800 824 καὶ
1823 797 1870 834 6r,-

1084 837 1213 874 μιουργόν
1227 838 1359 874 ὑπάρχειν
1374 839 1421 867 τὸν
1437 840 1570 875 Σατανᾶν,
1584 842 1608 868 εί
1620 842 1654 869 τὰ
1671 843 1780 871 πάντων
1797 844 1869 876 ἐξαί-

1084 891 1149 918 ρετα
1173 883 1221 910 καὶ
1247 884 1337 916 ίδικῶς
1367 885 1535 921 ἀνακείμενα.
1556 888 1589 923 τῇ
1613 887 1660 915 τοῦ
1684 888 1752 916 Θεοῦ
1775 890 1867 924 φύσει,

1086 928 1254 964 χαριούμεθα
1274 938 1303 956 τε
1329 930 1419 966 αὐτῷ,
1441 932 1488 958 καὶ
1513 935 1737 968 προσπεφυκέναι
1765 936 1866 971 φαμέν

1081 974 1145 1002 ἴδιον
1163 976 1191 1002 δὲ
1205 976 1252 1003 καὶ
1269 977 1406 1013 ἐξαίρετον
1422 979 1523 1013 ἀγαθὸν
1534 980 1583 1016 τῆς
1597 981 1730 1009 ἀνωτάτω
1744 982 1866 1017 φύσεως,

1078 1020 1134 1048 τῶν
1151 1021 1288 1056 ἐσομένων
1306 1023 1322 1058 ἡ
1338 1022 1448 1057 γνῶσις.
1467 1024 1502 1051 Ἦ
1513 1025 1563 1052 οὐκ
1583 1025 1682 1062 ἀληθὲς
1694 1027 1709 1054 ὅ
1725 1036 1812 1064 φημι;

1114 1107 1219 1136 ΠΑΛΛ,
1241 1109 1297 1135 Καὶ
1311 1109 1394 1144 μάλα.
1410 1111 1479 1146 Φησὶ
1500 1101 1612 1147 γὰρ’διδι
1631 1114 1722 1150 φωνῆς
1741 1115 1866 1147 Ἦσατου.

1078 1154 1147 1190 πρός
1168 1162 1244 1186 τινας
1271 1155 1447 1188 ἀνατιθέντας
1474 1158 1507 1193 τῇ
1535 1158 1623 1186 κτίσει
1646 1160 1682 1187 τὰ
1707 1161 1754 1188 τοῦ
1783 1162 1865 1189 Θεοῦ·

1081 1209 1090 1226 ι
1105 1200 1250 1248 Μνησθητε
1263 1201 1361 1235 ταῦτα,
1386 1203 1432 1229 καὶ
1448 1203 1602 1238 στενάξατε·
1619 1208 1819 1243 μετανοήσατε,
1837 1210 1863 1236 ot

1077 1245 1293 1280 πεπλᾶνημένοι,
1304 1246 1486 1283 ἐπιστρέψατε
1496 1250 1529 1285 τῇ
1542 1250 1650 1286 καρδίᾳ,
1664 1253 1710 1278 καὶ
1724 1253 1865 1290 μνήσθητε

1077 1291 1199 1326 πρότερα
1218 1291 1272 1319 ἀπὸ
1295 1292 1342 1320 τοῦ
1360 1293 1472 1327 αἰῶνος,
1494 1295 1535 1322 ὅτι
1551 1295 1607 1330 ἐγώ
1632 1297 1690 1332 εἰμι
1713 1297 1794 1332 Θεὸς,
1816 1299 1865 1326 καὶ

1076 1337 1126 1365 οὐκ
1147 1336 1220 1365 ἔστιν
1240 1337 1280 1364 ἔτι
1302 1337 1371 1374 πλὴν
1391 1339 1458 1374 ἐμοῦ
1479 1340 1653 1375 ἀναγγέλλων
1676 1343 1810 1378 πρότερον
1830 1344 1864 1371 τὰ

1075 1383 1188 1419 ἔσχατα,
1207 1384 1273 1420 πρὶν
1286 1384 1355 1412 αὑτὰ
1371 1385 1512 1420 γενέσθαι,
1528 1387 1576 1414 καὶ
1590 1387 1648 1423 ἅμα
1670 1389 1862 1426 συνετελέσθη,

1075 1430 1122 1456 καὶ
1142 1429 1217 1458 εἶπα·
1238 1432 1318 1459 Πᾶσά
1341 1440 1392 1468 μου
1413 1433 1429 1468 ὴ
1453 1432 1536 1469 βουλὴ
1550 1435 1690 1470 στήσεται,
1708 1437 1755 1464 καὶ
1772 1437 1863 1465 πάντα

1075 1475 1125 1504 ὅσα
1149 1476 1344 1512 βεϐούλευμαι,
1369 1479 1483 1514 ποιήσω.
1505 1490 1514 1506 ι
1539 1480 1664 1516 Μήνυσιν
1687 1481 1740 1518 γὰρ
1765 1483 1862 1519 ὥσπερ

1076 1521 1122 1549 τοῦ
1139 1523 1177 1559 μὴ
1199 1523 1292 1559 ἕτερον
1316 1522 1386 1551 εἶναι
1409 1533 1471 1552 τινα
1486 1525 1551 1562 παρ’
1567 1526 1648 1554 αὑτὸν
1667 1527 1747 1561 φύσει
1760 1537 1791 1555 τε
1815 1529 1863 1556 καὶ

1075 1567 1184 1603 ἀληθῶς
1199 1568 1265 1595 Θεὸν
1277 1570 1334 1601 τοῖς
1347 1569 1532 1606 ἀκροωμένοις
1547 1571 1630 1599 ἐτίθει
1640 1572 1670 1599 τὺ
1682 1573 1862 1608 ἀναγγέλλειν

1073 1613 1205 1641 δύνασθαι
1219 1614 1253 1641 τὰ
1268 1614 1369 1650 ἔσχατα
1387 1615 1452 1650 πρὶν
1469 1615 1538 1643 αὐτὰ
1548 1617 1684 1651 γενέσθαι.

1108 1660 1192 1687 ΚΥΡ.
1212 1658 1249 1687 Εὖ
1269 1669 1319 1695 γε,
1338 1657 1360 1688 ὦ
1381 1661 1524 1693 numam.
1548 1663 1698 1700 Βουλοίμην
1717 1664 1740 1691 δ’
1765 1665 1798 1692 ἂν
1819 1665 1863 1694 ἔτι

1073 1705 1290 1741 περιαθροῦντας
1305 1703 1334 1734 εὖ
1355 1707 1428 1742 μάλα
1441 1707 1472 1735 τὸ
1486 1708 1594 1743 ἀληθὲς,
1612 1709 1659 1737 καὶ
1674 1711 1733 1738 τόδε
1749 1712 1862 1739 διασκο-

1073 1752 1143 1778 πεῖνν
1155 1752 1217 1779 τίνα
1239 1752 1339 1788 τρόπον
1353 1752 1392 1780 ἔτι
1403 1773 1410 1786 ,
1431 1754 1455 1780 εί
1479 1754 1601 1790 τελοῖμεν
1622 1756 1690 1789 ὅλως
1705 1756 1734 1784 εν
1751 1765 1784 1792 γε
1801 1760 1860 1791 τοῖς

1071 1798 1192 1825 ἐθέλουσι
1212 1797 1286 1833 βιοῦν
1304 1799 1390 1834 ὀρθῶς
1402 1808 1431 1826 τε
1444 1799 1491 1827 καὶ
1505 1801 1690 1836 εὺαγγελικῶς
1700 1823 1707 1835 ,
1723 1804 1785 1836 ταῖς
1805 1804 1860 1831 τῶν

1070 1844 1288 1879 ψευδομαντειῶν
1303 1844 1432 1877 θωπείαις
1455 1845 1576 1882 ἑψόμεθα
1594 1847 1642 1874 καὶ
1660 1847 1691 1883 δὴ
1712 1849 1759 1876 καὶ
1772 1857 1859 1885 προσ-

1070 1891 1228 1926 εσχηκότες,
1244 1891 1282 1923 ὼς
1303 1890 1346 1926 εἴη
1368 1900 1410 1924 τις
1430 1891 1510 1927 λόγος
1522 1894 1536 1920 ὁ
1551 1894 1615 1929 παρ’
1630 1894 1720 1922 αὐτῶν
1740 1895 1857 1932 ἀληθής,

1068 1935 1129 1972 οὑχ).
1144 1938 1194 1972 τῆς
1216 1937 1263 1964 τοῦ
1288 1937 1415 1974 Σωτῆρος
1438 1937 1619 1974 καθοριοῦμεν
1634 1941 1775 1976 φωνῆςντδ
1799 1941 1858 1969 δια-

1067 1981 1212 2018 ψεύδεσθαι
1227 1983 1291 2010 δετν.
1310 1983 1383 2019 Ἔφη
1402 1984 1456 2020 γάρ
1471 1993 1522 2012 που
1537 1985 1585 2012 καὶ
1601 1986 1669 2021 πρὸς
1681 1987 1743 2019 τοὺς
1761 1987 1858 2020 ἀλαζό-

1068 2036 1117 2060 νας
1129 2028 1177 2055 καὶ
1189 2029 1321 2065 ὑϐριστὰς
1335 2029 1492 2067 ,Ἰουδαίους-
1506 2040 1516 2058 ι
1538 2031 1632 2067 Ὑμεῖς
1644 2032 1677 2059 ὲκ
1692 2032 1740 2060 τοῦ
1752 2034 1856 2069 πατρὸς

1067 2074 1144 2110 ὑμῶν
1167 2075 1214 2102 τοῦ
1236 2075 1360 2102 διαϐόλου
1385 2076 1447 2103 ἐστὲ
1461 2097 1469 2110 ,
1496 2077 1542 2105 καὶ
1567 2078 1618 2110 τὰς
1638 2078 1785 2115 ἐπιθυμίας
1807 2080 1854 2108 τοῦ

1067 2120 1170 2155 πατρδς
1183 2120 1259 2156 ὑμῶν
1281 2119 1374 2148 θέλετε
1395 2122 1492 2149 ποιεῖν’
1509 2123 1612 2156 ἐκεῖνος
1631 2123 1855 2160 ἀνθρωποκτόνος

1064 2162 1099 2200 ἦν
1114 2165 1162 2192 ἀπ’
1186 2165 1284 2201 ἀρχῆς,
1301 2166 1348 2193 καὶ
1363 2167 1392 2194 ὲν
1413 2169 1446 2203 τῇ
1470 2168 1583 2204 ἀληθείᾳ
1600 2169 1648 2204 οὐχ
1669 2170 1795 2206 ἔστηκεν,
1813 2171 1854 2198 ὅτι

222 2211 405 2244 mendacium,
417 2219 451 2239 ex
471 2210 591 2246 propriis
611 2209 748 2244 loquitur;
766 2208 829 2244 quia
842 2208 958 2237 mendax
969 2214 1011 2238 est

1076 2210 1115 2236 ιὺκ
1136 2209 1210 2237 ἔστιν
1233 2210 1346 2247 ἀλήθεια
1370 2211 1399 2239 ὲν
1415 2213 1498 2248 αὐτῷ·
1515 2214 1578 2241 ὅταν
1601 2214 1678 2242 λαλεῖ
1695 2215 1726 2243 τὸ
1744 2216 1852 2251 ψεῦδος,

221 2258 289 2293 ipse,
302 2261 330 2286 et
348 2261 426 2293 pater
441 2257 502 2293 ejus
517 2256 549 2283 ".
568 2265 577 2281 ι
593 2255 736 2288 Quomodo
752 2255 848 2290 igitur,
866 2256 913 2290 qui
933 2264 1010 2284 men-

219 2304 272 2331 dax
282 2308 334 2336 est,
347 2311 431 2331 verax
441 2301 496 2330 erit
507 2301 647 2336 unquam?
658 2303 706 2327 aut
721 2301 859 2335 quomodo
869 2309 925 2328 non
936 2301 1011 2329 omni

219 2357 252 2376 ex
261 2353 338 2384 parte
345 2348 474 2380 mendax,
484 2347 532 2382 qui
541 2346 568 2373 in
574 2345 690 2373 veritate
697 2353 752 2373 non
761 2346 853 2374 stetit?
860 2346 955 2375 Nonne
962 2346 1012 2382 igi-

218 2400 264 2421 tur
280 2395 348 2431 jam,
368 2393 483 2425 Palladi,
498 2392 586 2419 cuivis
605 2391 780 2420 manifestum
791 2392 854 2426 erit,
871 2393 893 2421 si
908 2392 1009 2421 daemo-

217 2441 328 2468 niorum
346 2439 467 2468 vocibus
489 2438 632 2466 veritatem
660 2438 824 2472 tribuemus,
850 2439 909 2469 fore
930 2445 961 2468 ut
974 2441 1009 2469 de

218 2485 362 2514 mendacio
373 2484 514 2512 Christum
525 2484 750 2517 condemnemus,
766 2488 794 2512 et
808 2485 919 2513 mentiri
932 2486 1007 2514 veri-

217 2536 302 2559 tatem
319 2529 463 2558 dicamus?

245 2618 349 2646 “PALL.
367 2617 445 2645 liattd
457 2617 536 2654 longe
547 2617 694 2645 aberimus.

251 2663 292 2692 CY
298 2664 329 2691 Β.
342 2663 497 2697 Quinetiam
514 2665 587 2699 (nam
605 2663 672 2691 illud
685 2671 793 2698 quoque
814 2664 846 2692 iis
857 2672 919 2700 quae
933 2665 1006 2693 dicta

216 2713 281 2737 sunt
310 2709 466 2746 adjiciam),
485 2717 501 2737 ο
520 2709 629 2738 Christo
652 2709 808 2742 didicimus,
834 2710 1005 2746 imputorum

216 2755 362 2790 spirituum
374 2755 458 2783 verba
472 2762 527 2782 non
542 2755 697 2788 admittere,
710 2762 743 2782 ne
759 2755 782 2783 si
794 2756 879 2784 velint
894 2756 1004 2792 quidem

256 2841 277 2857 "
298 2842 350 2869 lsa.
373 2849 442 2875 xtvr,
467 2840 542 2868 8-l0.
584 2841 606 2857 ⁸⁸
621 2841 699 2868 Joan.
724 2849 780 2874 \‘lll,
794 2841 828 2868 44

1066 2255 1098 2282 ὲκ
1113 2255 1167 2283 τῶν
1182 2255 1254 2283 ίδίων
1267 2256 1358 2290 λαλεῖ,
1374 2257 1413 2284 δτι
1435 2258 1555 2294 ψευστής
1572 2259 1646 2287 ἐστιν
1667 2261 1758 2294 αὐτὸς,
1778 2263 1825 2289 καὶ
1839 2262 1853 2288 ό

1064 2299 1156 2336 πατὴρ
1167 2300 1261 2329 αὑτοῦ.
1282 2311 1291 2327 ι
1304 2301 1372 2329 Τίνα
1387 2302 1420 2338 δὴ
1434 2300 1480 2330 οὖν
1496 2302 1571 2331 ἔσται
1584 2304 1685 2340 τρόπον
1700 2306 1852 2342 νημερτὴς,

1063 2345 1200 2382 ψευστής;
1216 2346 1274 2379 πῶς
1291 2346 1320 2374 δὲ
1336 2348 1396 2383 οὐχὶ
1416 2348 1503 2384 πάντη
1529 2358 1558 2377 τε
1574 2350 1621 2378 καὶ
1634 2351 1742 2383 πάντως
1758 2351 1850 2387 ἁμαρ-

1062 2393 1175 2428 τοεπὴς,
1198 2393 1212 2419 ό
1234 2393 1272 2429 μὴ
1297 2393 1420 2429 έστηκὼς
1444 2395 1473 2422 ἐν
1497 2397 1531 2431 τῇ
1555 2396 1687 2433 ἀληθείᾳ;
1714 2394 1779 2432 Ἀρ*
1805 2396 1851 2425 οὖν

1062 2438 1191 2474 ἐναργὲς,
1214 2435 1237 2465 ὧ
1256 2438 1405 2474 Παλλάδιε,
1429 2440 1510 2468 παντί
1534 2450 1586 2468 που
1603 2441 1712 2476 λοιπὸν,
1733 2443 1774 2470 ὅτι
1791 2445 1850 2476 ταῖς

1061 2483 1115 2510 τῶν
1146 2483 1292 2520 δαιμονίων
1322 2487 1426 2520 φωναῖς
1460 2487 1490 2513 τὸ
1518 2487 1617 2524 ἀληθὲς
1652 2488 1847 2524 ἀπονέμοντες,

1061 2529 1311 2566 καταψηφιούμεθα
1328 2530 1375 2558 τοῦ
1391 2532 1511 2568 Χριστοῦ
1525 2533 1575 2568 τὴν
1589 2532 1789 2570 ψευδομυθίαν,
1803 2534 1850 2562 καὶ

1060 2575 1218 2610 ψευδοεπεϊν
1234 2575 1350 2611 ὲροῦμεν
1363 2575 1412 2611 τὴν
1426 2576 1556 2612 ἀλήθειαν
1568 2586 1574 2611 ;

1096 2621 1198 2647 ΠΑΛΛ.
1215 2620 1422 2657 Κινδυνεύομεν.

1096 2665 1178 2692 ΚΥΡ.
1193 2665 1298 2698 Ἄλλως
1318 2674 1347 2693 τε
1360 2686 1367 2698 ,
1383 2665 1531 2703 προσθείην
1547 2667 1602 2703 γὰρ
1617 2669 1673 2700 τοῖς
1690 2668 1847 2704 εἰρημένοις

1059 2712 1106 2739 καὶ
1130 2712 1205 2739 τόδε·
1231 2712 1409 2748 δεδιδάγμεθα
1434 2711 1510 2748 παρὰ
1534 2713 1673 2749 Χριστοῦ,
1700 2715 1764 2747 τοὺς
1792 2714 1846 2741 τῶν

1058 2757 1221 2794 ἀκαθάρτων
1237 2759 1400 2794 πνευμάτων
1416 2758 1453 2795 μὴ
1479 2759 1640 2794 προσίεσθαι
1662 2759 1777 2795 λόγους,
1794 2759 1846 2788 κᾶν
