1934 3042
218 122 275 159 ἐει

732 127 760 155 S.
783 127 921 156 CYRILLI
942 128 1176 158 ALEXANDRINI
1196 131 1354 161 ARCHIEP.

1805 133 1863 162 £32

225 190 357 217 ditionem
381 187 476 216 abibit.
495 186 588 220 Neque
607 185 681 213 enim
695 184 837 221 Scriptura
859 185 894 213 iis
911 186 958 220 qui
985 194 1008 213 el

1069 187 1147 222 λόγος
1161 189 1192 215 οὐ
1205 191 1262 222 τοῖς
1276 190 1308 217 ὲκ
1324 189 1401 224 Θεοῦ,
1417 189 1455 226 μὴ
1471 173 1588 225 γένοιτο,
1603 169 1804 226 πραττομένοις
1826 192 1862 220 τὰ

225 237 281 264 Deo
290 236 380 264 futura
397 234 563 270 praedicunt,
579 240 674 269 poenas
685 232 838 265 constituit,
860 232 932 260 absit
946 241 952 258 :
966 239 1015 260 ex—

224 282 342 318 cipiatur
355 281 428 308 enim
442 287 457 307 a
471 287 551 315 poena
571 279 616 306 ille
635 281 793 306 sanctorum
815 277 1014 313 prophetarum

224 329 292 356 ordo
306 337 312 355 :
327 328 375 355 sed
386 327 419 355 iis
432 327 478 362 qui
491 326 547 359 illa,
558 329 690 361 tanquam
701 332 735 352 ex
743 325 798 352 Deo
809 324 874 357 sint,
890 323 1012 359 ﬁngunt;

223 374 296 411 quod
316 371 483 409 pmdicendi
509 379 610 398 munus
637 378 673 398 ne
694 369 838 398 mendacio
852 369 965 405 quidem
981 368 1014 396 li-

1070 233 1108 266 ὡς
1118 234 1200 261 Θεοῦο
1215 236 1257 262 ὅτι
1280 236 1347 272 μηδὲ
1363 236 1477 271 ψεύδους
1497 236 1641 272 ἐλευθέραν
1654 237 1795 265 ἐποιοῦντο
1809 238 1862 273 τὴν

1070 283 1280 316 προαγόρευσιν.
1302 282 1413 318 Ἐπειδὴ
1427 282 1456 309 δὲ
1479 282 1529 309 οὐκ
1548 282 1578 316 ὲξ
1598 282 1727 318 ἀληθείας
1740 283 1861 315 ἑλόντες,

1068 325 1193 354 λαλοῦσιν
1216 327 1233 354 ἃ
1251 328 1284 355 ἂν
1303 327 1455 363 βούλοιντο,
1471 328 1561 355 καὶτὸ
1574 328 1646 356 κατά
1661 329 1731 363 σφᾶς
1746 328 1860 362 αὐτοὺς,

1071 370 1200 407 ταύτῃτοι
1217 372 1444 408 διημαρτήκασιν.

223 421 318 448 berum
339 419 449 447 faciant.
475 418 580 454 Itaque,
603 417 677 452 quia,
701 423 765 444 cum
783 424 799 444 a
813 416 930 444 veritate
954 421 1010 442 non
1029 417 1198 451 acceperint,
1214 419 1366 454 loquuntur
1392 427 1452 454 quae
1480 419 1576 446 volunt
1595 426 1629 447 ex
1648 428 1678 448 se
1698 420 1775 456 ipsis,
1796 421 1861 448 ideo

239 470 345 495 eccam.

239 476 345 495 eccam.

221 476 238 503 Ρ
255 512 355 541 PALL.
382 513 452 541 Num
470 512 554 548 igitur
578 511 606 539 in
629 511 683 539 hoc
709 511 903 546 dignoscemus
921 512 1015 536 utrum

222 560 294 588 Deus
311 560 357 592 sit,
371 559 419 594 qui
437 566 568 594 responsa
586 557 704 591 dederit,
729 565 765 586 an
790 557 829 584 illi
849 564 883 584 ex
905 562 934 583 se
949 554 1016 590 ipsis

221 607 369 642 loquantur
379 606 390 633 ?

256 652 335 680 CYR.
350 652 384 679 Et
397 651 643 686 quidem‘maxime
660 659 665 677 :
684 657 747 677 nam
760 648 788 676 id
808 655 917 684 quoque
933 648 1015 675 nobis

221 697 314 725 divina
327 697 370 724 lex
382 697 436 732 jam
455 696 644 732 persuadebit.
663 695 708 723 Sic
720 695 793 722 enim
811 694 880 721 dixit
897 694 970 722 Deus
984 694 1013 721 in

221 743 433 772 Deuteronomio
445 751 452 770 :
467 753 475 768 ι
489 742 567 776 Quod
579 743 600 770 si
610 742 710 770 dixerit
721 741 857 777 quispiam
869 741 896 768 in
907 741 989 769 corde
1005 749 1011 767 :

220 790 364 824 Quomodo
375 796 572 825 cognoscemus
592 789 708 816 verbum
723 788 796 823 quod
814 788 947 815 Dominus
958 795 1012 814 non

220 839 264 864 est
281 836 406 864 loeutus?
418 843 587 871 quaecunque
599 835 709 862 locutus
723 833 806 861 fuerit
820 833 865 860 ille
879 833 1012 868 propheta

221 883 248 910 in
266 882 377 910 nomine
386 882 504 914 Domini,
518 881 545 909 id
558 886 649 909 autem
662 888 715 908 nec
730 880 831 908 factum
848 879 945 911 fuerit,
962 887 1013 906 ne—

220 934 273 962 que
283 927 434 962 contigerit
452 927 505 954 hoc
521 926 648 959 verbum,
666 925 740 961 quod
762 933 817 952 non
841 929 885 952 est
904 925 1014 952 loeutus

219 972 369 1006 Dominus,
395 973 423 1000 in
443 973 583 1008 impietate
603 973 713 999 loeutus
728 976 771 999 est
784 971 835 998 ille
856 971 1011 1006 propheta:

218 1027 273 1046 non
304 1019 480 1047 abstinebitis
507 1019 541 1046 ab
563 1019 611 1046 illo
623 1018 656 1045 ⁹¹.
673 1029 682 1044 ι
704 1017 837 1053 lntelligis
862 1025 896 1045 ex
920 1024 1013 1044 rerum

218 1064 412 1100 praedictarum
429 1064 607 1092 frustratione
622 1063 807 1092 certissimum
820 1066 1014 1098 argumentum

217 1111 310 1143 sumi,
328 1111 403 1146 quod
422 1118 477 1138 non
493 1119 527 1138 ex
543 1111 600 1138 Deo
617 1109 760 1145 quidpiam
774 1109 938 1144 praedictum
954 1108 990 1135 sit
1005 1117 1010 1134 :

216 1156 341 1184 veritatis
365 1157 438 1184 enim
452 1157 539 1184 amica
559 1160 602 1184 est
614 1156 727 1183 veritas.
749 1154 912 1191 Hujusmodi
930 1154 1012 1190 quid-

216 1203 285 1230 dam
295 1203 379 1231 etiam
393 1211 443 1239 per
456 1202 582 1231 Jeremiae
595 1210 692 1230 vocem
706 1202 745 1229 ait
758 1210 764 1228 :
781 1211 790 1227 ι
811 1202 884 1229 Deus
896 1201 1012 1236 propin-

216 1257 305 1284 quans
317 1257 367 1285 ego
377 1257 449 1282 sum,
462 1249 530 1276 dicit
538 1248 680 1280 Dominus,
693 1252 721 1276 et
729 1255 785 1275 non
793 1247 865 1275 Deus
873 1247 907 1275 de
915 1248 1010 1282 longe;

216 1295 238 1322 si
251 1295 437 1323 abseondetur
449 1295 533 1323 homo
551 1295 580 1322 in
595 1295 724 1327 occultis,
739 1298 766 1322 et
786 1301 837 1329 ego
848 1301 903 1321 non
911 1293 1012 1320 videbo

215 1342 297 1369 eum?
311 1342 391 1377 187
399 1342 496 1370 Nonne
504 1343 604 1370 malum
615 1345 643 1368 et
649 1345 751 1368 terram
759 1348 809 1376 ego
820 1339 937 1374 impleo?
944 1338 1012 1366 dicit

215 1388 357 1416 Dominus.
385 1387 486 1415 Audivi
511 1394 573 1422 qum
589 1386 741 1421 loquuntur
763 1385 905 1420 prophetae
919 1404 926 1416 ,
951 1391 1012 1418 qua:

216 1434 383 1469 prophetam
407 1434 437 1460 in
459 1433 571 1461 nomine
584 1440 646 1460 meo
665 1432 733 1460 falsa
748 1433 782 1458 ".
801 1441 810 1457 ›
831 1430 946 1463 Deinde,
964 1437 1011 1457 ac-

215 1480 357 1507 cusatione
383 1478 460 1514 gravi
479 1478 588 1505 divinas
606 1477 682 1513 leges
709 1475 946 1505 contemnentium
965 1474 1009 1501 in—

216 1527 341 1562 teriecta,
361 1533 422 1561 qua:
440 1524 634 1560 przedictiones
649 1532 682 1551 ex
696 1524 752 1551 Deo
763 1523 828 1555 sint,
845 1529 940 1557 qumve
954 1528 1010 1548 non
1024 1541 1047 1572 Ο

216 1572 281 1604 sint,
296 1576 425 1606 tauquam
439 1571 554 1599 evidens
563 1570 696 1598 indicium
708 1569 798 1602 all‘crt,
810 1568 896 1603 ipsam
911 1574 1010 1602 nempe

217 1618 369 1645 veritatem.
385 1617 430 1645 Ait
451 1618 526 1645 enim
542 1617 643 1645 iterum
661 1625 672 1643 τ
692 1626 700 1642 ι
722 1615 876 1650 Propheta,
903 1613 933 1640 in
955 1621 1010 1648 quo

215 1669 258 1692 est
274 1665 422 1697 somnium,
447 1668 475 1692 et
503 1664 530 1691 in
545 1671 600 1698 quo
620 1666 663 1690 est
685 1669 776 1690 sermo
802 1668 899 1693 meus,
915 1663 1010 1687 narret

215 1711 332 1740 verbum
344 1718 436 1738 meum
448 1711 476 1738 in
488 1710 604 1738 veritate
618 1709 651 1735 ".
671 1718 679 1734 ι
700 1707 779 1740 Nam,
796 1707 818 1734 si
835 1705 902 1741 quid
920 1705 1008 1732 visum

216 1758 299 1785 ﬁxerit
318 1766 334 1785 a
348 1757 465 1786 veritate
483 1757 640 1791 discrepare
653 1774 659 1786 ,
678 1753 746 1781 illud
761 1753 851 1788 ipsum
875 1751 1009 1779 continuo

216 1811 296 1831 suum
318 1808 460 1839 parentem
478 1808 559 1837 atque
586 1805 727 1829 auctorem
759 1807 820 1826 esse
846 1797 1007 1825 mendacem

218 1850 314 1884 prodet
326 1870 333 1882 ,
352 1854 379 1877 et
393 1858 408 1877 a
421 1857 471 1877 suo
486 1848 570 1876 corde
593 1848 761 1882 loquentem,
776 1853 830 1872 non
843 1853 878 1872 ex
890 1852 938 1872 ore
956 1844 1009 1872 Do-

216 1896 294 1927 mini,
307 1896 378 1923 sicut
389 1895 527 1930 scriptum
535 1898 586 1921 est.

250 1941 348 1968 PALL.
377 1941 505 1969 Placetne
535 1939 650 1974 aliquid,
677 1939 750 1975 quod
782 1937 938 1965 necessario
972 1936 1008 1964 sit

217 1987 404 2022 quaerendum,
419 1993 623 2022 proponamus;
641 1993 676 2013 an
686 1985 714 2012 id
734 1985 847 2012 missum
861 1983 1005 2015 faciamus,

217 2042 248 2061 ac
257 2033 349 2068 potius
358 2040 503 2068 pergamus
513 2040 567 2067 quo
577 2040 626 2060 nos
635 2036 683 2060 tua
693 2032 803 2059 duxerit
811 2030 920 2059 oratio?

249 2079 327 2107 CYR.
344 2079 437 2115 Atqui,
449 2079 563 2111 Palladi,
575 2086 636 2114 quat
646 2079 680 2106 ad
691 2079 839 2106 utilitatem
850 2079 1006 2106 necessaria

216 2131 289 2158 sunt,
301 2133 355 2153 non
368 2126 396 2152 in
408 2125 664 2161 minimiSducimus
675 2134 681 2152 :
694 2125 787 2160 itaque
798 2124 889 2152 minus
898 2124 984 2152 libere
996 2143 1003 2156 ,

215 2174 237 2200 si
248 2173 312 2208 quid
324 2173 448 2200 videatur
461 2172 596 2207 proferre,
607 2172 735 2207 equidem
746 2170 1004 2206 reprehendendum

1103 508 1208 534 HAAA.
1227 505 1290 544 Ἆρ’
1306 506 1363 540 οὖν,
1380 508 1409 536 ἐν
1433 507 1500 544 τῷδε
1522 509 1726 543 διαγνωσόμεοα
1754 510 1860 546 πότερα

1066 553 1132 585 Θεὸς
1146 555 1160 580 ὁ
1172 554 1365 590 χρησμοδοτῶν
1387 556 1471 588 ἐστιν,
1486 556 1570 591 ἤγουν
1582 556 1679 582 ἐκεῖνοι
1693 556 1806 583 λαλοῦσι
1824 556 1860 583 τὰ

1066 600 1142 636 σφῶν
1158 601 1263 634 αὺτῶν;

1101 648 1184 674 ΚΥΡ.
1203 648 1258 675 Καὶ
1273 649 1346 684 μάλα
1358 659 1364 665 -
1382 650 1453 684 Θεῖος
1470 651 1524 687 γὰρ
1537 651 1585 678 καὶ
1598 651 1671 686 ἡμᾶς
1691 650 1759 686 πρὸς
1778 650 1860 678 τοῦτο

1067 693 1148 726 εὐθὺς
1170 695 1313 723 ἀναπείσει
1343 697 1435 732 νόμος.
1464 698 1537 733 Ἔφη
1564 698 1617 733 γὰρ
1639 697 1710 724 οὕτω
1735 697 1803 729 Θεὸς
1830 698 1860 724 ἐν

1069 741 1286 777 Δευτερονομίῳο
1310 752 1320 768 ι
1344 743 1406 770 Ἐὰν
1428 744 1456 770 δὲ
1476 744 1542 779 λέγῃ
1555 753 1596 776 τις
1618 745 1646 771 ὲν
1667 743 1775 779 καρδίᾳ·
1793 744 1860 775 Πῶς

1067 786 1230 822 γνωσόμεθα
1253 787 1283 814 τὸ
1308 789 1399 824 ῥῆμα,
1423 790 1438 817 ὅ
1462 790 1511 817 οὐκ
1526 790 1643 826 ὲλάλησε
1667 790 1786 826 Κύριος;
1807 790 1860 817 ὅσα

1068 831 1115 858 ἐὰν
1136 832 1241 869 λαλήσῃ
1263 835 1277 860 ὁ
1305 836 1449 872 προφήτης
1472 837 1575 868 ἐκεῖνος
1606 837 1655 864 ἐπὶ
1679 837 1718 872 τῷ
1743 836 1859 871 ὀνόματι

1030 870 1050 898 Β
1065 877 1182 914 Κυρίου,
1209 880 1256 906 καὶ
1282 881 1318 918 μὴ
1339 870 1452 917 γένηται
1473 882 1503 909 τὸ
1532 883 1608 919 ῥῆμα
1629 883 1644 910 ὃ
1667 870 1717 910 οὐκ
1739 883 1859 918 ὲλάλησε

1065 926 1177 962 Κύριος,
1187 928 1215 954 ὲν
1228 927 1341 963 ἀσεϐείᾳ
1355 928 1485 964 ἐλάλησεν
1497 928 1511 955 ὁ
1531 929 1685 964 προφήτης,
1697 928 1747 956 οὑκ
1761 928 1858 963 ἀφέξεμ

1065 973 1112 1000 σθε
1127 973 1176 1000 ἀπ’
1187 973 1279 1001 αὑτοῦ.
1297 983 1306 999 ι
1318 973 1440 1005 ’Λκούεις
1455 974 1495 1000 ὅτι
1507 973 1557 1006 τὰς
1571 975 1599 1000 ὲν
1615 976 1671 1006 τοῖς
1684 983 1859 1010 προηγορευ-

1066 1019 1156 1054 μένοις
1173 1019 1335 1053 ἀποτεύξεις
1360 1020 1499 1052 ἀπόδειξιν
1517 1020 1629 1048 ἔσεσθαί
1651 1029 1734 1056 φησιν
1752 1021 1857 1057 ἐναργῆ

1063 1065 1110 1092 τοῦ
1129 1065 1167 1101 μὴ
1191 1066 1222 1092 ἐκ
1244 1065 1312 1092 Θεοῦ
1344 1066 1615 1102 κεχρησμοδοτῆσοαί
1640 1075 1684 1099 τις
1709 1067 1782 1101 φιλεῖ
1801 1066 1858 1102 γὰρ

1063 1111 1194 1146 ἀλήθειαν
1225 1113 1241 1146 ἡ
1269 1111 1392 1147 ἀλήθεια.
1420 1111 1547 1138 Τοιοῦτόν
1578 1111 1605 1138 τί
1635 1121 1702 1148 φησι
1737 1111 1782 1140 διὰ
1807 1112 1857 1148 τῆς

1071 1157 1203 1194 Ἰερεμίου
1220 1158 1323 1193 φωνῆς·
1344 1167 1353 1184 ι
1379 1157 1446 1189 Θεὸς
1467 1157 1583 1192 ὲγγὶζων
1605 1157 1660 1193 ἐγώ
1684 1159 1760 1193 είμι,
1781 1159 1857 1193 λέγει

1063 1203 1180 1239 Κύριος,
1195 1204 1242 1231 καὶ
1261 1204 1322 1240 οὐχὶ
1334 1203 1401 1236 Θεὸς
1415 1203 1568 1240 πόρρωθεν·
1584 1205 1609 1232 ει
1624 1205 1793 1241 κρυὸῆσεται
1809 1205 1857 1232 ἆν-

1064 1250 1172 1286 θρωπος
1193 1252 1221 1278 ὲν
1245 1250 1405 1286 κρυφαίοις,
1422 1251 1470 1278 καὶ
1485 1250 1540 1286 ἐγὼ
1562 1252 1612 1278 οὐκ
1632 1251 1733 1287 ὕψομαι
1753 1252 1856 1284 αὐτόνς

1062 1295 1109 1330 Μὴ
1121 1295 1182 1331 οὐχὶ
1191 1295 1237 1322 τὸν
1251 1295 1367 1331 οὐρανὸν
1383 1296 1430 1322 καὶ
1452 1295 1501 1331 τὴν
1516 1296 1568 1331 γῆν
1584 1295 1639 1330 ἐγὼ
1652 1296 1767 1332 πληρῶ;
1781 1296 1856 1331 λέγει

1063 1341 1176 1377 Κύριος.
1197 1342 1327 1368 Ἤκουσα
1351 1341 1369 1368 ἃ
1391 1341 1518 1369 λαλοῦσιν
1535 1342 1560 1369 οι
1581 1342 1737 1378 προφῆται,
1752 1342 1773 1370 ἃ
1789 1351 1856 1378 προ-

1062 1387 1226 1423 φητεύουσιν
1240 1388 1265 1414 oi
1281 1388 1420 1425 προφῆται
1436 1389 1465 1416 έν
1481 1388 1520 1425 τῷ
1533 1389 1646 1425 ὀνόματί
1662 1397 1714 1424 μου
1729 1389 1828 1425 ψευδῆ.
1843 1399 1853 1415 ι

1063 1430 1130 1460 Εἶτα
1150 1433 1194 1460 διὰ
1220 1434 1304 1469 μέσου
1322 1435 1385 1466 τοὺς
1401 1433 1456 1461 τῶν
1471 1434 1550 1462 θείων
1569 1434 1658 1470 νόμων
1680 1435 1854 1471 καταφρονή-

1063 1488 1164 1513 σαντας
1191 1481 1423 1517 ἐπαιτιασάμενος
1458 1482 1488 1509 οὺ
1519 1482 1641 1519 μικρῶς,
1672 1483 1775 1518 ἐναργῆ
1805 1483 1855 1518 τὴν

1062 1526 1201 1560 ἀπόδειξιν
1218 1527 1271 1554 τῶν
1282 1536 1312 1554 τε
1329 1528 1362 1555 ἐκ
1377 1526 1446 1555 Θεοῦ
1459 1528 1506 1555 καὶ
1528 1528 1566 1564 μὴ
1579 1549 1587 1563 ,
1605 1529 1698 1556 δίδωσι
1720 1529 1770 1565 τὴν
1787 1529 1854 1564 ἀλή-

1065 1574 1150 1602 θειαν.
1170 1574 1242 1610 Ἔφη
1265 1575 1319 1610 γὰρ
1341 1574 1438 1602 πάλιν·
1459 1584 1469 1600 ι
1496 1573 1526 1601 '0
1542 1575 1704 1611 προφήτης,
1732 1576 1762 1603 ὲν
1784 1572 1807 1609 ᾧ
1824 1575 1855 1602 τὸ

1064 1619 1188 1647 ἐνύπνιον
1205 1620 1288 1647 αὐτοῦ
1299 1640 1306 1653 ,
1321 1622 1368 1647 καὶ
1384 1622 1413 1647 ἐν
1434 1617 1456 1654 ᾧ
1477 1621 1492 1647 ό
1511 1621 1590 1656 λόγος
1607 1630 1657 1656 μου
1671 1620 1740 1658 πρὸς
1760 1621 1852 1654 αὑτὸν,

1062 1666 1239 1702 δίηγησάσθω
1253 1667 1300 1695 τὸν
1310 1667 1388 1702 λόγον
1402 1676 1453 1703 μου
1465 1669 1508 1695 ἐπ’
1521 1667 1664 1702 ἀληθείας.
1685 1677 1694 1694 ›
1717 1668 1760 1700 Ὠς
1773 1669 1854 1705 εἰπερ

1062 1721 1088 1740 τι
1106 1713 1229 1748 φαίνοιτο
1245 1714 1295 1749 τῆς
1314 1713 1445 1748 ἀληθείας
1463 1714 1640 1750 ὴμαρτηκδς,
1657 1714 1802 1746 ὲκδείξειεν
1821 1715 1855 1743 ἂν

1062 1759 1128 1786 αὐτὸ
1153 1759 1234 1791 εὐθὺς
1250 1759 1385 1795 ψευδηεπῆ
1407 1760 1453 1787 τὸν
1466 1760 1634 1796 γεννήτορα,
1662 1761 1709 1787 καὶ
1725 1761 1780 1788 ἀπὸ
1804 1762 1854 1797 τῆς

1063 1805 1160 1833 ἑαυτοῦ
1185 1806 1319 1834 λαλοῦντα
1345 1807 1476 1843 καρδίας,
1495 1807 1547 1834 οὐκ
1567 1807 1621 1834 ἀπὸ
1639 1807 1773 1843 στόματος
1795 1809 1854 1836 Ku-

1063 1850 1121 1887 ρίου
1131 1872 1138 1885 ,
1154 1851 1227 1879 καθά
1242 1852 1408 1889 γέγραπται.

1096 1941 1201 1969 ΠΑΛΛ.
1225 1941 1319 1969 Βούλει
1342 1951 1368 1969 τι
1389 1942 1482 1978 θῶμεν
1499 1943 1554 1970 τῶν
1570 1943 1728 1978 ἀναγκαίων
1746 1943 1787 1976 είς
1803 1943 1852 1979 βά-

1062 1998 1155 2023 σανον,
1173 1990 1189 2025 ἥ
1204 1990 1337 2026 παρέντες
1356 1990 1441 2026 ἴωμεν
1451 2010 1459 2023 ,
1471 1987 1544 2028 ᾗπερ
1558 1991 1591 2018 ἂν
1601 1991 1619 2017 ό
1634 1991 1679 2023 σὸς
1696 1991 1770 2026 ἡμᾶς
1781 1991 1850 2019 ἀπο-

1061 2036 1162 2073 κομίσῃ
1179 2035 1258 2071 λόγος
1267 2045 1273 2070 ;

1095 2082 1177 2110 ΚΥΡ.
1202 2083 1257 2111 Καὶ
1276 2083 1345 2120 μὴν,
1361 2079 1384 2110 ὧ
1401 2083 1547 2117 Παλλάδιε,
1564 2084 1618 2111 τῶν
1633 2083 1792 2119 ἀναγκαίων
1809 2085 1850 2116 εἰς

1060 2129 1152 2165 ὄνησιν
1168 2129 1197 2156 οὺ
1213 2129 1316 2165 βραχὺς
1333 2131 1401 2166 ἡμῖν
1414 2131 1427 2158 ό
1442 2130 1532 2164 λόγος·
1547 2130 1586 2162 ὡς
1601 2131 1633 2157 τό
1647 2139 1688 2157 τοι
1705 2130 1744 2166 μὴ
1767 2131 1850 2166 φάναι

1059 2175 1089 2202 τὸ
1109 2175 1205 2203 δοκοῦν
1226 2176 1378 2213 ἐλευθέρως
1402 2177 1619 2213 ἐπαιτιασαίμην
1643 2177 1694 2210 ἂν,
1712 2177 1760 2204 καὶ
1778 2177 1851 2213 μάλα

215 2225 325 2254 putem;
338 2219 609 2254 idquejureoptimo.
622 2217 806 2251 Quamobrem
818 2216 888 2244 nihil
898 2216 1006 2243 veritus

1067 2221 1181 2254 ῑῐκότως·
1200 2221 1287 2258 φράζε
1302 2222 1334 2258 δὴ
1345 2220 1391 2250 οὖν
1403 2222 1522 2259 ὀκνήσας
1533 2223 1618 2251 οὐδέν.
1632 2237 1637 2241 -

215 2266 270 2296 dic.
283 2266 305 2292 si
316 2265 382 2300 quid
400 2266 478 2292 velis.

205 2326 208 2334 η
250 2311 348 2339 PALL.
360 2311 388 2339 Si
400 2311 498 2338 nouab
509 2319 556 2338 ore
577 2310 685 2338 Domini
698 2311 848 2345 loquuntur
866 2310 1003 2342 nonnulli,

214 2357 259 2384 sed
279 2362 415 2388 eructant,
436 2362 466 2384 ut
480 2357 529 2388 ais,
542 2356 575 2383 de
590 2356 673 2383 corde
684 2363 734 2383 suo
748 2365 754 2388 ;
773 2363 894 2391 quonam
919 2355 1003 2390 igitur

214 2403 295 2430 modo
311 2408 435 2430 sanctum
457 2402 624 2434 Samuelem,
645 2402 837 2437 quamvisjam
852 2407 1002 2434 mortuum,

214 2448 374 2483 Pythonissa
399 2447 443 2474 illa
461 2447 562 2474 mulier
593 2447 627 2474 ad
647 2447 711 2475 Saul
737 2447 876 2483 produxit,
897 2448 944 2483 qui
964 2447 1003 2474 illi

215 2501 306 2521 rerum
329 2494 482 2521 futurarum
500 2494 604 2521 exitum
623 2494 787 2529 exponeret?
807 2494 870 2521 Haec
879 2494 953 2521 enim
966 2494 1006 2521 sic

211 2547 274 2567 esse
284 2545 369 2575 gesta,
380 2547 470 2574 neque
479 2539 558 2567 aliter
569 2539 713 2572 accidisse,
726 2540 837 2575 quidam
849 2545 956 2576 putant.

241 2627 403 2655 CYR.Num
416 2633 445 2656 tu
456 2636 564 2664 quoque
573 2637 628 2657 non
639 2629 676 2658 ita
686 2638 714 2658 se
725 2638 782 2658 rem
794 2631 896 2659 habere
907 2636 987 2667 putas
995 2652 1002 2663 ,

215 2674 242 2700 in
253 2680 341 2708 eoque
353 2673 455 2701 rectius
461 2674 601 2703 existimas
611 2684 617 2703 :
627 2684 661 2703 an
670 2676 785 2704 ridicule
796 2677 862 2712 justi
875 2678 927 2704 viri
941 2678 1001 2705 ani-

214 2725 286 2745 mam
316 2726 411 2746 revera
435 2725 648 2762 coaetamesse
675 2722 764 2756 dicis,
783 2729 811 2751 et
840 2724 1001 2753 muliercula

213 2769 327 2792 vocante
340 2765 464 2794 venisse?

256 2857 281 2873 ⁴¹
298 2857 377 2885 Deut.
399 2867 475 2888 xvm.
491 2858 536 2888 2|.
555 2859 598 2886 22.
639 2859 729 2887 "Jcr.
742 2868 820 2894 xxiii,
834 2860 930 2891 25-35.

1095 2311 1200 2338 HAAA.
1213 2311 1244 2338 El
1260 2311 1298 2348 μὴ
1312 2312 1366 2339 ἀπὸ
1381 2312 1514 2346 στόματος
1526 2311 1628 2348 Κυρίου
1640 2311 1752 2345 λαλοῦσι
1764 2321 1848 2346 τινες,

1059 2357 1217 2393 ἐρεύγονται
1232 2357 1277 2390 δὲ,
1295 2358 1334 2389 ὠς
1359 2357 1429 2393 φὴς,
1445 2359 1480 2386 τὰ
1502 2358 1558 2385 ἀπὸ
1581 2357 1713 2393 καρδίας,
1737 2358 1800 2386 τίνα
1816 2358 1848 2394 δὴ

1059 2403 1159 2440 τρόπον
1175 2404 1221 2430 καί
1245 2412 1286 2430 τοι
1307 2403 1444 2431 τεθνεῶτα
1464 2404 1512 2433 τὸν
1527 2404 1604 2439 ἀγιον
1620 2403 1747 2440 Σαμουὴλ
1767 2405 1784 2439 ἡ
1804 2405 1847 2438 ὲγ-

1059 2449 1246 2485 γαστρίμυθος
1273 2450 1365 2486 ἐκείνη
1391 2450 1460 2486 γυνὴ
1486 2451 1657 2487 παρεκόμισε
1681 2449 1721 2486 τῷ
1748 2450 1846 2483 Σαοὺλ,

1057 2495 1088 2522 τὺ
1112 2495 1166 2522 τῶν
1186 2495 1324 2531 ἐσομένων
1347 2496 1421 2532 αὐτῷ
1445 2496 1628 2532 σαφηνιοῦντα
1649 2496 1754 2532 πέρας;
1770 2497 1848 2524 ταυτὶ

1058 2539 1112 2576 γὰρ
1129 2536 1180 2567 ὧδε
1204 2539 1380 2576 πεπρᾶχθαι,
1397 2541 1444 2568 καὶ
1461 2541 1510 2577 οὐχ
1534 2541 1635 2576 ἑτέρως
1651 2540 1724 2576 ἔχειν
1747 2540 1848 2569 οἴονταί

1057 2595 1138 2618 τινες.

1091 2633 1174 2660 ΚΥΡ.
1197 2633 1253 2660 υἴει
1277 2633 1306 2660 δὲ
1332 2633 1412 2666 αὐτὸς
1434 2634 1484 2670 οὐχ
1505 2630 1557 2662 ὧδε
1581 2634 1671 2670 ἔχειν,
1693 2637 1742 2664 καὶ
1763 2637 1848 2672 λογιεῖ

1055 2679 1135 2706 τοῦτο
1160 2680 1289 2715 ἄμεινον,
1312 2681 1396 2716 ἤγουν
1420 2681 1568 2716 φληνάφως
1595 2682 1646 2718 τὴν
1671 2683 1719 2710 τοῦ
1741 2683 1848 2711 δικαίου

1055 2725 1144 2761 ψυχὴν
1160 2726 1336 2754 ὲκὸεσιάσθαι
1350 2727 1404 2764 φὴς
1420 2728 1490 2756 κατά
1503 2728 1534 2755 τὸ
1547 2727 1656 2764 ἀληθὲς,
1675 2729 1721 2756 καὶ
1733 2730 1847 2764 γυναίου

1055 2771 1202 2805 καλοῦντος
1216 2772 1304 2800 ἐλθεῖν
1315 2782 1322 2808 ;
1481 2775 1492 2776 ⁷⁷
1647 2775 1654 2777 ⁷

970 2863 992 2879 ’³
1007 2862 1075 2890 ibid.
1089 2862 1133 2890 ‘28.
