  <div class='ocr_page' id='page_1' title='image "/cluster/home/n/w/nwhite01/storage/ocr_20150623/68/njp.32101077772711/278.png"; bbox 0 0 1934 3042; ppageno 0'>
   <div class='ocr_carea' id='block_1_1' title="bbox 77 200 130 230">
    <p class='ocr_par' dir='ltr' id='par_1_1' title="bbox 77 200 130 230">
     <span class='ocr_line' id='line_1_1' title="bbox 77 200 130 230; baseline 0.019 -1"><span class='ocrx_word' id='word_1_1' title='bbox 77 200 130 230; x_wconf 71' lang='grc' dir='ltr'><strong>ιῦὗ</strong></span> 
     </span>
    </p>
   </div>
   <div class='ocr_carea' id='block_1_2' title="bbox 443 204 1354 239">
    <p class='ocr_par' dir='ltr' id='par_1_2' title="bbox 443 204 1354 239">
     <span class='ocr_line' id='line_1_2' title="bbox 443 204 1354 239; baseline 0.001 -5"><span class='ocrx_word' id='word_1_2' title='bbox 443 205 488 234; x_wconf 88' lang='lat' dir='ltr'><strong>DE</strong></span> <span class='ocrx_word' id='word_1_3' title='bbox 505 204 727 239; x_wconf 79' lang='lat' dir='ltr'><strong>ADORATIONE</strong></span> <span class='ocrx_word' id='word_1_4' title='bbox 746 207 779 234; x_wconf 86' lang='lat' dir='ltr'><strong>1N</strong></span> <span class='ocrx_word' id='word_1_5' title='bbox 800 207 935 236; x_wconf 76' lang='lat' dir='ltr'><strong>SPIRITU</strong></span> <span class='ocrx_word' id='word_1_6' title='bbox 955 207 999 234; x_wconf 84' lang='grc' dir='ltr'><strong>ΕΤ</strong></span> <span class='ocrx_word' id='word_1_7' title='bbox 1019 208 1202 235; x_wconf 71' lang='lat' dir='ltr'><strong>V’Elll&#39;l&#39;ATE.</strong></span> <span class='ocrx_word' id='word_1_8' title='bbox 1225 207 1288 234; x_wconf 85' lang='lat' dir='ltr'><strong>LIB.</strong></span> <span class='ocrx_word' id='word_1_9' title='bbox 1309 206 1354 236; x_wconf 82' lang='lat' dir='ltr'><strong>Vl.</strong></span> 
     </span>
    </p>
   </div>
   <div class='ocr_carea' id='block_1_3' title="bbox 1655 197 1733 237">
    <p class='ocr_par' dir='ltr' id='par_1_3' title="bbox 1655 197 1733 237">
     <span class='ocr_line' id='line_1_3' title="bbox 1655 197 1733 237; baseline 0.026 -2"><span class='ocrx_word' id='word_1_10' title='bbox 1655 197 1733 237; x_wconf 58' lang='grc' dir='ltr'>Μ’</span> 
     </span>
    </p>
   </div>
   <div class='ocr_carea' id='block_1_4' title="bbox 111 249 878 298">
    <p class='ocr_par' dir='ltr' id='par_1_4' title="bbox 111 249 868 297">
     <span class='ocr_line' id='line_1_4' title="bbox 111 249 868 297; baseline 0.004 -11"><span class='ocrx_word' id='word_1_11' title='bbox 111 258 217 286; x_wconf 71' lang='grc' dir='ltr'><strong>ΠΔΛΛ.</strong></span> <span class='ocrx_word' id='word_1_12' title='bbox 241 249 301 287; x_wconf 74' lang='grc' dir='ltr'>ὸύκ</span> <span class='ocrx_word' id='word_1_13' title='bbox 317 250 349 287; x_wconf 70' lang='grc' dir='ltr'>ἂν</span> <span class='ocrx_word' id='word_1_14' title='bbox 372 260 462 296; x_wconf 68' lang='grc' dir='ltr'>ἔχοιμι</span> <span class='ocrx_word' id='word_1_15' title='bbox 487 262 580 297; x_wconf 83' lang='grc' dir='ltr'>σαφῶς</span> <span class='ocrx_word' id='word_1_16' title='bbox 605 263 702 290; x_wconf 87' lang='grc' dir='ltr'>εἰπεῖν.</span> <span class='ocrx_word' id='word_1_17' title='bbox 727 262 868 295; x_wconf 76' lang='grc' dir='ltr'>Ἑνδείξειε</span> 
     </span>
    </p>
   </div>
   <div class='ocr_carea' id='block_1_5' title="bbox 933 249 1711 298">
    <p class='ocr_par' dir='ltr' id='par_1_5' title="bbox 958 255 1711 298">
     <span class='ocr_line' id='line_1_5' title="bbox 958 255 1711 298; baseline 0 -8"><span class='ocrx_word' id='word_1_18' title='bbox 958 255 1055 290; x_wconf 66' lang='grc' dir='ltr'><strong>ΡᾹΠ..</strong></span> <span class='ocrx_word' id='word_1_19' title='bbox 1074 261 1215 298; x_wconf 76' lang='lat' dir='ltr'><strong>Equidem</strong></span> <span class='ocrx_word' id='word_1_20' title='bbox 1238 267 1410 298; x_wconf 82' lang='lat' dir='ltr'><strong>compertum</strong></span> <span class='ocrx_word' id='word_1_21' title='bbox 1435 271 1489 290; x_wconf 86' lang='lat' dir='ltr'><strong>non</strong></span> <span class='ocrx_word' id='word_1_22' title='bbox 1519 263 1608 291; x_wconf 80' lang='lat' dir='ltr'><strong>habeo</strong></span> <span class='ocrx_word' id='word_1_23' title='bbox 1643 263 1711 298; x_wconf 89' lang='lat' dir='ltr'><strong>quid</strong></span> 
     </span>
    </p>
   </div>
   <div class='ocr_carea' id='block_1_6' title="bbox 78 302 668 344">
    <p class='ocr_par' dir='ltr' id='par_1_6' title="bbox 78 302 668 344">
     <span class='ocr_line' id='line_1_6' title="bbox 78 302 668 344; baseline 0.008 -13"><span class='ocrx_word' id='word_1_24' title='bbox 78 304 100 331; x_wconf 82' lang='grc' dir='ltr'>δ’</span> <span class='ocrx_word' id='word_1_25' title='bbox 110 303 154 339; x_wconf 72' lang='grc' dir='ltr'><strong>ἂν,</strong></span> <span class='ocrx_word' id='word_1_26' title='bbox 172 302 252 340; x_wconf 75' lang='grc' dir='ltr'>οἶμαί</span> <span class='ocrx_word' id='word_1_27' title='bbox 266 315 328 340; x_wconf 87' lang='grc' dir='ltr'>που,</span> <span class='ocrx_word' id='word_1_28' title='bbox 343 307 373 334; x_wconf 82' lang='grc' dir='ltr'><strong>τὺ</strong></span> <span class='ocrx_word' id='word_1_29' title='bbox 387 307 496 343; x_wconf 82' lang='grc' dir='ltr'>ἀληθὲς,</span> <span class='ocrx_word' id='word_1_30' title='bbox 510 309 527 344; x_wconf 74' lang='grc' dir='ltr'>ἡ</span> <span class='ocrx_word' id='word_1_31' title='bbox 540 308 668 344; x_wconf 81' lang='grc' dir='ltr'>βάσανος.</span> 
     </span>
    </p>
   </div>
   <div class='ocr_carea' id='block_1_7' title="bbox 114 392 871 432">
    <p class='ocr_par' dir='ltr' id='par_1_7' title="bbox 114 392 871 432">
     <span class='ocr_line' id='line_1_7' title="bbox 114 392 871 432; baseline 0.005 -12"><span class='ocrx_word' id='word_1_32' title='bbox 114 394 199 422; x_wconf 80' lang='grc' dir='ltr'><strong>ΚΥΡ.</strong></span> <span class='ocrx_word' id='word_1_33' title='bbox 221 392 258 422; x_wconf 83' lang='grc' dir='ltr'><strong>Εὖ</strong></span> <span class='ocrx_word' id='word_1_34' title='bbox 282 394 360 431; x_wconf 78' lang='grc' dir='ltr'>ἔφης.</span> <span class='ocrx_word' id='word_1_35' title='bbox 384 395 488 424; x_wconf 81' lang='grc' dir='ltr'>Οὐκοῦν</span> <span class='ocrx_word' id='word_1_36' title='bbox 512 397 602 424; x_wconf 71' lang='grc' dir='ltr'>ἐκεῖνο</span> <span class='ocrx_word' id='word_1_37' title='bbox 626 396 672 424; x_wconf 75' lang='grc' dir='ltr'>καὶ</span> <span class='ocrx_word' id='word_1_38' title='bbox 696 396 750 432; x_wconf 74' lang='grc' dir='ltr'><strong>πρό</strong></span> <span class='ocrx_word' id='word_1_39' title='bbox 770 405 802 431; x_wconf 90' lang='grc' dir='ltr'><strong>γε</strong></span> <span class='ocrx_word' id='word_1_40' title='bbox 817 397 871 424; x_wconf 85' lang='grc' dir='ltr'><strong>τῶν</strong></span> 
     </span>
    </p>
   </div>
   <div class='ocr_carea' id='block_1_8' title="bbox 79 440 871 478">
    <p class='ocr_par' dir='ltr' id='par_1_8' title="bbox 79 440 871 478">
     <span class='ocr_line' id='line_1_8' title="bbox 79 440 871 478; baseline 0.003 -10"><span class='ocrx_word' id='word_1_41' title='bbox 79 440 170 468; x_wconf 82' lang='grc' dir='ltr'>ἄλλων</span> <span class='ocrx_word' id='word_1_42' title='bbox 195 441 480 478; x_wconf 81' lang='grc' dir='ltr'>πολυπραγμονεισθω</span> <span class='ocrx_word' id='word_1_43' title='bbox 501 443 587 476; x_wconf 86' lang='grc' dir='ltr'>τέως,</span> <span class='ocrx_word' id='word_1_44' title='bbox 605 443 720 478; x_wconf 87' lang='grc' dir='ltr'>πότερον</span> <span class='ocrx_word' id='word_1_45' title='bbox 744 443 788 470; x_wconf 84' lang='grc' dir='ltr'><strong>διὰ</strong></span> <span class='ocrx_word' id='word_1_46' title='bbox 804 443 871 470; x_wconf 80' lang='grc' dir='ltr'>Θεοῦ</span> 
     </span>
    </p>
   </div>
   <div class='ocr_carea' id='block_1_9' title="bbox 79 483 872 526">
    <p class='ocr_par' dir='ltr' id='par_1_9' title="bbox 79 483 872 526">
     <span class='ocr_line' id='line_1_9' title="bbox 79 483 872 526; baseline 0.006 -14"><span class='ocrx_word' id='word_1_47' title='bbox 79 486 372 524; x_wconf 77' lang='grc' dir='ltr'>πολυπραγμονοῦνται</span> <span class='ocrx_word' id='word_1_48' title='bbox 385 490 431 516; x_wconf 76' lang='grc' dir='ltr'>καὶ</span> <span class='ocrx_word' id='word_1_49' title='bbox 445 483 636 526; x_wconf 81' lang='grc' dir='ltr'>τερατεύονται</span> <span class='ocrx_word' id='word_1_50' title='bbox 651 490 700 516; x_wconf 75' lang='grc' dir='ltr'>καὶ</span> <span class='ocrx_word' id='word_1_51' title='bbox 718 490 872 525; x_wconf 74' lang='grc' dir='ltr'>ἀποπεραί-</span> 
     </span>
    </p>
   </div>
   <div class='ocr_carea' id='block_1_10' title="bbox 79 533 874 572">
    <p class='ocr_par' dir='ltr' id='par_1_10' title="bbox 79 533 874 572">
     <span class='ocr_line' id='line_1_10' title="bbox 79 533 874 572; baseline 0.006 -13"><span class='ocrx_word' id='word_1_52' title='bbox 79 541 158 560; x_wconf 85' lang='grc' dir='ltr'>νουσι</span> <span class='ocrx_word' id='word_1_53' title='bbox 176 535 266 567; x_wconf 75' lang='grc' dir='ltr'>ταυτὶ,</span> <span class='ocrx_word' id='word_1_54' title='bbox 282 536 366 571; x_wconf 75' lang='grc' dir='ltr'>ἤγουν</span> <span class='ocrx_word' id='word_1_55' title='bbox 380 535 426 563; x_wconf 77' lang='grc' dir='ltr'>διὰ.</span> <span class='ocrx_word' id='word_1_56' title='bbox 445 536 572 572; x_wconf 82' lang='grc' dir='ltr'>πονηρῶν</span> <span class='ocrx_word' id='word_1_57' title='bbox 589 536 753 572; x_wconf 81' lang='grc' dir='ltr'>πνευμάτων</span> <span class='ocrx_word' id='word_1_58' title='bbox 768 533 808 569; x_wconf 70' lang='grc' dir='ltr'>οἷς</span> <span class='ocrx_word' id='word_1_59' title='bbox 826 545 874 572; x_wconf 84' lang='grc' dir='ltr'>με·</span> 
     </span>
    </p>
   </div>
   <div class='ocr_carea' id='block_1_11' title="bbox 79 576 392 616">
    <p class='ocr_par' dir='ltr' id='par_1_11' title="bbox 79 576 392 616">
     <span class='ocr_line' id='line_1_11' title="bbox 79 576 392 616; baseline 0.01 -12"><span class='ocrx_word' id='word_1_60' title='bbox 79 576 145 613; x_wconf 79' lang='grc' dir='ltr'>λέτη</span> <span class='ocrx_word' id='word_1_61' title='bbox 161 579 193 606; x_wconf 74' lang='grc' dir='ltr'>τὸ</span> <span class='ocrx_word' id='word_1_62' title='bbox 212 580 392 616; x_wconf 80' lang='grc' dir='ltr'>ἐπιτήδευμα.</span> 
     </span>
    </p>
   </div>
   <div class='ocr_carea' id='block_1_12' title="bbox 115 626 874 666">
    <p class='ocr_par' dir='ltr' id='par_1_12' title="bbox 115 626 874 666">
     <span class='ocr_line' id='line_1_12' title="bbox 115 626 874 666; baseline 0.009 -14"><span class='ocrx_word' id='word_1_63' title='bbox 115 626 223 654; x_wconf 78' lang='grc' dir='ltr'><strong>ΠΔΛΛ.</strong></span> <span class='ocrx_word' id='word_1_64' title='bbox 248 627 303 654; x_wconf 75' lang='grc' dir='ltr'><strong>Καὶ</strong></span> <span class='ocrx_word' id='word_1_65' title='bbox 325 627 367 659; x_wconf 88' lang='grc' dir='ltr'><strong>τίς</strong></span> <span class='ocrx_word' id='word_1_66' title='bbox 383 627 416 655; x_wconf 87' lang='grc' dir='ltr'>ἂν</span> <span class='ocrx_word' id='word_1_67' title='bbox 429 629 469 661; x_wconf 74' lang='grc' dir='ltr'>εἰς</span> <span class='ocrx_word' id='word_1_68' title='bbox 493 629 573 656; x_wconf 85' lang='grc' dir='ltr'>τοῦτο</span> <span class='ocrx_word' id='word_1_69' title='bbox 597 629 737 666; x_wconf 79' lang='grc' dir='ltr'><strong>λογισμῶν</strong></span> <span class='ocrx_word' id='word_1_70' title='bbox 758 630 874 664; x_wconf 80' lang='grc' dir='ltr'><strong>ἀτοπίας</strong></span> 
     </span>
    </p>
   </div>
   <div class='ocr_carea' id='block_1_13' title="bbox 79 669 874 710">
    <p class='ocr_par' dir='ltr' id='par_1_13' title="bbox 79 669 874 710">
     <span class='ocr_line' id='line_1_13' title="bbox 79 669 874 710; baseline 0.011 -15"><span class='ocrx_word' id='word_1_71' title='bbox 79 669 209 704; x_wconf 71' lang='grc' dir='ltr'>ἀφίκοιτο</span> <span class='ocrx_word' id='word_1_72' title='bbox 223 671 266 703; x_wconf 78' lang='grc' dir='ltr'>ἂν,</span> <span class='ocrx_word' id='word_1_73' title='bbox 280 671 317 703; x_wconf 82' lang='grc' dir='ltr'>ὡς</span> <span class='ocrx_word' id='word_1_74' title='bbox 331 673 435 699; x_wconf 80' lang='grc' dir='ltr'>οἴεσθαι</span> <span class='ocrx_word' id='word_1_75' title='bbox 450 673 494 700; x_wconf 80' lang='grc' dir='ltr'><strong>διὰ</strong></span> <span class='ocrx_word' id='word_1_76' title='bbox 508 673 576 700; x_wconf 81' lang='grc' dir='ltr'>Θεοῢ</span> <span class='ocrx_word' id='word_1_77' title='bbox 588 675 784 710; x_wconf 80' lang='grc' dir='ltr'>τερατεύεσθαι</span> <span class='ocrx_word' id='word_1_78' title='bbox 796 677 874 703; x_wconf 71' lang='grc' dir='ltr'>ταυτὶ</span> 
     </span>
    </p>
   </div>
   <div class='ocr_carea' id='block_1_14' title="bbox 80 717 873 756">
    <p class='ocr_par' dir='ltr' id='par_1_14' title="bbox 80 717 873 756">
     <span class='ocr_line' id='line_1_14' title="bbox 80 717 873 756; baseline 0.01 -15"><span class='ocrx_word' id='word_1_79' title='bbox 80 717 272 752; x_wconf 73' lang='grc' dir='ltr'>νεκρομᾰωτας</span> <span class='ocrx_word' id='word_1_80' title='bbox 288 726 317 744; x_wconf 90' lang='grc' dir='ltr'><strong>τε</strong></span> <span class='ocrx_word' id='word_1_81' title='bbox 333 719 379 745; x_wconf 78' lang='grc' dir='ltr'>καὶ</span> <span class='ocrx_word' id='word_1_82' title='bbox 398 719 637 756; x_wconf 72' lang='grc' dir='ltr'><strong>ἐγγαστριμύθους</strong></span> <span class='ocrx_word' id='word_1_83' title='bbox 652 721 700 748; x_wconf 74' lang='grc' dir='ltr'>καὶ</span> <span class='ocrx_word' id='word_1_84' title='bbox 714 722 873 756; x_wconf 81' lang='grc' dir='ltr'>ὲπαοιδούς;</span> 
     </span>
    </p>
   </div>
   <div class='ocr_carea' id='block_1_15' title="bbox 80 762 874 804">
    <p class='ocr_par' dir='ltr' id='par_1_15' title="bbox 80 762 874 804">
     <span class='ocr_line' id='line_1_15' title="bbox 80 762 874 804; baseline 0.01 -17"><span class='ocrx_word' id='word_1_85' title='bbox 80 762 312 799; x_wconf 86' lang='grc' dir='ltr'>Διαμεμνήσομαι</span> <span class='ocrx_word' id='word_1_86' title='bbox 338 764 392 801; x_wconf 78' lang='grc' dir='ltr'><strong>γὰρ</strong></span> <span class='ocrx_word' id='word_1_87' title='bbox 417 765 465 792; x_wconf 82' lang='grc' dir='ltr'>τοῦ</span> <span class='ocrx_word' id='word_1_88' title='bbox 492 765 595 801; x_wconf 87' lang='grc' dir='ltr'>νόμου,</span> <span class='ocrx_word' id='word_1_89' title='bbox 621 767 721 799; x_wconf 79' lang='grc' dir='ltr'>παντὸς</span> <span class='ocrx_word' id='word_1_90' title='bbox 747 768 874 804; x_wconf 79' lang='grc' dir='ltr'>ἑλομένου</span> 
     </span>
    </p>
   </div>
   <div class='ocr_carea' id='block_1_16' title="bbox 81 808 876 850">
    <p class='ocr_par' dir='ltr' id='par_1_16' title="bbox 81 808 876 850">
     <span class='ocr_line' id='line_1_16' title="bbox 81 808 876 850; baseline 0.01 -16"><span class='ocrx_word' id='word_1_91' title='bbox 81 808 162 835; x_wconf 83' lang='grc' dir='ltr'>τοῦτο</span> <span class='ocrx_word' id='word_1_92' title='bbox 181 810 249 846; x_wconf 81' lang='grc' dir='ltr'>δρᾷν</span> <span class='ocrx_word' id='word_1_93' title='bbox 272 811 367 847; x_wconf 84' lang='grc' dir='ltr'>ποινὴν</span> <span class='ocrx_word' id='word_1_94' title='bbox 388 811 580 847; x_wconf 79' lang='grc' dir='ltr'>καθορίςοντος</span> <span class='ocrx_word' id='word_1_95' title='bbox 594 813 789 850; x_wconf 45' lang='grc' dir='ltr'>τὴν-ἐσχάτην.</span> <span class='ocrx_word' id='word_1_96' title='bbox 808 812 876 842; x_wconf 79' lang='grc' dir='ltr'>Εἶτα</span> 
     </span>
    </p>
   </div>
   <div class='ocr_carea' id='block_1_17' title="bbox 81 854 875 895">
    <p class='ocr_par' dir='ltr' id='par_1_17' title="bbox 81 854 875 895">
     <span class='ocr_line' id='line_1_17' title="bbox 81 854 875 895; baseline 0.009 -13"><span class='ocrx_word' id='word_1_97' title='bbox 81 854 145 887; x_wconf 85' lang='grc' dir='ltr'><strong>πῶς</strong></span> <span class='ocrx_word' id='word_1_98' title='bbox 157 856 209 882; x_wconf 73' lang='grc' dir='ltr'>οὐκ</span> <span class='ocrx_word' id='word_1_99' title='bbox 220 857 398 893; x_wconf 77' lang='grc' dir='ltr'><strong>ἀπόπληκτον</strong></span> <span class='ocrx_word' id='word_1_100' title='bbox 416 857 517 885; x_wconf 68' lang='grc' dir='ltr'>ἐννοεῖν</span> <span class='ocrx_word' id='word_1_101' title='bbox 529 880 537 892; x_wconf 86' lang='grc'><strong>,</strong></span> <span class='ocrx_word' id='word_1_102' title='bbox 551 859 596 885; x_wconf 80' lang='grc' dir='ltr'>τὸν</span> <span class='ocrx_word' id='word_1_103' title='bbox 611 859 719 895; x_wconf 72' lang='grc' dir='ltr'>θανάτῳ</span> <span class='ocrx_word' id='word_1_104' title='bbox 732 861 875 889; x_wconf 84' lang='grc' dir='ltr'>καταδεδι-</span> 
     </span>
    </p>
   </div>
   <div class='ocr_carea' id='block_1_18' title="bbox 81 902 876 942">
    <p class='ocr_par' dir='ltr' id='par_1_18' title="bbox 81 902 876 942">
     <span class='ocr_line' id='line_1_18' title="bbox 81 902 876 942; baseline 0.009 -15"><span class='ocrx_word' id='word_1_105' title='bbox 81 902 233 936; x_wconf 84' lang='grc' dir='ltr'>κασμένον,</span> <span class='ocrx_word' id='word_1_106' title='bbox 250 903 301 930; x_wconf 79' lang='grc' dir='ltr'>οὐκ</span> <span class='ocrx_word' id='word_1_107' title='bbox 325 903 438 939; x_wconf 82' lang='grc' dir='ltr'><strong>ἀπᾴδειν</strong></span> <span class='ocrx_word' id='word_1_108' title='bbox 455 903 533 940; x_wconf 80' lang='grc' dir='ltr'><strong>Θεῷ;</strong></span> <span class='ocrx_word' id='word_1_109' title='bbox 550 905 588 931; x_wconf 80' lang='grc' dir='ltr'><strong>Οὐ</strong></span> <span class='ocrx_word' id='word_1_110' title='bbox 601 905 655 942; x_wconf 78' lang='grc' dir='ltr'>γάρ</span> <span class='ocrx_word' id='word_1_111' title='bbox 677 914 721 932; x_wconf 89' lang='grc' dir='ltr'><strong>πω</strong></span> <span class='ocrx_word' id='word_1_112' title='bbox 737 907 792 939; x_wconf 80' lang='grc' dir='ltr'>τοῖς</span> <span class='ocrx_word' id='word_1_113' title='bbox 811 907 876 934; x_wconf 80' lang='grc' dir='ltr'>ἐαυ-</span> 
     </span>
    </p>
   </div>
   <div class='ocr_carea' id='block_1_19' title="bbox 81 947 440 985">
    <p class='ocr_par' dir='ltr' id='par_1_19' title="bbox 81 947 440 985">
     <span class='ocr_line' id='line_1_19' title="bbox 81 947 440 985; baseline 0.008 -11"><span class='ocrx_word' id='word_1_114' title='bbox 81 947 131 974; x_wconf 82' lang='grc' dir='ltr'><strong>τοῦ</strong></span> <span class='ocrx_word' id='word_1_115' title='bbox 145 948 321 984; x_wconf 81' lang='grc' dir='ltr'><strong>διαμαχεῖται</strong></span> <span class='ocrx_word' id='word_1_116' title='bbox 337 949 440 985; x_wconf 85' lang='grc' dir='ltr'>νόμοις.</span> 
     </span>
    </p>
   </div>
   <div class='ocr_carea' id='block_1_20' title="bbox 118 993 875 1036">
    <p class='ocr_par' dir='ltr' id='par_1_20' title="bbox 118 993 875 1036">
     <span class='ocr_line' id='line_1_20' title="bbox 118 993 875 1036; baseline 0.009 -16"><span class='ocrx_word' id='word_1_117' title='bbox 118 993 202 1021; x_wconf 77' lang='grc' dir='ltr'><strong>ΚΥΡ.</strong></span> <span class='ocrx_word' id='word_1_118' title='bbox 217 995 334 1030; x_wconf 84' lang='grc' dir='ltr'>’Δριστα</span> <span class='ocrx_word' id='word_1_119' title='bbox 348 995 451 1032; x_wconf 74' lang='grc' dir='ltr'>διανοῇ.</span> <span class='ocrx_word' id='word_1_120' title='bbox 468 997 524 1029; x_wconf 82' lang='grc' dir='ltr'><strong>Τάς</strong></span> <span class='ocrx_word' id='word_1_121' title='bbox 549 997 577 1025; x_wconf 84' lang='grc' dir='ltr'>δὲ</span> <span class='ocrx_word' id='word_1_122' title='bbox 599 997 652 1026; x_wconf 78' lang='grc' dir='ltr'><strong>τῶν</strong></span> <span class='ocrx_word' id='word_1_123' title='bbox 674 999 762 1034; x_wconf 80' lang='grc' dir='ltr'>ἁγίων</span> <span class='ocrx_word' id='word_1_124' title='bbox 786 999 875 1036; x_wconf 78' lang='grc' dir='ltr'>ψυχὰς</span> 
     </span>
    </p>
   </div>
   <div class='ocr_carea' id='block_1_21' title="bbox 83 1039 875 1081">
    <p class='ocr_par' dir='ltr' id='par_1_21' title="bbox 83 1039 875 1081">
     <span class='ocr_line' id='line_1_21' title="bbox 83 1039 875 1081; baseline 0.009 -16"><span class='ocrx_word' id='word_1_125' title='bbox 83 1039 221 1073; x_wconf 84' lang='grc' dir='ltr'>σωμάτων</span> <span class='ocrx_word' id='word_1_126' title='bbox 249 1040 462 1076; x_wconf 82' lang='grc' dir='ltr'><strong>ἀπηλλαγμένας</strong></span> <span class='ocrx_word' id='word_1_127' title='bbox 495 1043 682 1079; x_wconf 81' lang='grc' dir='ltr'>παρερρίφθαι</span> <span class='ocrx_word' id='word_1_128' title='bbox 708 1045 875 1081; x_wconf 76' lang='grc' dir='ltr'>νομιοῦμεν,</span> 
     </span>
    </p>
   </div>
   <div class='ocr_carea' id='block_1_22' title="bbox 82 1083 877 1127">
    <p class='ocr_par' dir='ltr' id='par_1_22' title="bbox 82 1083 877 1127">
     <span class='ocr_line' id='line_1_22' title="bbox 82 1083 877 1127; baseline 0.009 -17"><span class='ocrx_word' id='word_1_129' title='bbox 82 1083 132 1110; x_wconf 79' lang='grc' dir='ltr'>καὶ</span> <span class='ocrx_word' id='word_1_130' title='bbox 146 1083 225 1119; x_wconf 85' lang='grc' dir='ltr'>λόγου</span> <span class='ocrx_word' id='word_1_131' title='bbox 245 1084 293 1121; x_wconf 73' lang='grc' dir='ltr'>μὲν</span> <span class='ocrx_word' id='word_1_132' title='bbox 309 1085 451 1119; x_wconf 75' lang='grc' dir='ltr'>ἀξιοῦσθαι</span> <span class='ocrx_word' id='word_1_133' title='bbox 467 1087 592 1123; x_wconf 79' lang='grc' dir='ltr'>μηδενὸς,</span> <span class='ocrx_word' id='word_1_134' title='bbox 608 1089 687 1124; x_wconf 72' lang='grc' dir='ltr'>ἥκειν</span> <span class='ocrx_word' id='word_1_135' title='bbox 704 1089 731 1116; x_wconf 83' lang='grc' dir='ltr'>δὲ</span> <span class='ocrx_word' id='word_1_136' title='bbox 745 1090 794 1126; x_wconf 76' lang='grc' dir='ltr'>ἤδη</span> <span class='ocrx_word' id='word_1_137' title='bbox 809 1084 877 1127; x_wconf 77' lang='grc' dir='ltr'>πρὸξ</span> 
     </span>
    </p>
   </div>
   <div class='ocr_carea' id='block_1_23' title="bbox 83 1129 877 1172">
    <p class='ocr_par' dir='ltr' id='par_1_23' title="bbox 83 1129 877 1172">
     <span class='ocr_line' id='line_1_23' title="bbox 83 1129 877 1172; baseline 0.009 -16"><span class='ocrx_word' id='word_1_138' title='bbox 83 1129 165 1157; x_wconf 84' lang='grc' dir='ltr'>τοῦτο</span> <span class='ocrx_word' id='word_1_139' title='bbox 182 1130 381 1167; x_wconf 80' lang='grc' dir='ltr'>ταλαιπωρίας,</span> <span class='ocrx_word' id='word_1_140' title='bbox 395 1131 433 1165; x_wconf 85' lang='grc' dir='ltr'>ὼς</span> <span class='ocrx_word' id='word_1_141' title='bbox 445 1134 492 1160; x_wconf 78' lang='grc' dir='ltr'>καὶ</span> <span class='ocrx_word' id='word_1_142' title='bbox 506 1136 636 1170; x_wconf 82' lang='grc' dir='ltr'>πονηροῖς</span> <span class='ocrx_word' id='word_1_143' title='bbox 651 1135 698 1162; x_wconf 73' lang='grc' dir='ltr'>καὶ</span> <span class='ocrx_word' id='word_1_144' title='bbox 711 1135 877 1172; x_wconf 79' lang='grc' dir='ltr'>ἀκαθάρτοις</span> 
     </span>
    </p>
   </div>
   <div class='ocr_carea' id='block_1_24' title="bbox 84 1177 876 1217">
    <p class='ocr_par' dir='ltr' id='par_1_24' title="bbox 84 1177 876 1217">
     <span class='ocr_line' id='line_1_24' title="bbox 84 1177 876 1217; baseline 0.009 -14"><span class='ocrx_word' id='word_1_145' title='bbox 84 1177 249 1204; x_wconf 78' lang='grc' dir='ltr'>ὑποκεῖσθαι</span> <span class='ocrx_word' id='word_1_146' title='bbox 278 1178 434 1214; x_wconf 81' lang='grc' dir='ltr'>πνεύμασι,</span> <span class='ocrx_word' id='word_1_147' title='bbox 460 1180 509 1207; x_wconf 79' lang='grc' dir='ltr'>καὶ</span> <span class='ocrx_word' id='word_1_148' title='bbox 534 1180 703 1217; x_wconf 85' lang='grc' dir='ltr'>ἀνεθελήτως</span> <span class='ocrx_word' id='word_1_149' title='bbox 719 1182 876 1210; x_wconf 81' lang='grc' dir='ltr'>ἀκολουθεῖν</span> 
     </span>
    </p>
   </div>
   <div class='ocr_carea' id='block_1_25' title="bbox 85 1223 878 1263">
    <p class='ocr_par' dir='ltr' id='par_1_25' title="bbox 85 1223 878 1263">
     <span class='ocr_line' id='line_1_25' title="bbox 85 1223 878 1263; baseline 0.006 -14"><span class='ocrx_word' id='word_1_150' title='bbox 85 1224 300 1259; x_wconf 81' lang='grc' dir='ltr'>περιτρέπουσιν</span> <span class='ocrx_word' id='word_1_151' title='bbox 321 1224 441 1257; x_wconf 73' lang='grc' dir='ltr'>εὐκόλως</span> <span class='ocrx_word' id='word_1_152' title='bbox 452 1223 533 1262; x_wconf 77' lang='grc' dir='ltr'>οἵπερ</span> <span class='ocrx_word' id='word_1_153' title='bbox 545 1225 578 1253; x_wconf 86' lang='grc' dir='ltr'>ἂν</span> <span class='ocrx_word' id='word_1_154' title='bbox 593 1226 695 1253; x_wconf 75' lang='grc' dir='ltr'>ἕλοιντο</span> <span class='ocrx_word' id='word_1_155' title='bbox 710 1227 800 1263; x_wconf 87' lang='grc' dir='ltr'>τυχόν.</span> <span class='ocrx_word' id='word_1_156' title='bbox 813 1228 878 1255; x_wconf 83' lang='grc' dir='ltr'>Καί-</span> 
     </span>
    </p>
   </div>
   <div class='ocr_carea' id='block_1_26' title="bbox 84 1269 878 1308">
    <p class='ocr_par' dir='ltr' id='par_1_26' title="bbox 84 1269 878 1308">
     <span class='ocr_line' id='line_1_26' title="bbox 84 1269 878 1308; baseline 0.008 -13"><span class='ocrx_word' id='word_1_157' title='bbox 84 1276 126 1296; x_wconf 88' lang='grc' dir='ltr'><strong>τοι</strong></span> <span class='ocrx_word' id='word_1_158' title='bbox 143 1269 174 1296; x_wconf 82' lang='grc' dir='ltr'><strong>τὸ</strong></span> <span class='ocrx_word' id='word_1_159' title='bbox 194 1270 246 1305; x_wconf 84' lang='grc' dir='ltr'>τῆς</span> <span class='ocrx_word' id='word_1_160' title='bbox 263 1270 477 1306; x_wconf 77' lang='grc' dir='ltr'>’Δποκαλύψεως</span> <span class='ocrx_word' id='word_1_161' title='bbox 499 1271 601 1306; x_wconf 80' lang='grc' dir='ltr'>βιϐλίον</span> <span class='ocrx_word' id='word_1_162' title='bbox 621 1273 688 1308; x_wconf 89' lang='grc' dir='ltr'>ἡμῖν</span> <span class='ocrx_word' id='word_1_163' title='bbox 709 1273 845 1306; x_wconf 76' lang='grc' dir='ltr'>συντιθεὶς</span> <span class='ocrx_word' id='word_1_164' title='bbox 863 1274 878 1300; x_wconf 83' lang='grc' dir='ltr'>ὁ</span> 
     </span>
    </p>
   </div>
   <div class='ocr_carea' id='block_1_27' title="bbox 84 1315 878 1356">
    <p class='ocr_par' dir='ltr' id='par_1_27' title="bbox 84 1315 878 1356">
     <span class='ocr_line' id='line_1_27' title="bbox 84 1315 878 1356; baseline 0.006 -14"><span class='ocrx_word' id='word_1_165' title='bbox 84 1315 168 1350; x_wconf 74' lang='grc' dir='ltr'>σοφὸς</span> <span class='ocrx_word' id='word_1_166' title='bbox 192 1316 332 1352; x_wconf 81' lang='grc' dir='ltr'>Ἰωάννης,</span> <span class='ocrx_word' id='word_1_167' title='bbox 350 1317 364 1343; x_wconf 84' lang='grc' dir='ltr'><strong>δ</strong></span> <span class='ocrx_word' id='word_1_168' title='bbox 378 1317 426 1344; x_wconf 75' lang='grc' dir='ltr'>καὶ</span> <span class='ocrx_word' id='word_1_169' title='bbox 437 1319 500 1350; x_wconf 80' lang='grc' dir='ltr'>ταῖς</span> <span class='ocrx_word' id='word_1_170' title='bbox 514 1318 567 1346; x_wconf 84' lang='grc' dir='ltr'><strong>τῶν</strong></span> <span class='ocrx_word' id='word_1_171' title='bbox 582 1320 715 1356; x_wconf 80' lang='grc' dir='ltr'>Πατέρων</span> <span class='ocrx_word' id='word_1_172' title='bbox 733 1320 878 1356; x_wconf 85' lang='grc' dir='ltr'>τετίμηται</span> 
     </span>
    </p>
   </div>
   <div class='ocr_carea' id='block_1_28' title="bbox 82 1361 879 1401">
    <p class='ocr_par' dir='ltr' id='par_1_28' title="bbox 82 1361 879 1401">
     <span class='ocr_line' id='line_1_28' title="bbox 82 1361 879 1401; baseline 0.008 -14"><span class='ocrx_word' id='word_1_173' title='bbox 82 1361 198 1397; x_wconf 79' lang='grc' dir='ltr'>ψήφοις,</span> <span class='ocrx_word' id='word_1_174' title='bbox 218 1362 268 1395; x_wconf 75' lang='grc' dir='ltr'><strong>τὰς</strong></span> <span class='ocrx_word' id='word_1_175' title='bbox 291 1363 346 1390; x_wconf 91' lang='grc' dir='ltr'><strong>τῶν</strong></span> <span class='ocrx_word' id='word_1_176' title='bbox 371 1364 457 1398; x_wconf 83' lang='grc' dir='ltr'>ἁγίων</span> <span class='ocrx_word' id='word_1_177' title='bbox 479 1364 569 1401; x_wconf 79' lang='grc' dir='ltr'>ψυχὰς</span> <span class='ocrx_word' id='word_1_178' title='bbox 594 1366 640 1393; x_wconf 77' lang='grc' dir='ltr'><strong>ὑπ’</strong></span> <span class='ocrx_word' id='word_1_179' title='bbox 663 1366 728 1393; x_wconf 71' lang='grc' dir='ltr'>αὐτὸ</span> <span class='ocrx_word' id='word_1_180' title='bbox 753 1366 783 1393; x_wconf 80' lang='grc' dir='ltr'>τὸ</span> <span class='ocrx_word' id='word_1_181' title='bbox 807 1366 879 1393; x_wconf 83' lang='grc' dir='ltr'>θεῖον</span> 
     </span>
    </p>
   </div>
   <div class='ocr_carea' id='block_1_29' title="bbox 83 1407 879 1446">
    <p class='ocr_par' dir='ltr' id='par_1_29' title="bbox 83 1407 879 1446">
     <span class='ocr_line' id='line_1_29' title="bbox 83 1407 879 1446; baseline 0.006 -12"><span class='ocrx_word' id='word_1_182' title='bbox 83 1407 234 1435; x_wconf 74' lang='grc' dir='ltr'>τεθεᾶσθαι</span> <span class='ocrx_word' id='word_1_183' title='bbox 249 1409 461 1446; x_wconf 82' lang='grc' dir='ltr'>θυσιαστήριον,</span> <span class='ocrx_word' id='word_1_184' title='bbox 474 1410 660 1438; x_wconf 78' lang='grc' dir='ltr'>διεὸεόαιοῠτο</span> <span class='ocrx_word' id='word_1_185' title='bbox 675 1411 766 1446; x_wconf 81' lang='grc' dir='ltr'>σαφῶς</span> <span class='ocrx_word' id='word_1_186' title='bbox 777 1432 783 1439; x_wconf 95' lang='grc'><strong><em>.</em></strong></span> <span class='ocrx_word' id='word_1_187' title='bbox 797 1413 829 1439; x_wconf 78' lang='lat' dir='ltr'><strong>El</strong></span> <span class='ocrx_word' id='word_1_188' title='bbox 851 1412 879 1438; x_wconf 82' lang='grc' dir='ltr'>δὲ</span> 
     </span>
    </p>
   </div>
   <div class='ocr_carea' id='block_1_30' title="bbox 86 1453 880 1492">
    <p class='ocr_par' dir='ltr' id='par_1_30' title="bbox 86 1453 880 1492">
     <span class='ocr_line' id='line_1_30' title="bbox 86 1453 880 1492; baseline 0.006 -12"><span class='ocrx_word' id='word_1_189' title='bbox 86 1453 135 1481; x_wconf 63' lang='lat' dir='ltr'><strong>ut</strong></span> <span class='ocrx_word' id='word_1_190' title='bbox 152 1454 182 1487; x_wconf 76' lang='grc' dir='ltr'><strong>ἐξ</strong></span> <span class='ocrx_word' id='word_1_191' title='bbox 207 1454 298 1481; x_wconf 77' lang='grc' dir='ltr'>αὐτῶν</span> <span class='ocrx_word' id='word_1_192' title='bbox 316 1455 427 1482; x_wconf 71' lang='grc' dir='ltr'>ἕλκουσι</span> <span class='ocrx_word' id='word_1_193' title='bbox 448 1455 504 1482; x_wconf 88' lang='grc' dir='ltr'><strong>τῶν</strong></span> <span class='ocrx_word' id='word_1_194' title='bbox 525 1456 582 1484; x_wconf 85' lang='grc' dir='ltr'><strong>ἀνω</strong></span> <span class='ocrx_word' id='word_1_195' title='bbox 605 1456 709 1492; x_wconf 82' lang='grc' dir='ltr'>μονῶν,</span> <span class='ocrx_word' id='word_1_196' title='bbox 727 1458 774 1484; x_wconf 74' lang='grc' dir='ltr'><strong>καὶ</strong></span> <span class='ocrx_word' id='word_1_197' title='bbox 788 1458 880 1485; x_wconf 79' lang='grc' dir='ltr'>τόπων</span> 
     </span>
    </p>
   </div>
   <div class='ocr_carea' id='block_1_31' title="bbox 84 1499 879 1538">
    <p class='ocr_par' dir='ltr' id='par_1_31' title="bbox 84 1499 879 1538">
     <span class='ocr_line' id='line_1_31' title="bbox 84 1499 879 1538; baseline 0.005 -13"><span class='ocrx_word' id='word_1_198' title='bbox 84 1499 175 1531; x_wconf 81' lang='grc' dir='ltr'>αὑτὰς</span> <span class='ocrx_word' id='word_1_199' title='bbox 208 1499 263 1526; x_wconf 88' lang='grc' dir='ltr'><strong>τῶν</strong></span> <span class='ocrx_word' id='word_1_200' title='bbox 298 1500 453 1535; x_wconf 80' lang='grc' dir='ltr'>ἱερωτάτων</span> <span class='ocrx_word' id='word_1_201' title='bbox 480 1501 710 1538; x_wconf 77' lang='grc' dir='ltr'>κατακομιζουσιν</span> <span class='ocrx_word' id='word_1_202' title='bbox 747 1503 879 1538; x_wconf 80' lang='grc' dir='ltr'>ἀφειδῶς,</span> 
     </span>
    </p>
   </div>
   <div class='ocr_carea' id='block_1_32' title="bbox 87 1545 882 1584">
    <p class='ocr_par' dir='ltr' id='par_1_32' title="bbox 87 1545 882 1584">
     <span class='ocr_line' id='line_1_32' title="bbox 87 1545 882 1584; baseline 0.004 -12"><span class='ocrx_word' id='word_1_203' title='bbox 87 1545 270 1581; x_wconf 83' lang='grc' dir='ltr'>ἀπείργοντος</span> <span class='ocrx_word' id='word_1_204' title='bbox 283 1546 390 1579; x_wconf 77' lang='grc' dir='ltr'>οὐδενὸς</span> <span class='ocrx_word' id='word_1_205' title='bbox 401 1567 408 1579; x_wconf 88' lang='grc'><strong>,</strong></span> <span class='ocrx_word' id='word_1_206' title='bbox 422 1546 538 1582; x_wconf 84' lang='grc' dir='ltr'>βάσιμος</span> <span class='ocrx_word' id='word_1_207' title='bbox 557 1547 606 1583; x_wconf 81' lang='grc' dir='ltr'>μὲν</span> <span class='ocrx_word' id='word_1_208' title='bbox 619 1547 704 1575; x_wconf 80' lang='grc' dir='ltr'>ἆπασι</span> <span class='ocrx_word' id='word_1_209' title='bbox 715 1549 771 1580; x_wconf 87' lang='grc' dir='ltr'>τοῖς</span> <span class='ocrx_word' id='word_1_210' title='bbox 787 1549 882 1584; x_wconf 87' lang='grc' dir='ltr'>δαιμο-</span> 
     </span>
    </p>
   </div>
   <div class='ocr_carea' id='block_1_33' title="bbox 83 1591 880 1628">
    <p class='ocr_par' dir='ltr' id='par_1_33' title="bbox 83 1591 880 1628">
     <span class='ocr_line' id='line_1_33' title="bbox 83 1591 880 1628; baseline 0.003 -9"><span class='ocrx_word' id='word_1_211' title='bbox 83 1591 155 1623; x_wconf 86' lang='grc' dir='ltr'>νίοις</span> <span class='ocrx_word' id='word_1_212' title='bbox 167 1592 181 1618; x_wconf 80' lang='grc' dir='ltr'>ὁ</span> <span class='ocrx_word' id='word_1_213' title='bbox 193 1592 324 1627; x_wconf 72' lang='grc' dir='ltr'>οὐρανὸς,</span> <span class='ocrx_word' id='word_1_214' title='bbox 342 1593 500 1628; x_wconf 75' lang='grc' dir='ltr'>ἀνοίγνυται</span> <span class='ocrx_word' id='word_1_215' title='bbox 516 1593 544 1621; x_wconf 83' lang='grc' dir='ltr'>δὲ</span> <span class='ocrx_word' id='word_1_216' title='bbox 558 1592 628 1621; x_wconf 83' lang='grc' dir='ltr'><strong>κατά</strong></span> <span class='ocrx_word' id='word_1_217' title='bbox 648 1594 679 1621; x_wconf 76' lang='grc' dir='ltr'>τὸ</span> <span class='ocrx_word' id='word_1_218' title='bbox 693 1594 767 1626; x_wconf 79' lang='grc' dir='ltr'>εἰκὸς</span> <span class='ocrx_word' id='word_1_219' title='bbox 789 1594 880 1626; x_wconf 74' lang='grc' dir='ltr'>αὐτοῖς</span> 
     </span>
    </p>
   </div>
   <div class='ocr_carea' id='block_1_34' title="bbox 85 1636 880 1675">
    <p class='ocr_par' dir='ltr' id='par_1_34' title="bbox 85 1636 880 1675">
     <span class='ocr_line' id='line_1_34' title="bbox 85 1636 880 1675; baseline 0.004 -11"><span class='ocrx_word' id='word_1_220' title='bbox 85 1638 136 1664; x_wconf 75' lang='grc' dir='ltr'>καὶ</span> <span class='ocrx_word' id='word_1_221' title='bbox 158 1639 176 1673; x_wconf 85' lang='grc' dir='ltr'><strong>ἡ</strong></span> <span class='ocrx_word' id='word_1_222' title='bbox 199 1636 248 1664; x_wconf 80' lang='grc' dir='ltr'><strong>τοῦ</strong></span> <span class='ocrx_word' id='word_1_223' title='bbox 264 1639 429 1674; x_wconf 83' lang='grc' dir='ltr'>παραδείσου</span> <span class='ocrx_word' id='word_1_224' title='bbox 447 1639 530 1675; x_wconf 77' lang='grc' dir='ltr'>πύλη-</span> <span class='ocrx_word' id='word_1_225' title='bbox 548 1641 709 1675; x_wconf 86' lang='grc' dir='ltr'>παραχωρεί</span> <span class='ocrx_word' id='word_1_226' title='bbox 721 1640 760 1672; x_wconf 81' lang='grc' dir='ltr'>δὲ,</span> <span class='ocrx_word' id='word_1_227' title='bbox 776 1640 814 1672; x_wconf 82' lang='grc' dir='ltr'>ὡς</span> <span class='ocrx_word' id='word_1_228' title='bbox 827 1640 880 1667; x_wconf 76' lang='grc' dir='ltr'>ἐοι-</span> 
     </span>
    </p>
   </div>
   <div class='ocr_carea' id='block_1_35' title="bbox 85 1685 879 1722">
    <p class='ocr_par' dir='ltr' id='par_1_35' title="bbox 85 1685 879 1722">
     <span class='ocr_line' id='line_1_35' title="bbox 85 1685 879 1722; baseline 0.004 -11"><span class='ocrx_word' id='word_1_229' title='bbox 85 1693 155 1717; x_wconf 81' lang='grc' dir='ltr'>κεν,</span> <span class='ocrx_word' id='word_1_230' title='bbox 170 1685 220 1712; x_wconf 76' lang='grc' dir='ltr'>καὶ</span> <span class='ocrx_word' id='word_1_231' title='bbox 241 1685 385 1721; x_wconf 83' lang='grc' dir='ltr'>ήφλογινη</span> <span class='ocrx_word' id='word_1_232' title='bbox 404 1686 527 1721; x_wconf 78' lang='grc' dir='ltr'>ῥομφαία</span> <span class='ocrx_word' id='word_1_233' title='bbox 535 1705 548 1718; x_wconf 82' lang='grc'><strong>,,</strong></span> <span class='ocrx_word' id='word_1_234' title='bbox 560 1686 606 1713; x_wconf 75' lang='grc' dir='ltr'>καὶ</span> <span class='ocrx_word' id='word_1_235' title='bbox 625 1686 686 1721; x_wconf 71' lang='grc' dir='ltr'>οὐχὶ</span> <span class='ocrx_word' id='word_1_236' title='bbox 705 1686 756 1722; x_wconf 85' lang='grc' dir='ltr'>τῆς</span> <span class='ocrx_word' id='word_1_237' title='bbox 775 1687 879 1714; x_wconf 77' lang='grc' dir='ltr'>εἰσόδου</span> 
     </span>
    </p>
   </div>
   <div class='ocr_carea' id='block_1_36' title="bbox 86 1730 880 1767">
    <p class='ocr_par' dir='ltr' id='par_1_36' title="bbox 86 1730 880 1767">
     <span class='ocr_line' id='line_1_36' title="bbox 86 1730 880 1767; baseline 0.003 -10"><span class='ocrx_word' id='word_1_238' title='bbox 86 1730 137 1757; x_wconf 74' lang='grc' dir='ltr'>καὶ</span> <span class='ocrx_word' id='word_1_239' title='bbox 151 1730 243 1764; x_wconf 82' lang='grc' dir='ltr'>ἐξόδου</span> <span class='ocrx_word' id='word_1_240' title='bbox 257 1731 336 1766; x_wconf 87' lang='grc' dir='ltr'>μόνον</span> <span class='ocrx_word' id='word_1_241' title='bbox 350 1731 451 1763; x_wconf 79' lang='grc' dir='ltr'>αὐτοῖς·</span> <span class='ocrx_word' id='word_1_242' title='bbox 467 1732 524 1759; x_wconf 85' lang='grc' dir='ltr'>ἀλλ’</span> <span class='ocrx_word' id='word_1_243' title='bbox 543 1732 567 1758; x_wconf 78' lang='grc' dir='ltr'>εἰ</span> <span class='ocrx_word' id='word_1_244' title='bbox 583 1731 719 1767; x_wconf 82' lang='grc' dir='ltr'>βούλοιντό</span> <span class='ocrx_word' id='word_1_245' title='bbox 736 1741 813 1764; x_wconf 83' lang='grc' dir='ltr'>τινας</span> <span class='ocrx_word' id='word_1_246' title='bbox 833 1733 880 1759; x_wconf 69' lang='grc' dir='ltr'>καὶ</span> 
     </span>
    </p>
   </div>
   <div class='ocr_carea' id='block_1_37' title="bbox 84 1777 881 1815">
    <p class='ocr_par' dir='ltr' id='par_1_37' title="bbox 84 1777 881 1815">
     <span class='ocr_line' id='line_1_37' title="bbox 84 1777 881 1815; baseline 0.004 -13"><span class='ocrx_word' id='word_1_247' title='bbox 84 1777 141 1803; x_wconf 81' lang='grc' dir='ltr'><strong>τῶν</strong></span> <span class='ocrx_word' id='word_1_248' title='bbox 158 1777 225 1804; x_wconf 79' lang='grc' dir='ltr'>εἴσω</span> <span class='ocrx_word' id='word_1_249' title='bbox 242 1778 393 1812; x_wconf 80' lang='grc' dir='ltr'>γεγονότων</span> <span class='ocrx_word' id='word_1_250' title='bbox 407 1779 565 1814; x_wconf 75' lang='grc' dir='ltr'>ἐκκομίζειν</span> <span class='ocrx_word' id='word_1_251' title='bbox 580 1779 614 1806; x_wconf 78' lang='grc' dir='ltr'>ὲκ</span> <span class='ocrx_word' id='word_1_252' title='bbox 632 1779 799 1815; x_wconf 77' lang='grc' dir='ltr'>παρρησίας·</span> <span class='ocrx_word' id='word_1_253' title='bbox 821 1777 881 1806; x_wconf 80' lang='grc' dir='ltr'>εἶτα</span> 
     </span>
    </p>
   </div>
   <div class='ocr_carea' id='block_1_38' title="bbox 85 1823 877 1860">
    <p class='ocr_par' dir='ltr' id='par_1_38' title="bbox 85 1823 877 1860">
     <span class='ocr_line' id='line_1_38' title="bbox 85 1823 877 1860; baseline 0.003 -11"><span class='ocrx_word' id='word_1_254' title='bbox 85 1823 148 1858; x_wconf 72' lang='grc' dir='ltr'>οὐχὶ</span> <span class='ocrx_word' id='word_1_255' title='bbox 170 1823 205 1859; x_wconf 69' lang='grc' dir='ltr'>δὴ</span> <span class='ocrx_word' id='word_1_256' title='bbox 226 1823 305 1851; x_wconf 82' lang='grc' dir='ltr'>τοῦτό</span> <span class='ocrx_word' id='word_1_257' title='bbox 332 1824 405 1857; x_wconf 81' lang='grc' dir='ltr'>ἐστι,</span> <span class='ocrx_word' id='word_1_258' title='bbox 423 1824 472 1860; x_wconf 85' lang='grc' dir='ltr'>τὴν</span> <span class='ocrx_word' id='word_1_259' title='bbox 496 1826 525 1851; x_wconf 81' lang='grc' dir='ltr'>ὲν</span> <span class='ocrx_word' id='word_1_260' title='bbox 547 1825 658 1860; x_wconf 76' lang='grc' dir='ltr'>Χριστῷ</span> <span class='ocrx_word' id='word_1_261' title='bbox 676 1824 816 1860; x_wconf 84' lang='grc' dir='ltr'>διασύρειν</span> <span class='ocrx_word' id='word_1_262' title='bbox 831 1824 877 1851; x_wconf 73' lang='grc' dir='ltr'><strong>ὲλο</strong></span> 
     </span>
    </p>
   </div>
   <div class='ocr_carea' id='block_1_39' title="bbox 86 1869 881 1907">
    <p class='ocr_par' dir='ltr' id='par_1_39' title="bbox 86 1869 881 1907">
     <span class='ocr_line' id='line_1_39' title="bbox 86 1869 881 1907; baseline 0.004 -12"><span class='ocrx_word' id='word_1_263' title='bbox 86 1870 166 1902; x_wconf 80' lang='grc' dir='ltr'>πίόα,</span> <span class='ocrx_word' id='word_1_264' title='bbox 184 1869 232 1897; x_wconf 83' lang='grc' dir='ltr'>καὶ</span> <span class='ocrx_word' id='word_1_265' title='bbox 242 1870 397 1906; x_wconf 81' lang='grc' dir='ltr'>τρισάθλιον</span> <span class='ocrx_word' id='word_1_266' title='bbox 409 1870 569 1906; x_wconf 75' lang='grc' dir='ltr'>ὑποφαίνειν</span> <span class='ocrx_word' id='word_1_267' title='bbox 582 1871 636 1898; x_wconf 88' lang='grc' dir='ltr'><strong>τῶν</strong></span> <span class='ocrx_word' id='word_1_268' title='bbox 647 1870 881 1907; x_wconf 78' lang='grc' dir='ltr'>τεθαυμασμένων</span> 
     </span>
    </p>
   </div>
   <div class='ocr_carea' id='block_1_40' title="bbox 86 1915 228 1951">
    <p class='ocr_par' dir='ltr' id='par_1_40' title="bbox 86 1915 228 1951">
     <span class='ocr_line' id='line_1_40' title="bbox 86 1915 228 1951; baseline 0 -9"><span class='ocrx_word' id='word_1_269' title='bbox 86 1915 135 1942; x_wconf 78' lang='grc' dir='ltr'><strong>τὸν</strong></span> <span class='ocrx_word' id='word_1_270' title='bbox 154 1916 211 1951; x_wconf 80' lang='grc' dir='ltr'>βίον</span> <span class='ocrx_word' id='word_1_271' title='bbox 220 1925 228 1949; x_wconf 88' lang='grc'>;</span> 
     </span>
    </p>
   </div>
   <div class='ocr_carea' id='block_1_41' title="bbox 123 1962 370 1991">
    <p class='ocr_par' dir='ltr' id='par_1_41' title="bbox 123 1962 370 1991">
     <span class='ocr_line' id='line_1_41' title="bbox 123 1962 370 1991; baseline 0.012 -4"><span class='ocrx_word' id='word_1_272' title='bbox 123 1962 230 1989; x_wconf 81' lang='grc' dir='ltr'><strong>ΠΑΛΛ.</strong></span> <span class='ocrx_word' id='word_1_273' title='bbox 250 1963 370 1991; x_wconf 82' lang='grc' dir='ltr'>Ἔοικεν.</span> 
     </span>
    </p>
   </div>
   <div class='ocr_carea' id='block_1_42' title="bbox 123 2008 882 2047">
    <p class='ocr_par' dir='ltr' id='par_1_42' title="bbox 123 2008 882 2047">
     <span class='ocr_line' id='line_1_42' title="bbox 123 2008 882 2047; baseline 0.004 -12"><span class='ocrx_word' id='word_1_274' title='bbox 123 2008 208 2036; x_wconf 81' lang='grc' dir='ltr'><strong>ΚΥΡ,</strong></span> <span class='ocrx_word' id='word_1_275' title='bbox 226 2009 282 2035; x_wconf 76' lang='grc' dir='ltr'><strong>Καὶ</strong></span> <span class='ocrx_word' id='word_1_276' title='bbox 304 2009 357 2045; x_wconf 84' lang='grc' dir='ltr'>μὴν</span> <span class='ocrx_word' id='word_1_277' title='bbox 373 2010 424 2037; x_wconf 71' lang='grc' dir='ltr'>οὐκ</span> <span class='ocrx_word' id='word_1_278' title='bbox 439 2010 611 2046; x_wconf 81' lang='grc' dir='ltr'>ἀσυμφανές.</span> <span class='ocrx_word' id='word_1_279' title='bbox 628 2010 690 2043; x_wconf 81' lang='grc' dir='ltr'><strong>Πῶς</strong></span> <span class='ocrx_word' id='word_1_280' title='bbox 707 2010 738 2037; x_wconf 77' lang='grc' dir='ltr'>δὲ</span> <span class='ocrx_word' id='word_1_281' title='bbox 749 2008 784 2047; x_wconf 77' lang='grc' dir='ltr'>ἦν</span> <span class='ocrx_word' id='word_1_282' title='bbox 803 2010 882 2047; x_wconf 79' lang='grc' dir='ltr'>ἄμει-</span> 
     </span>
    </p>
   </div>
   <div class='ocr_carea' id='block_1_43' title="bbox 87 2052 882 2090">
    <p class='ocr_par' dir='ltr' id='par_1_43' title="bbox 87 2052 882 2090">
     <span class='ocr_line' id='line_1_43' title="bbox 87 2052 882 2090; baseline 0.005 -11"><span class='ocrx_word' id='word_1_283' title='bbox 87 2061 133 2080; x_wconf 90' lang='grc' dir='ltr'><strong>νον</strong></span> <span class='ocrx_word' id='word_1_284' title='bbox 155 2052 196 2088; x_wconf 83' lang='grc' dir='ltr'>τῷ</span> <span class='ocrx_word' id='word_1_285' title='bbox 222 2053 367 2090; x_wconf 78' lang='grc' dir='ltr'>θαυμασίῳ</span> <span class='ocrx_word' id='word_1_286' title='bbox 392 2055 506 2090; x_wconf 86' lang='grc' dir='ltr'>Παύλῳ,</span> <span class='ocrx_word' id='word_1_287' title='bbox 531 2055 563 2082; x_wconf 73' lang='grc' dir='ltr'>τὸ</span> <span class='ocrx_word' id='word_1_288' title='bbox 587 2055 737 2089; x_wconf 76' lang='grc' dir='ltr'>ἀναλῦσαι,</span> <span class='ocrx_word' id='word_1_289' title='bbox 761 2056 808 2083; x_wconf 75' lang='grc' dir='ltr'>καὶ</span> <span class='ocrx_word' id='word_1_290' title='bbox 833 2056 882 2083; x_wconf 77' lang='grc' dir='ltr'><strong>σὺν</strong></span> 
     </span>
    </p>
   </div>
   <div class='ocr_carea' id='block_1_44' title="bbox 88 2097 881 2138">
    <p class='ocr_par' dir='ltr' id='par_1_44' title="bbox 88 2097 881 2138">
     <span class='ocr_line' id='line_1_44' title="bbox 88 2097 881 2138; baseline 0.004 -13"><span class='ocrx_word' id='word_1_291' title='bbox 88 2099 202 2135; x_wconf 85' lang='grc' dir='ltr'>Χριστῷ</span> <span class='ocrx_word' id='word_1_292' title='bbox 218 2097 303 2133; x_wconf 78' lang='grc' dir='ltr'>εἷναις</span> <span class='ocrx_word' id='word_1_293' title='bbox 325 2101 356 2127; x_wconf 79' lang='grc' dir='ltr'><strong>Εἰ</strong></span> <span class='ocrx_word' id='word_1_294' title='bbox 373 2100 432 2137; x_wconf 54' lang='grc' dir='ltr'>γὰρ»</span> <span class='ocrx_word' id='word_1_295' title='bbox 449 2101 482 2138; x_wconf 85' lang='grc' dir='ltr'>δὴ</span> <span class='ocrx_word' id='word_1_296' title='bbox 503 2101 648 2137; x_wconf 87' lang='grc' dir='ltr'>μέλλοιμεν</span> <span class='ocrx_word' id='word_1_297' title='bbox 673 2102 728 2129; x_wconf 84' lang='grc' dir='ltr'><strong>τῶν</strong></span> <span class='ocrx_word' id='word_1_298' title='bbox 753 2102 881 2137; x_wconf 77' lang='grc' dir='ltr'>ἐπιγείων</span> 
     </span>
    </p>
   </div>
   <div class='ocr_carea' id='block_1_45' title="bbox 86 2147 879 2184">
    <p class='ocr_par' dir='ltr' id='par_1_45' title="bbox 86 2147 879 2184">
     <span class='ocr_line' id='line_1_45' title="bbox 86 2147 879 2184; baseline 0.001 -10"><span class='ocrx_word' id='word_1_299' title='bbox 86 2147 342 2181; x_wconf 77' lang='grc' dir='ltr'>ἀποφοιτήσαντες,</span> <span class='ocrx_word' id='word_1_300' title='bbox 369 2147 417 2174; x_wconf 69' lang='grc' dir='ltr'>καὶ</span> <span class='ocrx_word' id='word_1_301' title='bbox 442 2147 491 2174; x_wconf 77' lang='grc' dir='ltr'>σὺν</span> <span class='ocrx_word' id='word_1_302' title='bbox 507 2148 618 2184; x_wconf 85' lang='grc' dir='ltr'>Χριστῷ</span> <span class='ocrx_word' id='word_1_303' title='bbox 641 2149 801 2183; x_wconf 80' lang='grc' dir='ltr'>γεγονότες,</span> <span class='ocrx_word' id='word_1_304' title='bbox 821 2150 879 2180; x_wconf 84' lang='grc' dir='ltr'>τοῖς</span> 
     </span>
    </p>
   </div>
   <div class='ocr_carea' id='block_1_46' title="bbox 87 2191 882 2230">
    <p class='ocr_par' dir='ltr' id='par_1_46' title="bbox 87 2191 882 2230">
     <span class='ocr_line' id='line_1_46' title="bbox 87 2191 882 2230; baseline 0.005 -13"><span class='ocrx_word' id='word_1_305' title='bbox 87 2191 291 2227; x_wconf 75' lang='grc' dir='ltr'>ἀντικειμένοις</span> <span class='ocrx_word' id='word_1_306' title='bbox 314 2192 476 2220; x_wconf 79' lang='grc' dir='ltr'>ὑποκεῖσθαι</span> <span class='ocrx_word' id='word_1_307' title='bbox 496 2193 652 2229; x_wconf 83' lang='grc' dir='ltr'>πνεύμασι,</span> <span class='ocrx_word' id='word_1_308' title='bbox 665 2194 815 2221; x_wconf 83' lang='grc' dir='ltr'>κεκένωται</span> <span class='ocrx_word' id='word_1_309' title='bbox 833 2194 882 2230; x_wconf 82' lang='grc' dir='ltr'>μὲν</span> 
     </span>
    </p>
   </div>
   <div class='ocr_carea' id='block_1_47' title="bbox 86 2237 882 2276">
    <p class='ocr_par' dir='ltr' id='par_1_47' title="bbox 86 2237 882 2276">
     <span class='ocr_line' id='line_1_47' title="bbox 86 2237 882 2276; baseline 0.004 -12"><span class='ocrx_word' id='word_1_310' title='bbox 86 2238 105 2273; x_wconf 88' lang='grc' dir='ltr'><strong>ή</strong></span> <span class='ocrx_word' id='word_1_311' title='bbox 121 2237 215 2269; x_wconf 76' lang='grc' dir='ltr'>πίστις</span> <span class='ocrx_word' id='word_1_312' title='bbox 225 2257 234 2269; x_wconf 90' lang='grc'><strong>,</strong></span> <span class='ocrx_word' id='word_1_313' title='bbox 250 2237 322 2265; x_wconf 79' lang='grc' dir='ltr'>κατὰ</span> <span class='ocrx_word' id='word_1_314' title='bbox 341 2238 372 2265; x_wconf 69' lang='grc' dir='ltr'>τὸ</span> <span class='ocrx_word' id='word_1_315' title='bbox 393 2239 605 2275; x_wconf 83' lang='grc' dir='ltr'>γεγραμμένον,</span> <span class='ocrx_word' id='word_1_316' title='bbox 625 2239 656 2266; x_wconf 82' lang='grc' dir='ltr'>τὸ</span> <span class='ocrx_word' id='word_1_317' title='bbox 670 2240 697 2267; x_wconf 80' lang='grc' dir='ltr'>δὲ</span> <span class='ocrx_word' id='word_1_318' title='bbox 712 2241 839 2276; x_wconf 75' lang='grc' dir='ltr'>ἐνδημεῖν</span> <span class='ocrx_word' id='word_1_319' title='bbox 854 2241 882 2267; x_wconf 80' lang='grc' dir='ltr'>ὲν</span> 
     </span>
    </p>
   </div>
   <div class='ocr_carea' id='block_1_48' title="bbox 923 308 1712 344">
    <p class='ocr_par' dir='ltr' id='par_1_48' title="bbox 923 308 1712 344">
     <span class='ocr_line' id='line_1_48' title="bbox 923 308 1712 344; baseline 0.003 -9"><span class='ocrx_word' id='word_1_320' title='bbox 923 309 1029 342; x_wconf 84' lang='lat' dir='ltr'><strong>dicam;</strong></span> <span class='ocrx_word' id='word_1_321' title='bbox 1053 309 1111 340; x_wconf 91' lang='lat' dir='ltr'><strong>sed,</strong></span> <span class='ocrx_word' id='word_1_322' title='bbox 1126 309 1177 335; x_wconf 81' lang='lat' dir='ltr'><strong>nisi</strong></span> <span class='ocrx_word' id='word_1_323' title='bbox 1198 308 1286 341; x_wconf 78' lang='lat' dir='ltr'><strong>fallor,</strong></span> <span class='ocrx_word' id='word_1_324' title='bbox 1307 309 1372 344; x_wconf 87' lang='lat' dir='ltr'><strong>quid</strong></span> <span class='ocrx_word' id='word_1_325' title='bbox 1387 317 1482 336; x_wconf 81' lang='lat' dir='ltr'><strong>verum</strong></span> <span class='ocrx_word' id='word_1_326' title='bbox 1499 310 1544 342; x_wconf 85' lang='lat' dir='ltr'><strong>sit,</strong></span> <span class='ocrx_word' id='word_1_327' title='bbox 1561 309 1712 337; x_wconf 68' lang='lat' dir='ltr'><strong>declarabit</strong></span> 
     </span>
    </p>
   </div>
   <div class='ocr_carea' id='block_1_49' title="bbox 923 355 1076 390">
    <p class='ocr_par' dir='ltr' id='par_1_49' title="bbox 923 355 1076 390">
     <span class='ocr_line' id='line_1_49' title="bbox 923 355 1076 390; baseline 0 -9"><span class='ocrx_word' id='word_1_328' title='bbox 923 355 1076 390; x_wconf 71' lang='lat' dir='ltr'><strong>inquisitio.</strong></span> 
     </span>
    </p>
   </div>
   <div class='ocr_carea' id='block_1_50' title="bbox 957 401 1714 436">
    <p class='ocr_par' dir='ltr' id='par_1_50' title="bbox 957 401 1714 436">
     <span class='ocr_line' id='line_1_50' title="bbox 957 401 1714 436; baseline -0.003 -7"><span class='ocrx_word' id='word_1_329' title='bbox 957 401 1035 429; x_wconf 80' lang='lat' dir='ltr'><strong>CYR.</strong></span> <span class='ocrx_word' id='word_1_330' title='bbox 1055 401 1139 428; x_wconf 81' lang='lat' dir='ltr'><strong>Recte</strong></span> <span class='ocrx_word' id='word_1_331' title='bbox 1151 401 1325 436; x_wconf 73' lang='lat' dir='ltr'><strong>dicingitur</strong></span> <span class='ocrx_word' id='word_1_332' title='bbox 1337 401 1403 428; x_wconf 87' lang='lat' dir='ltr'><strong>illud</strong></span> <span class='ocrx_word' id='word_1_333' title='bbox 1418 407 1480 429; x_wconf 79' lang='lat' dir='ltr'><strong>ante</strong></span> <span class='ocrx_word' id='word_1_334' title='bbox 1500 402 1551 429; x_wconf 87' lang='lat' dir='ltr'><strong>alia</strong></span> <span class='ocrx_word' id='word_1_335' title='bbox 1568 401 1714 436; x_wconf 75' lang='lat' dir='ltr'><strong>diligenter</strong></span> 
     </span>
    </p>
   </div>
   <div class='ocr_carea' id='block_1_51' title="bbox 925 442 1729 488">
    <p class='ocr_par' dir='ltr' id='par_1_51' title="bbox 925 442 1729 488">
     <span class='ocr_line' id='line_1_51' title="bbox 925 442 1729 488; baseline 0 -14"><span class='ocrx_word' id='word_1_336' title='bbox 925 446 1036 475; x_wconf 86' lang='lat' dir='ltr'><strong>interim</strong></span> <span class='ocrx_word' id='word_1_337' title='bbox 1052 447 1260 482; x_wconf 80' lang='lat' dir='ltr'><strong>investigemus,</strong></span> <span class='ocrx_word' id='word_1_338' title='bbox 1277 447 1427 488; x_wconf 71' lang='lat' dir='ltr'><strong>ut}&#39;uniDci</strong></span> <span class='ocrx_word' id='word_1_339' title='bbox 1442 455 1557 475; x_wconf 86' lang='lat' dir='ltr'><strong>munere</strong></span> <span class='ocrx_word' id='word_1_340' title='bbox 1573 448 1631 475; x_wconf 73' lang='lat' dir='ltr'><strong>haec</strong></span> <span class='ocrx_word' id='word_1_341' title='bbox 1648 455 1713 482; x_wconf 91' lang='lat' dir='ltr'><strong>por-</strong></span> <span class='ocrx_word' id='word_1_342' title='bbox 1727 442 1729 453; x_wconf 60' lang='grc'>⁸</span> 
     </span>
    </p>
   </div>
   <div class='ocr_carea' id='block_1_52' title="bbox 924 493 1716 530">
    <p class='ocr_par' dir='ltr' id='par_1_52' title="bbox 924 493 1716 530">
     <span class='ocr_line' id='line_1_52' title="bbox 924 493 1716 530; baseline -0.001 -9"><span class='ocrx_word' id='word_1_343' title='bbox 924 499 998 522; x_wconf 88' lang='lat' dir='ltr'><strong>tenta</strong></span> <span class='ocrx_word' id='word_1_344' title='bbox 1020 493 1103 521; x_wconf 80' lang='lat' dir='ltr'><strong>edant</strong></span> <span class='ocrx_word' id='word_1_345' title='bbox 1129 499 1210 528; x_wconf 88' lang='lat' dir='ltr'><strong>atque</strong></span> <span class='ocrx_word' id='word_1_346' title='bbox 1232 493 1359 526; x_wconf 71' lang='lat' dir='ltr'><strong>efﬁciant,</strong></span> <span class='ocrx_word' id='word_1_347' title='bbox 1385 494 1432 528; x_wconf 86' lang='lat' dir='ltr'><strong>qui</strong></span> <span class='ocrx_word' id='word_1_348' title='bbox 1457 494 1613 530; x_wconf 85' lang='lat' dir='ltr'><strong>hujnsmodi</strong></span> <span class='ocrx_word' id='word_1_349' title='bbox 1632 494 1716 522; x_wconf 83' lang='lat' dir='ltr'><strong>rebus</strong></span> 
     </span>
    </p>
   </div>
   <div class='ocr_carea' id='block_1_53' title="bbox 925 539 1531 575">
    <p class='ocr_par' dir='ltr' id='par_1_53' title="bbox 925 539 1531 575">
     <span class='ocr_line' id='line_1_53' title="bbox 925 539 1531 575; baseline -0.003 -7"><span class='ocrx_word' id='word_1_350' title='bbox 925 539 1046 572; x_wconf 84' lang='lat' dir='ltr'><strong>student,</strong></span> <span class='ocrx_word' id='word_1_351' title='bbox 1067 547 1101 567; x_wconf 85' lang='lat' dir='ltr'><strong>an</strong></span> <span class='ocrx_word' id='word_1_352' title='bbox 1122 539 1256 567; x_wconf 89' lang='lat' dir='ltr'><strong>malorum</strong></span> <span class='ocrx_word' id='word_1_353' title='bbox 1277 539 1424 575; x_wconf 88' lang='lat' dir='ltr'><strong>spirituum</strong></span> <span class='ocrx_word' id='word_1_354' title='bbox 1440 547 1531 575; x_wconf 83' lang='lat' dir='ltr'><strong>opera.</strong></span> 
     </span>
    </p>
   </div>
   <div class='ocr_carea' id='block_1_54' title="bbox 960 620 1726 663">
    <p class='ocr_par' dir='ltr' id='par_1_54' title="bbox 960 620 1726 663">
     <span class='ocr_line' id='line_1_54' title="bbox 960 620 1726 663; baseline 0 -9"><span class='ocrx_word' id='word_1_355' title='bbox 960 627 1058 655; x_wconf 87' lang='lat' dir='ltr'><strong>PALL.</strong></span> <span class='ocrx_word' id='word_1_356' title='bbox 1077 627 1143 661; x_wconf 87' lang='lat' dir='ltr'><strong>Quis</strong></span> <span class='ocrx_word' id='word_1_357' title='bbox 1153 635 1218 654; x_wconf 73' lang='lat' dir='ltr'><strong>vero</strong></span> <span class='ocrx_word' id='word_1_358' title='bbox 1229 626 1263 654; x_wconf 85' lang='lat' dir='ltr'><strong>ad</strong></span> <span class='ocrx_word' id='word_1_359' title='bbox 1280 632 1334 654; x_wconf 84' lang='lat' dir='ltr'><strong>tam</strong></span> <span class='ocrx_word' id='word_1_360' title='bbox 1346 627 1452 662; x_wconf 86' lang='lat' dir='ltr'><strong>ineptas</strong></span> <span class='ocrx_word' id='word_1_361' title='bbox 1464 627 1643 663; x_wconf 75' lang='lat' dir='ltr'><strong>cogitationes</strong></span> <span class='ocrx_word' id='word_1_362' title='bbox 1653 620 1726 662; x_wconf 21' lang='lat' dir='ltr'><strong>per-V</strong></span> 
     </span>
    </p>
   </div>
   <div class='ocr_carea' id='block_1_55' title="bbox 925 672 1718 708">
    <p class='ocr_par' dir='ltr' id='par_1_55' title="bbox 925 672 1718 708">
     <span class='ocr_line' id='line_1_55' title="bbox 925 672 1718 708; baseline 0.001 -9"><span class='ocrx_word' id='word_1_363' title='bbox 925 672 1027 705; x_wconf 77' lang='lat' dir='ltr'><strong>veniat,</strong></span> <span class='ocrx_word' id='word_1_364' title='bbox 1047 677 1077 700; x_wconf 90' lang='lat' dir='ltr'><strong>ut</strong></span> <span class='ocrx_word' id='word_1_365' title='bbox 1094 673 1244 700; x_wconf 72' lang='lat' dir='ltr'><strong>arbitretur</strong></span> <span class='ocrx_word' id='word_1_366' title='bbox 1256 672 1304 699; x_wconf 79' lang='lat' dir='ltr'><strong>Dei</strong></span> <span class='ocrx_word' id='word_1_367' title='bbox 1322 680 1405 708; x_wconf 84' lang='lat' dir='ltr'><strong>opera</strong></span> <span class='ocrx_word' id='word_1_368' title='bbox 1422 678 1549 708; x_wconf 89' lang='lat' dir='ltr'><strong>portenta</strong></span> <span class='ocrx_word' id='word_1_369' title='bbox 1560 673 1618 700; x_wconf 61' lang='lat' dir='ltr'><strong>haec</strong></span> <span class='ocrx_word' id='word_1_370' title='bbox 1635 673 1718 700; x_wconf 87' lang='lat' dir='ltr'><strong>cdere</strong></span> 
     </span>
    </p>
   </div>
   <div class='ocr_carea' id='block_1_56' title="bbox 926 719 1717 756">
    <p class='ocr_par' dir='ltr' id='par_1_56' title="bbox 926 719 1717 756">
     <span class='ocr_line' id='line_1_56' title="bbox 926 719 1717 756; baseline 0 -10"><span class='ocrx_word' id='word_1_371' title='bbox 926 724 1128 752; x_wconf 83' lang='lat' dir='ltr'><strong>necromantas,</strong></span> <span class='ocrx_word' id='word_1_372' title='bbox 1156 725 1184 747; x_wconf 92' lang='lat' dir='ltr'><strong>et</strong></span> <span class='ocrx_word' id='word_1_373' title='bbox 1203 720 1348 756; x_wconf 79' lang='lat' dir='ltr'><strong>pythones,</strong></span> <span class='ocrx_word' id='word_1_374' title='bbox 1369 725 1396 748; x_wconf 87' lang='lat' dir='ltr'><strong>et</strong></span> <span class='ocrx_word' id='word_1_375' title='bbox 1415 720 1624 747; x_wconf 82' lang='lat' dir='ltr'><strong>incantatores?</strong></span> <span class='ocrx_word' id='word_1_376' title='bbox 1650 719 1717 747; x_wconf 79' lang='lat' dir='ltr'><strong>Nam</strong></span> 
     </span>
    </p>
   </div>
   <div class='ocr_carea' id='block_1_57' title="bbox 926 765 1718 802">
    <p class='ocr_par' dir='ltr' id='par_1_57' title="bbox 926 765 1718 802">
     <span class='ocr_line' id='line_1_57' title="bbox 926 765 1718 802; baseline 0.001 -10"><span class='ocrx_word' id='word_1_377' title='bbox 926 770 1021 793; x_wconf 84' lang='lat' dir='ltr'><strong>contra</strong></span> <span class='ocrx_word' id='word_1_378' title='bbox 1029 766 1251 794; x_wconf 82' lang='lat' dir='ltr'><strong>commemorabo</strong></span> <span class='ocrx_word' id='word_1_379' title='bbox 1264 767 1353 802; x_wconf 80' lang='lat' dir='ltr'>legem</span> <span class='ocrx_word' id='word_1_380' title='bbox 1368 774 1430 801; x_wconf 68' lang='lat' dir='ltr'><strong>qure</strong></span> <span class='ocrx_word' id='word_1_381' title='bbox 1442 765 1608 801; x_wconf 82' lang='lat' dir='ltr'><strong>supplicium</strong></span> <span class='ocrx_word' id='word_1_382' title='bbox 1626 770 1718 793; x_wconf 78' lang='lat' dir='ltr'><strong>extre-</strong></span> 
     </span>
    </p>
   </div>
   <div class='ocr_carea' id='block_1_58' title="bbox 927 811 1717 847">
    <p class='ocr_par' dir='ltr' id='par_1_58' title="bbox 927 811 1717 847">
     <span class='ocr_line' id='line_1_58' title="bbox 927 811 1717 847; baseline -0.001 -8"><span class='ocrx_word' id='word_1_383' title='bbox 927 820 1003 839; x_wconf 87' lang='lat' dir='ltr'><strong>mum</strong></span> <span class='ocrx_word' id='word_1_384' title='bbox 1024 812 1157 845; x_wconf 87' lang='lat' dir='ltr'><strong>decernit,</strong></span> <span class='ocrx_word' id='word_1_385' title='bbox 1180 813 1307 847; x_wconf 83' lang='lat' dir='ltr'><strong>quisquis</strong></span> <span class='ocrx_word' id='word_1_386' title='bbox 1326 813 1385 840; x_wconf 73' lang='lat' dir='ltr'><strong>hmo</strong></span> <span class='ocrx_word' id='word_1_387' title='bbox 1413 812 1503 839; x_wconf 81' lang='lat' dir='ltr'><strong>facere</strong></span> <span class='ocrx_word' id='word_1_388' title='bbox 1523 811 1606 838; x_wconf 84' lang='lat' dir='ltr'><strong>ausus</strong></span> <span class='ocrx_word' id='word_1_389' title='bbox 1625 811 1717 839; x_wconf 79' lang='lat' dir='ltr'><strong>fuerit.</strong></span> 
     </span>
    </p>
   </div>
   <div class='ocr_carea' id='block_1_59' title="bbox 926 858 1718 894">
    <p class='ocr_par' dir='ltr' id='par_1_59' title="bbox 926 858 1718 894">
     <span class='ocr_line' id='line_1_59' title="bbox 926 858 1718 894; baseline -0.001 -8"><span class='ocrx_word' id='word_1_390' title='bbox 926 859 1009 894; x_wconf 84' lang='lat' dir='ltr'><strong>Atqui</strong></span> <span class='ocrx_word' id='word_1_391' title='bbox 1022 859 1160 894; x_wconf 88' lang='lat' dir='ltr'><strong>quomodo</strong></span> <span class='ocrx_word' id='word_1_392' title='bbox 1170 867 1225 886; x_wconf 90' lang='lat' dir='ltr'><strong>non</strong></span> <span class='ocrx_word' id='word_1_393' title='bbox 1238 859 1375 886; x_wconf 87' lang='lat' dir='ltr'><strong>dementia</strong></span> <span class='ocrx_word' id='word_1_394' title='bbox 1392 858 1426 886; x_wconf 87' lang='lat' dir='ltr'><strong>sit</strong></span> <span class='ocrx_word' id='word_1_395' title='bbox 1443 859 1563 893; x_wconf 81' lang='lat' dir='ltr'><strong>cogitare</strong></span> <span class='ocrx_word' id='word_1_396' title='bbox 1587 866 1650 885; x_wconf 91' lang='lat' dir='ltr'><strong>cum</strong></span> <span class='ocrx_word' id='word_1_397' title='bbox 1672 859 1718 893; x_wconf 74' lang='lat' dir='ltr'><strong>qui</strong></span> 
     </span>
    </p>
   </div>
   <div class='ocr_carea' id='block_1_60' title="bbox 928 903 1720 940">
    <p class='ocr_par' dir='ltr' id='par_1_60' title="bbox 928 903 1720 940">
     <span class='ocr_line' id='line_1_60' title="bbox 928 903 1720 940; baseline -0.003 -9"><span class='ocrx_word' id='word_1_398' title='bbox 928 905 1025 940; x_wconf 86' lang='lat' dir='ltr'><strong>capitis</strong></span> <span class='ocrx_word' id='word_1_399' title='bbox 1050 904 1260 936; x_wconf 77' lang='lat' dir='ltr'><strong>condemnetur,</strong></span> <span class='ocrx_word' id='word_1_400' title='bbox 1282 904 1339 931; x_wconf 89' lang='lat' dir='ltr'><strong>Deo</strong></span> <span class='ocrx_word' id='word_1_401' title='bbox 1361 911 1416 931; x_wconf 91' lang='lat' dir='ltr'><strong>non</strong></span> <span class='ocrx_word' id='word_1_402' title='bbox 1441 903 1605 938; x_wconf 83' lang='lat' dir='ltr'><strong>displicere?</strong></span> <span class='ocrx_word' id='word_1_403' title='bbox 1626 903 1720 938; x_wconf 81' lang='lat' dir='ltr'><strong>Neque</strong></span> 
     </span>
    </p>
   </div>
   <div class='ocr_carea' id='block_1_61' title="bbox 891 947 1719 986">
    <p class='ocr_par' dir='ltr' id='par_1_61' title="bbox 891 947 1719 986">
     <span class='ocr_line' id='line_1_61' title="bbox 891 947 1719 986; baseline 0 -10"><span class='ocrx_word' id='word_1_404' title='bbox 891 947 913 975; x_wconf 87' lang='grc' dir='ltr'>Β</span> <span class='ocrx_word' id='word_1_405' title='bbox 927 951 1001 978; x_wconf 90' lang='lat' dir='ltr'><strong>enim</strong></span> <span class='ocrx_word' id='word_1_406' title='bbox 1016 950 1061 978; x_wconf 88' lang='lat' dir='ltr'><strong>ille</strong></span> <span class='ocrx_word' id='word_1_407' title='bbox 1080 958 1143 978; x_wconf 89' lang='lat' dir='ltr'><strong>cum</strong></span> <span class='ocrx_word' id='word_1_408' title='bbox 1154 950 1211 978; x_wconf 86' lang='lat' dir='ltr'><strong>suis</strong></span> <span class='ocrx_word' id='word_1_409' title='bbox 1235 950 1342 986; x_wconf 76' lang='lat' dir='ltr'><strong>legibus</strong></span> <span class='ocrx_word' id='word_1_410' title='bbox 1354 958 1475 985; x_wconf 81' lang='lat' dir='ltr'><strong>pugnare</strong></span> <span class='ocrx_word' id='word_1_411' title='bbox 1492 949 1645 977; x_wconf 78' lang='lat' dir='ltr'><strong>censendus</strong></span> <span class='ocrx_word' id='word_1_412' title='bbox 1668 954 1719 976; x_wconf 85' lang='lat' dir='ltr'><strong>est.</strong></span> 
     </span>
    </p>
   </div>
   <div class='ocr_carea' id='block_1_62' title="bbox 959 994 1721 1032">
    <p class='ocr_par' dir='ltr' id='par_1_62' title="bbox 959 994 1721 1032">
     <span class='ocr_line' id='line_1_62' title="bbox 959 994 1721 1032; baseline -0.003 -8"><span class='ocrx_word' id='word_1_413' title='bbox 959 996 1040 1032; x_wconf 78' lang='lat'><strong>188</strong></span> <span class='ocrx_word' id='word_1_414' title='bbox 1047 996 1125 1024; x_wconf 84' lang='lat' dir='ltr'><strong>CYR.</strong></span> <span class='ocrx_word' id='word_1_415' title='bbox 1133 995 1241 1032; x_wconf 85' lang='lat' dir='ltr'><strong>Optime</strong></span> <span class='ocrx_word' id='word_1_416' title='bbox 1252 996 1432 1024; x_wconf 84' lang='lat' dir='ltr'><strong>ratiocinaris.</strong></span> <span class='ocrx_word' id='word_1_417' title='bbox 1440 996 1499 1024; x_wconf 80' lang='lat' dir='ltr'><strong>Jam</strong></span> <span class='ocrx_word' id='word_1_418' title='bbox 1507 1003 1572 1023; x_wconf 80' lang='lat' dir='ltr'><strong>vero</strong></span> <span class='ocrx_word' id='word_1_419' title='bbox 1578 995 1630 1022; x_wconf 87' lang='lat' dir='ltr'><strong>isto</strong></span> <span class='ocrx_word' id='word_1_420' title='bbox 1640 994 1721 1022; x_wconf 89' lang='lat' dir='ltr'><strong>modo</strong></span> 
     </span>
    </p>
   </div>
   <div class='ocr_carea' id='block_1_63' title="bbox 930 1041 1720 1076">
    <p class='ocr_par' dir='ltr' id='par_1_63' title="bbox 930 1041 1720 1076">
     <span class='ocr_line' id='line_1_63' title="bbox 930 1041 1720 1076; baseline -0.003 -7"><span class='ocrx_word' id='word_1_421' title='bbox 930 1047 1089 1070; x_wconf 86' lang='lat' dir='ltr'><strong>sanctorum</strong></span> <span class='ocrx_word' id='word_1_422' title='bbox 1098 1042 1220 1069; x_wconf 88' lang='lat' dir='ltr'><strong>virorum</strong></span> <span class='ocrx_word' id='word_1_423' title='bbox 1231 1042 1347 1074; x_wconf 84' lang='lat' dir='ltr'><strong>animas,</strong></span> <span class='ocrx_word' id='word_1_424' title='bbox 1358 1049 1419 1076; x_wconf 79' lang='lat' dir='ltr'><strong>quae</strong></span> <span class='ocrx_word' id='word_1_425' title='bbox 1432 1049 1446 1069; x_wconf 93' lang='lat' dir='ltr'><strong>e</strong></span> <span class='ocrx_word' id='word_1_426' title='bbox 1457 1041 1720 1076; x_wconf 81' lang='lat' dir='ltr'><strong>corporibusexces—</strong></span> 
     </span>
    </p>
   </div>
   <div class='ocr_carea' id='block_1_64' title="bbox 928 1086 1722 1122">
    <p class='ocr_par' dir='ltr' id='par_1_64' title="bbox 928 1086 1722 1122">
     <span class='ocr_line' id='line_1_64' title="bbox 928 1086 1722 1122; baseline -0.004 -7"><span class='ocrx_word' id='word_1_427' title='bbox 928 1091 1033 1119; x_wconf 85' lang='lat' dir='ltr'><strong>serunt,</strong></span> <span class='ocrx_word' id='word_1_428' title='bbox 1050 1092 1222 1122; x_wconf 73' lang='lat' dir='ltr'><strong>contemptus</strong></span> <span class='ocrx_word' id='word_1_429' title='bbox 1238 1094 1299 1114; x_wconf 84' lang='lat' dir='ltr'><strong>esse</strong></span> <span class='ocrx_word' id='word_1_430' title='bbox 1316 1086 1484 1122; x_wconf 78' lang='lat' dir='ltr'><strong>putabimus,</strong></span> <span class='ocrx_word' id='word_1_431' title='bbox 1498 1094 1587 1122; x_wconf 88' lang='lat' dir='ltr'><strong>neque</strong></span> <span class='ocrx_word' id='word_1_432' title='bbox 1603 1086 1658 1113; x_wconf 84' lang='lat' dir='ltr'><strong>ullo</strong></span> <span class='ocrx_word' id='word_1_433' title='bbox 1671 1093 1722 1112; x_wconf 92' lang='lat' dir='ltr'><strong>nu-</strong></span> 
     </span>
    </p>
   </div>
   <div class='ocr_carea' id='block_1_65' title="bbox 928 1131 1720 1168">
    <p class='ocr_par' dir='ltr' id='par_1_65' title="bbox 928 1131 1720 1168">
     <span class='ocr_line' id='line_1_65' title="bbox 928 1131 1720 1168; baseline -0.003 -8"><span class='ocrx_word' id='word_1_434' title='bbox 928 1141 1004 1161; x_wconf 88' lang='lat' dir='ltr'><strong>mero</strong></span> <span class='ocrx_word' id='word_1_435' title='bbox 1013 1133 1119 1166; x_wconf 87' lang='lat' dir='ltr'><strong>haberi,</strong></span> <span class='ocrx_word' id='word_1_436' title='bbox 1136 1138 1219 1168; x_wconf 88' lang='lat' dir='ltr'><strong>atque</strong></span> <span class='ocrx_word' id='word_1_437' title='bbox 1244 1132 1313 1160; x_wconf 86' lang='lat' dir='ltr'><strong>adeo</strong></span> <span class='ocrx_word' id='word_1_438' title='bbox 1323 1133 1352 1159; x_wconf 92' lang='lat' dir='ltr'><strong>in</strong></span> <span class='ocrx_word' id='word_1_439' title='bbox 1364 1140 1411 1159; x_wconf 88' lang='lat' dir='ltr'><strong>eas</strong></span> <span class='ocrx_word' id='word_1_440' title='bbox 1424 1132 1549 1160; x_wconf 83' lang='lat' dir='ltr'><strong>miserias</strong></span> <span class='ocrx_word' id='word_1_441' title='bbox 1564 1131 1720 1167; x_wconf 82' lang='lat' dir='ltr'><strong>pervenire,</strong></span> 
     </span>
    </p>
   </div>
   <div class='ocr_carea' id='block_1_66' title="bbox 929 1178 1723 1215">
    <p class='ocr_par' dir='ltr' id='par_1_66' title="bbox 929 1178 1723 1215">
     <span class='ocr_line' id='line_1_66' title="bbox 929 1178 1723 1215; baseline -0.003 -7"><span class='ocrx_word' id='word_1_442' title='bbox 929 1185 959 1209; x_wconf 87' lang='lat' dir='ltr'><strong>ut</strong></span> <span class='ocrx_word' id='word_1_443' title='bbox 972 1181 1055 1208; x_wconf 85' lang='lat' dir='ltr'><strong>etiam</strong></span> <span class='ocrx_word' id='word_1_444' title='bbox 1068 1187 1187 1215; x_wconf 85' lang='lat' dir='ltr'><strong>nequam</strong></span> <span class='ocrx_word' id='word_1_445' title='bbox 1209 1179 1352 1215; x_wconf 87' lang='lat' dir='ltr'><strong>spiritibus</strong></span> <span class='ocrx_word' id='word_1_446' title='bbox 1364 1179 1494 1215; x_wconf 67' lang='lat' dir='ltr'><strong>subjectae</strong></span> <span class='ocrx_word' id='word_1_447' title='bbox 1513 1179 1578 1212; x_wconf 86' lang='lat' dir='ltr'><strong>sint,</strong></span> <span class='ocrx_word' id='word_1_448' title='bbox 1589 1183 1617 1206; x_wconf 91' lang='lat' dir='ltr'><strong>et</strong></span> <span class='ocrx_word' id='word_1_449' title='bbox 1630 1178 1723 1206; x_wconf 67' lang='lat' dir='ltr'><strong>invita:</strong></span> 
     </span>
    </p>
   </div>
   <div class='ocr_carea' id='block_1_67' title="bbox 929 1225 1721 1262">
    <p class='ocr_par' dir='ltr' id='par_1_67' title="bbox 929 1225 1721 1262">
     <span class='ocr_line' id='line_1_67' title="bbox 929 1225 1721 1262; baseline -0.004 -7"><span class='ocrx_word' id='word_1_450' title='bbox 929 1231 1080 1262; x_wconf 83' lang='lat' dir='ltr'><strong>sequantur</strong></span> <span class='ocrx_word' id='word_1_451' title='bbox 1094 1234 1153 1259; x_wconf 83' lang='lat' dir='ltr'><strong>eos,</strong></span> <span class='ocrx_word' id='word_1_452' title='bbox 1169 1233 1335 1262; x_wconf 89' lang='lat' dir='ltr'><strong>quocunque</strong></span> <span class='ocrx_word' id='word_1_453' title='bbox 1359 1226 1398 1254; x_wconf 83' lang='lat' dir='ltr'><strong>illi</strong></span> <span class='ocrx_word' id='word_1_454' title='bbox 1415 1225 1563 1258; x_wconf 83' lang='lat' dir='ltr'><strong>voluerint,</strong></span> <span class='ocrx_word' id='word_1_455' title='bbox 1578 1225 1654 1253; x_wconf 91' lang='lat' dir='ltr'><strong>nullo</strong></span> <span class='ocrx_word' id='word_1_456' title='bbox 1671 1233 1721 1253; x_wconf 91' lang='lat' dir='ltr'><strong>ne—</strong></span> 
     </span>
    </p>
   </div>
   <div class='ocr_carea' id='block_1_68' title="bbox 928 1271 1720 1308">
    <p class='ocr_par' dir='ltr' id='par_1_68' title="bbox 928 1271 1720 1308">
     <span class='ocr_line' id='line_1_68' title="bbox 928 1271 1720 1308; baseline -0.001 -9"><span class='ocrx_word' id='word_1_457' title='bbox 928 1272 1002 1308; x_wconf 75' lang='lat' dir='ltr'><strong>gotio</strong></span> <span class='ocrx_word' id='word_1_458' title='bbox 1027 1272 1275 1300; x_wconf 62' lang='lat' dir='ltr'><strong>circumferentes,</strong></span> <span class='ocrx_word' id='word_1_459' title='bbox 1290 1271 1372 1307; x_wconf 80' lang='lat' dir='ltr'><strong>Atqui</strong></span> <span class='ocrx_word' id='word_1_460' title='bbox 1396 1271 1517 1299; x_wconf 79' lang='lat' dir='ltr'><strong>Joannes</strong></span> <span class='ocrx_word' id='word_1_461' title='bbox 1536 1271 1581 1298; x_wconf 90' lang='lat' dir='ltr'><strong>ille</strong></span> <span class='ocrx_word' id='word_1_462' title='bbox 1601 1271 1720 1306; x_wconf 84' lang='lat' dir='ltr'><strong>sapiens,</strong></span> 
     </span>
    </p>
   </div>
   <div class='ocr_carea' id='block_1_69' title="bbox 929 1316 1720 1354">
    <p class='ocr_par' dir='ltr' id='par_1_69' title="bbox 929 1316 1720 1354">
     <span class='ocr_line' id='line_1_69' title="bbox 929 1316 1720 1354; baseline -0.004 -9"><span class='ocrx_word' id='word_1_463' title='bbox 929 1318 977 1353; x_wconf 90' lang='lat' dir='ltr'><strong>qui</strong></span> <span class='ocrx_word' id='word_1_464' title='bbox 999 1317 1184 1354; x_wconf 82' lang='lat' dir='ltr'><strong>Apocalypsis.</strong></span> <span class='ocrx_word' id='word_1_465' title='bbox 1201 1317 1325 1345; x_wconf 84' lang='lat' dir='ltr'><strong>libellum</strong></span> <span class='ocrx_word' id='word_1_466' title='bbox 1347 1317 1522 1352; x_wconf 85' lang='lat' dir='ltr'><strong>conscripsit,</strong></span> <span class='ocrx_word' id='word_1_467' title='bbox 1539 1316 1588 1351; x_wconf 88' lang='lat' dir='ltr'><strong>qui</strong></span> <span class='ocrx_word' id='word_1_468' title='bbox 1608 1316 1720 1344; x_wconf 79' lang='lat' dir='ltr'><strong>Patrum</strong></span> 
     </span>
    </p>
   </div>
   <div class='ocr_carea' id='block_1_70' title="bbox 927 1361 1722 1399">
    <p class='ocr_par' dir='ltr' id='par_1_70' title="bbox 927 1361 1722 1399">
     <span class='ocr_line' id='line_1_70' title="bbox 927 1361 1722 1399; baseline -0.003 -8"><span class='ocrx_word' id='word_1_469' title='bbox 927 1363 1034 1399; x_wconf 82' lang='lat' dir='ltr'><strong>judicio</strong></span> <span class='ocrx_word' id='word_1_470' title='bbox 1056 1363 1254 1398; x_wconf 77' lang='lat' dir='ltr'><strong>comprobatus</strong></span> <span class='ocrx_word' id='word_1_471' title='bbox 1276 1367 1329 1396; x_wconf 86' lang='lat' dir='ltr'><strong>est,</strong></span> <span class='ocrx_word' id='word_1_472' title='bbox 1355 1366 1514 1390; x_wconf 79' lang='lat' dir='ltr'><strong>sanctorum</strong></span> <span class='ocrx_word' id='word_1_473' title='bbox 1540 1362 1646 1389; x_wconf 86' lang='lat' dir='ltr'><strong>animas</strong></span> <span class='ocrx_word' id='word_1_474' title='bbox 1669 1361 1722 1389; x_wconf 86' lang='lat' dir='ltr'><strong>sub</strong></span> 
     </span>
    </p>
   </div>
   <div class='ocr_carea' id='block_1_71' title="bbox 931 1408 1719 1446">
    <p class='ocr_par' dir='ltr' id='par_1_71' title="bbox 931 1408 1719 1446">
     <span class='ocr_line' id='line_1_71' title="bbox 931 1408 1719 1446; baseline -0.004 -8"><span class='ocrx_word' id='word_1_475' title='bbox 931 1410 990 1446; x_wconf 91' lang='lat' dir='ltr'><strong>ipso</strong></span> <span class='ocrx_word' id='word_1_476' title='bbox 1001 1411 1049 1438; x_wconf 85' lang='lat' dir='ltr'><strong>Dei</strong></span> <span class='ocrx_word' id='word_1_477' title='bbox 1063 1410 1143 1438; x_wconf 85' lang='lat' dir='ltr'><strong>altari</strong></span> <span class='ocrx_word' id='word_1_478' title='bbox 1154 1418 1184 1438; x_wconf 89' lang='lat' dir='ltr'><strong>se</strong></span> <span class='ocrx_word' id='word_1_479' title='bbox 1204 1410 1390 1446; x_wconf 82' lang='lat' dir='ltr'><strong>conspexisse,</strong></span> <span class='ocrx_word' id='word_1_480' title='bbox 1415 1414 1510 1445; x_wconf 82' lang='lat' dir='ltr'><strong>aperte</strong></span> <span class='ocrx_word' id='word_1_481' title='bbox 1531 1408 1719 1437; x_wconf 70' lang='lat' dir='ltr'><strong>confirmat&quot;.</strong></span> 
     </span>
    </p>
   </div>
   <div class='ocr_carea' id='block_1_72' title="bbox 930 1455 1724 1492">
    <p class='ocr_par' dir='ltr' id='par_1_72' title="bbox 930 1455 1724 1492">
     <span class='ocr_line' id='line_1_72' title="bbox 930 1455 1724 1492; baseline 0 -9"><span class='ocrx_word' id='word_1_482' title='bbox 930 1456 1008 1490; x_wconf 83' lang='lat' dir='ltr'><strong>Quod</strong></span> <span class='ocrx_word' id='word_1_483' title='bbox 1032 1457 1055 1483; x_wconf 91' lang='lat' dir='ltr'><strong>si</strong></span> <span class='ocrx_word' id='word_1_484' title='bbox 1066 1464 1114 1484; x_wconf 88' lang='lat' dir='ltr'><strong>eas</strong></span> <span class='ocrx_word' id='word_1_485' title='bbox 1126 1464 1159 1484; x_wconf 83' lang='lat' dir='ltr'><strong>ex</strong></span> <span class='ocrx_word' id='word_1_486' title='bbox 1182 1456 1236 1484; x_wconf 88' lang='lat' dir='ltr'><strong>illis</strong></span> <span class='ocrx_word' id='word_1_487' title='bbox 1251 1463 1361 1492; x_wconf 88' lang='lat' dir='ltr'><strong>quoque</strong></span> <span class='ocrx_word' id='word_1_488' title='bbox 1384 1455 1513 1491; x_wconf 89' lang='lat' dir='ltr'><strong>supernis</strong></span> <span class='ocrx_word' id='word_1_489' title='bbox 1533 1455 1724 1483; x_wconf 85' lang='lat' dir='ltr'><strong>mansionibus</strong></span> 
     </span>
    </p>
   </div>
   <div class='ocr_carea' id='block_1_73' title="bbox 932 1501 1722 1537">
    <p class='ocr_par' dir='ltr' id='par_1_73' title="bbox 932 1501 1722 1537">
     <span class='ocr_line' id='line_1_73' title="bbox 932 1501 1722 1537; baseline -0.001 -7"><span class='ocrx_word' id='word_1_490' title='bbox 932 1504 1054 1536; x_wconf 84' lang='lat' dir='ltr'><strong>trahunt,</strong></span> <span class='ocrx_word' id='word_1_491' title='bbox 1069 1507 1097 1531; x_wconf 87' lang='lat' dir='ltr'><strong>et</strong></span> <span class='ocrx_word' id='word_1_492' title='bbox 1107 1503 1141 1531; x_wconf 90' lang='lat' dir='ltr'><strong>de</strong></span> <span class='ocrx_word' id='word_1_493' title='bbox 1154 1502 1348 1537; x_wconf 80' lang='lat' dir='ltr'><strong>sacratissimis</strong></span> <span class='ocrx_word' id='word_1_494' title='bbox 1371 1501 1441 1530; x_wconf 89' lang='lat' dir='ltr'><strong>locis</strong></span> <span class='ocrx_word' id='word_1_495' title='bbox 1461 1501 1590 1529; x_wconf 78' lang='lat' dir='ltr'><strong>deferunt</strong></span> <span class='ocrx_word' id='word_1_496' title='bbox 1612 1509 1722 1534; x_wconf 88' lang='lat' dir='ltr'><strong>secure,</strong></span> 
     </span>
    </p>
   </div>
   <div class='ocr_carea' id='block_1_74' title="bbox 932 1547 1724 1585">
    <p class='ocr_par' dir='ltr' id='par_1_74' title="bbox 932 1547 1724 1585">
     <span class='ocr_line' id='line_1_74' title="bbox 932 1547 1724 1585; baseline -0.003 -8"><span class='ocrx_word' id='word_1_497' title='bbox 932 1550 1043 1578; x_wconf 86' lang='lat' dir='ltr'><strong>nemine</strong></span> <span class='ocrx_word' id='word_1_498' title='bbox 1064 1549 1240 1585; x_wconf 82' lang='lat' dir='ltr'><strong>probibente,</strong></span> <span class='ocrx_word' id='word_1_499' title='bbox 1255 1550 1376 1584; x_wconf 87' lang='lat' dir='ltr'><strong>primum</strong></span> <span class='ocrx_word' id='word_1_500' title='bbox 1403 1547 1532 1577; x_wconf 89' lang='lat' dir='ltr'><strong>omnibus</strong></span> <span class='ocrx_word' id='word_1_501' title='bbox 1546 1547 1659 1583; x_wconf 88' lang='lat' dir='ltr'><strong>quidem</strong></span> <span class='ocrx_word' id='word_1_502' title='bbox 1670 1547 1724 1575; x_wconf 69' lang='lat' dir='ltr'><strong>daa-</strong></span> 
     </span>
    </p>
   </div>
   <div class='ocr_carea' id='block_1_75' title="bbox 933 1594 1722 1629">
    <p class='ocr_par' dir='ltr' id='par_1_75' title="bbox 933 1594 1722 1629">
     <span class='ocr_line' id='line_1_75' title="bbox 933 1594 1722 1629; baseline -0.001 -7"><span class='ocrx_word' id='word_1_503' title='bbox 933 1595 1033 1623; x_wconf 90' lang='lat' dir='ltr'><strong>moniis</strong></span> <span class='ocrx_word' id='word_1_504' title='bbox 1047 1600 1090 1623; x_wconf 86' lang='lat' dir='ltr'><strong>est</strong></span> <span class='ocrx_word' id='word_1_505' title='bbox 1103 1595 1132 1623; x_wconf 88' lang='lat' dir='ltr'><strong>in</strong></span> <span class='ocrx_word' id='word_1_506' title='bbox 1143 1596 1244 1623; x_wconf 67' lang='lat' dir='ltr'><strong>malum</strong></span> <span class='ocrx_word' id='word_1_507' title='bbox 1256 1603 1394 1628; x_wconf 80' lang='lat' dir='ltr'><strong>accessus,</strong></span> <span class='ocrx_word' id='word_1_508' title='bbox 1408 1594 1507 1622; x_wconf 88' lang='lat' dir='ltr'><strong>deinde</strong></span> <span class='ocrx_word' id='word_1_509' title='bbox 1519 1594 1618 1622; x_wconf 85' lang='lat' dir='ltr'><strong>iisdem</strong></span> <span class='ocrx_word' id='word_1_510' title='bbox 1636 1598 1722 1629; x_wconf 81' lang='lat' dir='ltr'><strong>patet,</strong></span> 
     </span>
    </p>
   </div>
   <div class='ocr_carea' id='block_1_76' title="bbox 933 1640 1724 1677">
    <p class='ocr_par' dir='ltr' id='par_1_76' title="bbox 933 1640 1724 1677">
     <span class='ocr_line' id='line_1_76' title="bbox 933 1640 1724 1677; baseline -0.003 -8"><span class='ocrx_word' id='word_1_511' title='bbox 933 1645 964 1668; x_wconf 83' lang='lat' dir='ltr'><strong>ut</strong></span> <span class='ocrx_word' id='word_1_512' title='bbox 981 1649 1153 1677; x_wconf 86' lang='lat' dir='ltr'><strong>consequens</strong></span> <span class='ocrx_word' id='word_1_513' title='bbox 1166 1645 1218 1673; x_wconf 85' lang='lat' dir='ltr'><strong>est,</strong></span> <span class='ocrx_word' id='word_1_514' title='bbox 1239 1641 1360 1676; x_wconf 85' lang='lat' dir='ltr'><strong>paradisi</strong></span> <span class='ocrx_word' id='word_1_515' title='bbox 1380 1641 1478 1677; x_wconf 79' lang='lat' dir='ltr'><strong>janua:</strong></span> <span class='ocrx_word' id='word_1_516' title='bbox 1491 1640 1566 1668; x_wconf 84' lang='lat' dir='ltr'><strong>cedit</strong></span> <span class='ocrx_word' id='word_1_517' title='bbox 1590 1644 1724 1676; x_wconf 63' lang='lat' dir='ltr'><strong>praeterea</strong></span> 
     </span>
    </p>
   </div>
   <div class='ocr_carea' id='block_1_77' title="bbox 931 1685 1721 1722">
    <p class='ocr_par' dir='ltr' id='par_1_77' title="bbox 931 1685 1721 1722">
     <span class='ocr_line' id='line_1_77' title="bbox 931 1685 1721 1722; baseline -0.001 -9"><span class='ocrx_word' id='word_1_518' title='bbox 931 1686 1055 1715; x_wconf 85' lang='lat' dir='ltr'><strong>ﬂammea</strong></span> <span class='ocrx_word' id='word_1_519' title='bbox 1068 1687 1114 1714; x_wconf 85' lang='lat' dir='ltr'><strong>illa</strong></span> <span class='ocrx_word' id='word_1_520' title='bbox 1133 1687 1307 1722; x_wconf 76' lang='lat' dir='ltr'><strong>rhomphaea:</strong></span> <span class='ocrx_word' id='word_1_521' title='bbox 1321 1685 1361 1714; x_wconf 88' lang='lat' dir='ltr'><strong>sic</strong></span> <span class='ocrx_word' id='word_1_522' title='bbox 1371 1686 1446 1713; x_wconf 88' lang='lat' dir='ltr'><strong>enim</strong></span> <span class='ocrx_word' id='word_1_523' title='bbox 1456 1687 1588 1720; x_wconf 83' lang='lat' dir='ltr'><strong>consequi</strong></span> <span class='ocrx_word' id='word_1_524' title='bbox 1600 1685 1721 1717; x_wconf 83' lang='lat' dir='ltr'><strong>videtur,</strong></span> 
     </span>
    </p>
   </div>
   <div class='ocr_carea' id='block_1_78' title="bbox 932 1731 1724 1769">
    <p class='ocr_par' dir='ltr' id='par_1_78' title="bbox 932 1731 1724 1769">
     <span class='ocr_line' id='line_1_78' title="bbox 932 1731 1724 1769; baseline -0.004 -9"><span class='ocrx_word' id='word_1_525' title='bbox 932 1741 1024 1768; x_wconf 89' lang='lat' dir='ltr'><strong>neque</strong></span> <span class='ocrx_word' id='word_1_526' title='bbox 1047 1734 1201 1769; x_wconf 83' lang='lat' dir='ltr'><strong>ingressum</strong></span> <span class='ocrx_word' id='word_1_527' title='bbox 1214 1737 1296 1768; x_wconf 83' lang='lat' dir='ltr'><strong>atque</strong></span> <span class='ocrx_word' id='word_1_528' title='bbox 1317 1732 1423 1760; x_wconf 78' lang='lat' dir='ltr'><strong>exitum</strong></span> <span class='ocrx_word' id='word_1_529' title='bbox 1435 1732 1490 1759; x_wconf 86' lang='lat' dir='ltr'><strong>illis</strong></span> <span class='ocrx_word' id='word_1_530' title='bbox 1509 1731 1592 1758; x_wconf 90' lang='lat' dir='ltr'><strong>modo</strong></span> <span class='ocrx_word' id='word_1_531' title='bbox 1604 1731 1724 1758; x_wconf 83' lang='lat' dir='ltr'><strong>liberum</strong></span> 
     </span>
    </p>
   </div>
   <div class='ocr_carea' id='block_1_79' title="bbox 932 1777 1725 1814">
    <p class='ocr_par' dir='ltr' id='par_1_79' title="bbox 932 1777 1725 1814">
     <span class='ocr_line' id='line_1_79' title="bbox 932 1777 1725 1814; baseline -0.003 -7"><span class='ocrx_word' id='word_1_532' title='bbox 932 1779 1053 1814; x_wconf 64' lang='lat' dir='ltr'><strong>praebet;</strong></span> <span class='ocrx_word' id='word_1_533' title='bbox 1078 1779 1127 1807; x_wconf 87' lang='lat' dir='ltr'><strong>sed</strong></span> <span class='ocrx_word' id='word_1_534' title='bbox 1144 1779 1209 1806; x_wconf 88' lang='lat' dir='ltr'><strong>licet</strong></span> <span class='ocrx_word' id='word_1_535' title='bbox 1230 1779 1270 1806; x_wconf 90' lang='lat' dir='ltr'><strong>eis</strong></span> <span class='ocrx_word' id='word_1_536' title='bbox 1292 1777 1386 1810; x_wconf 87' lang='lat' dir='ltr'><strong>etiam,</strong></span> <span class='ocrx_word' id='word_1_537' title='bbox 1405 1777 1428 1805; x_wconf 86' lang='lat' dir='ltr'><strong>si</strong></span> <span class='ocrx_word' id='word_1_538' title='bbox 1440 1777 1534 1810; x_wconf 84' lang='lat' dir='ltr'><strong>libeat,</strong></span> <span class='ocrx_word' id='word_1_539' title='bbox 1559 1777 1667 1812; x_wconf 81' lang='lat' dir='ltr'><strong>aliquos</strong></span> <span class='ocrx_word' id='word_1_540' title='bbox 1691 1785 1725 1805; x_wconf 90' lang='lat' dir='ltr'><strong>eo</strong></span> 
     </span>
    </p>
   </div>
   <div class='ocr_carea' id='block_1_80' title="bbox 932 1823 1724 1860">
    <p class='ocr_par' dir='ltr' id='par_1_80' title="bbox 932 1823 1724 1860">
     <span class='ocr_line' id='line_1_80' title="bbox 932 1823 1724 1860; baseline -0.004 -7"><span class='ocrx_word' id='word_1_541' title='bbox 932 1825 1071 1860; x_wconf 79' lang='lat' dir='ltr'><strong>ingressos</strong></span> <span class='ocrx_word' id='word_1_542' title='bbox 1083 1825 1202 1852; x_wconf 86' lang='lat' dir='ltr'><strong>educere</strong></span> <span class='ocrx_word' id='word_1_543' title='bbox 1217 1833 1224 1851; x_wconf 91' lang='lat'>:</span> <span class='ocrx_word' id='word_1_544' title='bbox 1237 1831 1329 1852; x_wconf 87' lang='lat' dir='ltr'><strong>nonne</strong></span> <span class='ocrx_word' id='word_1_545' title='bbox 1344 1831 1411 1859; x_wconf 78' lang='lat' dir='ltr'><strong>ergo</strong></span> <span class='ocrx_word' id='word_1_546' title='bbox 1422 1823 1475 1851; x_wconf 88' lang='lat' dir='ltr'><strong>hoc</strong></span> <span class='ocrx_word' id='word_1_547' title='bbox 1485 1828 1541 1856; x_wconf 82' lang='lat' dir='ltr'><strong>est,</strong></span> <span class='ocrx_word' id='word_1_548' title='bbox 1552 1830 1629 1858; x_wconf 85' lang='lat' dir='ltr'><strong>spem</strong></span> <span class='ocrx_word' id='word_1_549' title='bbox 1642 1830 1724 1858; x_wconf 82' lang='lat' dir='ltr'><strong>quam</strong></span> 
     </span>
    </p>
   </div>
   <div class='ocr_carea' id='block_1_81' title="bbox 933 1869 1724 1903">
    <p class='ocr_par' dir='ltr' id='par_1_81' title="bbox 933 1869 1724 1903">
     <span class='ocr_line' id='line_1_81' title="bbox 933 1869 1724 1903; baseline -0.003 -3"><span class='ocrx_word' id='word_1_550' title='bbox 933 1872 961 1899; x_wconf 91' lang='lat' dir='ltr'><strong>in</strong></span> <span class='ocrx_word' id='word_1_551' title='bbox 974 1872 1085 1900; x_wconf 85' lang='lat' dir='ltr'><strong>Christo</strong></span> <span class='ocrx_word' id='word_1_552' title='bbox 1096 1872 1240 1903; x_wconf 81' lang='lat' dir='ltr'><strong>habemus,</strong></span> <span class='ocrx_word' id='word_1_553' title='bbox 1261 1870 1378 1898; x_wconf 85' lang='lat' dir='ltr'><strong>irridere</strong></span> <span class='ocrx_word' id='word_1_554' title='bbox 1388 1869 1401 1896; x_wconf 78' lang='lat'><strong>?</strong></span> <span class='ocrx_word' id='word_1_555' title='bbox 1417 1874 1445 1897; x_wconf 89' lang='lat' dir='ltr'><strong>et</strong></span> <span class='ocrx_word' id='word_1_556' title='bbox 1465 1869 1650 1897; x_wconf 81' lang='lat' dir='ltr'><strong>miserrimam</strong></span> <span class='ocrx_word' id='word_1_557' title='bbox 1663 1876 1724 1898; x_wconf 84' lang='lat' dir='ltr'><strong>esse</strong></span> 
     </span>
    </p>
   </div>
   <div class='ocr_carea' id='block_1_82' title="bbox 933 1916 1549 1946">
    <p class='ocr_par' dir='ltr' id='par_1_82' title="bbox 933 1916 1549 1946">
     <span class='ocr_line' id='line_1_82' title="bbox 933 1916 1549 1946; baseline -0.005 0"><span class='ocrx_word' id='word_1_558' title='bbox 933 1918 1080 1946; x_wconf 78' lang='lat' dir='ltr'><strong>ostendere</strong></span> <span class='ocrx_word' id='word_1_559' title='bbox 1088 1918 1293 1945; x_wconf 82' lang='lat' dir='ltr'><strong>admirabilium</strong></span> <span class='ocrx_word' id='word_1_560' title='bbox 1306 1917 1430 1945; x_wconf 72' lang='lat' dir='ltr'><strong>virorum</strong></span> <span class='ocrx_word' id='word_1_561' title='bbox 1443 1916 1549 1944; x_wconf 77' lang='lat' dir='ltr'><strong>vitam?</strong></span> 
     </span>
    </p>
   </div>
   <div class='ocr_carea' id='block_1_83' title="bbox 969 1963 1253 1992">
    <p class='ocr_par' dir='ltr' id='par_1_83' title="bbox 969 1963 1253 1992">
     <span class='ocr_line' id='line_1_83' title="bbox 969 1963 1253 1992; baseline -0.004 -1"><span class='ocrx_word' id='word_1_562' title='bbox 969 1964 1068 1991; x_wconf 79' lang='lat' dir='ltr'><strong>PALL.</strong></span> <span class='ocrx_word' id='word_1_563' title='bbox 1082 1964 1120 1991; x_wconf 81' lang='lat' dir='ltr'><strong>Ita</strong></span> <span class='ocrx_word' id='word_1_564' title='bbox 1133 1963 1253 1992; x_wconf 84' lang='lat' dir='ltr'><strong>videtur.</strong></span> 
     </span>
    </p>
   </div>
   <div class='ocr_carea' id='block_1_84' title="bbox 969 2009 1726 2043">
    <p class='ocr_par' dir='ltr' id='par_1_84' title="bbox 969 2009 1726 2043">
     <span class='ocr_line' id='line_1_84' title="bbox 969 2009 1726 2043; baseline -0.001 -5"><span class='ocrx_word' id='word_1_565' title='bbox 969 2010 1048 2038; x_wconf 82' lang='lat' dir='ltr'><strong>CYR.</strong></span> <span class='ocrx_word' id='word_1_566' title='bbox 1064 2010 1117 2038; x_wconf 87' lang='lat' dir='ltr'><strong>Sed</strong></span> <span class='ocrx_word' id='word_1_567' title='bbox 1132 2011 1205 2038; x_wconf 89' lang='lat' dir='ltr'><strong>idem</strong></span> <span class='ocrx_word' id='word_1_568' title='bbox 1220 2010 1333 2038; x_wconf 91' lang='lat' dir='ltr'><strong>minime</strong></span> <span class='ocrx_word' id='word_1_569' title='bbox 1355 2010 1506 2039; x_wconf 91' lang='lat' dir='ltr'><strong>obscurum</strong></span> <span class='ocrx_word' id='word_1_570' title='bbox 1517 2013 1568 2038; x_wconf 85' lang='lat' dir='ltr'><strong>est.</strong></span> <span class='ocrx_word' id='word_1_571' title='bbox 1582 2009 1726 2043; x_wconf 86' lang='lat' dir='ltr'><strong>Quomodo</strong></span> 
     </span>
    </p>
   </div>
   <div class='ocr_carea' id='block_1_85' title="bbox 933 2057 1725 2090">
    <p class='ocr_par' dir='ltr' id='par_1_85' title="bbox 933 2057 1725 2090">
     <span class='ocr_line' id='line_1_85' title="bbox 933 2057 1725 2090; baseline 0 -6"><span class='ocrx_word' id='word_1_572' title='bbox 933 2060 1024 2084; x_wconf 88' lang='lat' dir='ltr'><strong>autem</strong></span> <span class='ocrx_word' id='word_1_573' title='bbox 1038 2057 1135 2085; x_wconf 87' lang='lat' dir='ltr'><strong>melius</strong></span> <span class='ocrx_word' id='word_1_574' title='bbox 1146 2058 1296 2085; x_wconf 82' lang='lat' dir='ltr'><strong>eratbeato</strong></span> <span class='ocrx_word' id='word_1_575' title='bbox 1318 2058 1404 2085; x_wconf 84' lang='lat' dir='ltr'><strong>Paulo</strong></span> <span class='ocrx_word' id='word_1_576' title='bbox 1419 2057 1531 2090; x_wconf 86' lang='lat' dir='ltr'><strong>resolvi,</strong></span> <span class='ocrx_word' id='word_1_577' title='bbox 1547 2061 1576 2085; x_wconf 88' lang='lat' dir='ltr'><strong>et</strong></span> <span class='ocrx_word' id='word_1_578' title='bbox 1587 2065 1648 2085; x_wconf 86' lang='lat' dir='ltr'><strong>esse</strong></span> <span class='ocrx_word' id='word_1_579' title='bbox 1662 2064 1725 2084; x_wconf 87' lang='lat' dir='ltr'><strong>cum</strong></span> 
     </span>
    </p>
   </div>
   <div class='ocr_carea' id='block_1_86' title="bbox 934 2102 1727 2138">
    <p class='ocr_par' dir='ltr' id='par_1_86' title="bbox 934 2102 1727 2138">
     <span class='ocr_line' id='line_1_86' title="bbox 934 2102 1727 2138; baseline -0.001 -8"><span class='ocrx_word' id='word_1_580' title='bbox 934 2102 1047 2131; x_wconf 81' lang='lat' dir='ltr'><strong>Christo</strong></span> <span class='ocrx_word' id='word_1_581' title='bbox 1059 2103 1082 2118; x_wconf 82' lang='lat'>”</span> <span class='ocrx_word' id='word_1_582' title='bbox 1094 2103 1105 2129; x_wconf 68' lang='grc' dir='ltr'><strong>*ἶ</strong></span> <span class='ocrx_word' id='word_1_583' title='bbox 1117 2103 1197 2135; x_wconf 84' lang='lat' dir='ltr'><strong>Nam,</strong></span> <span class='ocrx_word' id='word_1_584' title='bbox 1219 2103 1242 2130; x_wconf 89' lang='lat' dir='ltr'><strong>si</strong></span> <span class='ocrx_word' id='word_1_585' title='bbox 1265 2107 1359 2138; x_wconf 88' lang='lat' dir='ltr'><strong>postea</strong></span> <span class='ocrx_word' id='word_1_586' title='bbox 1382 2111 1464 2138; x_wconf 91' lang='lat' dir='ltr'><strong>quam</strong></span> <span class='ocrx_word' id='word_1_587' title='bbox 1477 2111 1492 2130; x_wconf 89' lang='lat' dir='ltr'><strong>e</strong></span> <span class='ocrx_word' id='word_1_588' title='bbox 1511 2102 1628 2130; x_wconf 88' lang='lat' dir='ltr'><strong>terrenis</strong></span> <span class='ocrx_word' id='word_1_589' title='bbox 1642 2102 1727 2130; x_wconf 89' lang='lat' dir='ltr'><strong>rebus</strong></span> 
     </span>
    </p>
   </div>
   <div class='ocr_carea' id='block_1_87' title="bbox 933 2146 1727 2180">
    <p class='ocr_par' dir='ltr' id='par_1_87' title="bbox 933 2146 1727 2180">
     <span class='ocr_line' id='line_1_87' title="bbox 933 2146 1727 2180; baseline -0.004 -4"><span class='ocrx_word' id='word_1_590' title='bbox 933 2147 1147 2180; x_wconf 80' lang='lat' dir='ltr'><strong>excesserimus,</strong></span> <span class='ocrx_word' id='word_1_591' title='bbox 1159 2153 1187 2176; x_wconf 87' lang='lat' dir='ltr'><strong>et</strong></span> <span class='ocrx_word' id='word_1_592' title='bbox 1199 2156 1261 2175; x_wconf 90' lang='lat' dir='ltr'><strong>cum</strong></span> <span class='ocrx_word' id='word_1_593' title='bbox 1275 2147 1386 2176; x_wconf 85' lang='lat' dir='ltr'><strong>Christo</strong></span> <span class='ocrx_word' id='word_1_594' title='bbox 1401 2148 1545 2180; x_wconf 85' lang='lat' dir='ltr'><strong>fuerimus,</strong></span> <span class='ocrx_word' id='word_1_595' title='bbox 1558 2146 1727 2175; x_wconf 81' lang='lat' dir='ltr'><strong>adversariis</strong></span> 
     </span>
    </p>
   </div>
   <div class='ocr_carea' id='block_1_88' title="bbox 934 2191 1728 2229">
    <p class='ocr_par' dir='ltr' id='par_1_88' title="bbox 934 2191 1728 2229">
     <span class='ocr_line' id='line_1_88' title="bbox 934 2191 1728 2229; baseline -0.003 -8"><span class='ocrx_word' id='word_1_596' title='bbox 934 2194 1078 2229; x_wconf 84' lang='lat' dir='ltr'><strong>spiritibus</strong></span> <span class='ocrx_word' id='word_1_597' title='bbox 1089 2193 1254 2229; x_wconf 89' lang='lat' dir='ltr'><strong>subjiciendi</strong></span> <span class='ocrx_word' id='word_1_598' title='bbox 1274 2201 1380 2226; x_wconf 87' lang='lat' dir='ltr'><strong>sumus,</strong></span> <span class='ocrx_word' id='word_1_599' title='bbox 1395 2193 1533 2220; x_wconf 80' lang='lat' dir='ltr'><strong>exinanita</strong></span> <span class='ocrx_word' id='word_1_600' title='bbox 1549 2196 1591 2220; x_wconf 86' lang='lat' dir='ltr'><strong>est</strong></span> <span class='ocrx_word' id='word_1_601' title='bbox 1605 2191 1683 2224; x_wconf 77' lang='lat' dir='ltr'><strong>fides,</strong></span> <span class='ocrx_word' id='word_1_602' title='bbox 1695 2195 1728 2219; x_wconf 80' lang='lat' dir='ltr'><strong>ut</strong></span> 
     </span>
    </p>
   </div>
   <div class='ocr_carea' id='block_1_89' title="bbox 935 2239 1725 2275">
    <p class='ocr_par' dir='ltr' id='par_1_89' title="bbox 935 2239 1725 2275">
     <span class='ocr_line' id='line_1_89' title="bbox 935 2239 1725 2275; baseline -0.004 -8"><span class='ocrx_word' id='word_1_603' title='bbox 935 2240 1068 2275; x_wconf 86' lang='lat' dir='ltr'><strong>scriptum</strong></span> <span class='ocrx_word' id='word_1_604' title='bbox 1091 2243 1133 2267; x_wconf 84' lang='lat' dir='ltr'><strong>est</strong></span> <span class='ocrx_word' id='word_1_605' title='bbox 1143 2239 1166 2256; x_wconf 78' lang='lat'>&quot;</span> <span class='ocrx_word' id='word_1_606' title='bbox 1180 2248 1186 2273; x_wconf 83' lang='lat'>;</span> <span class='ocrx_word' id='word_1_607' title='bbox 1212 2247 1243 2267; x_wconf 84' lang='lat' dir='ltr'><strong>ac</strong></span> <span class='ocrx_word' id='word_1_608' title='bbox 1263 2239 1370 2267; x_wconf 71' lang='lat' dir='ltr'><strong>versari</strong></span> <span class='ocrx_word' id='word_1_609' title='bbox 1384 2239 1413 2266; x_wconf 90' lang='lat' dir='ltr'><strong>in</strong></span> <span class='ocrx_word' id='word_1_610' title='bbox 1429 2245 1556 2274; x_wconf 79' lang='lat' dir='ltr'><strong>corpore,</strong></span> <span class='ocrx_word' id='word_1_611' title='bbox 1570 2243 1652 2272; x_wconf 87' lang='lat' dir='ltr'><strong>quam</strong></span> <span class='ocrx_word' id='word_1_612' title='bbox 1663 2244 1725 2264; x_wconf 85' lang='lat' dir='ltr'><strong>esse</strong></span> 
     </span>
    </p>
   </div>
   <div class='ocr_carea' id='block_1_90' title="bbox 88 2283 878 2324">
    <p class='ocr_par' dir='ltr' id='par_1_90' title="bbox 88 2283 878 2322">
     <span class='ocr_line' id='line_1_90' title="bbox 88 2283 878 2322; baseline 0.003 -12"><span class='ocrx_word' id='word_1_613' title='bbox 88 2283 209 2319; x_wconf 87' lang='grc' dir='ltr'>σώματι,</span> <span class='ocrx_word' id='word_1_614' title='bbox 224 2283 270 2311; x_wconf 83' lang='grc' dir='ltr'>τοῦ</span> <span class='ocrx_word' id='word_1_615' title='bbox 279 2286 398 2312; x_wconf 77' lang='grc' dir='ltr'>συνεῖναι</span> <span class='ocrx_word' id='word_1_616' title='bbox 408 2284 530 2320; x_wconf 85' lang='grc' dir='ltr'>Χριστῷ,</span> <span class='ocrx_word' id='word_1_617' title='bbox 542 2285 596 2316; x_wconf 80' lang='grc' dir='ltr'>πᾶς</span> <span class='ocrx_word' id='word_1_618' title='bbox 605 2294 648 2317; x_wconf 84' lang='grc' dir='ltr'><strong>τις</strong></span> <span class='ocrx_word' id='word_1_619' title='bbox 662 2283 719 2319; x_wconf 75' lang='grc' dir='ltr'>οὖν,</span> <span class='ocrx_word' id='word_1_620' title='bbox 733 2283 820 2322; x_wconf 81' lang='grc' dir='ltr'>οἶμαι,</span> <span class='ocrx_word' id='word_1_621' title='bbox 835 2286 878 2314; x_wconf 66' lang='grc' dir='ltr'>καὶ</span> 
     </span>
    </p>
   </div>
   <div class='ocr_carea' id='block_1_91' title="bbox 933 2283 1726 2324">
    <p class='ocr_par' dir='ltr' id='par_1_91' title="bbox 934 2283 1726 2321">
     <span class='ocr_line' id='line_1_91' title="bbox 934 2283 1726 2321; baseline -0.004 -8"><span class='ocrx_word' id='word_1_622' title='bbox 934 2294 996 2313; x_wconf 91' lang='lat' dir='ltr'><strong>cum</strong></span> <span class='ocrx_word' id='word_1_623' title='bbox 1009 2285 1129 2318; x_wconf 87' lang='lat' dir='ltr'><strong>Christo,</strong></span> <span class='ocrx_word' id='word_1_624' title='bbox 1142 2285 1242 2321; x_wconf 81' lang='lat' dir='ltr'><strong>quivis,</strong></span> <span class='ocrx_word' id='word_1_625' title='bbox 1256 2285 1365 2320; x_wconf 90' lang='lat' dir='ltr'><strong>opinor,</strong></span> <span class='ocrx_word' id='word_1_626' title='bbox 1376 2285 1457 2321; x_wconf 82' lang='lat' dir='ltr'><strong>longe</strong></span> <span class='ocrx_word' id='word_1_627' title='bbox 1469 2283 1647 2320; x_wconf 62' lang='lat' dir='ltr'><strong>prastanlius</strong></span> <span class='ocrx_word' id='word_1_628' title='bbox 1664 2289 1726 2310; x_wconf 80' lang='lat' dir='ltr'><strong>esse</strong></span> 
     </span>
    </p>
   </div>
   <div class='ocr_carea' id='block_1_92' title="bbox 86 2329 881 2367">
    <p class='ocr_par' dir='ltr' id='par_1_92' title="bbox 86 2329 881 2367">
     <span class='ocr_line' id='line_1_92' title="bbox 86 2329 881 2367; baseline 0.004 -11"><span class='ocrx_word' id='word_1_629' title='bbox 86 2329 266 2365; x_wconf 82' lang='grc' dir='ltr'>ἀσυγκριτως</span> <span class='ocrx_word' id='word_1_630' title='bbox 280 2330 430 2365; x_wconf 86' lang='grc' dir='ltr'>διενεγκεῖν</span> <span class='ocrx_word' id='word_1_631' title='bbox 451 2331 642 2367; x_wconf 76' lang='grc' dir='ltr'>ἐπιψηφιεῖται</span> <span class='ocrx_word' id='word_1_632' title='bbox 657 2331 750 2358; x_wconf 81' lang='grc' dir='ltr'>λοιπὸν</span> <span class='ocrx_word' id='word_1_633' title='bbox 760 2352 768 2363; x_wconf 88' lang='grc'><strong>,</strong></span> <span class='ocrx_word' id='word_1_634' title='bbox 791 2332 839 2359; x_wconf 82' lang='grc' dir='ltr'>καὶ</span> <span class='ocrx_word' id='word_1_635' title='bbox 851 2333 881 2359; x_wconf 78' lang='grc' dir='ltr'>τὸ</span> 
     </span>
    </p>
   </div>
   <div class='ocr_carea' id='block_1_93' title="bbox 86 2375 881 2413">
    <p class='ocr_par' dir='ltr' id='par_1_93' title="bbox 86 2375 881 2413">
     <span class='ocr_line' id='line_1_93' title="bbox 86 2375 881 2413; baseline 0.004 -12"><span class='ocrx_word' id='word_1_636' title='bbox 86 2376 135 2402; x_wconf 74' lang='grc' dir='ltr'><strong>ἐπὶ</strong></span> <span class='ocrx_word' id='word_1_637' title='bbox 152 2375 250 2402; x_wconf 70' lang='grc' dir='ltr'>τούτου</span> <span class='ocrx_word' id='word_1_638' title='bbox 268 2376 505 2412; x_wconf 83' lang='grc' dir='ltr'>δυσανεκτότερον·</span> <span class='ocrx_word' id='word_1_639' title='bbox 520 2376 560 2403; x_wconf 80' lang='grc' dir='ltr'>ἔτι</span> <span class='ocrx_word' id='word_1_640' title='bbox 579 2377 628 2412; x_wconf 75' lang='grc' dir='ltr'>μὲν</span> <span class='ocrx_word' id='word_1_641' title='bbox 642 2377 696 2412; x_wconf 81' lang='grc' dir='ltr'><strong>γὰρ</strong></span> <span class='ocrx_word' id='word_1_642' title='bbox 710 2378 738 2404; x_wconf 82' lang='grc' dir='ltr'>ὲν</span> <span class='ocrx_word' id='word_1_643' title='bbox 755 2377 823 2413; x_wconf 84' lang='grc' dir='ltr'>τῷδε</span> <span class='ocrx_word' id='word_1_644' title='bbox 842 2377 881 2412; x_wconf 83' lang='grc' dir='ltr'>τῷ</span> 
     </span>
    </p>
   </div>
   <div class='ocr_carea' id='block_1_94' title="bbox 87 2421 879 2458">
    <p class='ocr_par' dir='ltr' id='par_1_94' title="bbox 87 2421 879 2458">
     <span class='ocr_line' id='line_1_94' title="bbox 87 2421 879 2458; baseline 0.004 -11"><span class='ocrx_word' id='word_1_645' title='bbox 87 2421 139 2457; x_wconf 82' lang='grc' dir='ltr'>βίῳ</span> <span class='ocrx_word' id='word_1_646' title='bbox 164 2421 325 2457; x_wconf 83' lang='grc' dir='ltr'>ποιούμενοι</span> <span class='ocrx_word' id='word_1_647' title='bbox 338 2422 388 2454; x_wconf 80' lang='grc' dir='ltr'><strong>τὰς</strong></span> <span class='ocrx_word' id='word_1_648' title='bbox 398 2422 539 2458; x_wconf 73' lang='grc' dir='ltr'>διατριϐὰς</span> <span class='ocrx_word' id='word_1_649' title='bbox 549 2444 556 2456; x_wconf 92' lang='grc'><strong>,</strong></span> <span class='ocrx_word' id='word_1_650' title='bbox 571 2423 633 2458; x_wconf 78' lang='grc' dir='ltr'>οὐχὶ</span> <span class='ocrx_word' id='word_1_651' title='bbox 652 2424 709 2454; x_wconf 88' lang='grc' dir='ltr'>τοῖς</span> <span class='ocrx_word' id='word_1_652' title='bbox 725 2423 772 2450; x_wconf 81' lang='grc' dir='ltr'>τοῦ</span> <span class='ocrx_word' id='word_1_653' title='bbox 787 2424 879 2450; x_wconf 69' lang='grc' dir='ltr'>διαϐό-</span> 
     </span>
    </p>
   </div>
   <div class='ocr_carea' id='block_1_95' title="bbox 87 2467 882 2504">
    <p class='ocr_par' dir='ltr' id='par_1_95' title="bbox 87 2467 882 2504">
     <span class='ocr_line' id='line_1_95' title="bbox 87 2467 882 2504; baseline 0.004 -11"><span class='ocrx_word' id='word_1_654' title='bbox 87 2467 134 2494; x_wconf 76' lang='grc' dir='ltr'><strong>λου</strong></span> <span class='ocrx_word' id='word_1_655' title='bbox 164 2467 319 2502; x_wconf 81' lang='grc' dir='ltr'>θελήμασιν</span> <span class='ocrx_word' id='word_1_656' title='bbox 340 2467 548 2503; x_wconf 82' lang='grc' dir='ltr'>ὑπεζεὺγμεθα,</span> <span class='ocrx_word' id='word_1_657' title='bbox 570 2468 710 2504; x_wconf 85' lang='grc' dir='ltr'>πατοῦμεν</span> <span class='ocrx_word' id='word_1_658' title='bbox 736 2469 765 2495; x_wconf 67' lang='grc' dir='ltr'>δὲ</span> <span class='ocrx_word' id='word_1_659' title='bbox 788 2469 882 2496; x_wconf 68' lang='grc' dir='ltr'>ἐπάνω</span> 
     </span>
    </p>
   </div>
   <div class='ocr_carea' id='block_1_96' title="bbox 88 2512 880 2551">
    <p class='ocr_par' dir='ltr' id='par_1_96' title="bbox 88 2512 880 2551">
     <span class='ocr_line' id='line_1_96' title="bbox 88 2512 880 2551; baseline 0.005 -14"><span class='ocrx_word' id='word_1_660' title='bbox 88 2512 178 2546; x_wconf 60' lang='grc' dir='ltr'>ὄφεων</span> <span class='ocrx_word' id='word_1_661' title='bbox 202 2513 250 2539; x_wconf 79' lang='grc' dir='ltr'>καὶ</span> <span class='ocrx_word' id='word_1_662' title='bbox 277 2513 418 2549; x_wconf 75' lang='grc' dir='ltr'>σκορπίων,</span> <span class='ocrx_word' id='word_1_663' title='bbox 437 2514 556 2549; x_wconf 78' lang='grc' dir='ltr'>μᾶλλον,</span> <span class='ocrx_word' id='word_1_664' title='bbox 579 2514 627 2541; x_wconf 66' lang='grc' dir='ltr'>καίι</span> <span class='ocrx_word' id='word_1_665' title='bbox 642 2514 691 2540; x_wconf 74' lang='grc' dir='ltr'><strong>ἐπὶ</strong></span> <span class='ocrx_word' id='word_1_666' title='bbox 710 2515 802 2541; x_wconf 78' lang='grc' dir='ltr'>πᾶσαν</span> <span class='ocrx_word' id='word_1_667' title='bbox 830 2515 880 2551; x_wconf 79' lang='grc' dir='ltr'>τὴν</span> 
     </span>
    </p>
   </div>
   <div class='ocr_carea' id='block_1_97' title="bbox 86 2557 876 2596">
    <p class='ocr_par' dir='ltr' id='par_1_97' title="bbox 86 2557 876 2596">
     <span class='ocr_line' id='line_1_97' title="bbox 86 2557 876 2596; baseline 0.003 -12"><span class='ocrx_word' id='word_1_668' title='bbox 86 2557 207 2593; x_wconf 82' lang='grc' dir='ltr'>δύναμιν</span> <span class='ocrx_word' id='word_1_669' title='bbox 219 2557 268 2584; x_wconf 76' lang='grc' dir='ltr'><strong>τοῦ</strong></span> <span class='ocrx_word' id='word_1_670' title='bbox 283 2558 381 2594; x_wconf 78' lang='grc' dir='ltr'>ἐχθροῦ</span> <span class='ocrx_word' id='word_1_671' title='bbox 393 2579 401 2591; x_wconf 94' lang='grc'><strong>,</strong></span> <span class='ocrx_word' id='word_1_672' title='bbox 416 2559 488 2586; x_wconf 83' lang='grc' dir='ltr'><strong>κατά</strong></span> <span class='ocrx_word' id='word_1_673' title='bbox 503 2560 553 2596; x_wconf 85' lang='grc' dir='ltr'>τὴν</span> <span class='ocrx_word' id='word_1_674' title='bbox 567 2559 614 2586; x_wconf 80' lang='grc' dir='ltr'>τοῦ</span> <span class='ocrx_word' id='word_1_675' title='bbox 631 2560 758 2595; x_wconf 82' lang='grc' dir='ltr'>Σωτῆρος</span> <span class='ocrx_word' id='word_1_676' title='bbox 774 2561 876 2596; x_wconf 85' lang='grc' dir='ltr'>φωνήν.</span> 
     </span>
    </p>
   </div>
   <div class='ocr_carea' id='block_1_98' title="bbox 88 2602 882 2642">
    <p class='ocr_par' dir='ltr' id='par_1_98' title="bbox 88 2602 882 2642">
     <span class='ocr_line' id='line_1_98' title="bbox 88 2602 882 2642; baseline 0.004 -12"><span class='ocrx_word' id='word_1_677' title='bbox 88 2602 156 2631; x_wconf 80' lang='grc' dir='ltr'>Εἶτα</span> <span class='ocrx_word' id='word_1_678' title='bbox 177 2605 227 2631; x_wconf 82' lang='grc' dir='ltr'><strong>σὺν</strong></span> <span class='ocrx_word' id='word_1_679' title='bbox 243 2604 355 2640; x_wconf 84' lang='grc' dir='ltr'>Χριστῷ</span> <span class='ocrx_word' id='word_1_680' title='bbox 374 2605 527 2639; x_wconf 79' lang='grc' dir='ltr'>γεγονότες,</span> <span class='ocrx_word' id='word_1_681' title='bbox 545 2606 603 2638; x_wconf 79' lang='grc' dir='ltr'><strong>πῶς</strong></span> <span class='ocrx_word' id='word_1_682' title='bbox 623 2606 652 2632; x_wconf 81' lang='grc' dir='ltr'>ὲν</span> <span class='ocrx_word' id='word_1_683' title='bbox 678 2606 798 2642; x_wconf 76' lang='grc' dir='ltr'>χείροσιν</span> <span class='ocrx_word' id='word_1_684' title='bbox 822 2607 882 2634; x_wconf 77' lang='grc' dir='ltr'>ἐσό-</span> 
     </span>
    </p>
   </div>
   <div class='ocr_carea' id='block_1_99' title="bbox 90 2650 882 2688">
    <p class='ocr_par' dir='ltr' id='par_1_99' title="bbox 90 2650 882 2688">
     <span class='ocr_line' id='line_1_99' title="bbox 90 2650 882 2688; baseline 0.004 -12"><span class='ocrx_word' id='word_1_685' title='bbox 90 2650 179 2685; x_wconf 86' lang='grc' dir='ltr'>μεθα;</span> <span class='ocrx_word' id='word_1_686' title='bbox 196 2650 256 2682; x_wconf 88' lang='grc' dir='ltr'><strong>πῶς</strong></span> <span class='ocrx_word' id='word_1_687' title='bbox 267 2650 297 2677; x_wconf 74' lang='grc' dir='ltr'>δὲ</span> <span class='ocrx_word' id='word_1_688' title='bbox 313 2651 393 2682; x_wconf 74' lang='grc' dir='ltr'>αὐτὸς</span> <span class='ocrx_word' id='word_1_689' title='bbox 408 2651 535 2687; x_wconf 86' lang='grc' dir='ltr'>ἀληθεύει</span> <span class='ocrx_word' id='word_1_690' title='bbox 551 2651 647 2685; x_wconf 74' lang='grc' dir='ltr'>λέγων·</span> <span class='ocrx_word' id='word_1_691' title='bbox 667 2661 677 2677; x_wconf 73' lang='grc' dir='ltr'><strong>ι</strong></span> <span class='ocrx_word' id='word_1_692' title='bbox 700 2651 741 2678; x_wconf 74' lang='grc' dir='ltr'><strong>Τὰ</strong></span> <span class='ocrx_word' id='word_1_693' title='bbox 757 2651 882 2688; x_wconf 75' lang='grc' dir='ltr'>πρόϐατα</span> 
     </span>
    </p>
   </div>
   <div class='ocr_carea' id='block_1_100' title="bbox 88 2697 882 2734">
    <p class='ocr_par' dir='ltr' id='par_1_100' title="bbox 88 2697 882 2734">
     <span class='ocr_line' id='line_1_100' title="bbox 88 2697 882 2734; baseline 0.003 -10"><span class='ocrx_word' id='word_1_694' title='bbox 88 2698 123 2725; x_wconf 76' lang='grc' dir='ltr'><strong>τὰ</strong></span> <span class='ocrx_word' id='word_1_695' title='bbox 145 2698 203 2733; x_wconf 74' lang='grc' dir='ltr'>ἐμὰ</span> <span class='ocrx_word' id='word_1_696' title='bbox 223 2697 274 2733; x_wconf 84' lang='grc' dir='ltr'><strong>τῆς</strong></span> <span class='ocrx_word' id='word_1_697' title='bbox 297 2699 389 2733; x_wconf 83' lang='grc' dir='ltr'>φωνῆς</span> <span class='ocrx_word' id='word_1_698' title='bbox 416 2707 465 2732; x_wconf 84' lang='grc' dir='ltr'><strong>μου</strong></span> <span class='ocrx_word' id='word_1_699' title='bbox 489 2698 635 2732; x_wconf 72' lang='grc' dir='ltr'>ἀκούουσι,</span> <span class='ocrx_word' id='word_1_700' title='bbox 653 2698 732 2733; x_wconf 82' lang='grc' dir='ltr'>κάγὼ</span> <span class='ocrx_word' id='word_1_701' title='bbox 755 2699 882 2734; x_wconf 84' lang='grc' dir='ltr'>γινώσκω</span> 
     </span>
    </p>
   </div>
   <div class='ocr_carea' id='block_1_101' title="bbox 90 2743 881 2779">
    <p class='ocr_par' dir='ltr' id='par_1_101' title="bbox 90 2743 881 2779">
     <span class='ocr_line' id='line_1_101' title="bbox 90 2743 881 2779; baseline 0.003 -10"><span class='ocrx_word' id='word_1_702' title='bbox 90 2743 171 2775; x_wconf 78' lang='grc' dir='ltr'>αὐτὰ,</span> <span class='ocrx_word' id='word_1_703' title='bbox 183 2743 232 2769; x_wconf 69' lang='grc' dir='ltr'>καὶ</span> <span class='ocrx_word' id='word_1_704' title='bbox 241 2743 487 2779; x_wconf 67' lang='grc' dir='ltr'>ἁκολουθοῦσίιμοι,</span> <span class='ocrx_word' id='word_1_705' title='bbox 504 2744 581 2778; x_wconf 75' lang='grc' dir='ltr'>κάγὼ</span> <span class='ocrx_word' id='word_1_706' title='bbox 596 2743 692 2779; x_wconf 80' lang='grc' dir='ltr'>δίδωμι</span> <span class='ocrx_word' id='word_1_707' title='bbox 705 2745 801 2776; x_wconf 83' lang='grc' dir='ltr'>αὐτοῖς</span> <span class='ocrx_word' id='word_1_708' title='bbox 810 2744 881 2779; x_wconf 79' lang='grc' dir='ltr'>ζωὴν</span> 
     </span>
    </p>
   </div>
   <div class='ocr_carea' id='block_1_102' title="bbox 91 2789 882 2826">
    <p class='ocr_par' dir='ltr' id='par_1_102' title="bbox 91 2789 882 2826">
     <span class='ocr_line' id='line_1_102' title="bbox 91 2789 882 2826; baseline 0.003 -10"><span class='ocrx_word' id='word_1_709' title='bbox 91 2790 211 2821; x_wconf 76' lang='grc' dir='ltr'>αἰώνιον,</span> <span class='ocrx_word' id='word_1_710' title='bbox 237 2790 284 2816; x_wconf 73' lang='grc' dir='ltr'>καὶ</span> <span class='ocrx_word' id='word_1_711' title='bbox 305 2790 335 2817; x_wconf 80' lang='grc' dir='ltr'>οὺ</span> <span class='ocrx_word' id='word_1_712' title='bbox 362 2789 399 2826; x_wconf 84' lang='grc' dir='ltr'>μὴ</span> <span class='ocrx_word' id='word_1_713' title='bbox 423 2790 576 2817; x_wconf 87' lang='grc' dir='ltr'>ἀπόλωνται</span> <span class='ocrx_word' id='word_1_714' title='bbox 598 2791 638 2822; x_wconf 78' lang='grc' dir='ltr'>εἰς</span> <span class='ocrx_word' id='word_1_715' title='bbox 655 2790 701 2817; x_wconf 75' lang='grc' dir='ltr'>τὸν</span> <span class='ocrx_word' id='word_1_716' title='bbox 722 2790 819 2824; x_wconf 84' lang='grc' dir='ltr'>αἰῶνα,</span> <span class='ocrx_word' id='word_1_717' title='bbox 836 2791 882 2817; x_wconf 74' lang='grc' dir='ltr'><strong>καὶ</strong></span> 
     </span>
    </p>
   </div>
   <div class='ocr_carea' id='block_1_103' title="bbox 92 2834 881 2872">
    <p class='ocr_par' dir='ltr' id='par_1_103' title="bbox 92 2834 881 2872">
     <span class='ocr_line' id='line_1_103' title="bbox 92 2834 881 2872; baseline 0.003 -11"><span class='ocrx_word' id='word_1_718' title='bbox 92 2835 139 2870; x_wconf 82' lang='grc' dir='ltr'><strong>οὺχ</strong></span> <span class='ocrx_word' id='word_1_719' title='bbox 154 2835 275 2871; x_wconf 80' lang='grc' dir='ltr'>ἁρπάσει</span> <span class='ocrx_word' id='word_1_720' title='bbox 294 2844 336 2867; x_wconf 82' lang='grc' dir='ltr'><strong>τις</strong></span> <span class='ocrx_word' id='word_1_721' title='bbox 352 2834 422 2862; x_wconf 66' lang='grc' dir='ltr'>αὐτὰ</span> <span class='ocrx_word' id='word_1_722' title='bbox 437 2835 467 2862; x_wconf 78' lang='grc' dir='ltr'>ἐκ</span> <span class='ocrx_word' id='word_1_723' title='bbox 481 2836 535 2862; x_wconf 88' lang='grc' dir='ltr'><strong>τῶν</strong></span> <span class='ocrx_word' id='word_1_724' title='bbox 554 2835 654 2872; x_wconf 77' lang='grc' dir='ltr'>χειρῶν</span> <span class='ocrx_word' id='word_1_725' title='bbox 676 2843 738 2871; x_wconf 82' lang='grc' dir='ltr'>μου·</span> <span class='ocrx_word' id='word_1_726' title='bbox 753 2837 767 2863; x_wconf 86' lang='grc' dir='ltr'>ὁ</span> <span class='ocrx_word' id='word_1_727' title='bbox 786 2837 881 2872; x_wconf 78' lang='grc' dir='ltr'>Πατήρ</span> 
     </span>
    </p>
   </div>
   <div class='ocr_carea' id='block_1_104' title="bbox 128 2925 879 2962">
    <p class='ocr_par' dir='ltr' id='par_1_104' title="bbox 128 2925 879 2962">
     <span class='ocr_line' id='line_1_104' title="bbox 128 2925 879 2962; baseline 0 -9"><span class='ocrx_word' id='word_1_728' title='bbox 128 2926 246 2962; x_wconf 77' lang='lat' dir='ltr'><strong>&quot;Apoc.</strong></span> <span class='ocrx_word' id='word_1_729' title='bbox 267 2933 303 2959; x_wconf 68' lang='grc' dir='ltr'><strong>γι,</strong></span> <span class='ocrx_word' id='word_1_730' title='bbox 317 2926 343 2953; x_wconf 85' lang='grc'><strong>9.</strong></span> <span class='ocrx_word' id='word_1_731' title='bbox 382 2926 404 2942; x_wconf 74' lang='grc'><strong>⁹¹⁵</strong></span> <span class='ocrx_word' id='word_1_732' title='bbox 417 2925 514 2960; x_wconf 82' lang='lat' dir='ltr'><strong>Philip.</strong></span> <span class='ocrx_word' id='word_1_733' title='bbox 529 2934 547 2958; x_wconf 76' lang='grc' dir='ltr'><strong>ι,</strong></span> <span class='ocrx_word' id='word_1_734' title='bbox 569 2926 614 2953; x_wconf 71' lang='lat'><strong>‘25.</strong></span> <span class='ocrx_word' id='word_1_735' title='bbox 653 2927 675 2942; x_wconf 62' lang='grc' dir='ltr'><em>π</em></span> <span class='ocrx_word' id='word_1_736' title='bbox 688 2927 765 2954; x_wconf 79' lang='lat' dir='ltr'><strong>Rom.</strong></span> <span class='ocrx_word' id='word_1_737' title='bbox 785 2935 820 2959; x_wconf 73' lang='grc' dir='ltr'><strong>ιγ,</strong></span> <span class='ocrx_word' id='word_1_738' title='bbox 839 2926 879 2954; x_wconf 81' lang='lat' dir='ltr'><strong>li.</strong></span> 
     </span>
    </p>
   </div>
   <div class='ocr_carea' id='block_1_105' title="bbox 933 2328 1728 2368">
    <p class='ocr_par' dir='ltr' id='par_1_105' title="bbox 933 2328 1728 2368">
     <span class='ocr_line' id='line_1_105' title="bbox 933 2328 1728 2368; baseline -0.004 -9"><span class='ocrx_word' id='word_1_739' title='bbox 933 2332 1048 2366; x_wconf 86' lang='lat' dir='ltr'><strong>posthac</strong></span> <span class='ocrx_word' id='word_1_740' title='bbox 1071 2331 1224 2368; x_wconf 84' lang='lat' dir='ltr'><strong>judicabit;</strong></span> <span class='ocrx_word' id='word_1_741' title='bbox 1246 2337 1282 2363; x_wconf 84' lang='lat' dir='ltr'><strong>et,</strong></span> <span class='ocrx_word' id='word_1_742' title='bbox 1306 2331 1380 2366; x_wconf 82' lang='lat' dir='ltr'><strong>quod</strong></span> <span class='ocrx_word' id='word_1_743' title='bbox 1409 2331 1462 2358; x_wconf 88' lang='lat' dir='ltr'><strong>hoc</strong></span> <span class='ocrx_word' id='word_1_744' title='bbox 1476 2331 1535 2366; x_wconf 86' lang='lat' dir='ltr'><strong>ipso</strong></span> <span class='ocrx_word' id='word_1_745' title='bbox 1559 2336 1668 2365; x_wconf 86' lang='lat' dir='ltr'><strong>quoque</strong></span> <span class='ocrx_word' id='word_1_746' title='bbox 1690 2328 1728 2356; x_wconf 81' lang='lat' dir='ltr'><strong>sit</strong></span> 
     </span>
    </p>
   </div>
   <div class='ocr_carea' id='block_1_106' title="bbox 933 2376 1723 2410">
    <p class='ocr_par' dir='ltr' id='par_1_106' title="bbox 933 2376 1723 2410">
     <span class='ocr_line' id='line_1_106' title="bbox 933 2376 1723 2410; baseline -0.004 -5"><span class='ocrx_word' id='word_1_747' title='bbox 933 2378 1024 2405; x_wconf 84' lang='lat' dir='ltr'><strong>minus</strong></span> <span class='ocrx_word' id='word_1_748' title='bbox 1042 2377 1198 2410; x_wconf 81' lang='lat' dir='ltr'><strong>ferendum,</strong></span> <span class='ocrx_word' id='word_1_749' title='bbox 1221 2377 1254 2409; x_wconf 84' lang='lat' dir='ltr'><strong>si,</strong></span> <span class='ocrx_word' id='word_1_750' title='bbox 1269 2384 1331 2404; x_wconf 89' lang='lat' dir='ltr'><strong>cum</strong></span> <span class='ocrx_word' id='word_1_751' title='bbox 1345 2376 1436 2404; x_wconf 83' lang='lat' dir='ltr'><strong>adhuc</strong></span> <span class='ocrx_word' id='word_1_752' title='bbox 1450 2377 1477 2403; x_wconf 88' lang='lat' dir='ltr'><strong>in</strong></span> <span class='ocrx_word' id='word_1_753' title='bbox 1488 2376 1607 2403; x_wconf 74' lang='lat' dir='ltr'><strong>hacvita</strong></span> <span class='ocrx_word' id='word_1_754' title='bbox 1630 2382 1723 2402; x_wconf 80' lang='lat' dir='ltr'><strong>versa-</strong></span> 
     </span>
    </p>
   </div>
   <div class='ocr_carea' id='block_1_107' title="bbox 934 2414 1725 2459">
    <p class='ocr_par' dir='ltr' id='par_1_107' title="bbox 934 2414 1725 2459">
     <span class='ocr_line' id='line_1_107' title="bbox 934 2414 1725 2459; baseline -0.001 -9"><span class='ocrx_word' id='word_1_755' title='bbox 934 2431 1005 2455; x_wconf 82' lang='lat' dir='ltr'><strong>mur,</strong></span> <span class='ocrx_word' id='word_1_756' title='bbox 1021 2414 1142 2459; x_wconf 76' lang='lat' dir='ltr'><strong>subjecti</strong></span> <span class='ocrx_word' id='word_1_757' title='bbox 1156 2423 1268 2450; x_wconf 88' lang='lat' dir='ltr'><strong>minime</strong></span> <span class='ocrx_word' id='word_1_758' title='bbox 1283 2431 1379 2450; x_wconf 82' lang='lat' dir='ltr'><strong>sumus</strong></span> <span class='ocrx_word' id='word_1_759' title='bbox 1391 2422 1492 2450; x_wconf 86' lang='lat' dir='ltr'><strong>diaboli</strong></span> <span class='ocrx_word' id='word_1_760' title='bbox 1513 2422 1725 2458; x_wconf 88' lang='lat' dir='ltr'><strong>cupiditatibus,</strong></span> 
     </span>
    </p>
   </div>
   <div class='ocr_carea' id='block_1_108' title="bbox 933 2469 1724 2504">
    <p class='ocr_par' dir='ltr' id='par_1_108' title="bbox 933 2469 1724 2504">
     <span class='ocr_line' id='line_1_108' title="bbox 933 2469 1724 2504; baseline 0.001 -9"><span class='ocrx_word' id='word_1_761' title='bbox 933 2469 981 2496; x_wconf 88' lang='lat' dir='ltr'><strong>sed</strong></span> <span class='ocrx_word' id='word_1_762' title='bbox 995 2469 1236 2503; x_wconf 84' lang='lat' dir='ltr'><strong>calcamuspotius</strong></span> <span class='ocrx_word' id='word_1_763' title='bbox 1261 2476 1344 2503; x_wconf 88' lang='lat' dir='ltr'><strong>super</strong></span> <span class='ocrx_word' id='word_1_764' title='bbox 1356 2472 1498 2503; x_wconf 88' lang='lat' dir='ltr'><strong>serpentes</strong></span> <span class='ocrx_word' id='word_1_765' title='bbox 1513 2472 1540 2495; x_wconf 85' lang='lat' dir='ltr'><strong>et</strong></span> <span class='ocrx_word' id='word_1_766' title='bbox 1553 2469 1724 2504; x_wconf 82' lang='lat' dir='ltr'><strong>scorpiones,</strong></span> 
     </span>
    </p>
   </div>
   <div class='ocr_carea' id='block_1_109' title="bbox 932 2514 1727 2550">
    <p class='ocr_par' dir='ltr' id='par_1_109' title="bbox 932 2514 1727 2550">
     <span class='ocr_line' id='line_1_109' title="bbox 932 2514 1727 2550; baseline 0 -9"><span class='ocrx_word' id='word_1_767' title='bbox 932 2519 961 2542; x_wconf 89' lang='lat' dir='ltr'><strong>et</strong></span> <span class='ocrx_word' id='word_1_768' title='bbox 972 2522 1055 2549; x_wconf 87' lang='lat' dir='ltr'><strong>super</strong></span> <span class='ocrx_word' id='word_1_769' title='bbox 1066 2522 1174 2542; x_wconf 87' lang='lat' dir='ltr'><strong>onmem</strong></span> <span class='ocrx_word' id='word_1_770' title='bbox 1184 2518 1346 2550; x_wconf 85' lang='lat' dir='ltr'><strong>potestatem</strong></span> <span class='ocrx_word' id='word_1_771' title='bbox 1360 2514 1475 2546; x_wconf 87' lang='lat' dir='ltr'><strong>inimici,</strong></span> <span class='ocrx_word' id='word_1_772' title='bbox 1485 2515 1562 2550; x_wconf 74' lang='lat' dir='ltr'><strong>juxta</strong></span> <span class='ocrx_word' id='word_1_773' title='bbox 1576 2514 1727 2542; x_wconf 81' lang='lat' dir='ltr'><strong>Salvatoris</strong></span> 
     </span>
    </p>
   </div>
   <div class='ocr_carea' id='block_1_110' title="bbox 931 2560 1725 2596">
    <p class='ocr_par' dir='ltr' id='par_1_110' title="bbox 931 2560 1725 2596">
     <span class='ocr_line' id='line_1_110' title="bbox 931 2560 1725 2596; baseline 0 -8"><span class='ocrx_word' id='word_1_774' title='bbox 931 2561 1018 2588; x_wconf 84' lang='lat' dir='ltr'><strong>nostri</strong></span> <span class='ocrx_word' id='word_1_775' title='bbox 1033 2569 1127 2589; x_wconf 85' lang='lat' dir='ltr'><strong>vocem</strong></span> <span class='ocrx_word' id='word_1_776' title='bbox 1145 2561 1178 2586; x_wconf 81' lang='lat'><strong>&quot;.</strong></span> <span class='ocrx_word' id='word_1_777' title='bbox 1193 2561 1275 2596; x_wconf 79' lang='lat' dir='ltr'><strong>Ergo,</strong></span> <span class='ocrx_word' id='word_1_778' title='bbox 1298 2561 1345 2588; x_wconf 82' lang='lat' dir='ltr'><strong>ubi</strong></span> <span class='ocrx_word' id='word_1_779' title='bbox 1355 2569 1417 2588; x_wconf 90' lang='lat' dir='ltr'><strong>cum</strong></span> <span class='ocrx_word' id='word_1_780' title='bbox 1441 2560 1552 2588; x_wconf 86' lang='lat' dir='ltr'><strong>Christo</strong></span> <span class='ocrx_word' id='word_1_781' title='bbox 1577 2560 1725 2594; x_wconf 84' lang='lat' dir='ltr'><strong>fuerimus,</strong></span> 
     </span>
    </p>
   </div>
   <div class='ocr_carea' id='block_1_111' title="bbox 931 2597 1720 2643">
    <p class='ocr_par' dir='ltr' id='par_1_111' title="bbox 931 2597 1720 2643">
     <span class='ocr_line' id='line_1_111' title="bbox 931 2597 1720 2643; baseline -0.003 -9"><span class='ocrx_word' id='word_1_782' title='bbox 931 2597 1169 2643; x_wconf 78' lang='lat' dir='ltr'><strong>quomodopejore</strong></span> <span class='ocrx_word' id='word_1_783' title='bbox 1181 2605 1339 2634; x_wconf 85' lang='lat' dir='ltr'><strong>conditione</strong></span> <span class='ocrx_word' id='word_1_784' title='bbox 1353 2605 1438 2633; x_wconf 83' lang='lat' dir='ltr'><strong>futuri</strong></span> <span class='ocrx_word' id='word_1_785' title='bbox 1452 2613 1548 2633; x_wconf 86' lang='lat' dir='ltr'><strong>sumus</strong></span> <span class='ocrx_word' id='word_1_786' title='bbox 1559 2605 1571 2633; x_wconf 90' lang='lat'><strong>?</strong></span> <span class='ocrx_word' id='word_1_787' title='bbox 1581 2605 1720 2640; x_wconf 89' lang='lat' dir='ltr'><strong>quomodo</strong></span> 
     </span>
    </p>
   </div>
   <div class='ocr_carea' id='block_1_112' title="bbox 932 2650 1743 2687">
    <p class='ocr_par' dir='ltr' id='par_1_112' title="bbox 932 2650 1743 2687">
     <span class='ocr_line' id='line_1_112' title="bbox 932 2650 1743 2687; baseline -0.001 -8"><span class='ocrx_word' id='word_1_788' title='bbox 932 2652 1014 2680; x_wconf 86' lang='lat' dir='ltr'><strong>etiam</strong></span> <span class='ocrx_word' id='word_1_789' title='bbox 1028 2661 1112 2681; x_wconf 81' lang='lat' dir='ltr'><strong>verax</strong></span> <span class='ocrx_word' id='word_1_790' title='bbox 1123 2652 1176 2680; x_wconf 89' lang='lat' dir='ltr'><strong>erit</strong></span> <span class='ocrx_word' id='word_1_791' title='bbox 1189 2652 1257 2687; x_wconf 79' lang='lat' dir='ltr'><strong>ipse,</strong></span> <span class='ocrx_word' id='word_1_792' title='bbox 1270 2659 1332 2679; x_wconf 90' lang='lat' dir='ltr'><strong>cum</strong></span> <span class='ocrx_word' id='word_1_793' title='bbox 1345 2650 1412 2678; x_wconf 90' lang='lat' dir='ltr'><strong>dicit</strong></span> <span class='ocrx_word' id='word_1_794' title='bbox 1425 2658 1432 2677; x_wconf 90' lang='lat'><strong>:</strong></span> <span class='ocrx_word' id='word_1_795' title='bbox 1448 2659 1456 2676; x_wconf 80' lang='grc' dir='ltr'><strong>ι</strong></span> <span class='ocrx_word' id='word_1_796' title='bbox 1468 2650 1538 2678; x_wconf 85' lang='lat' dir='ltr'><strong>Oves</strong></span> <span class='ocrx_word' id='word_1_797' title='bbox 1550 2658 1617 2678; x_wconf 83' lang='lat' dir='ltr'><strong>meae</strong></span> <span class='ocrx_word' id='word_1_798' title='bbox 1630 2658 1725 2678; x_wconf 84' lang='lat' dir='ltr'><strong>vocem</strong></span> <span class='ocrx_word' id='word_1_799' title='bbox 1740 2650 1743 2655; x_wconf 87' lang='grc'><strong><em>“</em></strong></span> 
     </span>
    </p>
   </div>
   <div class='ocr_carea' id='block_1_113' title="bbox 933 2699 1725 2734">
    <p class='ocr_par' dir='ltr' id='par_1_113' title="bbox 933 2699 1725 2734">
     <span class='ocr_line' id='line_1_113' title="bbox 933 2699 1725 2734; baseline 0 -8"><span class='ocrx_word' id='word_1_800' title='bbox 933 2707 1021 2726; x_wconf 84' lang='lat' dir='ltr'><strong>meam</strong></span> <span class='ocrx_word' id='word_1_801' title='bbox 1037 2699 1168 2732; x_wconf 81' lang='lat' dir='ltr'><strong>audiunt;</strong></span> <span class='ocrx_word' id='word_1_802' title='bbox 1187 2703 1276 2734; x_wconf 78' lang='lat' dir='ltr'><strong>etego</strong></span> <span class='ocrx_word' id='word_1_803' title='bbox 1296 2705 1429 2733; x_wconf 78' lang='lat' dir='ltr'><strong>cognosco</strong></span> <span class='ocrx_word' id='word_1_804' title='bbox 1451 2705 1513 2729; x_wconf 78' lang='lat' dir='ltr'><strong>eas,</strong></span> <span class='ocrx_word' id='word_1_805' title='bbox 1526 2702 1554 2725; x_wconf 83' lang='lat' dir='ltr'><strong>et</strong></span> <span class='ocrx_word' id='word_1_806' title='bbox 1573 2702 1725 2732; x_wconf 88' lang='lat' dir='ltr'><strong>sequuntur</strong></span> 
     </span>
    </p>
   </div>
   <div class='ocr_carea' id='block_1_114' title="bbox 935 2743 1725 2779">
    <p class='ocr_par' dir='ltr' id='par_1_114' title="bbox 935 2743 1725 2779">
     <span class='ocr_line' id='line_1_114' title="bbox 935 2743 1725 2779; baseline 0 -8"><span class='ocrx_word' id='word_1_807' title='bbox 935 2752 996 2777; x_wconf 86' lang='lat' dir='ltr'><strong>me;</strong></span> <span class='ocrx_word' id='word_1_808' title='bbox 1011 2748 1039 2771; x_wconf 86' lang='lat' dir='ltr'><strong>et</strong></span> <span class='ocrx_word' id='word_1_809' title='bbox 1059 2744 1142 2771; x_wconf 78' lang='lat' dir='ltr'><strong>vitam</strong></span> <span class='ocrx_word' id='word_1_810' title='bbox 1164 2749 1296 2772; x_wconf 60' lang='lat' dir='ltr'><strong>aeternam</strong></span> <span class='ocrx_word' id='word_1_811' title='bbox 1314 2743 1349 2770; x_wconf 93' lang='lat' dir='ltr'><strong>do</strong></span> <span class='ocrx_word' id='word_1_812' title='bbox 1363 2743 1420 2775; x_wconf 86' lang='lat' dir='ltr'><strong>eis;</strong></span> <span class='ocrx_word' id='word_1_813' title='bbox 1437 2747 1464 2770; x_wconf 86' lang='lat' dir='ltr'><strong>et</strong></span> <span class='ocrx_word' id='word_1_814' title='bbox 1481 2751 1536 2770; x_wconf 87' lang='lat' dir='ltr'><strong>non</strong></span> <span class='ocrx_word' id='word_1_815' title='bbox 1553 2743 1683 2779; x_wconf 84' lang='lat' dir='ltr'><strong>peribunt</strong></span> <span class='ocrx_word' id='word_1_816' title='bbox 1697 2744 1725 2771; x_wconf 89' lang='lat' dir='ltr'><strong>in</strong></span> 
     </span>
    </p>
   </div>
   <div class='ocr_carea' id='block_1_115' title="bbox 936 2786 1723 2824">
    <p class='ocr_par' dir='ltr' id='par_1_115' title="bbox 936 2786 1723 2824">
     <span class='ocr_line' id='line_1_115' title="bbox 936 2786 1723 2824; baseline 0 -8"><span class='ocrx_word' id='word_1_817' title='bbox 936 2794 1079 2821; x_wconf 75' lang='lat' dir='ltr'><strong>:etcrnum,</strong></span> <span class='ocrx_word' id='word_1_818' title='bbox 1087 2786 1181 2816; x_wconf 81' lang='lat' dir='ltr'><strong>etnon</strong></span> <span class='ocrx_word' id='word_1_819' title='bbox 1194 2789 1281 2824; x_wconf 85' lang='lat' dir='ltr'><strong>rapiet</strong></span> <span class='ocrx_word' id='word_1_820' title='bbox 1291 2797 1338 2816; x_wconf 86' lang='lat' dir='ltr'><strong>eas</strong></span> <span class='ocrx_word' id='word_1_821' title='bbox 1349 2788 1493 2824; x_wconf 81' lang='lat' dir='ltr'><strong>quisquam</strong></span> <span class='ocrx_word' id='word_1_822' title='bbox 1506 2789 1540 2816; x_wconf 88' lang='lat' dir='ltr'><strong>de</strong></span> <span class='ocrx_word' id='word_1_823' title='bbox 1551 2797 1632 2816; x_wconf 86' lang='lat' dir='ltr'><strong>manu</strong></span> <span class='ocrx_word' id='word_1_824' title='bbox 1645 2797 1704 2816; x_wconf 90' lang='lat' dir='ltr'><strong>mea</strong></span> <span class='ocrx_word' id='word_1_825' title='bbox 1716 2797 1723 2815; x_wconf 92' lang='lat'>:</span> 
     </span>
    </p>
   </div>
   <div class='ocr_carea' id='block_1_116' title="bbox 937 2835 1726 2872">
    <p class='ocr_par' dir='ltr' id='par_1_116' title="bbox 937 2835 1726 2872">
     <span class='ocr_line' id='line_1_116' title="bbox 937 2835 1726 2872; baseline -0.001 -8"><span class='ocrx_word' id='word_1_826' title='bbox 937 2836 1018 2864; x_wconf 80' lang='lat' dir='ltr'><strong>Pater</strong></span> <span class='ocrx_word' id='word_1_827' title='bbox 1032 2844 1119 2869; x_wconf 81' lang='lat' dir='ltr'><strong>meus,</strong></span> <span class='ocrx_word' id='word_1_828' title='bbox 1137 2836 1184 2872; x_wconf 86' lang='lat' dir='ltr'><strong>qui</strong></span> <span class='ocrx_word' id='word_1_829' title='bbox 1200 2836 1274 2864; x_wconf 89' lang='lat' dir='ltr'><strong>dedit</strong></span> <span class='ocrx_word' id='word_1_830' title='bbox 1287 2836 1365 2870; x_wconf 86' lang='lat' dir='ltr'><strong>mihi,</strong></span> <span class='ocrx_word' id='word_1_831' title='bbox 1383 2835 1512 2865; x_wconf 80' lang='lat' dir='ltr'><strong>omnibus</strong></span> <span class='ocrx_word' id='word_1_832' title='bbox 1530 2836 1615 2872; x_wconf 86' lang='lat' dir='ltr'><strong>major</strong></span> <span class='ocrx_word' id='word_1_833' title='bbox 1628 2840 1684 2869; x_wconf 82' lang='lat' dir='ltr'><strong>est;</strong></span> <span class='ocrx_word' id='word_1_834' title='bbox 1696 2838 1726 2863; x_wconf 80' lang='lat' dir='ltr'><strong>ct</strong></span> 
     </span>
    </p>
   </div>
   <div class='ocr_carea' id='block_1_117' title="bbox 918 2926 1125 2959">
    <p class='ocr_par' dir='ltr' id='par_1_117' title="bbox 918 2926 1125 2959">
     <span class='ocr_line' id='line_1_117' title="bbox 918 2926 1125 2959; baseline -0.01 -5"><span class='ocrx_word' id='word_1_835' title='bbox 918 2927 938 2943; x_wconf 55' lang='grc'><strong>(⁸⁷</strong></span> <span class='ocrx_word' id='word_1_836' title='bbox 953 2927 1018 2954; x_wconf 85' lang='lat' dir='ltr'><strong>Luc.</strong></span> <span class='ocrx_word' id='word_1_837' title='bbox 1036 2935 1061 2959; x_wconf 64' lang='grc' dir='ltr'>κ,</span> <span class='ocrx_word' id='word_1_838' title='bbox 1086 2926 1125 2953; x_wconf 74' lang='grc'><strong>19.</strong></span> 
     </span>
    </p>
   </div>
  </div>
