1934 3042
222 206 275 234 455

735 207 762 234 S.
781 203 1174 249 CYRlLLlIALEXANDRlNI
1194 202 1352 231 ARCIIIEP.

1805 197 1861 226 436

223 272 305 293 nemo
317 267 407 299 potest
422 271 519 299 rapere
533 272 567 292 ex
578 272 661 292 manu
674 264 764 292 Patris
780 265 833 293 mei
846 265 887 292 ’δῖ’
897 275 906 292 ›
926 265 1011 292 Dece-

1067 268 1116 298 μου
1130 261 1159 294 ὃς
1175 261 1259 288 ἔδωκέ
1279 269 1339 296 μοι,
1359 258 1467 286 πάντων
1491 257 1592 294 μείζων
1613 257 1672 284 ἐστὶ
1683 277 1690 290 ,
1707 257 1754 284 καὶ
1768 256 1860 288 οὐδεὶς

224 311 264 346 pit
274 311 356 339 etiam
369 310 475 338 scilicet
489 310 569 346 189
583 310 696 346 pietatis
707 311 735 338 in
748 311 889 339 Christum
897 311 1014 338 athletas

224 356 399 383 beatissimus
412 355 521 388 Petrus,
539 363 602 383 cum
612 355 647 383 ad
664 356 739 384 hunc
755 356 868 384 modum
881 356 992 390 scripsit
1005 364 1010 381 :

225 412 234 428 ς
251 401 345 436 Itaque
369 404 397 428 et
413 401 431 428 ii
444 401 491 436 qui
513 402 655 436 patiuntur
673 402 824 430 secundum
844 402 1013 429 voluntatem

223 448 278 480 Dei,
296 446 370 475 ﬁdeli
385 447 508 475 Creatori
529 447 722 475 commendent
735 448 841 476 animas
855 455 927 476 suas.
940 447 963 464 °'
976 457 983 474 ι
1000 457 1009 473 ›

220 493 299 526 Quod
317 493 340 520 si
357 493 413 521 Deo
428 494 646 522 commendatam
661 494 779 522 animam
795 495 866 530 cogit
888 494 1011 528 Satanas,

224 540 335 574 agitque
354 547 386 567 ac
404 539 459 567 fert
480 548 645 576 quocunque
666 548 717 577 pro
739 546 861 576 tempore
884 541 1011 575 voluerit,

221 583 361 618 quomodo
376 584 421 611 ille
433 591 591 613 sanctorum
603 590 754 621 protector,
772 587 818 621 qui
836 587 1011 622 uniuscujus-

222 637 275 664 que
303 630 429 664 spiritum
442 631 526 658 veluti
538 631 692 666 depositum
703 632 922 659 commendatum
935 639 1013 659 acce-

223 674 272 709 pit,
291 674 380 702 ﬁdelis
399 674 513 710 intelligi
525 676 642 711 poterit?
655 676 836 703 Delii-amenta
854 676 936 711 igitur
949 681 1012 703 sunt

223 719 291 753 haec,
311 720 366 747 imo
388 727 453 747 vero
475 724 570 756 stupor
594 721 732 754 immanis,
752 726 849 756 putare
871 721 1012 756 prophetae

223 766 342 794 animam
367 774 463 794 revera
488 766 596 802 frigidis
624 767 823 794 scelestissinue
843 767 1011 795 muliercula:

223 813 394 841 caminibus
416 821 450 841 ex
471 813 613 842 attributis
634 814 685 841 sibi
709 813 821 841 sedibus
840 821 900 841 esse
919 814 1010 841 detra-

222 863 305 886 ctam.

258 904 356 932 PALL.
369 904 497 938 Quaenam
518 904 603 940 igitur
620 905 702 932 fuerit
721 913 828 938 rerum,
855 913 923 940 quas
947 912 1011 932 con-

1064 309 1176 336 δύναται
1198 307 1330 344 ἁρπάζειν
1347 307 1379 333 ὲκ
1391 307 1440 342 τῆς
1457 303 1549 340 χειρὸς
1560 304 1607 331 τοῦ
1627 304 1733 340 Πατρός
1756 312 1829 339 μου;
1847 312 1857 329 ι

1065 355 1236 390 Πεφενάκικε
1250 353 1279 381 δὲ
1298 353 1369 389 τάχα
1389 361 1440 378 που
1456 351 1506 387 τῆς
1521 352 1561 383 είς
1580 350 1697 386 Χριστὸν
1713 349 1860 381 εὐσεὸεἱας

1065 400 1130 433 τοὺς
1149 399 1279 435 ἀθλητὰς,
1298 397 1444 433 γεγραφὼς
1459 396 1507 423 ὡδὶ
1527 396 1574 423 καὶ
1588 397 1602 423 ὁ
1624 394 1778 430 σοφώτατος
1804 395 1860 421 Πέ-

1064 453 1145 481 τροςο,
1163 454 1172 470 ι
1196 445 1278 470 Ὥστε
1302 443 1350 470 καὶ
1373 441 1426 469 ὑπὸ
1449 441 1538 468 ἄλλων
1560 440 1711 475 πάσχοντες
1733 439 1807 467 κατὰ
1827 439 1861 465 τὸ

1064 490 1172 526 θέλημα
1191 487 1290 521 αὑτοῦ,
1308 486 1395 522 πιστῷ
1412 485 1518 522 κτίστῃ
1542 484 1787 521 παρατιθέσθωσαν
1807 484 1861 514 τὰς

1065 535 1155 571 ψυχὰς
1170 534 1270 562 αὐτῶν.
1291 542 1300 560 ι
1317 533 1350 560 Εἰ
1364 532 1392 560 δὲ
1415 531 1453 568 τῷ
1467 531 1527 568 Θεῷ
1549 530 1751 566 παρατεθεῖσαν
1765 530 1860 565 ψυχὴν

1065 580 1213 617 βιάζεταιό
1233 579 1369 612 Σατανᾶς,
1387 579 1461 614 ἄγων
1485 584 1515 604 τε
1533 577 1581 604 καὶ
1607 576 1698 612 φέρων
1719 573 1801 612 οἷπτρ
1826 576 1861 603 ἂν

1064 628 1150 654 ἕλοιτο
1173 626 1245 654 κατὰ
1267 626 1388 662 καιροὺς,
1414 624 1472 656 πῶς
1494 624 1527 651 ἂν
1547 624 1634 651 νοοῖτο
1659 623 1754 654 πιστὸς
1770 624 1784 649 ὁ
1802 622 1860 649 τῶν

1064 673 1150 707 ἁγίων
1172 671 1368 708 προεστηκὼς,
1390 671 1438 697 καὶ.
1458 669 1540 697 οἱονεὶ
1564 669 1803 705 παρακαταθήκην
1827 668 1859 694 τὸ

1063 719 1178 746 ἑκάστου
1195 718 1303 754 πνεῦμα
1316 716 1422 749 λασῶν;
1440 716 1530 752 Δῆρος
1549 712 1598 742 οὖν
1621 714 1676 750 ἄρα
1700 715 1795 747 ταυτὶ,
1809 714 1858 740 καὶ

1062 763 1219 800 ἀποπληξία
1244 754 1336 799 δεινὴ,
1361 762 1392 789 τὸ
1412 762 1483 789 κατὰ
1518 760 1649 797 ἀλήθειαν
1674 759 1780 787 οἴεσθαι
1805 759 1859 795 τὴν

1063 811 1202 847 προφήτου
1211 810 1302 845 φωνὴν
1315 809 1430 845 ψυχραῖς
1437 808 1556 844 ἐπῳδαῖς
1568 807 1679 842 γυναίου
1694 805 1858 843 μυσαρωτά-

1062 866 1108 884 του
1119 857 1172 885 τῶν
1191 855 1396 892 ὲκνεμηθέντων
1409 855 1478 890 αὐτῇ
1497 854 1665 882 καθελκῦσαι
1683 854 1787 880 τόπων.

1097 904 1201 931 ΠΔΛΛ.
1222 903 1270 935 Τίς
1296 899 1343 930 οὖν
1366 901 1400 929 ἃν
1430 901 1537 936 γένοιτο
1561 899 1616 928 τῶν
1636 898 1824 936 θεωρημάτων
1843 899 1858 924 ὀ

223 949 383 978 siderandas
395 950 597 986 proposuimus.
616 951 778 986 explicatio?
797 959 860 978 nam
875 953 932 980 hac
944 951 1012 979 adeo

1067 950 1160 984 λόγος;
1175 949 1275 985 χρῆναι
1290 947 1345 984 γὰρ
1360 945 1436 983 οἶμαι
1453 947 1486 974 τὰ
1499 945 1587 977 οὕτως
1601 944 1702 981 αἰσχρὰ
1717 944 1779 981 μηδ’
1794 944 1857 971 ὅσον

225 995 315 1031 turpia
328 1003 362 1023 ne
377 996 548 1031 simplicibus
560 996 681 1032 quidem,
698 1001 728 1024 ut
743 997 779 1024 ita
794 997 894 1029 dicam,
912 997 1014 1032 cogita-

224 1041 346 1069 tionibus
356 1042 525 1070 admittenda
542 1050 650 1071 censeo.

257 1087 338 1116 (ΠΒ.
360 1089 511 1124 Propositis
533 1089 612 1125 prius
634 1097 717 1118 sacra:
734 1090 883 1126 Scriptura:
902 1090 1011 1123 verbis,

224 1139 283 1162 tum
301 1142 362 1170 quae
379 1135 471 1163 animo
491 1140 641 1163 occurrunt
661 1144 846 1171 exponemus,
865 1141 892 1164 et
912 1136 1013 1172 ubique

223 1181 354 1208 decorum
367 1181 512 1217 diligenter
524 1182 711 1210 retinebimus.
727 1182 766 1210 Ea
774 1183 814 1210 sic
825 1182 944 1210 habent:
958 1193 967 1208 ‹
980 1183 1014 1210 Ει

224 1225 335 1253 Samuel
348 1230 474 1254 mortuus
488 1230 531 1254 est
549 1230 594 1254 :et
605 1226 770 1262 planxerunt
782 1233 845 1254 eum
867 1227 1014 1254 universus

224 1270 307 1298 Israel
323 1274 367 1298 :et
380 1271 548 1306 sepelierunt
557 1278 619 1298 eum
632 1271 659 1298 in
672 1271 850 1303 Armathaim,
866 1271 893 1298 in
905 1271 1014 1299 civitate

223 1319 284 1354 ejus
293 1326 299 1344 :
307 1322 334 1345 et
343 1317 406 1345 Saul
415 1317 528 1346 abstulit
536 1318 738 1354 pythonicos,et
745 1317 920 1353 coguitoresa
930 1323 1012 1345 terra.

224 1363 259 1392 Et
267 1368 466 1399 congregantur
473 1364 613 1400 allophyli,
620 1368 647 1391 et
655 1363 778 1396 veniunt,
788 1368 815 1391 et
822 1367 1016 1391 castrametan-

227 1415 271 1437 tur
288 1409 316 1436 in
329 1408 430 1436 Sonam
449 1418 456 1436 :
476 1413 505 1438 et
520 1412 666 1444 congregat
677 1408 740 1436 Saul
754 1416 863 1436 omnem
875 1409 1014 1436 hominem

193 1454 199 1460 '
227 1454 320 1486 Israel,
334 1458 364 1481 et
379 1457 606 1481 castrametantur
614 1453 640 1481 in
648 1453 760 1481 Gelboe.
778 1454 811 1481 Et
820 1453 960 1481 viditSaul
968 1461 1015 1481 ca-

226 1504 283 1528 strn
295 1499 504 1536 allophylorum,
516 1503 544 1528 et
550 1498 643 1528 timuit
651 1520 659 1533 ,
667 1504 695 1528 et
703 1503 906 1528 consternatum
919 1505 961 1528 est
968 1508 1016 1528 cor

225 1545 285 1582 ejus
298 1545 378 1574 valde
393 1554 399 1572 :
419 1549 447 1573 ct
455 1544 594 1573 consuluit
612 1544 677 1574 Saul
690 1553 738 1581 per
753 1546 909 1578 Dominum,
919 1551 946 1573 et
959 1553 1014 1573 non

224 1591 367 1627 respondit
386 1591 412 1619 ei
430 1591 562 1619 Dominus
589 1599 638 1627 per
665 1591 781 1624 somnia,
802 1599 891 1626 neque
914 1592 941 1619 in
956 1599 1014 1619 ma-
1027 1610 1049 1639 α

224 1637 344 1671 nifestis,
362 1645 452 1673 neque
481 1637 509 1665 in
529 1637 680 1673 prophetis.
702 1637 736 1665 Et
757 1637 827 1664 dixit
841 1638 905 1665 Saul
928 1638 1014 1665 servis

225 1679 430 1718 suiszQuatrite
441 1684 509 1712 mihi
527 1684 673 1712 mulierem
696 1683 900 1719 pythonissam,
920 1687 948 1711 et
969 1683 1014 1711 ibo

225 1729 260 1757 ad
284 1730 369 1763 illam,
387 1734 416 1758 et
438 1723 558 1765 quaeram
571 1737 621 1765 per
638 1729 722 1757 illam.
745 1729 778 1757 Et
793 1729 922 1757 dixerunt
942 1730 1013 1757 servi

225 1775 286 1811 ejus
299 1775 333 1803 ad
349 1783 413 1803 eum
430 1784 437 1803 :
459 1775 530 1803 Ecce
542 1775 641 1802 mulier
653 1775 811 1810 pythonissa
827 1779 869 1802 est
885 1775 914 1802 in
939 1775 1014 1802 Aen-

226 1820 287 1849 dor.
302 1821 337 1848 Et
347 1826 493 1856 coopertus
500 1825 542 1848 est
550 1820 625 1854 Saul,
637 1825 665 1848 et
673 1820 761 1847 induit
771 1828 799 1848 se
809 1820 932 1848 vestibus
939 1821 1013 1853 aliis,

225 1872 255 1896 et
266 1867 342 1895 vadit
357 1866 416 1902 ipse
437 1871 466 1894 et
491 1866 547 1894 duo
575 1866 627 1894 viri
645 1874 708 1894 cum
732 1867 792 1901 ipso
815 1866 848 1894 ad
871 1866 1014 1894 mulierem

226 1917 317 1946 nocte,
338 1916 367 1941 et
380 1913 449 1941 dixit
457 1912 495 1940 illi
509 1908 622 1940 :Divina
630 1912 698 1939 mihi
707 1912 736 1939 in
743 1912 876 1948 Pythone,
887 1917 915 1940 et
931 1919 1014 1940 evoca

227 1957 262 1985 ad
279 1965 323 1985 me
336 1964 527 1992 quemcunque
545 1957 638 1984 dixero
653 1956 712 1984 tibi.
737 1957 771 1985 Et
785 1957 855 1985 dixit
869 1957 968 1985 mulier
980 1957 1014 1984 ad

228 2003 306 2030 illum
320 2012 326 2030 :
343 2003 413 2030 Ecce
428 2003 483 2039 jam
496 2007 525 2029 tu
540 2002 612 2029 nosti
623 2010 793 2037 quzecunque
805 2003 870 2031 fecit
887 2003 950 2030 Saul
961 2023 968 2036 ,
985 2007 1016 2031 ut

226 2048 421 2076 exterminavit
439 2048 601 2084 pythonicos
616 2053 644 2076 et
665 2048 821 2084 cognitores
835 2048 869 2075 de
884 2051 971 2081 terra;
987 2052 1015 2076 et

227 2102 278 2122 cur
297 2099 327 2122 tu
346 2093 486 2122 insidiaris
506 2093 603 2121 animae
618 2101 696 2125 mem,
712 2098 743 2122 ut
757 2094 866 2121 occidas
879 2094 958 2121 eam?
981 2093 1016 2121 Et

226 2140 329 2174 iuravit
342 2139 381 2166 illi
396 2139 470 2171 Saul,
481 2138 575 2166 dicens
590 2147 596 2165 ε
612 2138 686 2167 Vivit
696 2139 827 2167 Dominus
837 2159 844 2171 ,
863 2140 886 2167 si
907 2139 1016 2167 eveniet

227 2185 279 2212 tibi
298 2185 361 2212 mali
383 2185 523 2220 quidpiam
544 2184 572 2211 in
595 2185 680 2211 verbo
698 2185 760 2212 hoc.
779 2185 814 2213 Et
832 2185 901 2213 dixit
916 2185 1016 2213 mulier

228 2230 304 2258 Sauli
315 2239 321 2258 :
333 2231 419 2264 Quem
429 2231 554 2259 excitabo
562 2231 629 2258 tibi?
637 2231 671 2259 Et
681 2230 749 2258 dixit
759 2240 765 2258 :
777 2231 1014 2266 lSOSamuelem

1063 997 1160 1028 είπεῖν,
1175 995 1229 1022 κᾶν
1243 994 1308 1029 γοῦν
1324 994 1353 1020 ὲν
1365 992 1456 1028 ψιλαῖς
1469 991 1584 1023 ἐννοίαις
1599 991 1684 1018 ἑλεῖν.

1099 1087 1182 1114 ΚΥΡ.
1205 1084 1276 1112 Αὐτὸ
1293 1083 1462 1120 παραθέντες
1485 1083 1515 1110 τδ
1533 1083 1654 1119 Γραμμα
1672 1082 1703 1109 τὺ
1718 1081 1808 1117 ίερῖιν,
1820 1081 1856 1108 τὰ

1066 1133 1106 1164 είς
1132 1131 1192 1158 νοῦν
1216 1131 1288 1158 ίόντα
1315 1130 1376 1157 τότε
1402 1129 1476 1164 σαφῆ
1494 1129 1711 1164 καταστήσομεν,
1729 1127 1854 1162 πανταχῆ

1063 1177 1110 1204 τοῦ
1126 1176 1279 1212 πρέποντος
1297 1175 1382 1212 ἀπρὶξ
1395 1175 1525 1211 ἡμμένοι.
1539 1175 1617 1210 Ἔχει
1631 1174 1658 1201 δὲ
1673 1173 1754 1200 οὓτω·
1774 1182 1784 1199 ι
1799 1173 1855 1199 Καὶ

1064 1223 1192 1259 Σαμουὴλ
1208 1222 1339 1254 ἀπέθανε,
1353 1222 1402 1249 καὶ
1417 1220 1550 1256 ὲκόψαντο
1564 1220 1645 1248 αὐτὸν
1660 1220 1714 1252 πᾶς
1732 1219 1853 1255 Ἰσραὴλ,

1065 1270 1111 1297 xal
1131 1269 1280 1297 θάπτουσιν
1297 1268 1378 1295 αὑτὸν
1392 1267 1420 1295 ὲν
1442 1266 1609 1303 ’Δρμαθαῒμ,
1625 1267 1653 1293 ὲν
1669 1265 1747 1292 πόλει
1759 1265 1852 1292 αὑτοῦ·

1064 1317 1112 1344 καὶ
1131 1315 1217 1343 Σαοὺλ
1241 1314 1361 1351 περιεῖλε
1377 1314 1440 1346 τοὺς
1464 1313 1716 1349 ἐγγαστριμύθους,
1731 1312 1854 1344 καὶτοὺς

1065 1362 1186 1397 γνώστας
1206 1361 1260 1388 ἀπὸ
1276 1361 1326 1396 τῆς
1340 1361 1402 1396 γῆς.
1426 1361 1481 1387 Kal
1496 1358 1717 1395 συναθροίζονται
1734 1359 1759 1385 οί
1773 1357 1853 1385 ἀλλό-

1065 1409 1157 1443 φυλοι,
1172 1408 1219 1435 xal
1233 1407 1359 1442 ἔρχονται
1371 1407 1419 1433 καὶ
1435 1405 1672 1442 παρεμϐάλλουσιν
1687 1406 1728 1437 είς
1742 1405 1852 1440 Σωνάμ.

1066 1455 1122 1482 Kal
1146 1453 1318 1488 συναθροίζει
1343 1452 1430 1480 Σαοὺλ
1448 1452 1538 1479 πάντα
1561 1452 1646 1488 ἄνδρα
1668 1451 1785 1487 Ἰσραὴλ,
1806 1451 1854 1477 καὶ

1066 1499 1306 1535 παρεμϐάλλουσιν
1332 1499 1372 1531 είς
1394 1498 1521 1526 Γελσουὲ.
1542 1499 1597 1526 Kal
1621 1495 1674 1524 εἶδε
1695 1497 1782 1524 Σαοὺλ
1803 1497 1854 1533 τὴν

1068 1546 1246 1583 παρεμϐολὴν
1271 1547 1327 1573 τῶν
1363 1545 1536 1581 ἀλλοφύλων,
1564 1545 1611 1572 καὶ
1640 1544 1777 1580 ἑφοὸἠθη,
1807 1543 1855 1570 καὶ

1067 1593 1164 1628 ἐξέστη
1190 1594 1207 1628 ἡ
1233 1592 1333 1628 καρδία
1365 1591 1446 1619 αὐτοῦ
1472 1591 1585 1627 σφόδρα.
1609 1590 1664 1618 Kal
1691 1589 1853 1626 ἐπηρώτησε

1066 1638 1152 1666 Σαοὺλ
1171 1638 1214 1666 διὰ
1234 1638 1350 1674 Κυρίου,
1368 1637 1416 1665 καὶ
1440 1638 1491 1664 οὐκ
1506 1636 1640 1673 ἀπεκρίθη
1656 1636 1730 1671 αὐτῷ
1752 1636 1854 1672 Κύριος

1064 1685 1094 1712 ὲν
1117 1686 1172 1716 τοῖς
1188 1684 1340 1716 ἐνυπνίοις,
1362 1683 1408 1710 καὶ
1431 1683 1459 1710 ὲν
1480 1684 1536 1715 τοῖς
1558 1683 1662 1719 δήλοις,
1678 1682 1725 1709 καὶ
1749 1683 1778 1708 ἐν
1798 1681 1855 1712 τοῖς

1065 1732 1228 1768 προφήταις.
1246 1731 1301 1758 Kal
1316 1728 1378 1757 εἷπε
1397 1729 1483 1756 Σαοὺλ
1503 1730 1560 1760 τοῖς
1579 1728 1674 1755 παισὶν
1689 1726 1783 1754 αὑτοῦ·
1802 1728 1854 1762 Ζη-

1064 1777 1166 1813 τήσατέ
1181 1785 1224 1812 μοι
1241 1776 1357 1810 γυναῖκα
1369 1773 1606 1810 ὲγγαστρίμυθον,
1621 1773 1668 1800 καὶ
1684 1772 1854 1808 πορεύσομαι

1066 1823 1134 1859 πρὸς
1159 1822 1258 1857 αὐτὴν,
1281 1821 1329 1848 καὶ
1353 1821 1462 1857 ζητήσω
1487 1820 1516 1847 ἐν
1541 1820 1625 1855 αὐτῇ.
1647 1819 1701 1846 Kal
1726 1818 1804 1845 εἷπον
1829 1819 1853 1846 οἱ

1065 1869 1161 1900 παῖδες
1177 1867 1260 1895 αὑτοῦ
1276 1868 1343 1904 πρὸς
1357 1867 1447 1894 αὐτόν·
1474 1866 1541 1893 Ἰδοὺ
1555 1865 1624 1900 γυνὴ
1636 1864 1853 1900 ὲγγαστρίμυθος

1065 1917 1093 1943 ὲν
1110 1915 1235 1951 Ἀειιδώρ.
1250 1915 1305 1941 Καὶ
1324 1913 1528 1948 συνεκαλύψατο
1537 1912 1634 1939 Σαούλ·
1655 1912 1702 1938 καὶ
1724 1910 1853 1946 περιεϐά-

1065 1962 1127 1989 λετο
1141 1960 1236 1997 ἱμάτια
1250 1961 1348 1996 ἕτερα,
1363 1960 1409 1986 καὶ
1432 1958 1578 1995 πορεύεται
1593 1958 1674 1990 αὐτὸς
1688 1957 1736 1984 καὶ
1748 1956 1795 1983 δύο
1808 1957 1853 1984 ἄν⁸

1065 2007 1127 2042 δρες
1151 2006 1210 2041 μετ’
1233 2003 1334 2038 αὑτοῦ,
1359 2004 1406 2031 καὶ
1429 2003 1554 2039 ἔρχονται
1572 2002 1641 2038 πρὸς
1666 2002 1716 2038 τὴν
1737 2003 1853 2037 γυναῖκα

1065 2052 1179 2084 νυκτὸς,
1206 2051 1253 2079 καὶ
1275 2049 1353 2077 εἶπεν
1372 2049 1452 2085 αὐτῇ·
1475 2049 1633 2076 Μάντευσαι
1657 2048 1688 2084 δή
1708 2057 1753 2084 μοι
1770 2049 1799 2076 ὲν
1815 2047 1853 2082 τῷ

1066 2096 1287 2133 ὲγταστριμύθῳ,
1298 2095 1344 2123 καὶ
1353 2094 1474 2130 ἁνάγαγέ
1489 2103 1534 2130 μοι
1550 2094 1579 2121 ὃν
1591 2094 1639 2121 ἐὰν
1652 2093 1721 2120 εἴπω
1734 2102 1785 2120 σοι.
1799 2092 1854 2121 Καὶ

1067 2141 1142 2169 εἶπεν
1169 2141 1243 2177 αὺτῷ
1255 2142 1272 2176 ή
1291 2141 1371 2176 γυνή·
1391 2139 1457 2166 Ἰδοὺ
1481 2139 1513 2174 δὴ
1528 2139 1560 2165 σὺ
1575 2136 1649 2170 οἶδας
1669 2139 1720 2165 ὅσα
1742 2137 1852 2172 ἐποίησε

1066 2188 1152 2216 Σαοὺλ
1177 2188 1215 2219 ὼς
1237 2186 1419 2222 ἑξωλόθρευσε
1443 2185 1506 2217 τοὺς
1531 2183 1787 2220 ἐγγαστριμύθους,
1807 2183 1853 2210 καὶ

1066 2235 1128 2266 τοὺς
1143 2234 1267 2269 γνὼστας
1282 2233 1336 2260 ἀπὸ
1351 2233 1399 2267 τῆς
1413 2232 1477 2267 γῆς,
1492 2232 1539 2259 καὶ
1559 2230 1630 2258 ίνατί
1649 2230 1680 2256 σὺ
1697 2228 1852 2264 παγιδεύεις

227 2277 317 2305 excita
329 2277 407 2304 mihi.
424 2277 459 2305 Et
468 2277 537 2305 vidit
553 2277 652 2304 mulier
667 2277 832 2310 Samuclem,
844 2283 872 2305 et
882 2278 1013 2305 exclama-

1067 2280 1116 2316 τὴν
1145 2279 1234 2315 ψυχήν
1265 2287 1326 2315 μου,
1355 2278 1510 2305 θανατῶσαι
1536 2277 1637 2312 αὖτήν;
1665 2275 1720 2302 Kal
1747 2274 1852 2310 ὤμοσεν

229 2326 269 2350 vtt
280 2329 347 2350 voce
362 2330 468 2358 magna.
488 2322 522 2351 Et
535 2322 603 2351 dixit
621 2323 720 2350 mulier
738 2323 772 2350 ad
791 2323 855 2350 Saul
877 2323 952 2351 :Cur
969 2323 1016 2351 de-

229 2368 325 2403 cepisti
338 2376 382 2395 me
390 2367 436 2396 Yet
444 2371 472 2395 tu
484 2375 515 2396 es
523 2367 597 2396 Saul.
612 2368 718 2396 Etdixit
729 2368 767 2395 illi
779 2377 826 2396 rex
838 2378 844 2396 :
853 2369 891 2396 Ne
901 2369 997 2397 timeas
1007 2378 1014 2401 ;

212 2413 276 2464 ‘dic
290 2421 371 2449 quem
389 2413 501 2441 videris.
525 2413 640 2441 Etdixit
660 2413 699 2441 illi
719 2414 819 2441 mulier
840 2423 846 2441 :
867 2406 938 2442 Deos
960 2415 1015 2442 vidi

208 2459 219 2470 "
229 2460 432 2488 ascendentese
444 2463 526 2487 terra.
539 2460 574 2487 Et
588 2459 658 2487 dixit
670 2459 704 2487 ad
716 2459 789 2487 illam
808 2469 815 2486 :
836 2459 906 2493 Quid
916 2468 1016 2496 cogno-

231 2504 311 2532 visti?
323 2504 357 2532 Et
369 2504 439 2532 dixit
452 2504 490 2532 illi
508 2513 514 2531 :
532 2504 628 2533 Virum
641 2508 747 2532 rectum
766 2505 956 2533 ascendentem
980 2506 1014 2533 de

230 2553 313 2581 terra,
330 2552 359 2576 et
377 2548 423 2576 hic
447 2548 563 2576 amictus
581 2549 710 2584 diploide.
726 2550 761 2577 Et
788 2550 914 2585 cognovit
932 2549 995 2578 Saul
1006 2571 1013 2583 ,

230 2593 303 2629 quod
318 2594 426 2622 Samuel
444 2598 518 2622 esset
535 2594 590 2627 hic,
618 2598 647 2622 et
669 2595 809 2623 inclinavit
830 2603 859 2623 se
877 2596 905 2623 in
918 2595 1014 2623 faciem

231 2647 307 2667 suam
320 2640 348 2668 in
360 2644 470 2673 terram,
484 2645 512 2669 et
522 2641 646 2669 adoravit
661 2649 735 2669 eum.
752 2642 786 2670 Et
797 2642 868 2669 dixit
881 2642 990 2670 Samuel
1007 2651 1014 2669 :

230 2686 285 2713 Cur
298 2686 455 2721 inquietasti
465 2695 518 2720 me,
539 2691 570 2715 ut
580 2688 776 2716 ascenderem?
791 2688 823 2715 Et
844 2688 913 2716 dixit
929 2688 993 2716 Saul
1007 2697 1013 2715 :

231 2730 359 2759 (Ioarctor
371 2732 466 2766 valde;
486 2736 514 2760 et
531 2733 660 2768 allophyli
675 2733 776 2760 bellum
796 2738 893 2768 gerunt
918 2733 1015 2761 adver-

231 2787 290 2806 sunt
304 2787 362 2812 me;
377 2784 404 2807 et
423 2780 496 2808 Deus
518 2781 631 2809 recessit
651 2789 666 2809 a
682 2789 736 2813 me.
752 2785 780 2809 et
801 2789 856 2809 non
876 2781 1017 2809 exaudivit

232 2832 273 2851 mc
286 2825 385 2858 adhuc,
404 2833 493 2861 neque
506 2825 534 2852 in
548 2833 630 2854 manu
646 2826 851 2861 prophetarum,
866 2834 955 2862 neque
968 2834 1016 2862 per

267 2918 287 2933 "'
300 2916 367 2944 Joau
393 2925 419 2948 κ,
433 2915 527 2943 27-29.
568 2917 588 2931 ’³
602 2915 610 2943 ι
624 2916 696 2943 Pclr.
712 2924 746 2948 μ’,
763 2915 802 2942 l9.

1067 2325 1136 2360 αὐτῇ
1154 2324 1250 2356 Σαοὺλ,
1270 2324 1368 2357 λέγων’
1386 2324 1423 2358 Ζῇ
1441 2322 1555 2358 Κύριος,
1570 2323 1594 2348 εί
1611 2320 1797 2356 ἀπαντήσεται
1812 2328 1852 2346 σοι

1066 2371 1158 2397 ἀδικία
1172 2371 1200 2396 ὲν
1214 2369 1250 2404 τῷ
1261 2369 1332 2404 λόγῳ
1342 2367 1438 2402 τούτῳ.
1450 2366 1504 2393 Καὶ
1517 2364 1591 2392 εἶπεν
1602 2367 1618 2400 ή
1627 2365 1695 2399 γυνὴ
1705 2363 1743 2399 τῷ
1758 2362 1850 2390 Σαούλ·

1067 2416 1134 2442 Τίνα
1150 2416 1281 2449 ἀναγάγω
1295 2423 1336 2441 σοι
1349 2422 1356 2446 ;
1371 2413 1426 2440 Kal
1441 2410 1512 2439 εἷπε·
1529 2411 1581 2438 Τὸν
1595 2410 1722 2446 Σαμουὴλ
1733 2408 1852 2444 ἀνάγαγέ

1069 2471 1123 2498 μοι.
1151 2461 1206 2488 Kal
1228 2459 1298 2487 είδεν
1314 2460 1331 2495 ή
1343 2459 1413 2495 γυνὴ
1431 2458 1476 2486 τὸν
1488 2457 1632 2493 Σαμουὴλ,
1653 2457 1698 2483 καὶ
1721 2455 1851 2490 ἀνεϐόησε

1069 2509 1144 2543 φωνῇ
1161 2506 1276 2543 μεγάλῃ.
1296 2506 1352 2533 Kal
1366 2502 1442 2532 εἶπεν
1459 2505 1475 2539 ὴ
1491 2504 1561 2539 γυνὴ
1575 2503 1643 2538 πρὸς
1655 2501 1750 2529 Σαούλ·
1772 2500 1852 2528 Ἰνατί

1069 2554 1241 2589 παρελογίσω
1257 2561 1305 2588 με;
1322 2552 1368 2579 καὶ
1384 2552 1416 2578 σὺ
1436 2548 1461 2577 εἷ
1480 2550 1575 2577 Σαούλ.
1595 2549 1651 2576 Kal
1666 2547 1741 2574 εἶπεν
1759 2548 1825 2582 αὐτῇ
1838 2547 1851 2573 ὁ
1889 2566 1892 2567 ν

1070 2599 1205 2635 βασιλεύς·
1219 2598 1264 2633 Μὴ
1282 2597 1376 2633 φοϐοῦ,
1392 2596 1469 2623 εἶπον
1485 2596 1545 2622 τίνα
1557 2595 1691 2630 ἑώρακας.
1710 2594 1766 2620 Kal
1779 2591 1852 2619 εἶπεν

1070 2644 1175 2680 αὐτῷἡ
1201 2645 1281 2679 γυνή·
1298 2644 1381 2675 Θεοὺς
1406 2643 1515 2678 ἑώρακα
1539 2641 1735 2671 ἀναδαίνοντας
1758 2640 1789 2665 ὲκ
1804 2638 1852 2672 τῆς

1069 2688 1131 2724 γῆς.
1152 2689 1206 2715 Kal
1222 2686 1298 2714 εἶπεν
1313 2687 1391 2723 αὐτῇ·
1417 2687 1449 2713 Τί
1472 2686 1574 2720 ἔγνωςς
1592 2685 1646 2712 Kal
1669 2682 1744 2710 εἶπεν
1766 2681 1850 2717 αὐτῷ·

1071 2735 1171 2770 Ἄνδρα
1195 2734 1284 2770 ΰρθιον
1307 2733 1487 2761 ἀναϐαίνοντα
1511 2732 1543 2758 ἑκ
1563 2731 1614 2766 τῆς
1628 2730 1690 2765 γῆς,
1709 2729 1755 2756 καὶ
1778 2726 1852 2759 οὗτος

1071 2781 1196 2808 διπλοῒδα
1210 2779 1440 2816 ἀναϐεϐλημένος.
1456 2779 1511 2806 Kal
1528 2778 1598 2813 ἔγνω
1611 2776 1704 2808 Σαοὺλ,
1721 2776 1762 2802 ὅτι
1777 2770 1851 2805 οὗτος

1073 2826 1213 2863 Σαμουὴλ,
1230 2826 1278 2853 καὶ
1300 2826 1398 2861 ἔκυψεν
1418 2825 1466 2852 ἐπὶ
1481 2825 1627 2861 πρόσωπον
1648 2821 1730 2849 αὑτοῦ
1746 2821 1792 2848 ἐπὶ
1805 2819 1851 2855 τὴν
