1934 3042
123 145 170 173 157

485 148 529 175 DE
548 147 768 176 ADORATIONE
787 149 820 176 ΙΝ
839 149 895 177 SP1:

948 150 973 178 ‘U
993 150 1038 178 ET
1059 151 1241 181 VERlTATE.
1264 155 1327 182 LIB.
1349 156 1395 184 VI.

1697 159 1748 187 ιδε

120 204 188 238 γῆν,
207 204 254 231 καὶ
277 205 480 241 προσεκύνησεν
504 206 587 242 αὐτῷ.
607 207 662 234 Καὶ
685 207 745 235 εἶπε
768 208 895 244 Σαμουὴλ

959 211 1121 244 somnia;et
1136 219 1211 240 nunc
1232 215 1324 241 vocavi
1352 219 1389 248 te,
1410 220 1441 242 ut
1468 215 1572 245 indices
1592 215 1659 244 mihi
1677 217 1744 253 quid

100 251 208 279 [Ἰνατί
249 251 468 288 παρηνώχλησάς
506 262 551 289 μοι
584 254 717 290 ἀναϐῆναί
758 263 817 290 με;
855 255 910 282 Καὶ

103 294 180 336 ,εἶπε
208 297 305 324 Σαούλ·
331 298 461 334 Θλίσομαι
493 300 614 336 σφόδρα,
641 302 688 328 καὶ
714 301 740 328 οι
765 302 908 337 ἀλλόφυλοι

99 341 289 378 ξπολεμοῦσιν
314 344 343 371 ἐν
368 345 446 379 ἐμοὶ,
470 346 517 372 καὶ
543 347 557 374 ό
580 346 647 380 Θεὸς
676 347 831 383 ἀφέστηκεν
860 347 907 376 ἀπ’

117 389 207 424 ἐμοῦ,
228 390 277 418 καὶ⁹
303 391 353 418 οὐκ
373 392 512 428 ἐπακηκοέ
542 401 593 428 μου
621 392 680 426 ἔτι,
708 393 755 420 καὶ
780 394 810 420 ἐν
835 393 907 429 χειρὶ

112 435 173 479 γτῶν
203 437 370 473 προφητῶν,
395 439 442 465 καὶ
463 439 492 466 ἐν
515 439 572 470 τοῖς
603 439 755 471 ἐνυπνίοις·
782 440 829 467 καὶ
859 438 907 467 νῦν

111 481 245 518 ’κέκληκά
279 491 330 516 σε,
363 484 497 520 γνωρίσαι
534 493 603 520 μοι,
635 484 663 512 τί
704 485 820 521 ποιήσω.
851 485 906 512 Καὶ

111 523 180 554 εἷπε
200 529 344 565 Σαμουήλ·
372 530 452 557 Ἱνατι
484 531 626 567 ἐπερωτᾷς
654 540 707 567 με,
733 531 781 559 καὶ
803 531 906 566 Κύριος

115 574 276 610 ἀφέστηκεν
298 575 352 603 ἀπὺ
381 577 446 609 σοῦ,
470 577 517 605 καὶ
542 576 637 611 γέγονε
663 576 733 612 μετὰ
761 576 807 604 τοῦ
836 577 904 612 πλη-

115 620 175 647 σίον
197 629 260 654 σου;
285 622 333 648 καὶ
358 622 492 657 πεποίηκε
517 622 620 658 Κύριός
643 631 702 654 σοι,
727 622 818 655 καθὼς
843 623 904 652 ἐλά-

112 667 182 701 ληπε
203 667 305 703 Κύριος
332 667 361 694 ἐν
389 668 460 703 χειρί
480 676 542 703 μου’
569 668 617 695 καὶ
640 668 780 705 διαρῤήξει
802 669 904 705 Κύριος

111 715 165 749 τὴν
183 714 322 749 βασιλείαν
344 723 390 741 σου
412 715 444 741 ἐκ
463 715 553 750 χειρός
567 723 629 747 σου,
648 715 695 741 καὶ¹
716 714 796 741 δώσει
816 715 902 750 αὐτὴν

112 759 153 795 τῷ
165 760 280 796 πλησίον
293 768 339 787 σου
356 760 395 795 τῷ
414 760 508 787 Δαϐίδ·
526 759 593 787 διότι
612 760 663 787 οὐκ
675 761 796 795 ἤκουσας
809 761 902 795 φωνῆς

111 805 236 842 Κυρίου,
254 807 301 833 καὶ
321 806 371 832 οὐκ
391 805 554 842 ἐπλήρωσας
574 805 659 841 θυμὸν
669 806 754 842 ὀργῆς
774 805 857 832 αὐτοῦ
872 806 900 833 ἐν

118 853 256 889 Ἀμαλὴκ,
271 853 313 880 διὰ
325 852 405 880 τοῦτο
424 853 455 879 τὺ
469 853 546 888 ῥῆμα
566 853 677 889 ἐποίησε
693 852 795 888 Κύριός
811 861 852 879 σοι
871 853 899 879 ἐν

110 900 145 934 τῇ
159 899 253 935 ἡμέρᾳ
266 899 361 935 ταύτῃ·
375 899 422 926 καὶ
437 898 595 934 παραδώσει
610 898 712 934 Κύριος
726 898 772 926 τὸν
791 898 882 935 Ἰσραὴ

111 946 184 981 μετὰ
199 945 246 972 σοῦ
266 947 306 978 είς
321 947 414 982 χεῖρας
434 944 605 979 ἀλλοφύλων,
623 944 670 973 καὶ
686 943 781 979 αὔριον
794 944 838 976 σὺ,
851 944 898 970 καὶ

109 993 134 1019 ot
149 992 203 1019 υἱοί
217 1000 265 1019 σου
280 991 349 1028 μετὰ
361 991 408 1019 σοῦ
424 990 581 1023 πεσοῦνται,
597 991 645 1018 καὶ
657 991 708 1026 τὴν
722 990 898 1026 παρεμϐολὴν

115 1038 225 1074 Ἰσραὴλ
238 1037 318 1065 δώσει
333 1038 435 1074 Κύριος
447 1038 487 1069 εἰς
503 1037 598 1073 χεῖρας
616 1036 783 1071 ἀλλοφύλων.
800 1045 809 1062 ι
824 1034 898 1072 τΔροί

108 1093 152 1112 σοι
173 1084 267 1111 λοιπὸν
282 1084 415 1111 ἐνδοιάσαι
438 1083 527 1119 θέμις,
545 1083 586 1110 ὅτι
604 1083 666 1115 ταῖς
680 1081 777 1110 ἐαυτοῦ
796 1082 897 1118 ψήφοις

107 1129 334 1165 κατεγνωσμένος
353 1130 501 1165 ἐκτέτηκεν
515 1129 553 1165 (1)
566 1130 580 1156 ό
597 1128 700 1162 Σαούλ;
719 1128 828 1164 Ἐπειδὴ
843 1128 897 1164 γὰρ

107 1176 204 1203 ἐδεδίει
219 1176 275 1203 τῶν
296 1175 484 1212 ἠθροισμένων
501 1176 544 1210 ἐφ’
564 1174 654 1210 ἐαυτῷ
676 1174 706 1202 τὸ
724 1174 837 1206 ἀσθενὲς
857 1175 897 1206 είς

107 1221 217 1257 μάχην,
245 1221 390 1257 μανθάνειν
413 1221 490 1257 ὴξίου
516 1221 550 1248 τὰ
575 1221 693 1256 ἐσόμενα
711 1219 796 1255 ’παρά
817 1219 895 1247 Θεοῦ.

105 1268 316 1304 Σεσιωπηκότος
332 1268 371 1300 δὲ,
385 1268 432 1294 καὶ
445 1266 682 1298 ἀποκαλύπτοντος
697 1266 784 1297 οὐδὲν,
799 1265 898 1301 τρέπε-

105 1323 153 1342 ται
167 1314 236 1350 πρὸς
253 1314 284 1341 τὸ
294 1314 388 1341 λυπεῖν
408 1314 454 1340 τὸν
472 1314 578 1349 σιωπᾷν
593 1312 740 1348 ᾑρημένον.
760 1311 896 1346 ’Ᾱφικνεῖν

103 1369 152 1387 ται
171 1360 202 1387 δὲ
222 1360 291 1396 πρὸς
318 1360 548 1395 νεκυομαντείαν,
570 1359 660 1386 καίτοι
686 1358 749 1390 τοὺς
768 1356 893 1391 γνώστας

104 1406 134 1432 δέ
151 1415 224 1442 φημι
240 1406 304 1438 τοὺς
327 1406 468 1441 οἰομένους
493 1406 593 1433 ειδέναι
614 1405 650 1432 τὰ
676 1404 803 1440 ἐσόμενα.
829 1401 897 1430 Εἶτά

105 1459 202 1487 φησιν’
221 1461 230 1477 t
255 1451 388 1486 Ἀνάγαγέ
400 1460 445 1487 μοι
468 1451 513 1478 τὸν
535 1450 676 1486 Σαμουὴλ,
698 1459 707 1476 ι
724 1449 774 1484 οὐχ
794 1449 832 1481 ὼς
847 1449 896 1484 τῆς

103 1498 214 1533 ἐπῳδῆς
226 1498 285 1534 ἦτοι
300 1499 349 1532 τῆς
364 1498 459 1533 μάγων
472 1497 579 1533 τέχνης,
593 1497 643 1531 τὴν
655 1496 702 1523 τοῦ
716 1496 794 1530 ἁγίου
806 1494 895 1531 ψυχὴν

884 884 936 925 λΒ

960 256 1067 284 faciam.
1088 257 1122 285 Et
1143 258 1213 285 dixit
1235 259 1344 288 Samuel
1362 269 1369 287 ε
1391 261 1447 289 Cur
1466 262 1617 297 interrogas
1640 271 1684 291 me
1693 263 1748 292 ’μοι

959 302 1090 330 Dominus
1101 304 1214 331 recessit
1229 312 1244 332 a
1264 310 1338 338 te,et
1353 307 1421 335 abiit
1433 307 1467 335 ad
1482 308 1636 342 proximum
1650 313 1745 336 tuum:

957 352 986 375 et
1006 348 1071 377 fecit
1090 349 1138 377 tibi
1159 350 1292 380 Dominus
1323 352 1394 380 sicut
1418 354 1527 382 locutus
1551 360 1593 383 est
1615 355 1643 382 in
1664 363 1745 383 manu

957 401 1034 428 mea;
1048 399 1076 422 et
1088 395 1226 424 discindet
1236 397 1368 426 Dominus
1380 407 1494 434 regnum
1511 400 1546 427 de
1558 408 1640 429 manu
1654 405 1746 432 tua,et

956 439 1033 467 dabit
1064 441 1131 469 illud
1148 443 1274 477 proximo
1296 448 1344 471 tuo
1363 444 1464 478 David;
1491 446 1556 480 quia
1568 454 1622 473 non
1645 447 1743 474 audisti

956 493 1051 514 vocem
1070 487 1188 520 Domini,
1207 492 1303 516 etnon
1325 489 1445 524 implesti
1464 490 1532 517 iram
1549 491 1745 527 indignationis

937 531 1015 566 -ejus
1034 531 1062 559 in
1081 532 1192 560 Amalec
1216 542 1221 560 :
1247 540 1361 570 propter
1389 535 1441 563 boc
1467 536 1583 563 verbum
1606 536 1670 564 fecit
1695 537 1742 564 tibi

954 577 1086 605 Dominus
1098 578 1126 606 in
1139 579 1183 606 die
1191 579 1253 612 hac,
1267 585 1296 607 et
1308 580 1398 608 tradet
1411 581 1543 609 Dominus
1557 582 1639 609 Israel
1654 586 1741 610 tecum

955 622 982 649 in
994 631 1091 651 manus
1102 624 1301 660 allophylorum
1321 635 1326 652 :
1345 630 1373 654 et
1385 634 1445 654 cras
1459 631 1488 654 tu
1505 633 1533 655 et
1552 627 1600 654 lilii
1625 629 1668 655 tui
1701 632 1742 655 tc-

953 676 1015 696 cum
1029 670 1136 703 cadent,
1155 676 1184 698 et
1198 677 1288 699 castra
1306 672 1390 700 Israel
1403 673 1481 701 dabit
1491 673 1624 701 Dominus
1644 673 1671 700 in
1684 681 1737 700 mae

952 721 1005 741 nus
1020 715 1217 751 allopbylorum
1230 717 1248 743 ¹.
1262 727 1270 743 ι
1285 718 1356 745 Num
1383 718 1466 754 igitur
1481 719 1597 754 posthac
1613 718 1740 746 dubitare

951 764 1055 797 poteris
1077 764 1144 799 quin
1159 765 1224 793 Saul
1235 774 1283 793 sua
1295 767 1430 794 sententia
1448 767 1646 795 condemnatus
1665 772 1740 794 estad

951 808 1146 842 buerit‘iNam,
1162 818 1224 838 cum
1236 819 1331 839 eorum
1346 812 1421 840 vires
1444 812 1476 848 ad
1495 811 1681 847 pugnandum,
1694 812 1739 846 qui

950 853 1095 883 adversum
1123 863 1153 884 se
1183 858 1339 893 congregati
1365 857 1493 890 fuerant,
1517 857 1738 892 pertimesceret,

949 901 1075 936 quaesivit
1087 910 1103 929 ι
1115 903 1171 930 Deo
1190 903 1298 931 discere
1309 903 1375 938 quid
1388 909 1553 932 eventurum
1572 907 1646 931 esset
1666 912 1673 930 :
1693 903 1740 930 illo

948 951 1039 974 autem
1055 950 1170 981 tacente,
1184 948 1218 975 ad
1234 949 1293 984 ejus
1303 949 1446 983 oil‘ensam,
1461 949 1508 985 qui
1524 954 1614 978 tacere
1638 953 1736 977 statue-

948 997 1000 1026 rat,
1012 994 1193 1022 convertitur.
1216 995 1311 1030 itaque
1325 995 1359 1023 ad
1380 995 1523 1023 mulierem
1545 994 1739 1023 necromantiae

947 1047 1058 1075 operam
1071 1039 1181 1068 dantem
1192 1041 1299 1076 pergit;
1318 1041 1473 1077 cognitores
1485 1045 1577 1069 autem
1598 1040 1670 1073 dico,
1691 1040 1739 1075 qui

947 1093 977 1114 se
1003 1086 1163 1114 existimant
1180 1087 1274 1115 futura
1301 1095 1478 1123 cognoscere.
1498 1087 1602 1116 Deinde
1622 1087 1712 1122 inquit
1731 1096 1736 1113 :

951 1141 960 1159 ι
977 1132 1069 1159 Excita
1083 1132 1151 1159 mihi
1163 1132 1318 1161 Samuelem
1328 1153 1336 1165 ,
1350 1143 1358 1160 I
1372 1141 1427 1161 non
1447 1132 1520 1168 quod
1540 1140 1572 1160 ea
1584 1132 1627 1160 vis
1637 1131 1737 1160 carmi-

947 1185 1013 1205 num
1024 1177 1068 1204 vel
1085 1177 1196 1213 magicae
1211 1178 1280 1206 artis
1298 1181 1372 1206 esset
1387 1183 1418 1206 ut
1446 1178 1535 1206 sancti
1547 1177 1601 1205 viri
1618 1177 1737 1204 animam

946 1232 1062 1252 evocare
1074 1228 1176 1259 posset,
1189 1223 1238 1251 sed
1256 1223 1330 1259 quod
1342 1230 1451 1258 semper
1463 1222 1621 1249 divinantes
1638 1221 1737 1256 hujus-

946 1270 1020 1298 modi
1051 1278 1117 1298 voce
1130 1273 1254 1297 utantur.
1267 1268 1367 1296 Audivi
1378 1271 1470 1295 autem
1483 1275 1531 1295 eos
1549 1266 1665 1294 occultis
1673 1264 1737 1300 qui-

953 1316 1070 1343 busdam
1086 1315 1180 1343 verbis
1204 1315 1309 1342 illicere
1327 1314 1480 1346 daemonia;
1499 1318 1537 1346 et,
1550 1321 1620 1347 aqua
1641 1313 1736 1340 incan-

949 1362 1041 1394 tanda,
1055 1362 1202 1390 simulacra
1213 1365 1241 1388 et
1252 1361 1374 1393 umbras,
1386 1364 1416 1387 et
1436 1364 1564 1394 tanquam
1576 1359 1604 1386 in
1624 1357 1737 1393 speculo

948 1406 1050 1435 formas
1066 1407 1197 1442 quasdam
1208 1406 1373 1450 conspicari,
1390 1405 1534 1432 daemoniis
1544 1403 1676 1431 videlicet
1685 1411 1733 1430 eo-

946 1463 1008 1482 rum
1024 1455 1125 1491 figuras
1141 1459 1203 1490 apte
1221 1453 1398 1489 ﬁngentibus,
1414 1452 1461 1488 qui
1472 1451 1583 1479 evocari
1594 1450 1733 1478 dicuntur.

945 1501 1038 1536 itaque
1048 1501 1124 1536 191
1132 1500 1201 1528 dixit
1209 1499 1329 1535 primum
1337 1498 1383 1526 illa
1396 1498 1495 1525 mulier
1505 1506 1512 1524 :
1522 1496 1609 1525 Video
1618 1495 1684 1523 deos
1692 1503 1735 1523 as-

103 1544 287 1580 παρενεγκεῖν
297 1543 459 1578 δυναμένης,
478 1543 535 1570 ἀλλ’
546 1543 584 1574 ὡς
595 1542 639 1569 ἀεὶ
655 1541 710 1568 τῶν
727 1540 895 1576 μαντευομέ-

948 1547 1116 1575 cendentese
1125 1550 1200 1574 terra
1209 1548 1234 1580 ’;
1242 1545 1355 1574 deinde:
1369 1555 1378 1570 ι
1389 1544 1508 1577 Etvidit,
1522 1553 1530 1569 ι
1541 1543 1641 1579 inquit,
1656 1553 1664 1568 ι
1674 1549 1735 1570 mu—

102 1598 158 1616 νων
182 1591 215 1625 τῇ
237 1589 325 1624 τοιᾷδε
342 1588 520 1625 κεχρημένων
540 1589 628 1623 φωνῇ’
648 1586 789 1622 ἐπυθόμην
804 1585 833 1612 δέ
851 1585 893 1612 ὅτι

101 1635 195 1670 λόγοις
215 1635 287 1662 τισὶν
301 1635 466 1671 ἀπορρήτοις
487 1633 734 1669 καταγοητεύοντες
749 1632 784 1659 τὰ
799 1630 893 1666 δαιμό-

101 1690 159 1713 νια,
176 1681 223 1709 καὶ
238 1681 314 1709 ὕδατι
333 1681 541 1716 κατεπᾴδοντες,
560 1680 657 1707 εἴδωλα
673 1679 721 1706 καὶ
740 1677 830 1710 σκιὰς,
846 1676 893 1704 καὶ

101 1728 141 1761 ὡς
163 1729 192 1755 ἐν
216 1727 342 1763 ἐσόπτρῳ
365 1727 473 1764 μορφὰς
495 1725 681 1754 καταθεῶνταί
705 1732 801 1757 τινων,
820 1722 891 1757 τάχα

102 1783 156 1800 που
178 1773 233 1800 τῶν
254 1773 398 1808 δαιμονίων
427 1771 692 1807 καταπλαττομένων
720 1769 835 1800 ἀστείως
858 1767 893 1794 τὰ

101 1819 158 1846 τῶν
182 1819 336 1854 λεγομένων
361 1818 568 1854 ἀνακομιεῖσθαι
592 1819 730 1853 σχήματα.
748 1816 804 1844 Καὶ
825 1815 892 1848 γοῦν

101 1864 154 1900 ἔφη
170 1864 220 1899 μέν
231 1865 260 1891 ἐν
274 1865 373 1900 ἀρχαῖς
383 1864 412 1891 τὺ
425 1864 545 1899 γύναιον-
562 1863 633 1899 Ὀρῶ
645 1863 722 1895 θεοὺς
733 1861 892 1889 ἀναϐαίνον-

101 1918 152 1942 τας
165 1910 197 1936 ἐκ
210 1909 259 1945 τῆς
271 1909 334 1944 γῆς.
349 1907 417 1937 Εἶτα
430 1909 480 1945 μὲν
493 1909 581 1936 τοῦτο’
601 1919 611 1936 ι
627 1909 683 1936 Καὶ
694 1906 757 1940 εἶδε,
773 1917 784 1934 ι
798 1907 895 1943 φησὶν,

103 1967 112 1983 ι
128 1958 145 1993 ἡ
159 1958 228 1994 γυνὴ
243 1958 288 1985 τὸν
305 1958 441 1994 Σαμουήλ.
456 1967 464 1984 ι
478 1957 638 1985 Χαλεπὺνδὲ
654 1957 740 1989 οὐδὲν,
754 1957 783 1983 ὲν
796 1955 847 1991 ἴσῳ
861 1964 891 1982 τε

101 2003 149 2029 καὶ
176 2004 262 2039 ὁμοίῳ
289 2004 408 2040 σχήματι
432 2003 479 2030 τοῦ
504 2003 640 2039 μακαρίου
660 2002 786 2038 Σαμουὴλ
811 2001 890 2028 σκιὰν

945 1592 997 1619 lier
1005 1592 1161 1620 Samuelem
1168 1591 1188 1618 ³.
1202 1601 1210 1616 1
1222 1590 1296 1618 Nihil
1304 1597 1370 1617 vero
1377 1588 1641 1625 prohibetumbram
1647 1587 1733 1615 visain

945 1636 1030 1664 fuisse
1051 1641 1133 1672 atque
1153 1636 1333 1664 simulacrum
1350 1634 1487 1670 persimili
1506 1634 1587 1662 beato
1612 1634 1732 1661 Samueli

945 1683 1031 1718 ﬁgura
1042 1683 1240 1710 daemoniorum
1253 1690 1336 1718 opera
1347 1681 1533 1709 effermatum.
1546 1680 1624 1714 Quod
1637 1680 1660 1707 si
1672 1679 1734 1715 quis

944 1731 1023 1763 putet
1034 1732 1176 1756 evocatam
1193 1736 1290 1755 revera
1306 1728 1390 1755 fuisse
1409 1727 1550 1762 prophetae
1562 1727 1693 1759 animam,
1705 1731 1734 1754 et

946 1773 1070 1802 mulieris
1081 1774 1173 1801 verbis
1192 1773 1322 1800 tribuerit
1333 1772 1496 1805 veritatem;
1510 1780 1586 1807 ergo,
1602 1772 1667 1807 quia
1687 1779 1733 1799 ea-

944 1819 1008 1847 dem
1019 1819 1089 1847 disit
1099 1820 1165 1847 deos
1179 1827 1195 1847 e
1212 1823 1286 1846 terra
1301 1818 1481 1847 ascendentes
1502 1825 1531 1845 se
1543 1817 1655 1850 vidisse,
1677 1824 1731 1844 non

945 1865 1086 1893 divinandi
1111 1864 1306 1893 consuetudini
1336 1864 1473 1892 condonet
1491 1864 1654 1895 falsitatem;
1683 1863 1731 1890 sed

943 1919 1039 1938 revera
1059 1912 1125 1939 deos
1143 1919 1203 1939 esse
1225 1915 1302 1946 putet
1320 1911 1453 1946 quosdam
1465 1910 1600 1946 ejusmodi
1614 1909 1730 1942 ordinis,

943 1957 989 1991 qui
998 1957 1132 1985 exsistant
1142 1965 1157 1985 e
1168 1962 1238 1985 terra
1249 1965 1325 1990 ;cum
1332 1957 1378 1985 ille
1385 1957 1433 1992 qui
1440 1956 1591 1985 secundum
1603 1959 1668 1983 natu
1673 1963 1731 1984 ram

943 2002 1015 2029 Deus
1026 2007 1078 2035 est,
1092 2011 1164 2030 unus
1177 2002 1213 2030 sit
1224 2010 1256 2030 ac
1267 2003 1353 2030 solus.

99 2050 218 2085 ὀφθῆναι
247 2051 295 2078 καὶ
317 2051 441 2084 εἴδωλον,
470 2052 503 2078 ἐκ
525 2050 718 2086 δαιμονιὼδους
742 2049 884 2085 ἐνεργείας
905 2050 1134 2085 μεμορφωμένον.
1172 2050 1258 2085 Εἴπερ
1280 2048 1328 2076 οὖν
1348 2049 1432 2076 οἴοιτό
1450 2057 1492 2081 τις
1524 2048 1728 2083 ἀνακεκλῆσθαι

99 2097 172 2125 κατὰ
188 2097 217 2124 τὸ
235 2097 332 2133 ἀληθὲς
351 2097 401 2133 τὴν
417 2097 463 2125 τοῦ
497 2097 637 2132 προφήτου
657 2096 755 2132 ψυχὴν,
780 2095 827 2122 κα).
846 2096 903 2126 τοῖς
920 2094 970 2121 τοῦ
990 2096 1102 2129 γυναίου
1125 2095 1216 2130 λόγοις
1238 2095 1427 2131 ἐπιψηφιεῖται
1447 2095 1477 2121 τὸ
1509 2094 1620 2130 ἀληθὲς,
1635 2094 1729 2129 ἐπειδὴ

99 2144 149 2171 καὶ
171 2143 249 2176 θεοὺς
264 2144 458 2175 ἀναϐαίνοντας
490 2143 544 2170 ἀπὸ
571 2143 622 2178 τῆς
651 2143 705 2178 γῆς
723 2142 867 2170 τεθεᾶσθαί
881 2150 974 2178 φησιν,
995 2142 1042 2169 καὶ
1058 2142 1114 2173 τοῖς
1130 2141 1180 2176 τῆς
1194 2141 1324 2176 μαντείας
1337 2140 1411 2168 ἔθεσι
1427 2139 1581 2176 χαριζέσθω
1599 2140 1630 2166 τδ
1661 2139 1728 2174 ψεῦ-

99 2191 154 2222 δος,
166 2189 225 2216 ἀλλ’
240 2190 338 2217 οἰέσθω
349 2190 420 2217 κατὰ
433 2189 561 2225 ἀλήθειαν
578 2190 624 2216 καὶ
635 2189 713 2220 θεοὺς
725 2186 795 2215 εἶναι
806 2197 882 2220 τινας
899 2188 949 2223 τῆς
968 2187 1096 2222 τοιαύτης
1114 2187 1218 2219 τάξεως
1236 2187 1299 2218 τοὺς
1313 2186 1482 2222 ἀνασχόντας
1498 2186 1552 2214 ἀπὸ
1581 2186 1631 2221 τῆς
1664 2186 1727 2226 γῆς,

99 2236 191 2264 καίτοι
204 2236 272 2262 Θεοῦ
297 2236 367 2263 κατά
392 2236 473 2270 φύσιν
491 2236 567 2267 δντος
595 2235 654 2267 ἐνός
668 2244 698 2262 τε
722 2235 770 2262 καὶ
795 2234 892 2270 μόνου..

135 2285 242 2311 ΠΑΛΛ.
257 2284 345 2319 Ἔφης
361 2283 410 2318 μὲν
423 2282 604 2318 δρθῶς.ἘρεΞ
615 2283 644 2309 δὲ
658 2281 715 2316 οὖν,
731 2281 820 2319 οἶμαι,
833 2282 885 2314 τὶς,

974 2279 1074 2307 PALL.
1094 2279 1142 2306 Est
1154 2278 1265 2314 quidem
1291 2286 1307 2306 a
1320 2281 1346 2306 te
1361 2282 1436 2306 recte
1454 2279 1568 2306 dictum.
1591 2279 1727 2308 Caeterum

98 2330 198 2357 Καίτοι
247 2329 394 2365 λελάληκεν
434 2329 522 2364 ἀληθῆ
565 2328 807 2363 φιλοπευστοῦντος
839 2327 887 2355 τοῦ

99 2375 187 2402 Σαοὺλ
211 2375 339 2410 ἐσόμενα.
373 2375 410 2402 Οὐ
445 2374 540 2410 μικρὸς
564 2373 593 2400 δὲ
617 2374 682 2408 ἡμῖν
706 2373 888 2408 δεδαπάνηται

97 2420 178 2454 λόγος
195 2421 356 2457 ἀπελέγχων
375 2421 416 2448 ὅτι
437 2421 488 2447 οὐκ
506 2421 535 2446 ὲν
552 2419 718 2456 ἀκαθάρτοις
734 2419 887 2454 πνεύμασιν

97 2467 114 2501 ἡ
127 2466 254 2502 ἀλήθεια.

135 2555 220 2581 ΚΥΡ.
238 2554 276 2582 Οὐ
298 2555 352 2591 γὰρ
373 2552 431 2582 οὖν.
464 2555 647 2590 Ἀνάρμοστον
666 2554 719 2590 γὰρ
746 2554 840 2590 χρῆμά
862 2563 888 2580 τι

101 2600 148 2627 καὶ
160 2600 317 2636 ἀωμφυές,
334 2601 392 2636 φῶς
405 2602 453 2628 καὶ
467 2601 573 2634 σκότος,
589 2600 705 2636 Χριστὸς
718 2601 766 2627 καὶ
782 2599 887 2627 Βελιάλ·

99 2648 156 2678 τοῖς
171 2656 204 2680 γε
219 2647 273 2683 μὴν
292 2648 490 2684 παροτρύνουσι
504 2648 552 2675 καὶ
573 2647 738 2675 καταλυτιεῖν
752 2647 887 2678 εἰωθόσιν,

100 2691 290 2720 ἀποκαλύπτει
312 2693 393 2725 Θεὸς,
415 2694 462 2720 καὶ
473 2693 506 2720 δι’
520 2691 557 2720 ὧν
570 2694 671 2729 ἥκιστα
692 2692 745 2729 χρὴ
762 2692 817 2719 ἔσθ’
833 2693 887 2725 ὅτε,

101 2738 133 2763 τὰ
147 2737 267 2772 ἐσόμενα
276 2757 284 2770 ,
303 2737 472 2773 ἐνηχούντων
486 2737 558 2765 κατὰ
573 2738 603 2764 τὸ
620 2737 692 2769 εἰκὸς
705 2733 793 2771 ἁγίων
807 2737 889 2771 ἀγγέ-

135 2804 142 2819 ¹
157 2805 166 2831 1
179 2805 248 2834 Rea.
269 2813 359 2837 xxvm,
377 2805 451 2832 3‘19.
489 2807 499 2820 ¹
510 2805 520 2832 l
532 2804 598 2840 Reg.
614 2807 704 2836 xKvm,
720 2804 760 2830 l5.

940 2325 1014 2353 dicet
1035 2325 1150 2352 fortasse
1174 2324 1309 2360 quispiam
1328 2333 1334 2351 :
1351 2324 1433 2360 Atqui
1457 2333 1522 2352 vera
1548 2325 1627 2359 dixit,
1647 2326 1727 2354 Saule

940 2379 1002 2406 quae
1015 2371 1107 2398 futura
1119 2374 1210 2398 essent
1231 2370 1397 2398 sciscitante.
1410 2370 1470 2397 Non
1481 2374 1522 2398 est
1534 2375 1626 2398 autem
1645 2380 1660 2399 a
1680 2380 1728 2399 nos

941 2417 984 2445 bis
995 2417 1092 2452 exigua
1104 2417 1238 2444 orationis
1249 2423 1312 2451 pars
1324 2416 1351 2443 in
1367 2423 1402 2443 eo
1414 2420 1577 2451 consumpta
1588 2421 1618 2444 ut
1629 2418 1732 2452 proba-

940 2471 1035 2491 remus
1069 2470 1125 2490 non
1154 2462 1245 2490 inesse
1266 2462 1294 2489 in
1317 2462 1434 2496 impuris
1458 2461 1601 2496 spiritibus
1627 2463 1728 2490 verita-

943 2513 1008 2536 tem.

975 2555 1054 2583 CYR.
1078 2555 1148 2587 Non,
1171 2555 1292 2590 inquam.
1305 2554 1400 2589 Neque
1412 2555 1486 2582 enim
1505 2555 1632 2590 componi
1644 2560 1725 2589 atque

939 2601 1126 2636 eoagmentari
1140 2600 1221 2628 simul
1233 2605 1349 2636 possunt
1360 2601 1407 2628 lux
1415 2605 1445 2628 et
1457 2601 1586 2634 tenebrae,
1599 2600 1725 2628 Christus

939 2652 968 2675 et
982 2647 1064 2674 Belial
1079 2655 1086 2674 :
1099 2655 1194 2675 verum
1208 2647 1381 2676 irritantibus
1393 2655 1423 2674 ac
1439 2655 1509 2682 saepe
1522 2647 1725 2675 offendentibus

941 2694 1045 2720 revelat
1058 2693 1151 2720 futura
1162 2694 1245 2726 Deus,
1259 2694 1394 2721 interdum
1408 2693 1493 2720 etiam
1501 2701 1550 2728 per
1561 2700 1630 2729 quos
1642 2692 1724 2719 mini-

943 2747 985 2766 mc
998 2738 1138 2770 convenit,
1159 2738 1350 2767 insonantibus
1365 2739 1485 2766 humane
1503 2738 1595 2766 animo
1623 2737 1726 2765 sanctis

800 2803 810 2819 ³
822 2804 889 2831 ibid.
909 2805 950 2832 l2.

132 2862 172 2898 (Ι)
200 2861 269 2889 Cod.
302 2862 371 2894 \'ut.,
389 2862 574 2898 ἐκτετίμηκεν.
599 2863 682 2890 Paulo
709 2863 777 2890 infra
804 2863 890 2890 utitur

948 2863 993 2890 rho
1008 2863 1148 2893 τήκεσθαι.
