1934 3042
201 155 251 185 159

200 210 306 247 angelis
323 217 355 236 ea
367 216 438 243 quae,
458 206 481 234 si
494 206 512 233 ii
534 205 682 233 didicerint
701 206 749 240 qui
771 206 881 233 Curiose
894 205 990 234 scisci-

201 263 304 289 tantur,
330 254 478 283 admodum
497 253 687 285 intabescent;
714 259 801 286 eaque
821 252 990 287 praenotione

200 303 285 331 veluti
295 300 459 337 quibusdam
468 300 516 327 irae
526 306 558 326 ae
565 306 711 334 ptenarum
724 298 776 325 sibi
786 298 990 325 imminentium

201 348 331 384 primitiis
347 346 558 382 torquebuntur.
582 345 613 372 ln
634 345 737 372 sanctis
754 344 828 372 enim
849 344 991 380 prophetis

201 395 333 427 insident,
357 394 453 428 eisque
483 391 724 419 communicantur
751 390 914 425 plerumque
936 398 990 417 non

202 441 290 468 tristia
314 440 414 472 solum,
436 442 464 466 et
482 438 583 474 quibus
602 443 720 465 moerere
731 439 759 464 et
771 436 799 463 in
812 436 888 464 luctu
900 437 991 472 jacere

201 485 338 520 quispiam
358 484 460 520 possit;
483 483 531 511 sed
547 483 630 510 etiam
655 489 825 517 quaecunque
852 481 992 508 nonnullis

203 531 303 559 laetitiae
314 529 515 565 etjucunditati
529 528 621 555 futura
634 531 699 555 sunt
714 536 720 553 :
736 526 828 562 impiis
846 532 938 554 autem
960 534 992 554 ac

203 577 316 605 nefariis
327 575 527 604 divinationum
537 574 667 602 studiosis
682 574 755 601 Deus
770 573 841 600 mala
851 580 913 608 qua:
925 573 992 608 ipsis

203 626 334 650 eventura
346 626 410 649 sunt
422 621 519 656 aperit.

239 667 337 694 PALL.
360 666 502 700 Quomodo
523 670 624 696 autem,
651 666 697 690 aut
709 662 782 690 unde
802 663 859 690 hac
881 662 991 698 probari

205 713 353 748 poterunt?

237 759 316 787 CYR.
344 758 385 786 Ab
396 758 463 793 ipsis
474 757 586 785 Litteris
611 757 790 789 sacris;nam
815 763 875 791 qua:
896 755 993 791 priscis

204 805 259 832 illis
279 804 437 832 hominibus
451 803 626 836 acciderunt,
647 803 748 838 scripta
775 807 838 830 sunt
856 806 886 829 ut
908 801 993 837 ﬁgura

204 852 285 880 nobis
292 855 394 883 essent,
407 855 435 878 et
447 850 604 885 modusque
614 849 727 884 mystice
740 848 938 876 imbueremur.
950 847 992 875 An

713 149 741 178 S.
762 149 898 178 CYRlLLI
919 151 1155 179 ALEXANDRINI
1176 149 1332 178 ARCHIEP.

1043 207 1096 233 λων
1121 207 1160 238 εἰς
1181 205 1351 242 ἀνθρώπινον
1377 204 1457 237 νοῦν,
1482 204 1553 240 ἅπερ
1574 204 1606 232 ἃν
1626 205 1650 231 εί
1672 205 1789 240 μάθοιεν
1813 208 1842 234 οἱ

1042 252 1229 287 φιλοπευστεῖν
1251 251 1400 287 ᾑρημένοι,
1426 251 1662 286 καταταχήσονται
1688 251 1768 285 λίαν,
1787 252 1843 279 καὶ

1041 297 1168 334 ἀπαρχὴν
1183 298 1276 333 ὥσπερ
1287 297 1347 324 τινὰ
1361 296 1411 331 τῆς
1427 296 1519 330 σφίσιν
1535 296 1732 332 ἐπηρτημένης
1747 297 1844 332 ὀργῆς

1041 352 1070 371 τε
1082 344 1128 370 καὶ
1141 343 1219 378 δίκης
1233 343 1399 378 ὑπομένουσι
1413 342 1462 377 τὴν
1478 342 1643 377 πρόγνωσιν.
1663 341 1769 375 Ἃγίοις
1786 342 1844 376 μὲν

1041 390 1096 426 γὰρ
1122 390 1277 425 προφήταις
1309 387 1530 420 ὲπαναπαύεται,
1557 388 1606 414 καὶ
1637 386 1843 414 ἀνακοινοῦται

1043 435 1170 468 πολλάκις
1179 456 1186 469 ,
1197 434 1257 470 οὐχὶ
1273 434 1305 471 δὴ
1321 434 1390 470 μόνα
1402 434 1437 461 τὰ
1453 433 1518 460 σκυθ
1524 433 1612 469 ρωπά,
1626 434 1673 459 καὶ
1683 430 1787 469 οἵσπερ
1807 433 1842 460 ἄν

1041 490 1084 513 τις
1108 480 1310 515 ἐπιστυγνὰσας
1329 480 1438 508 καθίσει
1461 478 1604 515 δακρύων,
1618 478 1687 506 ἀλλὰ
1709 479 1759 505 καὶ
1785 479 1841 505 ὅσα

1043 526 1110 562 πρὸς
1129 526 1260 562 εὐθυμίας
1281 527 1328 553 καὶ
1351 525 1501 561 εὐημερίας
1519 524 1595 551 ἔσται
1616 524 1697 551 τισίν·
1713 520 1842 556 ἀνοσίοις

1042 572 1071 598 δὲ
1085 571 1131 599 καὶ
1153 571 1341 606 ἐναγεστάτοις
1357 570 1551 607 φιλομάντεσι,
1570 569 1606 596 τὰ
1627 569 1718 604 σφίσιν
1738 570 1840 602 αὐτοῖς

1042 618 1158 653 ἐσόμενα
1172 617 1364 645 διεκκαλύπτει
1381 618 1464 644 κακά.

1078 664 1182 690 ΠΛΛΛ.
1197 664 1252 690 Καὶ
1264 664 1305 695 τίς
1320 663 1336 698 ἧ
1355 663 1437 689 πόθεν
1454 662 1486 690 ἂν
1498 662 1603 696 γένοιτο
1616 662 1718 689 τούτων
1730 662 1801 698 ήμῖν
1821 663 1839 698 ἡ

1043 711 1133 742 πίστις
1146 720 1153 744 ;

1078 757 1161 783 ΚΥΡ.
1186 756 1253 783 ’Δπό
1269 765 1301 791 γε
1318 756 1372 783 τῶν
1387 755 1466 792 ίερῶν
1479 755 1664 791 Γραμμάτων”
1676 755 1762 788 τύπος
1781 755 1840 790 γὰρ

1042 803 1110 839 ἡμῖν
1132 803 1180 830 καὶ
1203 802 1399 838 μυσταγωγίας
1419 802 1562 837 ἀνεγράφη
1586 802 1702 837 τρόπος,
1721 802 1757 828 τὰ
1780 802 1840 833 τοῖς

1043 849 1231 885 ἀρχαιοτέροις
1252 848 1455 884 πμὸεΰηκότα.
1477 848 1512 874 Ἣ
1529 847 1583 883 γὰρ
1606 848 1657 874 οὐκ
1679 845 1774 880 οϊσθα,
1796 847 1839 873 ὅτι

206 902 315 933 ignoras
325 897 405 924 Balae
421 896 508 923 lilium
528 895 645 930 Sephor,
667 895 743 922 illum
763 894 944 922 Moabitarum
965 897 994 921 et

1051 895 1137 923 Βαλὰκ
1155 896 1169 922 6
1183 895 1229 922 τοῦ
1244 894 1375 930 Σεπφὼρ,
1398 895 1413 921 6
1432 893 1587 922 Μωαϐιτῶν
1601 894 1646 920 καὶ
1659 892 1841 928 Μαδιηναίων

206 943 414 971 Madianitarum
440 947 596 978 tyrannum,
615 949 679 969 cum
703 940 802 969 fortem
822 944 849 969 et
867 940 996 968 invictam

205 989 315 1017 lsraelis
341 987 550 1016 multitudinem
577 987 794 1022 pertimesceret,
818 994 849 1014 ac
867 985 944 1014 brevi
968 993 996 1014 se

205 1042 268 1062 eum
294 1034 402 1063 eateris
429 1033 557 1070 gentibus
581 1032 662 1060 simul
681 1032 833 1067 periturum
856 1031 997 1059 existima—

206 1084 256 1112 ret,
278 1080 405 1107 mercede
418 1084 496 1114 pacta
507 1079 669 1107 conduxisse
680 1078 805 1106 Balaam?
821 1087 830 1104 ι
844 1078 922 1110 Veni,
934 1087 943 1103 ι
954 1077 998 1104 in—

204 1125 274 1160 quit,
297 1135 305 1151 ι
320 1130 347 1152 et
359 1125 474 1152 maledic
487 1125 589 1152 lsraeli.
603 1124 727 1159 Cumque
738 1124 877 1151 venissent
886 1123 976 1150 nuntii
990 1131 997 1149 :

205 1171 397 1203 Diversamini,
410 1181 418 1197 ι
433 1171 531 1206 inquit,
545 1181 553 1196 ‹
565 1171 609 1198 hie
617 1174 698 1198 nocte
707 1170 774 1203 hac;
788 1174 816 1198 et
828 1169 1000 1205 respondebo

205 1218 284 1245 vobis
296 1218 429 1253 quidquid
440 1218 539 1245 dixerit
547 1218 679 1245 Dominus
690 1217 723 1244 ad
733 1225 776 1245 me
786 1217 804 1244 ’⁸.
812 1227 820 1242 ι
834 1216 1001 1251 192Cum-

206 1270 259 1297 que
276 1263 373 1298 frigida
390 1267 418 1291 et
436 1272 451 1290 a
467 1263 609 1291 daemoniis
627 1263 748 1290 immissa
773 1263 879 1290 somnia
896 1269 1000 1297 quaere-

205 1314 257 1343 ret,
270 1315 297 1337 et
308 1318 368 1345 qua:
376 1318 408 1338 ex
422 1310 589 1338 carminibus
599 1314 627 1337 et
635 1309 746 1345 magicis
761 1309 866 1336 artibus
874 1309 926 1336 sibi
937 1316 1001 1336 eon-

205 1356 309 1390 tingere
321 1356 455 1387 solebant,
486 1359 638 1390 separaret,
657 1355 803 1382 Dominum
822 1354 890 1382 dixit
907 1362 1000 1381 secum

206 1395 362 1429 locuturum
376 1411 383 1428 ε
397 1402 481 1429 Deum
493 1402 566 1428 enim
578 1408 607 1428 se
628 1400 723 1428 audire
735 1401 888 1428 simulabat.
902 1400 1002 1434 Quam—

206 1447 248 1474 vis
260 1451 350 1474 autem
365 1455 449 1474 saera:
462 1447 573 1474 Litterae
585 1435 937 1474 consuetisincantatorum
952 1455 1001 1474 vo—

206 1493 286 1520 cibus
300 1498 421 1525 utantur,
439 1502 494 1521 non
509 1497 600 1521 tamen
623 1493 764 1528 sapienter
778 1493 1000 1521 existimabimus

206 1547 269 1566 eum
284 1539 331 1574 qui
348 1544 445 1567 natura
469 1544 498 1567 et
521 1547 587 1567 vere
603 1540 676 1566 Deus
692 1544 744 1572 est,
761 1539 837 1566 velut
853 1547 887 1566 ex
908 1538 1000 1566 chari-

1047 942 1188 978 τύραννος,
1201 941 1250 977 τὴν
1265 940 1486 975 ἁκαταγώνιστόν
1503 948 1532 966 τε
1550 939 1597 966 καὶ
1614 939 1768 974 ἄθραυστον
1789 937 1839 965 τοῦ

1054 988 1162 1024 Ἰσραὴλ
1174 987 1386 1023 κατορῤωδήσας
1401 986 1521 1021 πληθὺν,
1534 985 1581 1013 καὶ
1600 985 1700 1012 αὐτίκα
1713 984 1745 1020 δὴ
1763 984 1841 1019 μάλα

1048 1035 1105 1066 τοῖς
1120 1034 1222 1070 ἑτέροις
1235 1033 1324 1060 ἔθνεσι
1337 1031 1540 1059 συνδιόλλυσθαι
1554 1029 1755 1062 πεπιστευκὼς,
1772 1039 1841 1057 κατ-

1049 1080 1193 1115 ειιισθοῦτο
1205 1079 1250 1106 τὸν
1262 1079 1377 1114 Βαλαάμ
1390 1088 1397 1111 ;
1411 1087 1419 1104 ι
1431 1078 1515 1113 Δεῦρο
1529 1078 1570 1113 δὴ,
1581 1087 1589 1103 ι
1601 1077 1698 1112 λέγων,
1709 1086 1719 1102 ‹
1729 1076 1840 1111 ἐπάρα-

1050 1126 1095 1152 σαί
1108 1134 1152 1162 μοι
1168 1126 1214 1152 τὸν
1230 1125 1347 1161 Ἰσραήλ,
1356 1124 1465 1160 Ἐπειδὴ
1475 1123 1503 1150 δὲ
1514 1121 1580 1158 ἧκον
1593 1124 1616 1150 οί
1631 1122 1771 1158 πρέσϐεις·
1783 1122 1839 1148 Κα-

1049 1173 1182 1200 ταλύσατε
1198 1172 1291 1205 αὐτοῦ,
1306 1181 1314 1199 ι
1329 1172 1406 1207 φησὶ,
1428 1181 1437 1197 ‹
1447 1172 1496 1206 τὴν
1507 1170 1592 1197 νύκτα
1602 1191 1610 1203 ,
1625 1169 1672 1197 καὶ
1684 1169 1839 1205 ἀποκριθή-

1052 1228 1133 1256 σομαι
1147 1220 1212 1255 ὑμῖν
1225 1220 1341 1254 πρᾶγμα
1360 1218 1373 1244 ὂ
1384 1218 1432 1244 ἐὰν
1447 1217 1552 1253 λαλήσῃ
1566 1216 1668 1251 Κύριος
1685 1217 1754 1252 πρός
1767 1225 1813 1252 με.
1828 1226 1838 1242 ι

1057 1265 1209 1301 Ὀνειράτια
1225 1265 1253 1291 δὲ
1267 1264 1359 1300 ψυχρὰ
1375 1264 1423 1291 καὶ
1438 1263 1602 1299 δαιμονιώδη
1619 1262 1709 1298 ζητῶν
1719 1284 1727 1296 ,
1743 1263 1792 1290 καὶ
1808 1263 1839 1296 ἐξ

1052 1312 1158 1348 ἐπῳδῆς
1169 1311 1238 1347 τάχα
1251 1319 1302 1338 που
1318 1311 1364 1338 καὶ
1378 1310 1547 1346 μαγγανείας
1562 1309 1636 1345 αὐτῷ
1654 1309 1840 1345 συμϐαίνοντα

1052 1356 1221 1393 προσδοκῶν,
1243 1357 1346 1392 Κύριον
1369 1356 1421 1390 ἐφη
1438 1356 1565 1391 λαλήσειν
1583 1355 1666 1390 αὐτῷ·
1686 1354 1840 1381 θεοκλυτείν

1052 1405 1106 1438 γὰρ
1136 1403 1297 1438 ἐσκήπτετο.
1322 1402 1393 1428 Ἀλλ’
1421 1402 1445 1429 εἱ
1474 1402 1520 1428 καὶ
1543 1402 1604 1433 ταῖς
1631 1400 1759 1436 συνήθεσι
1787 1399 1850 1427 τῶν

1052 1450 1157 1485 γοήτων
1171 1450 1273 1484 φωναῖς
1292 1448 1322 1475 τὸ
1337 1448 1458 1484 Γράμμα
1472 1448 1572 1483 χρῆται
1588 1447 1618 1474 τὸ
1636 1447 1724 1483 ἱερὸν,
1739 1447 1789 1473 οὐκ
1803 1447 1835 1473 ἂν

1052 1493 1210 1529 οἰηθείημεν
1234 1493 1322 1529 ὀρθῶς
1343 1493 1521 1529 φρονοῦντες,
1544 1493 1610 1520 Θεὸν
1628 1493 1674 1519 τὸν
1692 1492 1772 1527 φύσει
1793 1493 1839 1519 καὶ

1053 1538 1162 1574 ἀληθῶς
1175 1539 1235 1570 ταῖς
1248 1539 1368 1574 βεϐήλων
1385 1538 1484 1565 ἐνιέναι
1492 1538 1591 1573 ψυχαῖς
1606 1538 1643 1569 ὡς
1654 1537 1683 1571 ἐξ
1690 1538 1802 1572 ἀγάπης
1809 1537 1839 1564 τὸ

208 1588 262 1611 tate
275 1583 450 1620 profanorum
463 1584 605 1612 hominum
622 1584 722 1612 animis
737 1584 886 1611 immittere
896 1583 996 1610 verita-

1051 1584 1212 1620 ἁληθὲς,καὶ
1225 1584 1301 1620 ἀνδρὶ
1317 1583 1434 1620 μυσαρῷ
1447 1585 1495 1611 καὶ
1508 1584 1588 1619 γόητι
1602 1583 1839 1620 καὶείδωλολάτρῃ

206 1632 273 1662 tem,
294 1632 322 1656 et
345 1637 407 1656 cum
421 1629 545 1657 homine
560 1629 785 1662 sceleratissimo,
808 1633 836 1656 et
858 1636 947 1664 mago,
969 1634 997 1656 et

207 1675 288 1702 idolis
296 1674 389 1703 dedito
401 1675 737 1711 eolloqui.Vernmtamen,
750 1686 758 1701 ι
770 1675 861 1707 Venit,
876 1685 885 1701 ›
897 1675 995 1711 inquit,

212 1731 221 1745 ο
240 1721 313 1749 Deus
324 1722 358 1748 ad
370 1721 490 1754 Balaam,
510 1726 538 1750 et
553 1722 623 1749 dixit
643 1722 682 1749 illi
698 1743 703 1748 .
721 1721 792 1754 Quid
807 1721 932 1748 homines
952 1721 996 1748 isti

208 1774 291 1802 penes
305 1771 330 1795 te
342 1767 371 1794 "2
385 1778 394 1793 ι
410 1768 503 1803 quue
514 1776 623 1796 causam
646 1768 780 1796 adventus
802 1775 898 1795 eorum
912 1776 996 1802 expo-

207 1819 291 1841 nente
305 1823 312 1840 :
329 1824 338 1839 ι
354 1813 436 1846 Dixit,
450 1824 459 1839 ι
472 1814 570 1849 inquit,
581 1824 589 1840 ι
604 1814 737 1842 Dominus
749 1814 857 1842 Balaam
873 1823 879 1840 :
892 1814 932 1841 Ne
951 1821 998 1841 eas

208 1865 271 1885 eum
283 1858 347 1891 illis,
362 1866 451 1894 neque
463 1859 612 1892 maledicas
624 1859 725 1894 populo
739 1868 745 1885 :
759 1863 801 1886 est
820 1859 894 1886 enim
913 1859 998 1886 bene-

209 1903 327 1931 dictus'.
345 1914 353 1929 ι
369 1904 438 1932 Ecce
448 1905 505 1940 jam
517 1908 609 1940 aperte
635 1905 732 1932 beatus
750 1905 863 1940 angelus
883 1913 917 1933 ex
933 1913 997 1940 per-

210 1957 275 1976 sona
291 1950 338 1977 Dei
353 1949 527 1985 deceptorem
550 1950 626 1978 illum
648 1954 729 1985 atque
757 1955 917 1986 nugatorem
938 1958 996 1978 ma-

210 2004 274 2028 {tum
287 1996 396 2028 avertit,
423 2004 457 2023 ne
470 1996 633 2023 maledicere
645 1996 744 2024 audeat
755 1996 793 2023 illi
810 1997 856 2031 qui
870 1997 906 2024 sit
918 2004 932 2023 a
943 1997 998 2023 Deo

212 2041 382 2073 benedictus,
395 2049 483 2076 neque
493 2041 592 2068 divinis
604 2041 724 2070 decretis
743 2046 862 2077 opponat
884 2041 997 2069 humani

209 2086 381 2121 infelicisque
394 2086 502 2113 consilii
514 2090 669 2113 commenta
683 2096 689 2113 ι
710 2095 764 2114 non
778 2087 852 2122 quod
876 2087 920 2114 illa
941 2095 997 2114 ma-

211 2132 323 2160 lcdictio
338 2131 445 2160 allicere
463 2132 565 2167 aliquid
583 2137 690 2167 posset;
718 2134 766 2160 sed
790 2138 820 2161 ut
845 2137 938 2168 aperte
966 2141 997 2161 ae

213 2177 366 2210 manifeste,
382 2178 428 2212 qui
442 2178 469 2205 in
487 2178 643 2213 hujusmodi
667 2186 744 2213 spem
761 2179 843 2206 stulte
863 2178 998 2206 adductus

211 2227 294 2256 esset,
317 2231 366 2258 per
382 2223 460 2250 illum
480 2231 589 2258 quoque
617 2223 716 2250 certior
747 2223 835 2256 fieret,
857 2232 997 2259 nunquam

1052 1630 1222 1666 προσλαλεῖν.
1238 1631 1321 1667 Πλὴν,
1340 1640 1349 1656 ‹
1367 1629 1464 1662 Ἦλθε,
1485 1640 1493 1656 i
1508 1630 1602 1665 φησὶν,
1619 1640 1629 1655 ι
1645 1631 1658 1656 6
1674 1630 1741 1662 Θεὸς
1768 1629 1836 1666 πρὸς

1051 1677 1175 1712 Βαλαὰμ,
1189 1678 1236 1704 καὶ
1248 1676 1323 1705 εἶπεν
1339 1677 1423 1713 αὐτῷ·
1438 1677 1471 1704 Τί
1485 1679 1510 1704 ol
1524 1677 1662 1714 ἄνθρωποι
1677 1675 1749 1704 οὗτοι
1766 1678 1840 1713 παρὰ

1052 1723 1107 1755 col;
1122 1733 1130 1749 ι
1144 1723 1198 1750 Τοῦ
1215 1723 1243 1750 δὲ
1258 1723 1307 1758 τῆς
1323 1723 1442 1758 ἀφίξεως
1453 1723 1501 1759 τὴν
1517 1723 1607 1750 αίτίαν
1622 1722 1836 1757 ἀπηγγελκότος,

1057 1778 1065 1794 ι
1083 1766 1162 1802 Εἷπε,
1182 1778 1190 1794 ι
1213 1768 1305 1804 φησὶν,
1321 1778 1330 1794 ‹
1349 1769 1363 1795 6
1375 1768 1441 1800 Θεὸς
1453 1769 1521 1805 πρὸς
1531 1768 1654 1803 Βαλαάμ·
1670 1768 1706 1795 Οὐ
1720 1768 1838 1804 πορεύσῃ

1053 1816 1110 1850 μετ’
1129 1814 1229 1846 αὐτῶν,
1249 1815 1303 1841 οὐδ’
1318 1815 1347 1841 ού
1365 1815 1402 1850 μὴ
1413 1815 1556 1850 καταράση
1569 1814 1614 1841 τὸν
1623 1815 1698 1841 λαόν·
1715 1814 1836 1850 ἔστιγὰρ

1052 1861 1149 1897 εύλογη
1156 1861 1244 1897 μένος.
1255 1871 1263 1887 ι
1274 1861 1339 1888 Ἰδοὺ
1349 1861 1380 1897 δὴ
1390 1861 1484 1896 σαφῶς
1494 1862 1525 1888 ἐκ
1538 1860 1684 1897 προσώπου
1701 1861 1749 1888 τοῦ
1759 1859 1835 1893 Θεοῦ,

1051 1909 1064 1934 6
1080 1908 1214 1943 μακάριος
1237 1907 1353 1942 ἄγγελος
1372 1907 1418 1934 τὸν
1439 1907 1587 1934 ἀπατεῶνα
1604 1907 1651 1934 καὶ
1663 1907 1835 1943 είκαιόμυθον

1051 1953 1201 1988 ἀποτρέπει
1230 1953 1318 1987 γόητα
1339 1952 1385 1979 τὸν
1409 1952 1592 1987 εὐλογημένον
1615 1952 1692 1987 παρὰ
1713 1951 1774 1987 Θεῷ
1800 1952 1834 1987 μὴ

1051 1998 1205 2035 ἐπαρᾶσθαι
1232 1999 1342 2033 ζητεῖν,
1371 1999 1438 2034 μηδὲ
1463 2000 1523 2030 ταῖς
1548 1997 1652 2025 ἄνωθεν
1680 1995 1836 2032 ὰντεξάγέιν

1051 2045 1152 2080 ψήφοις
1179 2044 1213 2071 τὰ
1235 2044 1265 2078 ἐξ
1289 2045 1465 2082 ἀνθρωπίνης
1497 2043 1658 2075 δυσὸουλίας
1687 2043 1834 2079 εὐρέματα,

1051 2090 1099 2125 οὐχ
1112 2088 1151 2121 ὡς
1166 2089 1216 2125 τῆς
1237 2090 1306 2124 ἀρᾶς
1323 2089 1468 2124 ἱσχυούσης
1485 2089 1597 2121 ἀδικεῖν,
1616 2088 1673 2115 ἀλλ’
1687 2089 1732 2115 ἵνα
1747 2088 1835 2123 σαφῶς

1051 2144 1080 2162 τε
1093 2135 1142 2162 καὶ
1164 2135 1286 2171 ἐναργῶς
1310 2136 1324 2162 ὁ
1345 2136 1394 2172 τὴν
1417 2135 1545 2171 τοιαύτην
1562 2135 1658 2162 ἐλπίδα
1676 2135 1835 2171 παραλόγως

1051 2181 1267 2217 είσδεδεγμένος,
1284 2181 1490 2218 πληροφοροῖτο,
1505 2181 1549 2209 καὶ
1569 2182 1600 2208 δι’
1617 2181 1710 2213 αὑτοῦ,
1721 2180 1761 2212 ὡς
1783 2180 1829 2207 οὐκ

1051 2228 1085 2255 ἂν
1105 2228 1210 2263 γένοιτό
1223 2237 1287 2255 ποτε
1304 2229 1463 2260 Μωαϐίταις
1476 2228 1492 2264 ἢ
1506 2228 1683 2264 Μαδιηναίοις
1698 2226 1832 2262 ἁλώσιμος

211 2270 268 2296 fore
286 2273 349 2300 uta
360 2268 486 2296 Moabitis
503 2269 545 2296 vel
558 2268 712 2296 Madianitis
724 2269 805 2296 Israel
827 2277 996 2305 expugnare-

1052 2274 1066 2300 6
1097 2274 1222 2310 Ἰσραὴλ,
1249 2274 1464 2310 προασπίζοντος
1495 2283 1525 2300 τε
1552 2274 1598 2301 καὶ
1624 2272 1834 2309 ύτιεραθλσῦντος

212 2320 266 2347 tur,
283 2315 327 2343 cui
348 2319 487 2349 protector
500 2321 573 2344 esset
600 2323 631 2342 ac
654 2320 838 2350 propugnator
857 2317 939 2349 Deus,
952 2316 998 2352 qui

212 2362 345 2396 populum
357 2361 533 2388 benedictum
546 2362 653 2397 sibique
671 2361 794 2389 deditum
814 2370 864 2389 sua
874 2362 999 2398 benigni-

200 2410 267 2446 |late
279 2405 407 2433 muniret.
422 2405 509 2440 Atque
527 2406 585 2434 haec
597 2407 707 2442 quidem
729 2407 826 2434 beatus
846 2408 959 2443 angelus
972 2412 999 2435 et

212 2453 291 2485 dixit,
304 2456 332 2479 et
340 2452 431 2479 facere
442 2453 581 2487 prtecepit.
593 2453 656 2486 Sed,
669 2459 845 2488 posteaquam
855 2450 998 2489 promissis

205 2493 376 2525 'muneribus
389 2497 422 2524 ad
434 2498 561 2526 eumdem
573 2499 616 2526 ille
630 2504 705 2528 vates
724 2501 831 2528 illectus
855 2504 906 2532 est,
926 2501 999 2535 quod

213 2545 329 2571 fortasse
343 2544 369 2571 id
384 2552 449 2571 vere
473 2552 502 2572 se
519 2546 708 2580 przestiturum
735 2548 905 2583 opinaretur,
926 2548 1001 2575 abire

214 2590 324 2624 quidem
338 2589 463 2624 permisit
480 2592 593 2626 angelus
605 2601 612 2626 ;
625 2593 672 2620 sed
697 2593 722 2620 in
735 2594 826 2622 media
839 2599 1002 2629 conspectus

215 2638 257 2662 est
283 2634 327 2662 via
339 2635 453 2670 fulgenti
474 2636 565 2671 gladio
589 2646 594 2663 :
620 2638 647 2665 in
661 2646 715 2673 quo
739 2639 882 2666 manifeste
907 2639 1001 2667 docuit

213 2688 288 2713 eum,
308 2681 331 2708 si
345 2682 507 2710 maledicere
528 2683 610 2710 vellet
629 2684 662 2711 iis
681 2685 727 2719 qui
747 2685 885 2713 benedicti
909 2690 998 2718 erant,

214 2726 315 2753 bellum
329 2731 356 2754 et
366 2727 498 2756 adversus
509 2729 605 2761 Deum,
622 2733 649 2756 et
667 2730 799 2758 adversus
811 2731 922 2766 angelos
939 2739 999 2758 sus-

215 2776 368 2806 capturum.
379 2773 557 2810 Posteaquam
568 2783 632 2802 vero
643 2775 674 2802 ad
685 2775 856 2804 Madianitnm
864 2777 999 2812 pervenit,

255 2862 264 2879 ⁵
280 2863 358 2891 Num.
382 2871 446 2897 xx",
460 2863 518 2891 6-8.
559 2866 568 2881 ~‘
581 2865 648 2892 ibid.
663 2865 688 2893 9.
728 2864 737 2880 ⁸
749 2865 817 2893 ibid.
833 2865 874 2894 l2.

1053 2319 1131 2354 Θεοῦ,
1149 2321 1196 2347 καὶ
1214 2321 1273 2353 ταῖς
1289 2321 1443 2356 εὐμενείαις
1463 2321 1679 2356 ἁνατειχίζοντος
1699 2319 1746 2346 τὸν
1766 2318 1834 2353 αύτῷ

1053 2366 1250 2401 προσκείμενον
1275 2366 1323 2393 καὶ
1344 2365 1524 2401 εὑλογηθέντα
1555 2365 1629 2392 λαόν.
1654 2363 1735 2391 Ἀλλὰ
1759 2364 1834 2390 ταυτὶ

1055 2411 1104 2445 μὲν
1120 2411 1134 2437 6
1155 2410 1300 2443 θεσπέσιος
1318 2411 1434 2446 ἄγγελος
1453 2411 1505 2446 ἐφη
1527 2419 1558 2438 τε
1575 2411 1622 2437 καὶ
1644 2410 1711 2446 δρᾷν
1735 2409 1832 2436 ἐνετέλ-

1053 2455 1123 2481 λετο·
1141 2455 1234 2491 ἐπειδὴ
1254 2455 1282 2482 δὲ
1295 2457 1355 2487 ταῖς
1365 2455 1419 2482 τῶν
1433 2455 1527 2492 δώρων
1542 2455 1721 2490 ὑποσχέσεσιν
1733 2453 1780 2480 ἐπί
1799 2452 1833 2488 τῷ

1053 2501 1153 2536 χρῆναι
1170 2501 1288 2536 βαδίζειν
1310 2501 1324 2527 6
1341 2502 1435 2537 μάντις
1448 2502 1612 2534 ἐδελεάζετο,
1637 2501 1707 2536 τάχα
1724 2508 1775 2527 που
1789 2499 1831 2526 καὶ

1053 2547 1160 2582 ἀληθῶς
1187 2547 1308 2583 ἰσχύσειν
1331 2548 1507 2583 ὑπειληφὼς,
1527 2548 1594 2575 ἰέναι
1619 2548 1668 2583 μὲν
1691 2546 1798 2581 ἐφίησιν
1819 2546 1831 2572 6

1055 2593 1186 2628 μακάριος
1203 2593 1335 2627 ἄγγελος,
1354 2594 1425 2621 κατὰ.
1446 2593 1532 2629 μέσην
1552 2594 1580 2620 δὲ
1610 2592 1688 2627 ὤφθη
1702 2592 1752 2627 τὴν
1769 2591 1829 2623 ὁδὸν,

1056 2639 1302 2676 συναστραπτούσῃ
1326 2640 1449 2675 ῥομφαίᾳ
1461 2659 1468 2671 ,
1486 2639 1620 2666 διδάσκων
1637 2637 1760 2673 ἐναργῶς
1773 2636 1806 2668 ὡς
1818 2636 1831 2662 δ

1054 2686 1170 2721 πόλεμος
1182 2685 1255 2721 αὐτῷ
1268 2685 1337 2721 πρός
1362 2694 1392 2712 τε
1404 2685 1469 2711 Θεὸν
1485 2684 1532 2711 καὶ
1544 2684 1684 2718 ἀγγέλους,
1697 2683 1721 2708 εί
1736 2682 1831 2717 ἐπαρᾶ-

1056 2732 1116 2758 σθαι
1133 2732 1254 2768 βούλοιτο
1266 2733 1328 2764 τοὺς
1342 2731 1550 2767 εὐλογημένους.
1575 2730 1684 2766 Ἐπειδὴ
1696 2729 1725 2756 δὲ
1741 2729 1830 2762 ἀφῖκτο

1055 2778 1121 2814 πρὸς
1153 2778 1197 2806 τὸν
1227 2778 1409 2815 Μαδιηναῖον,
1436 2778 1543 2814 βωμοὺς
1573 2777 1622 2813 μὲν
1649 2775 1762 2811 ἀνί-στηι
1787 2774 1828 2802 311‘-
