1934 3042
249 159 262 166 ν

59 169 106 198 ιιι

415 170 459 197 DE
479 169 700 198 ADOBATIONE
718 170 752 199 ΙΝ
772 169 907 198 SPIRITU
927 171 972 198 ΕΤ
994 171 1177 200 VERITATE.
1194 170 1260 200 LIB.
1282 172 1325 200 γι,

1640 164 1693 201 με

60 228 204 264 βουθυτεῖν
224 228 344 255 ἐκέλευε·
371 229 514 264 προφήτης
536 229 565 256 δὲ
586 226 620 265 ἦν
647 229 748 261 εὐθὺς,
769 229 818 265 οὐχ
839 229 853 256 ὁ

916 238 965 257 iras
976 231 1121 264 exstruxit,
1137 235 1165 258 et
1177 230 1261 258 boves
1273 231 1418 260 immolare
1434 231 1527 266 jussit,
1547 231 1694 266 propheta-

60 273 200 310 συνήθης,
218 275 267 301 καὶ
284 273 470 309 ψευδηγόρος,
485 274 553 301 ἀλλὰ
575 274 634 310 θείᾳ
648 283 678 301 τε
696 275 744 301 καὶ
764 275 853 310 ἀπορ-

60 322 137 357 ρήτῳ
160 320 277 357 δυνάμει
305 321 492 357 παρετρέπετο
516 321 582 356 παρ’
607 320 702 347 ἐλπίδα
733 320 802 356 πρὸς
823 321 854 347 τὸ

59 367 196 394 ἐναντίον.
225 367 364 403 Ἐπηρᾶτο
389 367 437 403 μὲν
456 367 511 402 γὰρ
527 366 671 403 οὐδαμῶς,
694 366 806 404 ηὐλόγει
825 366 854 393 δὲ

61 414 165 449 μᾶλλον
185 414 233 441 τὸν
252 414 377 450 Ἰσραὴλ,
394 415 441 442 καὶ
454 415 567 450 πικραῖς
584 414 672 449 ἐνίησι
696 413 795 446 λύπαις
809 413 854 440 τὸν

59 461 167 488 Βαλὰκ.
181 461 338 497 Γέγραπται
353 461 381 488 δὲ
396 461 494 493 οὕτως’
509 461 551 488 ὃτι
569 471 578 487 ι
603 460 748 496 Ἐθυμώθη
762 460 855 487 Βαλὰκ

59 507 109 545 καὶ
128 507 313 542 συνεκρότησε
327 508 386 539 ταῖς
408 508 502 543 χερσὶν
517 507 610 539 αὑτοῦ,
624 507 672 534 καὶ
687 505 747 533 εἷπε
762 505 856 533 Βαλὰκ

60 550 132 585 πρὸς
175 551 301 587 Βαλαάμ·
338 552 554 588 Καταράσασθαι
584 551 629 579 τὸν
665 552 762 587 ἐχθρόν
803 559 855 586 μου

60 597 189 633 κέκληκά
212 606 258 629 σε,
282 598 329 624 καὶ
357 598 412 624 ἰδοὺ
439 597 561 632 εὐλογῶν
592 597 747 633 ηὐλόγησας
769 597 856 633 τούτῳ

61 644 160 678 τρίτῳ.
178 644 234 670 Καὶ
248 642 308 670 εἶπε
324 643 438 678 Βαλαὰμ
453 644 522 679 προς
536 644 637 670 Βαλάκ’
657 644 723 678 Οὐχὶ
738 644 784 670 καὶ
798 644 856 675 τοῖς

61 689 194 723 ἀγγέλοις
220 698 267 716 σου
287 686 327 720 οἷς
349 688 510 720 ἀπέστειλας
527 689 596 724 πρός
616 698 650 724 με
670 689 802 724 ἐλάλησα,
813 689 857 716 λέ-

61 743 131 771 γων⁹
172 737 235 763 Ἐὰν
261 744 305 772 μοι
330 735 368 771 δῷ
385 735 475 762 Βαλὰκ
504 735 594 770 πλήρη
616 736 661 762 τὸν
679 732 755 762 οἷκον
772 735 855 762 αὐτοῦ

61 783 199 819 ἀργυρίου
217 783 263 810 καὶ
278 782 391 818 χρυσίου
402 802 409 813 ,
433 783 464 808 οὺ
483 782 635 817 δυνήσομαι
649 781 807 816 παραϐῆναι
826 781 857 807 τὸ

63 830 144 865 ῥῆμα
170 829 273 864 Κυρίου
296 828 408 863 ποιῆσαι
434 828 499 854 αὐτὸ
522 827 604 854 καλὸν
624 827 641 862 ἢ
658 826 776 862 πονηρὸν
791 826 855 861 παρ’

63 873 181 906 έαυτοῦ;
199 875 249 900 ὅσα
269 873 302 900 ἂν
324 872 388 908 εἴπῃ
409 881 454 907 μοι
479 871 557 904 Θεὸς,
571 871 657 898 ταῦτα
673 872 738 907 ὲρῶ.
759 880 768 896 ι
786 871 855 897 Σύν-

65 920 131 956 ηθες
151 920 202 956 μὲν
224 917 270 947 οὖν
297 920 354 950 τοῖς
381 918 597 954 ψευδομάντεσι,
623 918 671 945 καὶ
685 918 746 947 ταῖς
772 917 858 948 οὕτως

65 965 222 1000 ἀπατηλαῖς
255 963 408 1000 κεχρῆσθαι
443 964 564 998 φωναῖς,
594 961 791 997 σκεπτομένοις
817 961 858 988 ὅτι

66 1013 158 1048 πάντη
176 1021 206 1038 τε
223 1012 271 1038 καὶ
294 1011 403 1042 πάντως
423 1012 479 1042 τοῖς
494 1009 685 1045 φιλοπευστείν
710 1008 857 1039 ἐθέλουσιν,

66 1058 160 1093 ἐροῦσι
175 1057 207 1084 τὸ
224 1057 334 1092 ἀληθές.
351 1056 433 1088 Σύνες
448 1055 476 1082 δὲ
492 1056 533 1082 ὅτι
549 1054 579 1082 τὸ
604 1055 685 1089 φάναι
700 1054 730 1080 τὸ
745 1054 859 1089 ἀτρεκὲς

66 1104 208 1139 ἀλλότριον
225 1103 275 1138 τῆς
289 1101 415 1130 ὲπαοιδοῦ
434 1110 464 1128 τε
487 1102 534 1128 καὶ
547 1101 636 1136 μάγου
652 1100 758 1135 τέχνης⁴
775 1107 860 1134 προσ-

66 1150 175 1184 γένοιτο
199 1149 221 1176 δ¹
248 1150 280 1176 ἂν
296 1148 353 1175 ἐσθ’
376 1149 421 1175 ὅτε
443 1147 518 1181 παρά
534 1147 601 1173 Θεοῦ
626 1147 673 1173 ἐπὶ
685 1145 725 1180 τῷ
744 1145 793 1177 τὰς
805 1145 859 1172 τῶν

69 1195 193 1231 βεϐήλων
209 1195 307 1230 ψυχὰς,
322 1196 355 1230 τῇ
371 1194 424 1221 τῶν
439 1192 576 1229 ἐσομένων
592 1190 790 1228 προαγορεύσει
806 1191 860 1217 δει-

67 1243 122 1275 νῶς
139 1240 382 1277 κατακομίζοντος.

98 1287 210 1323 ΠΑΛΛ.
229 1286 373 1320 Πείοομαι.

105 1333 191 1360 ΚΥΡ.
209 1333 270 1359 Ὀτι
288 1331 342 1367 γὰρ
361 1330 498 1367 μεμίσηκε
518 1330 566 1357 καὶ
583 1327 718 1362 παραλύει
732 1326 798 1359 Θεὸς
812 1327 862 1359 τὰς

69 1379 197 1410 τοιαύτας
217 1379 298 1413 ἥτουν
312 1377 440 1413 γοητείας
455 1377 500 1403 καὶ
513 1374 712 1410 εἰκαιομυθίας,
728 1374 812 1408 σαφὲς
829 1373 861 1400 ἂν

71 1425 178 1460 γένοιτο
203 1424 331 1458 λέγοντος
351 1422 447 1449 αὑτοῦ·
469 1431 478 1448 ι
497 1422 567 1455 Ἐγὼ
593 1421 695 1456 Κύριος
720 1421 734 1446 ό
756 1419 836 1450 Θεός*
849 1428 858 1445 ι

71 1471 118 1498 καὶ
135 1469 249 1505 προσέτι
276 1468 395 1500 τούτοις·
416 1467 484 1498 «Τίς
501 1467 594 1502 ἕτερος
614 1465 786 1492 διασκεδάσει
812 1473 861 1499 ση-

839 1486 845 1499 Δ

73 1519 136 1552 μεῖα
151 1514 380 1551 ἐγγαστριμύθων
393 1514 439 1540 καὶ
455 1513 504 1545 τὰς
525 1512 654 1548 μαντείας
672 1511 726 1538 ἀπὸ
736 1511 860 1546 καρδίας,

875 902 895 930 Β

905 282 958 310 que
968 276 1024 311 jam
1035 275 1124 304 factus
1137 279 1189 308 est,
1202 283 1258 303 non
1269 275 1357 311 qualis
1368 280 1431 304 ante
1455 276 1571 309 solebat,
1595 277 1692 309 lalsus,

905 322 954 350 sed
965 323 992 350 vi
1004 322 1096 350 divina
1103 327 1131 350 et
1142 322 1273 349 ineffabili
1286 328 1386 358 praeter
1398 330 1473 358 spem
1487 323 1514 350 in
1523 323 1694 350 contrarium

905 373 947 397 est
959 377 1117 397 conversus.
1140 369 1201 396 Non
1227 369 1300 396 enim
1317 368 1470 401 maledixit,
1494 369 1541 396 sed
1553 369 1695 396 benedixit

905 415 997 450 potius
1008 415 1111 448 Israeli,
1125 419 1152 442 et
1166 415 1194 442 in
1208 415 1322 442 acerbos
1342 415 1452 442 dolores
1464 415 1580 450 conjecit
1604 415 1693 444 Baiae.

906 461 952 489 Sic
973 469 1091 496 namque
1110 462 1243 496 scriptum
1255 465 1315 488 est:
1338 470 1346 486 ι
1370 461 1529 496 Indignatus
1549 467 1592 489 est
1616 456 1711 489 Balac-

906 506 1039 534 adversus
1049 506 1168 538 Balaam,
1178 511 1205 534 et
1217 506 1362 541 complosit
1375 514 1471 533 manus
1485 514 1559 539 suas,
1573 511 1601 534 et
1626 507 1696 534 dixit

906 552 985 580 Baiae
996 553 1029 580 ad
1041 553 1150 580 Balaam
1164 562 1170 579 :
1185 553 1220 581 Ut
1233 553 1412 580 malediceres
1437 553 1549 580 inimico
1569 561 1631 580 meo
1649 561 1696 581 vo-

907 599 1135 632 cavite;eteece
1144 599 1309 626 benedicens
1332 599 1497 626 benedixisti
1516 606 1580 626 eum
1602 599 1694 626 tertio.

906 646 940 673 Et
948 645 1016 672 dixit
1028 646 1137 674 Balaam
1150 645 1184 672 ad
1196 645 1275 672 Baiae
1288 654 1295 672 τ
1307 645 1403 672 Nonne
1415 645 1497 672 etiam
1511 645 1616 672 nuntiis
1630 645 1694 676 tuis,

907 700 976 727 quos
1003 692 1102 719 misisti
1122 692 1155 719 ad
1179 700 1233 723 me,
1247 692 1356 719 locutus
1369 699 1428 718 sum
1442 691 1538 718 dicens
1556 699 1562 716 :
1581 690 1609 717 Si
1629 690 1696 717 mihi

910 738 987 773 193
997 738 1105 766 dederit
1117 738 1197 765 Balac
1209 738 1319 773 plenam
1331 738 1443 765 domum
1456 744 1533 764 suam
1547 740 1660 771 argento
1669 740 1697 763 el;

907 793 986 816 auro,
1007 788 1164 818 nonpotero
1177 784 1317 819 praeterire
1342 784 1456 810 verbum
1479 782 1597 814 Domini,
1618 781 1718 809 utfa--

908 829 976 857 ciam
989 828 1039 864 ipsi
1053 828 1156 856 bonum
1168 833 1216 855 aut
1234 827 1336 855 malum
1353 835 1368 855 a
1381 835 1423 854 me
1437 828 1516 862 ipso?
1528 835 1698 862 qurecunque

909 874 1009 902 dixerit
1035 874 1103 901 mihi
1125 874 1208 906 Deus,
1228 873 1287 901 haec
1314 873 1435 900 dicam’.
1458 882 1466 898 ι
1490 872 1699 900 Consueverunt

910 921 984 949 enim
1004 921 1064 948 falsi
1082 920 1250 947 divinatores
1265 919 1298 946 iis
1310 927 1420 955 quoque
1432 919 1576 946 fallacibus
1591 919 1629 946 uti
1648 927 1698 946 vo-

909 967 996 1000 cibus,
1017 975 1048 995 ac
1061 967 1190 994 simulare
1207 974 1236 993 se
1250 965 1455 993 sciscitantibus
1470 973 1565 993 verum
1587 965 1699 992 omnino

910 1022 1100 1050 responsuros.
1130 1014 1176 1042 Sic
1201 1013 1283 1049 igitur
1309 1013 1419 1046 habeto,
1432 1021 1528 1040 verum
1540 1012 1699 1047 loqui,esse

909 1062 943 1089 ab
953 1062 1155 1089 incantatorum
1178 1066 1206 1089 et
1214 1068 1356 1096 magorum
1365 1065 1423 1087 arte
1432 1067 1546 1095 prorsus
1557 1059 1694 1086 alienum:

910 1108 969 1136 ﬁeri
983 1113 1075 1135 autem
1097 1107 1235 1135 interdum
1248 1112 1304 1134 uta
1321 1107 1376 1134 Deo
1393 1106 1495 1133 veritas
1523 1105 1698 1140 adjungatur,

910 1154 1120 1182 utnefariorum
1141 1153 1283 1181 hominum
1304 1152 1388 1180 animi
1405 1151 1582 1187 pnedictione
1607 1157 1700 1178 rerum

910 1201 1064 1229 futurarum
1077 1201 1255 1228 vehementer
1269 1203 1397 1234 _2estuent.

946 1290 1044 1318 PALL.
1056 1290 1208 1318 Assentior.

946 1337 1024 1365 CYR.
1038 1337 1105 1364 Nam
1125 1336 1215 1363 odisse
1234 1336 1319 1362 Deum
1338 1333 1494 1369 hujusmodi
1513 1333 1570 1360 sive
1582 1332 1702 1368 magicas

912 1383 1068 1418 disciplinas
1078 1403 1084 1414 ,
1098 1382 1155 1409 sive
1168 1385 1270 1409 temere
1287 1380 1361 1407 fusas
1372 1386 1462 1410 voces,
1482 1385 1583 1412 easque
1602 1376 1702 1404 dissol-

912 1438 988 1462 vere,
1010 1429 1115 1464 liquere
1134 1428 1236 1463 poterit
1258 1435 1292 1455 ex
1311 1427 1370 1460 ejus
1391 1425 1495 1456 verbis,
1517 1431 1580 1451 cum
1604 1423 1672 1450 dicit
1693 1431 1701 1450 ε

916 1486 925 1503 ‹
945 1476 1001 1511 Ego
1019 1475 1152 1502 Dominus
1173 1474 1245 1501 Deus
1263 1474 1291 1506 ';
1314 1482 1323 1498 ι
1342 1476 1370 1499 et
1395 1471 1428 1498 ad
1455 1471 1512 1498 hate
1533 1474 1664 1505 prmterea
1694 1477 1702 1494 :

917 1532 926 1548 ι
941 1522 1008 1555 Quis
1019 1521 1089 1549 alius
1101 1519 1246 1554 dissipabit
1264 1518 1339 1553 signa
1363 1517 1525 1552 pythonum,
1546 1518 1574 1542 et
1596 1513 1703 1541 divina-

72 1563 256 1598 ἀποστρέφων
268 1561 415 1597 φρονίμους
426 1561 466 1592 εις
479 1560 512 1586 τὰ
522 1559 620 1591 ὀπίσω,
639 1558 687 1585 καὶ
697 1559 748 1589 τὴν
765 1557 862 1593 βουλὴν

916 1568 1003 1596 tiones
1015 1567 1048 1594 de
1060 1566 1153 1598 corde,
1166 1568 1331 1593 convertens
1339 1562 1489 1598 prudentes
1503 1565 1666 1590 retrorsum,
1676 1561 1705 1586 et

73 1611 163 1638 αὐτῶν
188 1608 330 1645 μωρεύων,
351 1607 398 1634 καὶ
419 1606 500 1634 ἱστῶν
527 1606 636 1641 ῥήματα
664 1605 758 1636 παιδὸς
780 1604 862 1630 αὑτοῦ

74 1657 120 1684 καὶ
148 1657 198 1692 τὴν
226 1654 323 1692 βουλὴν
346 1654 399 1680 τῶν
419 1653 543 1688 ἀγγέλων
568 1650 652 1688 αὐτοῦ
676 1650 815 1686 ἀληθεύων
829 1659 836 1683 ;
851 1659 860 1675 ι

74 1704 216 1735 Μαντείας
232 1703 280 1738 μὲν
298 1702 351 1738 γὰρ
373 1699 423 1732 τὰς
438 1700 492 1727 ἀπὸ
515 1700 640 1736 καρδίας,
655 1698 756 1728 ἑώλους
772 1705 802 1723 τε
818 1696 865 1723 καὶ

75 1750 235 1786 ψευδοεπεῐς
261 1748 423 1783 ἀποφαίνει·
451 1746 498 1773 τοῦ
522 1754 554 1780 γε
584 1745 638 1781 μὴν
667 1744 732 1771 ἰδίου
760 1742 863 1774 παιδὸς,

75 1797 201 1824 τουτέστι
217 1794 346 1831 Χριστοῦ,
363 1794 452 1821 πάντα
471 1792 521 1828 μὲν
546 1792 637 1826 ἵστησι
662 1790 758 1824 λόγον·
771 1789 821 1825 τὴν
837 1788 865 1814 δὲ

77 1842 176 1878 βουλὴν
199 1841 254 1868 τῶν
280 1840 402 1874 ἀγγέλων
424 1838 518 1870 αὐτοῦ,
539 1836 688 1869 τουτέστιν,
703 1835 721 1863 ἃ
749 1834 782 1862 ἂν
802 1833 865 1870 βού-

75 1889 164 1915 λοιντο
180 1887 282 1918 λαλεῖν,
308 1887 332 1912 οί
355 1886 405 1921 τῆς
429 1885 472 1912 ὲπ⁴
495 1884 576 1911 αὑτοῦ
602 1883 720 1914 πίστεως
735 1882 865 1917 κήρυκες,

75 1934 164 1960 ταῦτα.
179 1932 207 1959 δὲ
222 1932 309 1959 πάντα
325 1931 452 1966 ἀληθείας
467 1930 577 1965 ἕμπλεω
592 1928 718 1959 δεικνύει,
743 1927 866 1962 σημείοις

76 1989 104 2007 τε
121 1979 169 2006 καὶ
194 1978 290 2014 τέρασι
314 1976 545 2013 προσμαρτυρῶν,
564 1975 610 2002 καὶ
630 1976 690 2006 ταῖς
707 1973 803 2004 ἄλλαις
818 1971 866 1998 τοῦ

81 2025 243 2060 Πνεύματος
258 2023 420 2059 ἐνεργείαις.
440 2023 512 2057 Ἕᾳη
527 2022 555 2048 δέ
572 2030 624 2047 που
636 2021 728 2053 πάλιν,
743 2027 866 2046 κατονει-

77 2072 158 2104 δίζων
172 2071 230 2098 τισὶ
253 2071 288 2098 τὰ
314 2070 381 2097 Θεοῦ
397 2070 473 2105 νόμῳ
492 2067 741 2103 κεκιϐδηλευμένα·
762 2075 771 2092 ι
786 2064 867 2101 Στῆθι

77 2120 168 2146 τοίνυν
183 2119 212 2145 ὲν
227 2119 286 2149 ταῖς
303 2116 440 2147 ἐπαοιδαῖς
463 2124 521 2151 σου,
540 2114 588 2141 καὶ
608 2115 640 2149 τῇ
657 2112 739 2148 πολλῇ
756 2119 868 2147 φαρμα-

78 2166 141 2201 κείᾳ
164 2174 223 2196 σου,
240 2164 258 2191 ἃ
277 2163 427 2199 ἐμάνθανες
441 2163 473 2188 ὲκ
493 2160 618 2196 νεότητός
646 2168 704 2189 σου,
721 2159 744 2185 εἰ
767 2158 868 2192 δυνήσῃ

79 2210 270 2246 ὠφεληθῆναι·
289 2208 457 2239 κεκοπίακας
472 2208 501 2234 ὲν
516 2207 575 2238 ταῖς
599 2205 705 2241 βουλαῖς
729 2213 786 2236 σου,
806 2203 870 2238 στή-

80 2266 170 2285 τωσαν
187 2257 235 2283 καὶ
254 2255 417 2282 σωσάτωσάν
433 2263 462 2280 σε
473 2254 498 2280 οἱ
512 2252 670 2288 ἀστρολόγοι
683 2250 729 2278 τοῦ
743 2249 870 2285 οὐρανοῦ,
887 2248 908 2275 D

81 2304 105 2330 οἱ
134 2302 254 2338 ὁρῶντες
272 2301 335 2332 τοὺς
351 2300 479 2334 ἀστέρας,
499 2296 737 2332 ἀναγγειλάτωσὰν
761 2303 801 2321 σοι
818 2295 832 2321 ὅ
843 2303 868 2321 τι

83 2351 176 2387 μέλλει
197 2350 244 2377 ἐπὶ
269 2348 299 2375 σὲ
327 2347 483 2383 ἔρχεσθαι.)
510 2347 594 2383 Ὁρᾷς
622 2342 668 2372 οὖν
690 2344 727 2375 ὼς
753 2343 869 2377 γέλωτος

83 2395 161 2428 ἀξίαν
186 2395 234 2421 καὶ
259 2393 384 2427 ἀνωφελῆ
410 2391 549 2422 παντελῶς
558 2390 607 2426 τὴν
623 2389 760 2424 ἐπάρατον
773 2389 870 2424 ἀστρο-

83 2441 211 2476 γοητείαν
238 2439 383 2474 ἀπελέγχει
402 2438 477 2470 Θεός.
498 2438 559 2464 Ὅτι
582 2437 610 2463 δὲ
625 2436 707 2462 πάλιν
723 2435 824 2470 πρέποι
835 2430 871 2461 ¹ιῖιν

84 2487 156 2522 αὐτῷ
172 2487 220 2514 καὶ
237 2486 309 2522 μόνῳ
329 2485 359 2512 τὸ
375 2484 519 2520 νημερτὲς,
545 2482 593 2510 καὶ
608 2483 637 2509 τὺ
649 2483 756 2516 ἕτοιμον
776 2482 816 2513 είς
830 2480 873 2507 λό-

84 2540 149 2567 γους
167 2533 231 2563 τοὺς
248 2532 313 2567 περὶ
332 2531 385 2558 τῶν
401 2529 510 2557 ἔσεσθαι
527 2528 760 2564 προσδοκωμένων
782 2527 872 2554 ἀπλα-

85 2579 149 2611 νῶς,
168 2578 251 2605 ἄκουε
267 2577 392 2611 λέγοντος
404 2576 447 2603 διὰ
459 2576 552 2611 φωνῆς
571 2575 683 2603 Ἡσαΐου
694 2583 702 2590 ’
721 2585 730 2600 ι
744 2573 874 2609 Μνήσοη-

85 2635 115 2653 τε
129 2625 227 2658 ταῦτα,
243 2625 290 2652 καὶ
303 2624 447 2656 στενάξατε
459 2632 466 2639 ν
482 2623 677 2660 μετανοήσατε,
694 2623 718 2649 οἱ
733 2621 873 2656 πεπλανη-

89 2673 174 2706 μένοι,
200 2671 384 2707 ἐπιστρέψατε
404 2672 438 2706 τῇ
466 2671 575 2706 καρδίᾳ,
605 2671 652 2697 καὶ
684 2669 821 2705 μνήσθητε
839 2668 874 2695 τὰ

89 2719 208 2754 πρότερα
223 2717 332 2744 ἀπὸτοῦ
346 2717 444 2748 αἰῶνος
454 2725 460 2732 ·
475 2717 516 2744 ὅτι
531 2716 585 2750 ἐγὼ
602 2718 659 2751 εἰμι
677 2716 752 2748 Θεὸς,
766 2715 811 2742 καὶ
823 2715 875 2750 οὐκ

89 2765 161 2792 εστιν
179 2763 249 2799 πλὴν
274 2761 357 2798 ἐμοῦ·
374 2762 548 2796 ἀναγγέλλων
568 2762 698 2797 πρότερον
715 2761 748 2787 τὰ
772 2760 875 2795 ἔσχατα

91 2813 152 2846 πρὶν
166 2810 238 2838 αὐτὰ
248 2808 386 2844 γενέσθαι,
403 2809 447 2835 καὶ
460 2809 516 2844 ’ἅμα
531 2807 718 2842 συνετελέσθη.
732 2807 786 2834 Καὶ
799 2805 873 2834 εἶπα·

129 2900 227 2928 ⁷Νιιηι.
244 2908 314 2933 xxrv,
335 2900 421 2927 10-15.

461 2901 470 2915 ⁸
483 2900 532 2928 lsa.
547 2908 616 2932 thv,
630 2899 673 2927 ill.
713 2900 722 2915 ⁵
737 2899 802 2927 ibid.
816 2899 861 2927 25.

916 1613 1062 1641 consilium
1084 1619 1181 1639 eorum
1203 1603 1317 1637 stultum
1346 1607 1469 1636 faciens?
1496 1611 1524 1634 et
1539 1605 1706 1633 conﬁrmans

916 1661 999 1688 verba
1018 1660 1096 1695 pueri
1118 1659 1174 1691 sui,
1187 1663 1215 1686 et
1234 1657 1397 1690 sententiam
1414 1656 1574 1683 nuntiorum
1592 1661 1705 1681 suorum

916 1714 1007 1734 veram
1023 1705 1205 1740 comprobans
1216 1704 1248 1730 '?
1263 1714 1272 1728 ›
1288 1702 1475 1730 Divinationes
1487 1701 1561 1728 enim
1573 1700 1607 1728 de
1622 1699 1706 1727 corde

914 1754 1030 1788 jactatas
1041 1759 1125 1778 vanas
1145 1759 1176 1778 ae
1185 1749 1330 1777 mendaces
1341 1748 1478 1780 ostendit;
1489 1747 1536 1774 sed
1554 1746 1632 1782 pueri
1651 1746 1704 1778 sui,

917 1798 944 1825 id
957 1802 1007 1829 est,
1020 1796 1134 1828 Christi,
1147 1795 1237 1822 omnia
1255 1794 1339 1821 verba
1357 1792 1501 1820 conﬁrmat
1517 1800 1524 1817 :
1543 1790 1706 1818 sententiam

917 1853 1000 1880 porro
1012 1843 1172 1871 nuntiorum
1184 1848 1308 1872 suorum,
1329 1839 1355 1866 id
1368 1843 1459 1866 autem
1471 1842 1522 1870 est,
1537 1843 1707 1872 quaecunque

917 1891 1054 1919 voluerint
1071 1889 1146 1924 loqui
1167 1888 1240 1920 ﬁdei,
1254 1894 1314 1921 quae
1327 1886 1354 1912 in
1373 1893 1436 1912 eum
1455 1883 1583 1915 habetur,
1601 1889 1707 1917 praeco:

918 1945 976 1969 nes,
994 1936 1053 1964 baac
1070 1935 1183 1963 omnino
1201 1933 1326 1961 veritatis
1348 1939 1407 1959 esse
1424 1930 1504 1966 plena
1519 1929 1706 1959 demonstrat,

918 1989 980 2009 eum
992 1981 1047 2008 illis
1059 1980 1144 2015 signis
1160 1983 1242 2013 atque
1259 1975 1394 2012 prodigiis
1419 1978 1575 2004 altestetur,
1599 1976 1627 1998 et
1646 1970 1708 1997 aliis

919 2027 1037 2062 Spiritus
1055 2026 1140 2053 sancti
1166 2023 1380 2060 operationibus.
1404 2021 1478 2048 Dixit
1494 2019 1575 2047 etiam
1601 2024 1707 2048 rursus,

919 2081 982 2102 cum
1002 2072 1167 2108 quibusdam
1186 2071 1255 2098 facta
1282 2077 1342 2104 quae
1358 2068 1408 2095 Dei
1428 2067 1487 2102 lege
1505 2065 1707 2100 improbantur.

919 2120 1096 2156 exprobraret
1112 2128 1118 2146 :
1136 2129 1144 2144 ι
1165 2118 1210 2145 Sta
1225 2117 1305 2152 igitur
1316 2116 1343 2142 in
1362 2112 1594 2142 incantationibus
1607 2111 1669 2141 tuis,
1682 2113 1710 2136 et

921 2167 948 2194 in
966 2165 1060 2193 multis
1075 2163 1215 2192 veneﬁciis
1234 2163 1299 2192 tuis,
1324 2168 1385 2196 quae
1396 2159 1516 2187 didicisti
1535 2158 1705 2192 ajuventute

922 2217 967 2240 tua
980 2221 987 2245 ;
999 2212 1021 2239 si
1039 2211 1143 2246 poteris
1160 2209 1251 2246 juvari
1266 2218 1274 2242 -,
1296 2207 1426 2235 laborasti
1441 2206 1469 2233 in
1492 2204 1612 2232 consiliis
1634 2202 1686 2229 tuis
1701 2210 1708 2227 :

923 2263 995 2287 stent
1006 2261 1034 2285 et
1046 2257 1152 2285 salvent
1164 2260 1190 2283 te
1213 2253 1341 2288 astrologi
1357 2252 1429 2284 coeli,
1454 2251 1502 2286 qui
1519 2247 1710 2283 contemplan-

923 2309 967 2333 tur
980 2303 1090 2336 stellas;
1107 2301 1272 2330 annunticnt
1291 2299 1341 2326 tibi
1368 2297 1434 2333 quid
1457 2300 1603 2324 venturum
1625 2293 1660 2320 sit
1681 2292 1709 2318 in

923 2355 950 2379 te
966 2351 998 2377 ¹⁰.
1023 2360 1031 2376 ι
1043 2349 1126 2377 Vides
1140 2348 1222 2383 igitur
1242 2345 1378 2381 quomodo
1396 2343 1451 2370 risu
1471 2342 1579 2376 dignam
1595 2344 1622 2367 et
1632 2345 1711 2374 pror-

922 2402 969 2422 sus
986 2393 1121 2423 inutilem,
1146 2382 1220 2417 illam
1235 2387 1434 2416 exsecrabilem
1457 2393 1490 2412 ex
1505 2388 1642 2411 astrorum
1662 2382 1710 2408 ob-

923 2439 1077 2468 servatione
1090 2435 1285 2464 divinationem
1300 2431 1423 2467 coarguit
1443 2430 1525 2457 Deus.
1539 2428 1593 2463 Ipsi
1606 2434 1670 2454 vero
1683 2430 1711 2453 et

923 2485 1034 2520 quidem
1047 2483 1097 2511 soli
1111 2481 1258 2510 convenire
1279 2479 1434 2519 veritatem,
1456 2483 1510 2511 qua
1526 2474 1711 2510 praedicuntur

924 2540 955 2560 ea
979 2539 1039 2566 quae
1058 2534 1132 2557 certo
1152 2531 1285 2556 eventura
1305 2528 1460 2560 sperantur,
1481 2530 1515 2550 ex
1541 2528 1574 2548 eo
1595 2526 1710 2555 agnosce

924 2564 996 2612 quod
1021 2584 1070 2611 per
1088 2574 1163 2602 Isaiae
1181 2579 1276 2600 vocem
1303 2570 1424 2606 loquitur
1450 2578 1456 2595 :
1481 2578 1490 2594 ι
1517 2564 1710 2595 Recordamini

925 2624 1033 2655 horum,
1049 2626 1077 2649 et
1089 2619 1275 2657 ingemiscite;
1295 2617 1484 2654 paenitentiam
1506 2615 1587 2650 agite,
1606 2613 1653 2648 qui
1665 2620 1712 2640 er—

925 2670 1008 2702 ratis;
1022 2666 1215 2696 convertimini
1233 2665 1327 2696 corde,
1343 2668 1371 2690 et
1390 2659 1574 2690 recordamini
1589 2659 1712 2694 priorum

926 2724 941 2743 a
952 2715 1062 2747 saeculo,
1075 2714 1139 2749 quia
1149 2712 1232 2748 194.
1242 2719 1292 2747 ego
1306 2718 1366 2738 sum
1377 2710 1460 2740 Deus,
1475 2712 1502 2735 et
1519 2715 1574 2734 non
1586 2708 1627 2733 est
1645 2711 1715 2739 prave

927 2766 968 2789 ter
993 2769 1054 2794 me;
1071 2761 1118 2796 qui
1145 2758 1277 2787 annuntio
1298 2756 1374 2792 prius
1394 2753 1541 2782 novissima
1568 2756 1713 2785 antequam

929 2807 1004 2840 ﬁant,
1026 2811 1054 2834 el.
1073 2806 1154 2834 simul
1173 2807 1360 2832 consummata
1384 2801 1448 2829 sint.
1468 2800 1503 2827 Et
1521 2798 1577 2826 dixi
1602 2806 1609 2824 :
1629 2796 1715 2823 Omne

903 2899 922 2914 "‘
935 2899 985 2926 15a.
1001 2905 1079 2930 vau,
1096 2896 1191 2929 12,15.
