1934 3042
228 179 283 214 tta

746 182 773 210 S.
795 183 931 211 CYttlLLI
952 181 1186 210 ALEXANDIHNI
1203 181 1361 206 Altblllhi’.

1814 180 1865 202 41ιῦ

227 249 318 270 meum
338 240 482 269 consilium
508 239 608 273 stabit;
634 244 662 266 et
677 240 768 267 omnia
789 248 961 276 qumcunque
977 239 1011 267 de

1076 236 1156 263 Πᾱσά
1175 244 1227 271 μου
1245 236 1260 270 ἡ
1276 235 1357 270 βουλὴ
1372 235 1507 268 στήσεται,
1525 234 1572 260 καὶ
1587 233 1676 260 πάντα
1695 234 1747 260 ὅσα
1771 233 1863 268 βούλο-

227 288 312 319 crcvi,
330 287 426 314 faciam
440 285 471 313 “.
494 295 502 311 ι
530 285 587 313 Soli
609 285 693 321 igitur
714 287 780 318 Deo,
805 288 851 322 qui
876 292 919 314 est
939 294 1020 322 supra

226 333 328 365 omnia,
342 340 356 360 a
371 331 452 359 nobis
463 335 506 359 est
527 332 704 360 tribuendum
716 354 722 365 ,
744 333 836 360 futura
858 339 914 361 tum
939 333 1021 368 plane

225 379 306 410 scire,
321 384 378 406 tum
392 386 456 405 vero
474 386 554 413 posse
567 382 643 406 certe
665 379 836 414 praedicere;
854 386 932 414 nugae
954 385 1021 405 vero

228 424 322 452 futiles
344 429 372 452 et
382 424 469 452 aniles
488 424 604 456 fabellze,
623 423 738 452 fallaciae
757 432 867 460 quoque
898 432 930 452 ac
951 431 1021 458 prae-

226 471 313 505 stigiae
330 475 403 503 sunt,
420 479 480 506 quae
499 471 532 498 ab
544 471 606 498 aliis
628 470 841 505 proﬁciscuntur
865 479 871 497 τ
893 470 940 505 qui
957 477 1020 498 cum

225 517 282 544 sint
304 521 397 544 mente
416 521 557 552 corrupta,
577 517 610 544 de
633 517 715 544 corde
739 525 790 544 suo
809 517 970 551 loquuntur,
991 519 1022 543 ut

224 562 359 597 scriptum
379 567 439 595 est,
454 568 480 590 ct
489 571 521 590 ex
532 563 651 590 falsitate
659 563 786 598 parandae
795 563 918 598 pecunia:
939 570 1020 590 occa-

225 609 331 636 sionem
347 613 484 644 quarunt.

259 654 360 682 PALL.
381 654 484 682 Verum
504 658 556 682 est.
572 654 618 682 Sic
638 655 713 682 enim
730 662 759 682 se
781 661 825 681 res
837 654 922 682 habet
939 662 1020 690 pror—

225 708 282 728 SllS.
470 725 472 728 .

258 746 337 774 ΟΥΕ.
355 746 397 773 Ab
410 746 460 774 hac
481 746 562 781 igitur
574 754 683 781 quoque
702 753 731 773 re
750 745 970 779 abstinebimus;
991 750 1020 774 et

221 791 318 820 relicta
332 799 462 826 perversa
477 792 530 823 via,
546 799 595 827 per
608 796 711 818 rectam
725 791 903 826 incedemus;
917 800 949 820 ac
962 792 1019 820 Deo

222 845 333 873 semper
345 837 442 865 eodem
455 837 536 865 modo
549 837 712 871 inuitemur,
723 842 752 865 et
760 842 918 866 sanctorum
931 838 1018 866 homi-

220 891 288 910 num
303 883 419 911 vocibus
429 884 576 911 veritatem
592 883 755 911 tribuemus.

255 930 355 957 PALL.
369 930 403 957 Et
414 930 525 965 quidem
541 931 669 958 maxime.

257 975 336 1003 CYR.
350 975 421 1008 Quid
432 976 507 1003 ?non
521 976 587 1003 illud
602 983 712 1011 quoque
726 980 859 1011 praeterea
873 984 1016 1005 exsecran-

220 1021 286 1048 dum
300 1021 470 1056 putabimus,
487 1026 649 1056 partemque
662 1030 723 1050 esse
735 1022 860 1050 dicemus
872 1024 1016 1058 gentilium

219 1067 386 1102 impietatis,
412 1067 468 1102 igni
491 1073 519 1095 et
532 1075 603 1103 aqua
628 1068 743 1104 purgari
767 1069 886 1102 scilicet,
908 1073 936 1096 et
955 1069 1017 1096 aliis

219 1114 384 1150 quibusdam
403 1114 538 1150 ejusmodi
557 1115 568 1141 ?

253 1159 352 1186 PALL.
372 1158 488 1186 Maxime
520 1167 596 1187 vero.
622 1160 717 1196 Itaque
742 1161 836 1188 divina
863 1161 907 1188 lex
924 1161 1014 1189 dixit:

223 1213 232 1228 ι
247 1203 307 1230 Non
326 1203 484 1231 invenietur
510 1204 537 1231 in
566 1208 592 1232 te
614 1212 736 1242 purgans
755 1205 843 1234 filium
865 1214 946 1234 suum
968 1211 1016 1234 aut

219 1248 302 1276 filiam
316 1257 395 1277 suam
411 1250 467 1286 igni
481 1251 513 1278 ”.
531 1261 540 1276 ι

253 1336 331 1365 ογιι.
345 1338 431 1372 Quam
446 1344 519 1367 recte
532 1340 575 1368 lex
587 1341 668 1369 nobis
685 1342 736 1369 ista
750 1344 956 1377 pronuntiavit,
975 1345 1013 1378 et,

218 1391 253 1410 ne
268 1382 375 1416 ﬂerent,
393 1385 552 1420 prohibuit!
575 1387 623 1414 Est
631 1388 705 1415 enim
719 1396 751 1415 ea
773 1397 827 1422 res,
854 1394 884 1417 ut
903 1390 1012 1425 opinor,

219 1430 384 1458 temeritatis
403 1431 494 1466 plena,
515 1437 543 1460 et
564 1433 679 1461 rationis
699 1435 810 1470 optima:
826 1443 860 1463 ac
881 1437 1014 1471 sapientis

218 1483 318 1510 expers
334 1485 339 1502 :
353 1484 435 1511 quam
449 1477 523 1504 enim
540 1479 686 1507 utilitatem
701 1480 802 1508 aﬂ‘erre
826 1481 906 1509 nobis
927 1483 1014 1517 possit

219 1520 290 1556 ignis
299 1523 418 1549 natura?
429 1524 568 1557 quomodo
578 1525 659 1552 etiam
671 1525 744 1553 faces
759 1526 786 1554 in
797 1527 892 1554 orbem
905 1528 1013 1562 agitata:

218 1575 281 1594 eum
296 1568 342 1602 qui
365 1569 497 1603 peccarit,
512 1569 630 1598 liberare
640 1571 651 1597 ?
663 1571 736 1599 Eris
746 1572 868 1607 quidem,
884 1579 930 1601 aut
943 1574 1012 1601 alte-

218 1610 277 1638 rius
292 1612 426 1647 ejusmodi
447 1614 569 1642 materize
589 1616 685 1644 sordes
708 1618 838 1653 excoquit
856 1619 897 1646 vis
919 1619 1011 1654 ignis;

218 1655 319 1682 mentis
327 1659 417 1683 autem
430 1661 476 1684 aut
492 1658 590 1686 anima:
601 1659 787 1695 impuritatem
799 1670 918 1697 quonam
931 1664 1013 1692 modo

219 1702 378 1729 consumat?
389 1702 486 1731 Nonne
498 1703 582 1739 igitur
602 1705 660 1732 hch
676 1706 792 1734 ridicula
805 1713 878 1742 sunt,
890 1713 918 1737 et
928 1717 1013 1737 vana—

219 1754 280 1773 rum
297 1748 496 1783 cogitationum
511 1753 688 1779 commenta?

173 1785 177 1790 ”
252 1791 350 1820 PALL.
368 1793 407 1821 Ita
422 1803 545 1830 prorsus.

253 1837 332 1865 CYR.
356 1839 552 1869 Libentissime
572 1846 664 1870 autem
691 1843 725 1870 iis
746 1844 793 1878 qui
813 1844 886 1872 inter
902 1846 1013 1875 Graecos

217 1884 318 1919 egregii
333 1885 480 1919 habentur,
495 1887 598 1922 quique
609 1888 766 1923 hujusmodi
784 1891 873 1926 turpia
886 1892 1011 1921 instituta

217 1934 245 1956 et
258 1930 433 1964 invenerunt,
455 1936 483 1959 ct
494 1933 556 1960 aliis
576 1933 760 1968 tradiderunt,
783 1937 911 1972 equidem
932 1939 1011 1967 dixe—

217 1974 268 2001 rim
283 1984 289 2001 :
303 1974 380 2008 Quod
393 1980 516 2003 vestrum
528 1981 570 2004 est
585 1978 750 2006 consilium?
768 1989 826 2014 vos,
848 1987 1011 2017 praestantes

218 2020 268 2047 viri
280 2029 311 2048 ac
326 2022 464 2056 sapientes
475 2024 582 2058 appello
593 2045 600 2057 ,
618 2032 681 2052 cum
703 2026 812 2063 Tityum
828 2028 916 2062 illum,
926 2038 1009 2065 quem

216 2070 309 2094 ortum
326 2075 359 2095 ex
378 2071 453 2095 terra
471 2069 579 2103 dicitis,
598 2071 670 2105 apud
689 2072 792 2101 inferos
812 2076 964 2110 torquetis,
982 2081 1011 2104 et

215 2113 340 2141 vultures
347 2114 494 2148 adhibetis,
508 2117 554 2151 qui
569 2120 697 2153 tanquam
712 2121 834 2148 convivae
843 2122 937 2157 jecore
958 2131 1009 2158 pa-

216 2164 339 2192 scantur,
356 2160 429 2194 quod
442 2162 569 2190 mulieris
580 2165 698 2199 speciem
713 2166 874 2200 admiratus,
886 2168 1008 2197 libidinis

216 2205 313 2233 morbo
326 2206 475 2235 laborarit?
488 2209 602 2238 Tantalo
617 2216 708 2240 autem
722 2213 840 2248 lapidem
863 2214 1007 2243 imminere

215 2251 317 2284 dicitis,
340 2260 458 2288 eumque
475 2255 685 2292 intemperantis
703 2259 803 2294 linguae
815 2268 911 2295 pmnas
929 2262 1004 2295 dare,
1023 2275 1044 2302 ο

214 2298 309 2331 pueris
321 2298 445 2327 fabulose
458 2302 584 2329 traditis?
599 2303 677 2339 195
692 2310 757 2333 rotae
772 2314 882 2342 quoque
895 2307 1006 2335 diutur-

215 2343 257 2370 nis
273 2351 305 2371 ac
316 2349 450 2379 perpetuo
459 2346 634 2376 circumactis
641 2352 873 2380 conversionibus
881 2353 1004 2381 lxionem

214 2389 342 2424 alligatis,
357 2396 384 2418 ct
398 2391 426 2418 in
439 2401 471 2419 ea
483 2401 579 2428 pmnas
591 2395 668 2423 luere
680 2396 773 2425 dicitis
791 2397 907 2426 fallaciae
932 2399 1006 2428 illius

213 2443 274 2470 quae
290 2437 389 2465 vestris
402 2438 454 2466 diis
467 2440 581 2468 minime
596 2441 757 2477 displicuit:
775 2452 824 2472 vos
842 2445 916 2480 ipsos
936 2454 1004 2475 vero

213 2487 246 2507 ac
256 2486 370 2510 caeteros
382 2485 507 2518 quamvis
515 2487 685 2521 gravissimis
704 2490 925 2527 turpissimisque
943 2501 1003 2521 ma-

213 2527 248 2555 lis
260 2530 419 2563 teneamini,
430 2531 486 2566 igni
498 2540 530 2559 ac
541 2534 624 2561 ramis
643 2535 775 2569 liberatis,
792 2542 822 2564 ut
836 2537 888 2573 ipsi
906 2539 1002 2574 opina-

214 2575 281 2602 mini
295 2583 302 2608 ;
315 2580 341 2602 et
350 2577 543 2610 perditissimis
556 2579 714 2609 hominibus
726 2582 873 2611 criminum
885 2585 1002 2613 ablutio-

214 2626 275 2645 nem
290 2620 460 2648 conceditis?
472 2622 551 2658 Tityo
563 2632 639 2657 vero,
663 2634 756 2660 qumso
770 2631 808 2661 te,
829 2632 857 2656 et
880 2629 914 2656 iis
934 2638 1002 2665 quos

215 2665 296 2692 modo
312 2666 461 2700 nominavi,
475 2669 545 2704 ignis
558 2671 672 2705 penuria
681 2672 795 2701 fortasse
803 2671 876 2701 adeo
889 2675 1002 2704 acerbas

214 2718 309 2745 poenas
321 2711 470 2747 imposuit?
484 2714 565 2751 Atqui
582 2717 627 2744 ille
638 2723 729 2746 vestra
742 2720 872 2755 opinione
888 2721 1003 2750 furacis-

214 2756 310 2789 simus,
326 2759 372 2792 qui
385 2759 473 2794 ignem
485 2762 518 2789 ad
540 2763 666 2792 homines
681 2766 789 2798 detulit,
808 2767 1002 2796 Prometheum

215 2800 285 2834 dico,
306 2803 327 2830 si
349 2804 419 2832 ullus
438 2806 551 2834 omnino
572 2808 654 2835 etiam
680 2809 725 2837 ille
743 2810 804 2843 fuit,
825 2811 896 2847 ignis
921 2820 1001 2840 usum

197 2926 202 2933 ι
256 2890 274 2905 ¹¹
289 2890 339 2919 lsa.
359 2901 448 2923 xxxw.
463 2894 540 2922 8-10.
581 2897 600 2912 ”
615 2896 695 2924 Deut.
711 2906 784 2931 xun,
802 2898 841 2925 l0.

1075 291 1135 317 μαι,
1154 282 1270 318 ποιήσω.
1283 291 1291 307 ι
1310 281 1392 316 Μόνῳ
1407 280 1439 316 δὴ
1451 279 1497 307 οὖν
1513 280 1685 307 ἀνακείσεται
1703 280 1772 315 πρὸς
1787 279 1867 316 ήμῶν

1073 328 1112 364 τῷ
1133 328 1240 355 πάντων
1262 328 1392 354 ἐπέκεινα
1417 326 1487 362 Θεῷ,
1510 326 1541 353 τὸ
1566 325 1692 353 διειδέναι
1712 335 1742 353 τε
1760 325 1864 360 σαφῶς,

1073 374 1121 401 καὶ
1148 375 1344 410 προαγορεύειν
1371 373 1498 404 ἀπλανῶς
1513 372 1641 399 δύνασθαι
1667 371 1702 399 τὰ
1727 372 1864 407 ἐσόμενα·

1074 420 1187 447 uomat
1201 420 1289 452 ἄλλως
1303 419 1351 446 καὶ
1371 419 1481 455 γραώδη
1499 418 1632 454 μυθάρια,
1651 418 1818 454 βωμολοχίαι
1835 427 1865 445 τε

1072 467 1119 493 καὶ
1134 466 1307 502 φενακισμοὶ,
1329 466 1364 493 τὰ
1387 466 1451 501 παρ’
1465 465 1576 502 ἐτέρων,
1597 465 1622 492 οῖ
1638 465 1684 491 τὸν
1705 464 1769 492 νοῦν
1792 473 1865 500 παρ-

1073 512 1217 548 εφθορότες
1243 512 1277 538 τά
1297 511 1350 538 ἀπὸ
1371 511 1484 547 καρδίας
1499 510 1588 538 αὐτῶν
1610 510 1733 544 λαλοῦσι,
1747 509 1820 537 κατά
1835 510 1866 536 τὸ

1071 559 1275 594 γεγραμμένον,
1290 559 1336 585 καὶ
1352 557 1552 594 ἀργυρολογίας
1573 558 1704 594 ἀφορμὴν
1719 556 1863 584 ποιοῦνται

1071 605 1100 631 τδ
1114 604 1220 639 ψεῦδος.

1107 652 1209 678 ΠΑΛΛ.
1237 651 1357 686 Ἀληθές.
1377 651 1454 686 Ἔχει
1469 650 1523 686 γὰρ
1545 647 1607 682 ὦδε,
1622 650 1668 677 καὶ
1684 651 1733 685 οὐχ
1745 650 1859 685 ἑτέρως.

1105 737 1187 764 ΚΥΡ.
1214 738 1382 773 Ἀφεξόμεθα
1411 737 1444 774 δὴ
1468 735 1514 765 οὖν
1533 738 1580 765 καὶ
1601 738 1688 769 τοῦδε,
1708 739 1756 765 καὶ
1780 737 1860 774 οἷμον

1070 784 1184 818 ἀφέντες
1207 784 1256 819 τὴν
1283 785 1514 820 διεστραμμένην,
1544 785 1709 821 βαδιούμεθα
1733 786 1784 821 τὴν
1816 787 1858 812 ἐπ’

1069 829 1144 862 εὐθὺ,
1161 830 1221 865 Θεῷ
1239 830 1413 865 μονοτρόπως
1431 831 1636 866 προσκείμενοι,
1659 832 1708 858 καὶ
1730 834 1791 864 ταῖς
1807 831 1863 859 τῶν

1072 877 1159 911 ἁγίων
1173 878 1277 911 φωναῖς
1291 876 1521 912 ἐπιψηῳιξόμενοι
1536 877 1584 913 τὴν
1597 878 1738 914 ἀλήθειαν.

1033 916 1055 946 Β
1107 922 1212 948 ΠΑΛΛ.
1233 921 1288 949 Καὶ
1306 922 1387 956 μάλα.

1108 968 1190 995 ΚΥΡ.
1212 968 1244 994 Τί
1272 968 1299 995 δὲ
1326 968 1386 1004 οὐχι
1403 968 1513 995 κάκεῖνο
1536 969 1605 1004 πρὸς
1632 968 1738 1001 τούτοις
1756 970 1861 1005 ἡγησό-

1069 1012 1140 1048 μεθα
1162 1013 1309 1049 στυγητὺν,
1335 1014 1431 1049 μοῖράν
1449 1023 1479 1041 τε
1489 1009 1562 1041 ἐἷναί
1585 1023 1675 1050 φαμεν
1695 1015 1858 1051 Ἑλληνικῆς

1072 1057 1230 1094 ἀθεότητος,
1246 1058 1279 1085 τό
1298 1067 1329 1085 τε
1356 1059 1601 1094 περικαθαίρεσθαι
1615 1060 1702 1094 φιλεῖν
1720 1061 1792 1096 τάχα
1809 1069 1862 1087 που

1067 1105 1134 1140 πυρὶ
1151 1105 1197 1130 καὶ
1211 1104 1297 1136 tam,
1313 1105 1360 1132 καὶ
1381 1105 1484 1140 ἑτέροις
1499 1106 1554 1133 τισὶ
1569 1106 1700 1138 τοιούτοις
1721 1106 1851 1142 τρόποις;

1103 1150 1207 1177 ΠΔΛΛ.
1243 1151 1299 1177 Καὶ
1327 1151 1447 1186 μάλιστά
1475 1160 1517 1186 γε.
1544 1152 1690 1188 Τοιγάρτοι
1715 1153 1762 1180 καὶ
1789 1153 1861 1180 θεῖον

1067 1195 1118 1231 ἔφη
1143 1196 1332 1233 χρησμῴδημα
1352 1197 1461 1232 σαφῶς·
1481 1207 1489 1223 ι
1503 1198 1560 1234 Οὐχ
1574 1199 1752 1234 εὑρεθήσεται
1774 1201 1803 1226 ὲν
1819 1200 1861 1226 eoi.

1066 1242 1269 1278 περικαθαίρων
1286 1243 1330 1270 τὸν
1349 1244 1405 1270 υἱὸν
1419 1244 1501 1271 αὑτοῦ
1521 1245 1537 1280 ἢ
1554 1246 1603 1281 τὴν
1623 1245 1760 1282 θυγατέρα
1775 1247 1860 1274 αὑτοῦ

1069 1290 1099 1315 ὲν
1113 1289 1188 1324 πυρί.
1203 1298 1212 1314 ι

1104 1335 1187 1362 ΚΥΡ.
1213 1335 1255 1367 Ὡς
1271 1333 1300 1362 εὖ
1312 1343 1342 1370 γε
1363 1337 1430 1372 ἡμῖν
1446 1338 1461 1363 ὁ
1479 1337 1559 1373 νόμος
1573 1339 1745 1374 προσεφώνει
1764 1343 1856 1373 ταυτὶ.

1065 1382 1113 1408 καὶ
1136 1382 1262 1417 ἀπέφησε
1289 1383 1319 1409 τὸ
1333 1384 1419 1420 δρᾷνί
1439 1384 1615 1422 Είκαιότητος
1639 1387 1694 1424 γὰρ
1723 1387 1801 1425 οἶμαι
1828 1391 1859 1418 τὸ

1065 1428 1157 1464 χρῆμα
1184 1429 1291 1464 μεστὸν,
1319 1430 1365 1456 καὶ
1385 1430 1515 1466 λογισμοῦ
1539 1432 1694 1469 τητώμενον
1714 1435 1762 1462 τοῦ
1791 1445 1858 1463 παν-

1064 1472 1176 1507 αρίστου
1191 1475 1239 1500 καὶ
1263 1473 1345 1508 σοφοῦ
1355 1483 1362 1490 ·
1377 1475 1467 1510 ὀνήσει
1478 1476 1531 1512 γὰρ
1545 1478 1615 1504 κατὰ
1633 1479 1693 1506 τίνα
1706 1479 1738 1516 δὴ
1757 1482 1858 1515 τρόπον

1066 1518 1082 1553 ὴ
1100 1518 1185 1552 πυρὸς
1198 1519 1272 1554 ἡμᾶς
1287 1519 1383 1554 φύσιςς
1399 1522 1445 1548 καὶ
1459 1523 1536 1557 δᾷδες
1563 1525 1592 1551 ὲν
1608 1525 1700 1561 κύκλῳ
1714 1528 1858 1563 περιθέου-

1066 1571 1110 1589 σαι
1124 1563 1181 1595 πῶς
1195 1564 1229 1591 ἂν
1246 1565 1377 1598 ὲξέλοιντο
1404 1567 1450 1594 τὸν
1467 1569 1666 1605 ἡμαρτηκότας
1686 1573 1795 1600 Χαλκοῦ
1808 1575 1859 1610 μὲν

1068 1610 1123 1646 γὰρ
1151 1611 1234 1646 ἧγουν
1269 1612 1366 1648 ἐτέρας
1393 1613 1522 1649 τοιαύτης
1545 1616 1617 1648 τινὸς
1643 1617 1719 1654 ὕλης,
1745 1620 1858 1656 ἐκτήκει

1066 1656 1111 1683 τὸν
1129 1657 1214 1692 ῥύπον
1238 1659 1254 1693 ἡ
1275 1659 1359 1694 πυρὸς
1384 1659 1460 1696 βολή.
1484 1661 1539 1688 Νοῦ
1560 1662 1587 1689 δὲ
1611 1664 1658 1691 καὶ
1675 1665 1764 1700 ψυχῆς
1780 1666 1858 1702 βεϐή-

1063 1701 1154 1736 λωσιν,
1163 1704 1224 1730 τίνα
1238 1704 1338 1740 τρόπον
1350 1706 1474 1741 dem/tsi;
1485 1705 1519 1734 *Α
1525 1709 1548 1744 ρ’
1559 1707 1616 1742 οὖν,
1625 1711 1655 1737 οὺ
1665 1711 1783 1745 γέλωτος
1802 1701 1851 1749 ἤδη

1063 1749 1151 1781 ταυτὶ,
1168 1749 1216 1777 καὶ
1234 1750 1380 1786 φληνάφων
1396 1753 1505 1780 ἐννοιῶν
1515 1754 1655 1790 εὗρέματα
1669 1765 1676 1789 ;

1098 1797 1200 1823 HAAA.
1223 1798 1384 1825 Παντάπασι
1399 1800 1449 1835 μὲν
1460 1798 1516 1828 οὖν.

1098 1842 1190 1868 ΚΥΡ.1
1201 1843 1285 1878 Φαίην
1300 1843 1322 1870 δ’
1339 1844 1372 1871 ἂν
1387 1845 1425 1877 ὼς
1440 1846 1538 1881 ἥδιστα
1549 1848 1605 1879 τοῖς
1626 1848 1761 1885 Ἐλλήνων
1775 1851 1855 1886 λογά-

1063 1896 1114 1919 σιν,
1132 1888 1157 1915 οῖ
1177 1888 1231 1916 τῶν
1245 1889 1372 1917 τοιούτων
1389 1891 1511 1928 αίσχρῶν
1528 1893 1754 1930 ἐπιτηδευμάτων
1771 1898 1854 1933 εὑρε-

1061 1935 1106 1962 ταὶ
1119 1935 1258 1970 γεγόνασι,
1274 1937 1321 1964 καὶ
1340 1939 1396 1970 τοῖς
1418 1938 1508 1970 ἄλλοις
1526 1941 1672 1976 εἰσηγηταί
1683 1950 1690 1957 ·
1705 1943 1737 1969 Τί
1751 1944 1783 1980 δὴ
1795 1944 1851 1980 ἀρα

1061 1979 1187 2015 δρῶντες,
1200 1978 1350 2016 ὧγενναῖοι
1370 1984 1418 2010 καὶ
1436 1985 1523 2019 σοφοὶ,
1540 1985 1586 2012 τὸν
1604 1987 1654 2022 μὲν
1668 1988 1765 2016 Τιτυὸν
1777 1978 1852 2017 έκεῖ-

1061 2035 1115 2058 νον,
1128 2027 1158 2054 ὃν
1172 2028 1286 2063 ὲκφύναι
1298 2029 1391 2064 λέγετε
1402 2030 1464 2065 γῆς,
1476 2032 1515 2063 εἰς
1529 2031 1593 2067 ᾅδου
1607 2033 1746 2067 κολάζετε,
1762 2038 1851 2070 γῦπας

1061 2073 1135 2109 αὐτῷ
1152 2076 1340 2110 περιιστάντες
1369 2077 1423 2103 τῶν
1446 2078 1557 2113 ἡπάτων
1584 2079 1760 2116 δαιτυμόνας.
1776 2083 1851 2118 ὤραν

1059 2119 1099 2146 ὅτι
1114 2120 1225 2154 γυναίου
1244 2122 1426 2158 τεθαυμακὼς
1438 2124 1601 2161 ἡῤῥώστησε
1616 2127 1666 2162 τὴν
1683 2128 1849 2165 ὲπιθυμίανς

1059 2166 1190 2202 Ταντάλῳ
1215 2167 1242 2194 δὲ
1266 2167 1337 2195 λίθον
1360 2169 1530 2206 ὲπηρτῆσθαί
1558 2180 1638 2206 φατε,
1655 2175 1703 2201 καὶ
1723 2175 1847 2213 γλώττης

1059 2211 1140 2238 αὑτὸν
1161 2212 1309 2240 ἀκολάστου
1336 2214 1548 2250 εἰσπράττεσθαι
1573 2217 1651 2250 δίκας
1673 2211 1849 2255 μυθολογεῖτε

1059 2259 1114 2290 τοῖς
1127 2258 1216 2292 νέοις;
1231 2259 1330 2286 κύκλου
1346 2261 1374 2287 δὲ
1394 2263 1513 2298 μακραῖς
1530 2264 1577 2290 καὶ
1594 2265 1759 2301 ἀεικινήτοις
1774 2276 1848 2303 περι-

1060 2306 1200 2341 στροφαῖς,
1218 2306 1264 2333 τὸν
1287 2306 1382 2340 Ἰξίονα
1403 2308 1614 2344 καταδήσαντες,
1628 2312 1723 2348 ποινὴν
1733 2314 1848 2350 ἀνατλῆ-

1059 2360 1102 2378 ναι
1118 2352 1164 2378 ἐπὶ
1193 2351 1262 2387 τῷδέ
1281 2361 1360 2387 φατε,
1372 2355 1429 2385 τοῖς
1446 2354 1474 2388 ἐξ
1489 2355 1598 2392 ἀπάτης
1617 2357 1695 2392 ὑμῶν
1722 2359 1773 2386 οὐκ
1791 2362 1844 2388 ἀπο

1059 2397 1177 2433 ᾁδουσαν
1200 2398 1280 2431 θεοῖς,
1299 2399 1369 2433 σφᾶς
1391 2400 1420 2427 δὲ
1435 2401 1532 2434 αὐτοὺς
1557 2403 1604 2430 καὶ
1629 2395 1741 2440 ἑτέρους
1761 2407 1848 2433 καίτοι

1059 2444 1156 2476 δεινοῖς
1175 2445 1223 2471 καὶ
1239 2446 1440 2478 ὲκτοπωτάτοις
1450 2447 1593 2481 ὲναλόντας
1606 2452 1712 2483 κακοῖς,
1722 2453 1789 2488 πυρὶ
1801 2453 1846 2478 καὶ

1058 2489 1164 2522 θαλλοῖς
1189 2490 1386 2523 ἀπαλλάττετε,
1401 2491 1526 2529 καθάπερ
1541 2494 1629 2522 οἴεσθέ
1646 2505 1707 2530 που,
1723 2497 1771 2524 καὶ
1792 2498 1844 2524 τῶν

1057 2535 1240 2570 ἐγκλημάτων
1256 2537 1399 2572 χαρίζεσθε
1417 2539 1466 2574 τὴν
1484 2540 1621 2576 ἀπόνιψιν,
1646 2543 1692 2569 καί
1715 2552 1756 2570 τοι
1776 2543 1845 2579 ἀγαν

1055 2581 1300 2616 κατεγνωσμένοις.
1315 2582 1405 2618 Τιτυῷ
1414 2583 1453 2618 δὲ,
1466 2585 1527 2612 είπέ
1541 2595 1596 2621 μοι,
1611 2588 1658 2614 καὶ
1673 2589 1730 2619 τοῖς
1743 2589 1843 2624 ἀρτίως

1053 2625 1267 2662 ὠνομασμένοις,
1280 2627 1310 2654 τὺ
1323 2629 1351 2655 ὲν
1366 2629 1453 2666 ἐνδείᾳ
1464 2631 1534 2666 τάχα
1544 2641 1594 2659 που
1607 2633 1733 2668 γενέσθαι
1747 2636 1840 2672 πυρὸς,

1054 2673 1176 2709 σκληρὰν
1203 2673 1250 2701 καὶ
1270 2674 1438 2710 ἀδιεξίτητον
1457 2677 1565 2705 ἐπίθετε
1584 2679 1680 2716 δίκηνς
1703 2681 1759 2708 Καὶ
1789 2682 1840 2718 μὴν

1052 2719 1066 2746 ὅ
1081 2727 1112 2754 γε
1133 2719 1194 2746 καθ’
1206 2721 1278 2756 ὑμᾶς
1289 2721 1485 2755 κλεπτίστατος
1505 2724 1552 2751 καὶ
1578 2726 1664 2761 πυρὸς
1686 2726 1840 2762 ἀνθρώποις

1053 2766 1240 2802 διακομιστὴς,
1259 2767 1304 2794 τὸν
1324 2768 1470 2804 Προμηθέα
1497 2769 1578 2805 λέγω,
1596 2772 1622 2798 εἴ
1634 2772 1677 2804 τίς
1700 2781 1753 2809 περ
1773 2774 1840 2805 ὅλως

1055 2813 1181 2844 κάκεῖνος
1192 2811 1238 2848 ἦν,
1254 2814 1302 2850 τὴν
1316 2815 1400 2850 mpii;
1418 2816 1542 2844 ἐπλούτει
1558 2818 1664 2854 χρῆσιν,
1680 2820 1728 2846 καὶ
1742 2819 1796 2856 πρό
1808 2828 1838 2854 γε
