1934 3042
65 176 128 204 £45

446 175 490 202 DE
508 174 730 203 ADORATIONE
749 175 782 202 IN
803 175 937 203 SPIRITU
958 176 1003 202 ET
1024 176 1205 203 VEINTATE.
1227 178 1291 205 LIB.
1314 179 1358 212 Vl.

1662 181 1717 208 4‘16

64 236 131 264 τῶν
146 235 238 263 ἄλλων
249 244 256 251 ·
275 235 425 272 ἀρρήκτοις
447 235 475 262 δὲ
491 235 538 262 καὶ
554 234 635 262 αὑτὸν
648 234 802 271 ὲνειλῆφθαι
827 234 860 261 δεη

922 233 1042 268 adeptus
1061 236 1119 266 est;
1135 238 1164 261 et
1185 235 1298 270 quidem
1316 241 1380 265 ante
1399 237 1468 276 alios
1492 247 1498 265 :
1515 242 1606 267 tamen
1626 241 1717 276 ipsum

65 285 158 318 σμοῖς
168 283 195 309 οἱ
211 284 275 319 παρ’
292 283 356 318 ὑμῖν
370 283 462 319 ᾄδουσι
476 282 564 318 μῦθοι·
577 282 624 309 καὶ
639 282 692 318 μὴν
704 281 750 309 καὶ
758 281 858 317 γαμψώ

924 286 1034 314 quoque
1050 279 1168 307 vinculis
1194 280 1263 308 adeo
1284 281 1369 311 ﬁrmis
1386 287 1416 311 ut
1428 274 1518 320 r‘umpi
1532 293 1587 312 non
1599 274 1716 321 possint,

64 339 163 365 νυχας
174 330 326 366 ὲπιπτῆναι
339 330 481 364 αἱγυπιοὶις
500 329 620 363 λέγουσι,
634 329 760 364 καθάπερ
775 329 871 364 ἀμέλει

65 377 123 402 καὶ
139 376 244 412 ⁷Γιτυῷ,
258 377 363 408 δεινοὺς
381 376 427 404 καὶ
441 376 554 411 ἀγρίους
568 376 631 409 τοὺς
650 376 792 407 κολαστάς.
807 376 871 403 Δότε

63 421 116 457 δὴ,
147 422 209 449 δότε
231 421 282 458 τὴν
306 422 350 448 διὰ
370 421 456 457 πυρὸς
474 422 617 458 κάθαρσιν,
640 422 701 457 οὐχὶ
723 421 755 456 δὴ
781 421 872 456 μόνοις

65 468 206 500 ἐκείνοις,
220 468 278 495 ἀλλ’
295 469 320 494 ει
335 468 381 495 καί
398 477 471 501 τινες
491 469 568 505 ὑμῶν
587 469 604 506 ἢ
627 467 794 504 Θυγατράσιν
810 467 870 494 ἐτέ-

67 522 143 549 ρων,
160 513 179 549 ἢ
201 514 325 548 γυναιξὶν
345 514 542 549 ἐπιμαίνοιντο,
558 515 677 550 δρῶντες
693 513 711 541 ἃ
725 513 762 549 μὴ
778 513 868 549 θέμις,

66 560 120 587 καὶ
135 558 212 588 οὗτοι
229 561 295 596 πυρὶ
309 561 359 595 τῆς
373 561 462 593 αίτιας
474 561 689 597 ἀπηλλαγμένοι,
709 560 869 595 συνδιαφευ-

65 607 181 640 γόντων
197 608 254 639 τοῖς
268 607 421 643 πταίσμασι
431 607 481 639 τὰς
493 607 617 642 γραφάς·
632 607 690 634 ἀλλ’
706 607 749 641 ἐφ’
765 606 869 642 ἑτέροις

68 654 124 689 μὲν
142 654 227 686 εὐθὺς
240 655 402 690 δικαστήρια
417 654 464 681 καὶ
476 653 590 690 γραφαὶ.
609 653 656 680 καὶ
672 654 688 689 ὴ
710 653 764 679 τῶν
778 652 869 688 νόμων

68 699 224 727 σαλεύεται
239 700 434 736 μισοπονηρία,
451 701 565 732 ἑαυτοὺς
576 699 605 726 δὲ
623 699 672 735 τὴν
698 699 868 734 πάναισχρον

67 747 121 775 καὶ
141 748 251 783 δυσώδη
263 748 334 784 ζωὴν
351 748 516 784 ἀδιακρίτως
529 747 748 782 ἐπιτηδεύοντας,
766 747 868 780 παντὸς

65 789 365 821 ἀπαλλάττεινόἵεσθε
395 794 546 830 μολυσμοῦ,
561 794 676 830 ψυχροῖς
692 793 740 821 καὶ
772 802 867 830 μειρα-

68 840 202 868 κιώδεσιν
217 840 372 876 ἀθύρμασιν
382 840 594 877 ἐξηπατημένοι,
608 841 655 868 καὶ
670 840 810 877 ὑπηρέτας
827 841 866 872 εἰς

67 887 153 914 τοῦτο
172 887 358 923 λαμϐάνοντες
370 888 432 919 τοὺς
447 887 488 914 ὅτι
508 887 625 922 μάλιστα
639 886 693 914 τῶν
709 886 798 914 ἄλλων
815 895 867 922 μυ-

68 933 270 969 σαρωτάτους·
283 933 308 960 οἳ
330 933 379 961 καὶ
397 932 464 969 ὁμοῦ
485 932 525 969 τῷ
552 933 682 968 σχήματι,
706 932 752 959 τὸν
774 932 865 968 ἀνδρο-
883 945 904 973 Β

67 979 167 1015 πρεπῆ
184 979 313 1014 μεθέντες
324 979 414 1014 λόγον.
431 978 660 1011 καταϐιϐάζονται
680 978 748 1015 πρὸς
758 977 793 1005 τὰ
814 986 864 1013 γυ-

67 1024 176 1052 ναικῶν
190 1024 243 1061 ηθη
257 1033 286 1051 τε
301 1025 348 1052 καὶ
360 1024 477 1060 τρόπους
492 1023 606 1060 σώματά
620 1032 650 1050 τε
668 1024 716 1050 καὶ
739 1023 862 1060 γνώμας.

26 1092 29 1094 .
66 1069 140 1098 Εἶτα
157 1071 219 1098 τίνα
234 1071 334 1107 τρόπον
355 1071 369 1097 ό
390 1071 510 1102 τοιοῦτος
531 1071 676 1105 άφαγνιεῖ;
697 1070 863 1105 διακείμενοι

67 1117 126 1152 γὰρ
140 1117 200 1148 ὡδὶ,
214 1117 315 1143 τοιόνδε
329 1125 354 1143 τι
369 1117 493 1151 δράσετε,
508 1117 546 1149 ὡς
573 1117 597 1143 εἰ
614 1117 660 1143 καὶ
680 1116 710 1143 τὸ
726 1116 808 1151 τυχόν
821 1124 864 1148 τις

68 1163 161 1190 ἐδόκει
177 1162 413 1199 καταμυρίζεσοαι
433 1163 494 1198 μὲν,
512 1162 634 1198 βορΰόρῳ
647 1162 676 1189 δέ
689 1171 728 1198 τῳ
743 1163 864 1198 ἀκοσμο-

68 1209 146 1244 τάτῳ
173 1209 436 1245 κατακεχρισμένος,
467 1207 527 1236 εἶτα
550 1207 699 1248 κατορθοιξν
718 1208 799 1235 οίοιτο
816 1208 863 1236 καὶ

69 1255 176 1290 σφόδρα
196 1253 286 1286 καλῶς
299 1253 330 1281 τό
344 1262 376 1289 γε
385 1255 424 1286 είς
433 1253 495 1282 νοῦν
512 1250 579 1290 ἧκον
591 1252 675 1289 αὐτῷ.
687 1248 689 1251 ’

105 1381 212 1408 ΠΑΛΛ.
234 1377 270 1408 Εὖ
292 1379 396 1414 λέγεις·
420 1380 467 1406 καὶ
500 1379 689 1414 συναινέσαιμι
709 1378 744 1405 ἂν
773 1378 861 1414 ἀληθῆ

68 1429 176 1463 λέγοντί
190 1436 241 1455 σοι.

104 1475 188 1502 ΚΥΡ.
206 1474 262 1500 Καὶ
276 1473 394 1509 παρίημι
416 1473 465 1508 μὲν
481 1471 531 1509 τὴν
552 1471 581 1498 ἐν
593 1480 624 1506 γε
639 1470 727 1506 τούτῳ
743 1470 859 1507 μωρίαν,

70 1522 115 1549 καὶ
136 1522 243 1556 σιγήσω
263 1520 330 1552 τέως
349 1520 413 1552 τοὺς
431 1520 479 1555 τῆς
500 1518 661 1554 καθάρσεως
693 1518 859 1552 ὑπουργοὺς,

70 1569 112 1594 ἐπ’
129 1567 197 1594 αὐτὸ
223 1566 252 1593 δὲ
276 1564 332 1600 εἶμι
355 1564 386 1591 τὺ
401 1565 495 1600 χρῆμα
510 1563 591 1590 πάλιν
601 1571 608 1578 ⁸
622 1562 670 1590 καὶ
686 1563 718 1598 δὴ
732 1562 780 1589 καὶ
794 1561 859 1597 ὲρῶ,

923 324 1053 352 innexum
1077 333 1148 358 esse,
1164 331 1263 355 vestrae
1284 327 1383 356 fabulae
1401 336 1504 358 canunt
1518 340 1524 358 :
1538 332 1606 367 quin
1633 334 1716 362 etiam

924 371 1004 398 uncis
1029 371 1167 406 unguibus
1191 373 1315 401 vultures
1344 375 1485 404 advolasse
1511 378 1623 412 dicunt,
1645 380 1716 410 sicut

923 415 1003 451 Tityo
1019 425 1139 452 quoque,
1153 418 1282 446 videlicet
1294 424 1381 448 tetros
1398 426 1427 449 et
1445 422 1579 451 immanes
1599 425 1715 454 ultores.

921 462 988 489 Date
1002 463 1098 498 igitur,
1110 464 1183 497 date,
1197 469 1227 492 ut
1239 465 1294 500 igni
1303 468 1415 502 purgari
1429 470 1536 503 possint
1549 478 1603 498 non
1617 471 1656 499 illi
1669 480 1715 500 so-

920 507 988 541 lum,
1009 508 1058 537 sed
1071 510 1093 536 si
1109 511 1156 545 qui
1179 516 1301 539 vestrum
1317 517 1364 540 aut
1385 513 1412 540 in
1434 514 1551 542 aliorum
1572 516 1715 544 hominum

920 554 989 583 filias
1002 559 1049 583 aut
1061 564 1160 584 uxores
1173 558 1350 592 insanierint,
1364 568 1450 595 eaque
1475 562 1637 590 admiserint
1654 572 1715 599 qua

918 599 960 627 fas
974 606 1098 635 nonest;
1119 602 1202 630 liceat
1222 604 1257 630 iis
1281 612 1391 640 quoque
1412 614 1461 641 per
1479 607 1569 642 ignem
1593 617 1608 636 a
1634 609 1714 644 culpa

918 644 1055 678 liberatis,
1076 655 1131 674 non
1143 648 1232 675 solum
1248 657 1263 676 a
1275 650 1404 685 turpibus
1416 651 1505 685 factis,
1518 661 1614 680 verum
1631 650 1714 682 etiam

918 698 934 718 a
954 690 1111 720 forensibus
1129 693 1243 728 judiciis
1260 703 1411 732 emergere.
1441 697 1577 726 Caeterum
1604 700 1632 726 in
1652 700 1714 728 aliis

918 736 992 764 illico
1011 738 1116 773 judicia
1131 744 1159 767 et
1181 743 1389 776 accusationes,
1414 747 1442 771 et
1464 745 1556 780 legum
1580 746 1714 774 severitas

917 782 1017 810 vindex
1041 785 1170 819 nequitiae
1196 786 1309 815 incitata
1335 787 1424 816 fertur
1447 793 1475 816 et
1491 789 1636 823 vibratur;
1664 798 1713 819 vos

917 828 990 863 ipsos
1006 833 1108 863 autem,
1122 832 1247 866 quamvis
1261 833 1445 868 turpissimam
1456 842 1488 862 ac
1501 836 1620 870 pessime
1633 836 1711 864 olen—

916 877 971 901 tem
984 875 1068 902 vitam
1086 878 1249 911 sequamini,
1277 882 1366 906 tamen
1384 879 1491 916 frigidis
1510 890 1542 910 ac
1560 882 1713 917 puerilibus

918 920 1033 949 ludicris
1044 921 1163 958 decepti,
1183 931 1293 952 omnem
1315 925 1404 954 labem
1422 928 1525 962 putatis
1541 928 1710 965 abstergere,

918 971 945 995 et
955 967 1133 997 administros
1143 970 1176 997 ad
1185 978 1245 998 eam
1258 979 1314 999 rem
1324 973 1441 1006 sumitis,
1456 974 1712 1003 hominesomnium

919 1014 1147 1049 scelestissimos;
1174 1017 1221 1052 qui
1244 1017 1324 1045 simul
1349 1026 1411 1046 cum
1434 1020 1530 1047 habitu
1555 1028 1712 1049 sermonem

898 1057 902 1060 ’
917 1067 1027 1095 quoque
1039 1061 1146 1089 virilem
1158 1062 1328 1098 abjicientes,
1341 1064 1375 1092 ad
1388 1065 1534 1093 mulierum
1548 1067 1664 1095 aﬂ‘ectus
1675 1077 1708 1097 ac

917 1113 1017 1139 mores,
1034 1115 1149 1143 corpora
1177 1116 1328 1145 sensusque
1350 1111 1494 1147 dejiciunt.
1516 1112 1576 1146 Quo
1600 1115 1710 1143 tandem

917 1151 1008 1184 modo,
1028 1153 1075 1187 qui
1091 1154 1226 1189 ejusmodi
1239 1159 1291 1188 est,
1314 1157 1420 1184 scelera
1433 1157 1573 1192 expiabit?
1585 1159 1625 1187 sic
1636 1160 1710 1187 enim

916 1197 1018 1231 aﬂ‘ecti,
1033 1199 1122 1226 simile
1134 1200 1264 1235 quiddam
1280 1201 1396 1234 facietis,
1410 1210 1441 1230 ac
1454 1202 1477 1230 si
1501 1203 1575 1237 quis,
1596 1212 1658 1231 cum
1681 1213 1710 1233 se

917 1245 983 1272 velit
995 1247 1142 1280 unguentis
1155 1247 1333 1281 perfundere,
1347 1256 1426 1275 caeno
1444 1248 1619 1277 fmtidissimo
1638 1251 1710 1278 obli-

917 1294 970 1322 tus,
994 1290 1141 1325 perfecisse
1159 1299 1187 1318 se
1206 1295 1298 1326 putet,
1315 1298 1342 1319 et
1362 1293 1474 1328 quidem
1500 1295 1615 1329 optimc,
1635 1295 1709 1330 quod

916 1336 1057 1371 cogitarat.

951 1382 1049 1409 PALL.
1062 1382 1147 1410 Recte
1164 1383 1222 1411 ais:
1237 1391 1298 1411 nam
1313 1384 1362 1412 tibi
1379 1385 1507 1420 equidem
1520 1394 1584 1414 vera
1603 1387 1708 1416 dicenti

916 1428 1062 1455 assentior.

949 1472 1027 1500 CYR.
1044 1473 1120 1501 Mitto
1140 1474 1223 1510 igitur
1235 1474 1334 1502 horum
1350 1475 1377 1502 in
1395 1475 1447 1502 hac
1462 1484 1491 1503 re
1514 1476 1663 1511 insaniam,
1678 1485 1710 1507 ac

916 1521 993 1546 taceo
1016 1519 1126 1547 interim
1149 1520 1182 1547 de
1204 1521 1259 1548 illis
1274 1521 1444 1557 purgationis
1468 1522 1640 1551 administris
1654 1545 1660 1556 ,
1681 1529 1710 1552 et

915 1564 1000 1592 redeo
1016 1573 1113 1593 rursus
1126 1566 1160 1593 ad
1173 1574 1230 1593 rem
1244 1567 1411 1601 propositam
1427 1577 1433 1594 :
1451 1572 1532 1603 atque
1545 1568 1612 1596 illud
1625 1569 1709 1598 etiam

69 1614 106 1645 ὡς
121 1613 277 1640 ἁνούστατά
295 1621 325 1638 τε
344 1611 392 1638 καὶ
418 1610 594 1646 ἀμαθέστατα
612 1608 688 1645 βιοῦν
703 1607 859 1644 ἑλομένους,

915 1610 987 1643 dico,
1009 1610 1179 1646 deprehendi
1203 1612 1284 1640 facile
1312 1620 1393 1648 posse
1423 1614 1561 1642 idolorum
1590 1617 1710 1645 cultores

70 1657 301 1694 καταφωράσαιτό
317 1666 361 1689 τις
385 1656 419 1684 ἂν
432 1657 495 1687 τοὺς
505 1655 560 1682 τῶν
575 1654 722 1690 δαιμονίων
739 1662 861 1689 προσκυ-

70 1704 164 1740 νητάς,
177 1703 226 1730 καὶ
245 1703 313 1738 μήτε
336 1701 382 1728 τὸν
394 1700 441 1728 τοῦ
453 1700 641 1736 ἑκσμήξασθαι
660 1699 788 1731 νοοῦντας
800 1699 862 1735 τρό-

70 1759 130 1782 πον,
158 1751 227 1786 μήτε
255 1748 307 1785 μὴν
331 1747 531 1783 ἡκριὸωκότας,
561 1747 575 1773 ὅ
589 1746 696 1774 τίποτέ
716 1746 774 1773 ἐστι
790 1745 861 1772 κατὰ

69 1795 199 1832 ἀλήθειαν
216 1794 354 1831 μολυσμὸς
370 1794 418 1821 καὶ
441 1793 608 1829 βεϐήλωσις·
625 1792 743 1828 μοιχεῖαι
760 1800 790 1819 τε
807 1792 861 1827 γὰρ

70 1843 116 1870 καὶ
140 1843 174 1869 τὰ
194 1842 235 1868 ἐτι
258 1840 360 1868 τούτων
378 1838 537 1875 ἀγριώτερα
558 1838 644 1874 πάθη,
668 1837 860 1875 ἀρρενομιξίαι

70 1889 114 1915 καὶ.
127 1888 215 1922 φόνοι,
227 1886 389 1914 καταλαλιαὶ
403 1886 449 1912 καὶ
465 1885 568 1919 φθόνοι,
591 1884 800 1919 ψευδομαντείαι
814 1884 859 1910 καὶ

69 1935 145 1966 δόλοι,
159 1935 252 1969 ἀπάτη
265 1934 312 1959 καὶ
325 1932 484 1968 ψευδορκία,
501 1931 609 1967 κηλίδες
626 1930 659 1958 ἂν
675 1928 729 1957 εἷεν
748 1930 795 1957 καὶ
811 1938 861 1964 μοη

63 1981 166 2016 ’λυσμοὶ
180 1979 270 2016 ψυχὴν
285 1980 332 2007 καὶ
348 1978 428 2014 σῶμα
453 1978 694 2014 καταμιαίνουσαι,
720 1977 767 2004 καὶ
795 1976 860 2003 δυσ-

70 2025 219 2054 απόνιπτον
248 2026 358 2062 ἔχουσαι
372 2027 421 2060 τὴν
433 2024 561 2060 ἐκϐολήν.
596 2023 678 2050 Ἀλλὰ
710 2024 789 2051 ταυτὶ
810 2024 859 2059 μὲν

69 2075 128 2102 οὔτε
148 2073 216 2108 πῦρ,
239 2072 294 2100 οὔτ’
310 2073 342 2100 ἂν
358 2072 461 2099 ὑδάτων
478 2071 564 2107 πηγαὶ
578 2071 768 2106 διασμήξειαν.
785 2071 860 2106 Παρ-

69 2122 141 2153 έντες
168 2120 208 2152 δὲ,
227 2118 302 2155 οἶμαί
315 2127 376 2149 που,
393 2119 440 2144 καὶ
459 2118 490 2144 τὸ
511 2117 610 2143 εἰδέναι
638 2117 781 2152 μόνον,,ὂτι
794 2125 858 2143 σπι·

68 2167 143 2194 λοῦσι
157 2167 257 2202 ψυχὴν,
281 2165 327 2191 καὶ
350 2164 483 2196 δυσωδίας
499 2163 611 2199 ἔμπλεω
629 2162 791 2190 ἀποτελοῦσι
812 2162 857 2190 τὸν

70 2214 140 2246 νοῦν,
155 2212 262 2250 νεκρῶν
273 2211 442 2246 ἀποφοιτῶσι
458 2211 604 2246 σωμάτων,
618 2210 666 2237 καὶ
684 2210 858 2246 καταμυσάτ-

70 2268 158 2286 τονται
177 2258 208 2285 τὸ
230 2257 465 2292 κατεφθαρμένον,
485 2256 549 2287 τοὺς
566 2256 616 2290 τῆς
636 2255 742 2290 φύσεως
755 2255 856 2290 ἀτιμά-

912 1663 1019 1684 summa
1033 1664 1094 1683 eum
1107 1657 1214 1685 inscitia
1227 1661 1309 1693 atque
1323 1659 1439 1687 stultitia
1448 1660 1532 1687 vitam
1545 1661 1708 1695 instituisse,

910 1708 944 1729 ac
950 1710 1039 1737 neque
1045 1702 1227 1730 eluendorum
1234 1704 1381 1731 criminum
1388 1705 1521 1732 rationem
1531 1706 1707 1739 intellexisse,

913 1747 994 1783 196
1008 1755 1098 1783 neque
1110 1748 1268 1783 explorasse
1281 1749 1413 1784 quidnam
1431 1751 1465 1777 sit
1483 1759 1581 1778 revera
1593 1752 1668 1779 labes
1681 1756 1708 1780 et

910 1793 1070 1828 impuritas:
1096 1794 1231 1822 adulteria
1254 1802 1383 1830 namque,
1397 1799 1425 1823 ct
1445 1796 1512 1823 vitia
1532 1797 1575 1824 his
1597 1805 1708 1833 quoque

910 1839 1089 1867 immanior-az
1107 1840 1293 1867 masculorum
1314 1841 1479 1869 concubitus
1498 1850 1529 1869 ac
1543 1843 1642 1874 caedes,
1658 1843 1708 1871 de-

911 1885 1059 1913 tractiones
1077 1891 1105 1913 et
1117 1886 1237 1919 invidiae,
1252 1887 1394 1915 mendacia
1416 1895 1448 1915 ac
1462 1887 1534 1920 doli,
1549 1888 1663 1916 fallaciae
1675 1897 1708 1917 ae

909 1931 1038 1966 perjuria,
1049 1932 1159 1960 macula:
1173 1937 1237 1960 sunt
1246 1937 1273 1960 et
1284 1933 1501 1968 inquinamenta,
1512 1942 1573 1969 qua:
1588 1935 1706 1962 animam

909 1980 937 2003 et
949 1984 1049 2012 corpus
1068 1978 1205 2011 inficiunt,
1225 1987 1257 2006 ac
1279 1979 1387 2007 dillicile
1411 1980 1486 2007 ablui
1511 1985 1593 2016 atque
1623 1980 1705 2016 abjici

909 2027 1033 2057 possunt.
1045 2023 1098 2051 Sed
1110 2024 1168 2052 bazc
1180 2033 1269 2060 neque
1278 2025 1360 2061 ignis,
1370 2034 1459 2061 neque
1473 2035 1605 2062 aquarum
1618 2028 1707 2056 fontes

908 2068 1099 2097 absterserint.
1113 2070 1218 2105 Itaque,
1234 2079 1296 2098 cum
1320 2080 1355 2100 ne
1377 2073 1448 2100 scire
1466 2073 1578 2108 quidem
1596 2079 1704 2107 curent,

908 2115 967 2143 haec
978 2117 1100 2144 animum
1120 2118 1280 2153 inquinare,
1298 2123 1325 2146 et
1347 2119 1433 2147 odore
1454 2121 1573 2155 pessimo
1596 2121 1705 2156 replere

908 2166 1039 2195 mentem,
1053 2163 1193 2199 refugiunt
1208 2172 1223 2191 a
1237 2164 1430 2198 cadaveribus,
1452 2170 1480 2193 et
1500 2171 1630 2202 corrupta
1643 2175 1706 2194 cor-

908 2216 975 2244 pora
987 2215 1176 2237 exsecrantur.
1191 2211 1221 2238 In
1235 2219 1288 2246 quo
1301 2215 1405 2239 natura:
1423 2212 1497 2247 leges
1511 2217 1705 2245 contemnunt;

908 2255 1059 2290 quinetiam
1079 2257 1232 2290 esculenta,
1257 2265 1317 2292 quae
1338 2258 1486 2291 voluerint,
1509 2258 1660 2294 sapienter,
1675 2261 1706 2285 ut

72 2305 160 2338 ζοντες
172 2304 284 2340 νόμους.
302 2303 355 2330 Καὶ
372 2302 424 2338 μὴν
439 2301 485 2328 καὶ
505 2302 643 2337 ἐδωδίμων
653 2298 690 2328 ὦν
707 2302 739 2328 ἂν
754 2301 857 2328 ἓλοιντο

914 2300 962 2336 ipsi
973 2305 1081 2336 putant,
1095 2302 1267 2337 improbant:
1283 2310 1315 2330 ac
1327 2303 1348 2329 si
1362 2303 1432 2330 forte
1458 2303 1607 2339 contigerit
1620 2308 1649 2331 ut
1660 2304 1703 2331 vel

72 2351 137 2378 κατὰ
151 2351 223 2385 σφᾶς
243 2349 341 2381 αὐτοὺς
357 2348 474 2380 συνετῶς
488 2348 736 2384 καταγινώσκουσι,
760 2348 811 2376 κᾶν
832 2349 856 2375 εἰ

73 2397 189 2433 συμϐαίη
205 2396 296 2432 τυχὸν,
311 2397 359 2423 καὶ
379 2395 427 2430 οὐχ
443 2395 556 2427 ἑκόντας
578 2395 677 2430 θίγειν,
695 2395 776 2428 εὐθὺς
788 2395 857 2422 ἁνα-

73 2444 239 2480 θρώσκοντες
253 2443 299 2469 ἐπὶ
311 2442 361 2477 τὴν
374 2442 418 2469 διὰ
441 2443 526 2478 πυρὸς
550 2441 566 2478 ἢ
588 2441 684 2474 ὓδατος
703 2442 789 2470 ἵενται
806 2442 857 2469 κά-

76 2492 176 2527 θαρσιν,
192 2490 230 2522 ὡς
242 2490 273 2517 ἂν
289 2490 313 2516 εί
332 2489 410 2525 μόνον
425 2489 587 2525 ἀπόσχοιντο
610 2488 723 2521 τούτων,
740 2488 813 2523 ἆγιοί
828 2498 857 2516 τε

77 2539 118 2565 καὶ
131 2537 287 2572 εἰλικρινεῖς
304 2537 438 2572 ἐσόμενοι.
458 2537 609 2572 Ἥττηνται
625 2535 680 2570 γὰρ
692 2531 742 2562 ὧδε
755 2535 804 2575 τῆς
815 2535 857 2562 δό-

76 2584 133 2620 ξης.
152 2583 200 2611 καὶ
214 2583 378 2619 ὲξεστήκασι
395 2582 512 2619 φρενῶν,
528 2582 569 2617 ἐφ’
583 2579 623 2613 οἷς
642 2582 674 2609 ἂν
691 2581 797 2615 λέγοιτο
810 2581 858 2607 καὶ

77 2631 168 2666 σφόδρα
188 2630 314 2662 εἰκότως·
334 2639 342 2655 ι
356 2630 424 2657 Οὐαὶ
445 2630 520 2665 ὑμῖν,
541 2628 643 2665 ὲξήνιοί
662 2637 692 2655 τε
717 2628 764 2655 καὶ
786 2627 858 2663 ἀμα-

77 2675 135 2709 θεῖς,
145 2675 310 2708 διυλίζοντες
323 2674 369 2701 τὸν
385 2675 515 2706 κώνωπα,
532 2673 580 2710 τὴν
595 2673 624 2701 δὲ
639 2674 762 2709 κάμηλον
775 2681 857 2700 κατα-

78 2724 199 2754 πίνοντες,
215 2732 224 2748 ι
243 2721 331 2756 Λόγου
359 2721 413 2757 γὰρ
443 2721 582 2754 ἀξιοῦντες
595 2721 701 2753 οὐδενὸς
718 2721 748 2747 τό
764 2729 795 2755 γε
818 2719 856 2751 ὡς

78 2769 175 2804 ἀληθῶς
191 2767 391 2803 καταμολύνειν
415 2768 495 2800 εἰδδς,
519 2768 740 2804 καταπεφρίκασι
762 2775 856 2802 περιτ-

79 2815 123 2847 τῶς
141 2815 175 2842 τὰ
191 2812 287 2846 ὲφ¹οἷς
311 2814 344 2841 ἀν
370 2824 411 2847 τις
431 2815 508 2842 οὐδὲν
531 2814 661 2850 ὑπομένει
690 2814 720 2841 τὸ
747 2813 854 2849 βλάϐος.

110 2905 128 2921 ’³
138 2904 222 2933 Matii.
237 2905 353 2939 “111,24.

907 2350 1009 2382 prmter
1021 2347 1190 2375 voluntatem
1209 2348 1355 2383 attingant,
1378 2348 1451 2376 illico
1467 2349 1610 2381 resiliunt,
1624 2354 1706 2385 atque

908 2394 942 2422 ad
955 2394 1025 2430 ignis
1034 2394 1078 2422 vel
1095 2402 1172 2430 aqum
1183 2394 1374 2422 lustrationem
1395 2398 1562 2429 properant;
1578 2398 1706 2431 tanquam

907 2441 930 2468 si
948 2441 982 2468 ab
995 2441 1028 2468 iis
1041 2440 1173 2468 duntaxat
1194 2440 1388 2474 abstinuerint,
1405 2441 1491 2468 sancti
1510 2441 1565 2469 sint
1586 2450 1617 2469 ac
1641 2443 1704 2477 puri

908 2487 1010 2521 futuri;
1024 2488 1093 2515 adeo
1111 2487 1163 2515 hac
1185 2487 1314 2522 opinione
1327 2491 1391 2515 sunt
1407 2487 1542 2523 occupati,
1557 2492 1585 2515 et
1604 2489 1706 2516 mentis

908 2535 1027 2570 impotes
1048 2535 1128 2562 facti:
1143 2535 1170 2562 in
1183 2542 1251 2569 quos
1263 2534 1317 2562 dici
1330 2538 1429 2570 potest,
1443 2539 1471 2562 et
1488 2534 1600 2569 quidem
1618 2535 1705 2570 aptis-

907 2581 993 2608 sime:
1006 2590 1015 2606 ι
1027 2581 1072 2608 Vae
1084 2581 1172 2614 vobis,
1185 2581 1312 2608 eﬂrenati
1324 2589 1356 2608 ac
1367 2581 1455 2614 stulti,
1467 2581 1623 2608 excolantes
1636 2581 1704 2608 culi-

908 2635 978 2659 cem,
992 2631 1019 2654 et
1031 2627 1178 2663 glutientes
1191 2627 1327 2655 camelum
1339 2627 1370 2654 ".
1388 2636 1397 2652 ι
1412 2626 1486 2654 Nihil
1498 2627 1571 2654 enim
1585 2626 1618 2654 de
1630 2635 1661 2654 ea
1675 2635 1703 2654 re

907 2673 1032 2700 laborant
1044 2681 1104 2708 qua:
1117 2681 1180 2701 vere
1207 2673 1354 2708 inquinare
1366 2673 1525 2705 consuevit;
1539 2680 1571 2699 ea
1583 2671 1703 2699 inaniter

909 2719 1033 2752 horrent,
1054 2727 1070 2746 a
1092 2719 1194 2754 quibus
1210 2720 1287 2747 nullo
1307 2719 1442 2755 quispiam
1462 2718 1580 2746 adicitur
1596 2719 1702 2746 incom-

910 2766 1000 2793 modo.
1015 2766 1108 2801 Itaque
1118 2785 1124 2797 ,
1139 2765 1161 2792 si
1175 2766 1237 2800 quis
1249 2773 1345 2793 eorum
1364 2764 1397 2792 ad
1417 2767 1624 2792 monumentum
1636 2771 1700 2798 per-

912 2812 1026 2845 rexcrit,
1040 2816 1067 2840 cl
1086 2815 1257 2840 mortuorum
1270 2811 1411 2839 hominum
1424 2811 1549 2846 sepulcra
1560 2809 1644 2837 fuerit
1656 2808 1700 2836 in-
