1939 3041
62 128 112 156 ιιν

424 127 468 155 DE
487 125 708 155 ADORATIONE
727 126 760 154 IN
782 125 917 154 SPIRITU
937 125 981 153 ET
1002 123 1186 153 VERITATE.
1207 123 1272 153 LIB.
1292 115 1336 154 Vl:

1637 123 1689 152 L50

94 185 178 214 ΚΥΡ.
201 185 276 213 Πάνυ
295 185 345 221 μὲν
361 183 418 211 οὖν.
441 184 597 219 Ἀθεότητος
619 184 674 220 γὰρ
696 185 726 212 τὺ
750 185 843 220 χρῆμα

931 183 1010 211 CYR.
1036 184 1152 212 Maxime
1162 191 1239 211 vero.
1262 184 1311 223 Est
1325 183 1399 211 enim
1420 190 1452 210 ea
1476 190 1520 211 res
1542 182 1690 218 impietatis

61 233 171 269 μεστόν.
225 232 392 264 Συντάξαιτο
405 231 434 258 δὲ
447 231 552 263 τούτοις
566 232 613 258 καὶ
629 231 807 268 ἐπαριθμοῖτο
817 232 850 259 ἂν

59 278 184 309 εἰκότως,
205 277 236 304 τὺ
254 277 358 304 οἴεσθαι
373 276 408 303 τὰ
428 276 586 312 ἀνθρώπινα
599 278 656 308 τοῖς
670 276 851 311 ἑτέρωνδιοι-

59 323 170 350 κεῖσθαι
187 322 331 358 νεύμασιν,
348 322 396 349 καὶ
412 321 466 349 τῶν
490 321 552 348 καθ’
570 322 644 357 ἡμᾶς
660 321 780 356 ἀνῆφθαι
799 321 850 356 τὴν

58 368 186 401 ἐξουσίαν
206 369 256 403 οὐχ
273 368 348 403 ἡμᾶς
369 367 477 399 αὐτοὺς,
499 367 556 393 ἀλλ’
572 367 618 399 οὓς
635 366 668 394 ἂν
683 366 786 393 ἕλοιντο
801 375 851 402 μυ-

59 414 224 441 οοπλαστεῖν
243 415 267 440 οἰ
282 414 337 440 τῶν
349 413 436 444 οὕτως
450 404 589 440 ἀπιθάνων
613 412 756 448 δογμάτων
771 412 850 448 εὑρε-

57 460 113 487 ταί.
132 460 312 496 Εἱμαρμένην
343 459 397 494 γὰρ
415 459 462 485 καὶ
483 459 576 494 Τύχην
597 458 644 485 καὶ
664 457 783 490 Γένεσιν,
800 457 850 484 οὐκ

57 504 119 532 οἴδα
133 506 209 538 ὅπως
220 505 431 541 οἰακοστρόφους
444 504 539 539 ὥσπερ
550 503 625 535 τινὰς
640 503 801 538 ἐφιστάντες
810 502 850 538 τῷ

58 551 120 587 βίῳ,
138 551 254 578 ἕκαστον
277 551 326 588 μὲν
348 551 427 586 ἡμῶν
447 551 497 577 οὐκ
514 547 584 576 εἷναί
603 557 670 584 φασι
691 548 745 575 τῶν
775 556 847 583 πρα-

64 596 154 623 κτέων
185 595 300 631 θελητὴν
324 596 341 632 ἢ
372 596 484 631 κύριον*
500 595 614 628 ἄγεσθαι
625 594 653 621 δὲ
671 593 798 629 καθάπερ
820 592 850 625 ἐξ

57 642 212 676 ἀναγκαίου
236 641 338 677 δεσμοῦ
362 641 430 677 πρὸς
457 640 488 668 τὺ
513 641 569 672 τοῖς
593 639 726 674 κρατοῦσι
741 638 847 666 δοκοῦν.

57 684 126 714 Εἶτα
153 687 180 713 τί
202 686 234 714 ἂν
251 686 357 720 γένοιτό
382 695 448 713 ποτε
470 685 516 713 τοῦ
533 684 636 711 τοιοῦδε
661 683 847 719 ἀλογώτερον;

58 732 118 764 πῶς
138 732 160 758 δ’
177 732 210 759 ἂν
227 731 359 767 μειζόνων
375 730 505 766 ἠδίκησεν
519 730 534 756 ὁ
548 728 670 760 Σατανᾶς
691 728 720 754 τὺ
733 727 787 754 τῶν
803 728 850 754 ἀν-

58 778 178 814 θρώπων
193 778 282 813 γένος,
298 778 314 813 ἢ
328 778 372 804 ὅτε
398 777 535 812 προσῆκεν
545 773 596 803 ὧδε
610 775 718 810 φρονεῖν
734 775 780 801 καὶ
791 774 850 800 δια-

57 824 215 860 λογίζεσθαι
241 823 361 856 διαθείςς
385 822 442 854 πῶς
462 823 517 858 γὰρ
545 821 580 849 ἂν
614 821 653 848 ἔτι
675 820 850 856 βουλεύσαιτο

57 872 92 899 τὰ
107 871 227 907 χρηστὰ,
250 871 297 897 καὶ
318 870 478 906 ὲθελουργδς
502 869 545 895 ἐπ’
562 868 632 895 αὑτά
647 876 688 899 τις
711 867 746 894 τοι
765 867 848 901 ποτέ;
865 869 886 896 Β

58 917 182 952 Γεγονὼς
197 916 225 943 δὲ
245 916 293 943 καὶ
310 916 339 942 ὲν
353 916 409 947 τοῖς
423 914 554 949 αἱσχίοσι,
568 913 616 940 καὶ
632 912 815 948 πεφρονηκὼς
831 912 849 940 ἃ

61 963 97 999 μὴ
112 963 178 999 χρὴ,
192 962 250 994 πῶς
266 962 299 989 ἂν
314 961 411 988 ἑαυτὸν
426 960 536 995 αἰτιῷτο
553 960 599 987 καὶ
621 959 776 995 κατατήξας
791 960 851 990 ταῖς

59 1010 159 1042 λύπαις
177 1009 212 1036 τὰ
235 1008 338 1044 ἀμείνω
365 1006 609 1043 μεταῦουλεύσαιτο
627 1007 735 1041 φρονεῖν
749 1013 779 1032 τε
803 1005 851 1032 καὶ

59 1056 142 1091 δρᾷν;
160 1055 268 1090 ’Ὥσπερ
284 1053 339 1088 γὰρ
357 1054 414 1085 τοῖς
436 1052 486 1087 τὴν
499 1051 635 1079 θάλατταν
647 1051 785 1087 διᾴττουσι
803 1051 851 1077 καὶ

59 1101 182 1128 διαπλεῖν
205 1099 354 1135 ᾑρημένοις
386 1098 461 1125 πᾶσά
498 1105 557 1128 πως
581 1098 637 1130 τοῖς
667 1098 699 1124 ὲκ
723 1097 851 1132 πρύμνης

59 1147 175 1181 ἄγεσθαι
200 1146 307 1181 ἀνάγκη
326 1145 473 1180 πνεύμασι,
490 1145 536 1172 καὶ
552 1143 765 1176 καταὸιάζεσθαι
784 1152 852 1170 παν-

60 1193 132 1229 ταχῆ
149 1193 218 1228 πρὸς
235 1192 264 1219 τὺ
278 1192 317 1227 τῷ
329 1191 491 1218 συνωθοῦντι
504 1190 598 1218 δοκοῦν
608 1197 615 1204 ’
626 1189 697 1216 οὕτω
709 1199 762 1217 που
779 1190 845 1216 πάνυ

61 1249 117 1272 τως
143 1240 191 1266 καὶ
210 1240 277 1275 ἡμῖν
301 1239 393 1270 αὺτοῖς
417 1238 593 1273 παραχωρεῖν
621 1237 779 1270 ἀναγκαῖον,
809 1235 851 1269 ἐφ’

67 1287 136 1322 ὕπερ
150 1285 183 1313 ἃν
202 1285 289 1311 ἕλοιτο
305 1283 475 1319 διακομίζειν
489 1285 505 1319 ἡ
523 1283 609 1318 Τύχη,
627 1283 675 1309 καὶ
690 1281 725 1309 τὰ
744 1281 852 1308 δυσδιά-

62 1341 153 1369 φιικτα
167 1332 226 1360 κατ’
240 1331 360 1363 ἐκείνους
378 1332 428 1366 τῆς
450 1329 629 1366 Εἱμαρμένης
645 1328 798 1364 πνεύματα.
817 1328 852 1354 Ἣ

61 1381 113 1409 οὐκ
125 1379 216 1416 ὀρθῶς
235 1378 360 1415 εἰρῆσθαι
374 1377 452 1404 ταυτὶ
465 1377 512 1404 καὶ
528 1375 609 1408 αὐτὸς
619 1375 700 1412 οἰήσῃ
714 1375 796 1402 πάλιν
809 1383 816 1408 ;

99 1515 205 1542 ΠΑΔΛ,
219 1513 281 1545 Πῶς
295 1513 350 1548 γὰρ
362 1512 392 1540 οῦ
405 1521 413 1546 ;

900 230 991 265 plena.
1004 230 1054 258 His
1065 231 1126 266 jure
1144 232 1310 266 conjungere
1328 234 1408 265 atque
1422 229 1602 258 adnumerare
1614 230 1688 259 licet,

901 276 975 312 quod
988 276 1114 304 nonnulli
1127 280 1225 311 putant
1237 283 1281 303 res
1296 276 1430 303 humanas
1442 276 1557 303 aliorum
1576 276 1690 304 nutibus

901 323 1059 358 gubernari,
1077 323 1271 357 actionumque
1283 327 1439 349 nostrarum
1460 326 1622 357 potestatem
1634 330 1689 350 non

901 367 935 395 de
956 367 1036 394 nobis
1050 367 1117 402 ipsis
1129 367 1264 402 pendere,
1279 367 1327 394 sed
1351 367 1385 394 de
1405 367 1440 395 iis
1457 375 1518 402 qua!
1532 367 1690 403 dogmatum

901 413 971 440 adeo
979 413 1162 441 absurdorum
1174 413 1364 441 inventoribus
1375 413 1475 449 ﬁngere
1484 414 1604 441 libuerit.
1622 414 1690 441 Nam

900 459 997 486 Fatum
1006 463 1033 486 et
1041 459 1189 487 Fortunam
1210 463 1238 487 et
1247 459 1355 493 Ortum,
1363 461 1455 487 nescio
1466 468 1584 495 quonam
1596 460 1689 490 modo,

901 505 979 541 quasi
999 506 1198 541 gubernatores
1212 505 1344 541 quosdam
1356 506 1419 533 vitae
1437 506 1580 533 hominum
1600 507 1691 541 impo-

900 556 1007 585 nentes,
1025 552 1105 588 198
1117 556 1245 580 asserunt
1253 560 1308 580 non
1319 559 1379 580 esse
1403 560 1627 587 unumquemque
1638 560 1691 580 no-

901 601 989 626 strum
1007 606 1099 626 rerum
1115 598 1304 626 faciendarum
1318 602 1458 625 auctorem
1472 606 1504 626 ac
1525 598 1666 625 dominum
1681 606 1689 631 ;

901 643 949 671 sed
961 648 1090 678 tanquam
1103 644 1259 671 necessario
1271 643 1390 678 quodam
1402 643 1513 670 vinculo
1524 643 1565 678 agi
1578 651 1627 678 pro
1640 643 1692 669 im-

900 690 1056 725 perantium
1068 690 1193 717 arbitrio.
1213 689 1283 722 Quid
1307 688 1417 716 tandem
1430 689 1565 724 ejusmodi
1580 696 1609 715 re
1629 696 1690 716 esse

900 740 992 771 potest
1003 736 1234 764 irrationabilius?
1246 743 1329 771 quam
1340 742 1406 762 vero
1419 736 1549 770 majorem
1561 735 1690 770 injuriam

901 784 1044 811 hominum
1068 784 1164 819 generi
1188 783 1289 810 inferre
1307 782 1442 817 potuisset
1466 781 1589 814 Satanas,
1609 789 1690 816 quam

901 836 964 856 cum
976 828 1115 863 persuasit
1136 832 1263 863 oportere
1285 831 1316 854 ut
1335 826 1368 853 ad
1388 826 1462 853 hunc
1479 825 1591 852 modum
1605 824 1690 851 senti-

901 880 962 904 rent
972 880 1052 910 atque
1063 874 1232 909 cogitarent?
1240 872 1377 908 quomodo
1388 871 1462 899 enim
1479 871 1512 898 de
1524 871 1608 898 rebus
1619 870 1692 905 opti-

901 923 954 952 mis
967 921 1121 949 cousultare
1135 920 1251 955 aliquis,
1264 923 1292 946 et
1304 926 1336 946 ea
1359 923 1456 953 sponte
1473 917 1583 953 aggredi
1606 917 1692 952 possit

901 968 1041 1004 unquam?
1053 967 1113 995 Jam
1137 973 1214 998 vero,
1229 966 1276 1000 qui
1290 965 1317 992 in
1331 964 1459 999 turpibus
1477 964 1556 991 factis
1568 967 1693 991 versatus

901 1015 946 1048 sit,
960 1019 988 1042 et
1000 1022 1031 1041 ea
1044 1020 1181 1048 propenso
1193 1012 1285 1038 animo
1295 1015 1423 1043 sectatus,
1438 1018 1498 1044 quae
1508 1018 1562 1037 non
1573 1013 1691 1044 oportet,

900 1068 1021 1097 quonam
1045 1059 1126 1087 modo
1139 1067 1168 1086 se
1182 1059 1240 1093 ipse
1254 1057 1403 1089 accusabit,
1418 1064 1450 1083 ac
1472 1063 1588 1084 mmrore
1609 1056 1694 1084 confi-

902 1115 987 1140 cxens,
1001 1106 1035 1134 ad
1049 1105 1163 1133 meliora
1182 1108 1241 1131 tum
1254 1102 1395 1137 sapieuda,
1410 1105 1467 1129 tum
1482 1102 1615 1136 facienda,
1629 1110 1693 1130 mu-

902 1158 954 1181 tata
969 1152 1113 1184 sententia,
1126 1149 1287 1178 convertet?
1297 1148 1332 1176 Ut
1343 1148 1416 1175 enim
1430 1148 1448 1174 ii
1460 1148 1506 1183 qui
1518 1155 1593 1175 mare
1601 1152 1692 1176 trans-

901 1199 1021 1231 mittere,
1035 1202 1120 1232 atque
1138 1197 1268 1231 trajicere
1279 1195 1385 1227 volunt,
1396 1195 1508 1222 omnino
1519 1201 1631 1221 necesse
1651 1198 1693 1221 est

903 1250 933 1274 ut
944 1253 959 1273 e
971 1246 1054 1281 puppi
1080 1244 1210 1272 ﬂantibus
1222 1243 1313 1270 ventis
1332 1247 1456 1277 agantur,
1474 1245 1501 1268 et
1521 1249 1555 1268 eo
1573 1248 1624 1276 per
1636 1240 1692 1267 vim

902 1290 1070 1322 deferantur,
1093 1296 1148 1323 quo
1172 1288 1252 1315 ﬂatus
1264 1286 1441 1322 impulerint:
1457 1285 1496 1313 sic
1518 1285 1600 1312 etiam
1614 1284 1694 1312 nobis

904 1337 980 1372 ipsis,
1005 1341 1171 1370 quocunque
1187 1334 1309 1361 Fortuna
1336 1340 1387 1359 nos
1398 1331 1504 1359 deferre
1520 1331 1651 1363 voluerit,
1666 1335 1694 1358 et

904 1389 977 1410 aurae
989 1381 1130 1413 Fatorum,
1144 1383 1174 1406 ut
1186 1379 1238 1414 ipsi
1252 1381 1366 1413 putant,
1381 1375 1552 1404 inevitabiles
1562 1397 1568 1409 ,
1581 1382 1695 1410 prorsus

904 1427 1055 1456 concedere
1066 1431 1179 1454 necesse
1189 1429 1240 1453 est.
1254 1424 1349 1452 Nonne
1361 1426 1435 1450 recte
1447 1422 1505 1449 haec
1518 1429 1534 1449 a
1544 1421 1625 1449 nobis
1635 1427 1694 1448 esse

906 1475 978 1503 dicta
992 1473 1150 1501 existimas?

942 1520 1039 1548 PALL.
1053 1519 1153 1552 Quidni
1164 1516 1337 1545 existimem?

100 1561 185 1590 KrP.
205 1543 310 1588 οικόῦρ
327 1543 430 1595 ήλίθιον
441 1558 550 1595 κομιδῆ,
564 1557 609 1586 τδν
625 1557 676 1593 μὲν
690 1557 792 1592 ἀγαθὸν
806 1557 853 1584 καὶ

939 1567 1017 1595 CYR.
1031 1543 1118 1601 Igitur
1131 1566 1246 1592 stultum
1270 1571 1334 1591 sane
1348 1566 1400 1595 est,
1421 1562 1566 1589 honestum
1584 1560 1696 1595 quidem

65 1607 174 1642 ἐπιεικῆ
199 1604 348 1641 στεφανοῦν
366 1605 499 1636 ἐπαίνοις,
518 1604 565 1630 καὶ
588 1604 672 1640 τιμῆς
688 1602 792 1636 ἀξιοῦν,
807 1602 853 1630 τὸν

64 1655 91 1682 δὲ
108 1652 230 1688 πονηρὸν
255 1651 302 1679 καὶ
326 1650 474 1678 ἀκόλαστον
500 1649 625 1686 βδελυρὸν
647 1649 774 1685 ἡγείσθαι
806 1649 854 1676 καὶ

65 1699 274 1735 διεπτυσμένον.

98 1747 208 1774 ΠΑΛΛ.
228 1745 295 1772 Τίνα
310 1745 362 1780 φῂς
378 1744 478 1780 τρόπον
494 1752 501 1777 ;

98 1793 184 1820 ΚΥΡ.
207 1792 279 1825 Ὅτι,
306 1788 328 1817 ὦ
353 1791 496 1822 Παλλάδιε,
517 1789 629 1822 Γένεσίς
649 1799 679 1817 τε
704 1790 752 1818 καὶ
780 1790 856 1826 Τύχη

66 1838 231 1874 νενικήκασι
253 1837 315 1864 κατ’
334 1836 443 1868 αὐτοὺς,
459 1835 506 1863 καὶ
524 1836 693 1872 ἀνεθελήτως
710 1836 753 1862 ἐπ’
771 1836 855 1872 ἄμφω

66 1885 96 1912 τὸ
115 1883 274 1921 τρισάθλιον
293 1882 347 1910 τῶν
363 1882 409 1909 ἐπὶ
431 1882 481 1918 τῆς
508 1882 560 1918 γῆς
583 1883 750 1919 ἀποφέρουσι
766 1883 856 1918 γένος.

73 1929 244 1958 Ἐθελούσιον
259 1929 287 1955 δὲ
310 1929 374 1964 παρ’
391 1929 456 1964 ἡμῖν
469 1928 555 1955 οὐδέν.
570 1929 605 1955 ’Ἡ
622 1929 677 1964 γὰρ
690 1929 751 1964 οὐχ)⁵
763 1929 794 1955 τὸ
808 1937 855 1956 πε‹

69 1977 154 2012 φυκός
168 1985 194 2003 τι
213 1976 299 2003 κινεῖν
312 1976 359 2002 καὶ
375 1974 531 2010 δυνάμενον,
545 1975 632 2002 αἴτιον
644 1975 677 2002 ἂν
691 1975 733 2006 ετη
750 1975 798 2002 τοῦ
814 1985 857 2004 κι-

69 2022 172 2050 νεῖσθαι
186 2023 243 2054 τοῖς
260 2021 324 2057 παρ’
340 2020 422 2048 αὑτοῦ
433 2020 605 2056 κινουμένοις
619 2029 626 2055 ;

104 2114 212 2141 HAAA.
232 2112 315 2149 Φημί.

105 2160 191 2186 ΚΥΡ.
206 2158 259 2185 Ἴθι
273 2156 318 2185 οὖν
330 2158 373 2185 διά
386 2166 418 2192 γε
433 2157 488 2185 τῶν
502 2158 566 2185 ῐσων
579 2157 689 2185 ὲννοιῶν
706 2158 753 2186 ἐπὶ
766 2159 800 2186 τὰ
814 2159 860 2186 ἀν-

904 1621 936 1641 ac
947 1613 1063 1648 probum
1073 1611 1164 1638 virum
1175 1618 1274 1638 ornare
1287 1609 1425 1642 laudibus,
1433 1611 1459 1635 et
1470 1607 1574 1635 honore
1584 1606 1697 1641 dignum

902 1659 1046 1695 judicare;
1073 1656 1230 1691 improbum
1254 1663 1321 1683 vero
1344 1658 1425 1690 atque
1448 1653 1696 1688 intemperantem,

907 1709 1015 1739 turpem
1027 1707 1123 1738 putare
1135 1706 1218 1736 atque
1232 1705 1419 1728 contemnere.

942 1749 1039 1777 PALL.
1053 1749 1111 1782 Qua
1126 1748 1233 1775 ratione
1246 1747 1319 1774 istud
1332 1746 1451 1774 asseris?

942 1795 1020 1823 CYR.
1034 1794 1113 1828 Quia,
1128 1793 1241 1826 Palladi,
1256 1792 1340 1820 Ortus
1361 1800 1393 1820 ac
1407 1792 1526 1819 Fortuna
1547 1798 1580 1818 ex
1601 1797 1696 1818 eorum

907 1841 1037 1877 opinione
1048 1839 1191 1876 superiora
1211 1843 1294 1872 sunt;
1309 1843 1337 1866 et
1349 1838 1492 1865 hominum
1504 1837 1551 1872 qui
1572 1837 1600 1864 in
1611 1828 1697 1864 terris

907 1892 1053 1915 versantur
1070 1885 1255 1914 miserrimum
1276 1893 1362 1921 genus
1375 1888 1474 1920 praater
1488 1885 1657 1911 voluntatem
1669 1884 1697 1911 in

908 1938 1015 1969 partem
1031 1936 1176 1967 utramque
1192 1931 1373 1966 detorquent:
1390 1938 1479 1965 neque
1495 1930 1567 1965 apud
1583 1937 1633 1957 nos
1647 1929 1697 1957 ali-

909 1980 976 2015 quid
992 1979 1177 2006 voluntarium
1199 1986 1205 2004 2
1227 1977 1293 2013 quid
1309 1977 1402 2004 enim?
1421 1984 1511 2004 nonne
1526 1977 1553 2004 id
1576 1976 1649 2012 quod
1665 1977 1698 2004 ad

909 2024 1075 2052 movendum
1093 2023 1223 2051 idoneum
1250 2026 1291 2049 est
1308 2029 1340 2049 ae
1360 2026 1467 2057 potens,
1483 2030 1565 2050 causa
1588 2026 1631 2049 est
1649 2030 1699 2050 cur

910 2078 942 2098 ea
961 2074 1134 2103 moveantur,
1150 2077 1210 2105 quae
1224 2068 1258 2095 ab
1278 2075 1311 2096 eo
1326 2068 1489 2096 moventur?

947 2117 1044 2144 PALL.
1063 2116 1172 2143 Fateor.

947 2163 1025 2190 CYR.
1044 2163 1128 2198 Perge
1149 2162 1232 2197 igitur
1250 2169 1299 2196 per
1316 2161 1425 2189 easdem
1445 2161 1631 2197 intelligentiae
1651 2169 1700 2189 no-

72 2206 210 2242 θρὼπινα,
226 2205 273 2232 καὶ
285 2204 433 2240 ἀναμέτρει
448 2205 482 2231 τὰ
495 2204 554 2231 καθ’
570 2205 655 2239 ἡμᾶς,
668 2205 714 2232 καὶ
726 2205 759 2232 ῐν*
774 2205 853 2241 ὲσμὲι

912 2210 1000 2237 tiones
1014 2209 1046 2237 ad
1062 2217 1107 2236 res
1131 2209 1275 2240 humanas,
1291 2212 1318 2235 et
1342 2215 1387 2235 res
1408 2212 1515 2235 nostras
1533 2208 1644 2235 metire:
1662 2208 1698 2235 ita

72 2251 158 2280 κακοῦ
171 2250 360 2286 περιαθρήσῃς
368 2247 397 2277 εὖ
415 2249 498 2285 μάλα,
513 2250 537 2276 εἰ
551 2249 589 2285 μὴ
606 2251 665 2282 ταῖς
680 2250 785 2277 ἑαυτῶν
800 2250 859 2277 ἐθε-

72 2298 188 2329 λουσίοις
200 2295 331 2333 ροπαίς,ἣ
343 2295 402 2328 τὰν,
413 2295 429 2331 ἦ
439 2294 485 2321 ἐπὶ
498 2294 547 2321 τὰν
555 2295 617 2330 ῐμεν
625 2303 654 2321 τε
669 2295 717 2321 καὶ
731 2295 861 2322 διασπεύ-

72 2345 165 2378 δομεν,
194 2340 388 2378 κεκρατήμεθα
413 2340 442 2367 δὲ
466 2340 561 2375 ὥσπερ
586 2339 632 2367 καὶ
654 2340 861 2376 ὑπενηνέγμεθα

71 2391 128 2420 τοῖς
152 2389 255 2424 ἐτέρων
275 2387 366 2421 ζυγοῖς
392 2386 469 2421 ἄγειν
493 2395 524 2413 τε
545 2386 592 2414 καὶ
612 2386 705 2422 φέρειν
735 2386 769 2413 τὰ
799 2386 860 2413 καθ’

73 2437 158 2472 ἡμᾶς,
177 2432 251 2471 ᾗπερ
270 2434 303 2460 ἂν
324 2432 438 2465 ἕλοιντο,
458 2432 628 2468 δυναμένοις.
642 2432 682 2460 Τὰ
695 2432 788 2459 εἰκότα
803 2432 859 2469 γὰρ

74 2483 124 2518 ήδη
142 2480 316 2517 φρονοῦντες,
334 2480 439 2511 ἑαυτοῖς
457 2479 507 2514 μὲν
522 2479 562 2505 ἔτι
576 2478 631 2506 τῶν
641 2479 787 2514 πρακτέων
794 2479 861 2506 ἀνα-

76 2528 196 2563 θήσομεν
213 2526 300 2558 οὒδὲν,
320 2525 459 2560 ἀνάψομεν
479 2525 507 2551 δὲ
522 2524 622 2560 μᾶλλον
638 2523 687 2556 τὰς
699 2524 740 2558 ἐφ’
760 2523 862 2551 ἅπασιν

76 2574 176 2607 αἰτίας,
203 2574 260 2604 τοῖς
286 2571 328 2606 ἐφ’
349 2570 439 2598 ὁτιοῦν
462 2571 516 2598 τῶν
535 2570 606 2598 κατὰ
628 2569 740 2605 γνώμην
770 2569 862 2602 αὐτοῖς

77 2618 270 2655 πηδαλιουχεῖν
294 2616 428 2643 εἰωθόσιν.
450 2615 613 2651 Ἀφεστήξει
634 2616 667 2651 δὴ
693 2614 740 2643 οὖν
766 2616 861 2653 ὥσπερ

79 2666 189 2694 ἐπαίνου
205 2663 305 2694 παντὸς
319 2663 333 2689 ὁ
344 2662 457 2694 δίκαιος,
473 2661 545 2688 οὕτω
560 2661 607 2688 καὶ
623 2662 719 2697 ποινῆς
733 2663 747 2688 ό
756 2660 860 2696 ἄδικος,

79 2712 125 2739 καὶ
136 2711 184 2738 τοῦ
198 2708 363 2741 κολάζεσθαι
375 2708 440 2735 δεῖν.

112 2758 217 2786 ΠΑΛΛ.
242 2756 391 2792 Ὀρθότατα
411 2755 512 2790 διανοῇ.

113 2804 194 2830 KTP.
212 2803 283 2838 Εἰκῆ
304 2800 448 2836 τοιγαροῦν
466 2800 648 2836 θαυμάζουσιν
661 2802 688 2830 οἱ
703 2802 756 2830 τῶν
776 2802 865 2830 τοιού-

80 2859 131 2877 των
159 2849 305 2884 δογμάτων
332 2847 439 2883 εὑρεταὶ
466 2847 574 2874 Σόλωνά
597 2856 626 2875 τε
649 2849 692 2875 τὸν
725 2849 864 2884 Ἀθήνῃσι,

913 2256 940 2284 in
948 2263 1003 2291 quo
1010 2255 1144 2282 malorum
1154 2253 1415 2289 cumulojaceamus,
1427 2253 1528 2288 optime
1535 2254 1698 2289 perspicies:

913 2301 936 2327 si
957 2308 1012 2327 non
1030 2299 1082 2335 ipsi
1099 2299 1201 2326 nostris
1220 2299 1383 2326 voluntariis
1397 2298 1511 2325 nutibus
1522 2303 1568 2326 aut
1584 2299 1635 2327 hac
1653 2305 1701 2327 aut

913 2345 977 2373 illac
991 2345 1162 2380 ingredimur
1175 2351 1206 2371 ac
1222 2350 1399 2378 properamus
1411 2351 1418 2376 ;
1432 2342 1479 2369 sed
1498 2342 1701 2378 quodammodo

915 2395 1051 2422 tenemur,
1069 2393 1097 2417 et
1118 2389 1235 2416 aliorum
1252 2389 1317 2423 jugo
1333 2387 1449 2422 subjecti
1467 2395 1571 2420 sumus,
1593 2388 1639 2422 qui
1657 2396 1701 2415 res

914 2441 1023 2467 nostras
1031 2443 1110 2470 agere
1119 2442 1150 2462 ac
1162 2433 1234 2461 ferre
1245 2434 1363 2466 valeant,
1377 2440 1539 2468 quacunque
1553 2433 1698 2460 voluerint.

915 2482 974 2510 Iam
989 2481 1073 2514 enim,
1084 2481 1107 2508 si
1121 2479 1298 2515 congruentia
1323 2478 1519 2514 cogitabimus,
1536 2478 1615 2506 nobis
1636 2479 1701 2514 ipsis

916 2532 1007 2564 partes
1020 2534 1113 2554 rerum
1132 2525 1297 2562 agendarum
1316 2525 1468 2552 tribuemus
1479 2525 1577 2557 nullas,
1596 2525 1642 2552 sed
1659 2533 1702 2552 re-

916 2582 978 2602 rum
987 2573 1109 2602 omnium
1117 2579 1213 2600 causas
1223 2572 1257 2599 iis
1265 2571 1355 2607 potius
1363 2571 1562 2606 assignabimus
1569 2579 1629 2606 quae
1639 2579 1699 2604 nos,

916 2620 994 2656 quasi
1011 2619 1177 2656 gubernator
1188 2619 1294 2646 clavum
1303 2622 1409 2650 tenens,
1421 2624 1471 2652 pro
1480 2624 1574 2644 eorum
1587 2617 1701 2645 arbitrio

918 2666 1057 2701 impellere
1074 2665 1188 2693 soleant.
1207 2664 1303 2692 Aberit
1322 2663 1414 2699 igitur,
1432 2666 1463 2690 ut
1480 2663 1514 2690 ab
1526 2663 1600 2690 omni
1621 2662 1701 2691 laude

916 2712 1019 2748 justus,
1038 2711 1078 2739 sic
1093 2708 1216 2747 injustus'
1229 2719 1245 2738 a
1264 2717 1344 2746 poena
1362 2713 1442 2745 atque
1460 2709 1605 2744 supplicio.

955 2757 1036 2793 199
1051 2757 1151 2785 PALL.
1164 2757 1326 2786 Rectissime
1347 2755 1462 2791 colligis.

931 2803 1024 2831 'CYIt.
1035 2803 1142 2830 Talium
1160 2810 1225 2838 ergo
1244 2802 1400 2838 dogmatum
1420 2801 1581 2828 inventores
1599 2803 1702 2827 temere

919 2849 1047 2876 Solonem
1063 2849 1137 2876 illum
1150 2849 1226 2884 apud
1239 2849 1370 2882 Athenas,
1383 2847 1535 2874 Draconem
1546 2853 1654 2881 quoque
1669 2852 1702 2873 ac
