  <div class='ocr_page' id='page_1' title='image "/cluster/home/n/w/nwhite01/storage/ocr_20150623/68/njp.32101077772711/287.png"; bbox 0 0 1939 3041; ppageno 0'>
   <div class='ocr_carea' id='block_1_1' title="bbox 234 110 284 138">
    <p class='ocr_par' dir='ltr' id='par_1_1' title="bbox 234 110 284 138">
     <span class='ocr_line' id='line_1_1' title="bbox 234 110 284 138; baseline -0.02 0"><span class='ocrx_word' id='word_1_1' title='bbox 234 110 284 138; x_wconf 67' lang='lat'><strong>451</strong></span> 
     </span>
    </p>
   </div>
   <div class='ocr_carea' id='block_1_2' title="bbox 746 99 1363 133">
    <p class='ocr_par' dir='ltr' id='par_1_2' title="bbox 746 99 1363 133">
     <span class='ocr_line' id='line_1_2' title="bbox 746 99 1363 133; baseline -0.008 -1"><span class='ocrx_word' id='word_1_2' title='bbox 746 104 773 133; x_wconf 89' lang='lat' dir='ltr'><strong>S.</strong></span> <span class='ocrx_word' id='word_1_3' title='bbox 793 103 933 132; x_wconf 78' lang='lat' dir='ltr'><strong>CYRILLI</strong></span> <span class='ocrx_word' id='word_1_4' title='bbox 952 100 1188 130; x_wconf 68' lang='lat' dir='ltr'><strong>ALEXANDRINI</strong></span> <span class='ocrx_word' id='word_1_5' title='bbox 1205 99 1363 128; x_wconf 78' lang='lat' dir='ltr'><strong>ARCHIEP.</strong></span> 
     </span>
    </p>
   </div>
   <div class='ocr_carea' id='block_1_3' title="bbox 1814 98 1873 125">
    <p class='ocr_par' dir='ltr' id='par_1_3' title="bbox 1814 98 1873 125">
     <span class='ocr_line' id='line_1_3' title="bbox 1814 98 1873 125; baseline 0 0"><span class='ocrx_word' id='word_1_6' title='bbox 1814 98 1873 125; x_wconf 69' lang='lat'><strong>£52</strong></span> 
     </span>
    </p>
   </div>
   <div class='ocr_carea' id='block_1_4' title="bbox 235 153 1029 203">
    <p class='ocr_par' dir='ltr' id='par_1_4' title="bbox 235 161 1021 203">
     <span class='ocr_line' id='line_1_4' title="bbox 235 161 1021 203; baseline -0.008 -9"><span class='ocrx_word' id='word_1_7' title='bbox 235 167 387 203; x_wconf 78' lang='lat' dir='ltr'><strong>Lycurgum</strong></span> <span class='ocrx_word' id='word_1_8' title='bbox 396 165 576 196; x_wconf 79' lang='lat' dir='ltr'><strong>admirantur,</strong></span> <span class='ocrx_word' id='word_1_9' title='bbox 587 168 716 199; x_wconf 88' lang='lat' dir='ltr'><strong>tanquam</strong></span> <span class='ocrx_word' id='word_1_10' title='bbox 723 163 889 198; x_wconf 88' lang='lat' dir='ltr'><strong>optimarum</strong></span> <span class='ocrx_word' id='word_1_11' title='bbox 898 161 1021 196; x_wconf 86' lang='lat' dir='ltr'><strong>discipli—</strong></span> 
     </span>
    </p>
   </div>
   <div class='ocr_carea' id='block_1_5' title="bbox 1083 153 1871 203">
    <p class='ocr_par' dir='ltr' id='par_1_5' title="bbox 1083 153 1871 196">
     <span class='ocr_line' id='line_1_5' title="bbox 1083 153 1871 196; baseline -0.006 -9"><span class='ocrx_word' id='word_1_12' title='bbox 1083 159 1213 196; x_wconf 69' lang='grc' dir='ltr'>ιράκοντά</span> <span class='ocrx_word' id='word_1_13' title='bbox 1224 167 1253 185; x_wconf 84' lang='grc' dir='ltr'><strong>τε</strong></span> <span class='ocrx_word' id='word_1_14' title='bbox 1269 157 1316 184; x_wconf 79' lang='grc' dir='ltr'><strong>καὶ</strong></span> <span class='ocrx_word' id='word_1_15' title='bbox 1331 155 1499 191; x_wconf 87' lang='grc' dir='ltr'>Λυκοῦργον,</span> <span class='ocrx_word' id='word_1_16' title='bbox 1513 154 1550 187; x_wconf 85' lang='grc' dir='ltr'>ὡς</span> <span class='ocrx_word' id='word_1_17' title='bbox 1565 154 1714 189; x_wconf 75' lang='grc' dir='ltr'><strong>παγκάλων</strong></span> <span class='ocrx_word' id='word_1_18' title='bbox 1730 153 1871 189; x_wconf 83' lang='grc' dir='ltr'>μαθημά-</span> 
     </span>
    </p>
   </div>
   <div class='ocr_carea' id='block_1_6' title="bbox 235 208 1019 245">
    <p class='ocr_par' dir='ltr' id='par_1_6' title="bbox 235 208 1019 245">
     <span class='ocr_line' id='line_1_6' title="bbox 235 208 1019 245; baseline -0.008 -5"><span class='ocrx_word' id='word_1_19' title='bbox 235 219 332 240; x_wconf 86' lang='lat' dir='ltr'><strong>narum</strong></span> <span class='ocrx_word' id='word_1_20' title='bbox 340 214 476 242; x_wconf 88' lang='lat' dir='ltr'><strong>auctores,</strong></span> <span class='ocrx_word' id='word_1_21' title='bbox 486 214 518 237; x_wconf 88' lang='lat' dir='ltr'><strong>ut</strong></span> <span class='ocrx_word' id='word_1_22' title='bbox 528 210 576 245; x_wconf 98' lang='lat' dir='ltr'><strong>qui</strong></span> <span class='ocrx_word' id='word_1_23' title='bbox 587 210 660 245; x_wconf 83' lang='lat' dir='ltr'><strong>leges</strong></span> <span class='ocrx_word' id='word_1_24' title='bbox 671 209 774 237; x_wconf 76' lang='lat' dir='ltr'><strong>Graecis</strong></span> <span class='ocrx_word' id='word_1_25' title='bbox 782 208 1019 245; x_wconf 65' lang='lat' dir='ltr'><strong>praestantissimas</strong></span> 
     </span>
    </p>
   </div>
   <div class='ocr_carea' id='block_1_7' title="bbox 235 253 1020 288">
    <p class='ocr_par' dir='ltr' id='par_1_7' title="bbox 235 253 1020 288">
     <span class='ocr_line' id='line_1_7' title="bbox 235 253 1020 288; baseline -0.006 -3"><span class='ocrx_word' id='word_1_26' title='bbox 235 257 397 285; x_wconf 89' lang='lat' dir='ltr'><strong>invenerint.</strong></span> <span class='ocrx_word' id='word_1_27' title='bbox 409 255 480 288; x_wconf 81' lang='lat' dir='ltr'><strong>Quid</strong></span> <span class='ocrx_word' id='word_1_28' title='bbox 487 256 561 283; x_wconf 88' lang='lat' dir='ltr'><strong>enim</strong></span> <span class='ocrx_word' id='word_1_29' title='bbox 570 260 611 283; x_wconf 92' lang='lat' dir='ltr'><strong>est</strong></span> <span class='ocrx_word' id='word_1_30' title='bbox 623 263 657 283; x_wconf 83' lang='lat' dir='ltr'><strong>ex</strong></span> <span class='ocrx_word' id='word_1_31' title='bbox 669 263 701 283; x_wconf 86' lang='lat' dir='ltr'><strong>ea</strong></span> <span class='ocrx_word' id='word_1_32' title='bbox 713 263 742 283; x_wconf 91' lang='lat' dir='ltr'><strong>re</strong></span> <span class='ocrx_word' id='word_1_33' title='bbox 754 254 901 286; x_wconf 86' lang='lat' dir='ltr'><strong>commodi,</strong></span> <span class='ocrx_word' id='word_1_34' title='bbox 919 253 942 281; x_wconf 90' lang='lat' dir='ltr'><strong>si</strong></span> <span class='ocrx_word' id='word_1_35' title='bbox 950 253 1020 281; x_wconf 80' lang='lat' dir='ltr'><strong>nihil</strong></span> 
     </span>
    </p>
   </div>
   <div class='ocr_carea' id='block_1_8' title="bbox 234 299 1020 336">
    <p class='ocr_par' dir='ltr' id='par_1_8' title="bbox 234 299 1020 336">
     <span class='ocr_line' id='line_1_8' title="bbox 234 299 1020 336; baseline -0.006 -6"><span class='ocrx_word' id='word_1_36' title='bbox 234 304 262 330; x_wconf 86' lang='lat' dir='ltr'><strong>iu</strong></span> <span class='ocrx_word' id='word_1_37' title='bbox 280 307 373 330; x_wconf 89' lang='lat' dir='ltr'><strong>nostra</strong></span> <span class='ocrx_word' id='word_1_38' title='bbox 380 302 464 329; x_wconf 86' lang='lat' dir='ltr'><strong>situm</strong></span> <span class='ocrx_word' id='word_1_39' title='bbox 478 306 519 329; x_wconf 90' lang='lat' dir='ltr'><strong>est</strong></span> <span class='ocrx_word' id='word_1_40' title='bbox 529 306 682 336; x_wconf 87' lang='lat' dir='ltr'><strong>potestate;</strong></span> <span class='ocrx_word' id='word_1_41' title='bbox 697 301 744 329; x_wconf 85' lang='lat' dir='ltr'><strong>sed</strong></span> <span class='ocrx_word' id='word_1_42' title='bbox 757 301 848 336; x_wconf 82' lang='lat' dir='ltr'><strong>potius</strong></span> <span class='ocrx_word' id='word_1_43' title='bbox 858 308 892 327; x_wconf 84' lang='lat' dir='ltr'><strong>ex</strong></span> <span class='ocrx_word' id='word_1_44' title='bbox 903 299 1020 327; x_wconf 87' lang='lat' dir='ltr'><strong>aliorum</strong></span> 
     </span>
    </p>
   </div>
   <div class='ocr_carea' id='block_1_9' title="bbox 233 347 1020 382">
    <p class='ocr_par' dir='ltr' id='par_1_9' title="bbox 233 347 1020 382">
     <span class='ocr_line' id='line_1_9' title="bbox 233 347 1020 382; baseline -0.005 -7"><span class='ocrx_word' id='word_1_45' title='bbox 233 354 302 376; x_wconf 92' lang='lat' dir='ltr'><strong>nutu</strong></span> <span class='ocrx_word' id='word_1_46' title='bbox 324 352 418 375; x_wconf 88' lang='lat' dir='ltr'><strong>nostra</strong></span> <span class='ocrx_word' id='word_1_47' title='bbox 441 347 533 375; x_wconf 89' lang='lat' dir='ltr'><strong>omnia</strong></span> <span class='ocrx_word' id='word_1_48' title='bbox 555 347 693 382; x_wconf 89' lang='lat' dir='ltr'><strong>pendent?</strong></span> <span class='ocrx_word' id='word_1_49' title='bbox 711 347 864 381; x_wconf 88' lang='lat' dir='ltr'><strong>eodemque</strong></span> <span class='ocrx_word' id='word_1_50' title='bbox 888 349 1020 381; x_wconf 58' lang='lat' dir='ltr'><strong>praeterea</strong></span> 
     </span>
    </p>
   </div>
   <div class='ocr_carea' id='block_1_10' title="bbox 234 391 1017 428">
    <p class='ocr_par' dir='ltr' id='par_1_10' title="bbox 234 391 1017 428">
     <span class='ocr_line' id='line_1_10' title="bbox 234 391 1017 428; baseline -0.004 -8"><span class='ocrx_word' id='word_1_51' title='bbox 234 393 365 428; x_wconf 90' lang='lat' dir='ltr'><strong>pondere,</strong></span> <span class='ocrx_word' id='word_1_52' title='bbox 383 393 534 428; x_wconf 89' lang='lat' dir='ltr'><strong>eodemque</strong></span> <span class='ocrx_word' id='word_1_53' title='bbox 546 393 607 420; x_wconf 91' lang='lat' dir='ltr'><strong>loco</strong></span> <span class='ocrx_word' id='word_1_54' title='bbox 626 393 689 424; x_wconf 86' lang='lat' dir='ltr'><strong>erit,</strong></span> <span class='ocrx_word' id='word_1_55' title='bbox 707 392 754 427; x_wconf 86' lang='lat' dir='ltr'><strong>qui</strong></span> <span class='ocrx_word' id='word_1_56' title='bbox 779 391 854 427; x_wconf 85' lang='lat' dir='ltr'><strong>leges</strong></span> <span class='ocrx_word' id='word_1_57' title='bbox 867 391 1017 426; x_wconf 78' lang='lat' dir='ltr'><strong>ignoravit,</strong></span> 
     </span>
    </p>
   </div>
   <div class='ocr_carea' id='block_1_11' title="bbox 234 436 1023 474">
    <p class='ocr_par' dir='ltr' id='par_1_11' title="bbox 234 436 1023 474">
     <span class='ocr_line' id='line_1_11' title="bbox 234 436 1023 474; baseline -0.004 -8"><span class='ocrx_word' id='word_1_58' title='bbox 234 447 289 474; x_wconf 91' lang='lat' dir='ltr'><strong>quo</strong></span> <span class='ocrx_word' id='word_1_59' title='bbox 314 439 353 466; x_wconf 87' lang='lat' dir='ltr'><strong>illi</strong></span> <span class='ocrx_word' id='word_1_60' title='bbox 375 439 425 474; x_wconf 88' lang='lat' dir='ltr'><strong>qui</strong></span> <span class='ocrx_word' id='word_1_61' title='bbox 447 444 561 470; x_wconf 89' lang='lat' dir='ltr'><strong>norunt,</strong></span> <span class='ocrx_word' id='word_1_62' title='bbox 584 438 607 465; x_wconf 90' lang='lat' dir='ltr'><strong>si</strong></span> <span class='ocrx_word' id='word_1_63' title='bbox 632 438 790 466; x_wconf 78' lang='lat' dir='ltr'><strong>volentibus</strong></span> <span class='ocrx_word' id='word_1_64' title='bbox 810 437 886 464; x_wconf 91' lang='lat' dir='ltr'><strong>nulla</strong></span> <span class='ocrx_word' id='word_1_65' title='bbox 909 436 1023 464; x_wconf 74' lang='lat' dir='ltr'><strong>facultas</strong></span> 
     </span>
    </p>
   </div>
   <div class='ocr_carea' id='block_1_12' title="bbox 234 483 1022 520">
    <p class='ocr_par' dir='ltr' id='par_1_12' title="bbox 234 483 1022 520">
     <span class='ocr_line' id='line_1_12' title="bbox 234 483 1022 520; baseline -0.005 -7"><span class='ocrx_word' id='word_1_66' title='bbox 234 493 295 520; x_wconf 68' lang='lat' dir='ltr'><strong>quae</strong></span> <span class='ocrx_word' id='word_1_67' title='bbox 310 485 396 513; x_wconf 83' lang='lat' dir='ltr'><strong>velint</strong></span> <span class='ocrx_word' id='word_1_68' title='bbox 406 485 492 512; x_wconf 86' lang='lat' dir='ltr'><strong>libere</strong></span> <span class='ocrx_word' id='word_1_69' title='bbox 513 484 629 512; x_wconf 77' lang='lat' dir='ltr'><strong>faciendi</strong></span> <span class='ocrx_word' id='word_1_70' title='bbox 645 484 735 511; x_wconf 90' lang='lat' dir='ltr'><strong>datur.</strong></span> <span class='ocrx_word' id='word_1_71' title='bbox 749 483 906 517; x_wconf 80' lang='lat' dir='ltr'><strong>Quinetiam</strong></span> <span class='ocrx_word' id='word_1_72' title='bbox 930 483 1022 517; x_wconf 80' lang='lat' dir='ltr'><strong>legum</strong></span> 
     </span>
    </p>
   </div>
   <div class='ocr_carea' id='block_1_13' title="bbox 234 530 1023 566">
    <p class='ocr_par' dir='ltr' id='par_1_13' title="bbox 234 530 1023 566">
     <span class='ocr_line' id='line_1_13' title="bbox 234 530 1023 566; baseline -0.004 -8"><span class='ocrx_word' id='word_1_73' title='bbox 234 536 361 558; x_wconf 85' lang='lat' dir='ltr'><strong>auctores</strong></span> <span class='ocrx_word' id='word_1_74' title='bbox 371 531 449 566; x_wconf 89' lang='lat' dir='ltr'><strong>longe</strong></span> <span class='ocrx_word' id='word_1_75' title='bbox 463 530 649 566; x_wconf 88' lang='lat' dir='ltr'><strong>iniquissimos</strong></span> <span class='ocrx_word' id='word_1_76' title='bbox 662 530 788 557; x_wconf 89' lang='lat' dir='ltr'><strong>homines</strong></span> <span class='ocrx_word' id='word_1_77' title='bbox 807 530 890 557; x_wconf 80' lang='lat' dir='ltr'><strong>fuisse</strong></span> <span class='ocrx_word' id='word_1_78' title='bbox 902 536 1023 564; x_wconf 90' lang='lat' dir='ltr'><strong>pronun-</strong></span> 
     </span>
    </p>
   </div>
   <div class='ocr_carea' id='block_1_14' title="bbox 235 575 1024 612">
    <p class='ocr_par' dir='ltr' id='par_1_14' title="bbox 235 575 1024 612">
     <span class='ocr_line' id='line_1_14' title="bbox 235 575 1024 612; baseline -0.005 -7"><span class='ocrx_word' id='word_1_79' title='bbox 235 578 274 605; x_wconf 90' lang='lat' dir='ltr'><strong>tio</strong></span> <span class='ocrx_word' id='word_1_80' title='bbox 292 597 300 611; x_wconf 86' lang='lat'><strong>,</strong></span> <span class='ocrx_word' id='word_1_81' title='bbox 322 577 447 612; x_wconf 83' lang='lat' dir='ltr'><strong>quamvis</strong></span> <span class='ocrx_word' id='word_1_82' title='bbox 464 577 608 604; x_wconf 75' lang='lat' dir='ltr'><strong>maximam</strong></span> <span class='ocrx_word' id='word_1_83' title='bbox 626 577 665 603; x_wconf 88' lang='lat' dir='ltr'><strong>illi</strong></span> <span class='ocrx_word' id='word_1_84' title='bbox 676 576 789 612; x_wconf 62' lang='lat' dir='ltr'><strong>iustitiae</strong></span> <span class='ocrx_word' id='word_1_85' title='bbox 801 576 958 610; x_wconf 89' lang='lat' dir='ltr'><strong>opinionem</strong></span> <span class='ocrx_word' id='word_1_86' title='bbox 971 575 1024 602; x_wconf 86' lang='lat' dir='ltr'><strong>sibi</strong></span> 
     </span>
    </p>
   </div>
   <div class='ocr_carea' id='block_1_15' title="bbox 234 621 1025 657">
    <p class='ocr_par' dir='ltr' id='par_1_15' title="bbox 234 621 1025 657">
     <span class='ocr_line' id='line_1_15' title="bbox 234 621 1025 657; baseline -0.004 -7"><span class='ocrx_word' id='word_1_87' title='bbox 234 622 462 657; x_wconf 83' lang='lat' dir='ltr'><strong>comparaverint.</strong></span> <span class='ocrx_word' id='word_1_88' title='bbox 483 622 551 649; x_wconf 85' lang='lat' dir='ltr'><strong>Nam</strong></span> <span class='ocrx_word' id='word_1_89' title='bbox 575 630 672 657; x_wconf 88' lang='lat' dir='ltr'><strong>segnes</strong></span> <span class='ocrx_word' id='word_1_90' title='bbox 687 626 769 656; x_wconf 88' lang='lat' dir='ltr'><strong>atque</strong></span> <span class='ocrx_word' id='word_1_91' title='bbox 793 621 964 656; x_wconf 73' lang='lat' dir='ltr'><strong>negligentes</strong></span> <span class='ocrx_word' id='word_1_92' title='bbox 977 627 1025 647; x_wconf 89' lang='lat' dir='ltr'><strong>ne-</strong></span> 
     </span>
    </p>
   </div>
   <div class='ocr_carea' id='block_1_16' title="bbox 238 666 1025 701">
    <p class='ocr_par' dir='ltr' id='par_1_16' title="bbox 238 666 1025 701">
     <span class='ocr_line' id='line_1_16' title="bbox 238 666 1025 701; baseline -0.003 -7"><span class='ocrx_word' id='word_1_93' title='bbox 238 667 297 694; x_wconf 81' lang='lat' dir='ltr'><strong>scio</strong></span> <span class='ocrx_word' id='word_1_94' title='bbox 309 674 361 701; x_wconf 89' lang='lat' dir='ltr'><strong>qua</strong></span> <span class='ocrx_word' id='word_1_95' title='bbox 374 666 480 694; x_wconf 83' lang='lat' dir='ltr'><strong>ratione</strong></span> <span class='ocrx_word' id='word_1_96' title='bbox 489 666 708 701; x_wconf 88' lang='lat' dir='ltr'><strong>puniendosesse</strong></span> <span class='ocrx_word' id='word_1_97' title='bbox 715 666 938 697; x_wconf 86' lang='lat' dir='ltr'><strong>decreverunt,et</strong></span> <span class='ocrx_word' id='word_1_98' title='bbox 949 673 1025 693; x_wconf 87' lang='lat' dir='ltr'><strong>acer-</strong></span> 
     </span>
    </p>
   </div>
   <div class='ocr_carea' id='block_1_17' title="bbox 235 710 1025 747">
    <p class='ocr_par' dir='ltr' id='par_1_17' title="bbox 235 710 1025 747">
     <span class='ocr_line' id='line_1_17' title="bbox 235 710 1025 747; baseline -0.001 -8"><span class='ocrx_word' id='word_1_99' title='bbox 235 711 284 739; x_wconf 88' lang='lat' dir='ltr'><strong>bas</strong></span> <span class='ocrx_word' id='word_1_100' title='bbox 297 711 553 747; x_wconf 87' lang='lat' dir='ltr'><strong>violatarumlegum</strong></span> <span class='ocrx_word' id='word_1_101' title='bbox 566 719 661 746; x_wconf 86' lang='lat' dir='ltr'><strong>poenas</strong></span> <span class='ocrx_word' id='word_1_102' title='bbox 674 712 740 739; x_wconf 80' lang='lat' dir='ltr'><strong>dare</strong></span> <span class='ocrx_word' id='word_1_103' title='bbox 753 711 917 744; x_wconf 72' lang='lat' dir='ltr'><strong>voluerunt;</strong></span> <span class='ocrx_word' id='word_1_104' title='bbox 932 710 1025 746; x_wconf 88' lang='lat' dir='ltr'><strong>pueris</strong></span> 
     </span>
    </p>
   </div>
   <div class='ocr_carea' id='block_1_18' title="bbox 235 756 1024 792">
    <p class='ocr_par' dir='ltr' id='par_1_18' title="bbox 235 756 1024 792">
     <span class='ocr_line' id='line_1_18' title="bbox 235 756 1024 792; baseline -0.003 -8"><span class='ocrx_word' id='word_1_105' title='bbox 235 761 325 784; x_wconf 88' lang='lat' dir='ltr'><strong>autem</strong></span> <span class='ocrx_word' id='word_1_106' title='bbox 340 757 417 791; x_wconf 89' lang='lat' dir='ltr'><strong>quasi</strong></span> <span class='ocrx_word' id='word_1_107' title='bbox 431 758 539 792; x_wconf 83' lang='lat' dir='ltr'><strong>regulas</strong></span> <span class='ocrx_word' id='word_1_108' title='bbox 551 757 694 792; x_wconf 85' lang='lat' dir='ltr'><strong>quasdam,</strong></span> <span class='ocrx_word' id='word_1_109' title='bbox 712 761 740 784; x_wconf 87' lang='lat' dir='ltr'><strong>et</strong></span> <span class='ocrx_word' id='word_1_110' title='bbox 753 756 834 783; x_wconf 92' lang='lat' dir='ltr'><strong>laude</strong></span> <span class='ocrx_word' id='word_1_111' title='bbox 849 756 1024 791; x_wconf 85' lang='lat' dir='ltr'><strong>dignissimas</strong></span> 
     </span>
    </p>
   </div>
   <div class='ocr_carea' id='block_1_19' title="bbox 235 802 1025 837">
    <p class='ocr_par' dir='ltr' id='par_1_19' title="bbox 235 802 1025 837">
     <span class='ocr_line' id='line_1_19' title="bbox 235 802 1025 837; baseline 0 -8"><span class='ocrx_word' id='word_1_112' title='bbox 235 802 297 829; x_wconf 62' lang='lat' dir='ltr'><strong>vim</strong></span> <span class='ocrx_word' id='word_1_113' title='bbox 313 803 488 830; x_wconf 63' lang='lat' dir='ltr'><strong>instituenda:</strong></span> <span class='ocrx_word' id='word_1_114' title='bbox 503 803 622 830; x_wconf 83' lang='lat' dir='ltr'><strong>rationes</strong></span> <span class='ocrx_word' id='word_1_115' title='bbox 635 802 810 830; x_wconf 87' lang='lat' dir='ltr'><strong>tradiderunt</strong></span> <span class='ocrx_word' id='word_1_116' title='bbox 831 811 839 836; x_wconf 86' lang='lat'><strong>;</strong></span> <span class='ocrx_word' id='word_1_117' title='bbox 854 803 938 837; x_wconf 92' lang='lat' dir='ltr'><strong>idque</strong></span> <span class='ocrx_word' id='word_1_118' title='bbox 952 802 1025 829; x_wconf 84' lang='lat' dir='ltr'><strong>fece-</strong></span> 
     </span>
    </p>
   </div>
   <div class='ocr_carea' id='block_1_20' title="bbox 1071 202 1872 242">
    <p class='ocr_par' dir='ltr' id='par_1_20' title="bbox 1071 202 1872 242">
     <span class='ocr_line' id='line_1_20' title="bbox 1071 202 1872 242; baseline -0.007 -8"><span class='ocrx_word' id='word_1_119' title='bbox 1071 215 1125 234; x_wconf 86' lang='grc' dir='ltr'><strong>των</strong></span> <span class='ocrx_word' id='word_1_120' title='bbox 1134 205 1292 242; x_wconf 73' lang='grc' dir='ltr'>εἰσηγητὰς,</span> <span class='ocrx_word' id='word_1_121' title='bbox 1302 205 1349 231; x_wconf 75' lang='grc' dir='ltr'><strong>καὶ</strong></span> <span class='ocrx_word' id='word_1_122' title='bbox 1359 204 1459 239; x_wconf 83' lang='grc' dir='ltr'>νόμους</span> <span class='ocrx_word' id='word_1_123' title='bbox 1469 203 1525 234; x_wconf 80' lang='grc' dir='ltr'>τοῖς</span> <span class='ocrx_word' id='word_1_124' title='bbox 1536 203 1649 238; x_wconf 85' lang='grc' dir='ltr'>Ἕλλησι</span> <span class='ocrx_word' id='word_1_125' title='bbox 1661 203 1725 234; x_wconf 81' lang='grc' dir='ltr'>τοὺς</span> <span class='ocrx_word' id='word_1_126' title='bbox 1734 202 1872 237; x_wconf 80' lang='grc' dir='ltr'><strong>ἀρίστους</strong></span> 
     </span>
    </p>
   </div>
   <div class='ocr_carea' id='block_1_21' title="bbox 1072 249 1873 289">
    <p class='ocr_par' dir='ltr' id='par_1_21' title="bbox 1072 249 1873 289">
     <span class='ocr_line' id='line_1_21' title="bbox 1072 249 1873 289; baseline -0.007 -9"><span class='ocrx_word' id='word_1_127' title='bbox 1072 253 1266 289; x_wconf 79' lang='grc' dir='ltr'>ἑξευρηκότας.</span> <span class='ocrx_word' id='word_1_128' title='bbox 1284 251 1353 278; x_wconf 87' lang='grc' dir='ltr'>Ποία</span> <span class='ocrx_word' id='word_1_129' title='bbox 1367 250 1422 286; x_wconf 84' lang='grc' dir='ltr'>γὰρ</span> <span class='ocrx_word' id='word_1_130' title='bbox 1438 251 1469 276; x_wconf 80' lang='grc' dir='ltr'>ἐκ</span> <span class='ocrx_word' id='word_1_131' title='bbox 1485 249 1562 276; x_wconf 80' lang='grc' dir='ltr'>τοῦδε</span> <span class='ocrx_word' id='word_1_132' title='bbox 1579 249 1672 276; x_wconf 74' lang='grc' dir='ltr'>λοιπὸν</span> <span class='ocrx_word' id='word_1_133' title='bbox 1686 249 1702 284; x_wconf 87' lang='grc' dir='ltr'><strong>ή</strong></span> <span class='ocrx_word' id='word_1_134' title='bbox 1719 249 1828 284; x_wconf 81' lang='grc' dir='ltr'>ὁνησις,</span> <span class='ocrx_word' id='word_1_135' title='bbox 1844 250 1873 275; x_wconf 74' lang='grc' dir='ltr'><strong>εί</strong></span> 
     </span>
    </p>
   </div>
   <div class='ocr_carea' id='block_1_22' title="bbox 1072 294 1870 334">
    <p class='ocr_par' dir='ltr' id='par_1_22' title="bbox 1072 294 1870 334">
     <span class='ocr_line' id='line_1_22' title="bbox 1072 294 1870 334; baseline -0.005 -9"><span class='ocrx_word' id='word_1_136' title='bbox 1072 299 1154 334; x_wconf 79' lang='grc' dir='ltr'>μηδὲν</span> <span class='ocrx_word' id='word_1_137' title='bbox 1166 298 1208 333; x_wconf 73' lang='grc' dir='ltr'><strong>ἐφ’</strong></span> <span class='ocrx_word' id='word_1_138' title='bbox 1222 298 1299 334; x_wconf 79' lang='grc' dir='ltr'>ἡμῖν,</span> <span class='ocrx_word' id='word_1_139' title='bbox 1315 294 1440 332; x_wconf 78' lang='grc' dir='ltr'>ἀνῆπται</span> <span class='ocrx_word' id='word_1_140' title='bbox 1450 295 1479 322; x_wconf 82' lang='grc' dir='ltr'>δὲ</span> <span class='ocrx_word' id='word_1_141' title='bbox 1496 295 1594 331; x_wconf 83' lang='grc' dir='ltr'>μᾶλλον</span> <span class='ocrx_word' id='word_1_142' title='bbox 1607 294 1640 321; x_wconf 87' lang='grc' dir='ltr'><strong>τὰ</strong></span> <span class='ocrx_word' id='word_1_143' title='bbox 1651 294 1730 330; x_wconf 83' lang='grc' dir='ltr'>ἡμῶν</span> <span class='ocrx_word' id='word_1_144' title='bbox 1741 295 1786 321; x_wconf 82' lang='grc' dir='ltr'>ἑτέ</span> <span class='ocrx_word' id='word_1_145' title='bbox 1792 303 1870 330; x_wconf 84' lang='grc' dir='ltr'>ροις;</span> 
     </span>
    </p>
   </div>
   <div class='ocr_carea' id='block_1_23' title="bbox 1070 341 1873 380">
    <p class='ocr_par' dir='ltr' id='par_1_23' title="bbox 1070 341 1873 380">
     <span class='ocr_line' id='line_1_23' title="bbox 1070 341 1873 380; baseline -0.006 -8"><span class='ocrx_word' id='word_1_146' title='bbox 1070 347 1100 373; x_wconf 78' lang='grc' dir='ltr'>ὲν</span> <span class='ocrx_word' id='word_1_147' title='bbox 1115 345 1164 380; x_wconf 85' lang='grc' dir='ltr'>ῐσῳ</span> <span class='ocrx_word' id='word_1_148' title='bbox 1180 344 1209 371; x_wconf 83' lang='grc' dir='ltr'><strong>δέ</strong></span> <span class='ocrx_word' id='word_1_149' title='bbox 1222 353 1272 370; x_wconf 88' lang='grc' dir='ltr'><strong>που</strong></span> <span class='ocrx_word' id='word_1_150' title='bbox 1285 343 1335 370; x_wconf 77' lang='grc' dir='ltr'><strong>καὶ</strong></span> <span class='ocrx_word' id='word_1_151' title='bbox 1350 344 1378 370; x_wconf 86' lang='grc' dir='ltr'>ὲν</span> <span class='ocrx_word' id='word_1_152' title='bbox 1393 341 1478 377; x_wconf 84' lang='grc' dir='ltr'><strong>ὁμοίῳ</strong></span> <span class='ocrx_word' id='word_1_153' title='bbox 1492 341 1596 372; x_wconf 79' lang='grc' dir='ltr'>λοιπὸν,</span> <span class='ocrx_word' id='word_1_154' title='bbox 1613 342 1670 373; x_wconf 83' lang='grc' dir='ltr'>τοῖς</span> <span class='ocrx_word' id='word_1_155' title='bbox 1683 342 1746 373; x_wconf 77' lang='grc' dir='ltr'>τοὺς</span> <span class='ocrx_word' id='word_1_156' title='bbox 1763 341 1873 376; x_wconf 88' lang='grc' dir='ltr'>νόμους</span> 
     </span>
    </p>
   </div>
   <div class='ocr_carea' id='block_1_24' title="bbox 1071 387 1873 424">
    <p class='ocr_par' dir='ltr' id='par_1_24' title="bbox 1071 387 1873 424">
     <span class='ocr_line' id='line_1_24' title="bbox 1071 387 1873 424; baseline -0.007 -6"><span class='ocrx_word' id='word_1_157' title='bbox 1071 392 1162 424; x_wconf 72' lang='grc' dir='ltr'>εἰδόσι,</span> <span class='ocrx_word' id='word_1_158' title='bbox 1177 391 1224 418; x_wconf 73' lang='grc' dir='ltr'>καὶ</span> <span class='ocrx_word' id='word_1_159' title='bbox 1242 391 1255 417; x_wconf 86' lang='grc' dir='ltr'><strong>ὁ</strong></span> <span class='ocrx_word' id='word_1_160' title='bbox 1269 389 1381 421; x_wconf 84' lang='grc' dir='ltr'><strong>τούτους</strong></span> <span class='ocrx_word' id='word_1_161' title='bbox 1400 387 1554 424; x_wconf 78' lang='grc' dir='ltr'>ὴγνοηκὼς,</span> <span class='ocrx_word' id='word_1_162' title='bbox 1570 388 1594 414; x_wconf 83' lang='grc' dir='ltr'><strong>εί</strong></span> <span class='ocrx_word' id='word_1_163' title='bbox 1613 387 1650 423; x_wconf 83' lang='grc' dir='ltr'>μὴ</span> <span class='ocrx_word' id='word_1_164' title='bbox 1670 387 1781 422; x_wconf 82' lang='grc' dir='ltr'>μέτεστι</span> <span class='ocrx_word' id='word_1_165' title='bbox 1798 387 1873 422; x_wconf 79' lang='grc' dir='ltr'>δρᾷν</span> 
     </span>
    </p>
   </div>
   <div class='ocr_carea' id='block_1_25' title="bbox 1070 433 1873 469">
    <p class='ocr_par' dir='ltr' id='par_1_25' title="bbox 1070 433 1873 469">
     <span class='ocr_line' id='line_1_25' title="bbox 1070 433 1873 469; baseline -0.009 -5"><span class='ocrx_word' id='word_1_166' title='bbox 1070 439 1126 469; x_wconf 84' lang='grc' dir='ltr'>τοῖς</span> <span class='ocrx_word' id='word_1_167' title='bbox 1137 437 1276 464; x_wconf 78' lang='grc' dir='ltr'>ἐθέλουσιν</span> <span class='ocrx_word' id='word_1_168' title='bbox 1289 434 1450 467; x_wconf 67' lang='grc' dir='ltr'>ἐλευθέρως,</span> <span class='ocrx_word' id='word_1_169' title='bbox 1467 433 1485 461; x_wconf 78' lang='grc' dir='ltr'>ἃ</span> <span class='ocrx_word' id='word_1_170' title='bbox 1499 433 1532 460; x_wconf 75' lang='grc' dir='ltr'>ἂν</span> <span class='ocrx_word' id='word_1_171' title='bbox 1546 434 1647 460; x_wconf 70' lang='grc' dir='ltr'>ἕλοιντο</span> <span class='ocrx_word' id='word_1_172' title='bbox 1659 433 1750 467; x_wconf 84' lang='grc' dir='ltr'>τυχὸν,</span> <span class='ocrx_word' id='word_1_173' title='bbox 1765 433 1873 459; x_wconf 78' lang='grc' dir='ltr'>ἀδικω-</span> 
     </span>
    </p>
   </div>
   <div class='ocr_carea' id='block_1_26' title="bbox 1071 478 1872 515">
    <p class='ocr_par' dir='ltr' id='par_1_26' title="bbox 1071 478 1872 515">
     <span class='ocr_line' id='line_1_26' title="bbox 1071 478 1872 515; baseline -0.009 -4"><span class='ocrx_word' id='word_1_174' title='bbox 1071 484 1168 515; x_wconf 84' lang='grc' dir='ltr'>τάτους</span> <span class='ocrx_word' id='word_1_175' title='bbox 1183 483 1211 509; x_wconf 83' lang='grc' dir='ltr'>δὲ</span> <span class='ocrx_word' id='word_1_176' title='bbox 1229 482 1290 508; x_wconf 83' lang='grc' dir='ltr'>λίαν</span> <span class='ocrx_word' id='word_1_177' title='bbox 1306 482 1369 513; x_wconf 81' lang='grc' dir='ltr'>τοὺς</span> <span class='ocrx_word' id='word_1_178' title='bbox 1386 480 1440 508; x_wconf 84' lang='grc' dir='ltr'><strong>τῶν</strong></span> <span class='ocrx_word' id='word_1_179' title='bbox 1458 480 1548 515; x_wconf 86' lang='grc' dir='ltr'>νόμων</span> <span class='ocrx_word' id='word_1_180' title='bbox 1568 479 1712 514; x_wconf 75' lang='grc' dir='ltr'>ὑφηγητάς</span> <span class='ocrx_word' id='word_1_181' title='bbox 1737 478 1872 513; x_wconf 83' lang='grc' dir='ltr'>γενέσθαι</span> 
     </span>
    </p>
   </div>
   <div class='ocr_carea' id='block_1_27' title="bbox 1072 523 1871 565">
    <p class='ocr_par' dir='ltr' id='par_1_27' title="bbox 1072 523 1871 565">
     <span class='ocr_line' id='line_1_27' title="bbox 1072 523 1871 565; baseline -0.008 -10"><span class='ocrx_word' id='word_1_182' title='bbox 1072 529 1154 565; x_wconf 68' lang='grc' dir='ltr'>φημὶ,</span> <span class='ocrx_word' id='word_1_183' title='bbox 1170 528 1216 555; x_wconf 84' lang='grc' dir='ltr'><strong>καί</strong></span> <span class='ocrx_word' id='word_1_184' title='bbox 1234 537 1275 554; x_wconf 86' lang='grc' dir='ltr'><strong>τοι</strong></span> <span class='ocrx_word' id='word_1_185' title='bbox 1289 527 1418 561; x_wconf 77' lang='grc' dir='ltr'><strong>πλείστην</strong></span> <span class='ocrx_word' id='word_1_186' title='bbox 1440 526 1506 561; x_wconf 84' lang='grc' dir='ltr'>ὅσην</span> <span class='ocrx_word' id='word_1_187' title='bbox 1527 525 1606 557; x_wconf 79' lang='grc' dir='ltr'>δόξαν</span> <span class='ocrx_word' id='word_1_188' title='bbox 1628 525 1802 559; x_wconf 84' lang='grc' dir='ltr'><strong>δικαιοσύνης</strong></span> <span class='ocrx_word' id='word_1_189' title='bbox 1824 523 1871 557; x_wconf 78' lang='grc' dir='ltr'><strong>ἐφ’</strong></span> 
     </span>
    </p>
   </div>
   <div class='ocr_carea' id='block_1_28' title="bbox 1073 570 1868 610">
    <p class='ocr_par' dir='ltr' id='par_1_28' title="bbox 1073 570 1868 610">
     <span class='ocr_line' id='line_1_28' title="bbox 1073 570 1868 610; baseline -0.01 -7"><span class='ocrx_word' id='word_1_190' title='bbox 1073 577 1177 607; x_wconf 77' lang='grc' dir='ltr'><strong>ἑαυτοῖς</strong></span> <span class='ocrx_word' id='word_1_191' title='bbox 1191 575 1354 610; x_wconf 85' lang='grc' dir='ltr'>ᾑρημένους.</span> <span class='ocrx_word' id='word_1_192' title='bbox 1371 572 1475 608; x_wconf 85' lang='grc' dir='ltr'>Χρῆναι</span> <span class='ocrx_word' id='word_1_193' title='bbox 1490 572 1545 608; x_wconf 84' lang='grc' dir='ltr'>γὰρ</span> <span class='ocrx_word' id='word_1_194' title='bbox 1559 571 1592 606; x_wconf 79' lang='grc' dir='ltr'>δὴ</span> <span class='ocrx_word' id='word_1_195' title='bbox 1605 570 1868 606; x_wconf 82' lang='grc' dir='ltr'>νενομοθετήκασιν,</span> 
     </span>
    </p>
   </div>
   <div class='ocr_carea' id='block_1_29' title="bbox 1073 615 1871 655">
    <p class='ocr_par' dir='ltr' id='par_1_29' title="bbox 1073 615 1871 655">
     <span class='ocr_line' id='line_1_29' title="bbox 1073 615 1871 655; baseline -0.01 -6"><span class='ocrx_word' id='word_1_196' title='bbox 1073 623 1123 649; x_wconf 74' lang='grc' dir='ltr'>οὐκ</span> <span class='ocrx_word' id='word_1_197' title='bbox 1141 619 1188 648; x_wconf 76' lang='grc' dir='ltr'>οἷδ’</span> <span class='ocrx_word' id='word_1_198' title='bbox 1209 622 1302 653; x_wconf 81' lang='grc' dir='ltr'>ὅπως,</span> <span class='ocrx_word' id='word_1_199' title='bbox 1319 620 1382 651; x_wconf 75' lang='grc' dir='ltr'>τοὺς</span> <span class='ocrx_word' id='word_1_200' title='bbox 1402 618 1591 655; x_wconf 79' lang='grc' dir='ltr'>ρᾳθυμοῦντας</span> <span class='ocrx_word' id='word_1_201' title='bbox 1615 616 1794 649; x_wconf 83' lang='grc' dir='ltr'>κολάζεσθαι,</span> <span class='ocrx_word' id='word_1_202' title='bbox 1821 615 1871 642; x_wconf 70' lang='grc' dir='ltr'>καὶ</span> 
     </span>
    </p>
   </div>
   <div class='ocr_carea' id='block_1_30' title="bbox 1074 663 1871 703">
    <p class='ocr_par' dir='ltr' id='par_1_30' title="bbox 1074 663 1871 703">
     <span class='ocr_line' id='line_1_30' title="bbox 1074 663 1871 703; baseline -0.005 -8"><span class='ocrx_word' id='word_1_203' title='bbox 1074 668 1175 703; x_wconf 71' lang='grc' dir='ltr'>πικρὰς</span> <span class='ocrx_word' id='word_1_204' title='bbox 1191 668 1241 702; x_wconf 84' lang='grc' dir='ltr'>τῆς</span> <span class='ocrx_word' id='word_1_205' title='bbox 1260 666 1443 701; x_wconf 80' lang='grc' dir='ltr'>παραόάσεως</span> <span class='ocrx_word' id='word_1_206' title='bbox 1456 663 1631 691; x_wconf 78' lang='grc' dir='ltr'>ἀποτιννύναι</span> <span class='ocrx_word' id='word_1_207' title='bbox 1645 663 1734 695; x_wconf 79' lang='grc' dir='ltr'>δίκας,</span> <span class='ocrx_word' id='word_1_208' title='bbox 1749 663 1871 694; x_wconf 76' lang='grc' dir='ltr'>κανόνας</span> 
     </span>
    </p>
   </div>
   <div class='ocr_carea' id='block_1_31' title="bbox 1074 707 1872 746">
    <p class='ocr_par' dir='ltr' id='par_1_31' title="bbox 1074 707 1872 746">
     <span class='ocr_line' id='line_1_31' title="bbox 1074 707 1872 746; baseline -0.006 -8"><span class='ocrx_word' id='word_1_209' title='bbox 1074 712 1102 738; x_wconf 81' lang='grc' dir='ltr'>δὲ</span> <span class='ocrx_word' id='word_1_210' title='bbox 1129 711 1224 746; x_wconf 83' lang='grc' dir='ltr'>ὥσπερ</span> <span class='ocrx_word' id='word_1_211' title='bbox 1256 712 1312 742; x_wconf 86' lang='grc' dir='ltr'>τοῖς</span> <span class='ocrx_word' id='word_1_212' title='bbox 1351 710 1422 741; x_wconf 81' lang='grc' dir='ltr'>νέοις</span> <span class='ocrx_word' id='word_1_213' title='bbox 1451 709 1498 736; x_wconf 78' lang='grc' dir='ltr'>καὶ</span> <span class='ocrx_word' id='word_1_214' title='bbox 1530 708 1718 742; x_wconf 73' lang='grc' dir='ltr'><strong>παιδαγωγίας</strong></span> <span class='ocrx_word' id='word_1_215' title='bbox 1747 707 1872 743; x_wconf 84' lang='grc' dir='ltr'><strong>τρόπους</strong></span> 
     </span>
    </p>
   </div>
   <div class='ocr_carea' id='block_1_32' title="bbox 1074 754 1871 791">
    <p class='ocr_par' dir='ltr' id='par_1_32' title="bbox 1074 754 1871 791">
     <span class='ocr_line' id='line_1_32' title="bbox 1074 754 1871 791; baseline -0.008 -6"><span class='ocrx_word' id='word_1_216' title='bbox 1074 757 1353 790; x_wconf 82' lang='grc' dir='ltr'>ἀξιεπαινετωτάτους</span> <span class='ocrx_word' id='word_1_217' title='bbox 1373 754 1606 791; x_wconf 72' lang='grc' dir='ltr'>παραδεδώκασιν,</span> <span class='ocrx_word' id='word_1_218' title='bbox 1622 754 1637 790; x_wconf 74' lang='grc' dir='ltr'>ἢ</span> <span class='ocrx_word' id='word_1_219' title='bbox 1650 754 1687 786; x_wconf 84' lang='grc' dir='ltr'>ὡς</span> <span class='ocrx_word' id='word_1_220' title='bbox 1699 754 1729 781; x_wconf 84' lang='grc' dir='ltr'>ὃν</span> <span class='ocrx_word' id='word_1_221' title='bbox 1744 754 1788 788; x_wconf 76' lang='grc' dir='ltr'><strong>ἐφ’</strong></span> <span class='ocrx_word' id='word_1_222' title='bbox 1801 754 1871 788; x_wconf 73' lang='grc' dir='ltr'>ἡμῖν</span> 
     </span>
    </p>
   </div>
   <div class='ocr_carea' id='block_1_33' title="bbox 1075 797 1870 836">
    <p class='ocr_par' dir='ltr' id='par_1_33' title="bbox 1075 797 1870 836">
     <span class='ocr_line' id='line_1_33' title="bbox 1075 797 1870 836; baseline -0.006 -6"><span class='ocrx_word' id='word_1_223' title='bbox 1075 803 1184 835; x_wconf 74' lang='grc' dir='ltr'>αὐτοῖς,</span> <span class='ocrx_word' id='word_1_224' title='bbox 1202 803 1232 829; x_wconf 79' lang='grc' dir='ltr'>τὸ</span> <span class='ocrx_word' id='word_1_225' title='bbox 1246 801 1365 829; x_wconf 81' lang='grc' dir='ltr'>διαὸιοῦν</span> <span class='ocrx_word' id='word_1_226' title='bbox 1382 800 1489 827; x_wconf 80' lang='grc' dir='ltr'><strong>ἑλέσθαι</strong></span> <span class='ocrx_word' id='word_1_227' title='bbox 1505 800 1611 836; x_wconf 84' lang='grc' dir='ltr'>σεμνῶς</span> <span class='ocrx_word' id='word_1_228' title='bbox 1623 799 1658 835; x_wconf 86' lang='grc' dir='ltr'>,ἢ</span> <span class='ocrx_word' id='word_1_229' title='bbox 1674 800 1724 826; x_wconf 76' lang='grc' dir='ltr'>οὐκ</span> <span class='ocrx_word' id='word_1_230' title='bbox 1739 797 1788 825; x_wconf 78' lang='grc' dir='ltr'>οἶδ’</span> <span class='ocrx_word' id='word_1_231' title='bbox 1811 799 1826 824; x_wconf 83' lang='grc' dir='ltr'><strong>ὁ</strong></span> <span class='ocrx_word' id='word_1_232' title='bbox 1843 807 1870 825; x_wconf 90' lang='grc' dir='ltr'><strong>τι</strong></span> 
     </span>
    </p>
   </div>
   <div class='ocr_carea' id='block_1_34' title="bbox 236 837 1029 884">
    <p class='ocr_par' dir='ltr' id='par_1_34' title="bbox 236 847 1026 883">
     <span class='ocr_line' id='line_1_34' title="bbox 236 847 1026 883; baseline 0 -9"><span class='ocrx_word' id='word_1_233' title='bbox 236 852 311 879; x_wconf 88' lang='lat' dir='ltr'><strong>runt,</strong></span> <span class='ocrx_word' id='word_1_234' title='bbox 324 852 371 874; x_wconf 91' lang='lat' dir='ltr'><strong>aut</strong></span> <span class='ocrx_word' id='word_1_235' title='bbox 383 848 458 882; x_wconf 92' lang='lat' dir='ltr'><strong>quod</strong></span> <span class='ocrx_word' id='word_1_236' title='bbox 483 847 512 874; x_wconf 92' lang='lat' dir='ltr'><strong>in</strong></span> <span class='ocrx_word' id='word_1_237' title='bbox 539 852 632 875; x_wconf 88' lang='lat' dir='ltr'><strong>nostra</strong></span> <span class='ocrx_word' id='word_1_238' title='bbox 650 847 778 875; x_wconf 79' lang='lat' dir='ltr'><strong>facultate</strong></span> <span class='ocrx_word' id='word_1_239' title='bbox 795 848 876 875; x_wconf 85' lang='lat' dir='ltr'><strong>situm</strong></span> <span class='ocrx_word' id='word_1_240' title='bbox 897 852 1026 883; x_wconf 81' lang='lat' dir='ltr'><strong>putarent</strong></span> 
     </span>
    </p>
   </div>
   <div class='ocr_carea' id='block_1_35' title="bbox 1083 837 1871 884">
    <p class='ocr_par' dir='ltr' id='par_1_35' title="bbox 1083 843 1871 884">
     <span class='ocr_line' id='line_1_35' title="bbox 1083 843 1871 884; baseline -0.006 -8"><span class='ocrx_word' id='word_1_241' title='bbox 1083 849 1290 884; x_wconf 77' lang='grc' dir='ltr'><strong>πεφρονηκότες.</strong></span> <span class='ocrx_word' id='word_1_242' title='bbox 1301 847 1369 883; x_wconf 72' lang='grc' dir='ltr'>Φαίη</span> <span class='ocrx_word' id='word_1_243' title='bbox 1385 847 1408 874; x_wconf 82' lang='grc' dir='ltr'>δ’</span> <span class='ocrx_word' id='word_1_244' title='bbox 1422 847 1465 879; x_wconf 82' lang='grc' dir='ltr'>ἂν,</span> <span class='ocrx_word' id='word_1_245' title='bbox 1477 845 1564 882; x_wconf 80' lang='grc' dir='ltr'>οἶμαι,</span> <span class='ocrx_word' id='word_1_246' title='bbox 1578 847 1628 878; x_wconf 60' lang='grc' dir='ltr'><strong>τίς</strong></span> <span class='ocrx_word' id='word_1_247' title='bbox 1640 843 1721 880; x_wconf 79' lang='grc' dir='ltr'>Εὖγε,</span> <span class='ocrx_word' id='word_1_248' title='bbox 1731 843 1754 872; x_wconf 81' lang='grc' dir='ltr'><strong>ὦ</strong></span> <span class='ocrx_word' id='word_1_249' title='bbox 1766 845 1871 877; x_wconf 85' lang='grc' dir='ltr'><strong>Σόλων,</strong></span> 
     </span>
    </p>
   </div>
   <div class='ocr_carea' id='block_1_36' title="bbox 235 893 1026 928">
    <p class='ocr_par' dir='ltr' id='par_1_36' title="bbox 235 893 1026 928">
     <span class='ocr_line' id='line_1_36' title="bbox 235 893 1026 928; baseline 0 -8"><span class='ocrx_word' id='word_1_250' title='bbox 235 893 378 920; x_wconf 84' lang='lat' dir='ltr'><strong>honestam</strong></span> <span class='ocrx_word' id='word_1_251' title='bbox 395 893 477 920; x_wconf 88' lang='lat' dir='ltr'><strong>vitam</strong></span> <span class='ocrx_word' id='word_1_252' title='bbox 493 893 654 926; x_wconf 85' lang='lat' dir='ltr'><strong>instituere;</strong></span> <span class='ocrx_word' id='word_1_253' title='bbox 676 898 722 921; x_wconf 90' lang='lat' dir='ltr'><strong>aut</strong></span> <span class='ocrx_word' id='word_1_254' title='bbox 738 895 830 922; x_wconf 85' lang='lat' dir='ltr'><strong>nescio</strong></span> <span class='ocrx_word' id='word_1_255' title='bbox 851 893 924 928; x_wconf 90' lang='lat' dir='ltr'><strong>quod</strong></span> <span class='ocrx_word' id='word_1_256' title='bbox 936 894 1026 922; x_wconf 90' lang='lat' dir='ltr'><strong>consi-</strong></span> 
     </span>
    </p>
   </div>
   <div class='ocr_carea' id='block_1_37' title="bbox 235 938 1024 974">
    <p class='ocr_par' dir='ltr' id='par_1_37' title="bbox 235 938 1024 974">
     <span class='ocr_line' id='line_1_37' title="bbox 235 938 1024 974; baseline 0.001 -9"><span class='ocrx_word' id='word_1_257' title='bbox 235 938 302 965; x_wconf 88' lang='lat' dir='ltr'><strong>lium</strong></span> <span class='ocrx_word' id='word_1_258' title='bbox 318 939 404 966; x_wconf 85' lang='lat' dir='ltr'><strong>sccuti</strong></span> <span class='ocrx_word' id='word_1_259' title='bbox 423 939 488 966; x_wconf 88' lang='lat' dir='ltr'><strong>sint.</strong></span> <span class='ocrx_word' id='word_1_260' title='bbox 504 939 609 966; x_wconf 79' lang='lat' dir='ltr'><strong>Dixerit</strong></span> <span class='ocrx_word' id='word_1_261' title='bbox 621 943 722 972; x_wconf 88' lang='lat' dir='ltr'><strong>autem,</strong></span> <span class='ocrx_word' id='word_1_262' title='bbox 738 943 768 966; x_wconf 90' lang='lat' dir='ltr'><strong>ut</strong></span> <span class='ocrx_word' id='word_1_263' title='bbox 782 939 890 974; x_wconf 83' lang='lat' dir='ltr'><strong>opinor,</strong></span> <span class='ocrx_word' id='word_1_264' title='bbox 904 940 1004 974; x_wconf 84' lang='lat' dir='ltr'><strong>aliquis</strong></span> <span class='ocrx_word' id='word_1_265' title='bbox 1017 947 1024 966; x_wconf 92' lang='lat'><strong>:</strong></span> 
     </span>
    </p>
   </div>
   <div class='ocr_carea' id='block_1_38' title="bbox 235 984 1025 1020">
    <p class='ocr_par' dir='ltr' id='par_1_38' title="bbox 235 984 1025 1020">
     <span class='ocr_line' id='line_1_38' title="bbox 235 984 1025 1020; baseline -0.001 -8"><span class='ocrx_word' id='word_1_266' title='bbox 235 985 369 1012; x_wconf 71' lang='lat' dir='ltr'><strong>Pratclare</strong></span> <span class='ocrx_word' id='word_1_267' title='bbox 380 985 503 1020; x_wconf 87' lang='lat' dir='ltr'><strong>quidem,</strong></span> <span class='ocrx_word' id='word_1_268' title='bbox 524 992 540 1012; x_wconf 92' lang='lat'><strong>0</strong></span> <span class='ocrx_word' id='word_1_269' title='bbox 553 984 646 1017; x_wconf 86' lang='lat' dir='ltr'><strong>Solon,</strong></span> <span class='ocrx_word' id='word_1_270' title='bbox 661 985 734 1020; x_wconf 84' lang='lat' dir='ltr'><strong>leges</strong></span> <span class='ocrx_word' id='word_1_271' title='bbox 747 986 820 1013; x_wconf 91' lang='lat' dir='ltr'><strong>illius</strong></span> <span class='ocrx_word' id='word_1_272' title='bbox 833 985 925 1013; x_wconf 53' lang='lat' dir='ltr'><strong>saeculi</strong></span> <span class='ocrx_word' id='word_1_273' title='bbox 936 985 1025 1012; x_wconf 92' lang='lat' dir='ltr'><strong>homi-</strong></span> 
     </span>
    </p>
   </div>
   <div class='ocr_carea' id='block_1_39' title="bbox 237 1030 1028 1067">
    <p class='ocr_par' dir='ltr' id='par_1_39' title="bbox 237 1030 1028 1067">
     <span class='ocr_line' id='line_1_39' title="bbox 237 1030 1028 1067; baseline 0.003 -11"><span class='ocrx_word' id='word_1_274' title='bbox 237 1030 318 1057; x_wconf 80' lang='lat' dir='ltr'><strong>nibus</strong></span> <span class='ocrx_word' id='word_1_275' title='bbox 331 1030 465 1058; x_wconf 82' lang='lat' dir='ltr'><strong>tradidisti</strong></span> <span class='ocrx_word' id='word_1_276' title='bbox 478 1039 485 1064; x_wconf 91' lang='lat'><strong>;</strong></span> <span class='ocrx_word' id='word_1_277' title='bbox 500 1031 548 1058; x_wconf 91' lang='lat' dir='ltr'><strong>sed</strong></span> <span class='ocrx_word' id='word_1_278' title='bbox 561 1039 630 1066; x_wconf 91' lang='lat' dir='ltr'><strong>opus</strong></span> <span class='ocrx_word' id='word_1_279' title='bbox 637 1037 696 1058; x_wconf 85' lang='lat' dir='ltr'><strong>erat</strong></span> <span class='ocrx_word' id='word_1_280' title='bbox 705 1035 735 1058; x_wconf 91' lang='lat' dir='ltr'><strong>ut</strong></span> <span class='ocrx_word' id='word_1_281' title='bbox 747 1031 812 1058; x_wconf 82' lang='lat' dir='ltr'><strong>Fato</strong></span> <span class='ocrx_word' id='word_1_282' title='bbox 823 1036 954 1067; x_wconf 67' lang='lat' dir='ltr'><strong>praetcrea</strong></span> <span class='ocrx_word' id='word_1_283' title='bbox 965 1038 1028 1067; x_wconf 85' lang='lat' dir='ltr'><strong>per-</strong></span> 
     </span>
    </p>
   </div>
   <div class='ocr_carea' id='block_1_40' title="bbox 238 1075 1026 1112">
    <p class='ocr_par' dir='ltr' id='par_1_40' title="bbox 238 1075 1026 1112">
     <span class='ocr_line' id='line_1_40' title="bbox 238 1075 1026 1112; baseline 0.003 -10"><span class='ocrx_word' id='word_1_284' title='bbox 238 1075 377 1109; x_wconf 84' lang='lat' dir='ltr'><strong>suaderes,</strong></span> <span class='ocrx_word' id='word_1_285' title='bbox 404 1076 522 1111; x_wconf 76' lang='lat' dir='ltr'><strong>sinerctj</strong></span> <span class='ocrx_word' id='word_1_286' title='bbox 536 1085 583 1105; x_wconf 89' lang='lat' dir='ltr'><strong>eos</strong></span> <span class='ocrx_word' id='word_1_287' title='bbox 605 1077 652 1112; x_wconf 87' lang='lat' dir='ltr'><strong>qui</strong></span> <span class='ocrx_word' id='word_1_288' title='bbox 673 1078 748 1112; x_wconf 83' lang='lat' dir='ltr'><strong>leges</strong></span> <span class='ocrx_word' id='word_1_289' title='bbox 768 1082 940 1112; x_wconf 89' lang='lat' dir='ltr'><strong>acceperant,</strong></span> <span class='ocrx_word' id='word_1_290' title='bbox 964 1085 1026 1112; x_wconf 66' lang='lat' dir='ltr'><strong>qua;</strong></span> 
     </span>
    </p>
   </div>
   <div class='ocr_carea' id='block_1_41' title="bbox 237 1122 1026 1158">
    <p class='ocr_par' dir='ltr' id='par_1_41' title="bbox 237 1122 1026 1158">
     <span class='ocr_line' id='line_1_41' title="bbox 237 1122 1026 1158; baseline 0.004 -11"><span class='ocrx_word' id='word_1_291' title='bbox 237 1122 337 1148; x_wconf 71' lang='lat' dir='ltr'><strong>vellent</strong></span> <span class='ocrx_word' id='word_1_292' title='bbox 348 1126 377 1148; x_wconf 91' lang='lat' dir='ltr'><strong>et</strong></span> <span class='ocrx_word' id='word_1_293' title='bbox 387 1122 489 1149; x_wconf 88' lang='lat' dir='ltr'><strong>sentire</strong></span> <span class='ocrx_word' id='word_1_294' title='bbox 503 1127 531 1150; x_wconf 89' lang='lat' dir='ltr'><strong>et</strong></span> <span class='ocrx_word' id='word_1_295' title='bbox 549 1122 649 1150; x_wconf 79' lang='lat' dir='ltr'><strong>lacere.</strong></span> <span class='ocrx_word' id='word_1_296' title='bbox 663 1122 715 1150; x_wconf 83' lang='lat' dir='ltr'><strong>Sed</strong></span> <span class='ocrx_word' id='word_1_297' title='bbox 731 1126 770 1155; x_wconf 87' lang='lat' dir='ltr'><strong>tu,</strong></span> <span class='ocrx_word' id='word_1_298' title='bbox 788 1123 856 1150; x_wconf 86' lang='lat' dir='ltr'><strong>nihil</strong></span> <span class='ocrx_word' id='word_1_299' title='bbox 869 1123 902 1150; x_wconf 89' lang='lat' dir='ltr'><strong>de</strong></span> <span class='ocrx_word' id='word_1_300' title='bbox 911 1131 1026 1158; x_wconf 90' lang='lat' dir='ltr'><strong>persua-</strong></span> 
     </span>
    </p>
   </div>
   <div class='ocr_carea' id='block_1_42' title="bbox 236 1167 1023 1204">
    <p class='ocr_par' dir='ltr' id='par_1_42' title="bbox 236 1167 1023 1204">
     <span class='ocr_line' id='line_1_42' title="bbox 236 1167 1023 1204; baseline 0.004 -10"><span class='ocrx_word' id='word_1_301' title='bbox 236 1167 326 1194; x_wconf 85' lang='lat' dir='ltr'><strong>dendo</strong></span> <span class='ocrx_word' id='word_1_302' title='bbox 343 1168 482 1201; x_wconf 84' lang='lat' dir='ltr'><strong>laborans,</strong></span> <span class='ocrx_word' id='word_1_303' title='bbox 495 1169 568 1204; x_wconf 82' lang='lat' dir='ltr'><strong>leges</strong></span> <span class='ocrx_word' id='word_1_304' title='bbox 588 1169 718 1196; x_wconf 85' lang='lat' dir='ltr'><strong>sanxisli:</strong></span> <span class='ocrx_word' id='word_1_305' title='bbox 744 1169 854 1196; x_wconf 88' lang='lat' dir='ltr'><strong>ridebas</strong></span> <span class='ocrx_word' id='word_1_306' title='bbox 867 1170 969 1204; x_wconf 88' lang='lat' dir='ltr'><strong>quippe</strong></span> <span class='ocrx_word' id='word_1_307' title='bbox 994 1174 1023 1197; x_wconf 93' lang='lat' dir='ltr'><strong>et</strong></span> 
     </span>
    </p>
   </div>
   <div class='ocr_carea' id='block_1_43' title="bbox 237 1212 1022 1249">
    <p class='ocr_par' dir='ltr' id='par_1_43' title="bbox 237 1212 1022 1249">
     <span class='ocr_line' id='line_1_43' title="bbox 237 1212 1022 1249; baseline 0.003 -9"><span class='ocrx_word' id='word_1_308' title='bbox 237 1212 294 1248; x_wconf 84' lang='lat' dir='ltr'><strong>ipse</strong></span> <span class='ocrx_word' id='word_1_309' title='bbox 307 1213 377 1240; x_wconf 91' lang='lat' dir='ltr'><strong>hanc</strong></span> <span class='ocrx_word' id='word_1_310' title='bbox 389 1213 522 1246; x_wconf 82' lang='lat' dir='ltr'><strong>fabulam,</strong></span> <span class='ocrx_word' id='word_1_311' title='bbox 541 1219 569 1241; x_wconf 91' lang='lat' dir='ltr'><strong>et</strong></span> <span class='ocrx_word' id='word_1_312' title='bbox 581 1222 674 1241; x_wconf 91' lang='lat' dir='ltr'><strong>rerum</strong></span> <span class='ocrx_word' id='word_1_313' title='bbox 685 1214 852 1249; x_wconf 80' lang='lat' dir='ltr'><strong>agendarum</strong></span> <span class='ocrx_word' id='word_1_314' title='bbox 864 1215 1022 1242; x_wconf 80' lang='lat' dir='ltr'><strong>facultatem</strong></span> 
     </span>
    </p>
   </div>
   <div class='ocr_carea' id='block_1_44' title="bbox 237 1258 1026 1293">
    <p class='ocr_par' dir='ltr' id='par_1_44' title="bbox 237 1258 1026 1293">
     <span class='ocr_line' id='line_1_44' title="bbox 237 1258 1026 1293; baseline 0.003 -9"><span class='ocrx_word' id='word_1_315' title='bbox 237 1265 322 1292; x_wconf 87' lang='lat' dir='ltr'><strong>penes</strong></span> <span class='ocrx_word' id='word_1_316' title='bbox 333 1265 383 1285; x_wconf 91' lang='lat' dir='ltr'><strong>nos</strong></span> <span class='ocrx_word' id='word_1_317' title='bbox 394 1265 454 1285; x_wconf 86' lang='lat' dir='ltr'><strong>esse</strong></span> <span class='ocrx_word' id='word_1_318' title='bbox 477 1258 593 1290; x_wconf 83' lang='lat' dir='ltr'><strong>sciebas,</strong></span> <span class='ocrx_word' id='word_1_319' title='bbox 607 1262 637 1285; x_wconf 91' lang='lat' dir='ltr'><strong>et</strong></span> <span class='ocrx_word' id='word_1_320' title='bbox 658 1258 728 1285; x_wconf 90' lang='lat' dir='ltr'><strong>hanc</strong></span> <span class='ocrx_word' id='word_1_321' title='bbox 748 1258 870 1293; x_wconf 89' lang='lat' dir='ltr'><strong>iniquam</strong></span> <span class='ocrx_word' id='word_1_322' title='bbox 888 1261 916 1286; x_wconf 90' lang='lat' dir='ltr'><strong>et</strong></span> <span class='ocrx_word' id='word_1_323' title='bbox 927 1266 1026 1286; x_wconf 65' lang='lat' dir='ltr'><strong>catcam</strong></span> 
     </span>
    </p>
   </div>
   <div class='ocr_carea' id='block_1_45' title="bbox 237 1303 1024 1339">
    <p class='ocr_par' dir='ltr' id='par_1_45' title="bbox 237 1303 1024 1339">
     <span class='ocr_line' id='line_1_45' title="bbox 237 1303 1024 1339; baseline 0.003 -9"><span class='ocrx_word' id='word_1_324' title='bbox 237 1303 378 1332; x_wconf 89' lang='lat' dir='ltr'><strong>actionum</strong></span> <span class='ocrx_word' id='word_1_325' title='bbox 400 1304 585 1332; x_wconf 86' lang='lat' dir='ltr'><strong>humanarum</strong></span> <span class='ocrx_word' id='word_1_326' title='bbox 598 1304 746 1332; x_wconf 90' lang='lat' dir='ltr'><strong>Fortunam</strong></span> <span class='ocrx_word' id='word_1_327' title='bbox 768 1305 937 1339; x_wconf 84' lang='lat' dir='ltr'><strong>repellebas:</strong></span> <span class='ocrx_word' id='word_1_328' title='bbox 955 1305 1024 1332; x_wconf 89' lang='lat' dir='ltr'><strong>alio-</strong></span> 
     </span>
    </p>
   </div>
   <div class='ocr_carea' id='block_1_46' title="bbox 238 1349 1025 1386">
    <p class='ocr_par' dir='ltr' id='par_1_46' title="bbox 238 1349 1025 1386">
     <span class='ocr_line' id='line_1_46' title="bbox 238 1349 1025 1386; baseline 0.003 -10"><span class='ocrx_word' id='word_1_329' title='bbox 238 1349 286 1383; x_wconf 86' lang='lat' dir='ltr'><strong>qui</strong></span> <span class='ocrx_word' id='word_1_330' title='bbox 299 1357 441 1384; x_wconf 89' lang='lat' dir='ltr'><strong>nunquam</strong></span> <span class='ocrx_word' id='word_1_331' title='bbox 461 1350 658 1383; x_wconf 81' lang='lat' dir='ltr'><strong>existimasscs,</strong></span> <span class='ocrx_word' id='word_1_332' title='bbox 672 1351 804 1385; x_wconf 90' lang='lat' dir='ltr'><strong>optimum</strong></span> <span class='ocrx_word' id='word_1_333' title='bbox 817 1351 927 1386; x_wconf 87' lang='lat' dir='ltr'><strong>quidem</strong></span> <span class='ocrx_word' id='word_1_334' title='bbox 938 1351 1025 1379; x_wconf 85' lang='lat' dir='ltr'><strong>civem</strong></span> 
     </span>
    </p>
   </div>
   <div class='ocr_carea' id='block_1_47' title="bbox 239 1396 1024 1432">
    <p class='ocr_par' dir='ltr' id='par_1_47' title="bbox 239 1396 1024 1432">
     <span class='ocr_line' id='line_1_47' title="bbox 239 1396 1024 1432; baseline 0.003 -10"><span class='ocrx_word' id='word_1_335' title='bbox 239 1402 304 1422; x_wconf 90' lang='lat' dir='ltr'><strong>eum</strong></span> <span class='ocrx_word' id='word_1_336' title='bbox 323 1403 384 1423; x_wconf 89' lang='lat' dir='ltr'><strong>esse</strong></span> <span class='ocrx_word' id='word_1_337' title='bbox 407 1396 562 1423; x_wconf 87' lang='lat' dir='ltr'><strong>habendum</strong></span> <span class='ocrx_word' id='word_1_338' title='bbox 583 1396 630 1432; x_wconf 87' lang='lat' dir='ltr'><strong>qui</strong></span> <span class='ocrx_word' id='word_1_339' title='bbox 653 1400 709 1423; x_wconf 90' lang='lat' dir='ltr'><strong>tum</strong></span> <span class='ocrx_word' id='word_1_340' title='bbox 726 1397 788 1432; x_wconf 91' lang='lat' dir='ltr'><strong>pius</strong></span> <span class='ocrx_word' id='word_1_341' title='bbox 806 1401 888 1429; x_wconf 86' lang='lat' dir='ltr'><strong>esset,</strong></span> <span class='ocrx_word' id='word_1_342' title='bbox 908 1400 965 1424; x_wconf 89' lang='lat' dir='ltr'><strong>tum</strong></span> <span class='ocrx_word' id='word_1_343' title='bbox 983 1397 1024 1424; x_wconf 88' lang='lat' dir='ltr'><strong>le-</strong></span> 
     </span>
    </p>
   </div>
   <div class='ocr_carea' id='block_1_48' title="bbox 1079 892 1872 930">
    <p class='ocr_par' dir='ltr' id='par_1_48' title="bbox 1079 892 1872 930">
     <span class='ocr_line' id='line_1_48' title="bbox 1079 892 1872 930; baseline -0.006 -8"><span class='ocrx_word' id='word_1_344' title='bbox 1079 895 1247 930; x_wconf 79' lang='grc' dir='ltr'>ὲνομοθέτεις</span> <span class='ocrx_word' id='word_1_345' title='bbox 1256 894 1312 925; x_wconf 84' lang='grc' dir='ltr'>τοῖς</span> <span class='ocrx_word' id='word_1_346' title='bbox 1323 893 1394 920; x_wconf 87' lang='grc' dir='ltr'>τότε·</span> <span class='ocrx_word' id='word_1_347' title='bbox 1405 892 1462 919; x_wconf 81' lang='grc' dir='ltr'>ἀλλ’</span> <span class='ocrx_word' id='word_1_348' title='bbox 1474 892 1528 919; x_wconf 80' lang='grc' dir='ltr'>ἔδει</span> <span class='ocrx_word' id='word_1_349' title='bbox 1541 900 1591 918; x_wconf 86' lang='grc' dir='ltr'><strong>που</strong></span> <span class='ocrx_word' id='word_1_350' title='bbox 1607 892 1716 923; x_wconf 87' lang='grc' dir='ltr'>πάντως</span> <span class='ocrx_word' id='word_1_351' title='bbox 1727 900 1872 928; x_wconf 83' lang='grc' dir='ltr'>προσανα-</span> 
     </span>
    </p>
   </div>
   <div class='ocr_carea' id='block_1_49' title="bbox 1079 937 1870 976">
    <p class='ocr_par' dir='ltr' id='par_1_49' title="bbox 1079 937 1870 976">
     <span class='ocr_line' id='line_1_49' title="bbox 1079 937 1870 976; baseline -0.006 -8"><span class='ocrx_word' id='word_1_352' title='bbox 1079 941 1184 968; x_wconf 79' lang='grc' dir='ltr'>πείθειν</span> <span class='ocrx_word' id='word_1_353' title='bbox 1207 940 1257 976; x_wconf 76' lang='grc' dir='ltr'><strong>τὴν</strong></span> <span class='ocrx_word' id='word_1_354' title='bbox 1272 939 1451 975; x_wconf 82' lang='grc' dir='ltr'>Εἱμαρμένην</span> <span class='ocrx_word' id='word_1_355' title='bbox 1472 939 1575 973; x_wconf 70' lang='grc' dir='ltr'>ἐφεῖναι</span> <span class='ocrx_word' id='word_1_356' title='bbox 1599 939 1655 969; x_wconf 76' lang='grc' dir='ltr'>τοῖς</span> <span class='ocrx_word' id='word_1_357' title='bbox 1668 937 1870 973; x_wconf 82' lang='grc' dir='ltr'>νομοθετουμέ-</span> 
     </span>
    </p>
   </div>
   <div class='ocr_carea' id='block_1_50' title="bbox 1079 983 1873 1021">
    <p class='ocr_par' dir='ltr' id='par_1_50' title="bbox 1079 983 1873 1021">
     <span class='ocr_line' id='line_1_50' title="bbox 1079 983 1873 1021; baseline -0.005 -8"><span class='ocrx_word' id='word_1_358' title='bbox 1079 995 1134 1018; x_wconf 87' lang='grc' dir='ltr'>νοις</span> <span class='ocrx_word' id='word_1_359' title='bbox 1147 986 1164 1013; x_wconf 76' lang='grc' dir='ltr'><strong>ἃ.</strong></span> <span class='ocrx_word' id='word_1_360' title='bbox 1176 986 1208 1013; x_wconf 85' lang='grc' dir='ltr'>ἂν</span> <span class='ocrx_word' id='word_1_361' title='bbox 1224 985 1360 1021; x_wconf 83' lang='grc' dir='ltr'>βούλοιντο</span> <span class='ocrx_word' id='word_1_362' title='bbox 1371 985 1478 1020; x_wconf 80' lang='grc' dir='ltr'>φρονεῖν</span> <span class='ocrx_word' id='word_1_363' title='bbox 1490 993 1520 1010; x_wconf 88' lang='grc' dir='ltr'><strong>τε</strong></span> <span class='ocrx_word' id='word_1_364' title='bbox 1533 985 1578 1011; x_wconf 72' lang='grc' dir='ltr'>καὶ</span> <span class='ocrx_word' id='word_1_365' title='bbox 1587 984 1663 1019; x_wconf 84' lang='grc' dir='ltr'>δρᾷν.</span> <span class='ocrx_word' id='word_1_366' title='bbox 1681 983 1873 1018; x_wconf 80' lang='grc' dir='ltr'>Ἐνομοθέτεις</span> 
     </span>
    </p>
   </div>
   <div class='ocr_carea' id='block_1_51' title="bbox 1079 1029 1871 1065">
    <p class='ocr_par' dir='ltr' id='par_1_51' title="bbox 1079 1029 1871 1065">
     <span class='ocr_line' id='line_1_51' title="bbox 1079 1029 1871 1065; baseline -0.005 -6"><span class='ocrx_word' id='word_1_367' title='bbox 1079 1033 1107 1059; x_wconf 79' lang='grc' dir='ltr'>δὲ</span> <span class='ocrx_word' id='word_1_368' title='bbox 1127 1033 1157 1059; x_wconf 77' lang='grc' dir='ltr'>οὐ</span> <span class='ocrx_word' id='word_1_369' title='bbox 1179 1031 1333 1063; x_wconf 71' lang='grc' dir='ltr'>πεπεικὼς-ι</span> <span class='ocrx_word' id='word_1_370' title='bbox 1354 1030 1451 1065; x_wconf 83' lang='grc' dir='ltr'>ὲγέλας</span> <span class='ocrx_word' id='word_1_371' title='bbox 1469 1029 1497 1057; x_wconf 84' lang='grc' dir='ltr'><strong>δέ</strong></span> <span class='ocrx_word' id='word_1_372' title='bbox 1511 1038 1561 1056; x_wconf 85' lang='grc' dir='ltr'><strong>που</strong></span> <span class='ocrx_word' id='word_1_373' title='bbox 1583 1031 1652 1065; x_wconf 82' lang='grc' dir='ltr'><strong>τάχα</strong></span> <span class='ocrx_word' id='word_1_374' title='bbox 1667 1030 1713 1056; x_wconf 74' lang='grc' dir='ltr'>καὶ</span> <span class='ocrx_word' id='word_1_375' title='bbox 1727 1029 1810 1061; x_wconf 74' lang='grc' dir='ltr'>αὐτὸς</span> <span class='ocrx_word' id='word_1_376' title='bbox 1823 1029 1871 1056; x_wconf 83' lang='grc' dir='ltr'>τὸν</span> 
     </span>
    </p>
   </div>
   <div class='ocr_carea' id='block_1_52' title="bbox 1082 1075 1869 1114">
    <p class='ocr_par' dir='ltr' id='par_1_52' title="bbox 1082 1075 1869 1114">
     <span class='ocr_line' id='line_1_52' title="bbox 1082 1075 1869 1114; baseline -0.004 -9"><span class='ocrx_word' id='word_1_377' title='bbox 1082 1077 1179 1114; x_wconf 80' lang='grc' dir='ltr'>μῦθον,</span> <span class='ocrx_word' id='word_1_378' title='bbox 1196 1077 1243 1105; x_wconf 78' lang='grc' dir='ltr'>καὶ</span> <span class='ocrx_word' id='word_1_379' title='bbox 1262 1076 1373 1112; x_wconf 81' lang='grc' dir='ltr'><strong>κυρίους</strong></span> <span class='ocrx_word' id='word_1_380' title='bbox 1392 1075 1528 1111; x_wconf 74' lang='grc' dir='ltr'><strong>ἠπίστασο</strong></span> <span class='ocrx_word' id='word_1_381' title='bbox 1545 1075 1600 1102; x_wconf 90' lang='grc' dir='ltr'><strong>τῶν</strong></span> <span class='ocrx_word' id='word_1_382' title='bbox 1615 1075 1761 1111; x_wconf 75' lang='grc' dir='ltr'>πρακτέων</span> <span class='ocrx_word' id='word_1_383' title='bbox 1781 1075 1869 1110; x_wconf 80' lang='grc' dir='ltr'>ἡμᾶς,</span> 
     </span>
    </p>
   </div>
   <div class='ocr_carea' id='block_1_53' title="bbox 1080 1121 1871 1161">
    <p class='ocr_par' dir='ltr' id='par_1_53' title="bbox 1080 1121 1871 1161">
     <span class='ocr_line' id='line_1_53' title="bbox 1080 1121 1871 1161; baseline -0.006 -9"><span class='ocrx_word' id='word_1_384' title='bbox 1080 1126 1129 1161; x_wconf 82' lang='grc' dir='ltr'>τήν</span> <span class='ocrx_word' id='word_1_385' title='bbox 1141 1133 1169 1152; x_wconf 91' lang='grc' dir='ltr'><strong>τε</strong></span> <span class='ocrx_word' id='word_1_386' title='bbox 1186 1124 1278 1151; x_wconf 79' lang='grc' dir='ltr'>ἄδικον</span> <span class='ocrx_word' id='word_1_387' title='bbox 1293 1123 1340 1150; x_wconf 79' lang='grc' dir='ltr'>καὶ</span> <span class='ocrx_word' id='word_1_388' title='bbox 1353 1122 1457 1158; x_wconf 80' lang='grc' dir='ltr'>τυφλὴν</span> <span class='ocrx_word' id='word_1_389' title='bbox 1472 1122 1527 1149; x_wconf 87' lang='grc' dir='ltr'>τῶν</span> <span class='ocrx_word' id='word_1_390' title='bbox 1540 1121 1718 1158; x_wconf 79' lang='grc' dir='ltr'>ἀνθρωπίνων</span> <span class='ocrx_word' id='word_1_391' title='bbox 1736 1121 1871 1158; x_wconf 84' lang='grc' dir='ltr'>πραγμά-</span> 
     </span>
    </p>
   </div>
   <div class='ocr_carea' id='block_1_54' title="bbox 1080 1167 1872 1204">
    <p class='ocr_par' dir='ltr' id='par_1_54' title="bbox 1080 1167 1872 1204">
     <span class='ocr_line' id='line_1_54' title="bbox 1080 1167 1872 1204; baseline -0.005 -7"><span class='ocrx_word' id='word_1_392' title='bbox 1080 1179 1133 1198; x_wconf 91' lang='grc' dir='ltr'><strong>των</strong></span> <span class='ocrx_word' id='word_1_393' title='bbox 1144 1169 1290 1200; x_wconf 79' lang='grc' dir='ltr'>ἀπεσόὸεις</span> <span class='ocrx_word' id='word_1_394' title='bbox 1299 1168 1400 1204; x_wconf 87' lang='grc' dir='ltr'><strong>Τύχην·</strong></span> <span class='ocrx_word' id='word_1_395' title='bbox 1412 1168 1428 1204; x_wconf 84' lang='grc' dir='ltr'>ἢ</span> <span class='ocrx_word' id='word_1_396' title='bbox 1443 1168 1498 1204; x_wconf 84' lang='grc' dir='ltr'><strong>γὰρ</strong></span> <span class='ocrx_word' id='word_1_397' title='bbox 1511 1169 1561 1195; x_wconf 84' lang='grc' dir='ltr'>οὐκ</span> <span class='ocrx_word' id='word_1_398' title='bbox 1572 1168 1605 1195; x_wconf 77' lang='grc' dir='ltr'>ἂν</span> <span class='ocrx_word' id='word_1_399' title='bbox 1614 1167 1668 1203; x_wconf 83' lang='grc' dir='ltr'>ᾧου</span> <span class='ocrx_word' id='word_1_400' title='bbox 1679 1167 1744 1199; x_wconf 81' lang='grc' dir='ltr'>δεῖν,</span> <span class='ocrx_word' id='word_1_401' title='bbox 1756 1167 1872 1202; x_wconf 80' lang='grc' dir='ltr'>ἄριστον</span> 
     </span>
    </p>
   </div>
   <div class='ocr_carea' id='block_1_55' title="bbox 1082 1213 1870 1252">
    <p class='ocr_par' dir='ltr' id='par_1_55' title="bbox 1082 1213 1870 1252">
     <span class='ocr_line' id='line_1_55' title="bbox 1082 1213 1870 1252; baseline -0.006 -9"><span class='ocrx_word' id='word_1_402' title='bbox 1082 1216 1131 1252; x_wconf 79' lang='grc' dir='ltr'>μὲν</span> <span class='ocrx_word' id='word_1_403' title='bbox 1145 1213 1215 1242; x_wconf 88' lang='grc' dir='ltr'>εἶναι</span> <span class='ocrx_word' id='word_1_404' title='bbox 1226 1215 1339 1250; x_wconf 85' lang='grc' dir='ltr'>πολίτην</span> <span class='ocrx_word' id='word_1_405' title='bbox 1353 1215 1477 1242; x_wconf 80' lang='grc' dir='ltr'>ὑπονοεῖν</span> <span class='ocrx_word' id='word_1_406' title='bbox 1487 1234 1494 1247; x_wconf 86' lang='grc'><strong>,</strong></span> <span class='ocrx_word' id='word_1_407' title='bbox 1508 1214 1553 1241; x_wconf 82' lang='grc' dir='ltr'>τὸν</span> <span class='ocrx_word' id='word_1_408' title='bbox 1566 1214 1665 1249; x_wconf 62' lang='grc' dir='ltr'>εὐσεϐῆ</span> <span class='ocrx_word' id='word_1_409' title='bbox 1678 1222 1708 1240; x_wconf 78' lang='grc' dir='ltr'><strong>τε</strong></span> <span class='ocrx_word' id='word_1_410' title='bbox 1724 1214 1772 1240; x_wconf 76' lang='grc' dir='ltr'>καὶ</span> <span class='ocrx_word' id='word_1_411' title='bbox 1787 1221 1870 1247; x_wconf 88' lang='grc' dir='ltr'>νομο-</span> 
     </span>
    </p>
   </div>
   <div class='ocr_carea' id='block_1_56' title="bbox 1082 1259 1871 1296">
    <p class='ocr_par' dir='ltr' id='par_1_56' title="bbox 1082 1259 1871 1296">
     <span class='ocr_line' id='line_1_56' title="bbox 1082 1259 1871 1296; baseline -0.004 -8"><span class='ocrx_word' id='word_1_412' title='bbox 1082 1262 1189 1296; x_wconf 82' lang='grc' dir='ltr'>φύλακα</span> <span class='ocrx_word' id='word_1_413' title='bbox 1200 1281 1207 1294; x_wconf 84' lang='grc'><strong>,</strong></span> <span class='ocrx_word' id='word_1_414' title='bbox 1222 1260 1332 1296; x_wconf 73' lang='grc' dir='ltr'>καὶτῆς</span> <span class='ocrx_word' id='word_1_415' title='bbox 1352 1261 1392 1292; x_wconf 87' lang='grc' dir='ltr'><strong>είς</strong></span> <span class='ocrx_word' id='word_1_416' title='bbox 1411 1260 1495 1296; x_wconf 85' lang='grc' dir='ltr'>ἄκρον</span> <span class='ocrx_word' id='word_1_417' title='bbox 1512 1260 1662 1291; x_wconf 70' lang='grc' dir='ltr'>ἐπιεικείας</span> <span class='ocrx_word' id='word_1_418' title='bbox 1679 1259 1798 1295; x_wconf 83' lang='grc' dir='ltr'>ἀνῆρθαι</span> <span class='ocrx_word' id='word_1_419' title='bbox 1821 1259 1871 1294; x_wconf 81' lang='grc' dir='ltr'>τὴν</span> 
     </span>
    </p>
   </div>
   <div class='ocr_carea' id='block_1_57' title="bbox 1080 1303 1872 1342">
    <p class='ocr_par' dir='ltr' id='par_1_57' title="bbox 1080 1303 1872 1342">
     <span class='ocr_line' id='line_1_57' title="bbox 1080 1303 1872 1342; baseline -0.001 -9"><span class='ocrx_word' id='word_1_420' title='bbox 1080 1306 1170 1340; x_wconf 81' lang='grc' dir='ltr'>δόξαν,</span> <span class='ocrx_word' id='word_1_421' title='bbox 1188 1307 1298 1342; x_wconf 76' lang='grc' dir='ltr'>ἀχρεῖον</span> <span class='ocrx_word' id='word_1_422' title='bbox 1315 1306 1342 1333; x_wconf 85' lang='grc' dir='ltr'>δὲ</span> <span class='ocrx_word' id='word_1_423' title='bbox 1357 1303 1391 1333; x_wconf 85' lang='grc' dir='ltr'>αὖ</span> <span class='ocrx_word' id='word_1_424' title='bbox 1409 1306 1456 1333; x_wconf 82' lang='grc' dir='ltr'>καὶ</span> <span class='ocrx_word' id='word_1_425' title='bbox 1472 1308 1528 1338; x_wconf 82' lang='grc' dir='ltr'>τοῖς</span> <span class='ocrx_word' id='word_1_426' title='bbox 1543 1307 1693 1342; x_wconf 73' lang='grc' dir='ltr'>αἰσχίστοις</span> <span class='ocrx_word' id='word_1_427' title='bbox 1707 1304 1872 1341; x_wconf 72' lang='grc' dir='ltr'>ἐναριθμού-</span> 
     </span>
    </p>
   </div>
   <div class='ocr_carea' id='block_1_58' title="bbox 1082 1352 1872 1389">
    <p class='ocr_par' dir='ltr' id='par_1_58' title="bbox 1082 1352 1872 1389">
     <span class='ocr_line' id='line_1_58' title="bbox 1082 1352 1872 1389; baseline -0.001 -10"><span class='ocrx_word' id='word_1_428' title='bbox 1082 1361 1172 1388; x_wconf 87' lang='grc' dir='ltr'>μενον,</span> <span class='ocrx_word' id='word_1_429' title='bbox 1182 1353 1227 1379; x_wconf 78' lang='grc' dir='ltr'>τὸν</span> <span class='ocrx_word' id='word_1_430' title='bbox 1239 1352 1375 1389; x_wconf 73' lang='grc' dir='ltr'>ἐρρῶσθαι</span> <span class='ocrx_word' id='word_1_431' title='bbox 1389 1352 1527 1388; x_wconf 75' lang='grc' dir='ltr'>φράζοντα</span> <span class='ocrx_word' id='word_1_432' title='bbox 1540 1354 1595 1384; x_wconf 81' lang='grc' dir='ltr'>τοῖς</span> <span class='ocrx_word' id='word_1_433' title='bbox 1603 1353 1643 1385; x_wconf 82' lang='grc' dir='ltr'><strong>είς</strong></span> <span class='ocrx_word' id='word_1_434' title='bbox 1655 1352 1789 1387; x_wconf 84' lang='grc' dir='ltr'>ὀρθότητα</span> <span class='ocrx_word' id='word_1_435' title='bbox 1800 1359 1872 1387; x_wconf 85' lang='grc' dir='ltr'>συμ-</span> 
     </span>
    </p>
   </div>
   <div class='ocr_carea' id='block_1_59' title="bbox 1080 1397 1513 1433">
    <p class='ocr_par' dir='ltr' id='par_1_59' title="bbox 1080 1397 1513 1433">
     <span class='ocr_line' id='line_1_59' title="bbox 1080 1397 1513 1433; baseline -0.002 -8"><span class='ocrx_word' id='word_1_436' title='bbox 1080 1397 1254 1425; x_wconf 78' lang='grc' dir='ltr'>ϐουλεύσουσι</span> <span class='ocrx_word' id='word_1_437' title='bbox 1271 1397 1389 1433; x_wconf 77' lang='grc' dir='ltr'>διᾴττειν</span> <span class='ocrx_word' id='word_1_438' title='bbox 1403 1397 1513 1432; x_wconf 85' lang='grc' dir='ltr'>νόμοις;</span> 
     </span>
    </p>
   </div>
   <div class='ocr_carea' id='block_1_60' title="bbox 239 1442 1870 1480">
    <p class='ocr_par' dir='ltr' id='par_1_60' title="bbox 239 1442 1870 1480">
     <span class='ocr_line' id='line_1_60' title="bbox 239 1442 1870 1480; baseline 0.003 -13"><span class='ocrx_word' id='word_1_439' title='bbox 239 1449 302 1476; x_wconf 87' lang='lat' dir='ltr'><strong>gum</strong></span> <span class='ocrx_word' id='word_1_440' title='bbox 314 1446 454 1475; x_wconf 85' lang='lat' dir='ltr'><strong>servator;</strong></span> <span class='ocrx_word' id='word_1_441' title='bbox 477 1447 505 1469; x_wconf 87' lang='lat' dir='ltr'><strong>et</strong></span> <span class='ocrx_word' id='word_1_442' title='bbox 529 1442 562 1469; x_wconf 90' lang='lat' dir='ltr'><strong>ad</strong></span> <span class='ocrx_word' id='word_1_443' title='bbox 585 1450 720 1470; x_wconf 87' lang='lat' dir='ltr'><strong>summam</strong></span> <span class='ocrx_word' id='word_1_444' title='bbox 744 1443 890 1477; x_wconf 87' lang='lat' dir='ltr'><strong>probitatis</strong></span> <span class='ocrx_word' id='word_1_445' title='bbox 907 1443 1022 1478; x_wconf 87' lang='lat' dir='ltr'><strong>gloriam</strong></span> <span class='ocrx_word' id='word_1_446' title='bbox 1043 1444 1218 1480; x_wconf 87' lang='lat' dir='ltr'><strong>pertigisset;</strong></span> <span class='ocrx_word' id='word_1_447' title='bbox 1241 1444 1366 1472; x_wconf 89' lang='lat' dir='ltr'><strong>inutilem</strong></span> <span class='ocrx_word' id='word_1_448' title='bbox 1387 1453 1493 1477; x_wconf 88' lang='lat' dir='ltr'><strong>rursus,</strong></span> <span class='ocrx_word' id='word_1_449' title='bbox 1515 1448 1542 1472; x_wconf 86' lang='lat' dir='ltr'><strong>et</strong></span> <span class='ocrx_word' id='word_1_450' title='bbox 1554 1445 1626 1472; x_wconf 86' lang='lat' dir='ltr'><strong>inter</strong></span> <span class='ocrx_word' id='word_1_451' title='bbox 1640 1445 1815 1480; x_wconf 84' lang='lat' dir='ltr'><strong>turpissimos</strong></span> <span class='ocrx_word' id='word_1_452' title='bbox 1826 1452 1870 1471; x_wconf 86' lang='lat' dir='ltr'><strong>rc-</strong></span> 
     </span>
    </p>
   </div>
   <div class='ocr_carea' id='block_1_61' title="bbox 239 1487 1627 1525">
    <p class='ocr_par' dir='ltr' id='par_1_61' title="bbox 239 1487 1627 1525">
     <span class='ocr_line' id='line_1_61' title="bbox 239 1487 1627 1525; baseline 0.003 -10"><span class='ocrx_word' id='word_1_453' title='bbox 239 1487 418 1520; x_wconf 84' lang='lat' dir='ltr'><strong>censendum,</strong></span> <span class='ocrx_word' id='word_1_454' title='bbox 442 1489 489 1524; x_wconf 92' lang='lat' dir='ltr'><strong>qui</strong></span> <span class='ocrx_word' id='word_1_455' title='bbox 511 1489 618 1524; x_wconf 83' lang='lat' dir='ltr'><strong>legibus</strong></span> <span class='ocrx_word' id='word_1_456' title='bbox 643 1493 748 1517; x_wconf 90' lang='lat' dir='ltr'><strong>rectum</strong></span> <span class='ocrx_word' id='word_1_457' title='bbox 769 1489 832 1516; x_wconf 78' lang='lat' dir='ltr'><strong>vitae</strong></span> <span class='ocrx_word' id='word_1_458' title='bbox 848 1489 900 1517; x_wconf 91' lang='lat' dir='ltr'><strong>iter</strong></span> <span class='ocrx_word' id='word_1_459' title='bbox 916 1489 1026 1525; x_wconf 85' lang='lat' dir='ltr'><strong>aggredi</strong></span> <span class='ocrx_word' id='word_1_460' title='bbox 1046 1491 1236 1524; x_wconf 83' lang='lat' dir='ltr'><strong>suadentibus,</strong></span> <span class='ocrx_word' id='word_1_461' title='bbox 1249 1491 1362 1518; x_wconf 80' lang='lat' dir='ltr'><strong>multam</strong></span> <span class='ocrx_word' id='word_1_462' title='bbox 1376 1492 1491 1519; x_wconf 82' lang='lat' dir='ltr'><strong>salutem</strong></span> <span class='ocrx_word' id='word_1_463' title='bbox 1504 1491 1627 1520; x_wconf 71' lang='lat' dir='ltr'><strong>dixisset.</strong></span> 
     </span>
    </p>
   </div>
   <div class='ocr_carea' id='block_1_62' title="bbox 275 1534 814 1570">
    <p class='ocr_par' dir='ltr' id='par_1_62' title="bbox 275 1534 814 1570">
     <span class='ocr_line' id='line_1_62' title="bbox 275 1534 814 1570; baseline 0.002 -9"><span class='ocrx_word' id='word_1_464' title='bbox 275 1534 374 1562; x_wconf 81' lang='lat' dir='ltr'><strong>PALL.</strong></span> <span class='ocrx_word' id='word_1_465' title='bbox 386 1535 595 1570; x_wconf 78' lang='lat' dir='ltr'><strong>Elegantissime</strong></span> <span class='ocrx_word' id='word_1_466' title='bbox 605 1539 687 1570; x_wconf 87' lang='lat' dir='ltr'><strong>atque</strong></span> <span class='ocrx_word' id='word_1_467' title='bbox 700 1535 814 1570; x_wconf 91' lang='lat' dir='ltr'><strong>optime.</strong></span> 
     </span>
    </p>
   </div>
   <div class='ocr_carea' id='block_1_63' title="bbox 267 1580 1033 1617">
    <p class='ocr_par' dir='ltr' id='par_1_63' title="bbox 267 1580 1033 1617">
     <span class='ocr_line' id='line_1_63' title="bbox 267 1580 1033 1617; baseline 0.003 -9"><span class='ocrx_word' id='word_1_468' title='bbox 267 1580 307 1608; x_wconf 71' lang='grc' dir='ltr'><strong>(ΞΥ</strong></span> <span class='ocrx_word' id='word_1_469' title='bbox 315 1581 345 1608; x_wconf 81' lang='lat' dir='ltr'><strong>R.</strong></span> <span class='ocrx_word' id='word_1_470' title='bbox 356 1581 425 1614; x_wconf 80' lang='lat' dir='ltr'><strong>Quid</strong></span> <span class='ocrx_word' id='word_1_471' title='bbox 434 1589 509 1614; x_wconf 90' lang='lat' dir='ltr'><strong>vero,</strong></span> <span class='ocrx_word' id='word_1_472' title='bbox 517 1581 636 1615; x_wconf 83' lang='lat' dir='ltr'><strong>Palladi;</strong></span> <span class='ocrx_word' id='word_1_473' title='bbox 649 1589 798 1617; x_wconf 88' lang='lat' dir='ltr'><strong>puerorum</strong></span> <span class='ocrx_word' id='word_1_474' title='bbox 810 1581 996 1610; x_wconf 88' lang='lat' dir='ltr'><strong>institutiones</strong></span> <span class='ocrx_word' id='word_1_475' title='bbox 1005 1587 1033 1610; x_wconf 85' lang='lat' dir='ltr'><strong>et</strong></span> 
     </span>
    </p>
   </div>
   <div class='ocr_carea' id='block_1_64' title="bbox 239 1627 1033 1663">
    <p class='ocr_par' dir='ltr' id='par_1_64' title="bbox 239 1627 1033 1663">
     <span class='ocr_line' id='line_1_64' title="bbox 239 1627 1033 1663; baseline 0.003 -9"><span class='ocrx_word' id='word_1_476' title='bbox 239 1627 352 1659; x_wconf 86' lang='lat' dir='ltr'><strong>monita,</strong></span> <span class='ocrx_word' id='word_1_477' title='bbox 374 1627 581 1655; x_wconf 83' lang='lat' dir='ltr'><strong>exhortationes</strong></span> <span class='ocrx_word' id='word_1_478' title='bbox 601 1635 712 1662; x_wconf 86' lang='lat' dir='ltr'><strong>quoque</strong></span> <span class='ocrx_word' id='word_1_479' title='bbox 731 1627 766 1654; x_wconf 90' lang='lat' dir='ltr'><strong>ad</strong></span> <span class='ocrx_word' id='word_1_480' title='bbox 790 1627 933 1660; x_wconf 86' lang='lat' dir='ltr'><strong>virtutem,</strong></span> <span class='ocrx_word' id='word_1_481' title='bbox 961 1636 1033 1663; x_wconf 84' lang='lat' dir='ltr'><strong>quas</strong></span> 
     </span>
    </p>
   </div>
   <div class='ocr_carea' id='block_1_65' title="bbox 239 1672 1034 1707">
    <p class='ocr_par' dir='ltr' id='par_1_65' title="bbox 239 1672 1034 1707">
     <span class='ocr_line' id='line_1_65' title="bbox 239 1672 1034 1707; baseline 0.004 -9"><span class='ocrx_word' id='word_1_482' title='bbox 239 1676 368 1706; x_wconf 88' lang='lat' dir='ltr'><strong>parentes</strong></span> <span class='ocrx_word' id='word_1_483' title='bbox 389 1672 484 1699; x_wconf 89' lang='lat' dir='ltr'><strong>liberis</strong></span> <span class='ocrx_word' id='word_1_484' title='bbox 504 1676 532 1700; x_wconf 90' lang='lat' dir='ltr'><strong>et</strong></span> <span class='ocrx_word' id='word_1_485' title='bbox 550 1672 672 1707; x_wconf 79' lang='lat' dir='ltr'><strong>magistri</strong></span> <span class='ocrx_word' id='word_1_486' title='bbox 694 1672 727 1699; x_wconf 86' lang='lat' dir='ltr'><strong>ad</strong></span> <span class='ocrx_word' id='word_1_487' title='bbox 740 1679 768 1699; x_wconf 89' lang='lat' dir='ltr'><strong>se</strong></span> <span class='ocrx_word' id='word_1_488' title='bbox 779 1672 978 1701; x_wconf 87' lang='lat' dir='ltr'><strong>ventitantihus</strong></span> <span class='ocrx_word' id='word_1_489' title='bbox 986 1673 1034 1701; x_wconf 91' lang='lat' dir='ltr'><strong>ad-</strong></span> 
     </span>
    </p>
   </div>
   <div class='ocr_carea' id='block_1_66' title="bbox 240 1718 1032 1752">
    <p class='ocr_par' dir='ltr' id='par_1_66' title="bbox 240 1718 1032 1752">
     <span class='ocr_line' id='line_1_66' title="bbox 240 1718 1032 1752; baseline 0.003 -7"><span class='ocrx_word' id='word_1_490' title='bbox 240 1718 345 1751; x_wconf 82' lang='lat' dir='ltr'><strong>hibent,</strong></span> <span class='ocrx_word' id='word_1_491' title='bbox 359 1726 450 1746; x_wconf 90' lang='lat' dir='ltr'><strong>nonne</strong></span> <span class='ocrx_word' id='word_1_492' title='bbox 467 1726 551 1746; x_wconf 83' lang='lat' dir='ltr'><strong>vanas</strong></span> <span class='ocrx_word' id='word_1_493' title='bbox 563 1726 622 1746; x_wconf 86' lang='lat' dir='ltr'><strong>esse</strong></span> <span class='ocrx_word' id='word_1_494' title='bbox 639 1718 780 1752; x_wconf 85' lang='lat' dir='ltr'><strong>dicemus;</strong></span> <span class='ocrx_word' id='word_1_495' title='bbox 803 1720 826 1746; x_wconf 87' lang='lat' dir='ltr'><strong>si</strong></span> <span class='ocrx_word' id='word_1_496' title='bbox 839 1718 911 1745; x_wconf 83' lang='lat' dir='ltr'><strong>viam</strong></span> <span class='ocrx_word' id='word_1_497' title='bbox 931 1727 987 1746; x_wconf 90' lang='lat' dir='ltr'><strong>non</strong></span> <span class='ocrx_word' id='word_1_498' title='bbox 998 1728 1032 1747; x_wconf 83' lang='lat' dir='ltr'><strong>ex</strong></span> 
     </span>
    </p>
   </div>
   <div class='ocr_carea' id='block_1_67' title="bbox 240 1763 1034 1799">
    <p class='ocr_par' dir='ltr' id='par_1_67' title="bbox 240 1763 1034 1799">
     <span class='ocr_line' id='line_1_67' title="bbox 240 1763 1034 1799; baseline 0.001 -8"><span class='ocrx_word' id='word_1_499' title='bbox 240 1768 333 1791; x_wconf 80' lang='lat' dir='ltr'><strong>nostra</strong></span> <span class='ocrx_word' id='word_1_500' title='bbox 343 1764 480 1791; x_wconf 86' lang='lat' dir='ltr'><strong>sententia</strong></span> <span class='ocrx_word' id='word_1_501' title='bbox 498 1764 616 1799; x_wconf 84' lang='lat' dir='ltr'><strong>ingredi,</strong></span> <span class='ocrx_word' id='word_1_502' title='bbox 627 1767 654 1790; x_wconf 89' lang='lat' dir='ltr'><strong>et</strong></span> <span class='ocrx_word' id='word_1_503' title='bbox 666 1763 729 1790; x_wconf 53' lang='lat' dir='ltr'><strong>vita).</strong></span> <span class='ocrx_word' id='word_1_504' title='bbox 750 1763 875 1790; x_wconf 81' lang='lat' dir='ltr'><strong>semitam</strong></span> <span class='ocrx_word' id='word_1_505' title='bbox 889 1767 981 1792; x_wconf 87' lang='lat' dir='ltr'><strong>tenere</strong></span> <span class='ocrx_word' id='word_1_506' title='bbox 992 1765 1034 1792; x_wconf 83' lang='lat' dir='ltr'><strong>in-</strong></span> 
     </span>
    </p>
   </div>
   <div class='ocr_carea' id='block_1_68' title="bbox 241 1809 915 1844">
    <p class='ocr_par' dir='ltr' id='par_1_68' title="bbox 241 1809 915 1844">
     <span class='ocr_line' id='line_1_68' title="bbox 241 1809 915 1844; baseline -0.001 -8"><span class='ocrx_word' id='word_1_507' title='bbox 241 1809 348 1837; x_wconf 89' lang='lat' dir='ltr'><strong>terdum</strong></span> <span class='ocrx_word' id='word_1_508' title='bbox 362 1817 376 1836; x_wconf 92' lang='lat' dir='ltr'><strong>a</strong></span> <span class='ocrx_word' id='word_1_509' title='bbox 389 1813 481 1837; x_wconf 88' lang='lat' dir='ltr'><strong>nostra</strong></span> <span class='ocrx_word' id='word_1_510' title='bbox 491 1810 631 1837; x_wconf 87' lang='lat' dir='ltr'><strong>voluntate</strong></span> <span class='ocrx_word' id='word_1_511' title='bbox 644 1809 761 1836; x_wconf 88' lang='lat' dir='ltr'><strong>alienam</strong></span> <span class='ocrx_word' id='word_1_512' title='bbox 769 1809 915 1844; x_wconf 83' lang='lat' dir='ltr'><strong>cogimur?</strong></span> 
     </span>
    </p>
   </div>
   <div class='ocr_carea' id='block_1_69' title="bbox 277 1855 687 1890">
    <p class='ocr_par' dir='ltr' id='par_1_69' title="bbox 277 1855 687 1890">
     <span class='ocr_line' id='line_1_69' title="bbox 277 1855 687 1890; baseline 0 -8"><span class='ocrx_word' id='word_1_513' title='bbox 277 1855 374 1882; x_wconf 81' lang='lat' dir='ltr'><strong>PALL.</strong></span> <span class='ocrx_word' id='word_1_514' title='bbox 387 1855 421 1882; x_wconf 86' lang='lat' dir='ltr'><strong>Et</strong></span> <span class='ocrx_word' id='word_1_515' title='bbox 432 1855 544 1890; x_wconf 87' lang='lat' dir='ltr'><strong>quidem</strong></span> <span class='ocrx_word' id='word_1_516' title='bbox 558 1855 687 1882; x_wconf 76' lang='lat' dir='ltr'><strong>maxime.</strong></span> 
     </span>
    </p>
   </div>
   <div class='ocr_carea' id='block_1_70' title="bbox 276 1895 1034 1936">
    <p class='ocr_par' dir='ltr' id='par_1_70' title="bbox 276 1895 1034 1936">
     <span class='ocr_line' id='line_1_70' title="bbox 276 1895 1034 1936; baseline -0.001 -8"><span class='ocrx_word' id='word_1_517' title='bbox 276 1900 356 1928; x_wconf 81' lang='lat' dir='ltr'><strong>CYR.</strong></span> <span class='ocrx_word' id='word_1_518' title='bbox 372 1899 400 1927; x_wconf 91' lang='lat' dir='ltr'><strong>Si</strong></span> <span class='ocrx_word' id='word_1_519' title='bbox 414 1900 477 1935; x_wconf 92' lang='lat' dir='ltr'><strong>quis</strong></span> <span class='ocrx_word' id='word_1_520' title='bbox 486 1895 620 1935; x_wconf 62' lang='lat' dir='ltr'><strong>praeterea</strong></span> <span class='ocrx_word' id='word_1_521' title='bbox 631 1899 777 1928; x_wconf 83' lang='lat' dir='ltr'><strong>adversum</strong></span> <span class='ocrx_word' id='word_1_522' title='bbox 789 1908 892 1936; x_wconf 87' lang='lat' dir='ltr'><strong>pueros</strong></span> <span class='ocrx_word' id='word_1_523' title='bbox 901 1907 974 1933; x_wconf 87' lang='lat' dir='ltr'><strong>suos,</strong></span> <span class='ocrx_word' id='word_1_524' title='bbox 986 1904 1034 1927; x_wconf 87' lang='lat' dir='ltr'><strong>aut</strong></span> 
     </span>
    </p>
   </div>
   <div class='ocr_carea' id='block_1_71' title="bbox 242 1945 1034 1982">
    <p class='ocr_par' dir='ltr' id='par_1_71' title="bbox 242 1945 1034 1982">
     <span class='ocr_line' id='line_1_71' title="bbox 242 1945 1034 1982; baseline -0.003 -7"><span class='ocrx_word' id='word_1_525' title='bbox 242 1947 310 1975; x_wconf 84' lang='lat' dir='ltr'><strong>alios</strong></span> <span class='ocrx_word' id='word_1_526' title='bbox 318 1946 425 1982; x_wconf 88' lang='lat' dir='ltr'><strong>aliquos</strong></span> <span class='ocrx_word' id='word_1_527' title='bbox 434 1947 753 1981; x_wconf 87' lang='lat' dir='ltr'><strong>commoveatur,eisquc</strong></span> <span class='ocrx_word' id='word_1_528' title='bbox 765 1951 868 1974; x_wconf 88' lang='lat' dir='ltr'><strong>rectam</strong></span> <span class='ocrx_word' id='word_1_529' title='bbox 880 1945 1034 1981; x_wconf 86' lang='lat' dir='ltr'><strong>castigatio-</strong></span> 
     </span>
    </p>
   </div>
   <div class='ocr_carea' id='block_1_72' title="bbox 242 1991 1035 2027">
    <p class='ocr_par' dir='ltr' id='par_1_72' title="bbox 242 1991 1035 2027">
     <span class='ocr_line' id='line_1_72' title="bbox 242 1991 1035 2027; baseline -0.001 -8"><span class='ocrx_word' id='word_1_530' title='bbox 242 1999 305 2019; x_wconf 88' lang='lat' dir='ltr'><strong>nem</strong></span> <span class='ocrx_word' id='word_1_531' title='bbox 317 1991 456 2024; x_wconf 85' lang='lat' dir='ltr'><strong>adhibeat,</strong></span> <span class='ocrx_word' id='word_1_532' title='bbox 475 1992 556 2026; x_wconf 80' lang='lat'><strong>200</strong></span> <span class='ocrx_word' id='word_1_533' title='bbox 566 1991 696 2019; x_wconf 89' lang='lat' dir='ltr'><strong>laudesne</strong></span> <span class='ocrx_word' id='word_1_534' title='bbox 710 1991 767 2026; x_wconf 83' lang='lat' dir='ltr'><strong>ipse</strong></span> <span class='ocrx_word' id='word_1_535' title='bbox 781 1991 1035 2027; x_wconf 83' lang='lat' dir='ltr'><strong>hujusmodihomi—</strong></span> 
     </span>
    </p>
   </div>
   <div class='ocr_carea' id='block_1_73' title="bbox 243 2037 1033 2073">
    <p class='ocr_par' dir='ltr' id='par_1_73' title="bbox 243 2037 1033 2073">
     <span class='ocr_line' id='line_1_73' title="bbox 243 2037 1033 2073; baseline -0.004 -7"><span class='ocrx_word' id='word_1_536' title='bbox 243 2047 319 2071; x_wconf 86' lang='lat' dir='ltr'><strong>nem,</strong></span> <span class='ocrx_word' id='word_1_537' title='bbox 331 2047 365 2066; x_wconf 88' lang='lat' dir='ltr'><strong>an</strong></span> <span class='ocrx_word' id='word_1_538' title='bbox 378 2039 502 2073; x_wconf 91' lang='lat' dir='ltr'><strong>iniquum</strong></span> <span class='ocrx_word' id='word_1_539' title='bbox 515 2041 604 2073; x_wconf 83' lang='lat' dir='ltr'><strong>putes,</strong></span> <span class='ocrx_word' id='word_1_540' title='bbox 619 2037 666 2071; x_wconf 93' lang='lat' dir='ltr'><strong>qui</strong></span> <span class='ocrx_word' id='word_1_541' title='bbox 675 2037 789 2064; x_wconf 90' lang='lat' dir='ltr'><strong>consilio</strong></span> <span class='ocrx_word' id='word_1_542' title='bbox 801 2038 894 2066; x_wconf 88' lang='lat' dir='ltr'><strong>nescio</strong></span> <span class='ocrx_word' id='word_1_543' title='bbox 906 2045 960 2072; x_wconf 91' lang='lat' dir='ltr'><strong>quo</strong></span> <span class='ocrx_word' id='word_1_544' title='bbox 973 2045 1033 2064; x_wconf 92' lang='lat' dir='ltr'><strong>om-</strong></span> 
     </span>
    </p>
   </div>
   <div class='ocr_carea' id='block_1_74' title="bbox 243 2082 1034 2118">
    <p class='ocr_par' dir='ltr' id='par_1_74' title="bbox 243 2082 1034 2118">
     <span class='ocr_line' id='line_1_74' title="bbox 243 2082 1034 2118; baseline -0.003 -6"><span class='ocrx_word' id='word_1_545' title='bbox 243 2085 320 2112; x_wconf 88' lang='lat' dir='ltr'><strong>nium</strong></span> <span class='ocrx_word' id='word_1_546' title='bbox 337 2085 416 2111; x_wconf 90' lang='lat' dir='ltr'><strong>nobis</strong></span> <span class='ocrx_word' id='word_1_547' title='bbox 429 2084 563 2111; x_wconf 90' lang='lat' dir='ltr'><strong>malorum</strong></span> <span class='ocrx_word' id='word_1_548' title='bbox 585 2086 712 2110; x_wconf 85' lang='lat' dir='ltr'><strong>auctores</strong></span> <span class='ocrx_word' id='word_1_549' title='bbox 739 2083 946 2118; x_wconf 84' lang='lat' dir='ltr'><strong>irreprehensos</strong></span> <span class='ocrx_word' id='word_1_550' title='bbox 958 2082 1034 2110; x_wconf 89' lang='lat' dir='ltr'><strong>abire</strong></span> 
     </span>
    </p>
   </div>
   <div class='ocr_carea' id='block_1_75' title="bbox 244 2129 1035 2164">
    <p class='ocr_par' dir='ltr' id='par_1_75' title="bbox 244 2129 1035 2164">
     <span class='ocr_line' id='line_1_75' title="bbox 244 2129 1035 2164; baseline -0.003 -6"><span class='ocrx_word' id='word_1_551' title='bbox 244 2132 330 2164; x_wconf 86' lang='lat' dir='ltr'><strong>sinat;</strong></span> <span class='ocrx_word' id='word_1_552' title='bbox 344 2138 391 2158; x_wconf 86' lang='lat' dir='ltr'><strong>eos</strong></span> <span class='ocrx_word' id='word_1_553' title='bbox 405 2138 472 2158; x_wconf 86' lang='lat' dir='ltr'><strong>vero</strong></span> <span class='ocrx_word' id='word_1_554' title='bbox 485 2129 531 2164; x_wconf 91' lang='lat' dir='ltr'><strong>qui</strong></span> <span class='ocrx_word' id='word_1_555' title='bbox 544 2133 643 2164; x_wconf 68' lang='lat' dir='ltr'><strong>prazter</strong></span> <span class='ocrx_word' id='word_1_556' title='bbox 654 2129 821 2156; x_wconf 77' lang='lat' dir='ltr'><strong>voluntatem</strong></span> <span class='ocrx_word' id='word_1_557' title='bbox 832 2133 860 2156; x_wconf 90' lang='lat' dir='ltr'><strong>et</strong></span> <span class='ocrx_word' id='word_1_558' title='bbox 871 2137 904 2156; x_wconf 80' lang='lat' dir='ltr'><strong>ex</strong></span> <span class='ocrx_word' id='word_1_559' title='bbox 915 2129 1035 2156; x_wconf 85' lang='lat' dir='ltr'><strong>necessi-</strong></span> 
     </span>
    </p>
   </div>
   <div class='ocr_carea' id='block_1_76' title="bbox 243 2174 901 2209">
    <p class='ocr_par' dir='ltr' id='par_1_76' title="bbox 243 2174 901 2209">
     <span class='ocr_line' id='line_1_76' title="bbox 243 2174 901 2209; baseline -0.006 -4"><span class='ocrx_word' id='word_1_560' title='bbox 243 2181 301 2206; x_wconf 77' lang='lat' dir='ltr'><strong>tate</strong></span> <span class='ocrx_word' id='word_1_561' title='bbox 313 2176 346 2204; x_wconf 87' lang='lat' dir='ltr'><strong>ad</strong></span> <span class='ocrx_word' id='word_1_562' title='bbox 366 2177 424 2204; x_wconf 80' lang='lat' dir='ltr'><strong>haec</strong></span> <span class='ocrx_word' id='word_1_563' title='bbox 434 2176 544 2204; x_wconf 86' lang='lat' dir='ltr'><strong>adducti</strong></span> <span class='ocrx_word' id='word_1_564' title='bbox 554 2175 619 2207; x_wconf 89' lang='lat' dir='ltr'><strong>sint,</strong></span> <span class='ocrx_word' id='word_1_565' title='bbox 633 2174 791 2202; x_wconf 87' lang='lat' dir='ltr'><strong>multandos</strong></span> <span class='ocrx_word' id='word_1_566' title='bbox 804 2175 901 2209; x_wconf 83' lang='lat' dir='ltr'><strong>putet?</strong></span> 
     </span>
    </p>
   </div>
   <div class='ocr_carea' id='block_1_77' title="bbox 275 2208 1073 2257">
    <p class='ocr_par' dir='ltr' id='par_1_77' title="bbox 275 2208 1073 2257">
     <span class='ocr_line' id='line_1_77' title="bbox 275 2208 1073 2257; baseline -0.003 -7"><span class='ocrx_word' id='word_1_567' title='bbox 275 2223 374 2250; x_wconf 82' lang='lat' dir='ltr'><strong>PALL.</strong></span> <span class='ocrx_word' id='word_1_568' title='bbox 388 2222 506 2257; x_wconf 68' lang='lat' dir='ltr'><strong>Equum</strong></span> <span class='ocrx_word' id='word_1_569' title='bbox 520 2221 604 2254; x_wconf 88' lang='lat' dir='ltr'><strong>dicis;</strong></span> <span class='ocrx_word' id='word_1_570' title='bbox 619 2229 744 2257; x_wconf 83' lang='lat' dir='ltr'><strong>magnam</strong></span> <span class='ocrx_word' id='word_1_571' title='bbox 757 2208 829 2248; x_wconf 80' lang='lat' dir='ltr'><strong>enim</strong></span> <span class='ocrx_word' id='word_1_572' title='bbox 842 2221 925 2248; x_wconf 82' lang='lat' dir='ltr'><strong>habet</strong></span> <span class='ocrx_word' id='word_1_573' title='bbox 936 2221 1032 2256; x_wconf 85' lang='lat' dir='ltr'><strong>proba-</strong></span> <span class='ocrx_word' id='word_1_574' title='bbox 1050 2208 1073 2236; x_wconf 77' lang='grc' dir='ltr'>Ῑ)</span> 
     </span>
    </p>
   </div>
   <div class='ocr_carea' id='block_1_78' title="bbox 247 2268 490 2296">
    <p class='ocr_par' dir='ltr' id='par_1_78' title="bbox 247 2268 490 2296">
     <span class='ocr_line' id='line_1_78' title="bbox 247 2268 490 2296; baseline -0.008 0"><span class='ocrx_word' id='word_1_575' title='bbox 247 2269 381 2296; x_wconf 86' lang='lat' dir='ltr'><strong>bilitatem</strong></span> <span class='ocrx_word' id='word_1_576' title='bbox 394 2268 490 2296; x_wconf 79' lang='lat' dir='ltr'><strong>oratio.</strong></span> 
     </span>
    </p>
   </div>
   <div class='ocr_carea' id='block_1_79' title="bbox 277 2313 1034 2349">
    <p class='ocr_par' dir='ltr' id='par_1_79' title="bbox 277 2313 1034 2349">
     <span class='ocr_line' id='line_1_79' title="bbox 277 2313 1034 2349; baseline -0.003 -7"><span class='ocrx_word' id='word_1_577' title='bbox 277 2315 355 2342; x_wconf 81' lang='lat' dir='ltr'><strong>CYR.</strong></span> <span class='ocrx_word' id='word_1_578' title='bbox 369 2314 445 2347; x_wconf 87' lang='lat' dir='ltr'><strong>Quod</strong></span> <span class='ocrx_word' id='word_1_579' title='bbox 458 2317 550 2340; x_wconf 89' lang='lat' dir='ltr'><strong>autem</strong></span> <span class='ocrx_word' id='word_1_580' title='bbox 562 2313 621 2341; x_wconf 57' lang='lat' dir='ltr'><strong>haec</strong></span> <span class='ocrx_word' id='word_1_581' title='bbox 639 2313 750 2341; x_wconf 90' lang='lat' dir='ltr'><strong>illorum</strong></span> <span class='ocrx_word' id='word_1_582' title='bbox 764 2313 858 2349; x_wconf 89' lang='lat' dir='ltr'><strong>opinio</strong></span> <span class='ocrx_word' id='word_1_583' title='bbox 871 2313 906 2341; x_wconf 93' lang='lat' dir='ltr'><strong>sit</strong></span> <span class='ocrx_word' id='word_1_584' title='bbox 919 2321 1034 2341; x_wconf 69' lang='lat' dir='ltr'><strong>summa:</strong></span> 
     </span>
    </p>
   </div>
   <div class='ocr_carea' id='block_1_80' title="bbox 247 2358 1038 2395">
    <p class='ocr_par' dir='ltr' id='par_1_80' title="bbox 247 2358 1038 2395">
     <span class='ocr_line' id='line_1_80' title="bbox 247 2358 1038 2395; baseline -0.001 -9"><span class='ocrx_word' id='word_1_585' title='bbox 247 2359 395 2395; x_wconf 84' lang='lat' dir='ltr'><strong>impietatis</strong></span> <span class='ocrx_word' id='word_1_586' title='bbox 417 2358 507 2394; x_wconf 88' lang='lat' dir='ltr'><strong>plena,</strong></span> <span class='ocrx_word' id='word_1_587' title='bbox 527 2358 591 2385; x_wconf 82' lang='lat' dir='ltr'><strong>hinc</strong></span> <span class='ocrx_word' id='word_1_588' title='bbox 604 2358 711 2386; x_wconf 86' lang='lat' dir='ltr'><strong>disces:</strong></span> <span class='ocrx_word' id='word_1_589' title='bbox 738 2359 852 2391; x_wconf 88' lang='lat' dir='ltr'><strong>etenim,</strong></span> <span class='ocrx_word' id='word_1_590' title='bbox 870 2366 933 2386; x_wconf 89' lang='lat' dir='ltr'><strong>cum</strong></span> <span class='ocrx_word' id='word_1_591' title='bbox 955 2358 1038 2394; x_wconf 85' lang='lat' dir='ltr'><strong>hujus</strong></span> 
     </span>
    </p>
   </div>
   <div class='ocr_carea' id='block_1_81' title="bbox 247 2404 1036 2440">
    <p class='ocr_par' dir='ltr' id='par_1_81' title="bbox 247 2404 1036 2440">
     <span class='ocr_line' id='line_1_81' title="bbox 247 2404 1036 2440; baseline -0.003 -6"><span class='ocrx_word' id='word_1_592' title='bbox 247 2405 435 2434; x_wconf 86' lang='lat' dir='ltr'><strong>universitatis</strong></span> <span class='ocrx_word' id='word_1_593' title='bbox 447 2405 524 2439; x_wconf 88' lang='lat' dir='ltr'><strong>quasi</strong></span> <span class='ocrx_word' id='word_1_594' title='bbox 535 2404 747 2439; x_wconf 85' lang='lat' dir='ltr'><strong>gubernatorem</strong></span> <span class='ocrx_word' id='word_1_595' title='bbox 761 2405 906 2440; x_wconf 89' lang='lat' dir='ltr'><strong>quemdam</strong></span> <span class='ocrx_word' id='word_1_596' title='bbox 924 2409 952 2433; x_wconf 90' lang='lat' dir='ltr'><strong>et</strong></span> <span class='ocrx_word' id='word_1_597' title='bbox 965 2412 1036 2439; x_wconf 60' lang='lat' dir='ltr'><strong>prat-</strong></span> 
     </span>
    </p>
   </div>
   <div class='ocr_carea' id='block_1_82' title="bbox 248 2451 1035 2487">
    <p class='ocr_par' dir='ltr' id='par_1_82' title="bbox 248 2451 1035 2487">
     <span class='ocr_line' id='line_1_82' title="bbox 248 2451 1035 2487; baseline -0.003 -7"><span class='ocrx_word' id='word_1_598' title='bbox 248 2453 335 2482; x_wconf 88' lang='lat' dir='ltr'><strong>sidem</strong></span> <span class='ocrx_word' id='word_1_599' title='bbox 349 2452 435 2479; x_wconf 84' lang='lat' dir='ltr'><strong>Deum</strong></span> <span class='ocrx_word' id='word_1_600' title='bbox 454 2451 488 2478; x_wconf 91' lang='lat' dir='ltr'><strong>ab</strong></span> <span class='ocrx_word' id='word_1_601' title='bbox 512 2459 544 2478; x_wconf 86' lang='lat' dir='ltr'><strong>ea</strong></span> <span class='ocrx_word' id='word_1_602' title='bbox 561 2458 644 2486; x_wconf 90' lang='lat' dir='ltr'><strong>quam</strong></span> <span class='ocrx_word' id='word_1_603' title='bbox 666 2451 758 2484; x_wconf 88' lang='lat' dir='ltr'><strong>habet,</strong></span> <span class='ocrx_word' id='word_1_604' title='bbox 771 2452 858 2487; x_wconf 87' lang='lat' dir='ltr'><strong>gloria</strong></span> <span class='ocrx_word' id='word_1_605' title='bbox 874 2452 1035 2483; x_wconf 87' lang='lat' dir='ltr'><strong>deturbent,</strong></span> 
     </span>
    </p>
   </div>
   <div class='ocr_carea' id='block_1_83' title="bbox 248 2497 1039 2534">
    <p class='ocr_par' dir='ltr' id='par_1_83' title="bbox 248 2497 1039 2534">
     <span class='ocr_line' id='line_1_83' title="bbox 248 2497 1039 2534; baseline -0.001 -8"><span class='ocrx_word' id='word_1_606' title='bbox 248 2505 367 2534; x_wconf 84' lang='lat' dir='ltr'><strong>cumque</strong></span> <span class='ocrx_word' id='word_1_607' title='bbox 389 2497 417 2524; x_wconf 88' lang='lat' dir='ltr'><strong>in</strong></span> <span class='ocrx_word' id='word_1_608' title='bbox 438 2505 498 2524; x_wconf 89' lang='lat' dir='ltr'><strong>eam</strong></span> <span class='ocrx_word' id='word_1_609' title='bbox 519 2497 733 2532; x_wconf 81' lang='lat' dir='ltr'><strong>progrediantur</strong></span> <span class='ocrx_word' id='word_1_610' title='bbox 757 2498 911 2531; x_wconf 88' lang='lat' dir='ltr'><strong>audaciam,</strong></span> <span class='ocrx_word' id='word_1_611' title='bbox 938 2502 968 2525; x_wconf 92' lang='lat' dir='ltr'><strong>ut</strong></span> <span class='ocrx_word' id='word_1_612' title='bbox 981 2497 1039 2525; x_wconf 81' lang='lat' dir='ltr'><strong>suis</strong></span> 
     </span>
    </p>
   </div>
   <div class='ocr_carea' id='block_1_84' title="bbox 250 2544 1035 2580">
    <p class='ocr_par' dir='ltr' id='par_1_84' title="bbox 250 2544 1035 2580">
     <span class='ocr_line' id='line_1_84' title="bbox 250 2544 1035 2580; baseline 0 -8"><span class='ocrx_word' id='word_1_613' title='bbox 250 2545 327 2572; x_wconf 87' lang='lat' dir='ltr'><strong>illum</strong></span> <span class='ocrx_word' id='word_1_614' title='bbox 350 2544 519 2572; x_wconf 88' lang='lat' dir='ltr'><strong>ornamentis</strong></span> <span class='ocrx_word' id='word_1_615' title='bbox 541 2544 655 2572; x_wconf 87' lang='lat' dir='ltr'><strong>omnino</strong></span> <span class='ocrx_word' id='word_1_616' title='bbox 674 2545 810 2579; x_wconf 86' lang='lat' dir='ltr'><strong>spolient;</strong></span> <span class='ocrx_word' id='word_1_617' title='bbox 834 2552 884 2572; x_wconf 91' lang='lat' dir='ltr'><strong>suo</strong></span> <span class='ocrx_word' id='word_1_618' title='bbox 905 2544 1035 2580; x_wconf 82' lang='lat' dir='ltr'><strong>sull‘ragio</strong></span> 
     </span>
    </p>
   </div>
   <div class='ocr_carea' id='block_1_85' title="bbox 250 2590 1036 2625">
    <p class='ocr_par' dir='ltr' id='par_1_85' title="bbox 250 2590 1036 2625">
     <span class='ocr_line' id='line_1_85' title="bbox 250 2590 1036 2625; baseline -0.001 -6"><span class='ocrx_word' id='word_1_619' title='bbox 250 2598 343 2619; x_wconf 89' lang='lat' dir='ltr'><strong>rerum</strong></span> <span class='ocrx_word' id='word_1_620' title='bbox 364 2593 520 2618; x_wconf 89' lang='lat' dir='ltr'><strong>nostrarum</strong></span> <span class='ocrx_word' id='word_1_621' title='bbox 546 2593 711 2625; x_wconf 85' lang='lat' dir='ltr'><strong>potestatem</strong></span> <span class='ocrx_word' id='word_1_622' title='bbox 736 2590 770 2618; x_wconf 90' lang='lat' dir='ltr'><strong>iis</strong></span> <span class='ocrx_word' id='word_1_623' title='bbox 791 2591 875 2618; x_wconf 87' lang='lat' dir='ltr'><strong>rebus</strong></span> <span class='ocrx_word' id='word_1_624' title='bbox 895 2591 1036 2618; x_wconf 88' lang='lat' dir='ltr'><strong>ascribunt</strong></span> 
     </span>
    </p>
   </div>
   <div class='ocr_carea' id='block_1_86' title="bbox 249 2635 1035 2672">
    <p class='ocr_par' dir='ltr' id='par_1_86' title="bbox 249 2635 1035 2672">
     <span class='ocr_line' id='line_1_86' title="bbox 249 2635 1035 2672; baseline 0.001 -8"><span class='ocrx_word' id='word_1_625' title='bbox 249 2644 311 2671; x_wconf 54' lang='lat' dir='ltr'><strong>qua).</strong></span> <span class='ocrx_word' id='word_1_626' title='bbox 325 2636 501 2672; x_wconf 88' lang='lat' dir='ltr'><strong>ipsistemere</strong></span> <span class='ocrx_word' id='word_1_627' title='bbox 514 2635 542 2662; x_wconf 94' lang='lat' dir='ltr'><strong>in</strong></span> <span class='ocrx_word' id='word_1_628' title='bbox 549 2640 669 2664; x_wconf 90' lang='lat' dir='ltr'><strong>mentem</strong></span> <span class='ocrx_word' id='word_1_629' title='bbox 677 2637 807 2670; x_wconf 85' lang='lat' dir='ltr'><strong>veniunt;</strong></span> <span class='ocrx_word' id='word_1_630' title='bbox 822 2638 948 2672; x_wconf 87' lang='lat' dir='ltr'><strong>quamvis</strong></span> <span class='ocrx_word' id='word_1_631' title='bbox 958 2645 1035 2665; x_wconf 80' lang='lat' dir='ltr'><strong>crea-</strong></span> 
     </span>
    </p>
   </div>
   <div class='ocr_carea' id='block_1_87' title="bbox 250 2682 1035 2713">
    <p class='ocr_par' dir='ltr' id='par_1_87' title="bbox 250 2682 1035 2713">
     <span class='ocr_line' id='line_1_87' title="bbox 250 2682 1035 2713; baseline 0.004 -3"><span class='ocrx_word' id='word_1_632' title='bbox 250 2688 339 2711; x_wconf 87' lang='lat' dir='ltr'><strong>turam</strong></span> <span class='ocrx_word' id='word_1_633' title='bbox 350 2690 458 2711; x_wconf 90' lang='lat' dir='ltr'><strong>omnem</strong></span> <span class='ocrx_word' id='word_1_634' title='bbox 473 2682 594 2710; x_wconf 88' lang='lat' dir='ltr'><strong>motibus</strong></span> <span class='ocrx_word' id='word_1_635' title='bbox 610 2683 683 2711; x_wconf 91' lang='lat' dir='ltr'><strong>haud</strong></span> <span class='ocrx_word' id='word_1_636' title='bbox 696 2684 866 2712; x_wconf 84' lang='lat' dir='ltr'><strong>moderatore</strong></span> <span class='ocrx_word' id='word_1_637' title='bbox 876 2685 1035 2713; x_wconf 81' lang='lat' dir='ltr'><strong>carentibus</strong></span> 
     </span>
    </p>
   </div>
   <div class='ocr_carea' id='block_1_88' title="bbox 286 2786 1036 2823">
    <p class='ocr_par' dir='ltr' id='par_1_88' title="bbox 286 2786 1036 2823">
     <span class='ocr_line' id='line_1_88' title="bbox 286 2786 1036 2823; baseline 0.001 -9"><span class='ocrx_word' id='word_1_638' title='bbox 286 2787 389 2823; x_wconf 89' lang='lat' dir='ltr'><strong>(l)&#39;Sic</strong></span> <span class='ocrx_word' id='word_1_639' title='bbox 414 2787 475 2815; x_wconf 85' lang='lat' dir='ltr'><strong>cod.</strong></span> <span class='ocrx_word' id='word_1_640' title='bbox 504 2787 610 2823; x_wconf 65' lang='lat' dir='ltr'><strong>Vatic,;</strong></span> <span class='ocrx_word' id='word_1_641' title='bbox 633 2787 723 2814; x_wconf 88' lang='lat' dir='ltr'><strong>Sirleti</strong></span> <span class='ocrx_word' id='word_1_642' title='bbox 745 2786 846 2823; x_wconf 81' lang='lat' dir='ltr'><strong>codex,</strong></span> <span class='ocrx_word' id='word_1_643' title='bbox 867 2787 1036 2815; x_wconf 75' lang='grc' dir='ltr'>διδασκάλων</span> 
     </span>
    </p>
   </div>
   <div class='ocr_carea' id='block_1_89' title="bbox 250 2821 1034 2860">
    <p class='ocr_par' dir='ltr' id='par_1_89' title="bbox 250 2821 1034 2860">
     <span class='ocr_line' id='line_1_89' title="bbox 250 2821 1034 2860; baseline 0 -10"><span class='ocrx_word' id='word_1_644' title='bbox 250 2822 278 2850; x_wconf 79' lang='grc' dir='ltr'>δὲ</span> <span class='ocrx_word' id='word_1_645' title='bbox 291 2821 387 2860; x_wconf 63' lang='grc' dir='ltr'>’νήψεις</span> <span class='ocrx_word' id='word_1_646' title='bbox 400 2824 551 2860; x_wconf 88' lang='grc' dir='ltr'>ὁμιληταῖς.</span> <span class='ocrx_word' id='word_1_647' title='bbox 570 2821 671 2851; x_wconf 83' lang='lat' dir='ltr'><strong>Vocem</strong></span> <span class='ocrx_word' id='word_1_648' title='bbox 695 2822 838 2858; x_wconf 80' lang='grc' dir='ltr'>ὁμιληταῖς</span> <span class='ocrx_word' id='word_1_649' title='bbox 856 2824 890 2851; x_wconf 81' lang='lat' dir='ltr'><strong>ad</strong></span> <span class='ocrx_word' id='word_1_650' title='bbox 904 2832 932 2851; x_wconf 69' lang='lat' dir='ltr'><strong>se</strong></span> <span class='ocrx_word' id='word_1_651' title='bbox 949 2824 1034 2850; x_wconf 72' lang='lat' dir='ltr'><strong>venti—</strong></span> 
     </span>
    </p>
   </div>
   <div class='ocr_carea' id='block_1_90' title="bbox 1043 1537 1849 1574">
    <p class='ocr_par' dir='ltr' id='par_1_90' title="bbox 1043 1537 1849 1574">
     <span class='ocr_line' id='line_1_90' title="bbox 1043 1537 1849 1574; baseline 0.002 -10"><span class='ocrx_word' id='word_1_652' title='bbox 1043 1539 1065 1568; x_wconf 84' lang='lat' dir='ltr'><strong><em>C</em></strong></span> <span class='ocrx_word' id='word_1_653' title='bbox 1116 1538 1220 1565; x_wconf 81' lang='lat' dir='ltr'><strong>HAAA.</strong></span> <span class='ocrx_word' id='word_1_654' title='bbox 1245 1538 1418 1565; x_wconf 77' lang='grc' dir='ltr'>Ἀστειότατά</span> <span class='ocrx_word' id='word_1_655' title='bbox 1439 1547 1467 1564; x_wconf 86' lang='grc' dir='ltr'><strong>τε</strong></span> <span class='ocrx_word' id='word_1_656' title='bbox 1485 1538 1531 1564; x_wconf 75' lang='grc' dir='ltr'>καὶ</span> <span class='ocrx_word' id='word_1_657' title='bbox 1548 1537 1650 1573; x_wconf 80' lang='grc' dir='ltr'>σφόδρα.</span> <span class='ocrx_word' id='word_1_658' title='bbox 1665 1538 1756 1570; x_wconf 79' lang='grc' dir='ltr'>καλῶς</span> <span class='ocrx_word' id='word_1_659' title='bbox 1773 1538 1849 1574; x_wconf 74' lang='grc' dir='ltr'>ἔφης.</span> 
     </span>
    </p>
   </div>
   <div class='ocr_carea' id='block_1_91' title="bbox 1117 1581 1871 1620">
    <p class='ocr_par' dir='ltr' id='par_1_91' title="bbox 1117 1581 1871 1620">
     <span class='ocr_line' id='line_1_91' title="bbox 1117 1581 1871 1620; baseline 0.001 -9"><span class='ocrx_word' id='word_1_660' title='bbox 1117 1585 1200 1611; x_wconf 81' lang='grc' dir='ltr'><strong>ΚΥΡ.</strong></span> <span class='ocrx_word' id='word_1_661' title='bbox 1222 1584 1255 1611; x_wconf 90' lang='grc' dir='ltr'>Τί</span> <span class='ocrx_word' id='word_1_662' title='bbox 1270 1584 1310 1617; x_wconf 79' lang='grc' dir='ltr'>δὲ,</span> <span class='ocrx_word' id='word_1_663' title='bbox 1330 1581 1353 1612; x_wconf 81' lang='grc' dir='ltr'><strong>ὦ</strong></span> <span class='ocrx_word' id='word_1_664' title='bbox 1374 1584 1503 1620; x_wconf 86' lang='grc' dir='ltr'>φιλότης;</span> <span class='ocrx_word' id='word_1_665' title='bbox 1527 1584 1586 1620; x_wconf 78' lang='grc' dir='ltr'>οὐχὶ</span> <span class='ocrx_word' id='word_1_666' title='bbox 1607 1583 1657 1616; x_wconf 79' lang='grc' dir='ltr'><strong>τὰς</strong></span> <span class='ocrx_word' id='word_1_667' title='bbox 1680 1585 1871 1620; x_wconf 77' lang='grc' dir='ltr'>παιδαγωγίας</span> 
     </span>
    </p>
   </div>
   <div class='ocr_carea' id='block_1_92' title="bbox 1082 1630 1872 1667">
    <p class='ocr_par' dir='ltr' id='par_1_92' title="bbox 1082 1630 1872 1667">
     <span class='ocr_line' id='line_1_92' title="bbox 1082 1630 1872 1667; baseline 0.001 -9"><span class='ocrx_word' id='word_1_668' title='bbox 1082 1631 1130 1658; x_wconf 78' lang='grc' dir='ltr'><strong>καὶ</strong></span> <span class='ocrx_word' id='word_1_669' title='bbox 1145 1630 1194 1662; x_wconf 84' lang='grc' dir='ltr'><strong>τὰς</strong></span> <span class='ocrx_word' id='word_1_670' title='bbox 1211 1631 1363 1666; x_wconf 84' lang='grc' dir='ltr'>ὑποθήκας,</span> <span class='ocrx_word' id='word_1_671' title='bbox 1381 1631 1428 1657; x_wconf 65' lang='grc' dir='ltr'><strong>καὶ</strong></span> <span class='ocrx_word' id='word_1_672' title='bbox 1444 1630 1497 1666; x_wconf 82' lang='grc' dir='ltr'><strong>μὴν</strong></span> <span class='ocrx_word' id='word_1_673' title='bbox 1511 1630 1557 1657; x_wconf 70' lang='grc' dir='ltr'>καὶ</span> <span class='ocrx_word' id='word_1_674' title='bbox 1580 1630 1745 1667; x_wconf 81' lang='grc' dir='ltr'>προκλήσεις</span> <span class='ocrx_word' id='word_1_675' title='bbox 1762 1632 1813 1663; x_wconf 75' lang='grc' dir='ltr'><strong>τὰς</strong></span> <span class='ocrx_word' id='word_1_676' title='bbox 1828 1632 1872 1659; x_wconf 81' lang='grc' dir='ltr'><strong>ἐπ’</strong></span> 
     </span>
    </p>
   </div>
   <div class='ocr_carea' id='block_1_93' title="bbox 1082 1678 1870 1714">
    <p class='ocr_par' dir='ltr' id='par_1_93' title="bbox 1082 1678 1870 1714">
     <span class='ocr_line' id='line_1_93' title="bbox 1082 1678 1870 1714; baseline 0 -10"><span class='ocrx_word' id='word_1_677' title='bbox 1082 1678 1200 1714; x_wconf 81' lang='grc' dir='ltr'>ἀρετὴν,</span> <span class='ocrx_word' id='word_1_678' title='bbox 1216 1678 1305 1714; x_wconf 73' lang='grc' dir='ltr'>ἇσπερ</span> <span class='ocrx_word' id='word_1_679' title='bbox 1330 1678 1363 1705; x_wconf 83' lang='grc' dir='ltr'>ἂν</span> <span class='ocrx_word' id='word_1_680' title='bbox 1385 1679 1504 1705; x_wconf 80' lang='grc' dir='ltr'>ποιοῖντο</span> <span class='ocrx_word' id='word_1_681' title='bbox 1525 1678 1642 1713; x_wconf 80' lang='grc' dir='ltr'>πατέρες</span> <span class='ocrx_word' id='word_1_682' title='bbox 1667 1678 1716 1713; x_wconf 80' lang='grc' dir='ltr'>μὲν</span> <span class='ocrx_word' id='word_1_683' title='bbox 1735 1678 1780 1714; x_wconf 73' lang='grc' dir='ltr'><strong>ἐφ’</strong></span> <span class='ocrx_word' id='word_1_684' title='bbox 1793 1679 1870 1710; x_wconf 85' lang='grc' dir='ltr'>υἱοῖς,</span> 
     </span>
    </p>
   </div>
   <div class='ocr_carea' id='block_1_94' title="bbox 1082 1721 1870 1759">
    <p class='ocr_par' dir='ltr' id='par_1_94' title="bbox 1082 1721 1870 1759">
     <span class='ocr_line' id='line_1_94' title="bbox 1082 1721 1870 1759; baseline 0.001 -10"><span class='ocrx_word' id='word_1_685' title='bbox 1082 1723 1234 1750; x_wconf 85' lang='grc' dir='ltr'>διδάσκαλοι</span> <span class='ocrx_word' id='word_1_686' title='bbox 1248 1723 1276 1750; x_wconf 73' lang='grc' dir='ltr'>δὲ</span> <span class='ocrx_word' id='word_1_687' title='bbox 1296 1723 1439 1758; x_wconf 83' lang='grc' dir='ltr'>ὁμιληταῖς</span> <span class='ocrx_word' id='word_1_688' title='bbox 1461 1723 1511 1758; x_wconf 89' lang='grc'>(1),</span> <span class='ocrx_word' id='word_1_689' title='bbox 1530 1723 1636 1754; x_wconf 86' lang='grc' dir='ltr'>είκαίας</span> <span class='ocrx_word' id='word_1_690' title='bbox 1652 1721 1722 1750; x_wconf 74' lang='grc' dir='ltr'>εἶναι</span> <span class='ocrx_word' id='word_1_691' title='bbox 1737 1724 1870 1759; x_wconf 82' lang='grc' dir='ltr'>φήσομεν,</span> 
     </span>
    </p>
   </div>
   <div class='ocr_carea' id='block_1_95' title="bbox 1083 1769 1871 1806">
    <p class='ocr_par' dir='ltr' id='par_1_95' title="bbox 1083 1769 1871 1806">
     <span class='ocr_line' id='line_1_95' title="bbox 1083 1769 1871 1806; baseline 0.001 -10"><span class='ocrx_word' id='word_1_692' title='bbox 1083 1770 1108 1797; x_wconf 86' lang='grc' dir='ltr'><strong>εί</strong></span> <span class='ocrx_word' id='word_1_693' title='bbox 1130 1770 1318 1805; x_wconf 84' lang='grc' dir='ltr'>καταστείχειν</span> <span class='ocrx_word' id='word_1_694' title='bbox 1336 1770 1443 1806; x_wconf 77' lang='grc' dir='ltr'>ἀνάγκη</span> <span class='ocrx_word' id='word_1_695' title='bbox 1467 1769 1516 1805; x_wconf 83' lang='grc' dir='ltr'>τὴν</span> <span class='ocrx_word' id='word_1_696' title='bbox 1532 1770 1563 1796; x_wconf 81' lang='grc' dir='ltr'>οὐ</span> <span class='ocrx_word' id='word_1_697' title='bbox 1584 1770 1654 1797; x_wconf 81' lang='grc' dir='ltr'>κατὰ</span> <span class='ocrx_word' id='word_1_698' title='bbox 1670 1769 1783 1805; x_wconf 88' lang='grc' dir='ltr'>γνώμην</span> <span class='ocrx_word' id='word_1_699' title='bbox 1802 1771 1871 1804; x_wconf 79' lang='grc' dir='ltr'>ὁδὸν,</span> 
     </span>
    </p>
   </div>
   <div class='ocr_carea' id='block_1_96' title="bbox 1083 1815 1784 1851">
    <p class='ocr_par' dir='ltr' id='par_1_96' title="bbox 1083 1815 1784 1851">
     <span class='ocr_line' id='line_1_96' title="bbox 1083 1815 1784 1851; baseline 0 -9"><span class='ocrx_word' id='word_1_700' title='bbox 1083 1815 1130 1843; x_wconf 73' lang='grc' dir='ltr'>καὶ</span> <span class='ocrx_word' id='word_1_701' title='bbox 1147 1815 1204 1850; x_wconf 86' lang='grc' dir='ltr'>βίον</span> <span class='ocrx_word' id='word_1_702' title='bbox 1219 1815 1313 1851; x_wconf 76' lang='grc' dir='ltr'>τρίϐον</span> <span class='ocrx_word' id='word_1_703' title='bbox 1329 1815 1397 1842; x_wconf 81' lang='grc' dir='ltr'>ἰέναι</span> <span class='ocrx_word' id='word_1_704' title='bbox 1414 1815 1463 1851; x_wconf 83' lang='grc' dir='ltr'>τὴν</span> <span class='ocrx_word' id='word_1_705' title='bbox 1477 1815 1638 1851; x_wconf 80' lang='grc' dir='ltr'>ἀνεθέλητον</span> <span class='ocrx_word' id='word_1_706' title='bbox 1653 1815 1708 1842; x_wconf 72' lang='grc' dir='ltr'>ἔσθ’</span> <span class='ocrx_word' id='word_1_707' title='bbox 1722 1816 1784 1849; x_wconf 66' lang='lat' dir='ltr'><strong>ore;</strong></span> 
     </span>
    </p>
   </div>
   <div class='ocr_carea' id='block_1_97' title="bbox 1118 1861 1394 1898">
    <p class='ocr_par' dir='ltr' id='par_1_97' title="bbox 1118 1861 1394 1898">
     <span class='ocr_line' id='line_1_97' title="bbox 1118 1861 1394 1898; baseline 0.004 -10"><span class='ocrx_word' id='word_1_708' title='bbox 1118 1861 1223 1889; x_wconf 76' lang='grc' dir='ltr'><strong>ΠΑΛΛ.</strong></span> <span class='ocrx_word' id='word_1_709' title='bbox 1240 1862 1295 1889; x_wconf 76' lang='grc' dir='ltr'><strong>Καὶ</strong></span> <span class='ocrx_word' id='word_1_710' title='bbox 1312 1861 1394 1898; x_wconf 84' lang='grc' dir='ltr'>μάλα.</span> 
     </span>
    </p>
   </div>
   <div class='ocr_carea' id='block_1_98' title="bbox 1118 1906 1872 1944">
    <p class='ocr_par' dir='ltr' id='par_1_98' title="bbox 1118 1906 1872 1944">
     <span class='ocr_line' id='line_1_98' title="bbox 1118 1906 1872 1944; baseline 0.001 -10"><span class='ocrx_word' id='word_1_711' title='bbox 1118 1906 1202 1935; x_wconf 84' lang='grc' dir='ltr'><strong>ΚΥΡ.</strong></span> <span class='ocrx_word' id='word_1_712' title='bbox 1216 1908 1248 1934; x_wconf 80' lang='grc' dir='ltr'><strong>Εἰ</strong></span> <span class='ocrx_word' id='word_1_713' title='bbox 1258 1907 1286 1935; x_wconf 78' lang='grc' dir='ltr'>δὲ</span> <span class='ocrx_word' id='word_1_714' title='bbox 1299 1907 1331 1944; x_wconf 86' lang='grc' dir='ltr'>δὴ</span> <span class='ocrx_word' id='word_1_715' title='bbox 1344 1907 1391 1935; x_wconf 62' lang='grc' dir='ltr'>καλ.</span> <span class='ocrx_word' id='word_1_716' title='bbox 1405 1908 1498 1936; x_wconf 74' lang='grc' dir='ltr'>παισὶν</span> <span class='ocrx_word' id='word_1_717' title='bbox 1512 1908 1596 1941; x_wconf 81' lang='grc' dir='ltr'>ίδίοις,</span> <span class='ocrx_word' id='word_1_718' title='bbox 1606 1909 1688 1944; x_wconf 74' lang='grc' dir='ltr'>ἤγουν</span> <span class='ocrx_word' id='word_1_719' title='bbox 1701 1908 1806 1944; x_wconf 75' lang='grc' dir='ltr'>ἑτέροις</span> <span class='ocrx_word' id='word_1_720' title='bbox 1817 1909 1872 1935; x_wconf 70' lang='grc' dir='ltr'>τισὶ</span> 
     </span>
    </p>
   </div>
   <div class='ocr_carea' id='block_1_99' title="bbox 1084 1954 1871 1991">
    <p class='ocr_par' dir='ltr' id='par_1_99' title="bbox 1084 1954 1871 1991">
     <span class='ocr_line' id='line_1_99' title="bbox 1084 1954 1871 1991; baseline 0.001 -10"><span class='ocrx_word' id='word_1_721' title='bbox 1084 1954 1346 1990; x_wconf 84' lang='grc' dir='ltr'>πεπλημμεληκόσιν</span> <span class='ocrx_word' id='word_1_722' title='bbox 1359 1955 1533 1990; x_wconf 80' lang='grc' dir='ltr'>ὲποτρύνοιτό</span> <span class='ocrx_word' id='word_1_723' title='bbox 1545 1964 1586 1987; x_wconf 86' lang='grc' dir='ltr'><strong>τις</strong></span> <span class='ocrx_word' id='word_1_724' title='bbox 1600 1956 1646 1982; x_wconf 73' lang='grc' dir='ltr'>καὶ</span> <span class='ocrx_word' id='word_1_725' title='bbox 1656 1955 1740 1991; x_wconf 83' lang='grc' dir='ltr'>ὀρθὴν</span> <span class='ocrx_word' id='word_1_726' title='bbox 1754 1957 1871 1982; x_wconf 85' lang='grc' dir='ltr'>ποιεῖται</span> 
     </span>
    </p>
   </div>
   <div class='ocr_carea' id='block_1_100' title="bbox 1084 2000 1870 2038">
    <p class='ocr_par' dir='ltr' id='par_1_100' title="bbox 1084 2000 1870 2038">
     <span class='ocr_line' id='line_1_100' title="bbox 1084 2000 1870 2038; baseline 0.004 -12"><span class='ocrx_word' id='word_1_727' title='bbox 1084 2001 1133 2036; x_wconf 85' lang='grc' dir='ltr'>τὴν</span> <span class='ocrx_word' id='word_1_728' title='bbox 1147 2000 1301 2036; x_wconf 76' lang='grc' dir='ltr'>ἐπίπληξιν,</span> <span class='ocrx_word' id='word_1_729' title='bbox 1318 2001 1476 2034; x_wconf 73' lang='grc' dir='ltr'>ἰπαινέσαις</span> <span class='ocrx_word' id='word_1_730' title='bbox 1494 2002 1527 2029; x_wconf 80' lang='grc' dir='ltr'><strong>ἃν</strong></span> <span class='ocrx_word' id='word_1_731' title='bbox 1542 2002 1588 2029; x_wconf 74' lang='grc' dir='ltr'>τὸν</span> <span class='ocrx_word' id='word_1_732' title='bbox 1603 2001 1722 2029; x_wconf 86' lang='grc' dir='ltr'>τοιοῦτον</span> <span class='ocrx_word' id='word_1_733' title='bbox 1743 2002 1840 2035; x_wconf 77' lang='grc' dir='ltr'>αὐτὸς,</span> <span class='ocrx_word' id='word_1_734' title='bbox 1854 2002 1870 2038; x_wconf 77' lang='grc' dir='ltr'><strong>ἢ</strong></span> 
     </span>
    </p>
   </div>
   <div class='ocr_carea' id='block_1_101' title="bbox 1084 2046 1870 2084">
    <p class='ocr_par' dir='ltr' id='par_1_101' title="bbox 1084 2046 1870 2084">
     <span class='ocr_line' id='line_1_101' title="bbox 1084 2046 1870 2084; baseline 0.001 -10"><span class='ocrx_word' id='word_1_735' title='bbox 1084 2046 1176 2074; x_wconf 79' lang='grc' dir='ltr'>ἄδικον</span> <span class='ocrx_word' id='word_1_736' title='bbox 1199 2046 1293 2082; x_wconf 83' lang='grc' dir='ltr'>λογιῇ,</span> <span class='ocrx_word' id='word_1_737' title='bbox 1314 2048 1377 2080; x_wconf 76' lang='grc' dir='ltr'>τοὺς</span> <span class='ocrx_word' id='word_1_738' title='bbox 1401 2048 1450 2083; x_wconf 85' lang='grc' dir='ltr'>μὲν</span> <span class='ocrx_word' id='word_1_739' title='bbox 1468 2048 1595 2075; x_wconf 84' lang='grc' dir='ltr'>ἁπάντων</span> <span class='ocrx_word' id='word_1_740' title='bbox 1617 2049 1684 2084; x_wconf 80' lang='grc' dir='ltr'>ἡμῖν</span> <span class='ocrx_word' id='word_1_741' title='bbox 1702 2048 1756 2075; x_wconf 80' lang='grc' dir='ltr'><strong>τῶν</strong></span> <span class='ocrx_word' id='word_1_742' title='bbox 1780 2049 1870 2076; x_wconf 80' lang='grc' dir='ltr'>κακῶν</span> 
     </span>
    </p>
   </div>
   <div class='ocr_carea' id='block_1_102' title="bbox 1084 2092 1870 2131">
    <p class='ocr_par' dir='ltr' id='par_1_102' title="bbox 1084 2092 1870 2131">
     <span class='ocr_line' id='line_1_102' title="bbox 1084 2092 1870 2131; baseline 0.005 -13"><span class='ocrx_word' id='word_1_743' title='bbox 1084 2092 1186 2124; x_wconf 75' lang='grc' dir='ltr'>αἰτίους</span> <span class='ocrx_word' id='word_1_744' title='bbox 1201 2092 1412 2128; x_wconf 85' lang='grc' dir='ltr'>ἀνεπιτιμήτους</span> <span class='ocrx_word' id='word_1_745' title='bbox 1427 2094 1474 2129; x_wconf 78' lang='grc' dir='ltr'>ὲᾷν</span> <span class='ocrx_word' id='word_1_746' title='bbox 1493 2094 1542 2120; x_wconf 77' lang='grc' dir='ltr'>οὐκ</span> <span class='ocrx_word' id='word_1_747' title='bbox 1555 2092 1602 2120; x_wconf 78' lang='grc' dir='ltr'>οἷδ’</span> <span class='ocrx_word' id='word_1_748' title='bbox 1616 2095 1690 2126; x_wconf 83' lang='grc' dir='ltr'>ὅπως</span> <span class='ocrx_word' id='word_1_749' title='bbox 1706 2094 1870 2131; x_wconf 74' lang='grc' dir='ltr'>ᾑρημένους,</span> 
     </span>
    </p>
   </div>
   <div class='ocr_carea' id='block_1_103' title="bbox 1084 2137 1870 2175">
    <p class='ocr_par' dir='ltr' id='par_1_103' title="bbox 1084 2137 1870 2175">
     <span class='ocr_line' id='line_1_103' title="bbox 1084 2137 1870 2175; baseline 0.004 -12"><span class='ocrx_word' id='word_1_750' title='bbox 1084 2137 1147 2169; x_wconf 65' lang='lat' dir='ltr'><strong>uti;</strong></span> <span class='ocrx_word' id='word_1_751' title='bbox 1169 2145 1202 2172; x_wconf 88' lang='grc' dir='ltr'><strong>γε</strong></span> <span class='ocrx_word' id='word_1_752' title='bbox 1227 2138 1289 2174; x_wconf 83' lang='grc' dir='ltr'>μὴν,</span> <span class='ocrx_word' id='word_1_753' title='bbox 1313 2138 1483 2173; x_wconf 81' lang='grc' dir='ltr'>ἀνεθελήτως</span> <span class='ocrx_word' id='word_1_754' title='bbox 1510 2147 1539 2165; x_wconf 87' lang='grc' dir='ltr'><strong>τε</strong></span> <span class='ocrx_word' id='word_1_755' title='bbox 1556 2139 1603 2165; x_wconf 73' lang='grc' dir='ltr'>καὶ</span> <span class='ocrx_word' id='word_1_756' title='bbox 1625 2138 1655 2171; x_wconf 81' lang='grc' dir='ltr'><strong>ἐξ</strong></span> <span class='ocrx_word' id='word_1_757' title='bbox 1677 2140 1802 2175; x_wconf 80' lang='grc' dir='ltr'>ἀνάγκης</span> <span class='ocrx_word' id='word_1_758' title='bbox 1827 2140 1870 2166; x_wconf 72' lang='grc' dir='ltr'><strong>ἐπὶ</strong></span> 
     </span>
    </p>
   </div>
   <div class='ocr_carea' id='block_1_104' title="bbox 1085 2184 1677 2220">
    <p class='ocr_par' dir='ltr' id='par_1_104' title="bbox 1085 2184 1677 2220">
     <span class='ocr_line' id='line_1_104' title="bbox 1085 2184 1677 2220; baseline 0.003 -10"><span class='ocrx_word' id='word_1_759' title='bbox 1085 2184 1171 2211; x_wconf 85' lang='grc' dir='ltr'>ταῦτα</span> <span class='ocrx_word' id='word_1_760' title='bbox 1185 2184 1320 2219; x_wconf 75' lang='grc' dir='ltr'>ἠγμένους</span> <span class='ocrx_word' id='word_1_761' title='bbox 1337 2184 1483 2220; x_wconf 74' lang='grc' dir='ltr'>ὑποφέρειν</span> <span class='ocrx_word' id='word_1_762' title='bbox 1498 2186 1556 2217; x_wconf 82' lang='grc' dir='ltr'>ταῖς</span> <span class='ocrx_word' id='word_1_763' title='bbox 1572 2185 1677 2218; x_wconf 77' lang='grc' dir='ltr'>δίκαις;</span> 
     </span>
    </p>
   </div>
   <div class='ocr_carea' id='block_1_105' title="bbox 1123 2229 1872 2268">
    <p class='ocr_par' dir='ltr' id='par_1_105' title="bbox 1123 2229 1872 2268">
     <span class='ocr_line' id='line_1_105' title="bbox 1123 2229 1872 2268; baseline 0.003 -12"><span class='ocrx_word' id='word_1_764' title='bbox 1123 2229 1226 2257; x_wconf 83' lang='grc' dir='ltr'><strong>ΠΑΔΛ,</strong></span> <span class='ocrx_word' id='word_1_765' title='bbox 1240 2230 1342 2257; x_wconf 78' lang='grc' dir='ltr'>Ἔοικε.</span> <span class='ocrx_word' id='word_1_766' title='bbox 1362 2231 1432 2257; x_wconf 86' lang='grc' dir='ltr'>Πολὺ</span> <span class='ocrx_word' id='word_1_767' title='bbox 1448 2230 1500 2266; x_wconf 82' lang='grc' dir='ltr'><strong>γὰρ</strong></span> <span class='ocrx_word' id='word_1_768' title='bbox 1513 2230 1569 2266; x_wconf 72' lang='grc' dir='ltr'>ἔχει</span> <span class='ocrx_word' id='word_1_769' title='bbox 1582 2231 1612 2258; x_wconf 80' lang='grc' dir='ltr'>τὸ</span> <span class='ocrx_word' id='word_1_770' title='bbox 1627 2231 1738 2258; x_wconf 77' lang='grc' dir='ltr'>πιθανὸν</span> <span class='ocrx_word' id='word_1_771' title='bbox 1754 2231 1767 2258; x_wconf 89' lang='grc' dir='ltr'><strong>ὁ</strong></span> <span class='ocrx_word' id='word_1_772' title='bbox 1783 2232 1872 2268; x_wconf 71' lang='grc' dir='ltr'>λόγος.¹</span> 
     </span>
    </p>
   </div>
   <div class='ocr_carea' id='block_1_106' title="bbox 1122 2318 1871 2354">
    <p class='ocr_par' dir='ltr' id='par_1_106' title="bbox 1122 2318 1871 2354">
     <span class='ocr_line' id='line_1_106' title="bbox 1122 2318 1871 2354; baseline 0 -8"><span class='ocrx_word' id='word_1_773' title='bbox 1122 2319 1205 2346; x_wconf 81' lang='grc' dir='ltr'><strong>ΚΥΡ.</strong></span> <span class='ocrx_word' id='word_1_774' title='bbox 1233 2319 1380 2354; x_wconf 79' lang='grc' dir='ltr'>’Έμπλεως</span> <span class='ocrx_word' id='word_1_775' title='bbox 1404 2319 1432 2345; x_wconf 77' lang='grc' dir='ltr'>δὲ</span> <span class='ocrx_word' id='word_1_776' title='bbox 1459 2319 1500 2346; x_wconf 55' lang='lat' dir='ltr'><strong>ﬁn</strong></span> <span class='ocrx_word' id='word_1_777' title='bbox 1524 2318 1684 2351; x_wconf 78' lang='grc' dir='ltr'>δυσσεϐείας</span> <span class='ocrx_word' id='word_1_778' title='bbox 1707 2319 1798 2352; x_wconf 82' lang='grc' dir='ltr'>αὐτοῖς</span> <span class='ocrx_word' id='word_1_779' title='bbox 1825 2320 1871 2352; x_wconf 82' lang='grc' dir='ltr'>τῆς</span> 
     </span>
    </p>
   </div>
   <div class='ocr_carea' id='block_1_107' title="bbox 1086 2363 1871 2402">
    <p class='ocr_par' dir='ltr' id='par_1_107' title="bbox 1086 2363 1871 2402">
     <span class='ocr_line' id='line_1_107' title="bbox 1086 2363 1871 2402; baseline 0.003 -12"><span class='ocrx_word' id='word_1_780' title='bbox 1086 2364 1205 2400; x_wconf 77' lang='grc' dir='ltr'>ἐσχάτης</span> <span class='ocrx_word' id='word_1_781' title='bbox 1220 2365 1236 2400; x_wconf 86' lang='grc' dir='ltr'>ὴ</span> <span class='ocrx_word' id='word_1_782' title='bbox 1251 2364 1340 2391; x_wconf 79' lang='grc' dir='ltr'>τοιάδε</span> <span class='ocrx_word' id='word_1_783' title='bbox 1354 2363 1432 2397; x_wconf 78' lang='grc' dir='ltr'>δόξα,</span> <span class='ocrx_word' id='word_1_784' title='bbox 1447 2364 1595 2391; x_wconf 82' lang='grc' dir='ltr'>κάντεῦθεν</span> <span class='ocrx_word' id='word_1_785' title='bbox 1610 2364 1670 2401; x_wconf 74' lang='grc' dir='ltr'>εἴσῃ</span> <span class='ocrx_word' id='word_1_786' title='bbox 1685 2373 1743 2391; x_wconf 86' lang='grc' dir='ltr'>τοι·</span> <span class='ocrx_word' id='word_1_787' title='bbox 1759 2365 1805 2392; x_wconf 88' lang='grc' dir='ltr'><strong>τὸν</strong></span> <span class='ocrx_word' id='word_1_788' title='bbox 1820 2366 1871 2402; x_wconf 84' lang='grc' dir='ltr'><strong>γὰρ</strong></span> 
     </span>
    </p>
   </div>
   <div class='ocr_carea' id='block_1_108' title="bbox 1087 2409 1870 2446">
    <p class='ocr_par' dir='ltr' id='par_1_108' title="bbox 1087 2409 1870 2446">
     <span class='ocr_line' id='line_1_108' title="bbox 1087 2409 1870 2446; baseline 0.003 -10"><span class='ocrx_word' id='word_1_789' title='bbox 1087 2409 1162 2437; x_wconf 86' lang='grc' dir='ltr'>τοῦδε</span> <span class='ocrx_word' id='word_1_790' title='bbox 1177 2409 1223 2436; x_wconf 88' lang='grc' dir='ltr'><strong>τοῦ</strong></span> <span class='ocrx_word' id='word_1_791' title='bbox 1243 2410 1342 2441; x_wconf 81' lang='grc' dir='ltr'>παντὸς</span> <span class='ocrx_word' id='word_1_792' title='bbox 1357 2410 1549 2445; x_wconf 76' lang='grc' dir='ltr'>οἱακοστρὸφον</span> <span class='ocrx_word' id='word_1_793' title='bbox 1569 2410 1663 2446; x_wconf 83' lang='grc' dir='ltr'>ὥσπερ</span> <span class='ocrx_word' id='word_1_794' title='bbox 1677 2411 1738 2438; x_wconf 74' lang='grc' dir='ltr'>τινὰ</span> <span class='ocrx_word' id='word_1_795' title='bbox 1753 2412 1799 2438; x_wconf 72' lang='grc' dir='ltr'>καὶ</span> <span class='ocrx_word' id='word_1_796' title='bbox 1815 2412 1870 2438; x_wconf 81' lang='grc' dir='ltr'>ἐπι-</span> 
     </span>
    </p>
   </div>
   <div class='ocr_carea' id='block_1_109' title="bbox 1088 2455 1869 2492">
    <p class='ocr_par' dir='ltr' id='par_1_109' title="bbox 1088 2455 1869 2492">
     <span class='ocr_line' id='line_1_109' title="bbox 1088 2455 1869 2492; baseline 0.003 -10"><span class='ocrx_word' id='word_1_797' title='bbox 1088 2455 1188 2491; x_wconf 85' lang='grc' dir='ltr'>στάτην</span> <span class='ocrx_word' id='word_1_798' title='bbox 1202 2455 1278 2488; x_wconf 79' lang='grc' dir='ltr'>Θεὸν,</span> <span class='ocrx_word' id='word_1_799' title='bbox 1292 2456 1340 2491; x_wconf 81' lang='grc' dir='ltr'>τῆς</span> <span class='ocrx_word' id='word_1_800' title='bbox 1353 2456 1465 2491; x_wconf 71' lang='grc' dir='ltr'>ἐνούσης</span> <span class='ocrx_word' id='word_1_801' title='bbox 1482 2456 1556 2492; x_wconf 83' lang='grc' dir='ltr'>αὐτῷ</span> <span class='ocrx_word' id='word_1_802' title='bbox 1576 2456 1766 2488; x_wconf 82' lang='grc' dir='ltr'>κατασείοντες</span> <span class='ocrx_word' id='word_1_803' title='bbox 1784 2457 1869 2491; x_wconf 73' lang='grc' dir='ltr'>δόξης,</span> 
     </span>
    </p>
   </div>
   <div class='ocr_carea' id='block_1_110' title="bbox 1089 2500 1871 2538">
    <p class='ocr_par' dir='ltr' id='par_1_110' title="bbox 1089 2500 1871 2538">
     <span class='ocr_line' id='line_1_110' title="bbox 1089 2500 1871 2538; baseline -0.001 -10"><span class='ocrx_word' id='word_1_804' title='bbox 1089 2501 1135 2528; x_wconf 75' lang='grc' dir='ltr'>καὶ</span> <span class='ocrx_word' id='word_1_805' title='bbox 1155 2501 1195 2532; x_wconf 82' lang='grc' dir='ltr'><strong>είς</strong></span> <span class='ocrx_word' id='word_1_806' title='bbox 1210 2500 1288 2528; x_wconf 82' lang='grc' dir='ltr'>τοῦτο</span> <span class='ocrx_word' id='word_1_807' title='bbox 1311 2501 1402 2528; x_wconf 77' lang='grc' dir='ltr'>λοιπὸν</span> <span class='ocrx_word' id='word_1_808' title='bbox 1420 2501 1504 2533; x_wconf 85' lang='grc' dir='ltr'>ἰόντες</span> <span class='ocrx_word' id='word_1_809' title='bbox 1525 2501 1643 2538; x_wconf 83' lang='grc' dir='ltr'>θράσους</span> <span class='ocrx_word' id='word_1_810' title='bbox 1654 2521 1661 2534; x_wconf 87' lang='grc'><strong>,</strong></span> <span class='ocrx_word' id='word_1_811' title='bbox 1679 2502 1717 2533; x_wconf 84' lang='grc' dir='ltr'>ὡς</span> <span class='ocrx_word' id='word_1_812' title='bbox 1731 2502 1785 2529; x_wconf 86' lang='grc' dir='ltr'>τῶν</span> <span class='ocrx_word' id='word_1_813' title='bbox 1803 2502 1871 2528; x_wconf 79' lang='grc' dir='ltr'>ἰδίων</span> 
     </span>
    </p>
   </div>
   <div class='ocr_carea' id='block_1_111' title="bbox 1088 2546 1871 2584">
    <p class='ocr_par' dir='ltr' id='par_1_111' title="bbox 1088 2546 1871 2584">
     <span class='ocr_line' id='line_1_111' title="bbox 1088 2546 1871 2584; baseline 0.001 -11"><span class='ocrx_word' id='word_1_814' title='bbox 1088 2547 1204 2574; x_wconf 73' lang='grc' dir='ltr'>εἰσάπαν</span> <span class='ocrx_word' id='word_1_815' title='bbox 1218 2546 1375 2582; x_wconf 80' lang='grc' dir='ltr'>ἀλλοτριοῦν</span> <span class='ocrx_word' id='word_1_816' title='bbox 1390 2547 1556 2583; x_wconf 85' lang='grc' dir='ltr'>αὐχημάτων</span> <span class='ocrx_word' id='word_1_817' title='bbox 1571 2547 1669 2580; x_wconf 78' lang='grc' dir='ltr'>αὑτὸν,</span> <span class='ocrx_word' id='word_1_818' title='bbox 1684 2548 1786 2584; x_wconf 83' lang='grc' dir='ltr'>ψήφοις</span> <span class='ocrx_word' id='word_1_819' title='bbox 1801 2547 1871 2579; x_wconf 73' lang='grc' dir='ltr'>ἰδίαις</span> 
     </span>
    </p>
   </div>
   <div class='ocr_carea' id='block_1_112' title="bbox 1088 2592 1869 2630">
    <p class='ocr_par' dir='ltr' id='par_1_112' title="bbox 1088 2592 1869 2630">
     <span class='ocr_line' id='line_1_112' title="bbox 1088 2592 1869 2630; baseline -0.001 -11"><span class='ocrx_word' id='word_1_820' title='bbox 1088 2593 1166 2620; x_wconf 74' lang='grc' dir='ltr'>αὐτοὶ</span> <span class='ocrx_word' id='word_1_821' title='bbox 1179 2593 1209 2620; x_wconf 62' lang='lat' dir='ltr'><strong>et</strong></span> <span class='ocrx_word' id='word_1_822' title='bbox 1219 2592 1274 2620; x_wconf 84' lang='grc' dir='ltr'><strong>τῶν</strong></span> <span class='ocrx_word' id='word_1_823' title='bbox 1287 2593 1348 2620; x_wconf 84' lang='grc' dir='ltr'>καθ’</span> <span class='ocrx_word' id='word_1_824' title='bbox 1362 2594 1435 2629; x_wconf 83' lang='grc' dir='ltr'>ἡμᾶς</span> <span class='ocrx_word' id='word_1_825' title='bbox 1449 2593 1614 2629; x_wconf 77' lang='grc' dir='ltr'>ἀπονέμουσι</span> <span class='ocrx_word' id='word_1_826' title='bbox 1630 2593 1731 2630; x_wconf 77' lang='grc' dir='ltr'>κράτος</span> <span class='ocrx_word' id='word_1_827' title='bbox 1740 2615 1748 2628; x_wconf 83' lang='grc'><strong>,</strong></span> <span class='ocrx_word' id='word_1_828' title='bbox 1759 2595 1813 2625; x_wconf 81' lang='grc' dir='ltr'>τοῖς</span> <span class='ocrx_word' id='word_1_829' title='bbox 1833 2593 1869 2624; x_wconf 83' lang='grc' dir='ltr'><strong>εις</strong></span> 
     </span>
    </p>
   </div>
   <div class='ocr_carea' id='block_1_113' title="bbox 1088 2639 1867 2676">
    <p class='ocr_par' dir='ltr' id='par_1_113' title="bbox 1088 2639 1867 2676">
     <span class='ocr_line' id='line_1_113' title="bbox 1088 2639 1867 2676; baseline -0.001 -10"><span class='ocrx_word' id='word_1_830' title='bbox 1088 2639 1148 2666; x_wconf 82' lang='grc' dir='ltr'>νοῦν</span> <span class='ocrx_word' id='word_1_831' title='bbox 1164 2639 1278 2675; x_wconf 76' lang='grc' dir='ltr'>ἥκουσιν</span> <span class='ocrx_word' id='word_1_832' title='bbox 1294 2639 1389 2672; x_wconf 83' lang='grc' dir='ltr'>ἁπλῶς</span> <span class='ocrx_word' id='word_1_833' title='bbox 1400 2648 1406 2655; x_wconf 92' lang='grc'>·</span> <span class='ocrx_word' id='word_1_834' title='bbox 1422 2640 1469 2666; x_wconf 83' lang='grc' dir='ltr'><strong>καί</strong></span> <span class='ocrx_word' id='word_1_835' title='bbox 1481 2648 1521 2667; x_wconf 86' lang='grc' dir='ltr'><strong>τοι</strong></span> <span class='ocrx_word' id='word_1_836' title='bbox 1535 2640 1584 2676; x_wconf 77' lang='grc' dir='ltr'>τὴν</span> <span class='ocrx_word' id='word_1_837' title='bbox 1600 2641 1688 2667; x_wconf 86' lang='grc' dir='ltr'>κτίσιν</span> <span class='ocrx_word' id='word_1_838' title='bbox 1703 2641 1810 2668; x_wconf 78' lang='grc' dir='ltr'>ἃπασαν</span> <span class='ocrx_word' id='word_1_839' title='bbox 1823 2639 1867 2666; x_wconf 81' lang='grc' dir='ltr'>οὐκ</span> 
     </span>
    </p>
   </div>
   <div class='ocr_carea' id='block_1_114' title="bbox 1087 2685 1867 2722">
    <p class='ocr_par' dir='ltr' id='par_1_114' title="bbox 1087 2685 1867 2722">
     <span class='ocr_line' id='line_1_114' title="bbox 1087 2685 1867 2722; baseline -0.001 -10"><span class='ocrx_word' id='word_1_840' title='bbox 1087 2685 1313 2722; x_wconf 82' lang='grc' dir='ltr'>ἀνεπιστατήτοις</span> <span class='ocrx_word' id='word_1_841' title='bbox 1331 2687 1462 2722; x_wconf 80' lang='grc' dir='ltr'>κινήμασι</span> <span class='ocrx_word' id='word_1_842' title='bbox 1480 2686 1632 2722; x_wconf 81' lang='grc' dir='ltr'>φερομένην</span> <span class='ocrx_word' id='word_1_843' title='bbox 1652 2686 1770 2721; x_wconf 82' lang='grc' dir='ltr'>ὁρῶντες</span> <span class='ocrx_word' id='word_1_844' title='bbox 1786 2686 1823 2718; x_wconf 76' lang='grc' dir='ltr'><strong>είς</strong></span> <span class='ocrx_word' id='word_1_845' title='bbox 1838 2685 1867 2712; x_wconf 71' lang='grc' dir='ltr'><strong>τὰ</strong></span> 
     </span>
    </p>
   </div>
   <div class='ocr_carea' id='block_1_115' title="bbox 1090 2786 1868 2826">
    <p class='ocr_par' dir='ltr' id='par_1_115' title="bbox 1090 2786 1868 2826">
     <span class='ocr_line' id='line_1_115' title="bbox 1090 2786 1868 2826; baseline 0.005 -12"><span class='ocrx_word' id='word_1_846' title='bbox 1090 2788 1205 2815; x_wconf 73' lang='lat' dir='ltr'><strong>muribus</strong></span> <span class='ocrx_word' id='word_1_847' title='bbox 1232 2788 1356 2822; x_wconf 81' lang='lat' dir='ltr'><strong>reddidi,</strong></span> <span class='ocrx_word' id='word_1_848' title='bbox 1383 2793 1413 2816; x_wconf 88' lang='lat' dir='ltr'><strong>ut</strong></span> <span class='ocrx_word' id='word_1_849' title='bbox 1434 2790 1503 2818; x_wconf 87' lang='lat' dir='ltr'><strong>solet</strong></span> <span class='ocrx_word' id='word_1_850' title='bbox 1526 2790 1621 2819; x_wconf 85' lang='lat' dir='ltr'><strong>Cicero</strong></span> <span class='ocrx_word' id='word_1_851' title='bbox 1646 2791 1796 2826; x_wconf 83' lang='lat' dir='ltr'><strong>discipulos</strong></span> <span class='ocrx_word' id='word_1_852' title='bbox 1823 2786 1868 2823; x_wconf 57' lang='grc' dir='ltr'>νος]</span> 
     </span>
    </p>
   </div>
   <div class='ocr_carea' id='block_1_116' title="bbox 1089 2831 1160 2851">
    <p class='ocr_par' dir='ltr' id='par_1_116' title="bbox 1089 2831 1160 2851">
     <span class='ocr_line' id='line_1_116' title="bbox 1089 2831 1160 2851; baseline -0.014 0"><span class='ocrx_word' id='word_1_853' title='bbox 1089 2831 1160 2851; x_wconf 80' lang='lat' dir='ltr'><strong>care.</strong></span> 
     </span>
    </p>
   </div>
  </div>
