1939 3041
67 130 121 158 ιδδ

436 130 482 158 DE
501 129 722 159 ADORATIONE
739 132 772 160 IN
794 132 928 162 SPlllITU
949 135 993 163 ET
1014 137 1197 166 VERl’l‘ATE.
1219 138 1283 166 LIB.
1303 139 1347 167 Vl.

1650 131 1702 170 tsi

67 189 170 217 οἰκεῖα.
190 187 224 214 Τί
245 187 301 224 γὰρ
323 187 373 214 οὐκ
392 187 421 214 ἐν
438 187 534 223 κόσμῳ
549 187 700 223 πράττεται
725 189 778 216 τῶν
802 191 858 227 περ

919 195 946 222 in
962 201 1026 222 suos
1039 194 1108 222 ﬁnes
1130 195 1243 224 tendere
1259 197 1380 224 videant.
1403 196 1474 231 Quid
1498 197 1571 225 enim
1583 199 1611 226 in
1623 206 1699 227 crea-

68 236 120 271 τὴν
135 234 225 262 κτίσιν
238 242 245 268 ;
260 234 286 260 τί
299 234 327 261 δὲ
338 233 391 261 τῶν
406 234 490 262 όντων
502 234 562 270 οὐχὶ
579 234 628 270 τὴν
645 234 713 261 ἰδίαν
725 236 860 272 τετήρηκε

67 283 156 316 τάξιν,
173 282 221 309 καὶ
248 281 390 317 μονονουχὶ
405 281 452 308 τὸν
472 281 619 317 ταξίαρχον
642 282 796 316 ἀναφωνεῖ;
815 285 862 310 καὶ

67 331 110 357 ὅτι
129 329 223 364 νόμοις
247 327 411 360 ὑπέζευκται
438 327 487 363 βοᾷ
509 328 557 355 καὶ
581 327 698 363 νεύμασι
721 328 861 356 διοικεῖται

66 378 124 408 τοῖς
137 376 183 403 τοῦ
199 377 309 412 κρατεῖν
326 375 474 410 ἰσχύοντος,
492 376 564 411 φημί
578 376 610 412 δὴ
623 376 701 403 Θεοῦ.
716 377 860 412 Τοιγάρτοι

66 424 116 450 καὶ
132 424 147 449 ὁ
159 422 301 454 θεσπέσιος
315 422 434 453 Παῦλος·
452 432 461 448 ι
480 422 520 449 Τὰ
538 423 592 458 γὰρ
610 423 714 458 ἀόρατα
735 423 829 455 αὐτοῦ,
847 433 856 450 ι

67 469 162 504 φησὶν,
176 478 185 494 ι
196 468 250 495 ἀπὸ
265 468 380 500 κτίσεως
386 468 490 504 κόσμου
511 470 565 500 τοῖς
578 469 712 504 ποιήμασι
729 469 861 505 νοούμενα

70 515 233 551 καθορᾶται,
244 514 261 549 ἦ
273 522 302 540 τι
316 514 400 546 ἀΐδιος
412 513 494 540 αὑτοῦ
507 514 622 549 δύναμις
636 515 684 541 καὶ
694 514 810 551 θειότης,
821 516 860 546 εἰς

66 559 97 586 τὸ
119 558 191 586 εἶναι
210 559 311 590 αὐτοὺς
334 558 572 594 ἀναπολογήτους·
592 559 658 586 διότι
685 560 792 594 γνόντες
816 560 860 586 τὸν

67 606 146 639 Θεὺν,
161 605 210 641 οὐχ
219 605 256 637 ὡς
272 604 337 631 Θεὸν
351 604 490 638 ἐδόξασαν,
504 605 562 631 ἀλλ’
578 604 797 642 ἐματαιώθησαν,
814 607 860 632 καὶ

71 651 217 687 ἐσκοτίσθη
233 652 250 687 ἡ
261 650 389 683 ἀσύνετος
398 651 487 678 αὐτῶν
496 651 604 686 καρδία·
620 653 779 687 φάσκοντες,
792 650 860 678 εἶναι

68 699 150 733 σοφοὶ
166 697 378 734 ἐμωράνθησαν.
404 706 413 723 ι
439 697 501 729 Πῶς
517 697 572 734 γὰρ
588 699 638 725 οὐκ
662 698 860 734 ἐμωράνθησαν

66 745 141 780 ἕτερ’
154 744 222 771 ἄττα
241 743 318 779 παρά
332 751 361 770 τε
374 742 404 770 τὸ
423 742 484 779 ἔχον
503 743 602 780 ὀρθῶς,
624 744 698 778 σφίσι
716 753 745 770 τε
767 745 859 776 αὐτοῖς

65 791 115 818 καὶ
141 790 195 826 μὴν
217 789 265 816 καὶ
285 789 388 825 ἑτέροις
410 792 516 826 φρονεῖν
532 789 777 826 συμϐουλεύοντες
795 790 862 817 Kai-

64 846 108 864 τοι
125 837 154 864 τί
170 837 202 872 δή
226 845 291 863 ποτε
315 836 382 872 φαίη
397 845 438 868 τις
453 836 486 863 ἂν
505 837 560 868 τοῖς
582 836 666 868 οὕτως
683 836 785 869 ἀθλίως
805 837 861 863 ἐπι-

71 881 205 918 νήχεσθαι
229 881 379 917 λογισμοῖς,
408 882 477 917 μηδὲ
507 882 598 914 αὐτοῖς
625 881 781 913 ἁνδάνοντος
805 884 860 914 τοῖς

65 928 133 964 παρ’
153 928 218 963 ὑμῖν
243 928 369 963 ποιηταῖς
390 927 437 954 τοῦ
463 926 569 963 μύθους
599 927 731 962 ’Λνῆφθαι
754 927 807 962 γὰρ
826 927 858 963 δὴ

65 974 120 1001 τῶν
145 973 290 1010 πρακτέων
309 973 358 1005 τὰς
379 974 547 1009 οἰκονομίας,
569 974 620 1009 οὐχ
641 974 750 1010 ἐτέρους
766 974 858 1008 τινὰς,

64 1019 124 1046 ἀλλ’
142 1020 218 1055 ἡμᾶς
230 1019 329 1051 αὐτοὺς
340 1016 370 1046 εὖ
386 1019 458 1054 ἔχειν
470 1019 567 1046 ἐδόκει.
580 1019 636 1045 Καὶ
649 1019 715 1054 γοῦν
734 1019 860 1055 Ὅμηρος

66 1065 129 1101 μὲν,
149 1066 178 1092 ὲν
194 1065 304 1097 οἰκείοις
317 1066 464 1101 ποιήμασι,
479 1065 524 1092 τδν
539 1065 705 1100 πανάριστον
722 1065 799 1100 ὑμῶν
811 1065 859 1092 καὶ

65 1111 171 1139 ὕπατον
191 1113 240 1139 Δία
258 1113 315 1144 τοῖς
327 1112 432 1147 ἑτέροις
445 1112 496 1148 ἔφη
512 1111 728 1148 προσδιειλέχθαι
746 1111 857 1147 δαίμοσι

64 1159 130 1194 περὶ
141 1159 190 1194 τῆς
200 1159 330 1193 Αἰγίσθου
344 1159 478 1194 μοιχείας,
489 1159 596 1194 καὶτῆς
610 1158 657 1185 ἐπὶ
669 1158 737 1194 τῷδε
748 1158 855 1194 ποινῆς*

914 247 975 270 tura
991 243 1082 278 agitur
1095 242 1293 270 immoderate?
1315 243 1416 278 quidve
1429 245 1457 271 in
1474 245 1558 272 rebus
1569 250 1610 273 est
1627 251 1698 282 quod

911 297 966 316 non
980 296 1059 315 suum
1068 287 1192 315 ordinem
1205 289 1311 316 servet?
1324 297 1355 317 ac
1366 298 1422 317 non
1435 290 1541 318 ordinis
1549 292 1699 327 principem

912 333 1112 368 propemodum
1124 333 1203 360 effari
1221 333 1357 367 videatur,
1369 339 1396 362 et
1408 335 1525 363 clamare
1537 344 1566 364 se
1581 337 1640 371 ejus
1649 337 1696 364 ob-

913 383 1068 413 temperare
1080 378 1198 413 legibus,
1219 379 1332 414 ejusque
1346 381 1459 409 nutibus
1469 383 1536 417 regi,
1554 383 1601 417 qui
1613 383 1698 417 ipsam

911 424 1052 451 continere
1064 431 1096 451 ac
1105 423 1177 451 tueri
1190 424 1288 456 valeat,
1302 425 1360 457 Dei,
1368 426 1478 461 inquam
1489 428 1501 454 ?
1513 428 1605 463 Itaque
1617 430 1698 456 etiam

911 468 1008 496 beatus
1022 469 1132 502 Paulus,
1150 478 1158 494 ι
1174 469 1335 502 lnvisibilia,
1353 480 1361 495 ι
1381 470 1480 505 inquit,
1498 481 1506 497 ι
1521 473 1580 507 ejus
1598 481 1613 500 a
1626 481 1697 501 crea-

910 519 973 542 tura
985 515 1080 542 mundi
1093 523 1142 550 per
1160 523 1193 542 ea
1215 523 1275 550 qua:
1287 515 1359 543 facta
1378 517 1452 549 s‘unt,
1475 517 1613 546 intellecta
1637 528 1701 554 con-_

911 562 1067 596 spiciuntur
1088 570 1095 595 ;
1109 561 1274 596 sempiterna
1288 569 1396 596 quoque
1408 563 1467 598 ejus
1479 564 1577 597 virtus,
1591 570 1619 592 et
1630 566 1702 592 divi—

910 608 982 635 nitas
999 617 1005 635 :
1019 608 1057 635 ita
1069 612 1101 635 ut
1122 608 1176 635 sint
1195 607 1412 635 inexeusabiles:
1428 610 1502 644 quia,
1522 618 1585 637 cum
1599 619 1698 646 cogno-

910 653 1014 680 vissent
1026 654 1122 686 Deum,
1134 661 1190 681 non
1203 658 1233 681 ut
1241 654 1326 681 Deum
1337 654 1566 688 gloriﬁcaverunt,
1580 661 1628 683 aut
1639 664 1695 691 gra-

912 699 963 727 tias
975 705 1089 735 egerunt
1103 709 1109 733 ;
1123 700 1171 728 sed
1195 701 1372 728 obscuratum
1384 705 1426 728 est
1439 701 1573 736 insipiens
1596 709 1644 729 cor
1655 709 1697 729 eo-

911 753 982 778 rum,
1000 752 1205 774 etevanuerunt
1224 747 1252 774 in
1268 747 1483 782 cogitationibus
1496 747 1566 780 suis;
1580 747 1700 775 dicentes

910 799 939 818 se
947 799 1006 819 esse
1014 792 1160 827 sapientes,
1171 793 1246 820 stulti
1257 792 1319 820 facti
1331 798 1394 820 sunt
1406 793 1436 820 ιλ.
1450 803 1459 819 ›
1474 793 1616 826 Quomodo
1628 794 1700 821 enim

911 845 966 864 non
980 838 1056 865 stulti
1069 838 1132 865 facti
1147 843 1222 871 sunt,
1247 839 1294 874 qui
1317 839 1369 866 alia
1387 840 1511 875 quaedam
1527 841 1562 867 ab
1580 848 1613 867 eo
1629 840 1700 876 quod

912 890 1018 911 rectum
1030 884 1076 913 sit.
1089 885 1191 912 sentire
1206 889 1262 912 tum
1275 885 1327 912 sibi
1341 885 1403 920 ipsi,
1413 891 1470 913 tum
1480 894 1546 914 vero
1557 888 1638 914 etiam
1649 895 1701 914 cte-

912 929 979 957 teris
994 930 1161 964 persuadent
1178 931 1199 946 ¹⁹
1209 931 1221 957 ?
1232 930 1326 965 Atqui,
1341 931 1414 959 dicet
1427 932 1536 967 aliquis,
1554 933 1620 968 quid
1633 941 1701 969 opus

912 980 954 1003 est
966 975 993 1003 in
1008 976 1050 1003 his
1061 976 1130 1003 adeo
1146 977 1303 1005 infelicibus
1315 979 1479 1006 commentis
1501 979 1621 1012 ﬂuitare,
1634 987 1698 1006 cum

912 1021 965 1050 hoc
978 1022 1136 1058 ﬁgmentum
1158 1031 1193 1051 ne
1209 1025 1308 1052 vestris
1330 1025 1443 1060 quidem
1465 1026 1553 1060 poetis
1575 1026 1702 1061 placeat?

913 1068 1018 1104 Quippe
1042 1070 1089 1104 qui
1104 1077 1197 1097 rerum
1215 1071 1382 1106 agendarum
1395 1072 1621 1107 gubernationem
1646 1081 1700 1100 non

909 1114 943 1142 ad
965 1115 1071 1150 aliquos
1094 1116 1172 1149 alios,
1189 1116 1238 1144 sed
1264 1116 1297 1144 ad
1319 1125 1368 1144 nos
1389 1117 1462 1152 ipsos
1483 1118 1624 1154 pertinere
1640 1118 1702 1153 jure

910 1161 1078 1188 censuerint.
1092 1161 1187 1197 Itaque
1209 1162 1345 1190 Homerus
1357 1163 1385 1190 in
1406 1163 1462 1190 suis
1474 1164 1607 1198 poematis
1625 1164 1700 1190 illum

64 1209 187 1233 vestrum
200 1214 331 1241 perquam
349 1206 483 1241 optimum
499 1213 530 1233 ac
550 1213 688 1234 summum
711 1205 817 1238 Jovem,
838 1213 900 1232 cum
919 1206 1026 1234 cancris
1045 1207 1084 1234 ait
1102 1207 1155 1235 diis
1174 1208 1339 1236 collocutum
1351 1208 1385 1236 de
1395 1208 1512 1244 [Egistlti
1528 1209 1662 1236 adulterio
1674 1213 1703 1236 et

63 1259 145 1289 pcena
160 1253 199 1281 illi
213 1254 306 1281 debita
319 1261 326 1281 :

63 1309 101 1338 Ὠ
115 1311 218 1343 πόποι,
231 1309 295 1338 οἷον
304 1310 341 1345 δή
353 1320 390 1338 νυ
404 1310 491 1344 θεοὺς
500 1310 604 1346 βροτοὶ
619 1309 804 1346 αἰτιόωνται]

77 1347 128 1379 Ἐξ
139 1347 240 1381 ἡμέων
252 1346 306 1381 γάρ
320 1354 394 1381 φασι
405 1346 472 1373 κάκ’
487 1344 619 1380 ἔμμεναι,
628 1347 655 1373 οὶ
668 1345 702 1372 δὲ
716 1345 765 1372 καὶ
775 1344 859 1372 αὐτοὶ

67 1383 181 1417 Σφίσιν
206 1382 429 1416 ἀτασθαλίῃσιν
453 1382 530 1415 ὑπὲρ
551 1381 647 1416 μόρον
669 1381 860 1452 ἄλῃ-ὣὲχου-

661 1424 714 1443 σιν
770 1436 776 1442 .

73 1463 144 1490 ’Δνθ“
153 1464 216 1490 ὅτου
225 1463 280 1499 γὰρ
292 1464 430 1500 δὴ,φηοὶν,
440 1462 616 1490 ἐπαιτιῶνται
625 1471 697 1495 τινες
707 1463 770 1495 τοὺς
779 1462 857 1494 θεοὺς

914 1308 1001 1345 Quam
1021 1313 1118 1345 temere
1141 1308 1249 1345 culpant
1270 1309 1387 1337 homines
1407 1319 1451 1345 pm
1468 1313 1577 1340 numina
1601 1313 1701 1342 divum!

911 1344 954 1382 Ea:
966 1344 1144 1382 nobis_etenirn_
1156 1344 1229 1382 malo
1247 1345 1336 1371 dicunt
1351 1344 1424 1382 esse;
1434 1346 1479 1372 sed
1497 1347 1547 1382 ipsi

908 1379 1014 1406 Prwter
1029 1380 1088 1414 fata
1102 1380 1157 1406 suis
1170 1380 1308 1414 patiuntur
1318 1384 1355 1406 tot
1370 1381 1442 1408 mala
1457 1379 1549 1417 culpis.

908 1461 994 1495 Quam
1009 1462 1044 1489 ob
1057 1469 1179 1495 causam,
1191 1463 1414 1498 inquit,nonnull
1431 1465 1497 1493 deos
1504 1472 1633 1495 accusant
1641 1471 1701 1495 tan-

63 1507 100 1541 ὡς
114 1510 179 1545 παρ’
193 1508 283 1536 αὐτῶν
296 1508 404 1544 ἔχοντες
422 1509 457 1536 τὰ
473 1509 557 1542 κακὰ,
572 1508 619 1535 καὶ
638 1508 698 1544 ούχί
710 1508 742 1544 δὴ
758 1508 858 1544 μᾶλλον

911 1515 992 1542 quam
1003 1508 1038 1535 ab
1047 1508 1101 1535 illis
1114 1508 1142 1535 in
1156 1516 1184 1536 se
1192 1509 1270 1544 201
1278 1510 1347 1536 mala
1359 1510 1531 1545 deriventur,
1547 1520 1579 1540 ac
1588 1521 1643 1540 non
1651 1521 1702 1548 po-

63 1555 111 1590 τῆς
137 1555 214 1590 σφῶν
240 1555 330 1583 αὐτῶν
364 1555 503 1591 ἁμαρτίας
532 1555 791 1592 κατακεκράγασιν,
821 1555 858 1588 ὡς

64 1601 184 1637 ὲνιείσης
209 1601 307 1634 αὐτοὺς
333 1603 502 1637 συμφοραῖς,
519 1601 566 1628 καὶ
587 1602 646 1634 ταῖς
667 1602 737 1638 ὑπὲρ
757 1601 857 1637 μόρον,

64 1648 206 1681 τουτέστι,
223 1649 269 1674 καὶ
291 1650 351 1680 ταῖς
376 1648 447 1684 ὑπὲρ
470 1648 663 1684 Εἱμαρμένην,
689 1648 749 1683 ἦτοι
774 1649 804 1675 τδ
825 1649 858 1684 τῇ

64 1694 230 1730 Εἱμαρμένῃ
242 1694 347 1722 δοκοῦν.
357 1694 462 1722 Οὐκοῦν
476 1695 555 1731 εἰπερ
566 1694 653 1721 ἓλοιτό
667 1704 709 1726 τις
719 1694 860 1723 διαϐιῶναι

65 1739 112 1775 μὲν
128 1739 230 1775 ὀρθῶς,
242 1739 437 1772 εὐϐουλοτάτας
451 1740 479 1767 δὲ
491 1740 538 1766 καὶ
551 1739 758 1771 ἐπιεικεστάτας
769 1739 818 1772 τὰς
830 1741 860 1768 ὲν

62 1785 130 1820 τῷδε
144 1785 185 1820 τῷ
202 1785 253 1821 βίῳ
268 1785 403 1813 ποιεῖσθαι
415 1785 564 1821 διατριϐὰς,
577 1785 753 1821 όρθοποδήσει
766 1794 795 1812 τε
813 1785 860 1813 καὶ

62 1832 221 1868 διανήξεται
235 1832 269 1859 τὰ
282 1832 373 1866 δεινὰ,
396 1832 508 1868 γνώμης
529 1832 598 1867 ἔχων
612 1831 695 1868 ὀρθῆς
713 1831 760 1858 καὶ
783 1832 860 1859 ἀδια-

63 1878 182 1913 στρόφου
193 1878 311 1913 καρπὸν,
324 1877 361 1904 τὸν
372 1878 409 1913 μὴ
422 1877 554 1904 ὲναλῶναι
568 1878 662 1908 κακοῖς
672 1886 678 1892 ·
697 1876 744 1903 καὶ
757 1876 859 1912 ἀληθὴς

62 1924 76 1950 ὁ
90 1924 183 1958 λόγος.
210 1924 267 1958 Ἐφ’
288 1925 355 1959 ἡμῖν
377 1923 430 1960 γὰρ
450 1924 543 1955 αὐτοῖς
565 1924 641 1955 ἐστι,
657 1922 688 1949 τὺ
711 1923 754 1949 ἐπ’
776 1922 860 1958 ἄμφω

64 1968 186 2004 βλέπειν,
210 1969 279 2004 πρός
302 1977 333 1995 τε
354 1968 384 1995 τὸ
404 1967 505 2002 ἀγαθόν
526 1976 598 2003 φημι
620 1967 667 1995 καὶ¹
681 1967 713 1994 τὸ
728 1967 858 1994 ἐναντίον·

63 2015 111 2041 καὶ
127 2015 153 2041 οἱ
168 2014 219 2049 μὲν
231 2015 258 2042 ὲν
270 2014 342 2049 λόγῳ
356 2013 536 2050 πεποιημένοι
547 2033 555 2046 ,
565 2013 596 2040 τὸ
610 2012 800 2047 θαυμάζεσθαι
811 2020 860 2039 πε-

64 2059 151 2094 φυκὸς
166 2060 215 2086 καὶ
228 2059 276 2095 τὴν
286 2060 326 2092 εἰς
338 2059 472 2095 ὀρθότητα
483 2059 586 2095 τρίϐον,
601 2060 630 2085 ὲν
645 2058 719 2094 καλῷ
731 2058 859 2095 γενήσον-

64 2113 109 2131 ται
123 2104 174 2139 τῆς
189 2104 290 2140 ἀρετῆς
301 2113 307 2120 ·
323 2104 349 2131 οἰ
369 2104 398 2130 δὲ
419 2103 608 2135 ἀποκλίνοντες
629 2104 668 2135 εἰς
682 2103 712 2130 τὸ
728 2102 858 2136 ἐναντίον,

64 2150 111 2176 καὶ
129 2150 188 2177 τῶν
206 2150 355 2185 ἀμεινόνων
371 2150 518 2185 προθέντες
532 2150 561 2176 τδ
578 2149 685 2176 ἀδικοῦν
697 2168 704 2182 ,
719 2149 797 2176 αὐτοὶ
811 2149 859 2184 τὴν

66 2197 134 2223 ἰδίαν
171 2197 399 2232 καταφθείροντες
431 2196 519 2232 ζωὴν,
550 2195 640 2223 ἁλοῖεν
670 2195 702 2222 ἂν
731 2194 860 2222 αὐθένται

65 2243 138 2274 τινὲς
158 2243 207 2269 καὶ
224 2242 352 2278 ὀλετῆρες
369 2242 452 2270 δεινοί
465 2242 515 2278 τῆς
535 2242 609 2277 σφῶν
633 2241 722 2268 αὐτῶν
738 2241 860 2277 κεφαλῆς

65 2288 283 2324 ἐξεληλεγμένοι.
299 2289 361 2316 Ὅτι
375 2289 404 2316 δὲ
422 2289 464 2323 ἐφ’
478 2289 544 2324 ἡμῖν
565 2288 657 2319 αὐτοῖς
669 2287 700 2314 τδ
717 2288 761 2314 ἐπ’
776 2288 860 2322 ἄμφω

66 2335 178 2371 βλέπειν
199 2335 330 2367 κείσεται,
344 2335 469 2371 καθάπερ
488 2335 556 2370 ἔφην
569 2334 671 2370 ἀρτίως
682 2354 689 2366 ,
701 2334 747 2361 καὶ
759 2334 860 2360 ἀναπε-

66 2382 209 2413 πωκότες
225 2382 265 2413 εἰς
283 2381 389 2417 ἡδονὰς,
403 2381 453 2417 τῆς
466 2381 520 2408 τῶν
533 2380 729 2416 συμφερόντων
742 2380 859 2415 διαμαρ-

66 2428 185 2462 τάνομεν
199 2427 296 2463 θήρας,
314 2428 398 2462 σαφὲς
412 2428 444 2455 ἂν
457 2428 570 2462 γένοιτο,
591 2426 752 2458 διαὸοῶντος
767 2426 859 2460 ἐτέρου

67 2473 121 2500 τῶν
131 2473 197 2509 παρ’
207 2473 301 2505 αὺτοῖς
312 2473 441 2509 ποιητῶν·
452 2473 600 2508 Εὐριπίδης
609 2469 685 2503 οὗτος
693 2469 735 2506 ἦν.
750 2470 861 2497 Γύναιον

70 2518 118 2552 μὲν
139 2518 196 2554 γὰρ
225 2518 271 2545 ἐπὶ
298 2519 400 2554 σκηνῆς
426 2517 585 2554 ἅρρωστοῦν
612 2517 698 2544 ὲποίει
723 2517 773 2553 τὴν
796 2516 860 2543 ἀκό-

70 2563 168 2590 λαστον
183 2564 289 2600 ἡδονὴν,
300 2562 360 2591 εἶτα
375 2565 424 2591 οὐκ
441 2562 489 2591 οἷδ’
502 2564 576 2596 ὅπως
593 2562 752 2599 φιλοσοφοῦν
766 2562 860 2596 ἔδειξε,

72 2608 118 2634 καὶ
131 2608 224 2643 λέγον·

77 2705 242 2744 τροιζήνιαι
255 2707 412 2741 γυναῖκες,
429 2709 460 2736 αἲ
474 2708 535 2735 τόδ’
551 2708 683 2744 ἔσχατον

77 2742 185 2769 οἰκεῖτε
204 2741 304 2776 χώρας
319 2744 485 2776 Πελοπείας
501 2741 685 2778 apvt-dimov,

113 2798 133 2812 "
148 2798 229 2825 Rom.
243 2806 263 2831 ι,
275 2799 372 2827 20-22.
411 2801 432 2817 ¹⁹
449 2801 500 2829 Job
516 2809 553 2835 ιι,
570 2805 596 2832 5.

117 2854 154 2890 (l)
171 2854 268 2890 Odyss.
281 2891 285 2894 Δ

911 1555 965 1582 tius
989 1555 1023 1582 de
1037 1555 1094 1582 suis
1119 1555 1241 1590 ipsorum
1254 1556 1376 1590 peccatis
1398 1562 1619 1592 conquerantur,
1640 1568 1702 1596 qua:

910 1600 939 1628 in
949 1600 1075 1628 miserias
1093 1608 1141 1627 eos
1163 1601 1324 1636 conjiciunt,
1340 1609 1442 1636 easque
1458 1606 1558 1638 praeter
1568 1604 1626 1632 Fati
1638 1614 1703 1633 con-

910 1646 1055 1678 ditionem,
1071 1649 1118 1673 aut
1134 1650 1233 1681 praeter
1255 1646 1282 1673 id
1296 1647 1370 1681 quod
1394 1647 1461 1675 Fato
1486 1647 1630 1676 decretum
1654 1650 1700 1677 sit.

910 1691 938 1719 Si
951 1691 1014 1726 quis
1037 1690 1119 1726 igitur
1136 1691 1285 1718 constituat
1306 1696 1380 1718 recte
1391 1691 1495 1725 vivere,
1519 1696 1547 1720 et
1559 1693 1703 1728 sapientis~

910 1739 979 1767 sime
996 1738 1154 1773 optimeque
1176 1737 1202 1764 in
1224 1738 1275 1766 hac
1294 1738 1349 1765 vita
1371 1739 1485 1771 versari,
1508 1739 1531 1767 is
1543 1743 1570 1766 et
1595 1745 1702 1768 rectum

909 1791 1021 1812 cursum
1039 1783 1155 1815 tenebit,
1173 1786 1225 1810 ete
1240 1783 1349 1810 casibus
1365 1784 1470 1818 asperis
1481 1784 1616 1818 elabetur,
1634 1793 1702 1814 suae-

910 1837 963 1864 que
975 1832 1058 1856 rectae
1072 1836 1103 1856 ac
1117 1829 1202 1856 ﬁrmae
1213 1828 1356 1856 sententiae
1369 1828 1446 1856 hunc
1470 1829 1592 1858 fructum
1607 1831 1700 1865 perci—

909 1876 976 1910 piet,
994 1879 1024 1902 ut
1041 1874 1120 1902 malis
1143 1882 1200 1902 non
1223 1875 1396 1910 implicetur:
1419 1875 1502 1910 idque
1528 1877 1702 1905 verissimum

909 1925 961 1950 est.
974 1921 1004 1949 In
1015 1925 1109 1949 nostra
1120 1929 1237 1956 namque
1250 1925 1292 1948 est
1308 1921 1438 1949 facultate
1450 1921 1545 1955 situm,
1570 1922 1597 1949 in
1613 1927 1701 1950 utram

909 1967 1026 1994 velimus
1044 1969 1151 2001 partem
1176 1969 1312 2000 Spectare,
1335 1965 1368 1992 ad
1390 1965 1503 1999 bonum,
1531 1965 1652 2001 inquam,
1666 1973 1701 1993 an

910 2017 1005 2040 contra
1023 2012 1056 2039 ad
1069 2012 1170 2039 malum
1187 2021 1192 2038 :
1208 2019 1240 2039 ac
1263 2011 1310 2046 qui
1331 2012 1390 2047 ejus
1404 2011 1476 2046 quod
1489 2016 1585 2046 suapte
1603 2015 1700 2039 natura

909 2062 952 2087 est
964 2058 1112 2085 honestum
1124 2061 1152 2085 et
1162 2057 1333 2090 admirabile,
1346 2062 1373 2085 et
1381 2058 1448 2085 recti
1459 2058 1567 2086 itineris
1577 2065 1702 2093 magnam

910 2104 1043 2131 rationem
1057 2104 1169 2136 habent,
1191 2104 1225 2131 ad
1238 2104 1350 2131 virtutis
1361 2104 1504 2132 commoda
1519 2104 1700 2139 pervenient;

911 2149 958 2184 qui
970 2156 1035 2176 vero
1060 2149 1088 2176 in
1099 2148 1266 2177 contrariam
1293 2153 1399 2184 partem
1423 2149 1596 2183 deﬁexerint,
1619 2153 1648 2177 et
1658 2157 1703 2177 res

912 2194 1081 2230 perniciosas
1092 2193 1204 2229 optimis
1212 2194 1395 2230 pra-tulerint,
1408 2203 1464 2222 sua:
1475 2195 1528 2230 ipsi
1544 2195 1606 2223 vitae
1617 2195 1702 2223 inter-

913 2240 982 2267 itum
996 2239 1147 2272 ail'erendo,
1159 2244 1288 2275 tanquam
1302 2240 1345 2267 sui
1357 2240 1478 2275 ipsorum
1498 2241 1595 2276 capitis
1609 2240 1701 2269 sicarii

914 2293 947 2313 ac
971 2285 1116 2321 parricida:
1138 2285 1272 2312 teterrimi
1294 2286 1413 2313 convicti
1432 2286 1608 2314 tenebuntur.
1635 2286 1702 2314 Esse

913 2337 1004 2360 autem
1027 2332 1055 2358 in
1065 2335 1160 2359 nostra
1171 2332 1255 2359 situm
1278 2336 1422 2367 potestate,
1437 2332 1465 2359 in
1484 2336 1574 2359 utram
1586 2332 1703 2360 velimus

913 2382 1018 2413 partem
1032 2380 1167 2412 spectare,
1182 2381 1212 2404 ut
1223 2377 1378 2410 mododixi,
1391 2381 1419 2404 et
1430 2377 1495 2404 dum
1507 2377 1703 2412 advoluptates

912 2423 1060 2455 inhiamus,
1083 2423 1214 2450 aberrare
1228 2430 1243 2450 a
1256 2430 1349 2450 rerum
1371 2422 1479 2449 utilium
1496 2423 1702 2455 consecutione,

912 2469 1088 2505 perspicuum
1101 2468 1159 2496 ﬁeri
1173 2473 1264 2504 potest
1279 2468 1435 2499 testimonio
1454 2468 1567 2496 alterius
1579 2468 1701 2503 ipsorum

913 2517 1001 2550 poetae
1012 2523 1018 2540 :
1031 2513 1180 2548 Euripides
1191 2513 1236 2540 hic
1247 2518 1298 2541 est.
1308 2514 1333 2541 Is
1347 2514 1447 2550 quippe
1462 2513 1652 2541 mulierculam
1672 2513 1701 2540 in

913 2567 994 2587 scena
1018 2559 1226 2594 intemperantis
1253 2559 1376 2587 lididinis
1407 2560 1504 2587 morbo
1528 2559 1699 2587 laborantem

913 2606 992 2634 facit:
1016 2606 1116 2634 deinde
1139 2606 1220 2633 modo
1245 2606 1340 2633 nescio
1359 2614 1413 2641 quo
1435 2606 1558 2633 eamdem
1581 2605 1702 2640 philoso-

913 2653 1043 2689 phantem
1054 2652 1160 2680 inducit
1173 2651 1210 2688 (2)
1226 2660 1257 2680 ac
1266 2653 1403 2680 dicentem
1414 2662 1420 2679 :

986 2709 1007 2736 0
1018 2717 1076 2744 quae
1086 2717 1223 2744 supremas
1241 2709 1316 2736 hasce
1328 2708 1429 2744 Pejopz'i
1447 2708 1497 2744 soli

986 2743 1201 2776 Hdbitatis'oras,
1214 2744 1334 2771 mulieres
1347 2743 1509 2783 Trmzeniw,_

952 2853 989 2887 (2)
1004 2853 1032 2880 In
1050 2853 1189 2889 Hippolyto
1201 2858 1325 2880 coronato
