1939 3041
197 171 252 199 4⁸59

711 169 739 195 S.
761 168 897 196 CYlilLLl
919 168 1153 196 ALEXANDRINI
1174 167 1331 195 ARCiilEP.

1780 169 1832 194 ιω

201 228 337 255 damnatis
353 226 511 255 levitatem!
523 225 606 261 Atqui
618 225 710 254 divina
723 226 866 262 Scriptura
886 227 930 259 iis,
944 227 990 261 qui

1048 226 1106 252 οεεα
1128 225 1223 261 ι’ραςρὴ
1243 224 1441 260 παραφωνήσει
1457 224 1487 250 τὸ
1508 223 1606 259 ἀληθὲς
1626 224 1681 255 τοῖς
1697 223 1734 258 μὴ
1754 223 1832 258 6960-

202 277 274 301 recte
286 272 391 308 ingredi
410 271 559 304 noluerint,
572 279 668 299 verum
687 271 897 307 pronuntiabit:
920 282 929 298 ι
945 273 989 300 ln-

201 319 330 356 sipientia
343 318 396 346 viri
419 318 504 346 violat
521 318 580 346 vias
590 319 660 354 ejus,
673 318 760 346 Deum
779 323 871 346 autem
893 326 990 346 causa-

192 370 246 394 stur
262 366 289 393 in
301 365 383 393 corde
396 372 446 392 suo
455 365 488 391 ".
504 373 514 391 ι
534 364 556 392 Α
567 372 633 392 vera
651 364 736 400 igitur
757 365 894 392 sententia
910 365 990 392 aber-

200 414 305 444 rarunt,
319 410 367 446 qui
385 409 483 438 Ortum
496 413 525 437 et
544 410 652 443 Fatum,
663 414 692 438 et
711 410 877 438 levissimam
890 410 989 437 Fortu-

199 463 262 484 nam
274 456 377 484 nostris
398 455 483 484 rebus
498 455 690 492 praefecerunt,
710 463 743 483 ac
759 463 814 483 non
824 456 915 491 potius
935 456 990 483 Deo

194 510 292 530 rerum
322 502 551 538 gubernationem
587 501 763 530 tribuendam
799 506 988 537 putaverunt;

199 549 327 584 quamvis
362 548 438 576 dicat
459 548 607 577 Christus:
631 558 640 574 ι
655 549 753 576 Nonne
785 548 841 575 duo
866 555 992 583 passeres

198 601 259 622 asse
272 593 415 622 veneunt?
426 597 455 621 et
465 602 537 622 unus
546 601 581 621 ex
592 593 660 629 ipsis
671 601 727 621 non
746 593 825 621 cadet
837 601 920 628 super
933 597 990 620 ter—

199 647 257 668 ram
269 640 328 668 sine
341 640 422 668 Patre
433 643 538 673 vestro,
549 639 597 675 qui
608 643 652 667 est
669 639 697 666 in
713 639 811 667 caelis?
828 638 918 666 Vestri
940 646 989 665 au-

199 689 255 713 tem
273 685 365 721 capilli
375 684 475 721 capitis
486 692 583 713 omnes
594 685 734 712 numerati
750 688 824 712 sunt.
838 683 928 712 Nolite
942 683 991 720 igi-

200 736 246 759 tur
258 731 356 759 timere
371 740 377 757 :
391 730 488 758 multis
497 731 657 767 passeribus
666 730 796 757 meliores
808 730 874 757 estis
885 730 986 757 VOS".)

199 776 330 804 Providet
340 776 451 812 quidem
464 776 592 804 omnibus
604 775 765 804 mortalibus
783 775 931 808 Conditor;
942 776 990 803 sed

201 826 294 850 tamen
305 821 454 857 unicuique
466 821 617 857 permittit,
630 820 703 856 quod
721 820 773 848 sibi
797 820 933 853 videatur,
949 821 990 848 fa-

189 875 275 901 cere,
289 871 318 895 et
328 875 520 903 quamcunque
531 867 659 900 voluerit,
668 867 741 894 viam
753 866 858 903 ingredi
866 867 900 895 ”.
911 867 990 894 Post-

1043 270 1133 297 ποὸεἰν
1156 271 1315 306 ᾑρημένοις·
1333 280 1342 296 ‹
1373 269 1524 306 ’Δφροσύνη
1550 269 1647 305 ἀνδρὴς
1673 269 1832 304 λυμανεῖται

1042 316 1091 347 τὰς
1106 316 1184 347 ὁδοὺς
1199 315 1292 342 αὐτοῦ·
1311 315 1356 342 τὸν
1378 315 1406 341 δὲ
1423 314 1489 341 Θεὸν
1509 314 1662 341 αἰτιάσεται
1680 315 1713 350 τῇ
1735 315 1835 349 καρδίᾳ

1043 360 1136 387 αὐτοῦ.
1158 369 1167 386 ι
1197 360 1327 396 Ἀληθοῦς
1343 358 1389 387 οὖν
1408 360 1462 396 ἄρα
1478 360 1684 396 διημαρτήκασι
1706 359 1786 394 δόξης
1809 361 1832 386 οξ

1042 406 1151 433 Γένεσίν
1168 415 1198 434 τε
1215 406 1263 434 καὶ
1282 407 1462 442 Εἱμαρμένην
1477 407 1524 433 καὶ
1545 405 1638 441 Τύχην
1656 405 1833 441 εὑδιαῤῥίπι⁴

1042 461 1105 480 στον
1127 454 1183 485 τοῖς
1211 453 1271 480 καθ’
1298 453 1372 488 ἡμᾶς
1399 453 1613 487 ἐπιστήσαντες,
1641 452 1688 478 καὶ
1710 451 1773 486 οὐχὶ
1801 451 1834 486 δὴ

1044 499 1145 534 μᾶλλον
1158 498 1218 534 Θεῷ
1241 499 1440 534 προσνέμοντες
1462 498 1511 533 τὴν
1526 497 1581 525 τῶν
1601 498 1773 533 πραγμάτων
1792 497 1834 523 οι-

1043 542 1186 578 κονομίαν·
1212 542 1302 569 καίτοι
1321 542 1445 576 λέγοντος
1459 541 1506 569 τοῦ
1526 541 1656 576 Χριστοῦ¹
1674 551 1684 568 α
1702 542 1771 577 Οὐχὶ
1787 541 1834 568 δύο

1043 588 1172 624 στρουθία
1191 588 1323 623 ἀσσαρίου
1343 588 1402 620 ἑνὸς
1422 588 1569 620 πωλείται;
1586 589 1634 614 καὶ
1651 587 1680 614 ἓν
1696 588 1725 621 ἐξ
1741 587 1834 614 αὐτῶν

1041 635 1071 661 οὐ
1084 635 1208 661 πεσεῖται
1225 635 1271 661 ἐπὶ
1284 635 1333 670 τὴν
1346 635 1408 671 γῆν,
1427 635 1491 662 ἄνευ
1509 634 1556 661 τοῦ
1573 634 1680 671 Πατρὸς
1693 634 1774 670 ὑμῶν
1783 634 1834 661 τοῦ

1042 682 1071 707 ἐν
1091 682 1147 713 τοῖς
1163 681 1288 716 οὐρανοῖς
1301 702 1307 708 .
1331 681 1424 717 Ύμῶν
1438 681 1466 708 δὲ
1489 681 1516 708 αἱ
1533 681 1625 717 τρίχες
1638 682 1689 717 τῆς
1712 681 1834 717 κεφαλῆς

1041 726 1229 762 ἠριθμημέναι
1243 727 1306 754 εἰσί.
1325 727 1370 763 Μὴ
1389 726 1436 755 οὖν
1455 727 1592 762 φοσεῐσθε’
1616 727 1722 754 πολλῶν
1735 736 1834 762 στρου-

1043 772 1108 799 θίων
1124 773 1271 809 διαφέρετε
1293 774 1382 809 ὑμεῖς.
1407 783 1416 800 t
1434 774 1549 809 Προνοεῖ
1569 774 1618 809 μὲν
1638 773 1692 810 γὰρ
1711 774 1767 800 τῶν
1787 774 1834 799 ἐπὶ

1041 819 1090 854 τῆς
1105 819 1158 855 γῆς
1180 820 1194 846 ὁ
1216 820 1404 856 Δημιουργὸς,
1427 820 1535 856 ἑκάστῳ
1550 828 1581 854 γε
1598 819 1652 855 μὴν
1675 819 1769 855 ἐφίησι
1787 819 1834 846 καὶ

1041 866 1108 901 δρᾷν
1127 866 1157 892 τὺ
1176 865 1283 897 δοκοῦν,
1301 866 1348 893 καὶ
1365 866 1398 901 ἣν
1423 865 1456 893 ἂν
1481 865 1603 902 βούλοιτο
1624 866 1744 902 βαδίζειν
1760 865 1831 892 ὀδόν.

199 920 315 948 eaquam
327 920 394 941 vero
408 919 570 948 perversum
584 916 628 940 est
639 912 781 940 hominum
793 919 889 947 genus,
902 911 990 946 legem

1048 900 1155 946 Ἐπειδὴ
1171 910 1199 937 δὲ
1219 900 1382 947 ἠρρώστησέ
1398 911 1447 946 τὴν
1466 900 1646 947 παρατροπή-ν
1663 911 1693 938 τὸ
1715 911 1762 938 ἐπὶ
1784 911 1833 946 τῆς

200 951 273 987 illico
294 959 372 987 dedit
390 959 418 987 in
431 959 610 994 adjutorium,
633 962 664 986 ut
688 959 823 994 scriptum
840 961 892 985 est.
913 957 989 985 Peri-

196 1004 323 1033 culosum
339 1005 423 1041 igitur
431 1004 623 1037 est'omnibus,
638 1004 688 1040 qui
700 1003 803 1032 Christi
815 1003 897 1031 ﬁdem
914 1010 992 1030 acce-

199 1050 301 1086 perint,
325 1057 357 1078 ac
381 1054 502 1078 veterem
538 1050 615 1083 illum
637 1057 762 1078 errorem
779 1050 989 1085 dereliquerint,

199 1095 321 1124 anilibus
332 1095 434 1124 fabulis
445 1096 544 1124 abduci
558 1095 593 1123 ad
606 1103 649 1130 ea,
663 1103 724 1131 quae
738 1103 794 1124 non
805 1099 922 1130 oportet,
936 1099 964 1122 et
975 1102 990 1122 a

199 1151 263 1171 sana
279 1142 415 1170 sententia
425 1141 595 1177 detorqueri,
611 1145 642 1169 ut
658 1141 839 1173 arbitrentur,
854 1141 907 1169 hoc
926 1141 990 1168 uni-

193 1196 325 1222 ‘versum,
347 1191 395 1216 aut
406 1192 481 1216 certe
498 1187 649 1222 hominem,
668 1188 789 1216 Fortuna
802 1195 834 1216 ac
843 1187 910 1216 Fato
921 1187 989 1223 regi,

194 1243 262 1271 quae.
270 1242 385 1271 prorsus
395 1234 470 1262 nulla
482 1239 556 1262 sunt.

225 1323 334 1353 .PALL.
356 1324 625 1352 Periculosissimnm
648 1331 723 1351 sane.
744 1323 822 1354 Nam,
849 1323 896 1357 qui
916 1323 990 1357 ejus-

198 1371 274 1398 modi
293 1374 346 1403 est,
376 1370 489 1398 omnino
514 1369 661 1398 adversum
681 1377 711 1397 se
728 1369 850 1406 judieem
869 1376 991 1396 commo-

199 1417 284 1445 vebit.

235 1463 314 1492 CYR.
327 1463 387 1491 Iam
400 1470 465 1490 vero
476 1469 569 1490 nonne
583 1461 774 1497 turpissimum
792 1469 851 1489 esse
865 1461 950 1493 dices,
964 1464 992 1488 et

196 1509 335 1547 ejusmodi
347 1509 427 1537 malis
436 1509 593 1545 proximum
604 1516 636 1536 ac
647 1508 767 1536 vicinum
780 1507 847 1535 illud
864 1507 990 1539 alterum,

203 1556 261 1584 dies
272 1555 402 1583 videlicet
421 1555 586 1587 observare,
606 1558 634 1582 et
656 1554 748 1586 horas,
768 1557 798 1582 et
819 1551 951 1588 tempora,
963 1557 992 1580 et

196 1610 298 1634 annos,
309 1609 342 1629 ac
352 1601 457 1629 lunaris
468 1601 540 1637 globi
563 1605 622 1628 tum
644 1600 840 1633 accretionem,
862 1604 920 1627 tum
937 1600 987 1628 de-

200 1646 394 1674 crementum?

236 1689 335 1717 PALL.
348 1690 382 1717 Et
396 1689 507 1725 quidem
530 1690 647 1717 maxime
667 1699 674 1717 :
704 1698 822 1726 namque
841 1690 885 1723 iis,
905 1690 953 1726 qui
975 1698 991 1718 ο

199 1736 330 1771 gentibus
342 1736 377 1763 ad
397 1737 514 1764 salutem
527 1736 649 1764 revocati
663 1739 752 1768 erant,
772 1736 946 1771 apertissime
963 1736 991 1764 id

203 1790 252 1817 pro
264 1782 381 1810 crimine
392 1782 488 1818 objicit
499 1782 596 1810 beatus
608 1782 719 1814 Paulus,
730 1790 793 1809 cum
805 1782 873 1809 dicit
888 1791 894 1809 :
913 1792 922 1808 ι
937 1782 991 1810 Sed

196 1832 259 1855 tum
273 1827 386 1863 quidem
399 1835 454 1855 non
470 1831 668 1864 cognoscentes
677 1827 774 1860 Deum,
791 1828 927 1856 serviistis
946 1829 990 1862 iis,

201 1874 248 1910 qui
261 1877 359 1902 natura
371 1881 426 1901 non
452 1873 582 1909 suntdii;
616 1882 688 1902 nunc
707 1881 774 1903 vero
794 1879 992 1910 cognoscentes

199 1919 287 1947 Deum
298 1939 306 1951 ,
321 1919 377 1947 imo
389 1926 455 1947 vero
465 1920 592 1955 cognitia
608 1920 675 1953 Deo,
697 1921 836 1956 quomodo
854 1922 992 1949 converti-

203 1964 269 1992 mini
279 1971 375 1992 rursus
390 1964 425 1992 ad
439 1964 548 1992 inﬁrma
568 1969 597 1992 et
605 1972 692 2001 egena
717 1965 871 1999 elementa,
892 1967 994 2002 quibus

200 2017 298 2038 rursus
318 2009 410 2038 denuo
430 2010 535 2039 servire
555 2010 659 2039 vultis?
682 2011 746 2039 Dies
771 2011 941 2044 observatis,
959 2015 994 2043 .‘et

201 2063 321 2089 menses,
334 2059 362 2084 et
372 2063 471 2089 annos,
484 2061 512 2084 et
523 2061 647 2092 tempora
657 2066 665 2090 ;
675 2057 759 2085 timeo
766 2066 825 2091 vos,
838 2065 871 2086 ne
883 2058 952 2086 forte
965 2059 993 2086 in

201 2109 301 2130 vanum
317 2102 501 2130 laboraverim
513 2103 543 2131 in
555 2103 644 2132 vobis.
659 2104 682 2120 "
706 2113 715 2130 ι

236 2147 316 2183 205
333 2148 412 2176 CYR.
432 2148 569 2177 Horarum
584 2150 668 2186 igitur
689 2158 721 2178 ac
741 2151 849 2178 dierum
865 2152 994 2180 observa-

202 2194 250 2226 tio,
265 2201 373 2222 necnon
387 2198 518 2229 praateroa
535 2199 700 2231 temporum,
720 2197 755 2224 ab
772 2197 806 2224 iis
817 2217 824 2229 ,
839 2198 886 2232 qui
907 2205 993 2225 unum

202 2243 229 2266 et
240 2243 337 2268 natura
362 2240 448 2268 Deum
463 2248 518 2270 non
539 2242 676 2277 ignorant,
697 2242 753 2270 imo
776 2251 861 2277 vero,
889 2243 937 2279 qui
959 2243 994 2271 ab
1010 2258 1032 2286 ο

203 2293 261 2320 .pso
284 2293 333 2320 per
349 2285 430 2313 ﬁdem
452 2290 517 2314 sunt
545 2287 658 2322 cogniti,
679 2287 752 2315 etad
771 2288 993 2324 eonjunctionem

203 2329 295 2365 gratia;
305 2337 420 2358 munere
430 2331 531 2364 vocati,
554 2331 643 2360 aliena
665 2339 780 2367 prorsus
801 2337 857 2367 est;
872 2341 934 2360 nam
948 2341 999 2361 re-.

202 2381 322 2404 trorsum
339 2376 410 2404 redit
432 2377 480 2412 qui
497 2378 550 2406 hoc
569 2377 661 2406 facere
673 2378 802 2412 voluerit,
815 2384 844 2407 et
870 2380 944 2407 illam
965 2380 993 2407 in

203 2421 311 2449 Christo
319 2421 433 2457 gloriam
443 2423 549 2459 abjicit,
555 2424 732 2459 animumque
745 2432 824 2452 suum
838 2432 892 2452 non
903 2425 995 2453 adhuc

203 2467 338 2495 libertatis
352 2472 501 2497 amatorem
514 2474 614 2502 servat,
630 2470 679 2498 sed
697 2471 780 2499 stulte
791 2471 883 2506 potius
895 2472 997 2500 veteris

203 2513 307 2541 erroris
316 2514 414 2549 jugum
437 2515 522 2548 subit,
546 2523 609 2543 cum
623 2523 687 2544 eum
713 2516 857 2550 honorem,
883 2518 929 2552 qui
946 2518 995 2545 Dei

204 2559 330 2594 proprius
342 2563 394 2592 est,
406 2560 550 2589 elementis
557 2561 774 2596 mundideferat;
786 2567 824 2596 et,
832 2571 892 2599 qua:
903 2563 937 2591 ad
949 2572 994 2592 or-

204 2609 272 2637 tum,
285 2604 443 2634 Conditoris
461 2611 530 2637 nutu
548 2612 642 2636 vocata
664 2613 739 2643 sunt,
758 2616 792 2637 ea
802 2610 918 2638 summis
935 2610 994 2645 glo-

204 2651 251 2679 ria:
264 2653 435 2680 ornamentis
445 2653 565 2683 decoret.
576 2655 719 2683 Elementa
732 2664 816 2691 porro
830 2656 924 2684 mundi
945 2664 995 2692 ap-

204 2697 286 2732 pellat
313 2696 461 2733 Apostolus
484 2700 545 2728 illas
569 2702 648 2736 quasi
673 2702 825 2737 particulas
847 2702 992 2734 universi,

204 2750 325 2779 tempora
347 2752 445 2780 nempe
457 2754 489 2774 ac
501 2754 610 2774 menses
628 2751 656 2775 et
677 2747 776 2775 horum
795 2747 992 2781 dimensiones,

204 2797 263 2824 qua:
274 2796 322 2824 per
336 2790 419 2820 horas
429 2799 461 2820 ac
473 2791 533 2820 dies
542 2791 620 2820 ﬁunt.
630 2793 699 2821 Nam
719 2794 785 2829 quia
804 2794 993 2822 continuatum

1041 955 1092 991 γῆς
1111 956 1203 990 γένος,
1219 956 1301 991 νόμον
1318 956 1399 988 εὐθὺς
1415 957 1455 987 είς
1480 955 1606 992 βοήθειαν
1621 955 1738 988 δέδωκε,
1757 957 1833 982 κατὰ

1040 1002 1071 1028 τὸ
1084 1002 1287 1037 γεγραμμένον.
1301 1001 1438 1036 Σφαλερδν
1451 999 1498 1028 οὖν
1512 1002 1567 1037 ἀρα
1587 1001 1668 1028 παντί
1685 1010 1724 1037 τῳ
1739 1002 1833 1028 λοιπδν

1040 1049 1090 1083 τὴν
1111 1049 1151 1080 είς
1171 1047 1288 1083 Χριστὸν
1306 1047 1398 1074 πίστιν
1413 1047 1621 1083 είσδεδεγμένῳ,
1650 1048 1696 1074 καὶ
1716 1047 1766 1084 τὴν
1782 1049 1833 1084 ἀρ-

1041 1093 1121 1129 χαίαν
1153 1093 1260 1127 ἐκείνην
1284 1093 1438 1121 διελάσαντι
1461 1094 1610 1129 πλάνησιν,
1635 1095 1666 1121 τὸ
1694 1094 1833 1131 γραώδεςι

1043 1139 1138 1176 μύθοις
1150 1139 1336 1176 ἀποφέρεσθαι
1354 1140 1421 1176 πρὸς
1443 1139 1461 1166 ἃ
1485 1139 1522 1175 μὴ
1538 1140 1596 1172 δεῖ,
1611 1139 1658 1167 καὶ
1671 1141 1720 1175 τῆς
1739 1140 1834 1174 ὑγιοῦς

1041 1186 1257 1222 ἀποκομίζεσθαι
1275 1186 1371 1222 δόξης,
1391 1186 1429 1218 ὼς
1450 1186 1509 1213 τόδε
1530 1187 1561 1213 τὸ
1577 1186 1699 1222 σύμπαν,
1715 1188 1773 1222 ἦτοι
1788 1187 1834 1214 τδν

1042 1233 1196 1270 ἄνθρωπον,
1215 1234 1332 1269 ἠνιοχεῖν
1346 1233 1451 1260 οἴεσθαι
1468 1233 1560 1270 Τύχην
1572 1241 1602 1259 τε
1624 1234 1670 1260 καὶ⁹
1686 1233 1833 1270 Εἱμαρμὲη

1042 1289 1101 1316 νην,
1121 1280 1171 1312 τὰς
1184 1280 1234 1306 οὐκ
1250 1279 1334 1311 οὔσας
1346 1280 1425 1312 ὅλως.

1077 1327 1181 1354 ΠΑΛΛ.
1197 1325 1419 1362 Σφαλερώτατον.
1437 1326 1593 1362 Καταθήξει
1608 1326 1663 1362 γὰρ
1676 1326 1709 1353 ἂν
1721 1327 1736 1352 ὸ
1745 1326 1834 1352 τοιοῦ-

1041 1382 1086 1406 τος
1101 1374 1189 1409 πάντη
1204 1381 1234 1400 τε
1249 1373 1296 1400 καὶ
1310 1374 1418 1405 πάντως
1435 1372 1478 1408 ἐφ’
1492 1373 1581 1408 ἑαυτῷ
1593 1373 1638 1399 τδν
1655 1373 1764 1409 κριτήν.

1077 1462 1159 1489 ΚΥΡ.
1178 1462 1210 1489 Τί
1223 1461 1268 1495 6d;
1281 1461 1312 1488 οὐ
1330 1461 1496 1498 πάναισχρον
1511 1460 1580 1489 εἶναι
1594 1462 1646 1498 φὴς
1658 1463 1704 1489 καὶ
1721 1462 1835 1498 ἀγχῐου-

1045 1515 1089 1543 ρον
1112 1507 1221 1542 ἀληθῶς
1243 1508 1298 1539 τοῖς
1320 1507 1434 1534 τοιοῖσδε
1451 1509 1546 1539 κακοῖς
1564 1507 1596 1534 τὸ
1611 1507 1718 1543 ἡμέρας
1733 1508 1834 1543 ἐπιτη-

1044 1553 1112 1588 ρεῖν,
1127 1553 1174 1580 καὶ
1186 1552 1271 1588 ὥρας,
1284 1553 1331 1579 καὶ
1346 1553 1469 1589 καιροὺς,
1485 1553 1532 1580 καὶ
1549 1553 1699 1586 ἐνιαυτοὺς,
1716 1551 1794 1586 αὔειν
1804 1562 1834 1580 τι

1043 1598 1088 1624 καὶ
1099 1597 1191 1632 φθίσιν
1203 1597 1250 1625 τοῦ
1263 1598 1423 1634 σεληνιακοῦ
1440 1599 1540 1626 κύκλου
1551 1607 1558 1632 ;

1078 1682 1183 1715 ΠΛᾹΛ.
1204 1688 1258 1715 Καὶ
1277 1689 1359 1724 μάλα,
1382 1689 1542 1724 Σαφέστατα
1561 1690 1616 1726 γὰρ
1631 1691 1689 1723 τοῖς
1703 1691 1732 1723 ἐξ
1748 1691 1836 1718 ὲθνῶν

1042 1734 1278 1770 ἀνασεσωσμένοις
1293 1735 1421 1771 ἔγκλημα
1435 1737 1550 1763 ποιεῖται
1564 1736 1599 1763 τὸ
1622 1737 1728 1773 χρῆμα,
1747 1737 1836 1772 λέγων

1041 1781 1056 1806 ό
1081 1780 1222 1812 θεσπέσιος
1239 1780 1355 1812 Παῦλος*
1381 1790 1392 1807 ι
1417 1781 1496 1808 Ἀλλά
1512 1782 1573 1809 τότε
1591 1782 1640 1817 μὲν
1664 1783 1715 1810 οὐκ
1734 1783 1837 1814 εἰδότες

1042 1824 1118 1858 Θεὸν,
1135 1825 1309 1853 ἐδουλεύσατε
1322 1827 1379 1858 τοῖς
1399 1826 1478 1861 φύσει
1496 1827 1534 1863 μὴ
1557 1825 1617 1854 οὖσι
1636 1827 1717 1859 θεοῖς·
1737 1828 1786 1855 νῦν
1807 1829 1836 1855 δὲ

1042 1871 1152 1906 γνόντες
1171 1871 1217 1899 τδν
1233 1871 1310 1905 Θεὸν,
1333 1872 1433 1908 μᾶλλον
1449 1873 1478 1900 δὲ
1498 1874 1667 1909 γνωσθέντες
1687 1873 1741 1901 ὑπὸ
1754 1874 1835 1906 Θεοῦ,

1043 1917 1101 1950 πῶς
1118 1919 1296 1954 ἐπιστρέφετε
1316 1919 1397 1946 πάλιν
1411 1920 1459 1946 ἐπὶ
1479 1920 1513 1947 τὰ
1537 1920 1639 1956 ἀσθενῆ
1670 1921 1718 1948 καὶ
1739 1922 1837 1957 πτωχὰ

1043 1965 1178 2000 στοιχεῖα,
1194 1961 1236 1996 οἷς
1253 1965 1337 1992 πάλαι
1361 1965 1465 1993 ἀνωθεν
1481 1964 1617 1992 δουλεύειν
1635 1966 1742 2000 θέλετε;
1766 1967 1838 2002 ὴμέ-

1043 2017 1093 2044 ρας
1117 2009 1339 2044 παρατηρεῖσθε,
1355 2009 1403 2036 καὶ
1416 2010 1514 2045 μῆνας,
1541 2010 1588 2037 καὶ
1609 2011 1771 2044 ἐνιαυτοὺς,
1789 2012 1837 2039 καὶ

1043 2054 1165 2090 καιρούς·
1187 2053 1325 2091 φοϐοῦμαι
1349 2056 1436 2091 ὑμᾶς,
1455 2057 1568 2092 μήπως
1595 2058 1656 2094 εικῆ
1683 2058 1836 2086 κεκοπίακα

1043 2101 1083 2132 εἰς
1098 2101 1180 2136 ὑμᾶς.
1195 2110 1206 2127 r

1078 2147 1160 2174 ΚΥΡ.
1190 2147 1224 2174 Ἦ
1247 2147 1328 2184 ὡρῶν
1355 2147 1408 2184 ἀρα
1443 2148 1491 2174 καὶ
1516 2149 1628 2185 ἡμερῶν
1660 2150 1835 2186 ὲπιτήρησις,

1044 2193 1193 2228 προσθείην
1206 2193 1228 2221 δ’
1245 2193 1278 2221 ἂν
1292 2194 1334 2221 ὅτι
1349 2195 1396 2221 καὶ
1410 2195 1426 2229 ἠ
1447 2195 1562 2230 καιρῶν,
1580 2195 1754 2231 ἀνάρμοστος
1770 2205 1837 2224 παν-

1045 2237 1129 2270 τελῶς
1142 2239 1199 2272 τοῖς
1213 2239 1260 2266 τὸν
1271 2239 1320 2266 ἕνα
1336 2248 1366 2266 τε
1379 2240 1426 2266 καὶ
1440 2239 1519 2274 φύσει
1532 2239 1598 2267 Θεὸν
1612 2241 1663 2267 οὐκ
1675 2242 1835 2277 ὴγνοηκόσι,

1047 2283 1147 2319 μᾶλλον
1163 2283 1191 2310 δὲ
1206 2284 1263 2316 τοῖς
1279 2284 1324 2311 ὑπ’
1337 2284 1421 2312 αὑτοῦ
1443 2285 1487 2312 διὰ
1506 2285 1626 2318 πίστεως
1639 2286 1835 2323 ιγνωσμένοις,

1045 2330 1092 2357 καὶ
1105 2330 1145 2362 εις
1164 2330 1318 2365 οἰκειότητα
1333 2331 1511 2366 κεκλημένοις
1524 2332 1574 2368 τὴν
1588 2332 1634 2360 διὰ
1648 2333 1698 2368 τῆς
1712 2334 1834 2369 χάριτος·

1045 2376 1187 2403 ὑπονοστεί
1206 2376 1261 2412 γὰρ
1279 2376 1388 2409 ἀνόπιν,
1401 2376 1433 2403 τδ
1451 2377 1482 2404 ὲν
1497 2377 1609 2413 Χριστῷ
1627 2379 1761 2415 καύχημα
1786 2389 1835 2415 με-

1046 2422 1113 2455 θεὶς,
1128 2423 1143 2450 ὁ
1157 2422 1238 2450 τοῦτο
1260 2422 1327 2457 δρᾷν
1341 2422 1488 2458 ᾑρημένος*
1512 2424 1559 2451 καὶ
1580 2424 1772 2461 φιλελεύθερον
1785 2427 1834 2462 μὲν

1045 2469 1136 2496 οὐκέτι
1158 2468 1203 2496 τὸν
1226 2470 1326 2496 οἰκεῖον
1350 2468 1499 2497 διεσώσατο
1526 2469 1606 2504 νοῦν,
1633 2471 1783 2506 φληνάφως
1808 2473 1837 2500 δὲ

1047 2515 1147 2550 μᾶλλον
1157 2515 1202 2542 τὸν
1215 2515 1265 2550 τῆς
1277 2515 1393 2551 ἀρχαίας
1406 2515 1566 2552 πλανήσεως
1581 2517 1728 2553 ὑποτρέχει
1743 2517 1837 2552 ζυγὸν,

1045 2563 1100 2594 τοῖς
1113 2561 1161 2588 τοῦ
1179 2561 1288 2597 κόσμουν
1305 2561 1448 2598 στοιχείοις
1464 2562 1547 2599 τιμὴν
1562 2563 1728 2599 ἀπονέμων,
1748 2564 1838 2600 ἥνπερ

1046 2609 1080 2635 ἂν
1093 2608 1148 2643 ἔχοι
1160 2607 1237 2640 Θεὸς,
1252 2607 1299 2635 καὶ
1315 2609 1376 2640 ταῖς
1391 2609 1522 2637 ἀνωτάτω
1543 2610 1686 2645 στεφανῶν
1699 2610 1838 2643 ιὺκλείαις

1045 2653 1079 2680 τὰ
1102 2653 1258 2689 κεκλῃμένα
1281 2654 1350 2689 πρὸς
1368 2654 1478 2688 γένεσιν
1497 2655 1553 2687 τοῖς
1580 2655 1628 2683 τοῦ
1653 2656 1836 2692 πεποιηκότος

1047 2700 1175 2736 νεύμασι.
1197 2701 1320 2736 Στοιχεῖα
1336 2701 1365 2728 δὲ
1386 2701 1490 2736 κόσμου
1512 2703 1580 2738 φησὶ
1601 2702 1636 2730 τὰ
1657 2703 1740 2730 οἱονεὶ
1756 2703 1840 2739 μόρια

1046 2746 1093 2773 τοῦ
1107 2746 1217 2780 παντὸς,
1232 2746 1346 2782 καιρούς
1364 2755 1395 2773 τε
1415 2747 1463 2773 καὶ⁸
1480 2747 1569 2783 μῆνας
1579 2768 1587 2781 ,
1603 2749 1650 2776 καὶ
1669 2748 1718 2780 τὰς
1732 2748 1837 2776 τούτων

1047 2794 1257 2829 ἀναμετρήσεις,
1270 2793 1315 2820 διά
1326 2801 1356 2820 τε
1372 2793 1452 2829 ὡρῶν
1470 2795 1518 2821 καὶ
1531 2795 1643 2831 ἡμερῶν
1653 2795 1840 2832 ἀποτελουμέ-

238 2887 260 2902 "
279 2887 358 2915 Prov.
371 2896 425 2921 xu,
448 2889 473 2916 5.
514 2890 536 2905 ’³
546 2889 642 2917 Matth.
658 2899 684 2922 x,
703 2891 748 2923 29,
770 2891 814 2919 3i.
855 2892 877 2908 "
891 2892 943 2920 lsa.
969 2900 1024 2925 vni,
1042 2893 1153 2927 passim.
1193 2893 1214 2908 "
1233 2892 1322 2920 Galat.
1337 2901 1373 2926 tv,
1389 2893 1450 2921 9-H
