  <div class='ocr_page' id='page_1' title='image "/cluster/home/n/w/nwhite01/storage/ocr_20150623/68/njp.32101077772711/293.png"; bbox 0 0 1939 3041; ppageno 0'>
   <div class='ocr_carea' id='block_1_1' title="bbox 207 170 259 198">
    <p class='ocr_par' dir='ltr' id='par_1_1' title="bbox 207 170 259 198">
     <span class='ocr_line' id='line_1_1' title="bbox 207 170 259 198; baseline 0 -1"><span class='ocrx_word' id='word_1_1' title='bbox 207 170 259 198; x_wconf 72' lang='grc' dir='ltr'><strong>ιῦῒι</strong></span> 
     </span>
    </p>
   </div>
   <div class='ocr_carea' id='block_1_2' title="bbox 721 165 1340 194">
    <p class='ocr_par' dir='ltr' id='par_1_2' title="bbox 721 165 1340 194">
     <span class='ocr_line' id='line_1_2' title="bbox 721 165 1340 194; baseline -0.003 -1"><span class='ocrx_word' id='word_1_2' title='bbox 721 166 748 193; x_wconf 77' lang='lat' dir='ltr'><strong>S.</strong></span> <span class='ocrx_word' id='word_1_3' title='bbox 769 165 907 194; x_wconf 80' lang='lat' dir='ltr'><strong>CYRlLLl</strong></span> <span class='ocrx_word' id='word_1_4' title='bbox 928 166 1161 194; x_wconf 67' lang='lat' dir='ltr'><strong>ALEXANDle</strong></span> <span class='ocrx_word' id='word_1_5' title='bbox 1183 165 1340 193; x_wconf 81' lang='lat' dir='ltr'><strong>ARCHIEP.</strong></span> 
     </span>
    </p>
   </div>
   <div class='ocr_carea' id='block_1_3' title="bbox 1789 158 1841 187">
    <p class='ocr_par' dir='ltr' id='par_1_3' title="bbox 1789 158 1841 187">
     <span class='ocr_line' id='line_1_3' title="bbox 1789 158 1841 187; baseline -0.019 0"><span class='ocrx_word' id='word_1_6' title='bbox 1789 158 1841 187; x_wconf 66' lang='grc'><strong>465</strong></span> 
     </span>
    </p>
   </div>
   <div class='ocr_carea' id='block_1_4' title="bbox 194 213 1000 261">
    <p class='ocr_par' dir='ltr' id='par_1_4' title="bbox 194 213 999 261">
     <span class='ocr_line' id='line_1_4' title="bbox 194 213 999 261; baseline -0.009 -7"><span class='ocrx_word' id='word_1_7' title='bbox 194 213 326 261; x_wconf 53' lang='lat' dir='ltr'><strong>imputes</strong></span> <span class='ocrx_word' id='word_1_8' title='bbox 339 224 456 259; x_wconf 73' lang='lat' dir='ltr'><strong>impulit,</strong></span> <span class='ocrx_word' id='word_1_9' title='bbox 470 222 516 250; x_wconf 86' lang='lat' dir='ltr'><strong>sed</strong></span> <span class='ocrx_word' id='word_1_10' title='bbox 527 221 673 250; x_wconf 71' lang='lat' dir='ltr'><strong>arbitrium</strong></span> <span class='ocrx_word' id='word_1_11' title='bbox 691 222 783 261; x_wconf 78' lang='lat' dir='ltr'><strong>potius</strong></span> <span class='ocrx_word' id='word_1_12' title='bbox 803 221 836 248; x_wconf 88' lang='lat' dir='ltr'><strong>ad</strong></span> <span class='ocrx_word' id='word_1_13' title='bbox 857 222 948 248; x_wconf 82' lang='lat' dir='ltr'><strong>omnia</strong></span> <span class='ocrx_word' id='word_1_14' title='bbox 967 222 999 249; x_wconf 88' lang='lat' dir='ltr'><strong>li-</strong></span> 
     </span>
    </p>
   </div>
   <div class='ocr_carea' id='block_1_5' title="bbox 1055 213 1842 261">
    <p class='ocr_par' dir='ltr' id='par_1_5' title="bbox 1055 215 1842 258">
     <span class='ocr_line' id='line_1_5' title="bbox 1055 215 1842 258; baseline -0.01 -8"><span class='ocrx_word' id='word_1_15' title='bbox 1055 222 1180 258; x_wconf 70' lang='grc' dir='ltr'>ίινειμένη</span> <span class='ocrx_word' id='word_1_16' title='bbox 1196 222 1278 257; x_wconf 75' lang='grc' dir='ltr'>ῥοπὴ,</span> <span class='ocrx_word' id='word_1_17' title='bbox 1294 221 1338 248; x_wconf 77' lang='grc' dir='ltr'>τὸν</span> <span class='ocrx_word' id='word_1_18' title='bbox 1352 220 1399 255; x_wconf 83' lang='grc' dir='ltr'>μὲν</span> <span class='ocrx_word' id='word_1_19' title='bbox 1413 219 1441 246; x_wconf 85' lang='grc' dir='ltr'>ὲν</span> <span class='ocrx_word' id='word_1_20' title='bbox 1455 218 1580 251; x_wconf 65' lang='grc' dir='ltr'>ἐκεινοις,</span> <span class='ocrx_word' id='word_1_21' title='bbox 1592 217 1638 244; x_wconf 67' lang='grc' dir='ltr'>τὸν</span> <span class='ocrx_word' id='word_1_22' title='bbox 1653 217 1675 243; x_wconf 83' lang='grc' dir='ltr'>δ’</span> <span class='ocrx_word' id='word_1_23' title='bbox 1690 215 1724 244; x_wconf 83' lang='grc' dir='ltr'>αὖ</span> <span class='ocrx_word' id='word_1_24' title='bbox 1741 217 1770 244; x_wconf 80' lang='grc' dir='ltr'>ὲν</span> <span class='ocrx_word' id='word_1_25' title='bbox 1785 216 1842 243; x_wconf 83' lang='grc' dir='ltr'>τού-</span> 
     </span>
    </p>
   </div>
   <div class='ocr_carea' id='block_1_6' title="bbox 208 268 999 304">
    <p class='ocr_par' dir='ltr' id='par_1_6' title="bbox 208 268 999 304">
     <span class='ocr_line' id='line_1_6' title="bbox 208 268 999 304; baseline -0.008 -4"><span class='ocrx_word' id='word_1_26' title='bbox 208 272 315 304; x_wconf 85' lang='lat' dir='ltr'><strong>berum,</strong></span> <span class='ocrx_word' id='word_1_27' title='bbox 326 276 354 299; x_wconf 90' lang='lat' dir='ltr'><strong>et</strong></span> <span class='ocrx_word' id='word_1_28' title='bbox 365 271 496 298; x_wconf 85' lang='lat' dir='ltr'><strong>remissus</strong></span> <span class='ocrx_word' id='word_1_29' title='bbox 505 277 537 296; x_wconf 84' lang='lat' dir='ltr'><strong>ac</strong></span> <span class='ocrx_word' id='word_1_30' title='bbox 551 269 657 296; x_wconf 86' lang='lat' dir='ltr'><strong>solutus</strong></span> <span class='ocrx_word' id='word_1_31' title='bbox 675 268 825 295; x_wconf 70' lang='lat' dir='ltr'><strong>voluntatis</strong></span> <span class='ocrx_word' id='word_1_32' title='bbox 843 273 938 300; x_wconf 84' lang='lat' dir='ltr'><strong>nutus,</strong></span> <span class='ocrx_word' id='word_1_33' title='bbox 960 268 999 295; x_wconf 89' lang='lat' dir='ltr'><strong>al-</strong></span> 
     </span>
    </p>
   </div>
   <div class='ocr_carea' id='block_1_7' title="bbox 207 314 999 352">
    <p class='ocr_par' dir='ltr' id='par_1_7' title="bbox 207 314 999 352">
     <span class='ocr_line' id='line_1_7' title="bbox 207 314 999 352; baseline -0.006 -6"><span class='ocrx_word' id='word_1_34' title='bbox 207 324 298 347; x_wconf 81' lang='lat' dir='ltr'><strong>terum</strong></span> <span class='ocrx_word' id='word_1_35' title='bbox 314 316 427 352; x_wconf 85' lang='lat' dir='ltr'><strong>quidem</strong></span> <span class='ocrx_word' id='word_1_36' title='bbox 439 319 470 343; x_wconf 89' lang='lat' dir='ltr'><strong>ut</strong></span> <span class='ocrx_word' id='word_1_37' title='bbox 490 315 518 342; x_wconf 91' lang='lat' dir='ltr'><strong>in</strong></span> <span class='ocrx_word' id='word_1_38' title='bbox 529 314 586 343; x_wconf 79' lang='lat' dir='ltr'><strong>illis</strong></span> <span class='ocrx_word' id='word_1_39' title='bbox 606 319 774 348; x_wconf 69' lang='lat' dir='ltr'><strong>versaretur,</strong></span> <span class='ocrx_word' id='word_1_40' title='bbox 790 315 907 342; x_wconf 82' lang='lat' dir='ltr'><strong>alterum</strong></span> <span class='ocrx_word' id='word_1_41' title='bbox 921 320 951 342; x_wconf 88' lang='lat' dir='ltr'><strong>ut</strong></span> <span class='ocrx_word' id='word_1_42' title='bbox 971 314 999 341; x_wconf 87' lang='lat' dir='ltr'><strong>in</strong></span> 
     </span>
    </p>
   </div>
   <div class='ocr_carea' id='block_1_8' title="bbox 208 360 998 396">
    <p class='ocr_par' dir='ltr' id='par_1_8' title="bbox 208 360 998 396">
     <span class='ocr_line' id='line_1_8' title="bbox 208 360 998 396; baseline -0.008 -4"><span class='ocrx_word' id='word_1_43' title='bbox 208 365 251 392; x_wconf 87' lang='lat' dir='ltr'><strong>his</strong></span> <span class='ocrx_word' id='word_1_44' title='bbox 260 368 342 396; x_wconf 80' lang='lat' dir='ltr'><strong>esset,</strong></span> <span class='ocrx_word' id='word_1_45' title='bbox 353 362 454 392; x_wconf 78' lang='lat' dir='ltr'><strong>cﬂ‘ecit.</strong></span> <span class='ocrx_word' id='word_1_46' title='bbox 469 361 555 396; x_wconf 80' lang='lat' dir='ltr'><strong>igitur</strong></span> <span class='ocrx_word' id='word_1_47' title='bbox 569 361 597 388; x_wconf 89' lang='lat' dir='ltr'><strong>in</strong></span> <span class='ocrx_word' id='word_1_48' title='bbox 612 361 693 389; x_wconf 89' lang='lat' dir='ltr'><strong>nobis</strong></span> <span class='ocrx_word' id='word_1_49' title='bbox 706 365 758 393; x_wconf 86' lang='lat' dir='ltr'><strong>est,</strong></span> <span class='ocrx_word' id='word_1_50' title='bbox 783 368 839 387; x_wconf 93' lang='lat' dir='ltr'><strong>non</strong></span> <span class='ocrx_word' id='word_1_51' title='bbox 851 360 880 387; x_wconf 88' lang='lat' dir='ltr'><strong>in</strong></span> <span class='ocrx_word' id='word_1_52' title='bbox 891 364 998 394; x_wconf 87' lang='lat' dir='ltr'><strong>tempo-</strong></span> 
     </span>
    </p>
   </div>
   <div class='ocr_carea' id='block_1_9' title="bbox 210 406 999 442">
    <p class='ocr_par' dir='ltr' id='par_1_9' title="bbox 210 406 999 442">
     <span class='ocr_line' id='line_1_9' title="bbox 210 406 999 442; baseline -0.006 -5"><span class='ocrx_word' id='word_1_53' title='bbox 210 417 270 437; x_wconf 77' lang='lat' dir='ltr'><strong>rum</strong></span> <span class='ocrx_word' id='word_1_54' title='bbox 286 408 458 436; x_wconf 86' lang='lat' dir='ltr'><strong>naturalibus</strong></span> <span class='ocrx_word' id='word_1_55' title='bbox 469 407 649 442; x_wconf 71' lang='lat' dir='ltr'><strong>qualitatibus</strong></span> <span class='ocrx_word' id='word_1_56' title='bbox 669 406 763 439; x_wconf 88' lang='lat' dir='ltr'><strong>situm,</strong></span> <span class='ocrx_word' id='word_1_57' title='bbox 786 406 870 433; x_wconf 83' lang='lat' dir='ltr'><strong>vitam</strong></span> <span class='ocrx_word' id='word_1_58' title='bbox 892 409 920 433; x_wconf 85' lang='lat' dir='ltr'><strong>et</strong></span> <span class='ocrx_word' id='word_1_59' title='bbox 936 413 999 433; x_wconf 92' lang='lat' dir='ltr'><strong>cum</strong></span> 
     </span>
    </p>
   </div>
   <div class='ocr_carea' id='block_1_10' title="bbox 207 453 611 485">
    <p class='ocr_par' dir='ltr' id='par_1_10' title="bbox 207 453 611 485">
     <span class='ocr_line' id='line_1_10' title="bbox 207 453 611 485; baseline -0.007 -3"><span class='ocrx_word' id='word_1_60' title='bbox 207 454 300 483; x_wconf 75' lang='lat' dir='ltr'><strong>laetitia</strong></span> <span class='ocrx_word' id='word_1_61' title='bbox 315 453 468 485; x_wconf 85' lang='lat' dir='ltr'><strong>traducere,</strong></span> <span class='ocrx_word' id='word_1_62' title='bbox 481 456 511 480; x_wconf 90' lang='lat' dir='ltr'><strong>et</strong></span> <span class='ocrx_word' id='word_1_63' title='bbox 521 460 611 480; x_wconf 87' lang='lat' dir='ltr'><strong>secus.</strong></span> 
     </span>
    </p>
   </div>
   <div class='ocr_carea' id='block_1_11' title="bbox 242 497 999 528">
    <p class='ocr_par' dir='ltr' id='par_1_11' title="bbox 242 497 999 528">
     <span class='ocr_line' id='line_1_11' title="bbox 242 497 999 528; baseline -0.007 0"><span class='ocrx_word' id='word_1_64' title='bbox 242 500 342 528; x_wconf 80' lang='lat' dir='ltr'><strong>PALL.</strong></span> <span class='ocrx_word' id='word_1_65' title='bbox 376 500 416 527; x_wconf 82' lang='lat' dir='ltr'><strong>ita</strong></span> <span class='ocrx_word' id='word_1_66' title='bbox 446 498 564 526; x_wconf 87' lang='lat' dir='ltr'><strong>videtur.</strong></span> <span class='ocrx_word' id='word_1_67' title='bbox 589 498 699 526; x_wconf 82' lang='lat' dir='ltr'><strong>Etenim</strong></span> <span class='ocrx_word' id='word_1_68' title='bbox 721 505 752 525; x_wconf 85' lang='lat' dir='ltr'><strong>es</strong></span> <span class='ocrx_word' id='word_1_69' title='bbox 774 501 848 525; x_wconf 82' lang='lat' dir='ltr'><strong>recta</strong></span> <span class='ocrx_word' id='word_1_70' title='bbox 875 497 999 524; x_wconf 88' lang='lat' dir='ltr'><strong>oratione</strong></span> 
     </span>
    </p>
   </div>
   <div class='ocr_carea' id='block_1_12' title="bbox 207 554 284 574">
    <p class='ocr_par' dir='ltr' id='par_1_12' title="bbox 207 554 284 574">
     <span class='ocr_line' id='line_1_12' title="bbox 207 554 284 574; baseline -0.013 0"><span class='ocrx_word' id='word_1_71' title='bbox 207 554 284 574; x_wconf 88' lang='lat' dir='ltr'><strong>usus.</strong></span> 
     </span>
    </p>
   </div>
   <div class='ocr_carea' id='block_1_13' title="bbox 241 589 998 625">
    <p class='ocr_par' dir='ltr' id='par_1_13' title="bbox 241 589 998 625">
     <span class='ocr_line' id='line_1_13' title="bbox 241 589 998 625; baseline -0.005 -6"><span class='ocrx_word' id='word_1_72' title='bbox 241 592 320 620; x_wconf 81' lang='lat' dir='ltr'><strong>CYR.</strong></span> <span class='ocrx_word' id='word_1_73' title='bbox 333 591 524 619; x_wconf 75' lang='lat' dir='ltr'><strong>Extimescunt</strong></span> <span class='ocrx_word' id='word_1_74' title='bbox 536 595 629 618; x_wconf 82' lang='lat' dir='ltr'><strong>autem</strong></span> <span class='ocrx_word' id='word_1_75' title='bbox 643 590 671 617; x_wconf 88' lang='lat' dir='ltr'><strong>in</strong></span> <span class='ocrx_word' id='word_1_76' title='bbox 688 589 786 625; x_wconf 85' lang='lat' dir='ltr'><strong>primis</strong></span> <span class='ocrx_word' id='word_1_77' title='bbox 805 589 934 624; x_wconf 89' lang='lat' dir='ltr'><strong>quintum</strong></span> <span class='ocrx_word' id='word_1_78' title='bbox 951 595 998 616; x_wconf 91' lang='lat' dir='ltr'><strong>oc-</strong></span> 
     </span>
    </p>
   </div>
   <div class='ocr_carea' id='block_1_14' title="bbox 207 636 999 674">
    <p class='ocr_par' dir='ltr' id='par_1_14' title="bbox 207 636 999 674">
     <span class='ocr_line' id='line_1_14' title="bbox 207 636 999 674; baseline -0.005 -7"><span class='ocrx_word' id='word_1_79' title='bbox 207 643 354 674; x_wconf 85' lang='lat' dir='ltr'><strong>tavumque</strong></span> <span class='ocrx_word' id='word_1_80' title='bbox 365 639 450 670; x_wconf 87' lang='lat' dir='ltr'><strong>diem,</strong></span> <span class='ocrx_word' id='word_1_81' title='bbox 462 643 490 667; x_wconf 86' lang='lat' dir='ltr'><strong>et</strong></span> <span class='ocrx_word' id='word_1_82' title='bbox 501 641 634 666; x_wconf 79' lang='lat' dir='ltr'><strong>excusant</strong></span> <span class='ocrx_word' id='word_1_83' title='bbox 655 637 846 665; x_wconf 82' lang='lat' dir='ltr'><strong>excusationes</strong></span> <span class='ocrx_word' id='word_1_84' title='bbox 862 636 890 663; x_wconf 94' lang='lat' dir='ltr'><strong>in</strong></span> <span class='ocrx_word' id='word_1_85' title='bbox 901 643 999 671; x_wconf 83' lang='lat' dir='ltr'><strong>pecca-</strong></span> 
     </span>
    </p>
   </div>
   <div class='ocr_carea' id='block_1_15' title="bbox 207 682 1000 721">
    <p class='ocr_par' dir='ltr' id='par_1_15' title="bbox 207 682 1000 721">
     <span class='ocr_line' id='line_1_15' title="bbox 207 682 1000 721; baseline -0.005 -8"><span class='ocrx_word' id='word_1_86' title='bbox 207 686 253 719; x_wconf 76' lang='lat' dir='ltr'><strong>tis,</strong></span> <span class='ocrx_word' id='word_1_87' title='bbox 267 685 316 713; x_wconf 88' lang='lat' dir='ltr'><strong>sed</strong></span> <span class='ocrx_word' id='word_1_88' title='bbox 326 693 409 721; x_wconf 87' lang='lat' dir='ltr'><strong>quam</strong></span> <span class='ocrx_word' id='word_1_89' title='bbox 421 684 528 720; x_wconf 79' lang='lat' dir='ltr'><strong>frigidis</strong></span> <span class='ocrx_word' id='word_1_90' title='bbox 541 689 623 720; x_wconf 89' lang='lat' dir='ltr'><strong>atque</strong></span> <span class='ocrx_word' id='word_1_91' title='bbox 646 683 767 711; x_wconf 85' lang='lat' dir='ltr'><strong>anilibus</strong></span> <span class='ocrx_word' id='word_1_92' title='bbox 782 682 1000 710; x_wconf 85' lang='lat' dir='ltr'><strong>ratiocinationi-</strong></span> 
     </span>
    </p>
   </div>
   <div class='ocr_carea' id='block_1_16' title="bbox 208 729 1000 766">
    <p class='ocr_par' dir='ltr' id='par_1_16' title="bbox 208 729 1000 766">
     <span class='ocr_line' id='line_1_16' title="bbox 208 729 1000 766; baseline -0.005 -6"><span class='ocrx_word' id='word_1_93' title='bbox 208 733 260 760; x_wconf 93' lang='lat' dir='ltr'><strong>bus</strong></span> <span class='ocrx_word' id='word_1_94' title='bbox 277 731 400 764; x_wconf 79' lang='lat' dir='ltr'><strong>ﬂuitent,</strong></span> <span class='ocrx_word' id='word_1_95' title='bbox 423 731 563 759; x_wconf 88' lang='lat' dir='ltr'><strong>hominem</strong></span> <span class='ocrx_word' id='word_1_96' title='bbox 581 730 727 766; x_wconf 82' lang='lat' dir='ltr'><strong>prudentia</strong></span> <span class='ocrx_word' id='word_1_97' title='bbox 742 729 892 765; x_wconf 69' lang='lat' dir='ltr'><strong>praeditum</strong></span> <span class='ocrx_word' id='word_1_98' title='bbox 914 729 1000 756; x_wconf 84' lang='lat' dir='ltr'><strong>latent</strong></span> 
     </span>
    </p>
   </div>
   <div class='ocr_carea' id='block_1_17' title="bbox 207 775 1000 811">
    <p class='ocr_par' dir='ltr' id='par_1_17' title="bbox 207 775 1000 811">
     <span class='ocr_line' id='line_1_17' title="bbox 207 775 1000 811; baseline -0.006 -5"><span class='ocrx_word' id='word_1_99' title='bbox 207 779 367 806; x_wconf 86' lang='lat' dir='ltr'><strong>neminem:</strong></span> <span class='ocrx_word' id='word_1_100' title='bbox 384 785 454 805; x_wconf 37' lang='lat' dir='ltr'><strong>nam,</strong></span> <span class='ocrx_word' id='word_1_101' title='bbox 468 777 603 804; x_wconf 82' lang='lat' dir='ltr'><strong>furiarum</strong></span> <span class='ocrx_word' id='word_1_102' title='bbox 616 775 798 811; x_wconf 79' lang='lat' dir='ltr'><strong>quarumdam</strong></span> <span class='ocrx_word' id='word_1_103' title='bbox 809 775 954 810; x_wconf 82' lang='lat' dir='ltr'><strong>originem,</strong></span> <span class='ocrx_word' id='word_1_104' title='bbox 968 781 1000 801; x_wconf 93' lang='lat' dir='ltr'><strong>ac</strong></span> 
     </span>
    </p>
   </div>
   <div class='ocr_carea' id='block_1_18' title="bbox 207 821 998 859">
    <p class='ocr_par' dir='ltr' id='par_1_18' title="bbox 207 821 998 859">
     <span class='ocr_line' id='line_1_18' title="bbox 207 821 998 859; baseline -0.006 -7"><span class='ocrx_word' id='word_1_105' title='bbox 207 825 417 857; x_wconf 68' lang='lat' dir='ltr'><strong>dazmoniorum,</strong></span> <span class='ocrx_word' id='word_1_106' title='bbox 437 831 501 859; x_wconf 56' lang='lat' dir='ltr'><strong>quae</strong></span> <span class='ocrx_word' id='word_1_107' title='bbox 517 823 579 851; x_wconf 83' lang='lat' dir='ltr'><strong>aliis</strong></span> <span class='ocrx_word' id='word_1_108' title='bbox 599 823 760 850; x_wconf 80' lang='lat' dir='ltr'><strong>immaniora</strong></span> <span class='ocrx_word' id='word_1_109' title='bbox 781 821 847 854; x_wconf 84' lang='lat' dir='ltr'><strong>sint,</strong></span> <span class='ocrx_word' id='word_1_110' title='bbox 861 824 998 853; x_wconf 85' lang='lat' dir='ltr'><strong>exortum,</strong></span> 
     </span>
    </p>
   </div>
   <div class='ocr_carea' id='block_1_19' title="bbox 207 867 999 906">
    <p class='ocr_par' dir='ltr' id='par_1_19' title="bbox 207 867 999 906">
     <span class='ocr_line' id='line_1_19' title="bbox 207 867 999 906; baseline -0.006 -7"><span class='ocrx_word' id='word_1_111' title='bbox 207 878 302 906; x_wconf 81' lang='lat' dir='ltr'><strong>poenas</strong></span> <span class='ocrx_word' id='word_1_112' title='bbox 318 870 400 901; x_wconf 75' lang='lat' dir='ltr'><strong>etiam</strong></span> <span class='ocrx_word' id='word_1_113' title='bbox 425 878 458 898; x_wconf 86' lang='lat' dir='ltr'><strong>ac</strong></span> <span class='ocrx_word' id='word_1_114' title='bbox 477 870 587 902; x_wconf 86' lang='lat' dir='ltr'><strong>multas,</strong></span> <span class='ocrx_word' id='word_1_115' title='bbox 600 873 628 897; x_wconf 90' lang='lat' dir='ltr'><strong>et</strong></span> <span class='ocrx_word' id='word_1_116' title='bbox 650 868 782 897; x_wconf 83' lang='lat' dir='ltr'><strong>nonnulla</strong></span> <span class='ocrx_word' id='word_1_117' title='bbox 801 867 853 895; x_wconf 81' lang='lat' dir='ltr'><strong>alia</strong></span> <span class='ocrx_word' id='word_1_118' title='bbox 866 871 999 902; x_wconf 75' lang='lat' dir='ltr'><strong>praeterea</strong></span> 
     </span>
    </p>
   </div>
   <div class='ocr_carea' id='block_1_20' title="bbox 1049 262 1841 302">
    <p class='ocr_par' dir='ltr' id='par_1_20' title="bbox 1049 262 1841 302">
     <span class='ocr_line' id='line_1_20' title="bbox 1049 262 1841 302; baseline -0.009 -7"><span class='ocrx_word' id='word_1_119' title='bbox 1049 277 1105 300; x_wconf 85' lang='grc' dir='ltr'>τοις</span> <span class='ocrx_word' id='word_1_120' title='bbox 1129 267 1254 302; x_wconf 84' lang='grc' dir='ltr'>γενέσθαι</span> <span class='ocrx_word' id='word_1_121' title='bbox 1271 265 1489 302; x_wconf 80' lang='grc' dir='ltr'>παρεσκεύασεν.</span> <span class='ocrx_word' id='word_1_122' title='bbox 1514 264 1618 291; x_wconf 79' lang='grc' dir='ltr'>Οὐκοῦν</span> <span class='ocrx_word' id='word_1_123' title='bbox 1640 264 1669 289; x_wconf 83' lang='grc' dir='ltr'>ἐν</span> <span class='ocrx_word' id='word_1_124' title='bbox 1691 263 1769 298; x_wconf 85' lang='grc' dir='ltr'>ἡμῖν,</span> <span class='ocrx_word' id='word_1_125' title='bbox 1795 262 1841 289; x_wconf 77' lang='grc' dir='ltr'><strong>καὶ</strong></span> 
     </span>
    </p>
   </div>
   <div class='ocr_carea' id='block_1_21' title="bbox 1049 308 1843 348">
    <p class='ocr_par' dir='ltr' id='par_1_21' title="bbox 1049 308 1843 348">
     <span class='ocr_line' id='line_1_21' title="bbox 1049 308 1843 348; baseline -0.008 -8"><span class='ocrx_word' id='word_1_126' title='bbox 1049 315 1099 341; x_wconf 75' lang='grc' dir='ltr'><strong>οὐκ</strong></span> <span class='ocrx_word' id='word_1_127' title='bbox 1112 315 1141 340; x_wconf 70' lang='grc' dir='ltr'>ἐν</span> <span class='ocrx_word' id='word_1_128' title='bbox 1155 314 1216 345; x_wconf 84' lang='grc' dir='ltr'>ταῖς</span> <span class='ocrx_word' id='word_1_129' title='bbox 1227 313 1281 341; x_wconf 83' lang='grc' dir='ltr'>τῶν</span> <span class='ocrx_word' id='word_1_130' title='bbox 1293 313 1395 348; x_wconf 80' lang='grc' dir='ltr'>καιρῶν</span> <span class='ocrx_word' id='word_1_131' title='bbox 1407 311 1531 346; x_wconf 83' lang='grc' dir='ltr'><strong>ποιότησι</strong></span> <span class='ocrx_word' id='word_1_132' title='bbox 1544 311 1682 345; x_wconf 77' lang='grc' dir='ltr'>φυσικαῖς,</span> <span class='ocrx_word' id='word_1_133' title='bbox 1696 309 1756 335; x_wconf 74' lang='grc' dir='ltr'>τότε</span> <span class='ocrx_word' id='word_1_134' title='bbox 1771 308 1843 334; x_wconf 79' lang='grc' dir='ltr'>διευ·</span> 
     </span>
    </p>
   </div>
   <div class='ocr_carea' id='block_1_22' title="bbox 1051 356 1624 396">
    <p class='ocr_par' dir='ltr' id='par_1_22' title="bbox 1051 356 1624 396">
     <span class='ocr_line' id='line_1_22' title="bbox 1051 356 1624 396; baseline -0.007 -10"><span class='ocrx_word' id='word_1_135' title='bbox 1051 360 1194 396; x_wconf 82' lang='grc' dir='ltr'>θυμεῖσθαι</span> <span class='ocrx_word' id='word_1_136' title='bbox 1208 359 1277 391; x_wconf 82' lang='grc' dir='ltr'>ἔστι,</span> <span class='ocrx_word' id='word_1_137' title='bbox 1292 359 1339 386; x_wconf 78' lang='grc' dir='ltr'><strong>καὶ</strong></span> <span class='ocrx_word' id='word_1_138' title='bbox 1354 357 1384 385; x_wconf 79' lang='grc' dir='ltr'><strong>τὺ</strong></span> <span class='ocrx_word' id='word_1_139' title='bbox 1402 357 1439 393; x_wconf 85' lang='grc' dir='ltr'><strong>μὴ</strong></span> <span class='ocrx_word' id='word_1_140' title='bbox 1453 356 1540 389; x_wconf 82' lang='grc' dir='ltr'>οὓτως</span> <span class='ocrx_word' id='word_1_141' title='bbox 1554 356 1624 391; x_wconf 82' lang='grc' dir='ltr'>ἔχον.</span> 
     </span>
    </p>
   </div>
   <div class='ocr_carea' id='block_1_23' title="bbox 1085 492 1627 529">
    <p class='ocr_par' dir='ltr' id='par_1_23' title="bbox 1085 492 1627 529">
     <span class='ocr_line' id='line_1_23' title="bbox 1085 492 1627 529; baseline -0.007 -7"><span class='ocrx_word' id='word_1_142' title='bbox 1085 496 1191 523; x_wconf 84' lang='grc' dir='ltr'><strong>ΠΔΛΛ.</strong></span> <span class='ocrx_word' id='word_1_143' title='bbox 1209 496 1326 522; x_wconf 82' lang='grc' dir='ltr'>Ἔοικεν.</span> <span class='ocrx_word' id='word_1_144' title='bbox 1342 494 1430 526; x_wconf 74' lang='grc' dir='ltr'><strong>Εὐθὺς</strong></span> <span class='ocrx_word' id='word_1_145' title='bbox 1444 493 1498 529; x_wconf 78' lang='grc' dir='ltr'><strong>γὰρ</strong></span> <span class='ocrx_word' id='word_1_146' title='bbox 1511 494 1524 520; x_wconf 87' lang='grc' dir='ltr'><strong>ὀ</strong></span> <span class='ocrx_word' id='word_1_147' title='bbox 1539 492 1627 526; x_wconf 82' lang='grc' dir='ltr'>λόγος.</span> 
     </span>
    </p>
   </div>
   <div class='ocr_carea' id='block_1_24' title="bbox 1085 581 1844 621">
    <p class='ocr_par' dir='ltr' id='par_1_24' title="bbox 1085 581 1844 621">
     <span class='ocr_line' id='line_1_24' title="bbox 1085 581 1844 621; baseline -0.008 -8"><span class='ocrx_word' id='word_1_148' title='bbox 1085 586 1168 613; x_wconf 82' lang='grc' dir='ltr'><strong>ΚΥΡ.</strong></span> <span class='ocrx_word' id='word_1_149' title='bbox 1191 585 1342 613; x_wconf 83' lang='grc' dir='ltr'>Ἑκδεδίασι</span> <span class='ocrx_word' id='word_1_150' title='bbox 1355 585 1384 613; x_wconf 76' lang='grc' dir='ltr'>δὲ</span> <span class='ocrx_word' id='word_1_151' title='bbox 1403 586 1446 612; x_wconf 80' lang='grc' dir='ltr'>ὅτι</span> <span class='ocrx_word' id='word_1_152' title='bbox 1461 585 1579 621; x_wconf 81' lang='grc' dir='ltr'>μάλιστα</span> <span class='ocrx_word' id='word_1_153' title='bbox 1601 583 1651 618; x_wconf 82' lang='grc' dir='ltr'>τήν</span> <span class='ocrx_word' id='word_1_154' title='bbox 1665 591 1695 610; x_wconf 82' lang='grc' dir='ltr'><strong>τε</strong></span> <span class='ocrx_word' id='word_1_155' title='bbox 1713 581 1844 617; x_wconf 77' lang='grc' dir='ltr'><strong>πέμπτην</strong></span> 
     </span>
    </p>
   </div>
   <div class='ocr_carea' id='block_1_25' title="bbox 1051 628 1843 667">
    <p class='ocr_par' dir='ltr' id='par_1_25' title="bbox 1051 628 1843 667">
     <span class='ocr_line' id='line_1_25' title="bbox 1051 628 1843 667; baseline -0.005 -9"><span class='ocrx_word' id='word_1_156' title='bbox 1051 631 1097 658; x_wconf 74' lang='grc' dir='ltr'>καὶ</span> <span class='ocrx_word' id='word_1_157' title='bbox 1110 631 1206 666; x_wconf 81' lang='grc' dir='ltr'><strong>ὀγδόην</strong></span> <span class='ocrx_word' id='word_1_158' title='bbox 1227 631 1346 667; x_wconf 83' lang='grc' dir='ltr'>ἡμέραν,</span> <span class='ocrx_word' id='word_1_159' title='bbox 1367 631 1416 658; x_wconf 81' lang='grc' dir='ltr'><strong>καὶ</strong></span> <span class='ocrx_word' id='word_1_160' title='bbox 1432 630 1646 667; x_wconf 79' lang='grc' dir='ltr'><strong>προφασίζονται</strong></span> <span class='ocrx_word' id='word_1_161' title='bbox 1668 629 1717 665; x_wconf 78' lang='grc' dir='ltr'>μὲν</span> <span class='ocrx_word' id='word_1_162' title='bbox 1733 628 1843 664; x_wconf 84' lang='grc' dir='ltr'>προφά-</span> 
     </span>
    </p>
   </div>
   <div class='ocr_carea' id='block_1_26' title="bbox 1052 674 1844 712">
    <p class='ocr_par' dir='ltr' id='par_1_26' title="bbox 1052 674 1844 712">
     <span class='ocr_line' id='line_1_26' title="bbox 1052 674 1844 712; baseline -0.005 -9"><span class='ocrx_word' id='word_1_163' title='bbox 1052 685 1108 708; x_wconf 83' lang='grc' dir='ltr'>σεις</span> <span class='ocrx_word' id='word_1_164' title='bbox 1121 676 1150 702; x_wconf 78' lang='grc' dir='ltr'>ὲν</span> <span class='ocrx_word' id='word_1_165' title='bbox 1168 676 1326 712; x_wconf 80' lang='grc' dir='ltr'><strong>ἁμαρτίαις,</strong></span> <span class='ocrx_word' id='word_1_166' title='bbox 1341 675 1470 711; x_wconf 80' lang='grc' dir='ltr'>λελήθασι</span> <span class='ocrx_word' id='word_1_167' title='bbox 1485 675 1514 703; x_wconf 78' lang='grc' dir='ltr'>δὲ</span> <span class='ocrx_word' id='word_1_168' title='bbox 1534 675 1588 702; x_wconf 85' lang='grc' dir='ltr'>τῶν</span> <span class='ocrx_word' id='word_1_169' title='bbox 1605 674 1779 710; x_wconf 84' lang='grc' dir='ltr'>ἀρτιφρόνων</span> <span class='ocrx_word' id='word_1_170' title='bbox 1799 674 1844 699; x_wconf 64' lang='grc' dir='ltr'><strong>σὺν</strong></span> 
     </span>
    </p>
   </div>
   <div class='ocr_carea' id='block_1_27' title="bbox 1050 719 1842 757">
    <p class='ocr_par' dir='ltr' id='par_1_27' title="bbox 1050 719 1842 757">
     <span class='ocr_line' id='line_1_27' title="bbox 1050 719 1842 757; baseline -0.005 -9"><span class='ocrx_word' id='word_1_171' title='bbox 1050 721 1113 748; x_wconf 89' lang='grc' dir='ltr'>δένα</span> <span class='ocrx_word' id='word_1_172' title='bbox 1122 721 1236 757; x_wconf 79' lang='grc' dir='ltr'><strong>ψυχροῖς</strong></span> <span class='ocrx_word' id='word_1_173' title='bbox 1251 722 1299 748; x_wconf 81' lang='grc' dir='ltr'><strong>καὶ</strong></span> <span class='ocrx_word' id='word_1_174' title='bbox 1308 721 1459 757; x_wconf 82' lang='grc' dir='ltr'>γραώδεσιν</span> <span class='ocrx_word' id='word_1_175' title='bbox 1476 721 1669 756; x_wconf 66' lang='grc' dir='ltr'>ἑπινηχόμενοι</span> <span class='ocrx_word' id='word_1_176' title='bbox 1680 719 1823 753; x_wconf 75' lang='grc' dir='ltr'><strong>λογισμοῖς</strong></span> <span class='ocrx_word' id='word_1_177' title='bbox 1835 726 1842 732; x_wconf 92' lang='grc'>·</span> 
     </span>
    </p>
   </div>
   <div class='ocr_carea' id='block_1_28' title="bbox 1051 764 1843 802">
    <p class='ocr_par' dir='ltr' id='par_1_28' title="bbox 1051 764 1843 802">
     <span class='ocr_line' id='line_1_28' title="bbox 1051 764 1843 802; baseline -0.004 -9"><span class='ocrx_word' id='word_1_178' title='bbox 1051 766 1180 802; x_wconf 81' lang='grc' dir='ltr'>ὲριννύων</span> <span class='ocrx_word' id='word_1_179' title='bbox 1192 766 1246 802; x_wconf 85' lang='grc' dir='ltr'><strong>γάρ</strong></span> <span class='ocrx_word' id='word_1_180' title='bbox 1258 775 1339 794; x_wconf 90' lang='grc' dir='ltr'>τινων</span> <span class='ocrx_word' id='word_1_181' title='bbox 1354 767 1462 801; x_wconf 89' lang='grc' dir='ltr'>γένεσιν</span> <span class='ocrx_word' id='word_1_182' title='bbox 1476 766 1524 793; x_wconf 72' lang='grc' dir='ltr'><strong>καὶ</strong></span> <span class='ocrx_word' id='word_1_183' title='bbox 1536 765 1681 802; x_wconf 81' lang='grc' dir='ltr'>δαιμονίων</span> <span class='ocrx_word' id='word_1_184' title='bbox 1695 764 1843 796; x_wconf 79' lang='grc' dir='ltr'>ἀνάδειξιν,</span> 
     </span>
    </p>
   </div>
   <div class='ocr_carea' id='block_1_29' title="bbox 1050 810 1845 847">
    <p class='ocr_par' dir='ltr' id='par_1_29' title="bbox 1050 810 1845 847">
     <span class='ocr_line' id='line_1_29' title="bbox 1050 810 1845 847; baseline -0.004 -9"><span class='ocrx_word' id='word_1_185' title='bbox 1050 811 1068 838; x_wconf 71' lang='grc' dir='ltr'><strong>ἃ</strong></span> <span class='ocrx_word' id='word_1_186' title='bbox 1085 811 1130 838; x_wconf 81' lang='grc' dir='ltr'><strong>καὶ</strong></span> <span class='ocrx_word' id='word_1_187' title='bbox 1153 811 1208 838; x_wconf 85' lang='grc' dir='ltr'>τῶν</span> <span class='ocrx_word' id='word_1_188' title='bbox 1231 811 1319 839; x_wconf 83' lang='grc' dir='ltr'>ἄλλων</span> <span class='ocrx_word' id='word_1_189' title='bbox 1338 811 1413 839; x_wconf 72' lang='grc' dir='ltr'>ἐστὶν</span> <span class='ocrx_word' id='word_1_190' title='bbox 1428 811 1604 847; x_wconf 75' lang='grc' dir='ltr'>ἀγριώτερα,</span> <span class='ocrx_word' id='word_1_191' title='bbox 1629 810 1726 842; x_wconf 79' lang='grc' dir='ltr'>ποινάς</span> <span class='ocrx_word' id='word_1_192' title='bbox 1745 818 1776 836; x_wconf 85' lang='grc' dir='ltr'><strong>τε</strong></span> <span class='ocrx_word' id='word_1_193' title='bbox 1797 810 1845 836; x_wconf 74' lang='grc' dir='ltr'>καὶ</span> 
     </span>
    </p>
   </div>
   <div class='ocr_carea' id='block_1_30' title="bbox 1051 855 1844 893">
    <p class='ocr_par' dir='ltr' id='par_1_30' title="bbox 1051 855 1844 893">
     <span class='ocr_line' id='line_1_30' title="bbox 1051 855 1844 893; baseline -0.005 -9"><span class='ocrx_word' id='word_1_194' title='bbox 1051 857 1139 890; x_wconf 76' lang='grc' dir='ltr'>δίκας,</span> <span class='ocrx_word' id='word_1_195' title='bbox 1155 857 1202 884; x_wconf 82' lang='grc' dir='ltr'>καί</span> <span class='ocrx_word' id='word_1_196' title='bbox 1211 866 1272 884; x_wconf 86' lang='grc' dir='ltr'>τινα</span> <span class='ocrx_word' id='word_1_197' title='bbox 1284 857 1352 893; x_wconf 78' lang='grc' dir='ltr'>πρὸς</span> <span class='ocrx_word' id='word_1_198' title='bbox 1363 857 1468 889; x_wconf 79' lang='grc' dir='ltr'>τούτοις</span> <span class='ocrx_word' id='word_1_199' title='bbox 1478 856 1570 893; x_wconf 76' lang='grc' dir='ltr'>ἕτερα,</span> <span class='ocrx_word' id='word_1_200' title='bbox 1585 855 1733 892; x_wconf 79' lang='grc' dir='ltr'>φληνάφως</span> <span class='ocrx_word' id='word_1_201' title='bbox 1746 855 1844 886; x_wconf 81' lang='grc' dir='ltr'>αὑταῖς</span> 
     </span>
    </p>
   </div>
   <div class='ocr_carea' id='block_1_31' title="bbox 207 900 1000 953">
    <p class='ocr_par' dir='ltr' id='par_1_31' title="bbox 207 911 1000 953">
     <span class='ocr_line' id='line_1_31' title="bbox 207 911 1000 953; baseline -0.009 -8"><span class='ocrx_word' id='word_1_202' title='bbox 207 916 350 953; x_wconf 76' lang='lat' dir='ltr'><strong>nugatorie</strong></span> <span class='ocrx_word' id='word_1_203' title='bbox 356 916 406 944; x_wconf 85' lang='lat' dir='ltr'><strong>.his</strong></span> <span class='ocrx_word' id='word_1_204' title='bbox 414 916 541 944; x_wconf 72' lang='lat' dir='ltr'><strong>intexere</strong></span> <span class='ocrx_word' id='word_1_205' title='bbox 554 915 647 943; x_wconf 85' lang='lat' dir='ltr'><strong>miseri</strong></span> <span class='ocrx_word' id='word_1_206' title='bbox 663 922 718 941; x_wconf 91' lang='lat' dir='ltr'><strong>non</strong></span> <span class='ocrx_word' id='word_1_207' title='bbox 732 913 908 940; x_wconf 86' lang='lat' dir='ltr'><strong>erubescunt.</strong></span> <span class='ocrx_word' id='word_1_208' title='bbox 922 911 1000 945; x_wconf 90' lang='lat' dir='ltr'><strong>Quod</strong></span> 
     </span>
    </p>
   </div>
   <div class='ocr_carea' id='block_1_32' title="bbox 1055 900 1844 953">
    <p class='ocr_par' dir='ltr' id='par_1_32' title="bbox 1055 900 1844 938">
     <span class='ocr_line' id='line_1_32' title="bbox 1055 900 1844 938; baseline -0.004 -9"><span class='ocrx_word' id='word_1_209' title='bbox 1055 902 1261 936; x_wconf 62' lang='grc' dir='ltr'>ἑπιπλέκοντες,</span> <span class='ocrx_word' id='word_1_210' title='bbox 1281 903 1331 930; x_wconf 88' lang='grc' dir='ltr'><strong>οὐκ</strong></span> <span class='ocrx_word' id='word_1_211' title='bbox 1346 902 1509 938; x_wconf 77' lang='grc' dir='ltr'>έρυθριῶσιν</span> <span class='ocrx_word' id='word_1_212' title='bbox 1530 903 1555 929; x_wconf 73' lang='grc' dir='ltr'>οἱ</span> <span class='ocrx_word' id='word_1_213' title='bbox 1571 901 1696 933; x_wconf 83' lang='grc' dir='ltr'>τάλανες.</span> <span class='ocrx_word' id='word_1_214' title='bbox 1715 901 1748 927; x_wconf 78' lang='lat' dir='ltr'><strong>Et</strong></span> <span class='ocrx_word' id='word_1_215' title='bbox 1763 900 1792 927; x_wconf 82' lang='grc' dir='ltr'>δὲ</span> <span class='ocrx_word' id='word_1_216' title='bbox 1812 900 1844 935; x_wconf 81' lang='grc' dir='ltr'>δὴ</span> 
     </span>
    </p>
   </div>
   <div class='ocr_carea' id='block_1_33' title="bbox 207 959 998 998">
    <p class='ocr_par' dir='ltr' id='par_1_33' title="bbox 207 959 998 998">
     <span class='ocr_line' id='line_1_33' title="bbox 207 959 998 998; baseline -0.009 -7"><span class='ocrx_word' id='word_1_217' title='bbox 207 964 230 995; x_wconf 78' lang='lat' dir='ltr'><strong>si</strong></span> <span class='ocrx_word' id='word_1_218' title='bbox 254 963 325 990; x_wconf 70' lang='lat' dir='ltr'><strong>lunae</strong></span> <span class='ocrx_word' id='word_1_219' title='bbox 346 963 443 998; x_wconf 76' lang='lat' dir='ltr'><strong>globus</strong></span> <span class='ocrx_word' id='word_1_220' title='bbox 465 965 544 990; x_wconf 84' lang='lat' dir='ltr'><strong>antea</strong></span> <span class='ocrx_word' id='word_1_221' title='bbox 577 961 675 996; x_wconf 84' lang='lat' dir='ltr'><strong>plenus</strong></span> <span class='ocrx_word' id='word_1_222' title='bbox 700 961 756 996; x_wconf 84' lang='lat' dir='ltr'><strong>jam</strong></span> <span class='ocrx_word' id='word_1_223' title='bbox 780 959 814 986; x_wconf 86' lang='lat' dir='ltr'><strong>ad</strong></span> <span class='ocrx_word' id='word_1_224' title='bbox 838 959 998 986; x_wconf 85' lang='lat' dir='ltr'><strong>decremen-</strong></span> 
     </span>
    </p>
   </div>
   <div class='ocr_carea' id='block_1_34' title="bbox 208 1004 1001 1044">
    <p class='ocr_par' dir='ltr' id='par_1_34' title="bbox 208 1004 1001 1044">
     <span class='ocr_line' id='line_1_34' title="bbox 208 1004 1001 1044; baseline -0.009 -7"><span class='ocrx_word' id='word_1_225' title='bbox 208 1013 266 1037; x_wconf 88' lang='lat' dir='ltr'><strong>tum</strong></span> <span class='ocrx_word' id='word_1_226' title='bbox 277 1013 371 1044; x_wconf 77' lang='lat' dir='ltr'><strong>vergat</strong></span> <span class='ocrx_word' id='word_1_227' title='bbox 382 1009 461 1043; x_wconf 79' lang='lat'><strong>207</strong></span> <span class='ocrx_word' id='word_1_228' title='bbox 478 1007 528 1043; x_wconf 91' lang='lat' dir='ltr'><strong>(sic</strong></span> <span class='ocrx_word' id='word_1_229' title='bbox 538 1007 672 1042; x_wconf 88' lang='lat' dir='ltr'><strong>cnimpcr</strong></span> <span class='ocrx_word' id='word_1_230' title='bbox 684 1011 888 1033; x_wconf 85' lang='lat' dir='ltr'><strong>menstruorum</strong></span> <span class='ocrx_word' id='word_1_231' title='bbox 899 1004 1001 1039; x_wconf 84' lang='lat' dir='ltr'><strong>spatio-</strong></span> 
     </span>
    </p>
   </div>
   <div class='ocr_carea' id='block_1_35' title="bbox 207 1050 999 1082">
    <p class='ocr_par' dir='ltr' id='par_1_35' title="bbox 207 1050 999 1082">
     <span class='ocr_line' id='line_1_35' title="bbox 207 1050 999 1082; baseline -0.011 0"><span class='ocrx_word' id='word_1_232' title='bbox 207 1062 270 1082; x_wconf 88' lang='lat' dir='ltr'><strong>rum</strong></span> <span class='ocrx_word' id='word_1_233' title='bbox 287 1054 383 1082; x_wconf 91' lang='lat' dir='ltr'><strong>orbem</strong></span> <span class='ocrx_word' id='word_1_234' title='bbox 403 1052 554 1080; x_wconf 82' lang='lat' dir='ltr'><strong>reﬂectitur</strong></span> <span class='ocrx_word' id='word_1_235' title='bbox 570 1059 644 1078; x_wconf 88' lang='lat' dir='ltr'><strong>nunc</strong></span> <span class='ocrx_word' id='word_1_236' title='bbox 665 1050 838 1081; x_wconf 82' lang='lat' dir='ltr'><strong>decrescens,</strong></span> <span class='ocrx_word' id='word_1_237' title='bbox 855 1055 931 1075; x_wconf 85' lang='lat' dir='ltr'><strong>nunc</strong></span> <span class='ocrx_word' id='word_1_238' title='bbox 948 1054 999 1074; x_wconf 84' lang='lat' dir='ltr'><strong>au-</strong></span> 
     </span>
    </p>
   </div>
   <div class='ocr_carea' id='block_1_36' title="bbox 207 1092 1000 1137">
    <p class='ocr_par' dir='ltr' id='par_1_36' title="bbox 207 1092 1000 1137">
     <span class='ocr_line' id='line_1_36' title="bbox 207 1092 1000 1137; baseline -0.013 -8"><span class='ocrx_word' id='word_1_239' title='bbox 207 1108 332 1137; x_wconf 73' lang='lat' dir='ltr'><strong>gescens,</strong></span> <span class='ocrx_word' id='word_1_240' title='bbox 350 1103 382 1127; x_wconf 84' lang='lat' dir='ltr'><strong>ut</strong></span> <span class='ocrx_word' id='word_1_241' title='bbox 400 1099 441 1127; x_wconf 83' lang='lat' dir='ltr'><strong>illi</strong></span> <span class='ocrx_word' id='word_1_242' title='bbox 454 1097 615 1126; x_wconf 81' lang='lat' dir='ltr'><strong>fabricatori</strong></span> <span class='ocrx_word' id='word_1_243' title='bbox 638 1097 727 1124; x_wconf 85' lang='lat' dir='ltr'><strong>visum</strong></span> <span class='ocrx_word' id='word_1_244' title='bbox 751 1095 816 1131; x_wconf 88' lang='lat' dir='ltr'><strong>est),</strong></span> <span class='ocrx_word' id='word_1_245' title='bbox 838 1097 948 1122; x_wconf 84' lang='lat' dir='ltr'><strong>cessant</strong></span> <span class='ocrx_word' id='word_1_246' title='bbox 966 1092 1000 1120; x_wconf 89' lang='lat' dir='ltr'><strong>ab</strong></span> 
     </span>
    </p>
   </div>
   <div class='ocr_carea' id='block_1_37' title="bbox 207 1140 999 1182">
    <p class='ocr_par' dir='ltr' id='par_1_37' title="bbox 207 1140 999 1182">
     <span class='ocr_line' id='line_1_37' title="bbox 207 1140 999 1182; baseline -0.014 -7"><span class='ocrx_word' id='word_1_247' title='bbox 207 1147 281 1175; x_wconf 88' lang='lat' dir='ltr'><strong>omni</strong></span> <span class='ocrx_word' id='word_1_248' title='bbox 293 1153 387 1182; x_wconf 88' lang='lat' dir='ltr'><strong>opere,</strong></span> <span class='ocrx_word' id='word_1_249' title='bbox 399 1144 585 1180; x_wconf 79' lang='lat' dir='ltr'><strong>profectiones</strong></span> <span class='ocrx_word' id='word_1_250' title='bbox 596 1143 679 1170; x_wconf 87' lang='lat' dir='ltr'><strong>etiam</strong></span> <span class='ocrx_word' id='word_1_251' title='bbox 692 1142 720 1169; x_wconf 91' lang='lat' dir='ltr'><strong>in</strong></span> <span class='ocrx_word' id='word_1_252' title='bbox 732 1141 817 1168; x_wconf 86' lang='lat' dir='ltr'><strong>alium</strong></span> <span class='ocrx_word' id='word_1_253' title='bbox 829 1140 903 1167; x_wconf 85' lang='lat' dir='ltr'><strong>diem</strong></span> <span class='ocrx_word' id='word_1_254' title='bbox 919 1146 999 1173; x_wconf 90' lang='lat' dir='ltr'><strong>pror-</strong></span> 
     </span>
    </p>
   </div>
   <div class='ocr_carea' id='block_1_38' title="bbox 207 1187 1001 1228">
    <p class='ocr_par' dir='ltr' id='par_1_38' title="bbox 207 1187 1001 1228">
     <span class='ocr_line' id='line_1_38' title="bbox 207 1187 1001 1228; baseline -0.014 -7"><span class='ocrx_word' id='word_1_255' title='bbox 207 1201 255 1221; x_wconf 82' lang='lat' dir='ltr'><strong>sus</strong></span> <span class='ocrx_word' id='word_1_256' title='bbox 266 1192 403 1228; x_wconf 81' lang='lat' dir='ltr'><strong>rejiciunt,</strong></span> <span class='ocrx_word' id='word_1_257' title='bbox 423 1190 496 1225; x_wconf 89' lang='lat' dir='ltr'><strong>quod</strong></span> <span class='ocrx_word' id='word_1_258' title='bbox 517 1197 579 1217; x_wconf 89' lang='lat' dir='ltr'><strong>cum</strong></span> <span class='ocrx_word' id='word_1_259' title='bbox 592 1195 625 1216; x_wconf 85' lang='lat' dir='ltr'><strong>eo</strong></span> <span class='ocrx_word' id='word_1_260' title='bbox 647 1187 737 1215; x_wconf 89' lang='lat' dir='ltr'><strong>sidere</strong></span> <span class='ocrx_word' id='word_1_261' title='bbox 750 1187 867 1214; x_wconf 74' lang='lat' dir='ltr'><strong>deiicere</strong></span> <span class='ocrx_word' id='word_1_262' title='bbox 893 1187 1001 1211; x_wconf 81' lang='lat' dir='ltr'><strong>nostras</strong></span> 
     </span>
    </p>
   </div>
   <div class='ocr_carea' id='block_1_39' title="bbox 207 1229 999 1266">
    <p class='ocr_par' dir='ltr' id='par_1_39' title="bbox 207 1229 999 1266">
     <span class='ocr_line' id='line_1_39' title="bbox 207 1229 999 1266; baseline -0.011 -2"><span class='ocrx_word' id='word_1_263' title='bbox 207 1237 291 1264; x_wconf 87' lang='lat' dir='ltr'><strong>etiam</strong></span> <span class='ocrx_word' id='word_1_264' title='bbox 313 1243 358 1264; x_wconf 86' lang='lat' dir='ltr'><strong>res</strong></span> <span class='ocrx_word' id='word_1_265' title='bbox 368 1235 546 1266; x_wconf 84' lang='lat' dir='ltr'><strong>arbitrentur,</strong></span> <span class='ocrx_word' id='word_1_266' title='bbox 562 1238 590 1261; x_wconf 88' lang='lat' dir='ltr'><strong>et</strong></span> <span class='ocrx_word' id='word_1_267' title='bbox 605 1240 667 1261; x_wconf 90' lang='lat' dir='ltr'><strong>cum</strong></span> <span class='ocrx_word' id='word_1_268' title='bbox 682 1231 750 1260; x_wconf 88' lang='lat' dir='ltr'><strong>illud</strong></span> <span class='ocrx_word' id='word_1_269' title='bbox 773 1231 807 1258; x_wconf 91' lang='lat' dir='ltr'><strong>ad</strong></span> <span class='ocrx_word' id='word_1_270' title='bbox 828 1229 999 1257; x_wconf 88' lang='lat' dir='ltr'><strong>imminutio-</strong></span> 
     </span>
    </p>
   </div>
   <div class='ocr_carea' id='block_1_40' title="bbox 208 1278 998 1316">
    <p class='ocr_par' dir='ltr' id='par_1_40' title="bbox 208 1278 998 1316">
     <span class='ocr_line' id='line_1_40' title="bbox 208 1278 998 1316; baseline -0.013 -4"><span class='ocrx_word' id='word_1_271' title='bbox 208 1291 271 1312; x_wconf 87' lang='lat' dir='ltr'><strong>nem</strong></span> <span class='ocrx_word' id='word_1_272' title='bbox 285 1283 367 1316; x_wconf 85' lang='lat' dir='ltr'><strong>redit,</strong></span> <span class='ocrx_word' id='word_1_273' title='bbox 377 1282 618 1316; x_wconf 81' lang='lat' dir='ltr'><strong>bumanaquoque</strong></span> <span class='ocrx_word' id='word_1_274' title='bbox 631 1279 713 1307; x_wconf 91' lang='lat' dir='ltr'><strong>simul</strong></span> <span class='ocrx_word' id='word_1_275' title='bbox 729 1278 870 1305; x_wconf 83' lang='lat' dir='ltr'><strong>tabescere</strong></span> <span class='ocrx_word' id='word_1_276' title='bbox 889 1280 998 1312; x_wconf 87' lang='lat' dir='ltr'><strong>putent.</strong></span> 
     </span>
    </p>
   </div>
   <div class='ocr_carea' id='block_1_41' title="bbox 208 1323 1000 1364">
    <p class='ocr_par' dir='ltr' id='par_1_41' title="bbox 208 1323 1000 1364">
     <span class='ocr_line' id='line_1_41' title="bbox 208 1323 1000 1364; baseline -0.011 -6"><span class='ocrx_word' id='word_1_277' title='bbox 208 1330 247 1358; x_wconf 83' lang='lat' dir='ltr'><strong>Ac</strong></span> <span class='ocrx_word' id='word_1_278' title='bbox 275 1328 383 1364; x_wconf 84' lang='lat' dir='ltr'><strong>siquid,</strong></span> <span class='ocrx_word' id='word_1_279' title='bbox 410 1328 522 1355; x_wconf 87' lang='lat' dir='ltr'><strong>illorum</strong></span> <span class='ocrx_word' id='word_1_280' title='bbox 561 1325 708 1354; x_wconf 84' lang='lat' dir='ltr'><strong>stultitiam</strong></span> <span class='ocrx_word' id='word_1_281' title='bbox 733 1323 886 1355; x_wconf 85' lang='lat' dir='ltr'><strong>irridendo,</strong></span> <span class='ocrx_word' id='word_1_282' title='bbox 907 1323 1000 1350; x_wconf 76' lang='lat' dir='ltr'><strong>dicere</strong></span> 
     </span>
    </p>
   </div>
   <div class='ocr_carea' id='block_1_42' title="bbox 209 1368 1000 1409">
    <p class='ocr_par' dir='ltr' id='par_1_42' title="bbox 209 1368 1000 1409">
     <span class='ocr_line' id='line_1_42' title="bbox 209 1368 1000 1409; baseline -0.01 -7"><span class='ocrx_word' id='word_1_283' title='bbox 209 1375 250 1403; x_wconf 79' lang='lat' dir='ltr'><strong>fas</strong></span> <span class='ocrx_word' id='word_1_284' title='bbox 267 1379 319 1407; x_wconf 85' lang='lat' dir='ltr'><strong>est,</strong></span> <span class='ocrx_word' id='word_1_285' title='bbox 332 1374 490 1409; x_wconf 48' lang='lat' dir='ltr'><strong>id,pavent,</strong></span> <span class='ocrx_word' id='word_1_286' title='bbox 504 1372 585 1407; x_wconf 23' lang='lat' dir='ltr'><strong>,quod</strong></span> <span class='ocrx_word' id='word_1_287' title='bbox 601 1371 699 1398; x_wconf 85' lang='lat' dir='ltr'><strong>ostreis</strong></span> <span class='ocrx_word' id='word_1_288' title='bbox 717 1374 745 1397; x_wconf 89' lang='lat' dir='ltr'><strong>et</strong></span> <span class='ocrx_word' id='word_1_289' title='bbox 764 1369 888 1397; x_wconf 82' lang='lat' dir='ltr'><strong>oleribus</strong></span> <span class='ocrx_word' id='word_1_290' title='bbox 908 1368 1000 1395; x_wconf 79' lang='lat' dir='ltr'><strong>infeli-</strong></span> 
     </span>
    </p>
   </div>
   <div class='ocr_carea' id='block_1_43' title="bbox 209 1415 1001 1456">
    <p class='ocr_par' dir='ltr' id='par_1_43' title="bbox 209 1415 1001 1456">
     <span class='ocr_line' id='line_1_43' title="bbox 209 1415 1001 1456; baseline -0.011 -7"><span class='ocrx_word' id='word_1_291' title='bbox 209 1421 327 1449; x_wconf 85' lang='lat' dir='ltr'><strong>cissimis</strong></span> <span class='ocrx_word' id='word_1_292' title='bbox 341 1424 383 1448; x_wconf 90' lang='lat' dir='ltr'><strong>est</strong></span> <span class='ocrx_word' id='word_1_293' title='bbox 399 1417 660 1456; x_wconf 84' lang='lat' dir='ltr'><strong>pertimescendum.</strong></span> <span class='ocrx_word' id='word_1_294' title='bbox 692 1415 856 1452; x_wconf 86' lang='lat' dir='ltr'><strong>llujusmodi</strong></span> <span class='ocrx_word' id='word_1_295' title='bbox 883 1422 1001 1449; x_wconf 84' lang='lat' dir='ltr'><strong>namque</strong></span> 
     </span>
    </p>
   </div>
   <div class='ocr_carea' id='block_1_44' title="bbox 209 1463 1000 1503">
    <p class='ocr_par' dir='ltr' id='par_1_44' title="bbox 209 1463 1000 1503">
     <span class='ocr_line' id='line_1_44' title="bbox 209 1463 1000 1503; baseline -0.011 -8"><span class='ocrx_word' id='word_1_296' title='bbox 209 1474 325 1503; x_wconf 84' lang='lat' dir='ltr'><strong>corpora</strong></span> <span class='ocrx_word' id='word_1_297' title='bbox 342 1466 457 1494; x_wconf 81' lang='lat' dir='ltr'><strong>fortasse</strong></span> <span class='ocrx_word' id='word_1_298' title='bbox 472 1469 520 1492; x_wconf 90' lang='lat' dir='ltr'><strong>aut</strong></span> <span class='ocrx_word' id='word_1_299' title='bbox 539 1464 623 1491; x_wconf 84' lang='lat' dir='ltr'><strong>etiam</strong></span> <span class='ocrx_word' id='word_1_300' title='bbox 638 1463 740 1498; x_wconf 85' lang='lat' dir='ltr'><strong>majora</strong></span> <span class='ocrx_word' id='word_1_301' title='bbox 753 1467 865 1496; x_wconf 81' lang='lat' dir='ltr'><strong>quoque</strong></span> <span class='ocrx_word' id='word_1_302' title='bbox 884 1468 916 1487; x_wconf 88' lang='lat' dir='ltr'><strong>ac</strong></span> <span class='ocrx_word' id='word_1_303' title='bbox 930 1467 1000 1494; x_wconf 67' lang='lat' dir='ltr'><strong>pra:—</strong></span> 
     </span>
    </p>
   </div>
   <div class='ocr_carea' id='block_1_45' title="bbox 209 1505 1000 1544">
    <p class='ocr_par' dir='ltr' id='par_1_45' title="bbox 209 1505 1000 1544">
     <span class='ocr_line' id='line_1_45' title="bbox 209 1505 1000 1544; baseline -0.011 -3"><span class='ocrx_word' id='word_1_304' title='bbox 209 1514 343 1542; x_wconf 83' lang='lat' dir='ltr'><strong>stantiora</strong></span> <span class='ocrx_word' id='word_1_305' title='bbox 356 1512 478 1540; x_wconf 84' lang='lat' dir='ltr'><strong>sinamus</strong></span> <span class='ocrx_word' id='word_1_306' title='bbox 488 1515 593 1538; x_wconf 73' lang='lat' dir='ltr'><strong>natura:</strong></span> <span class='ocrx_word' id='word_1_307' title='bbox 602 1509 628 1536; x_wconf 94' lang='lat' dir='ltr'><strong>vi</strong></span> <span class='ocrx_word' id='word_1_308' title='bbox 640 1507 764 1544; x_wconf 78' lang='lat' dir='ltr'><strong>ejusdem</strong></span> <span class='ocrx_word' id='word_1_309' title='bbox 772 1505 924 1534; x_wconf 77' lang='lat' dir='ltr'><strong>atl‘ectionis</strong></span> <span class='ocrx_word' id='word_1_310' title='bbox 937 1513 1000 1533; x_wconf 91' lang='lat' dir='ltr'><strong>sen-</strong></span> 
     </span>
    </p>
   </div>
   <div class='ocr_carea' id='block_1_46' title="bbox 210 1551 999 1596">
    <p class='ocr_par' dir='ltr' id='par_1_46' title="bbox 210 1551 999 1596">
     <span class='ocr_line' id='line_1_46' title="bbox 210 1551 999 1596; baseline -0.014 -8"><span class='ocrx_word' id='word_1_311' title='bbox 210 1567 272 1588; x_wconf 82' lang='lat' dir='ltr'><strong>sum</strong></span> <span class='ocrx_word' id='word_1_312' title='bbox 287 1559 439 1596; x_wconf 84' lang='lat' dir='ltr'><strong>percipere,</strong></span> <span class='ocrx_word' id='word_1_313' title='bbox 454 1565 487 1585; x_wconf 82' lang='lat' dir='ltr'><strong>ea</strong></span> <span class='ocrx_word' id='word_1_314' title='bbox 506 1556 623 1588; x_wconf 86' lang='lat' dir='ltr'><strong>ratione,</strong></span> <span class='ocrx_word' id='word_1_315' title='bbox 641 1553 738 1590; x_wconf 85' lang='lat' dir='ltr'><strong>Opiﬁci</strong></span> <span class='ocrx_word' id='word_1_316' title='bbox 754 1552 880 1588; x_wconf 65' lang='lat' dir='ltr'><strong>cognita;</strong></span> <span class='ocrx_word' id='word_1_317' title='bbox 893 1551 999 1578; x_wconf 89' lang='lat' dir='ltr'><strong>lubrica</strong></span> 
     </span>
    </p>
   </div>
   <div class='ocr_carea' id='block_1_47' title="bbox 210 1587 1034 1641">
    <p class='ocr_par' dir='ltr' id='par_1_47' title="bbox 210 1587 1034 1641">
     <span class='ocr_line' id='line_1_47' title="bbox 210 1587 1034 1641; baseline -0.016 -7"><span class='ocrx_word' id='word_1_318' title='bbox 210 1587 328 1641; x_wconf 69' lang='lat' dir='ltr'><strong>namque</strong></span> <span class='ocrx_word' id='word_1_319' title='bbox 339 1587 381 1632; x_wconf 64' lang='lat' dir='ltr'><strong>est</strong></span> <span class='ocrx_word' id='word_1_320' title='bbox 392 1603 421 1630; x_wconf 96' lang='lat' dir='ltr'><strong>in</strong></span> <span class='ocrx_word' id='word_1_321' title='bbox 432 1587 591 1637; x_wconf 84' lang='lat' dir='ltr'><strong>bujusmodi</strong></span> <span class='ocrx_word' id='word_1_322' title='bbox 604 1587 688 1627; x_wconf 81' lang='lat' dir='ltr'><strong>rebus</strong></span> <span class='ocrx_word' id='word_1_323' title='bbox 709 1587 862 1633; x_wconf 79' lang='lat' dir='ltr'><strong>inquisitio,</strong></span> <span class='ocrx_word' id='word_1_324' title='bbox 875 1599 999 1632; x_wconf 74' lang='lat' dir='ltr'><strong>przestat-</strong></span> <span class='ocrx_word' id='word_1_325' title='bbox 1014 1587 1034 1614; x_wconf 70' lang='grc' dir='ltr'>Ο</span> 
     </span>
    </p>
   </div>
   <div class='ocr_carea' id='block_1_48' title="bbox 209 1642 998 1689">
    <p class='ocr_par' dir='ltr' id='par_1_48' title="bbox 209 1642 998 1689">
     <span class='ocr_line' id='line_1_48' title="bbox 209 1642 998 1689; baseline -0.016 -9"><span class='ocrx_word' id='word_1_326' title='bbox 209 1660 264 1689; x_wconf 80' lang='lat' dir='ltr'><strong>que</strong></span> <span class='ocrx_word' id='word_1_327' title='bbox 284 1651 391 1679; x_wconf 88' lang='lat' dir='ltr'><strong>curiose</strong></span> <span class='ocrx_word' id='word_1_328' title='bbox 415 1656 470 1676; x_wconf 91' lang='lat' dir='ltr'><strong>non</strong></span> <span class='ocrx_word' id='word_1_329' title='bbox 499 1646 655 1682; x_wconf 84' lang='lat' dir='ltr'><strong>inquirere;</strong></span> <span class='ocrx_word' id='word_1_330' title='bbox 676 1648 704 1672; x_wconf 85' lang='lat' dir='ltr'><strong>at</strong></span> <span class='ocrx_word' id='word_1_331' title='bbox 728 1648 802 1671; x_wconf 89' lang='lat' dir='ltr'><strong>certe</strong></span> <span class='ocrx_word' id='word_1_332' title='bbox 821 1643 855 1670; x_wconf 87' lang='lat' dir='ltr'><strong>ab</strong></span> <span class='ocrx_word' id='word_1_333' title='bbox 877 1642 998 1669; x_wconf 86' lang='lat' dir='ltr'><strong>humano</strong></span> 
     </span>
    </p>
   </div>
   <div class='ocr_carea' id='block_1_49' title="bbox 211 1687 998 1727">
    <p class='ocr_par' dir='ltr' id='par_1_49' title="bbox 211 1687 998 1727">
     <span class='ocr_line' id='line_1_49' title="bbox 211 1687 998 1727; baseline -0.018 0"><span class='ocrx_word' id='word_1_334' title='bbox 211 1687 302 1727; x_wconf 75' lang='lat' dir='ltr'><strong>animo</strong></span> <span class='ocrx_word' id='word_1_335' title='bbox 313 1705 346 1725; x_wconf 83' lang='lat' dir='ltr'><strong>ea</strong></span> <span class='ocrx_word' id='word_1_336' title='bbox 369 1703 413 1724; x_wconf 86' lang='lat' dir='ltr'><strong>res</strong></span> <span class='ocrx_word' id='word_1_337' title='bbox 433 1693 523 1722; x_wconf 84' lang='lat' dir='ltr'><strong>aberit</strong></span> <span class='ocrx_word' id='word_1_338' title='bbox 545 1701 576 1720; x_wconf 79' lang='lat' dir='ltr'><strong>ac</strong></span> <span class='ocrx_word' id='word_1_339' title='bbox 596 1692 676 1726; x_wconf 81' lang='lat' dir='ltr'><strong>longe</strong></span> <span class='ocrx_word' id='word_1_340' title='bbox 699 1693 803 1717; x_wconf 79' lang='lat' dir='ltr'><strong>remota</strong></span> <span class='ocrx_word' id='word_1_341' title='bbox 830 1689 895 1716; x_wconf 86' lang='lat' dir='ltr'><strong>crit.</strong></span> <span class='ocrx_word' id='word_1_342' title='bbox 918 1687 998 1719; x_wconf 83' lang='lat' dir='ltr'><strong>Nam,</strong></span> 
     </span>
    </p>
   </div>
   <div class='ocr_carea' id='block_1_50' title="bbox 210 1736 998 1773">
    <p class='ocr_par' dir='ltr' id='par_1_50' title="bbox 210 1736 998 1773">
     <span class='ocr_line' id='line_1_50' title="bbox 210 1736 998 1773; baseline -0.018 0"><span class='ocrx_word' id='word_1_343' title='bbox 210 1744 320 1773; x_wconf 85' lang='lat' dir='ltr'><strong>etiamsi</strong></span> <span class='ocrx_word' id='word_1_344' title='bbox 339 1742 417 1771; x_wconf 86' lang='lat' dir='ltr'><strong>sidus</strong></span> <span class='ocrx_word' id='word_1_345' title='bbox 427 1740 495 1768; x_wconf 91' lang='lat' dir='ltr'><strong>illud</strong></span> <span class='ocrx_word' id='word_1_346' title='bbox 507 1739 649 1767; x_wconf 86' lang='lat' dir='ltr'><strong>decrescat</strong></span> <span class='ocrx_word' id='word_1_347' title='bbox 662 1736 743 1768; x_wconf 83' lang='lat' dir='ltr'><strong>forte,</strong></span> <span class='ocrx_word' id='word_1_348' title='bbox 757 1736 798 1763; x_wconf 83' lang='lat' dir='ltr'><strong>vir</strong></span> <span class='ocrx_word' id='word_1_349' title='bbox 810 1738 883 1762; x_wconf 89' lang='lat' dir='ltr'><strong>certe</strong></span> <span class='ocrx_word' id='word_1_350' title='bbox 894 1737 998 1767; x_wconf 86' lang='lat' dir='ltr'><strong>tempe-</strong></span> 
     </span>
    </p>
   </div>
   <div class='ocr_carea' id='block_1_51' title="bbox 211 1779 999 1824">
    <p class='ocr_par' dir='ltr' id='par_1_51' title="bbox 211 1779 999 1824">
     <span class='ocr_line' id='line_1_51' title="bbox 211 1779 999 1824; baseline -0.018 -4"><span class='ocrx_word' id='word_1_351' title='bbox 211 1794 320 1824; x_wconf 79' lang='lat' dir='ltr'><strong>rans,et</strong></span> <span class='ocrx_word' id='word_1_352' title='bbox 333 1789 492 1817; x_wconf 82' lang='lat' dir='ltr'><strong>moderatus</strong></span> <span class='ocrx_word' id='word_1_353' title='bbox 520 1784 699 1812; x_wconf 86' lang='lat' dir='ltr'><strong>nihilominus</strong></span> <span class='ocrx_word' id='word_1_354' title='bbox 720 1782 793 1810; x_wconf 89' lang='lat' dir='ltr'><strong>idem</strong></span> <span class='ocrx_word' id='word_1_355' title='bbox 817 1779 999 1816; x_wconf 84' lang='lat' dir='ltr'><strong>permanebit,</strong></span> 
     </span>
    </p>
   </div>
   <div class='ocr_carea' id='block_1_52' title="bbox 212 1826 1000 1873">
    <p class='ocr_par' dir='ltr' id='par_1_52' title="bbox 212 1826 1000 1873">
     <span class='ocr_line' id='line_1_52' title="bbox 212 1826 1000 1873; baseline -0.019 -7"><span class='ocrx_word' id='word_1_356' title='bbox 212 1845 301 1873; x_wconf 87' lang='lat' dir='ltr'><strong>neque</strong></span> <span class='ocrx_word' id='word_1_357' title='bbox 322 1836 396 1864; x_wconf 89' lang='lat' dir='ltr'><strong>illius</strong></span> <span class='ocrx_word' id='word_1_358' title='bbox 420 1834 529 1861; x_wconf 88' lang='lat' dir='ltr'><strong>animus</strong></span> <span class='ocrx_word' id='word_1_359' title='bbox 551 1839 605 1858; x_wconf 82' lang='lat' dir='ltr'><strong>una</strong></span> <span class='ocrx_word' id='word_1_360' title='bbox 627 1837 689 1858; x_wconf 90' lang='lat' dir='ltr'><strong>cum</strong></span> <span class='ocrx_word' id='word_1_361' title='bbox 703 1829 763 1864; x_wconf 86' lang='lat' dir='ltr'><strong>ejus</strong></span> <span class='ocrx_word' id='word_1_362' title='bbox 775 1827 875 1855; x_wconf 89' lang='lat' dir='ltr'><strong>sideris</strong></span> <span class='ocrx_word' id='word_1_363' title='bbox 895 1826 1000 1861; x_wconf 82' lang='lat' dir='ltr'><strong>fulgore</strong></span> 
     </span>
    </p>
   </div>
   <div class='ocr_carea' id='block_1_53' title="bbox 211 1871 1002 1915">
    <p class='ocr_par' dir='ltr' id='par_1_53' title="bbox 211 1871 1002 1915">
     <span class='ocr_line' id='line_1_53' title="bbox 211 1871 1002 1915; baseline -0.016 -4"><span class='ocrx_word' id='word_1_364' title='bbox 211 1871 362 1914; x_wconf 82' lang='lat' dir='ltr'><strong>minuetur,</strong></span> <span class='ocrx_word' id='word_1_365' title='bbox 375 1887 464 1915; x_wconf 87' lang='lat' dir='ltr'><strong>neque</strong></span> <span class='ocrx_word' id='word_1_366' title='bbox 488 1879 610 1914; x_wconf 69' lang='lat' dir='ltr'><strong>ipsarum</strong></span> <span class='ocrx_word' id='word_1_367' title='bbox 627 1883 718 1903; x_wconf 89' lang='lat' dir='ltr'><strong>rerum</strong></span> <span class='ocrx_word' id='word_1_368' title='bbox 735 1878 834 1902; x_wconf 88' lang='lat' dir='ltr'><strong>natura</strong></span> <span class='ocrx_word' id='word_1_369' title='bbox 852 1872 879 1900; x_wconf 89' lang='lat' dir='ltr'><strong>vi</strong></span> <span class='ocrx_word' id='word_1_370' title='bbox 903 1871 1002 1899; x_wconf 86' lang='lat' dir='ltr'><strong>sideris</strong></span> 
     </span>
    </p>
   </div>
   <div class='ocr_carea' id='block_1_54' title="bbox 211 1917 1003 1962">
    <p class='ocr_par' dir='ltr' id='par_1_54' title="bbox 211 1917 1003 1962">
     <span class='ocr_line' id='line_1_54' title="bbox 211 1917 1003 1962; baseline -0.019 -4"><span class='ocrx_word' id='word_1_371' title='bbox 211 1933 315 1962; x_wconf 84' lang='lat' dir='ltr'><strong>coacta,</strong></span> <span class='ocrx_word' id='word_1_372' title='bbox 327 1928 361 1956; x_wconf 89' lang='lat' dir='ltr'><strong>ad</strong></span> <span class='ocrx_word' id='word_1_373' title='bbox 374 1926 524 1962; x_wconf 82' lang='lat' dir='ltr'><strong>turpiorem</strong></span> <span class='ocrx_word' id='word_1_374' title='bbox 546 1923 724 1951; x_wconf 82' lang='lat' dir='ltr'><strong>meliorcmve</strong></span> <span class='ocrx_word' id='word_1_375' title='bbox 747 1924 850 1948; x_wconf 88' lang='lat' dir='ltr'><strong>statum</strong></span> <span class='ocrx_word' id='word_1_376' title='bbox 867 1917 1003 1952; x_wconf 79' lang='lat' dir='ltr'><strong>demigra-</strong></span> 
     </span>
    </p>
   </div>
   <div class='ocr_carea' id='block_1_55' title="bbox 213 1966 1004 2009">
    <p class='ocr_par' dir='ltr' id='par_1_55' title="bbox 213 1966 1004 2009">
     <span class='ocr_line' id='line_1_55' title="bbox 213 1966 1004 2009; baseline -0.019 -4"><span class='ocrx_word' id='word_1_377' title='bbox 213 1977 263 2004; x_wconf 86' lang='lat' dir='ltr'><strong>bit.</strong></span> <span class='ocrx_word' id='word_1_378' title='bbox 277 1975 392 2009; x_wconf 83' lang='lat' dir='ltr'><strong>Semper</strong></span> <span class='ocrx_word' id='word_1_379' title='bbox 406 1972 480 2000; x_wconf 90' lang='lat' dir='ltr'><strong>enim</strong></span> <span class='ocrx_word' id='word_1_380' title='bbox 496 1970 552 1997; x_wconf 85' lang='lat' dir='ltr'><strong>fere</strong></span> <span class='ocrx_word' id='word_1_381' title='bbox 564 1976 622 2000; x_wconf 90' lang='lat' dir='ltr'><strong>eos,</strong></span> <span class='ocrx_word' id='word_1_382' title='bbox 636 1967 684 2003; x_wconf 87' lang='lat' dir='ltr'><strong>qui</strong></span> <span class='ocrx_word' id='word_1_383' title='bbox 696 1966 841 2002; x_wconf 71' lang='lat' dir='ltr'><strong>praeclaras</strong></span> <span class='ocrx_word' id='word_1_384' title='bbox 855 1972 900 1992; x_wconf 88' lang='lat' dir='ltr'><strong>res</strong></span> <span class='ocrx_word' id='word_1_385' title='bbox 911 1970 1004 1999; x_wconf 77' lang='lat' dir='ltr'><strong>gesse-</strong></span> 
     </span>
    </p>
   </div>
   <div class='ocr_carea' id='block_1_56' title="bbox 214 2010 1004 2053">
    <p class='ocr_par' dir='ltr' id='par_1_56' title="bbox 214 2010 1004 2053">
     <span class='ocr_line' id='line_1_56' title="bbox 214 2010 1004 2053; baseline -0.019 -3"><span class='ocrx_word' id='word_1_386' title='bbox 214 2025 296 2053; x_wconf 84' lang='lat' dir='ltr'><strong>runt,</strong></span> <span class='ocrx_word' id='word_1_387' title='bbox 320 2017 498 2053; x_wconf 84' lang='lat' dir='ltr'><strong>consequitur</strong></span> <span class='ocrx_word' id='word_1_388' title='bbox 520 2013 644 2041; x_wconf 83' lang='lat' dir='ltr'><strong>omnium</strong></span> <span class='ocrx_word' id='word_1_389' title='bbox 666 2013 801 2040; x_wconf 90' lang='lat' dir='ltr'><strong>bonorum</strong></span> <span class='ocrx_word' id='word_1_390' title='bbox 819 2010 952 2045; x_wconf 80' lang='lat' dir='ltr'><strong>adeptio.</strong></span> <span class='ocrx_word' id='word_1_391' title='bbox 976 2012 1004 2036; x_wconf 88' lang='lat' dir='ltr'><strong>et</strong></span> 
     </span>
    </p>
   </div>
   <div class='ocr_carea' id='block_1_57' title="bbox 213 2055 1004 2096">
    <p class='ocr_par' dir='ltr' id='par_1_57' title="bbox 213 2055 1004 2096">
     <span class='ocr_line' id='line_1_57' title="bbox 213 2055 1004 2096; baseline -0.019 0"><span class='ocrx_word' id='word_1_392' title='bbox 213 2071 309 2096; x_wconf 85' lang='lat' dir='ltr'><strong>contra</strong></span> <span class='ocrx_word' id='word_1_393' title='bbox 326 2065 459 2093; x_wconf 89' lang='lat' dir='ltr'><strong>malorum</strong></span> <span class='ocrx_word' id='word_1_394' title='bbox 478 2062 612 2089; x_wconf 79' lang='lat' dir='ltr'><strong>factorum</strong></span> <span class='ocrx_word' id='word_1_395' title='bbox 623 2064 750 2087; x_wconf 86' lang='lat' dir='ltr'><strong>auctores</strong></span> <span class='ocrx_word' id='word_1_396' title='bbox 759 2057 871 2093; x_wconf 62' lang='lat' dir='ltr'><strong>prremia</strong></span> <span class='ocrx_word' id='word_1_397' title='bbox 888 2056 942 2083; x_wconf 86' lang='lat' dir='ltr'><strong>illis</strong></span> <span class='ocrx_word' id='word_1_398' title='bbox 961 2055 1004 2082; x_wconf 90' lang='lat' dir='ltr'><strong>di—</strong></span> 
     </span>
    </p>
   </div>
   <div class='ocr_carea' id='block_1_58' title="bbox 212 2102 1004 2150">
    <p class='ocr_par' dir='ltr' id='par_1_58' title="bbox 212 2102 1004 2150">
     <span class='ocr_line' id='line_1_58' title="bbox 212 2102 1004 2150; baseline -0.019 -7"><span class='ocrx_word' id='word_1_399' title='bbox 212 2115 344 2150; x_wconf 78' lang='lat' dir='ltr'><strong>gnissima</strong></span> <span class='ocrx_word' id='word_1_400' title='bbox 377 2109 552 2138; x_wconf 83' lang='lat' dir='ltr'><strong>comitantur.</strong></span> <span class='ocrx_word' id='word_1_401' title='bbox 575 2106 659 2133; x_wconf 85' lang='lat' dir='ltr'><strong>Miror</strong></span> <span class='ocrx_word' id='word_1_402' title='bbox 681 2109 783 2137; x_wconf 85' lang='lat' dir='ltr'><strong>autem,</strong></span> <span class='ocrx_word' id='word_1_403' title='bbox 811 2111 882 2135; x_wconf 75' lang='lat' dir='ltr'><strong>cur,</strong></span> <span class='ocrx_word' id='word_1_404' title='bbox 908 2102 1004 2129; x_wconf 88' lang='lat' dir='ltr'><strong>decre—</strong></span> 
     </span>
    </p>
   </div>
   <div class='ocr_carea' id='block_1_59' title="bbox 213 2149 1004 2194">
    <p class='ocr_par' dir='ltr' id='par_1_59' title="bbox 213 2149 1004 2194">
     <span class='ocr_line' id='line_1_59' title="bbox 213 2149 1004 2194; baseline -0.02 -5"><span class='ocrx_word' id='word_1_405' title='bbox 213 2149 307 2189; x_wconf 78' lang='lat' dir='ltr'><strong>scente</strong></span> <span class='ocrx_word' id='word_1_406' title='bbox 319 2157 430 2194; x_wconf 86' lang='lat' dir='ltr'><strong>quidem</strong></span> <span class='ocrx_word' id='word_1_407' title='bbox 447 2155 522 2187; x_wconf 86' lang='lat' dir='ltr'><strong>luna,</strong></span> <span class='ocrx_word' id='word_1_408' title='bbox 536 2159 564 2182; x_wconf 91' lang='lat' dir='ltr'><strong>et</strong></span> <span class='ocrx_word' id='word_1_409' title='bbox 577 2153 610 2182; x_wconf 86' lang='lat' dir='ltr'><strong>ad</strong></span> <span class='ocrx_word' id='word_1_410' title='bbox 625 2152 706 2179; x_wconf 83' lang='lat' dir='ltr'><strong>linem</strong></span> <span class='ocrx_word' id='word_1_411' title='bbox 717 2151 819 2178; x_wconf 83' lang='lat' dir='ltr'><strong>mensis</strong></span> <span class='ocrx_word' id='word_1_412' title='bbox 830 2149 1004 2179; x_wconf 86' lang='lat' dir='ltr'><strong>decurrente,</strong></span> 
     </span>
    </p>
   </div>
   <div class='ocr_carea' id='block_1_60' title="bbox 215 2197 1004 2235">
    <p class='ocr_par' dir='ltr' id='par_1_60' title="bbox 215 2197 1004 2235">
     <span class='ocr_line' id='line_1_60' title="bbox 215 2197 1004 2235; baseline -0.02 0"><span class='ocrx_word' id='word_1_413' title='bbox 215 2207 314 2235; x_wconf 86' lang='lat' dir='ltr'><strong>iisdem</strong></span> <span class='ocrx_word' id='word_1_414' title='bbox 333 2202 502 2232; x_wconf 87' lang='lat' dir='ltr'><strong>hominibus,</strong></span> <span class='ocrx_word' id='word_1_415' title='bbox 528 2207 591 2227; x_wconf 88' lang='lat' dir='ltr'><strong>cum</strong></span> <span class='ocrx_word' id='word_1_416' title='bbox 606 2199 776 2226; x_wconf 81' lang='lat' dir='ltr'><strong>leneratores</strong></span> <span class='ocrx_word' id='word_1_417' title='bbox 790 2197 855 2227; x_wconf 85' lang='lat' dir='ltr'><strong>sint,</strong></span> <span class='ocrx_word' id='word_1_418' title='bbox 872 2198 900 2221; x_wconf 88' lang='lat' dir='ltr'><strong>et</strong></span> <span class='ocrx_word' id='word_1_419' title='bbox 919 2202 1004 2228; x_wconf 77' lang='lat' dir='ltr'><strong>poeu-</strong></span> 
     </span>
    </p>
   </div>
   <div class='ocr_carea' id='block_1_61' title="bbox 1053 947 1846 986">
    <p class='ocr_par' dir='ltr' id='par_1_61' title="bbox 1053 947 1846 986">
     <span class='ocr_line' id='line_1_61' title="bbox 1053 947 1846 986; baseline -0.004 -10"><span class='ocrx_word' id='word_1_420' title='bbox 1053 949 1100 976; x_wconf 79' lang='grc' dir='ltr'><strong>καὶ</strong></span> <span class='ocrx_word' id='word_1_421' title='bbox 1115 950 1324 986; x_wconf 81' lang='grc' dir='ltr'>ὑπονοστήσειεν</span> <span class='ocrx_word' id='word_1_422' title='bbox 1343 949 1389 976; x_wconf 75' lang='grc' dir='ltr'><strong>ἐπὶ</strong></span> <span class='ocrx_word' id='word_1_423' title='bbox 1403 949 1433 976; x_wconf 84' lang='grc' dir='ltr'>τὸ</span> <span class='ocrx_word' id='word_1_424' title='bbox 1457 949 1532 984; x_wconf 85' lang='grc' dir='ltr'>μεῖον</span> <span class='ocrx_word' id='word_1_425' title='bbox 1556 949 1570 975; x_wconf 85' lang='grc' dir='ltr'>ὁ</span> <span class='ocrx_word' id='word_1_426' title='bbox 1595 948 1659 983; x_wconf 74' lang='grc' dir='ltr'>πρὶν</span> <span class='ocrx_word' id='word_1_427' title='bbox 1685 947 1846 982; x_wconf 82' lang='grc' dir='ltr'>πλησιφαὴς</span> 
     </span>
    </p>
   </div>
   <div class='ocr_carea' id='block_1_62' title="bbox 1050 991 1846 1032">
    <p class='ocr_par' dir='ltr' id='par_1_62' title="bbox 1050 991 1846 1032">
     <span class='ocr_line' id='line_1_62' title="bbox 1050 991 1846 1032; baseline -0.001 -10"><span class='ocrx_word' id='word_1_428' title='bbox 1050 996 1088 1023; x_wconf 83' lang='grc' dir='ltr'>ὢν</span> <span class='ocrx_word' id='word_1_429' title='bbox 1100 997 1151 1032; x_wconf 71' lang='grc' dir='ltr'>ἤδη</span> <span class='ocrx_word' id='word_1_430' title='bbox 1165 996 1214 1031; x_wconf 85' lang='grc' dir='ltr'>τῆς</span> <span class='ocrx_word' id='word_1_431' title='bbox 1230 996 1344 1032; x_wconf 77' lang='grc' dir='ltr'><strong>σελήνης</strong></span> <span class='ocrx_word' id='word_1_432' title='bbox 1357 993 1467 1029; x_wconf 61' lang='grc' dir='ltr'>ᾆιύκλος,</span> <span class='ocrx_word' id='word_1_433' title='bbox 1477 996 1645 1032; x_wconf 81' lang='grc' dir='ltr'>διατορνεύει</span> <span class='ocrx_word' id='word_1_434' title='bbox 1661 995 1715 1030; x_wconf 81' lang='grc' dir='ltr'><strong>γάρ</strong></span> <span class='ocrx_word' id='word_1_435' title='bbox 1728 991 1780 1022; x_wconf 78' lang='grc' dir='ltr'>ὦδε</span> <span class='ocrx_word' id='word_1_436' title='bbox 1790 994 1846 1021; x_wconf 80' lang='grc' dir='ltr'><strong>τῶν</strong></span> 
     </span>
    </p>
   </div>
   <div class='ocr_carea' id='block_1_63' title="bbox 1052 1040 1845 1080">
    <p class='ocr_par' dir='ltr' id='par_1_63' title="bbox 1052 1040 1845 1080">
     <span class='ocr_line' id='line_1_63' title="bbox 1052 1040 1845 1080; baseline -0.006 -10"><span class='ocrx_word' id='word_1_437' title='bbox 1052 1044 1186 1080; x_wconf 75' lang='grc' dir='ltr'>μηνιαίων</span> <span class='ocrx_word' id='word_1_438' title='bbox 1203 1043 1395 1078; x_wconf 84' lang='grc' dir='ltr'>διαστημάτων</span> <span class='ocrx_word' id='word_1_439' title='bbox 1413 1042 1444 1069; x_wconf 85' lang='grc' dir='ltr'><strong>τδ</strong></span> <span class='ocrx_word' id='word_1_440' title='bbox 1462 1041 1646 1076; x_wconf 83' lang='grc' dir='ltr'>ἁνακύκλημα</span> <span class='ocrx_word' id='word_1_441' title='bbox 1666 1040 1799 1075; x_wconf 85' lang='grc' dir='ltr'>φθίνουσά</span> <span class='ocrx_word' id='word_1_442' title='bbox 1815 1047 1845 1066; x_wconf 78' lang='grc' dir='ltr'><strong>τε</strong></span> 
     </span>
    </p>
   </div>
   <div class='ocr_carea' id='block_1_64' title="bbox 1052 1085 1845 1122">
    <p class='ocr_par' dir='ltr' id='par_1_64' title="bbox 1052 1085 1845 1122">
     <span class='ocr_line' id='line_1_64' title="bbox 1052 1085 1845 1122; baseline -0.005 -6"><span class='ocrx_word' id='word_1_443' title='bbox 1052 1089 1097 1116; x_wconf 66' lang='grc' dir='ltr'><strong>καὶ</strong></span> <span class='ocrx_word' id='word_1_444' title='bbox 1111 1088 1230 1121; x_wconf 72' lang='grc' dir='ltr'>αὔξουσα</span> <span class='ocrx_word' id='word_1_445' title='bbox 1247 1087 1319 1114; x_wconf 84' lang='grc' dir='ltr'>κατά</span> <span class='ocrx_word' id='word_1_446' title='bbox 1332 1095 1364 1122; x_wconf 81' lang='grc' dir='ltr'><strong>γε</strong></span> <span class='ocrx_word' id='word_1_447' title='bbox 1379 1087 1410 1114; x_wconf 82' lang='grc' dir='ltr'>τὸ</span> <span class='ocrx_word' id='word_1_448' title='bbox 1424 1086 1620 1122; x_wconf 86' lang='grc' dir='ltr'>τεχνησαμένῳ</span> <span class='ocrx_word' id='word_1_449' title='bbox 1633 1085 1728 1113; x_wconf 78' lang='grc' dir='ltr'>δοκοῦν</span> <span class='ocrx_word' id='word_1_450' title='bbox 1740 1094 1746 1102; x_wconf 76' lang='grc'><strong><em>³</em></strong></span> <span class='ocrx_word' id='word_1_451' title='bbox 1759 1094 1845 1112; x_wconf 77' lang='grc' dir='ltr'>κατα-</span> 
     </span>
    </p>
   </div>
   <div class='ocr_carea' id='block_1_65' title="bbox 1050 1132 1845 1172">
    <p class='ocr_par' dir='ltr' id='par_1_65' title="bbox 1050 1132 1845 1172">
     <span class='ocr_line' id='line_1_65' title="bbox 1050 1132 1845 1172; baseline -0.006 -10"><span class='ocrx_word' id='word_1_452' title='bbox 1050 1135 1163 1172; x_wconf 82' lang='grc' dir='ltr'><strong>λήγουσι</strong></span> <span class='ocrx_word' id='word_1_453' title='bbox 1179 1135 1229 1171; x_wconf 79' lang='grc' dir='ltr'>μὲν</span> <span class='ocrx_word' id='word_1_454' title='bbox 1245 1134 1327 1170; x_wconf 76' lang='grc' dir='ltr'>ἔργου</span> <span class='ocrx_word' id='word_1_455' title='bbox 1340 1134 1451 1166; x_wconf 76' lang='grc' dir='ltr'>παντὸς,</span> <span class='ocrx_word' id='word_1_456' title='bbox 1468 1133 1658 1169; x_wconf 82' lang='grc' dir='ltr'>ὑπερτίθενται</span> <span class='ocrx_word' id='word_1_457' title='bbox 1672 1133 1700 1159; x_wconf 80' lang='grc' dir='ltr'>δὲ</span> <span class='ocrx_word' id='word_1_458' title='bbox 1714 1132 1761 1159; x_wconf 76' lang='grc' dir='ltr'>καὶ</span> <span class='ocrx_word' id='word_1_459' title='bbox 1775 1133 1845 1158; x_wconf 83' lang='grc' dir='ltr'><strong>ἀπο-</strong></span> 
     </span>
    </p>
   </div>
   <div class='ocr_carea' id='block_1_66' title="bbox 1050 1178 1846 1218">
    <p class='ocr_par' dir='ltr' id='par_1_66' title="bbox 1050 1178 1846 1218">
     <span class='ocr_line' id='line_1_66' title="bbox 1050 1178 1846 1218; baseline -0.008 -9"><span class='ocrx_word' id='word_1_460' title='bbox 1050 1182 1151 1218; x_wconf 84' lang='grc' dir='ltr'>δημίας</span> <span class='ocrx_word' id='word_1_461' title='bbox 1178 1182 1269 1214; x_wconf 82' lang='grc' dir='ltr'>πάντη</span> <span class='ocrx_word' id='word_1_462' title='bbox 1295 1189 1325 1207; x_wconf 91' lang='grc' dir='ltr'><strong>τε</strong></span> <span class='ocrx_word' id='word_1_463' title='bbox 1353 1180 1400 1207; x_wconf 77' lang='grc' dir='ltr'><strong>καὶ</strong></span> <span class='ocrx_word' id='word_1_464' title='bbox 1423 1180 1532 1211; x_wconf 73' lang='grc' dir='ltr'>πάντως</span> <span class='ocrx_word' id='word_1_465' title='bbox 1549 1179 1709 1214; x_wconf 81' lang='grc' dir='ltr'>συμφθίνειν</span> <span class='ocrx_word' id='word_1_466' title='bbox 1727 1178 1846 1213; x_wconf 81' lang='grc' dir='ltr'>οἰόμενοι</span> 
     </span>
    </p>
   </div>
   <div class='ocr_carea' id='block_1_67' title="bbox 1050 1224 1846 1264">
    <p class='ocr_par' dir='ltr' id='par_1_67' title="bbox 1050 1224 1846 1264">
     <span class='ocr_line' id='line_1_67' title="bbox 1050 1224 1846 1264; baseline -0.009 -8"><span class='ocrx_word' id='word_1_467' title='bbox 1050 1228 1089 1264; x_wconf 84' lang='grc' dir='ltr'>τῷ</span> <span class='ocrx_word' id='word_1_468' title='bbox 1115 1228 1241 1264; x_wconf 85' lang='grc' dir='ltr'>στοιχείῳ</span> <span class='ocrx_word' id='word_1_469' title='bbox 1263 1226 1298 1254; x_wconf 84' lang='grc' dir='ltr'>τὰ</span> <span class='ocrx_word' id='word_1_470' title='bbox 1313 1226 1375 1253; x_wconf 81' lang='grc' dir='ltr'><strong>καθ’</strong></span> <span class='ocrx_word' id='word_1_471' title='bbox 1389 1227 1465 1261; x_wconf 76' lang='grc' dir='ltr'>ἡμᾶς</span> <span class='ocrx_word' id='word_1_472' title='bbox 1477 1246 1484 1258; x_wconf 89' lang='grc'><strong>,</strong></span> <span class='ocrx_word' id='word_1_473' title='bbox 1502 1225 1550 1252; x_wconf 75' lang='grc' dir='ltr'><strong>καὶ</strong></span> <span class='ocrx_word' id='word_1_474' title='bbox 1571 1226 1632 1256; x_wconf 86' lang='grc' dir='ltr'>ταῖς</span> <span class='ocrx_word' id='word_1_475' title='bbox 1648 1225 1688 1256; x_wconf 84' lang='grc' dir='ltr'><strong>είς</strong></span> <span class='ocrx_word' id='word_1_476' title='bbox 1712 1224 1744 1250; x_wconf 80' lang='grc' dir='ltr'>τὸ</span> <span class='ocrx_word' id='word_1_477' title='bbox 1769 1224 1846 1258; x_wconf 86' lang='grc' dir='ltr'>μεῖον</span> 
     </span>
    </p>
   </div>
   <div class='ocr_carea' id='block_1_68' title="bbox 1051 1270 1845 1310">
    <p class='ocr_par' dir='ltr' id='par_1_68' title="bbox 1051 1270 1845 1310">
     <span class='ocr_line' id='line_1_68' title="bbox 1051 1270 1845 1310; baseline -0.009 -7"><span class='ocrx_word' id='word_1_478' title='bbox 1051 1275 1236 1310; x_wconf 81' lang='grc' dir='ltr'>ὑποστροφαῖς</span> <span class='ocrx_word' id='word_1_479' title='bbox 1253 1271 1469 1308; x_wconf 82' lang='grc' dir='ltr'>συνεκτήκεσθαι</span> <span class='ocrx_word' id='word_1_480' title='bbox 1482 1271 1518 1298; x_wconf 82' lang='grc' dir='ltr'>τὰ</span> <span class='ocrx_word' id='word_1_481' title='bbox 1538 1271 1708 1307; x_wconf 82' lang='grc' dir='ltr'>ἀνθρώπινα.</span> <span class='ocrx_word' id='word_1_482' title='bbox 1733 1270 1803 1297; x_wconf 79' lang='grc' dir='ltr'>Ἀλλ’</span> <span class='ocrx_word' id='word_1_483' title='bbox 1822 1271 1845 1296; x_wconf 85' lang='grc' dir='ltr'><strong>εί</strong></span> 
     </span>
    </p>
   </div>
   <div class='ocr_carea' id='block_1_69' title="bbox 1051 1317 1846 1356">
    <p class='ocr_par' dir='ltr' id='par_1_69' title="bbox 1051 1317 1846 1356">
     <span class='ocr_line' id='line_1_69' title="bbox 1051 1317 1846 1356; baseline -0.006 -8"><span class='ocrx_word' id='word_1_484' title='bbox 1051 1321 1102 1356; x_wconf 88' lang='grc' dir='ltr'><strong>χρὴ</strong></span> <span class='ocrx_word' id='word_1_485' title='bbox 1119 1329 1145 1347; x_wconf 87' lang='grc' dir='ltr'><strong>τι</strong></span> <span class='ocrx_word' id='word_1_486' title='bbox 1155 1321 1216 1352; x_wconf 84' lang='grc' dir='ltr'>ταῖς</span> <span class='ocrx_word' id='word_1_487' title='bbox 1231 1318 1342 1346; x_wconf 77' lang='grc' dir='ltr'>ἐκείνων</span> <span class='ocrx_word' id='word_1_488' title='bbox 1353 1317 1512 1349; x_wconf 85' lang='grc' dir='ltr'>ἀσυνεσίαις</span> <span class='ocrx_word' id='word_1_489' title='bbox 1524 1317 1734 1352; x_wconf 84' lang='grc' dir='ltr'>ὲπιμειδιῶντας</span> <span class='ocrx_word' id='word_1_490' title='bbox 1746 1318 1846 1347; x_wconf 75' lang='grc' dir='ltr'>εἰπεῖν,</span> 
     </span>
    </p>
   </div>
   <div class='ocr_carea' id='block_1_70' title="bbox 1050 1362 1847 1402">
    <p class='ocr_par' dir='ltr' id='par_1_70' title="bbox 1050 1362 1847 1402">
     <span class='ocr_line' id='line_1_70' title="bbox 1050 1362 1847 1402; baseline -0.005 -9"><span class='ocrx_word' id='word_1_491' title='bbox 1050 1366 1096 1393; x_wconf 77' lang='grc' dir='ltr'>τὸν</span> <span class='ocrx_word' id='word_1_492' title='bbox 1110 1366 1245 1402; x_wconf 84' lang='grc' dir='ltr'>ὀστρείοις</span> <span class='ocrx_word' id='word_1_493' title='bbox 1260 1364 1405 1400; x_wconf 76' lang='grc' dir='ltr'>πρέποντα</span> <span class='ocrx_word' id='word_1_494' title='bbox 1422 1364 1470 1390; x_wconf 81' lang='grc' dir='ltr'><strong>καὶ</strong></span> <span class='ocrx_word' id='word_1_495' title='bbox 1490 1364 1545 1395; x_wconf 84' lang='grc' dir='ltr'>τοῖς</span> <span class='ocrx_word' id='word_1_496' title='bbox 1563 1363 1617 1389; x_wconf 83' lang='grc' dir='ltr'>τῶν</span> <span class='ocrx_word' id='word_1_497' title='bbox 1640 1362 1765 1398; x_wconf 82' lang='grc' dir='ltr'>λαχάνων</span> <span class='ocrx_word' id='word_1_498' title='bbox 1781 1363 1847 1389; x_wconf 80' lang='grc' dir='ltr'>ἀτυ-</span> 
     </span>
    </p>
   </div>
   <div class='ocr_carea' id='block_1_71' title="bbox 1051 1408 1847 1447">
    <p class='ocr_par' dir='ltr' id='par_1_71' title="bbox 1051 1408 1847 1447">
     <span class='ocr_line' id='line_1_71' title="bbox 1051 1408 1847 1447; baseline -0.005 -9"><span class='ocrx_word' id='word_1_499' title='bbox 1051 1411 1192 1447; x_wconf 83' lang='grc' dir='ltr'>χεστάτοις</span> <span class='ocrx_word' id='word_1_500' title='bbox 1216 1411 1381 1445; x_wconf 74' lang='grc' dir='ltr'>εἰσδέχονται</span> <span class='ocrx_word' id='word_1_501' title='bbox 1402 1410 1495 1444; x_wconf 78' lang='grc' dir='ltr'>φόῦον.</span> <span class='ocrx_word' id='word_1_502' title='bbox 1518 1409 1637 1444; x_wconf 85' lang='grc' dir='ltr'>Σώματα</span> <span class='ocrx_word' id='word_1_503' title='bbox 1663 1408 1712 1444; x_wconf 76' lang='grc' dir='ltr'>μὲν</span> <span class='ocrx_word' id='word_1_504' title='bbox 1736 1408 1791 1444; x_wconf 76' lang='grc' dir='ltr'><strong>γὰρ</strong></span> <span class='ocrx_word' id='word_1_505' title='bbox 1813 1409 1847 1435; x_wconf 66' lang='grc' dir='ltr'>τὰ</span> 
     </span>
    </p>
   </div>
   <div class='ocr_carea' id='block_1_72' title="bbox 1050 1454 1846 1492">
    <p class='ocr_par' dir='ltr' id='par_1_72' title="bbox 1050 1454 1846 1492">
     <span class='ocr_line' id='line_1_72' title="bbox 1050 1454 1846 1492; baseline -0.005 -8"><span class='ocrx_word' id='word_1_506' title='bbox 1050 1457 1140 1485; x_wconf 79' lang='grc' dir='ltr'>τοιάδε</span> <span class='ocrx_word' id='word_1_507' title='bbox 1148 1456 1228 1492; x_wconf 81' lang='grc' dir='ltr'>τυχὸν</span> <span class='ocrx_word' id='word_1_508' title='bbox 1238 1457 1322 1492; x_wconf 75' lang='grc' dir='ltr'>ἤγουν</span> <span class='ocrx_word' id='word_1_509' title='bbox 1331 1455 1364 1483; x_wconf 80' lang='grc' dir='ltr'><strong>τὰ</strong></span> <span class='ocrx_word' id='word_1_510' title='bbox 1375 1455 1415 1482; x_wconf 79' lang='grc' dir='ltr'>ἔτι</span> <span class='ocrx_word' id='word_1_511' title='bbox 1429 1455 1514 1491; x_wconf 73' lang='grc' dir='ltr'>μείζω</span> <span class='ocrx_word' id='word_1_512' title='bbox 1524 1464 1554 1482; x_wconf 87' lang='grc' dir='ltr'><strong>τε</strong></span> <span class='ocrx_word' id='word_1_513' title='bbox 1566 1456 1614 1482; x_wconf 79' lang='grc' dir='ltr'><strong>καὶ</strong></span> <span class='ocrx_word' id='word_1_514' title='bbox 1626 1454 1846 1490; x_wconf 79' lang='grc' dir='ltr'>προφερέστερα,</span> 
     </span>
    </p>
   </div>
   <div class='ocr_carea' id='block_1_73' title="bbox 1052 1497 1851 1539">
    <p class='ocr_par' dir='ltr' id='par_1_73' title="bbox 1052 1497 1851 1539">
     <span class='ocr_line' id='line_1_73' title="bbox 1052 1497 1851 1539; baseline -0.008 -8"><span class='ocrx_word' id='word_1_515' title='bbox 1052 1503 1180 1539; x_wconf 83' lang='grc' dir='ltr'>πασχέτω</span> <span class='ocrx_word' id='word_1_516' title='bbox 1199 1502 1323 1538; x_wconf 77' lang='grc' dir='ltr'>φυσικῶς</span> <span class='ocrx_word' id='word_1_517' title='bbox 1345 1502 1396 1537; x_wconf 83' lang='grc' dir='ltr'>τὴν</span> <span class='ocrx_word' id='word_1_518' title='bbox 1414 1501 1603 1536; x_wconf 83' lang='grc' dir='ltr'>συναίσθησιν,</span> <span class='ocrx_word' id='word_1_519' title='bbox 1621 1500 1683 1527; x_wconf 77' lang='grc' dir='ltr'>καθ’</span> <span class='ocrx_word' id='word_1_520' title='bbox 1701 1500 1730 1526; x_wconf 82' lang='grc' dir='ltr'>ὃν</span> <span class='ocrx_word' id='word_1_521' title='bbox 1746 1497 1817 1526; x_wconf 79' lang='grc' dir='ltr'>οἶδεν</span> <span class='ocrx_word' id='word_1_522' title='bbox 1836 1500 1851 1526; x_wconf 84' lang='grc' dir='ltr'><strong>ὁ</strong></span> 
     </span>
    </p>
   </div>
   <div class='ocr_carea' id='block_1_74' title="bbox 1053 1545 1847 1586">
    <p class='ocr_par' dir='ltr' id='par_1_74' title="bbox 1053 1545 1847 1586">
     <span class='ocr_line' id='line_1_74' title="bbox 1053 1545 1847 1586; baseline -0.008 -9"><span class='ocrx_word' id='word_1_523' title='bbox 1053 1550 1224 1586; x_wconf 84' lang='grc' dir='ltr'>Δημιουργὺς</span> <span class='ocrx_word' id='word_1_524' title='bbox 1243 1548 1334 1583; x_wconf 81' lang='grc' dir='ltr'>λόγον’</span> <span class='ocrx_word' id='word_1_525' title='bbox 1353 1547 1507 1584; x_wconf 69' lang='grc' dir='ltr'>ἐπισφαλὴς</span> <span class='ocrx_word' id='word_1_526' title='bbox 1524 1547 1578 1582; x_wconf 88' lang='grc' dir='ltr'><strong>γὰρ</strong></span> <span class='ocrx_word' id='word_1_527' title='bbox 1594 1547 1622 1573; x_wconf 78' lang='grc' dir='ltr'>ὲν</span> <span class='ocrx_word' id='word_1_528' title='bbox 1635 1545 1741 1577; x_wconf 80' lang='grc' dir='ltr'>τούτοις</span> <span class='ocrx_word' id='word_1_529' title='bbox 1756 1546 1773 1580; x_wconf 83' lang='grc' dir='ltr'>ἡ</span> <span class='ocrx_word' id='word_1_530' title='bbox 1797 1546 1847 1580; x_wconf 78' lang='grc' dir='ltr'><strong>βά-</strong></span> 
     </span>
    </p>
   </div>
   <div class='ocr_carea' id='block_1_75' title="bbox 1053 1591 1846 1630">
    <p class='ocr_par' dir='ltr' id='par_1_75' title="bbox 1053 1591 1846 1630">
     <span class='ocr_line' id='line_1_75' title="bbox 1053 1591 1846 1630; baseline -0.006 -8"><span class='ocrx_word' id='word_1_531' title='bbox 1053 1604 1132 1628; x_wconf 84' lang='grc' dir='ltr'>σανος</span> <span class='ocrx_word' id='word_1_532' title='bbox 1144 1616 1150 1628; x_wconf 93' lang='grc'><strong>,</strong></span> <span class='ocrx_word' id='word_1_533' title='bbox 1169 1595 1216 1622; x_wconf 79' lang='grc' dir='ltr'><strong>καὶ</strong></span> <span class='ocrx_word' id='word_1_534' title='bbox 1236 1595 1287 1622; x_wconf 85' lang='grc' dir='ltr'>οὐκ</span> <span class='ocrx_word' id='word_1_535' title='bbox 1304 1594 1418 1630; x_wconf 78' lang='grc' dir='ltr'>ἀκερδὲς</span> <span class='ocrx_word' id='word_1_536' title='bbox 1439 1593 1470 1620; x_wconf 78' lang='grc' dir='ltr'>τὸ</span> <span class='ocrx_word' id='word_1_537' title='bbox 1494 1593 1651 1629; x_wconf 73' lang='grc' dir='ltr'>ἄπραγμον,</span> <span class='ocrx_word' id='word_1_538' title='bbox 1675 1592 1795 1624; x_wconf 82' lang='grc' dir='ltr'>διανοίας</span> <span class='ocrx_word' id='word_1_539' title='bbox 1818 1591 1846 1618; x_wconf 67' lang='grc' dir='ltr'>δὲ</span> 
     </span>
    </p>
   </div>
   <div class='ocr_carea' id='block_1_76' title="bbox 1049 1638 1846 1677">
    <p class='ocr_par' dir='ltr' id='par_1_76' title="bbox 1049 1638 1846 1677">
     <span class='ocr_line' id='line_1_76' title="bbox 1049 1638 1846 1677; baseline -0.008 -7"><span class='ocrx_word' id='word_1_540' title='bbox 1049 1642 1223 1677; x_wconf 81' lang='grc' dir='ltr'>ἀνθρωπίνης</span> <span class='ocrx_word' id='word_1_541' title='bbox 1233 1640 1379 1677; x_wconf 77' lang='grc' dir='ltr'>ἀφεστήξει</span> <span class='ocrx_word' id='word_1_542' title='bbox 1392 1641 1459 1668; x_wconf 77' lang='grc' dir='ltr'>πολὺ</span> <span class='ocrx_word' id='word_1_543' title='bbox 1471 1640 1519 1668; x_wconf 80' lang='grc' dir='ltr'><strong>καὶ</strong></span> <span class='ocrx_word' id='word_1_544' title='bbox 1533 1640 1643 1675; x_wconf 85' lang='grc' dir='ltr'>μακράν</span> <span class='ocrx_word' id='word_1_545' title='bbox 1653 1647 1704 1666; x_wconf 82' lang='grc' dir='ltr'><strong>που</strong></span> <span class='ocrx_word' id='word_1_546' title='bbox 1714 1638 1846 1673; x_wconf 79' lang='grc' dir='ltr'>τὸχρῆμα</span> 
     </span>
    </p>
   </div>
   <div class='ocr_carea' id='block_1_77' title="bbox 1050 1685 1850 1724">
    <p class='ocr_par' dir='ltr' id='par_1_77' title="bbox 1050 1685 1850 1724">
     <span class='ocr_line' id='line_1_77' title="bbox 1050 1685 1850 1724; baseline -0.008 -8"><span class='ocrx_word' id='word_1_547' title='bbox 1050 1689 1182 1716; x_wconf 80' lang='grc' dir='ltr'>κείσεται.</span> <span class='ocrx_word' id='word_1_548' title='bbox 1206 1689 1239 1716; x_wconf 72' lang='lat' dir='ltr'><strong>Et</strong></span> <span class='ocrx_word' id='word_1_549' title='bbox 1253 1688 1309 1724; x_wconf 86' lang='grc' dir='ltr'><strong>γὰρ</strong></span> <span class='ocrx_word' id='word_1_550' title='bbox 1324 1688 1372 1715; x_wconf 71' lang='grc' dir='ltr'><strong>καὶ</strong></span> <span class='ocrx_word' id='word_1_551' title='bbox 1385 1687 1472 1722; x_wconf 80' lang='grc' dir='ltr'>φθίνει</span> <span class='ocrx_word' id='word_1_552' title='bbox 1486 1687 1566 1722; x_wconf 77' lang='grc' dir='ltr'>τυχὸν</span> <span class='ocrx_word' id='word_1_553' title='bbox 1583 1687 1614 1713; x_wconf 81' lang='grc' dir='ltr'><strong>τὸ</strong></span> <span class='ocrx_word' id='word_1_554' title='bbox 1628 1687 1770 1722; x_wconf 88' lang='grc' dir='ltr'>στοιχεῖον,</span> <span class='ocrx_word' id='word_1_555' title='bbox 1788 1685 1850 1712; x_wconf 79' lang='grc' dir='ltr'>ἀλλ’</span> 
     </span>
    </p>
   </div>
   <div class='ocr_carea' id='block_1_78' title="bbox 1050 1730 1845 1771">
    <p class='ocr_par' dir='ltr' id='par_1_78' title="bbox 1050 1730 1845 1771">
     <span class='ocr_line' id='line_1_78' title="bbox 1050 1730 1845 1771; baseline -0.008 -9"><span class='ocrx_word' id='word_1_556' title='bbox 1050 1736 1064 1763; x_wconf 82' lang='grc' dir='ltr'><strong>ὃ</strong></span> <span class='ocrx_word' id='word_1_557' title='bbox 1072 1743 1104 1770; x_wconf 84' lang='grc' dir='ltr'><strong>γε</strong></span> <span class='ocrx_word' id='word_1_558' title='bbox 1117 1735 1234 1771; x_wconf 84' lang='grc' dir='ltr'>σώφρων</span> <span class='ocrx_word' id='word_1_559' title='bbox 1244 1734 1292 1761; x_wconf 75' lang='grc' dir='ltr'><strong>καὶ</strong></span> <span class='ocrx_word' id='word_1_560' title='bbox 1303 1733 1426 1770; x_wconf 71' lang='grc' dir='ltr'>ἐμμελὴς</span> <span class='ocrx_word' id='word_1_561' title='bbox 1434 1733 1510 1760; x_wconf 80' lang='grc' dir='ltr'>οὐδὲν</span> <span class='ocrx_word' id='word_1_562' title='bbox 1522 1730 1604 1769; x_wconf 83' lang='grc' dir='ltr'>ἦττον</span> <span class='ocrx_word' id='word_1_563' title='bbox 1621 1732 1696 1758; x_wconf 71' lang='grc' dir='ltr'>ἔσται</span> <span class='ocrx_word' id='word_1_564' title='bbox 1711 1730 1845 1763; x_wconf 84' lang='grc' dir='ltr'>τοιοῦτος,</span> 
     </span>
    </p>
   </div>
   <div class='ocr_carea' id='block_1_79' title="bbox 1051 1777 1848 1814">
    <p class='ocr_par' dir='ltr' id='par_1_79' title="bbox 1051 1777 1848 1814">
     <span class='ocr_line' id='line_1_79' title="bbox 1051 1777 1848 1814; baseline -0.009 -5"><span class='ocrx_word' id='word_1_565' title='bbox 1051 1782 1098 1809; x_wconf 73' lang='grc' dir='ltr'><strong>καὶ</strong></span> <span class='ocrx_word' id='word_1_566' title='bbox 1108 1782 1159 1808; x_wconf 77' lang='grc' dir='ltr'><strong>οὐκ</strong></span> <span class='ocrx_word' id='word_1_567' title='bbox 1167 1781 1200 1809; x_wconf 75' lang='grc' dir='ltr'>ἂν</span> <span class='ocrx_word' id='word_1_568' title='bbox 1209 1782 1268 1813; x_wconf 85' lang='grc' dir='ltr'>ταῖς</span> <span class='ocrx_word' id='word_1_569' title='bbox 1283 1780 1388 1807; x_wconf 71' lang='grc' dir='ltr'>ἐκείνου</span> <span class='ocrx_word' id='word_1_570' title='bbox 1404 1779 1543 1814; x_wconf 78' lang='grc' dir='ltr'>συνιζήσει</span> <span class='ocrx_word' id='word_1_571' title='bbox 1557 1778 1656 1812; x_wconf 84' lang='grc' dir='ltr'>αὐγαῖς</span> <span class='ocrx_word' id='word_1_572' title='bbox 1666 1777 1713 1804; x_wconf 75' lang='grc' dir='ltr'><strong>ἐπὶ</strong></span> <span class='ocrx_word' id='word_1_573' title='bbox 1727 1777 1758 1803; x_wconf 75' lang='grc' dir='ltr'>τὸ</span> <span class='ocrx_word' id='word_1_574' title='bbox 1771 1778 1848 1812; x_wconf 77' lang='grc' dir='ltr'>μεῖον</span> 
     </span>
    </p>
   </div>
   <div class='ocr_carea' id='block_1_80' title="bbox 1052 1822 1848 1861">
    <p class='ocr_par' dir='ltr' id='par_1_80' title="bbox 1052 1822 1848 1861">
     <span class='ocr_line' id='line_1_80' title="bbox 1052 1822 1848 1861; baseline -0.009 -6"><span class='ocrx_word' id='word_1_575' title='bbox 1052 1829 1066 1855; x_wconf 86' lang='grc' dir='ltr'><strong>ὁ</strong></span> <span class='ocrx_word' id='word_1_576' title='bbox 1080 1827 1152 1860; x_wconf 84' lang='grc' dir='ltr'>νοῦς,</span> <span class='ocrx_word' id='word_1_577' title='bbox 1174 1827 1227 1854; x_wconf 71' lang='grc' dir='ltr'>οὐδ’</span> <span class='ocrx_word' id='word_1_578' title='bbox 1243 1826 1275 1853; x_wconf 83' lang='grc' dir='ltr'>ἂν</span> <span class='ocrx_word' id='word_1_579' title='bbox 1295 1826 1440 1861; x_wconf 83' lang='grc' dir='ltr'>μεταθείτο</span> <span class='ocrx_word' id='word_1_580' title='bbox 1459 1825 1514 1852; x_wconf 84' lang='grc' dir='ltr'><strong>τῶν</strong></span> <span class='ocrx_word' id='word_1_581' title='bbox 1537 1824 1709 1860; x_wconf 79' lang='grc' dir='ltr'>πραγμάτων</span> <span class='ocrx_word' id='word_1_582' title='bbox 1725 1823 1742 1858; x_wconf 87' lang='grc' dir='ltr'>ή</span> <span class='ocrx_word' id='word_1_583' title='bbox 1764 1822 1848 1857; x_wconf 77' lang='grc' dir='ltr'>φύσις</span> 
     </span>
    </p>
   </div>
   <div class='ocr_carea' id='block_1_81' title="bbox 1053 1868 1849 1908">
    <p class='ocr_par' dir='ltr' id='par_1_81' title="bbox 1053 1868 1849 1908">
     <span class='ocr_line' id='line_1_81' title="bbox 1053 1868 1849 1908; baseline -0.006 -9"><span class='ocrx_word' id='word_1_584' title='bbox 1053 1873 1101 1900; x_wconf 69' lang='grc' dir='ltr'><strong>ἐπὶ</strong></span> <span class='ocrx_word' id='word_1_585' title='bbox 1114 1874 1144 1900; x_wconf 84' lang='grc' dir='ltr'><strong>τὺ</strong></span> <span class='ocrx_word' id='word_1_586' title='bbox 1160 1872 1264 1908; x_wconf 77' lang='grc' dir='ltr'>αἴσχιόν</span> <span class='ocrx_word' id='word_1_587' title='bbox 1283 1880 1313 1898; x_wconf 87' lang='grc' dir='ltr'><strong>τε</strong></span> <span class='ocrx_word' id='word_1_588' title='bbox 1329 1871 1376 1898; x_wconf 73' lang='grc' dir='ltr'>καὶ</span> <span class='ocrx_word' id='word_1_589' title='bbox 1391 1871 1504 1906; x_wconf 83' lang='grc' dir='ltr'>ἄμεινον</span> <span class='ocrx_word' id='word_1_590' title='bbox 1516 1871 1578 1901; x_wconf 85' lang='grc' dir='ltr'>ταῖς</span> <span class='ocrx_word' id='word_1_591' title='bbox 1590 1869 1638 1896; x_wconf 81' lang='grc' dir='ltr'>τοῦ</span> <span class='ocrx_word' id='word_1_592' title='bbox 1651 1869 1787 1904; x_wconf 85' lang='grc' dir='ltr'>στοιχείου</span> <span class='ocrx_word' id='word_1_593' title='bbox 1803 1868 1849 1894; x_wconf 77' lang='grc' dir='ltr'>δυ‹</span> 
     </span>
    </p>
   </div>
   <div class='ocr_carea' id='block_1_82' title="bbox 1054 1916 1850 1956">
    <p class='ocr_par' dir='ltr' id='par_1_82' title="bbox 1054 1916 1850 1956">
     <span class='ocr_line' id='line_1_82' title="bbox 1054 1916 1850 1956; baseline -0.008 -9"><span class='ocrx_word' id='word_1_594' title='bbox 1054 1920 1153 1956; x_wconf 86' lang='grc' dir='ltr'>νάμεσι</span> <span class='ocrx_word' id='word_1_595' title='bbox 1171 1918 1432 1954; x_wconf 80' lang='grc' dir='ltr'>κατηναγκασμένη.</span> <span class='ocrx_word' id='word_1_596' title='bbox 1467 1916 1523 1944; x_wconf 77' lang='grc' dir='ltr'><strong>’Δεὶ</strong></span> <span class='ocrx_word' id='word_1_597' title='bbox 1549 1916 1604 1952; x_wconf 82' lang='grc' dir='ltr'><strong>γάρ</strong></span> <span class='ocrx_word' id='word_1_598' title='bbox 1621 1924 1679 1947; x_wconf 80' lang='grc' dir='ltr'>πως</span> <span class='ocrx_word' id='word_1_599' title='bbox 1704 1923 1850 1951; x_wconf 80' lang='grc' dir='ltr'>συμπαρο-</span> 
     </span>
    </p>
   </div>
   <div class='ocr_carea' id='block_1_83' title="bbox 1056 1962 1849 2003">
    <p class='ocr_par' dir='ltr' id='par_1_83' title="bbox 1056 1962 1849 2003">
     <span class='ocr_line' id='line_1_83' title="bbox 1056 1962 1849 2003; baseline -0.008 -9"><span class='ocrx_word' id='word_1_600' title='bbox 1056 1967 1156 2003; x_wconf 90' lang='grc' dir='ltr'>μαρτεῖ</span> <span class='ocrx_word' id='word_1_601' title='bbox 1167 1967 1225 1998; x_wconf 86' lang='grc' dir='ltr'>τοῖς</span> <span class='ocrx_word' id='word_1_602' title='bbox 1246 1966 1294 2001; x_wconf 81' lang='grc' dir='ltr'>μὲν</span> <span class='ocrx_word' id='word_1_603' title='bbox 1309 1964 1363 1992; x_wconf 83' lang='grc' dir='ltr'><strong>τῶν</strong></span> <span class='ocrx_word' id='word_1_604' title='bbox 1376 1964 1496 2000; x_wconf 77' lang='grc' dir='ltr'>ἀρίστων</span> <span class='ocrx_word' id='word_1_605' title='bbox 1511 1963 1687 1999; x_wconf 85' lang='grc' dir='ltr'>δημιουργοῖς</span> <span class='ocrx_word' id='word_1_606' title='bbox 1702 1962 1733 1988; x_wconf 81' lang='grc' dir='ltr'><strong>τὺ</strong></span> <span class='ocrx_word' id='word_1_607' title='bbox 1747 1962 1849 1997; x_wconf 81' lang='grc' dir='ltr'>χρῆναι</span> 
     </span>
    </p>
   </div>
   <div class='ocr_carea' id='block_1_84' title="bbox 1057 2008 1849 2048">
    <p class='ocr_par' dir='ltr' id='par_1_84' title="bbox 1057 2008 1849 2048">
     <span class='ocr_line' id='line_1_84' title="bbox 1057 2008 1849 2048; baseline -0.006 -9"><span class='ocrx_word' id='word_1_608' title='bbox 1057 2013 1220 2048; x_wconf 79' lang='grc' dir='ltr'>μεταλαχεῖν</span> <span class='ocrx_word' id='word_1_609' title='bbox 1234 2011 1335 2042; x_wconf 75' lang='grc' dir='ltr'>παντὸς</span> <span class='ocrx_word' id='word_1_610' title='bbox 1351 2010 1466 2045; x_wconf 79' lang='grc' dir='ltr'>ἀγαθοῦ,</span> <span class='ocrx_word' id='word_1_611' title='bbox 1479 2011 1536 2042; x_wconf 86' lang='grc' dir='ltr'>τοῖς</span> <span class='ocrx_word' id='word_1_612' title='bbox 1554 2018 1585 2044; x_wconf 84' lang='grc' dir='ltr'><strong>γε</strong></span> <span class='ocrx_word' id='word_1_613' title='bbox 1601 2010 1654 2045; x_wconf 79' lang='grc' dir='ltr'>μὴν</span> <span class='ocrx_word' id='word_1_614' title='bbox 1665 2008 1722 2034; x_wconf 86' lang='grc' dir='ltr'>τῶν</span> <span class='ocrx_word' id='word_1_615' title='bbox 1736 2008 1849 2042; x_wconf 82' lang='grc' dir='ltr'>φαύλων</span> 
     </span>
    </p>
   </div>
   <div class='ocr_carea' id='block_1_85' title="bbox 1056 2053 1846 2095">
    <p class='ocr_par' dir='ltr' id='par_1_85' title="bbox 1056 2053 1846 2095">
     <span class='ocr_line' id='line_1_85' title="bbox 1056 2053 1846 2095; baseline -0.008 -10"><span class='ocrx_word' id='word_1_616' title='bbox 1056 2059 1205 2095; x_wconf 76' lang='grc' dir='ltr'>ἐργάταις,</span> <span class='ocrx_word' id='word_1_617' title='bbox 1225 2058 1260 2084; x_wconf 86' lang='grc' dir='ltr'><strong>τὰ</strong></span> <span class='ocrx_word' id='word_1_618' title='bbox 1284 2058 1376 2089; x_wconf 87' lang='grc' dir='ltr'>αὐτοῖς</span> <span class='ocrx_word' id='word_1_619' title='bbox 1404 2057 1445 2084; x_wconf 80' lang='grc' dir='ltr'>ὅτι</span> <span class='ocrx_word' id='word_1_620' title='bbox 1465 2056 1583 2092; x_wconf 84' lang='grc' dir='ltr'>μάλιστα</span> <span class='ocrx_word' id='word_1_621' title='bbox 1610 2053 1846 2090; x_wconf 79' lang='grc' dir='ltr'>πρεπωδέστατα.</span> 
     </span>
    </p>
   </div>
   <div class='ocr_carea' id='block_1_86' title="bbox 1056 2100 1848 2140">
    <p class='ocr_par' dir='ltr' id='par_1_86' title="bbox 1056 2100 1848 2140">
     <span class='ocr_line' id='line_1_86' title="bbox 1056 2100 1848 2140; baseline -0.008 -8"><span class='ocrx_word' id='word_1_622' title='bbox 1056 2105 1195 2140; x_wconf 79' lang='grc' dir='ltr'>Θαυμάζω</span> <span class='ocrx_word' id='word_1_623' title='bbox 1210 2105 1238 2132; x_wconf 84' lang='grc' dir='ltr'>δὲ</span> <span class='ocrx_word' id='word_1_624' title='bbox 1257 2105 1298 2132; x_wconf 83' lang='grc' dir='ltr'>ὃτι</span> <span class='ocrx_word' id='word_1_625' title='bbox 1313 2104 1462 2139; x_wconf 83' lang='grc' dir='ltr'>φθινούσης</span> <span class='ocrx_word' id='word_1_626' title='bbox 1477 2102 1592 2138; x_wconf 65' lang='grc' dir='ltr'>σελήνης</span> <span class='ocrx_word' id='word_1_627' title='bbox 1605 2121 1613 2134; x_wconf 86' lang='lat'><strong>,</strong></span> <span class='ocrx_word' id='word_1_628' title='bbox 1632 2101 1681 2128; x_wconf 76' lang='grc' dir='ltr'><strong>καὶ</strong></span> <span class='ocrx_word' id='word_1_629' title='bbox 1702 2101 1742 2132; x_wconf 86' lang='grc' dir='ltr'><strong>είς</strong></span> <span class='ocrx_word' id='word_1_630' title='bbox 1757 2101 1788 2127; x_wconf 84' lang='grc' dir='ltr'>τὸ</span> <span class='ocrx_word' id='word_1_631' title='bbox 1801 2100 1848 2127; x_wconf 70' lang='grc' dir='ltr'>τοῦ</span> 
     </span>
    </p>
   </div>
   <div class='ocr_carea' id='block_1_87' title="bbox 1059 2144 1850 2186">
    <p class='ocr_par' dir='ltr' id='par_1_87' title="bbox 1059 2144 1850 2186">
     <span class='ocr_line' id='line_1_87' title="bbox 1059 2144 1850 2186; baseline -0.006 -10"><span class='ocrx_word' id='word_1_632' title='bbox 1059 2151 1145 2186; x_wconf 83' lang='grc' dir='ltr'>μηνὸς</span> <span class='ocrx_word' id='word_1_633' title='bbox 1157 2150 1322 2185; x_wconf 81' lang='grc' dir='ltr'>διερποὺσης</span> <span class='ocrx_word' id='word_1_634' title='bbox 1336 2149 1422 2181; x_wconf 84' lang='grc' dir='ltr'>τέλος,</span> <span class='ocrx_word' id='word_1_635' title='bbox 1440 2149 1574 2184; x_wconf 72' lang='grc' dir='ltr'>χρήσταις</span> <span class='ocrx_word' id='word_1_636' title='bbox 1593 2147 1642 2183; x_wconf 81' lang='grc' dir='ltr'>μὲν</span> <span class='ocrx_word' id='word_1_637' title='bbox 1666 2144 1743 2173; x_wconf 78' lang='grc' dir='ltr'>οὖσιν</span> <span class='ocrx_word' id='word_1_638' title='bbox 1755 2145 1850 2176; x_wconf 72' lang='grc' dir='ltr'>αὐτοῖς</span> 
     </span>
    </p>
   </div>
   <div class='ocr_carea' id='block_1_88' title="bbox 1058 2192 1850 2232">
    <p class='ocr_par' dir='ltr' id='par_1_88' title="bbox 1058 2192 1850 2232">
     <span class='ocr_line' id='line_1_88' title="bbox 1058 2192 1850 2232; baseline -0.008 -9"><span class='ocrx_word' id='word_1_639' title='bbox 1058 2198 1105 2223; x_wconf 72' lang='grc' dir='ltr'><strong>καὶ</strong></span> <span class='ocrx_word' id='word_1_640' title='bbox 1124 2197 1193 2230; x_wconf 79' lang='grc' dir='ltr'>ἄγαν</span> <span class='ocrx_word' id='word_1_641' title='bbox 1215 2195 1450 2232; x_wconf 56' lang='grc' dir='ltr'>ἐρασιχρημάτους</span> <span class='ocrx_word' id='word_1_642' title='bbox 1469 2194 1632 2227; x_wconf 75' lang='grc' dir='ltr'>αὐξάνουσιν</span> <span class='ocrx_word' id='word_1_643' title='bbox 1646 2193 1670 2220; x_wconf 83' lang='grc' dir='ltr'><strong>οί</strong></span> <span class='ocrx_word' id='word_1_644' title='bbox 1688 2193 1782 2224; x_wconf 81' lang='grc' dir='ltr'>τόκοι,</span> <span class='ocrx_word' id='word_1_645' title='bbox 1802 2192 1850 2218; x_wconf 78' lang='grc' dir='ltr'><strong>καὶ</strong></span> 
     </span>
    </p>
   </div>
   <div class='ocr_carea' id='block_1_89' title="bbox 213 2239 1000 2290">
    <p class='ocr_par' dir='ltr' id='par_1_89' title="bbox 213 2242 1000 2282">
     <span class='ocr_line' id='line_1_89' title="bbox 213 2242 1000 2282; baseline -0.02 -1"><span class='ocrx_word' id='word_1_646' title='bbox 213 2254 322 2281; x_wconf 88' lang='lat' dir='ltr'><strong>niarum</strong></span> <span class='ocrx_word' id='word_1_647' title='bbox 337 2257 402 2278; x_wconf 86' lang='lat' dir='ltr'><strong>sane</strong></span> <span class='ocrx_word' id='word_1_648' title='bbox 427 2247 539 2282; x_wconf 86' lang='lat' dir='ltr'><strong>cupidi,</strong></span> <span class='ocrx_word' id='word_1_649' title='bbox 565 2249 705 2273; x_wconf 83' lang='lat' dir='ltr'><strong>accrescat</strong></span> <span class='ocrx_word' id='word_1_650' title='bbox 733 2242 831 2273; x_wconf 74' lang='lat' dir='ltr'><strong>(enus,</strong></span> <span class='ocrx_word' id='word_1_651' title='bbox 853 2243 1000 2274; x_wconf 87' lang='lat' dir='ltr'><strong>contraque</strong></span> 
     </span>
    </p>
   </div>
   <div class='ocr_carea' id='block_1_90' title="bbox 1055 2239 1850 2290">
    <p class='ocr_par' dir='ltr' id='par_1_90' title="bbox 1059 2239 1850 2279">
     <span class='ocr_line' id='line_1_90' title="bbox 1059 2239 1850 2279; baseline -0.008 -9"><span class='ocrx_word' id='word_1_652' title='bbox 1059 2243 1192 2279; x_wconf 80' lang='grc' dir='ltr'>ἁδρότερα</span> <span class='ocrx_word' id='word_1_653' title='bbox 1212 2242 1266 2268; x_wconf 86' lang='grc' dir='ltr'>τῶν</span> <span class='ocrx_word' id='word_1_654' title='bbox 1290 2242 1482 2269; x_wconf 75' lang='grc' dir='ltr'>δεδανεικότων</span> <span class='ocrx_word' id='word_1_655' title='bbox 1502 2241 1675 2268; x_wconf 80' lang='grc' dir='ltr'>ἀποτελεῖται</span> <span class='ocrx_word' id='word_1_656' title='bbox 1699 2239 1734 2266; x_wconf 84' lang='grc' dir='ltr'>τὰ</span> <span class='ocrx_word' id='word_1_657' title='bbox 1749 2239 1850 2274; x_wconf 69' lang='grc' dir='ltr'>βαλανη-</span> 
     </span>
    </p>
   </div>
   <div class='ocr_carea' id='block_1_91' title="bbox 212 2286 1004 2327">
    <p class='ocr_par' dir='ltr' id='par_1_91' title="bbox 212 2286 1004 2327">
     <span class='ocr_line' id='line_1_91' title="bbox 212 2286 1004 2327; baseline -0.02 0"><span class='ocrx_word' id='word_1_658' title='bbox 212 2303 339 2327; x_wconf 87' lang='lat' dir='ltr'><strong>mutuum</strong></span> <span class='ocrx_word' id='word_1_659' title='bbox 355 2293 524 2324; x_wconf 80' lang='lat' dir='ltr'><strong>sumentium</strong></span> <span class='ocrx_word' id='word_1_660' title='bbox 542 2297 679 2319; x_wconf 67' lang='lat' dir='ltr'><strong>crumena:</strong></span> <span class='ocrx_word' id='word_1_661' title='bbox 691 2289 810 2316; x_wconf 82' lang='lat' dir='ltr'><strong>leviores</strong></span> <span class='ocrx_word' id='word_1_662' title='bbox 828 2286 910 2319; x_wconf 82' lang='lat' dir='ltr'><strong>ﬁant;</strong></span> <span class='ocrx_word' id='word_1_663' title='bbox 923 2290 1004 2313; x_wconf 71' lang='lat' dir='ltr'><strong>caete-</strong></span> 
     </span>
    </p>
   </div>
   <div class='ocr_carea' id='block_1_92' title="bbox 213 2332 1004 2380">
    <p class='ocr_par' dir='ltr' id='par_1_92' title="bbox 213 2332 1004 2380">
     <span class='ocr_line' id='line_1_92' title="bbox 213 2332 1004 2380; baseline -0.02 -7"><span class='ocrx_word' id='word_1_664' title='bbox 213 2353 256 2373; x_wconf 81' lang='lat' dir='ltr'><strong>ras</strong></span> <span class='ocrx_word' id='word_1_665' title='bbox 270 2351 351 2380; x_wconf 86' lang='lat' dir='ltr'><strong>porro</strong></span> <span class='ocrx_word' id='word_1_666' title='bbox 366 2349 410 2369; x_wconf 76' lang='lat' dir='ltr'><strong>res</strong></span> <span class='ocrx_word' id='word_1_667' title='bbox 422 2348 475 2368; x_wconf 86' lang='lat' dir='ltr'><strong>una</strong></span> <span class='ocrx_word' id='word_1_668' title='bbox 487 2346 551 2366; x_wconf 93' lang='lat' dir='ltr'><strong>cum</strong></span> <span class='ocrx_word' id='word_1_669' title='bbox 562 2337 651 2365; x_wconf 86' lang='lat' dir='ltr'><strong>sidere</strong></span> <span class='ocrx_word' id='word_1_670' title='bbox 663 2334 821 2363; x_wconf 85' lang='lat' dir='ltr'><strong>necessario</strong></span> <span class='ocrx_word' id='word_1_671' title='bbox 834 2332 1004 2364; x_wconf 88' lang='lat' dir='ltr'><strong>decrescere,</strong></span> 
     </span>
    </p>
   </div>
   <div class='ocr_carea' id='block_1_93' title="bbox 212 2376 1004 2418">
    <p class='ocr_par' dir='ltr' id='par_1_93' title="bbox 212 2376 1004 2418">
     <span class='ocr_line' id='line_1_93' title="bbox 212 2376 1004 2418; baseline -0.02 0"><span class='ocrx_word' id='word_1_672' title='bbox 212 2399 244 2418; x_wconf 87' lang='lat' dir='ltr'><strong>ac</strong></span> <span class='ocrx_word' id='word_1_673' title='bbox 260 2376 341 2417; x_wconf 76' lang='lat' dir='ltr'><strong>simul</strong></span> <span class='ocrx_word' id='word_1_674' title='bbox 354 2386 423 2415; x_wconf 66' lang='lat' dir='ltr'><strong>attici</strong></span> <span class='ocrx_word' id='word_1_675' title='bbox 434 2384 527 2412; x_wconf 85' lang='lat' dir='ltr'><strong>nescio</strong></span> <span class='ocrx_word' id='word_1_676' title='bbox 540 2389 659 2418; x_wconf 87' lang='lat' dir='ltr'><strong>quonam</strong></span> <span class='ocrx_word' id='word_1_677' title='bbox 676 2379 757 2407; x_wconf 89' lang='lat' dir='ltr'><strong>modo</strong></span> <span class='ocrx_word' id='word_1_678' title='bbox 777 2376 944 2413; x_wconf 83' lang='lat' dir='ltr'><strong>putaverint.</strong></span> <span class='ocrx_word' id='word_1_679' title='bbox 963 2376 1004 2404; x_wconf 81' lang='lat' dir='ltr'><strong>An</strong></span> 
     </span>
    </p>
   </div>
   <div class='ocr_carea' id='block_1_94' title="bbox 213 2423 934 2464">
    <p class='ocr_par' dir='ltr' id='par_1_94' title="bbox 213 2423 934 2464">
     <span class='ocr_line' id='line_1_94' title="bbox 213 2423 934 2464; baseline -0.021 0"><span class='ocrx_word' id='word_1_680' title='bbox 213 2437 271 2464; x_wconf 71' lang='lat' dir='ltr'><strong>tunc</strong></span> <span class='ocrx_word' id='word_1_681' title='bbox 285 2442 341 2462; x_wconf 91' lang='lat' dir='ltr'><strong>non</strong></span> <span class='ocrx_word' id='word_1_682' title='bbox 352 2434 425 2461; x_wconf 88' lang='lat' dir='ltr'><strong>risus</strong></span> <span class='ocrx_word' id='word_1_683' title='bbox 436 2439 469 2458; x_wconf 83' lang='lat' dir='ltr'><strong>ac</strong></span> <span class='ocrx_word' id='word_1_684' title='bbox 482 2428 606 2457; x_wconf 76' lang='lat' dir='ltr'><strong>stultitiae</strong></span> <span class='ocrx_word' id='word_1_685' title='bbox 618 2427 699 2462; x_wconf 83' lang='lat' dir='ltr'><strong>plena</strong></span> <span class='ocrx_word' id='word_1_686' title='bbox 712 2433 773 2453; x_wconf 89' lang='lat' dir='ltr'><strong>esse</strong></span> <span class='ocrx_word' id='word_1_687' title='bbox 792 2423 910 2451; x_wconf 79' lang='lat' dir='ltr'><strong>allirmas</strong></span> <span class='ocrx_word' id='word_1_688' title='bbox 923 2423 934 2449; x_wconf 89' lang='lat'><strong>?</strong></span> 
     </span>
    </p>
   </div>
   <div class='ocr_carea' id='block_1_95' title="bbox 248 2477 565 2509">
    <p class='ocr_par' dir='ltr' id='par_1_95' title="bbox 248 2477 565 2509">
     <span class='ocr_line' id='line_1_95' title="bbox 248 2477 565 2509; baseline -0.025 -1"><span class='ocrx_word' id='word_1_689' title='bbox 248 2479 347 2509; x_wconf 82' lang='lat' dir='ltr'><strong>PALL.</strong></span> <span class='ocrx_word' id='word_1_690' title='bbox 361 2477 477 2506; x_wconf 80' lang='lat' dir='ltr'><strong>Maxime</strong></span> <span class='ocrx_word' id='word_1_691' title='bbox 489 2481 565 2502; x_wconf 89' lang='lat' dir='ltr'><strong>vero.</strong></span> 
     </span>
    </p>
   </div>
   <div class='ocr_carea' id='block_1_96' title="bbox 246 2512 1004 2556">
    <p class='ocr_par' dir='ltr' id='par_1_96' title="bbox 246 2512 1004 2556">
     <span class='ocr_line' id='line_1_96' title="bbox 246 2512 1004 2556; baseline -0.018 -3"><span class='ocrx_word' id='word_1_692' title='bbox 246 2525 326 2554; x_wconf 67' lang='grc' dir='ltr'><strong>(ΝΒ.</strong></span> <span class='ocrx_word' id='word_1_693' title='bbox 350 2522 403 2550; x_wconf 89' lang='lat' dir='ltr'><strong>Sed</strong></span> <span class='ocrx_word' id='word_1_694' title='bbox 429 2519 607 2556; x_wconf 89' lang='lat' dir='ltr'><strong>opinionibus</strong></span> <span class='ocrx_word' id='word_1_695' title='bbox 628 2516 697 2544; x_wconf 88' lang='lat' dir='ltr'><strong>adeo</strong></span> <span class='ocrx_word' id='word_1_696' title='bbox 718 2514 810 2543; x_wconf 89' lang='lat' dir='ltr'><strong>stultis</strong></span> <span class='ocrx_word' id='word_1_697' title='bbox 825 2513 894 2542; x_wconf 85' lang='lat' dir='ltr'><strong>velle</strong></span> <span class='ocrx_word' id='word_1_698' title='bbox 916 2512 1004 2548; x_wconf 79' lang='lat' dir='ltr'><strong>longis</strong></span> 
     </span>
    </p>
   </div>
   <div class='ocr_carea' id='block_1_97' title="bbox 214 2560 1003 2607">
    <p class='ocr_par' dir='ltr' id='par_1_97' title="bbox 214 2560 1003 2607">
     <span class='ocr_line' id='line_1_97' title="bbox 214 2560 1003 2607; baseline -0.019 -6"><span class='ocrx_word' id='word_1_699' title='bbox 214 2568 447 2607; x_wconf 75' lang='lat' dir='ltr'><strong>disputationibus</strong></span> <span class='ocrx_word' id='word_1_700' title='bbox 459 2572 622 2601; x_wconf 77' lang='lat' dir='ltr'><strong>repugnare,</strong></span> <span class='ocrx_word' id='word_1_701' title='bbox 636 2570 736 2590; x_wconf 84' lang='lat' dir='ltr'><strong>vanum</strong></span> <span class='ocrx_word' id='word_1_702' title='bbox 751 2566 804 2602; x_wconf 81' lang='lat' dir='ltr'><strong>est,</strong></span> <span class='ocrx_word' id='word_1_703' title='bbox 815 2568 875 2588; x_wconf 82' lang='lat' dir='ltr'><strong>mea</strong></span> <span class='ocrx_word' id='word_1_704' title='bbox 892 2560 1003 2595; x_wconf 86' lang='lat' dir='ltr'><strong>quidem</strong></span> 
     </span>
    </p>
   </div>
   <div class='ocr_carea' id='block_1_98' title="bbox 214 2606 1003 2648">
    <p class='ocr_par' dir='ltr' id='par_1_98' title="bbox 214 2606 1003 2648">
     <span class='ocr_line' id='line_1_98' title="bbox 214 2606 1003 2648; baseline -0.02 0"><span class='ocrx_word' id='word_1_705' title='bbox 214 2606 349 2648; x_wconf 74' lang='lat' dir='ltr'><strong>Sententia</strong></span> <span class='ocrx_word' id='word_1_706' title='bbox 362 2624 367 2641; x_wconf 93' lang='lat'>:</span> <span class='ocrx_word' id='word_1_707' title='bbox 375 2618 440 2643; x_wconf 82' lang='lat' dir='ltr'><strong>sunt</strong></span> <span class='ocrx_word' id='word_1_708' title='bbox 446 2613 519 2640; x_wconf 91' lang='lat' dir='ltr'><strong>enim</strong></span> <span class='ocrx_word' id='word_1_709' title='bbox 531 2619 579 2638; x_wconf 85' lang='lat' dir='ltr'><strong>sua</strong></span> <span class='ocrx_word' id='word_1_710' title='bbox 586 2613 693 2645; x_wconf 83' lang='lat' dir='ltr'><strong>sponte,</strong></span> <span class='ocrx_word' id='word_1_711' title='bbox 706 2608 789 2635; x_wconf 82' lang='lat' dir='ltr'><strong>etiam</strong></span> <span class='ocrx_word' id='word_1_712' title='bbox 800 2607 876 2634; x_wconf 91' lang='lat' dir='ltr'><strong>nullo</strong></span> <span class='ocrx_word' id='word_1_713' title='bbox 884 2606 1003 2637; x_wconf 82' lang='lat' dir='ltr'><strong>dicente,</strong></span> 
     </span>
    </p>
   </div>
   <div class='ocr_carea' id='block_1_99' title="bbox 215 2654 818 2700">
    <p class='ocr_par' dir='ltr' id='par_1_99' title="bbox 215 2654 818 2700">
     <span class='ocr_line' id='line_1_99' title="bbox 215 2654 818 2700; baseline -0.022 -7"><span class='ocrx_word' id='word_1_714' title='bbox 215 2670 318 2700; x_wconf 83' lang='lat' dir='ltr'><strong>turpes.</strong></span> <span class='ocrx_word' id='word_1_715' title='bbox 331 2663 480 2696; x_wconf 80' lang='lat' dir='ltr'><strong>Pergamus</strong></span> <span class='ocrx_word' id='word_1_716' title='bbox 491 2665 565 2685; x_wconf 92' lang='lat' dir='ltr'><strong>nunc</strong></span> <span class='ocrx_word' id='word_1_717' title='bbox 578 2656 612 2684; x_wconf 82' lang='lat' dir='ltr'><strong>ad</strong></span> <span class='ocrx_word' id='word_1_718' title='bbox 629 2655 697 2682; x_wconf 87' lang='lat' dir='ltr'><strong>illud</strong></span> <span class='ocrx_word' id='word_1_719' title='bbox 717 2654 818 2689; x_wconf 87' lang='lat' dir='ltr'><strong>potius.</strong></span> 
     </span>
    </p>
   </div>
   <div class='ocr_carea' id='block_1_100' title="bbox 249 2701 613 2740">
    <p class='ocr_par' dir='ltr' id='par_1_100' title="bbox 249 2701 613 2740">
     <span class='ocr_line' id='line_1_100' title="bbox 249 2701 613 2740; baseline -0.025 -3"><span class='ocrx_word' id='word_1_720' title='bbox 249 2708 347 2738; x_wconf 79' lang='lat' dir='ltr'><strong>PALL.</strong></span> <span class='ocrx_word' id='word_1_721' title='bbox 360 2705 514 2740; x_wconf 85' lang='lat' dir='ltr'><strong>Quodnam,</strong></span> <span class='ocrx_word' id='word_1_722' title='bbox 528 2701 613 2738; x_wconf 80' lang='lat' dir='ltr'><strong>rogo?</strong></span> 
     </span>
    </p>
   </div>
   <div class='ocr_carea' id='block_1_101' title="bbox 249 2744 1006 2784">
    <p class='ocr_par' dir='ltr' id='par_1_101' title="bbox 249 2744 1006 2784">
     <span class='ocr_line' id='line_1_101' title="bbox 249 2744 1006 2784; baseline -0.018 0"><span class='ocrx_word' id='word_1_723' title='bbox 249 2755 328 2784; x_wconf 62' lang='grc' dir='ltr'><strong>(ΝΒ.</strong></span> <span class='ocrx_word' id='word_1_724' title='bbox 345 2749 506 2782; x_wconf 78' lang='lat' dir='ltr'><strong>Abominari</strong></span> <span class='ocrx_word' id='word_1_725' title='bbox 527 2748 594 2775; x_wconf 87' lang='lat' dir='ltr'><strong>mihi</strong></span> <span class='ocrx_word' id='word_1_726' title='bbox 619 2747 734 2775; x_wconf 81' lang='lat' dir='ltr'><strong>Satanas</strong></span> <span class='ocrx_word' id='word_1_727' title='bbox 747 2745 857 2772; x_wconf 83' lang='lat' dir='ltr'><strong>videtur</strong></span> <span class='ocrx_word' id='word_1_728' title='bbox 878 2749 907 2772; x_wconf 90' lang='lat' dir='ltr'><strong>et</strong></span> <span class='ocrx_word' id='word_1_729' title='bbox 924 2744 1006 2779; x_wconf 88' lang='lat' dir='ltr'><strong>quin-</strong></span> 
     </span>
    </p>
   </div>
   <div class='ocr_carea' id='block_1_102' title="bbox 215 2790 1007 2832">
    <p class='ocr_par' dir='ltr' id='par_1_102' title="bbox 215 2790 1007 2832">
     <span class='ocr_line' id='line_1_102' title="bbox 215 2790 1007 2832; baseline -0.02 0"><span class='ocrx_word' id='word_1_730' title='bbox 215 2808 273 2832; x_wconf 87' lang='lat' dir='ltr'><strong>tum</strong></span> <span class='ocrx_word' id='word_1_731' title='bbox 288 2807 316 2830; x_wconf 86' lang='lat' dir='ltr'><strong>et</strong></span> <span class='ocrx_word' id='word_1_732' title='bbox 329 2805 457 2829; x_wconf 85' lang='lat' dir='ltr'><strong>octavum</strong></span> <span class='ocrx_word' id='word_1_733' title='bbox 479 2795 569 2827; x_wconf 76' lang='lat' dir='ltr'><strong>diem,</strong></span> <span class='ocrx_word' id='word_1_734' title='bbox 589 2798 617 2821; x_wconf 86' lang='lat' dir='ltr'><strong>et</strong></span> <span class='ocrx_word' id='word_1_735' title='bbox 639 2793 716 2820; x_wconf 87' lang='lat' dir='ltr'><strong>illum</strong></span> <span class='ocrx_word' id='word_1_736' title='bbox 736 2800 770 2819; x_wconf 77' lang='lat' dir='ltr'><strong>ex</strong></span> <span class='ocrx_word' id='word_1_737' title='bbox 791 2791 873 2826; x_wconf 84' lang='lat' dir='ltr'><strong>pleno</strong></span> <span class='ocrx_word' id='word_1_738' title='bbox 903 2790 1007 2818; x_wconf 90' lang='lat' dir='ltr'><strong>lumine</strong></span> 
     </span>
    </p>
   </div>
   <div class='ocr_carea' id='block_1_103' title="bbox 159 2841 1005 2880">
    <p class='ocr_par' dir='ltr' id='par_1_103' title="bbox 159 2841 1005 2880">
     <span class='ocr_line' id='line_1_103' title="bbox 159 2841 1005 2880; baseline -0.014 -1"><span class='ocrx_word' id='word_1_739' title='bbox 159 2853 169 2866; x_wconf 79' lang='lat'><em>‘</em></span> <span class='ocrx_word' id='word_1_740' title='bbox 215 2850 287 2878; x_wconf 69' lang='lat' dir='ltr'><strong>luam</strong></span> <span class='ocrx_word' id='word_1_741' title='bbox 304 2855 460 2880; x_wconf 88' lang='lat' dir='ltr'><strong>recessum,</strong></span> <span class='ocrx_word' id='word_1_742' title='bbox 482 2845 524 2873; x_wconf 84' lang='lat' dir='ltr'><strong>vel</strong></span> <span class='ocrx_word' id='word_1_743' title='bbox 543 2843 744 2880; x_wconf 72' lang='lat' dir='ltr'><strong>conjunctionis</strong></span> <span class='ocrx_word' id='word_1_744' title='bbox 765 2847 884 2877; x_wconf 86' lang='lat' dir='ltr'><strong>tempus,</strong></span> <span class='ocrx_word' id='word_1_745' title='bbox 905 2841 931 2869; x_wconf 87' lang='lat' dir='ltr'><strong>id</strong></span> <span class='ocrx_word' id='word_1_746' title='bbox 952 2845 1005 2873; x_wconf 83' lang='lat' dir='ltr'><strong>est,</strong></span> 
     </span>
    </p>
   </div>
   <div class='ocr_carea' id='block_1_104' title="bbox 252 2904 579 2948">
    <p class='ocr_par' dir='ltr' id='par_1_104' title="bbox 252 2904 579 2948">
     <span class='ocr_line' id='line_1_104' title="bbox 252 2904 579 2948; baseline -0.021 -10"><span class='ocrx_word' id='word_1_747' title='bbox 252 2910 291 2948; x_wconf 82' lang='grc' dir='ltr'><strong>(ι)</strong></span> <span class='ocrx_word' id='word_1_748' title='bbox 306 2909 373 2938; x_wconf 83' lang='lat' dir='ltr'><strong>Cod.</strong></span> <span class='ocrx_word' id='word_1_749' title='bbox 390 2906 491 2939; x_wconf 70' lang='lat' dir='ltr'><strong>Vatic,</strong></span> <span class='ocrx_word' id='word_1_750' title='bbox 509 2904 579 2933; x_wconf 69' lang='grc' dir='ltr'>ὁδοῦ,</span> 
     </span>
    </p>
   </div>
   <div class='ocr_carea' id='block_1_105' title="bbox 1060 2287 1850 2324">
    <p class='ocr_par' dir='ltr' id='par_1_105' title="bbox 1060 2287 1850 2324">
     <span class='ocr_line' id='line_1_105' title="bbox 1060 2287 1850 2324; baseline -0.008 -7"><span class='ocrx_word' id='word_1_751' title='bbox 1060 2299 1105 2317; x_wconf 84' lang='grc' dir='ltr'><strong>τια</strong></span> <span class='ocrx_word' id='word_1_752' title='bbox 1114 2311 1120 2322; x_wconf 90' lang='grc'><strong>,</strong></span> <span class='ocrx_word' id='word_1_753' title='bbox 1142 2288 1408 2324; x_wconf 78' lang='grc' dir='ltr'>συγκατισχνοῦσθαι</span> <span class='ocrx_word' id='word_1_754' title='bbox 1421 2287 1449 2315; x_wconf 72' lang='grc' dir='ltr'>δὲ</span> <span class='ocrx_word' id='word_1_755' title='bbox 1462 2288 1499 2324; x_wconf 82' lang='grc' dir='ltr'>τῷ</span> <span class='ocrx_word' id='word_1_756' title='bbox 1514 2287 1638 2323; x_wconf 82' lang='grc' dir='ltr'>στοιχείῳ</span> <span class='ocrx_word' id='word_1_757' title='bbox 1650 2287 1698 2314; x_wconf 77' lang='grc' dir='ltr'><strong>καὶ</strong></span> <span class='ocrx_word' id='word_1_758' title='bbox 1710 2287 1850 2322; x_wconf 77' lang='grc' dir='ltr'>συναρρω-</span> 
     </span>
    </p>
   </div>
   <div class='ocr_carea' id='block_1_106' title="bbox 1060 2329 1849 2369">
    <p class='ocr_par' dir='ltr' id='par_1_106' title="bbox 1060 2329 1849 2369">
     <span class='ocr_line' id='line_1_106' title="bbox 1060 2329 1849 2369; baseline -0.006 -7"><span class='ocrx_word' id='word_1_759' title='bbox 1060 2336 1133 2362; x_wconf 78' lang='grc' dir='ltr'>στεῖν</span> <span class='ocrx_word' id='word_1_760' title='bbox 1151 2335 1308 2369; x_wconf 79' lang='grc' dir='ltr'>ἀναγκαίως</span> <span class='ocrx_word' id='word_1_761' title='bbox 1320 2334 1355 2360; x_wconf 84' lang='grc' dir='ltr'>τὰ</span> <span class='ocrx_word' id='word_1_762' title='bbox 1368 2333 1450 2369; x_wconf 65' lang='grc' dir='ltr'>ἕτερα</span> <span class='ocrx_word' id='word_1_763' title='bbox 1465 2333 1519 2360; x_wconf 86' lang='grc' dir='ltr'>τῶν</span> <span class='ocrx_word' id='word_1_764' title='bbox 1535 2332 1718 2368; x_wconf 83' lang='grc' dir='ltr'>πραγμάτων,</span> <span class='ocrx_word' id='word_1_765' title='bbox 1731 2331 1783 2358; x_wconf 86' lang='grc' dir='ltr'><strong>οὑκ</strong></span> <span class='ocrx_word' id='word_1_766' title='bbox 1801 2329 1849 2357; x_wconf 76' lang='grc' dir='ltr'>οἷδ’</span> 
     </span>
    </p>
   </div>
   <div class='ocr_carea' id='block_1_107' title="bbox 1059 2377 1855 2415">
    <p class='ocr_par' dir='ltr' id='par_1_107' title="bbox 1059 2377 1855 2415">
     <span class='ocr_line' id='line_1_107' title="bbox 1059 2377 1855 2415; baseline -0.006 -6"><span class='ocrx_word' id='word_1_767' title='bbox 1059 2383 1133 2413; x_wconf 80' lang='grc' dir='ltr'>ὅπως</span> <span class='ocrx_word' id='word_1_768' title='bbox 1146 2380 1340 2415; x_wconf 78' lang='grc' dir='ltr'>ὑπειλήφασιν.</span> <span class='ocrx_word' id='word_1_769' title='bbox 1355 2380 1389 2406; x_wconf 83' lang='grc' dir='ltr'><em>’Ἡ</em></span> <span class='ocrx_word' id='word_1_770' title='bbox 1406 2379 1456 2406; x_wconf 78' lang='grc' dir='ltr'><strong>οὐκ</strong></span> <span class='ocrx_word' id='word_1_771' title='bbox 1475 2377 1545 2406; x_wconf 79' lang='grc' dir='ltr'>εἶναι</span> <span class='ocrx_word' id='word_1_772' title='bbox 1564 2379 1617 2414; x_wconf 82' lang='grc' dir='ltr'>φὴς</span> <span class='ocrx_word' id='word_1_773' title='bbox 1636 2377 1807 2413; x_wconf 82' lang='grc' dir='ltr'>γελοιότητός</span> <span class='ocrx_word' id='word_1_774' title='bbox 1823 2385 1855 2404; x_wconf 81' lang='grc' dir='ltr'><strong>τε</strong></span> 
     </span>
    </p>
   </div>
   <div class='ocr_carea' id='block_1_108' title="bbox 1016 2425 1509 2461">
    <p class='ocr_par' dir='ltr' id='par_1_108' title="bbox 1016 2425 1509 2461">
     <span class='ocr_line' id='line_1_108' title="bbox 1016 2425 1509 2461; baseline -0.006 -7"><span class='ocrx_word' id='word_1_775' title='bbox 1016 2444 1019 2446; x_wconf 92' lang='grc'><strong>-</strong></span> <span class='ocrx_word' id='word_1_776' title='bbox 1059 2429 1106 2454; x_wconf 72' lang='grc' dir='ltr'>καὶ</span> <span class='ocrx_word' id='word_1_777' title='bbox 1122 2426 1268 2458; x_wconf 80' lang='grc' dir='ltr'>ἀσυνεσίας</span> <span class='ocrx_word' id='word_1_778' title='bbox 1287 2425 1398 2461; x_wconf 79' lang='grc' dir='ltr'>έμπλεω</span> <span class='ocrx_word' id='word_1_779' title='bbox 1411 2425 1489 2452; x_wconf 87' lang='grc' dir='ltr'>ταυτί</span> <span class='ocrx_word' id='word_1_780' title='bbox 1502 2433 1509 2458; x_wconf 84' lang='lat'><strong>;</strong></span> 
     </span>
    </p>
   </div>
   <div class='ocr_carea' id='block_1_109' title="bbox 1094 2469 1428 2508">
    <p class='ocr_par' dir='ltr' id='par_1_109' title="bbox 1094 2469 1428 2508">
     <span class='ocr_line' id='line_1_109' title="bbox 1094 2469 1428 2508; baseline -0.006 -8"><span class='ocrx_word' id='word_1_781' title='bbox 1094 2474 1197 2500; x_wconf 82' lang='grc' dir='ltr'><strong>ΠΑΛΔ.</strong></span> <span class='ocrx_word' id='word_1_782' title='bbox 1217 2472 1291 2500; x_wconf 83' lang='grc' dir='ltr'>Πάνυ</span> <span class='ocrx_word' id='word_1_783' title='bbox 1306 2472 1355 2508; x_wconf 83' lang='grc' dir='ltr'>μὲν</span> <span class='ocrx_word' id='word_1_784' title='bbox 1372 2469 1428 2498; x_wconf 81' lang='grc' dir='ltr'>οὖν.</span> 
     </span>
    </p>
   </div>
   <div class='ocr_carea' id='block_1_110' title="bbox 1094 2516 1850 2554">
    <p class='ocr_par' dir='ltr' id='par_1_110' title="bbox 1094 2516 1850 2554">
     <span class='ocr_line' id='line_1_110' title="bbox 1094 2516 1850 2554; baseline -0.005 -8"><span class='ocrx_word' id='word_1_785' title='bbox 1094 2519 1176 2546; x_wconf 81' lang='grc' dir='ltr'><strong>ΚΥΡ.</strong></span> <span class='ocrx_word' id='word_1_786' title='bbox 1189 2519 1225 2546; x_wconf 84' lang='grc' dir='ltr'><strong>Τὸ</strong></span> <span class='ocrx_word' id='word_1_787' title='bbox 1242 2518 1291 2554; x_wconf 78' lang='grc' dir='ltr'>μὲν</span> <span class='ocrx_word' id='word_1_788' title='bbox 1306 2519 1362 2550; x_wconf 86' lang='grc' dir='ltr'>τοῖς</span> <span class='ocrx_word' id='word_1_789' title='bbox 1376 2518 1463 2549; x_wconf 80' lang='grc' dir='ltr'>οὕτως</span> <span class='ocrx_word' id='word_1_790' title='bbox 1475 2517 1621 2553; x_wconf 82' lang='grc' dir='ltr'>φληνάφως</span> <span class='ocrx_word' id='word_1_791' title='bbox 1631 2516 1850 2552; x_wconf 79' lang='grc' dir='ltr'>ὑπειλημμένοις</span> 
     </span>
    </p>
   </div>
   <div class='ocr_carea' id='block_1_111' title="bbox 1059 2560 1854 2602">
    <p class='ocr_par' dir='ltr' id='par_1_111' title="bbox 1059 2560 1854 2602">
     <span class='ocr_line' id='line_1_111' title="bbox 1059 2560 1854 2602; baseline -0.008 -8"><span class='ocrx_word' id='word_1_792' title='bbox 1059 2566 1182 2602; x_wconf 78' lang='grc' dir='ltr'>μακροὺς</span> <span class='ocrx_word' id='word_1_793' title='bbox 1191 2565 1350 2600; x_wconf 76' lang='grc' dir='ltr'>ἀντεξάγειν</span> <span class='ocrx_word' id='word_1_794' title='bbox 1363 2564 1469 2599; x_wconf 86' lang='grc' dir='ltr'>λόγους,</span> <span class='ocrx_word' id='word_1_795' title='bbox 1488 2564 1592 2591; x_wconf 74' lang='grc' dir='ltr'>εἰκαῖον</span> <span class='ocrx_word' id='word_1_796' title='bbox 1605 2560 1683 2599; x_wconf 69' lang='grc' dir='ltr'>οἶμαί</span> <span class='ocrx_word' id='word_1_797' title='bbox 1694 2571 1756 2589; x_wconf 69' lang='grc' dir='ltr'>που.</span> <span class='ocrx_word' id='word_1_798' title='bbox 1770 2563 1854 2588; x_wconf 78' lang='grc' dir='ltr'>Νοσεῖ</span> 
     </span>
    </p>
   </div>
   <div class='ocr_carea' id='block_1_112' title="bbox 1058 2608 1851 2648">
    <p class='ocr_par' dir='ltr' id='par_1_112' title="bbox 1058 2608 1851 2648">
     <span class='ocr_line' id='line_1_112' title="bbox 1058 2608 1851 2648; baseline -0.006 -9"><span class='ocrx_word' id='word_1_799' title='bbox 1058 2612 1112 2648; x_wconf 82' lang='grc' dir='ltr'><strong>γὰρ</strong></span> <span class='ocrx_word' id='word_1_800' title='bbox 1131 2612 1161 2645; x_wconf 69' lang='grc' dir='ltr'><strong>ἐξ</strong></span> <span class='ocrx_word' id='word_1_801' title='bbox 1184 2611 1299 2645; x_wconf 76' lang='grc' dir='ltr'>ἑαυτῶν,</span> <span class='ocrx_word' id='word_1_802' title='bbox 1325 2611 1375 2638; x_wconf 79' lang='grc' dir='ltr'>κᾶν</span> <span class='ocrx_word' id='word_1_803' title='bbox 1389 2610 1414 2637; x_wconf 83' lang='grc' dir='ltr'>εἰ</span> <span class='ocrx_word' id='word_1_804' title='bbox 1433 2611 1472 2647; x_wconf 84' lang='grc' dir='ltr'>μή</span> <span class='ocrx_word' id='word_1_805' title='bbox 1489 2618 1533 2642; x_wconf 87' lang='grc' dir='ltr'><strong>τις</strong></span> <span class='ocrx_word' id='word_1_806' title='bbox 1554 2609 1646 2644; x_wconf 80' lang='grc' dir='ltr'>λέγοι,</span> <span class='ocrx_word' id='word_1_807' title='bbox 1667 2609 1699 2636; x_wconf 68' lang='grc' dir='ltr'>τὸ</span> <span class='ocrx_word' id='word_1_808' title='bbox 1722 2608 1851 2640; x_wconf 72' lang='grc' dir='ltr'>ἀκαλλὲς.</span> 
     </span>
    </p>
   </div>
   <div class='ocr_carea' id='block_1_113' title="bbox 1061 2657 1552 2694">
    <p class='ocr_par' dir='ltr' id='par_1_113' title="bbox 1061 2657 1552 2694">
     <span class='ocr_line' id='line_1_113' title="bbox 1061 2657 1552 2694; baseline -0.006 -8"><span class='ocrx_word' id='word_1_809' title='bbox 1061 2659 1160 2694; x_wconf 80' lang='grc' dir='ltr'>Ἴωμεν</span> <span class='ocrx_word' id='word_1_810' title='bbox 1172 2659 1201 2685; x_wconf 77' lang='grc' dir='ltr'>δὲ</span> <span class='ocrx_word' id='word_1_811' title='bbox 1216 2658 1315 2694; x_wconf 81' lang='grc' dir='ltr'>μᾶλλον</span> <span class='ocrx_word' id='word_1_812' title='bbox 1329 2658 1372 2684; x_wconf 72' lang='grc' dir='ltr'><strong>ἐπ’</strong></span> <span class='ocrx_word' id='word_1_813' title='bbox 1385 2657 1474 2684; x_wconf 70' lang='grc' dir='ltr'>ἐκεῖνο</span> <span class='ocrx_word' id='word_1_814' title='bbox 1482 2657 1552 2683; x_wconf 83' lang='grc' dir='ltr'>νυνί.</span> 
     </span>
    </p>
   </div>
   <div class='ocr_carea' id='block_1_114' title="bbox 1096 2700 1363 2733">
    <p class='ocr_par' dir='ltr' id='par_1_114' title="bbox 1096 2700 1363 2733">
     <span class='ocr_line' id='line_1_114' title="bbox 1096 2700 1363 2733; baseline -0.004 -6"><span class='ocrx_word' id='word_1_815' title='bbox 1096 2701 1201 2728; x_wconf 82' lang='grc' dir='ltr'><strong>ΠΔΛΛ.</strong></span> <span class='ocrx_word' id='word_1_816' title='bbox 1218 2700 1255 2727; x_wconf 83' lang='grc' dir='ltr'><strong>Τὸ</strong></span> <span class='ocrx_word' id='word_1_817' title='bbox 1271 2701 1345 2727; x_wconf 85' lang='grc' dir='ltr'>ποῖον</span> <span class='ocrx_word' id='word_1_818' title='bbox 1355 2709 1363 2733; x_wconf 85' lang='grc'>;</span> 
     </span>
    </p>
   </div>
   <div class='ocr_carea' id='block_1_115' title="bbox 1095 2744 1854 2782">
    <p class='ocr_par' dir='ltr' id='par_1_115' title="bbox 1095 2744 1854 2782">
     <span class='ocr_line' id='line_1_115' title="bbox 1095 2744 1854 2782; baseline -0.007 -8"><span class='ocrx_word' id='word_1_819' title='bbox 1095 2747 1178 2775; x_wconf 78' lang='grc' dir='ltr'><strong>ΚΥΡ.</strong></span> <span class='ocrx_word' id='word_1_820' title='bbox 1197 2745 1462 2782; x_wconf 79' lang='grc' dir='ltr'>Καταμυσάττεσθαί</span> <span class='ocrx_word' id='word_1_821' title='bbox 1478 2755 1524 2781; x_wconf 85' lang='grc' dir='ltr'><strong>μοι</strong></span> <span class='ocrx_word' id='word_1_822' title='bbox 1534 2746 1608 2772; x_wconf 83' lang='grc' dir='ltr'>δοκεῖ</span> <span class='ocrx_word' id='word_1_823' title='bbox 1617 2745 1668 2780; x_wconf 82' lang='grc' dir='ltr'>τήν</span> <span class='ocrx_word' id='word_1_824' title='bbox 1679 2753 1709 2771; x_wconf 81' lang='grc' dir='ltr'><strong>τε</strong></span> <span class='ocrx_word' id='word_1_825' title='bbox 1722 2744 1854 2780; x_wconf 74' lang='grc' dir='ltr'>πέμπτην</span> 
     </span>
    </p>
   </div>
   <div class='ocr_carea' id='block_1_116' title="bbox 1061 2791 1854 2829">
    <p class='ocr_par' dir='ltr' id='par_1_116' title="bbox 1061 2791 1854 2829">
     <span class='ocr_line' id='line_1_116' title="bbox 1061 2791 1854 2829; baseline -0.006 -9"><span class='ocrx_word' id='word_1_826' title='bbox 1061 2793 1108 2820; x_wconf 78' lang='grc' dir='ltr'><strong>καὶ</strong></span> <span class='ocrx_word' id='word_1_827' title='bbox 1127 2793 1222 2828; x_wconf 81' lang='grc' dir='ltr'>ὀγδόην</span> <span class='ocrx_word' id='word_1_828' title='bbox 1239 2793 1346 2829; x_wconf 82' lang='grc' dir='ltr'>ἡμέραν</span> <span class='ocrx_word' id='word_1_829' title='bbox 1358 2793 1372 2819; x_wconf 81' lang='grc' dir='ltr'>ὁ</span> <span class='ocrx_word' id='word_1_830' title='bbox 1385 2793 1508 2824; x_wconf 79' lang='grc' dir='ltr'>Σατανᾶς</span> <span class='ocrx_word' id='word_1_831' title='bbox 1518 2811 1525 2824; x_wconf 86' lang='lat'><strong>,</strong></span> <span class='ocrx_word' id='word_1_832' title='bbox 1534 2792 1586 2819; x_wconf 75' lang='grc' dir='ltr'><strong>’καὶ</strong></span> <span class='ocrx_word' id='word_1_833' title='bbox 1598 2791 1647 2826; x_wconf 87' lang='grc' dir='ltr'>τὴν</span> <span class='ocrx_word' id='word_1_834' title='bbox 1666 2791 1717 2826; x_wconf 85' lang='grc' dir='ltr'>τῆς</span> <span class='ocrx_word' id='word_1_835' title='bbox 1737 2791 1854 2825; x_wconf 72' lang='grc' dir='ltr'>σελήνης</span> 
     </span>
    </p>
   </div>
   <div class='ocr_carea' id='block_1_117' title="bbox 1061 2835 1855 2875">
    <p class='ocr_par' dir='ltr' id='par_1_117' title="bbox 1061 2835 1855 2875">
     <span class='ocr_line' id='line_1_117' title="bbox 1061 2835 1855 2875; baseline -0.006 -8"><span class='ocrx_word' id='word_1_836' title='bbox 1061 2840 1093 2867; x_wconf 73' lang='grc' dir='ltr'><strong>ὲκ</strong></span> <span class='ocrx_word' id='word_1_837' title='bbox 1106 2837 1278 2875; x_wconf 79' lang='grc' dir='ltr'>πλησιφαοῦς</span> <span class='ocrx_word' id='word_1_838' title='bbox 1292 2837 1389 2865; x_wconf 85' lang='grc' dir='ltr'>άνόπιν</span> <span class='ocrx_word' id='word_1_839' title='bbox 1401 2838 1470 2872; x_wconf 73' lang='grc' dir='ltr'>ὁδὸν,</span> <span class='ocrx_word' id='word_1_840' title='bbox 1485 2837 1544 2873; x_wconf 69' lang='grc' dir='ltr'>ἦτοι</span> <span class='ocrx_word' id='word_1_841' title='bbox 1561 2837 1611 2872; x_wconf 81' lang='grc' dir='ltr'>τῆς</span> <span class='ocrx_word' id='word_1_842' title='bbox 1626 2836 1737 2864; x_wconf 80' lang='grc' dir='ltr'>συνόδου</span> <span class='ocrx_word' id='word_1_843' title='bbox 1753 2836 1793 2872; x_wconf 73' lang='lat'><strong>(1)</strong></span> <span class='ocrx_word' id='word_1_844' title='bbox 1809 2835 1855 2863; x_wconf 71' lang='grc' dir='ltr'><strong>τὸν</strong></span> 
     </span>
    </p>
   </div>
  </div>
