  <div class='ocr_page' id='page_1' title='image "/cluster/home/n/w/nwhite01/storage/ocr_20150623/68/njp.32101077772711/294.png"; bbox 0 0 1939 3041; ppageno 0'>
   <div class='ocr_carea' id='block_1_1' title="bbox 116 133 168 163">
    <p class='ocr_par' dir='ltr' id='par_1_1' title="bbox 116 133 168 163">
     <span class='ocr_line' id='line_1_1' title="bbox 116 133 168 163; baseline 0 -1"><span class='ocrx_word' id='word_1_1' title='bbox 116 133 168 163; x_wconf 75' lang='grc'><strong>465</strong></span> 
     </span>
    </p>
   </div>
   <div class='ocr_carea' id='block_1_2' title="bbox 473 135 1377 172">
    <p class='ocr_par' dir='ltr' id='par_1_2' title="bbox 473 135 1377 172">
     <span class='ocr_line' id='line_1_2' title="bbox 473 135 1377 172; baseline 0.007 -8"><span class='ocrx_word' id='word_1_2' title='bbox 473 135 517 165; x_wconf 86' lang='lat' dir='ltr'><strong>DE</strong></span> <span class='ocrx_word' id='word_1_3' title='bbox 537 138 756 169; x_wconf 68' lang='lat' dir='ltr'><strong>ADORATIONE</strong></span> <span class='ocrx_word' id='word_1_4' title='bbox 776 142 808 169; x_wconf 83' lang='lat' dir='ltr'><strong>1N</strong></span> <span class='ocrx_word' id='word_1_5' title='bbox 828 142 962 172; x_wconf 81' lang='lat' dir='ltr'><strong>SPIRITU</strong></span> <span class='ocrx_word' id='word_1_6' title='bbox 983 144 1027 171; x_wconf 82' lang='lat' dir='ltr'><strong>ET</strong></span> <span class='ocrx_word' id='word_1_7' title='bbox 1049 144 1232 172; x_wconf 65' lang='lat' dir='ltr'><strong>\&quot;ERITATE.</strong></span> <span class='ocrx_word' id='word_1_8' title='bbox 1249 143 1312 171; x_wconf 77' lang='lat' dir='ltr'><strong>LIB.</strong></span> <span class='ocrx_word' id='word_1_9' title='bbox 1334 143 1377 170; x_wconf 74' lang='grc' dir='ltr'><strong>Ἦ.</strong></span> 
     </span>
    </p>
   </div>
   <div class='ocr_carea' id='block_1_3' title="bbox 1666 142 1738 171">
    <p class='ocr_par' dir='ltr' id='par_1_3' title="bbox 1666 142 1738 171">
     <span class='ocr_line' id='line_1_3' title="bbox 1666 142 1738 171; baseline 0.028 -2"><span class='ocrx_word' id='word_1_10' title='bbox 1666 153 1670 159; x_wconf 59' lang='grc' dir='ltr'><em>ι</em></span> <span class='ocrx_word' id='word_1_11' title='bbox 1687 142 1738 171; x_wconf 64' lang='lat'><strong>466</strong></span> 
     </span>
    </p>
   </div>
   <div class='ocr_carea' id='block_1_4' title="bbox 116 192 906 238">
    <p class='ocr_par' dir='ltr' id='par_1_4' title="bbox 116 192 904 236">
     <span class='ocr_line' id='line_1_4' title="bbox 116 192 904 236; baseline 0.014 -18"><span class='ocrx_word' id='word_1_12' title='bbox 116 192 223 228; x_wconf 74' lang='grc' dir='ltr'>καιρὸν,</span> <span class='ocrx_word' id='word_1_13' title='bbox 239 193 373 226; x_wconf 75' lang='grc' dir='ltr'><strong>τουτέστι,</strong></span> <span class='ocrx_word' id='word_1_14' title='bbox 389 194 438 230; x_wconf 84' lang='grc' dir='ltr'><strong>τὴν</strong></span> <span class='ocrx_word' id='word_1_15' title='bbox 449 199 759 236; x_wconf 80' lang='grc' dir='ltr'><strong>τεσσαρεσκαιδεκάτην,</strong></span> <span class='ocrx_word' id='word_1_16' title='bbox 772 201 804 228; x_wconf 85' lang='grc' dir='ltr'>δι’</span> <span class='ocrx_word' id='word_1_17' title='bbox 814 201 904 229; x_wconf 77' lang='grc' dir='ltr'>αἰτίαν</span> 
     </span>
    </p>
   </div>
   <div class='ocr_carea' id='block_1_5' title="bbox 962 192 1739 238">
    <p class='ocr_par' dir='ltr' id='par_1_5' title="bbox 962 202 1739 238">
     <span class='ocr_line' id='line_1_5' title="bbox 962 202 1739 238; baseline -0.001 -8"><span class='ocrx_word' id='word_1_18' title='bbox 962 202 1095 230; x_wconf 80' lang='lat' dir='ltr'><strong>decimum</strong></span> <span class='ocrx_word' id='word_1_19' title='bbox 1105 207 1233 238; x_wconf 85' lang='lat' dir='ltr'><strong>quartum</strong></span> <span class='ocrx_word' id='word_1_20' title='bbox 1242 202 1326 235; x_wconf 84' lang='lat' dir='ltr'><strong>diem.</strong></span> <span class='ocrx_word' id='word_1_21' title='bbox 1339 202 1375 229; x_wconf 82' lang='lat' dir='ltr'><strong>ob</strong></span> <span class='ocrx_word' id='word_1_22' title='bbox 1388 209 1449 230; x_wconf 79' lang='lat' dir='ltr'><strong>eam</strong></span> <span class='ocrx_word' id='word_1_23' title='bbox 1467 210 1577 230; x_wconf 77' lang='lat' dir='ltr'><strong>causam</strong></span> <span class='ocrx_word' id='word_1_24' title='bbox 1595 211 1601 229; x_wconf 78' lang='lat'><strong>.&#39;</strong></span> <span class='ocrx_word' id='word_1_25' title='bbox 1614 202 1739 237; x_wconf 74' lang='lat' dir='ltr'><strong>quamvis</strong></span> 
     </span>
    </p>
   </div>
   <div class='ocr_carea' id='block_1_6' title="bbox 114 237 903 281">
    <p class='ocr_par' dir='ltr' id='par_1_6' title="bbox 114 237 903 281">
     <span class='ocr_line' id='line_1_6' title="bbox 114 237 903 281; baseline 0.015 -18"><span class='ocrx_word' id='word_1_26' title='bbox 114 237 255 273; x_wconf 79' lang='grc' dir='ltr'><strong>τοιαύτην,</strong></span> <span class='ocrx_word' id='word_1_27' title='bbox 270 239 321 266; x_wconf 79' lang='grc' dir='ltr'>κᾶν</span> <span class='ocrx_word' id='word_1_28' title='bbox 336 240 360 266; x_wconf 85' lang='grc' dir='ltr'>εί</span> <span class='ocrx_word' id='word_1_29' title='bbox 375 242 559 276; x_wconf 84' lang='grc' dir='ltr'>παμποίκιλος</span> <span class='ocrx_word' id='word_1_30' title='bbox 572 244 609 272; x_wconf 86' lang='grc' dir='ltr'><strong>ὢν</strong></span> <span class='ocrx_word' id='word_1_31' title='bbox 629 245 675 272; x_wconf 76' lang='grc' dir='ltr'><strong>καὶ</strong></span> <span class='ocrx_word' id='word_1_32' title='bbox 689 246 787 281; x_wconf 82' lang='grc' dir='ltr'>δριμὺς</span> <span class='ocrx_word' id='word_1_33' title='bbox 800 248 841 279; x_wconf 83' lang='grc' dir='ltr'><strong>είς</strong></span> <span class='ocrx_word' id='word_1_34' title='bbox 855 257 903 275; x_wconf 80' lang='grc' dir='ltr'><strong>κα-</strong></span> 
     </span>
    </p>
   </div>
   <div class='ocr_carea' id='block_1_7' title="bbox 116 284 902 337">
    <p class='ocr_par' dir='ltr' id='par_1_7' title="bbox 116 284 902 337">
     <span class='ocr_line' id='line_1_7' title="bbox 116 284 902 337; baseline 0.015 -29"><span class='ocrx_word' id='word_1_35' title='bbox 116 284 264 337; x_wconf 54' lang='grc' dir='ltr'>κορργίαν,</span> <span class='ocrx_word' id='word_1_36' title='bbox 285 285 382 321; x_wconf 75' lang='grc' dir='ltr'>ἐτέρας</span> <span class='ocrx_word' id='word_1_37' title='bbox 402 288 494 320; x_wconf 79' lang='grc' dir='ltr'>αὐτοῖς</span> <span class='ocrx_word' id='word_1_38' title='bbox 516 290 659 317; x_wconf 83' lang='grc' dir='ltr'>ἐπιπλέκει</span> <span class='ocrx_word' id='word_1_39' title='bbox 684 291 734 323; x_wconf 81' lang='grc' dir='ltr'><strong>τὰς</strong></span> <span class='ocrx_word' id='word_1_40' title='bbox 756 292 902 328; x_wconf 69' lang='grc' dir='ltr'>ἅφορμάςυ</span> 
     </span>
    </p>
   </div>
   <div class='ocr_carea' id='block_1_8' title="bbox 114 330 904 372">
    <p class='ocr_par' dir='ltr' id='par_1_8' title="bbox 114 330 904 372">
     <span class='ocr_line' id='line_1_8' title="bbox 114 330 904 372; baseline 0.015 -18"><span class='ocrx_word' id='word_1_41' title='bbox 114 330 180 361; x_wconf 70' lang='grc' dir='ltr'>τοὺς</span> <span class='ocrx_word' id='word_1_42' title='bbox 198 330 253 364; x_wconf 81' lang='grc' dir='ltr'><strong>γάρ</strong></span> <span class='ocrx_word' id='word_1_43' title='bbox 268 339 309 357; x_wconf 88' lang='grc' dir='ltr'><strong>τοι</strong></span> <span class='ocrx_word' id='word_1_44' title='bbox 325 333 438 367; x_wconf 85' lang='grc' dir='ltr'>καιροὺς</span> <span class='ocrx_word' id='word_1_45' title='bbox 455 334 513 369; x_wconf 76' lang='grc' dir='ltr'>ἤτοι</span> <span class='ocrx_word' id='word_1_46' title='bbox 527 335 575 367; x_wconf 80' lang='grc' dir='ltr'>τὰς</span> <span class='ocrx_word' id='word_1_47' title='bbox 592 336 709 372; x_wconf 82' lang='grc' dir='ltr'>ἡμέρας,</span> <span class='ocrx_word' id='word_1_48' title='bbox 722 338 751 364; x_wconf 85' lang='grc' dir='ltr'>ἐν</span> <span class='ocrx_word' id='word_1_49' title='bbox 767 335 810 370; x_wconf 76' lang='grc' dir='ltr'>αἷς</span> <span class='ocrx_word' id='word_1_50' title='bbox 823 339 904 366; x_wconf 80' lang='grc' dir='ltr'>αὐτὸν</span> 
     </span>
    </p>
   </div>
   <div class='ocr_carea' id='block_1_9' title="bbox 114 374 902 420">
    <p class='ocr_par' dir='ltr' id='par_1_9' title="bbox 114 374 902 420">
     <span class='ocr_line' id='line_1_9' title="bbox 114 374 902 420; baseline 0.016 -21"><span class='ocrx_word' id='word_1_51' title='bbox 114 374 166 409; x_wconf 81' lang='grc' dir='ltr'>τῆς</span> <span class='ocrx_word' id='word_1_52' title='bbox 191 375 253 401; x_wconf 84' lang='grc' dir='ltr'>καθ’</span> <span class='ocrx_word' id='word_1_53' title='bbox 269 377 348 412; x_wconf 72' lang='grc' dir='ltr'>ἡμῶν</span> <span class='ocrx_word' id='word_1_54' title='bbox 367 379 521 414; x_wconf 79' lang='grc' dir='ltr'><strong>τυραννίδος</strong></span> <span class='ocrx_word' id='word_1_55' title='bbox 538 381 699 409; x_wconf 83' lang='grc' dir='ltr'>ἀπολισθείν</span> <span class='ocrx_word' id='word_1_56' title='bbox 719 384 902 420; x_wconf 84' lang='grc' dir='ltr'>συμϐέϐηκεν,</span> 
     </span>
    </p>
   </div>
   <div class='ocr_carea' id='block_1_10' title="bbox 114 420 905 466">
    <p class='ocr_par' dir='ltr' id='par_1_10' title="bbox 114 420 905 466">
     <span class='ocr_line' id='line_1_10' title="bbox 114 420 905 466; baseline 0.015 -21"><span class='ocrx_word' id='word_1_57' title='bbox 114 420 322 456; x_wconf 67' lang='grc' dir='ltr'>ἐπιλάμψαντος</span> <span class='ocrx_word' id='word_1_58' title='bbox 345 424 411 459; x_wconf 79' lang='grc' dir='ltr'>ἡμῖν</span> <span class='ocrx_word' id='word_1_59' title='bbox 432 424 478 451; x_wconf 80' lang='grc' dir='ltr'>τοῦ</span> <span class='ocrx_word' id='word_1_60' title='bbox 506 426 676 460; x_wconf 82' lang='grc' dir='ltr'>Μονογενοῦς</span> <span class='ocrx_word' id='word_1_61' title='bbox 701 429 730 456; x_wconf 83' lang='grc' dir='ltr'><strong>ἐν</strong></span> <span class='ocrx_word' id='word_1_62' title='bbox 747 428 905 466; x_wconf 72' lang='grc' dir='ltr'>ἀνθρωπεία</span> 
     </span>
    </p>
   </div>
   <div class='ocr_carea' id='block_1_11' title="bbox 116 467 904 509">
    <p class='ocr_par' dir='ltr' id='par_1_11' title="bbox 116 467 904 509">
     <span class='ocr_line' id='line_1_11' title="bbox 116 467 904 509; baseline 0.014 -17"><span class='ocrx_word' id='word_1_63' title='bbox 116 467 207 502; x_wconf 78' lang='grc' dir='ltr'>μορφῇ</span> <span class='ocrx_word' id='word_1_64' title='bbox 223 468 271 494; x_wconf 72' lang='grc' dir='ltr'>καὶ</span> <span class='ocrx_word' id='word_1_65' title='bbox 290 469 319 495; x_wconf 82' lang='grc' dir='ltr'>ὲν</span> <span class='ocrx_word' id='word_1_66' title='bbox 340 469 406 496; x_wconf 78' lang='grc' dir='ltr'>εἴδει</span> <span class='ocrx_word' id='word_1_67' title='bbox 420 470 459 505; x_wconf 79' lang='grc' dir='ltr'><strong>τῷ</strong></span> <span class='ocrx_word' id='word_1_68' title='bbox 480 471 541 498; x_wconf 75' lang='grc' dir='ltr'>καθ’</span> <span class='ocrx_word' id='word_1_69' title='bbox 555 472 645 507; x_wconf 74' lang='grc' dir='ltr'>ἡμᾶς.</span> <span class='ocrx_word' id='word_1_70' title='bbox 660 474 731 509; x_wconf 81' lang='grc' dir='ltr'>τάχα</span> <span class='ocrx_word' id='word_1_71' title='bbox 743 484 794 502; x_wconf 83' lang='grc' dir='ltr'><strong>που</strong></span> <span class='ocrx_word' id='word_1_72' title='bbox 814 475 860 502; x_wconf 78' lang='grc' dir='ltr'><strong>καὶ</strong></span> <span class='ocrx_word' id='word_1_73' title='bbox 875 477 904 503; x_wconf 75' lang='grc' dir='ltr'><strong>ὲν</strong></span> 
     </span>
    </p>
   </div>
   <div class='ocr_carea' id='block_1_12' title="bbox 113 511 649 553">
    <p class='ocr_par' dir='ltr' id='par_1_12' title="bbox 113 511 649 553">
     <span class='ocr_line' id='line_1_12' title="bbox 113 511 649 553; baseline 0.017 -16"><span class='ocrx_word' id='word_1_74' title='bbox 113 511 208 545; x_wconf 70' lang='grc' dir='ltr'>ψιλαῖς</span> <span class='ocrx_word' id='word_1_75' title='bbox 223 513 339 547; x_wconf 76' lang='grc' dir='ltr'><strong>ἐννοίαις</strong></span> <span class='ocrx_word' id='word_1_76' title='bbox 355 515 425 542; x_wconf 79' lang='grc' dir='ltr'>ἑλεῖν</span> <span class='ocrx_word' id='word_1_77' title='bbox 443 516 492 543; x_wconf 76' lang='grc' dir='ltr'><strong>οὐκ</strong></span> <span class='ocrx_word' id='word_1_78' title='bbox 512 517 649 553; x_wconf 81' lang='grc' dir='ltr'>ἀνέχεται.</span> 
     </span>
    </p>
   </div>
   <div class='ocr_carea' id='block_1_13' title="bbox 153 559 459 598">
    <p class='ocr_par' dir='ltr' id='par_1_13' title="bbox 153 559 459 598">
     <span class='ocr_line' id='line_1_13' title="bbox 153 559 459 598; baseline 0.036 -13"><span class='ocrx_word' id='word_1_79' title='bbox 153 559 257 587; x_wconf 78' lang='grc' dir='ltr'><strong>ΠΑΛΛ.</strong></span> <span class='ocrx_word' id='word_1_80' title='bbox 275 561 336 593; x_wconf 83' lang='grc' dir='ltr'>Πῶς</span> <span class='ocrx_word' id='word_1_81' title='bbox 347 561 378 597; x_wconf 82' lang='grc' dir='ltr'>δὴ</span> <span class='ocrx_word' id='word_1_82' title='bbox 390 563 459 598; x_wconf 76' lang='grc' dir='ltr'><strong>φήςς</strong></span> 
     </span>
    </p>
   </div>
   <div class='ocr_carea' id='block_1_14' title="bbox 152 605 903 649">
    <p class='ocr_par' dir='ltr' id='par_1_14' title="bbox 152 605 903 649">
     <span class='ocr_line' id='line_1_14' title="bbox 152 605 903 649; baseline 0.012 -18"><span class='ocrx_word' id='word_1_83' title='bbox 152 605 233 632; x_wconf 80' lang='grc' dir='ltr'><strong>ΚΥΡ.</strong></span> <span class='ocrx_word' id='word_1_84' title='bbox 251 607 288 633; x_wconf 77' lang='grc' dir='ltr'><strong>Οὐ</strong></span> <span class='ocrx_word' id='word_1_85' title='bbox 299 607 364 643; x_wconf 82' lang='grc' dir='ltr'>γὰρ,</span> <span class='ocrx_word' id='word_1_86' title='bbox 379 605 401 635; x_wconf 80' lang='grc' dir='ltr'>ὧ</span> <span class='ocrx_word' id='word_1_87' title='bbox 413 609 555 644; x_wconf 86' lang='grc' dir='ltr'>Παλλάδιε,</span> <span class='ocrx_word' id='word_1_88' title='bbox 570 611 694 648; x_wconf 81' lang='grc' dir='ltr'>πέμπτος</span> <span class='ocrx_word' id='word_1_89' title='bbox 719 613 785 648; x_wconf 84' lang='grc' dir='ltr'>ἡμῖν</span> <span class='ocrx_word' id='word_1_90' title='bbox 801 613 903 649; x_wconf 82' lang='grc' dir='ltr'>ἀπαρι-</span> 
     </span>
    </p>
   </div>
   <div class='ocr_carea' id='block_1_15' title="bbox 113 650 903 695">
    <p class='ocr_par' dir='ltr' id='par_1_15' title="bbox 113 650 903 695">
     <span class='ocr_line' id='line_1_15' title="bbox 113 650 903 695; baseline 0.013 -19"><span class='ocrx_word' id='word_1_91' title='bbox 113 650 226 686; x_wconf 73' lang='grc' dir='ltr'>θμεῖται</span> <span class='ocrx_word' id='word_1_92' title='bbox 238 653 343 687; x_wconf 76' lang='grc' dir='ltr'>καιρὸς,</span> <span class='ocrx_word' id='word_1_93' title='bbox 356 655 370 680; x_wconf 84' lang='grc' dir='ltr'><strong>ὸ</strong></span> <span class='ocrx_word' id='word_1_94' title='bbox 381 654 430 690; x_wconf 82' lang='grc' dir='ltr'>τῆς</span> <span class='ocrx_word' id='word_1_95' title='bbox 443 655 490 682; x_wconf 83' lang='grc' dir='ltr'>τοῦ</span> <span class='ocrx_word' id='word_1_96' title='bbox 506 657 633 694; x_wconf 83' lang='grc' dir='ltr'><strong>Σωτῆρος</strong></span> <span class='ocrx_word' id='word_1_97' title='bbox 650 658 728 694; x_wconf 82' lang='grc' dir='ltr'><strong>ἡμῶν</strong></span> <span class='ocrx_word' id='word_1_98' title='bbox 741 659 903 695; x_wconf 79' lang='grc' dir='ltr'>ὲπιδημίαςς</span> 
     </span>
    </p>
   </div>
   <div class='ocr_carea' id='block_1_16' title="bbox 152 693 905 740">
    <p class='ocr_par' dir='ltr' id='par_1_16' title="bbox 152 693 905 740">
     <span class='ocr_line' id='line_1_16' title="bbox 152 693 905 740; baseline 0.012 -17"><span class='ocrx_word' id='word_1_99' title='bbox 152 697 257 725; x_wconf 80' lang='grc' dir='ltr'>ΠΑΛΛ.</span> <span class='ocrx_word' id='word_1_100' title='bbox 280 699 394 735; x_wconf 78' lang='grc' dir='ltr'><strong>Συνίημι</strong></span> <span class='ocrx_word' id='word_1_101' title='bbox 416 700 429 727; x_wconf 87' lang='grc' dir='ltr'>δ</span> <span class='ocrx_word' id='word_1_102' title='bbox 453 702 522 738; x_wconf 73' lang='grc' dir='ltr'>φὴς,</span> <span class='ocrx_word' id='word_1_103' title='bbox 543 703 596 730; x_wconf 83' lang='grc' dir='ltr'><strong>ἀπό</strong></span> <span class='ocrx_word' id='word_1_104' title='bbox 609 712 641 738; x_wconf 82' lang='grc' dir='ltr'>γε</span> <span class='ocrx_word' id='word_1_105' title='bbox 661 693 714 739; x_wconf 72' lang='grc' dir='ltr'>τῆς</span> <span class='ocrx_word' id='word_1_106' title='bbox 726 693 905 740; x_wconf 50' lang='grc' dir='ltr'>εὐαγγελικῆς</span> 
     </span>
    </p>
   </div>
   <div class='ocr_carea' id='block_1_17' title="bbox 115 743 906 786">
    <p class='ocr_par' dir='ltr' id='par_1_17' title="bbox 115 743 906 786">
     <span class='ocr_line' id='line_1_17' title="bbox 115 743 906 786; baseline 0.013 -18"><span class='ocrx_word' id='word_1_107' title='bbox 115 743 286 779; x_wconf 80' lang='grc' dir='ltr'>παραϐολῆς.</span> <span class='ocrx_word' id='word_1_108' title='bbox 319 745 524 782; x_wconf 83' lang='grc' dir='ltr'>Ἐξεληλυθέναι</span> <span class='ocrx_word' id='word_1_109' title='bbox 546 749 601 785; x_wconf 81' lang='grc' dir='ltr'><strong>γὰρ</strong></span> <span class='ocrx_word' id='word_1_110' title='bbox 624 749 677 785; x_wconf 74' lang='grc' dir='ltr'><strong>ἔφη</strong></span> <span class='ocrx_word' id='word_1_111' title='bbox 700 750 833 786; x_wconf 81' lang='grc' dir='ltr'>Χριστὸς,</span> <span class='ocrx_word' id='word_1_112' title='bbox 859 751 906 778; x_wconf 81' lang='grc' dir='ltr'>τὸν</span> 
     </span>
    </p>
   </div>
   <div class='ocr_carea' id='block_1_18' title="bbox 113 788 906 832">
    <p class='ocr_par' dir='ltr' id='par_1_18' title="bbox 113 788 906 832">
     <span class='ocr_line' id='line_1_18' title="bbox 113 788 906 832; baseline 0.014 -19"><span class='ocrx_word' id='word_1_113' title='bbox 113 789 173 819; x_wconf 78' lang='grc' dir='ltr'>τοῖς</span> <span class='ocrx_word' id='word_1_114' title='bbox 189 788 319 824; x_wconf 78' lang='grc' dir='ltr'><strong>ἐργάταις</strong></span> <span class='ocrx_word' id='word_1_115' title='bbox 335 791 375 822; x_wconf 80' lang='grc' dir='ltr'><strong>εἰς</strong></span> <span class='ocrx_word' id='word_1_116' title='bbox 391 792 435 818; x_wconf 82' lang='grc' dir='ltr'><strong>τὸν</strong></span> <span class='ocrx_word' id='word_1_117' title='bbox 451 793 600 828; x_wconf 81' lang='grc' dir='ltr'><strong>ἀμπελῶνα</strong></span> <span class='ocrx_word' id='word_1_118' title='bbox 624 795 814 832; x_wconf 75' lang='grc' dir='ltr'>μισθούμενον,</span> <span class='ocrx_word' id='word_1_119' title='bbox 841 797 906 832; x_wconf 73' lang='grc' dir='ltr'>περὶ</span> 
     </span>
    </p>
   </div>
   <div class='ocr_carea' id='block_1_19' title="bbox 115 829 906 878">
    <p class='ocr_par' dir='ltr' id='par_1_19' title="bbox 115 829 906 878">
     <span class='ocr_line' id='line_1_19' title="bbox 115 829 906 878; baseline 0.015 -20"><span class='ocrx_word' id='word_1_120' title='bbox 115 832 194 867; x_wconf 72' lang='grc' dir='ltr'>ὤραν</span> <span class='ocrx_word' id='word_1_121' title='bbox 205 834 327 872; x_wconf 87' lang='grc' dir='ltr'>πρώτην,</span> <span class='ocrx_word' id='word_1_122' title='bbox 344 837 440 873; x_wconf 85' lang='grc' dir='ltr'>τρίτην</span> <span class='ocrx_word' id='word_1_123' title='bbox 458 847 488 865; x_wconf 85' lang='grc' dir='ltr'><strong>τε</strong></span> <span class='ocrx_word' id='word_1_124' title='bbox 504 840 551 867; x_wconf 76' lang='grc' dir='ltr'>καὶ</span> <span class='ocrx_word' id='word_1_125' title='bbox 564 829 656 876; x_wconf 78' lang='grc' dir='ltr'>ἕκτην,</span> <span class='ocrx_word' id='word_1_126' title='bbox 674 829 845 878; x_wconf 23' lang='grc' dir='ltr'>καὶτέννάτην</span> <span class='ocrx_word' id='word_1_127' title='bbox 858 829 906 869; x_wconf 69' lang='grc' dir='ltr'>καὶ</span> 
     </span>
    </p>
   </div>
   <div class='ocr_carea' id='block_1_20' title="bbox 955 246 1740 281">
    <p class='ocr_par' dir='ltr' id='par_1_20' title="bbox 955 246 1740 281">
     <span class='ocr_line' id='line_1_20' title="bbox 955 246 1740 281; baseline -0.003 -5"><span class='ocrx_word' id='word_1_128' title='bbox 955 252 986 276; x_wconf 84' lang='grc' dir='ltr'><strong>ιιι</strong></span> <span class='ocrx_word' id='word_1_129' title='bbox 998 252 1040 276; x_wconf 88' lang='lat' dir='ltr'><strong>est</strong></span> <span class='ocrx_word' id='word_1_130' title='bbox 1050 249 1143 276; x_wconf 88' lang='lat' dir='ltr'><strong>varius</strong></span> <span class='ocrx_word' id='word_1_131' title='bbox 1154 252 1183 276; x_wconf 89' lang='lat' dir='ltr'><strong>et</strong></span> <span class='ocrx_word' id='word_1_132' title='bbox 1194 256 1258 276; x_wconf 87' lang='lat' dir='ltr'><strong>acer</strong></span> <span class='ocrx_word' id='word_1_133' title='bbox 1271 248 1306 275; x_wconf 89' lang='lat' dir='ltr'><strong>ad</strong></span> <span class='ocrx_word' id='word_1_134' title='bbox 1326 248 1472 281; x_wconf 85' lang='lat' dir='ltr'><strong>astutiam,</strong></span> <span class='ocrx_word' id='word_1_135' title='bbox 1488 246 1556 275; x_wconf 86' lang='lat' dir='ltr'><strong>alias</strong></span> <span class='ocrx_word' id='word_1_136' title='bbox 1574 247 1627 276; x_wconf 85' lang='lat' dir='ltr'>illis</span> <span class='ocrx_word' id='word_1_137' title='bbox 1644 254 1740 275; x_wconf 67' lang='lat' dir='ltr'><strong>causa:</strong></span> 
     </span>
    </p>
   </div>
   <div class='ocr_carea' id='block_1_21' title="bbox 955 293 1740 329">
    <p class='ocr_par' dir='ltr' id='par_1_21' title="bbox 955 293 1740 329">
     <span class='ocr_line' id='line_1_21' title="bbox 955 293 1740 329; baseline -0.003 -7"><span class='ocrx_word' id='word_1_138' title='bbox 955 298 1047 322; x_wconf 79' lang='lat' dir='ltr'><strong>nectat</strong></span> <span class='ocrx_word' id='word_1_139' title='bbox 1061 303 1067 321; x_wconf 73' lang='grc' dir='ltr'>ε</span> <span class='ocrx_word' id='word_1_140' title='bbox 1082 302 1146 322; x_wconf 89' lang='lat' dir='ltr'><strong>nam</strong></span> <span class='ocrx_word' id='word_1_141' title='bbox 1160 298 1283 329; x_wconf 87' lang='lat' dir='ltr'><strong>tempora</strong></span> <span class='ocrx_word' id='word_1_142' title='bbox 1305 297 1352 321; x_wconf 91' lang='lat' dir='ltr'><strong>aut</strong></span> <span class='ocrx_word' id='word_1_143' title='bbox 1364 294 1433 326; x_wconf 89' lang='lat' dir='ltr'><strong>dies,</strong></span> <span class='ocrx_word' id='word_1_144' title='bbox 1453 293 1554 328; x_wconf 85' lang='lat' dir='ltr'><strong>quibus</strong></span> <span class='ocrx_word' id='word_1_145' title='bbox 1566 293 1655 328; x_wconf 88' lang='lat' dir='ltr'><strong>ipsum</strong></span> <span class='ocrx_word' id='word_1_146' title='bbox 1666 301 1682 321; x_wconf 89' lang='lat' dir='ltr'><strong>e</strong></span> <span class='ocrx_word' id='word_1_147' title='bbox 1697 297 1740 329; x_wconf 85' lang='lat' dir='ltr'><strong>ty-</strong></span> 
     </span>
    </p>
   </div>
   <div class='ocr_carea' id='block_1_22' title="bbox 955 332 1740 375">
    <p class='ocr_par' dir='ltr' id='par_1_22' title="bbox 955 332 1740 375">
     <span class='ocr_line' id='line_1_22' title="bbox 955 332 1740 375; baseline -0.003 -7"><span class='ocrx_word' id='word_1_148' title='bbox 955 340 1081 373; x_wconf 85' lang='lat' dir='ltr'><strong>rannide,</strong></span> <span class='ocrx_word' id='word_1_149' title='bbox 1094 348 1147 375; x_wconf 85' lang='lat' dir='ltr'><strong>qua</strong></span> <span class='ocrx_word' id='word_1_150' title='bbox 1159 339 1238 367; x_wconf 90' lang='lat' dir='ltr'><strong>nobis</strong></span> <span class='ocrx_word' id='word_1_151' title='bbox 1249 339 1451 372; x_wconf 86' lang='lat' dir='ltr'><strong>dominabatur,</strong></span> <span class='ocrx_word' id='word_1_152' title='bbox 1462 339 1604 367; x_wconf 85' lang='lat' dir='ltr'><strong>deturbari</strong></span> <span class='ocrx_word' id='word_1_153' title='bbox 1615 332 1740 374; x_wconf 77' lang='lat' dir='ltr'><strong>contigit,</strong></span> 
     </span>
    </p>
   </div>
   <div class='ocr_carea' id='block_1_23' title="bbox 955 385 1739 421">
    <p class='ocr_par' dir='ltr' id='par_1_23' title="bbox 955 385 1739 421">
     <span class='ocr_line' id='line_1_23' title="bbox 955 385 1739 421; baseline -0.003 -7"><span class='ocrx_word' id='word_1_154' title='bbox 955 394 1017 414; x_wconf 90' lang='lat' dir='ltr'><strong>cum</strong></span> <span class='ocrx_word' id='word_1_155' title='bbox 1031 386 1076 414; x_wconf 90' lang='lat' dir='ltr'><strong>ille</strong></span> <span class='ocrx_word' id='word_1_156' title='bbox 1090 385 1252 421; x_wconf 78' lang='lat' dir='ltr'><strong>Unigenitus</strong></span> <span class='ocrx_word' id='word_1_157' title='bbox 1266 385 1295 412; x_wconf 94' lang='lat' dir='ltr'><strong>in</strong></span> <span class='ocrx_word' id='word_1_158' title='bbox 1306 385 1425 413; x_wconf 85' lang='lat' dir='ltr'><strong>humana</strong></span> <span class='ocrx_word' id='word_1_159' title='bbox 1436 385 1524 412; x_wconf 79' lang='lat' dir='ltr'><strong>forma</strong></span> <span class='ocrx_word' id='word_1_160' title='bbox 1535 389 1563 413; x_wconf 88' lang='lat' dir='ltr'><strong>et</strong></span> <span class='ocrx_word' id='word_1_161' title='bbox 1577 385 1668 421; x_wconf 88' lang='lat' dir='ltr'><strong>specie</strong></span> <span class='ocrx_word' id='word_1_162' title='bbox 1689 393 1739 412; x_wconf 90' lang='lat' dir='ltr'><strong>no-</strong></span> 
     </span>
    </p>
   </div>
   <div class='ocr_carea' id='block_1_24' title="bbox 954 430 1740 467">
    <p class='ocr_par' dir='ltr' id='par_1_24' title="bbox 954 430 1740 467">
     <span class='ocr_line' id='line_1_24' title="bbox 954 430 1740 467; baseline -0.003 -7"><span class='ocrx_word' id='word_1_163' title='bbox 954 433 1007 460; x_wconf 83' lang='lat' dir='ltr'><strong>stri</strong></span> <span class='ocrx_word' id='word_1_164' title='bbox 1022 432 1105 461; x_wconf 86' lang='lat' dir='ltr'><strong>simili</strong></span> <span class='ocrx_word' id='word_1_165' title='bbox 1118 432 1200 460; x_wconf 90' lang='lat' dir='ltr'><strong>nobis</strong></span> <span class='ocrx_word' id='word_1_166' title='bbox 1208 431 1367 464; x_wconf 69' lang='lat' dir='ltr'><strong>affulsisset,</strong></span> <span class='ocrx_word' id='word_1_167' title='bbox 1378 431 1493 459; x_wconf 80' lang='lat' dir='ltr'><strong>fortasse</strong></span> <span class='ocrx_word' id='word_1_168' title='bbox 1506 438 1541 459; x_wconf 90' lang='lat' dir='ltr'><strong>ne</strong></span> <span class='ocrx_word' id='word_1_169' title='bbox 1553 430 1740 467; x_wconf 83' lang='lat' dir='ltr'><strong>simpliciqui-</strong></span> 
     </span>
    </p>
   </div>
   <div class='ocr_carea' id='block_1_25' title="bbox 955 477 1498 514">
    <p class='ocr_par' dir='ltr' id='par_1_25' title="bbox 955 477 1498 514">
     <span class='ocr_line' id='line_1_25' title="bbox 955 477 1498 514; baseline -0.006 -7"><span class='ocrx_word' id='word_1_170' title='bbox 955 479 1018 507; x_wconf 93' lang='lat' dir='ltr'><strong>dem</strong></span> <span class='ocrx_word' id='word_1_171' title='bbox 1038 479 1201 514; x_wconf 75' lang='lat' dir='ltr'><strong>cogitatione</strong></span> <span class='ocrx_word' id='word_1_172' title='bbox 1212 477 1356 513; x_wconf 71' lang='lat' dir='ltr'><strong>complecti</strong></span> <span class='ocrx_word' id='word_1_173' title='bbox 1367 477 1498 506; x_wconf 66' lang='lat' dir='ltr'><strong>sustinet-</strong></span> 
     </span>
    </p>
   </div>
   <div class='ocr_carea' id='block_1_26' title="bbox 991 566 1567 605">
    <p class='ocr_par' dir='ltr' id='par_1_26' title="bbox 991 566 1567 605">
     <span class='ocr_line' id='line_1_26' title="bbox 991 566 1567 605; baseline -0.007 -8"><span class='ocrx_word' id='word_1_174' title='bbox 991 569 1073 605; x_wconf 80' lang='lat'><strong>208</strong></span> <span class='ocrx_word' id='word_1_175' title='bbox 1083 569 1181 597; x_wconf 86' lang='lat' dir='ltr'><strong>PALL.</strong></span> <span class='ocrx_word' id='word_1_176' title='bbox 1196 567 1338 602; x_wconf 85' lang='lat' dir='ltr'><strong>Quomodo</strong></span> <span class='ocrx_word' id='word_1_177' title='bbox 1358 566 1432 595; x_wconf 83' lang='lat' dir='ltr'><strong>istud</strong></span> <span class='ocrx_word' id='word_1_178' title='bbox 1449 566 1567 594; x_wconf 86' lang='lat' dir='ltr'><strong>asseris?</strong></span> 
     </span>
    </p>
   </div>
   <div class='ocr_carea' id='block_1_27' title="bbox 991 611 1743 648">
    <p class='ocr_par' dir='ltr' id='par_1_27' title="bbox 991 611 1743 648">
     <span class='ocr_line' id='line_1_27' title="bbox 991 611 1743 648; baseline -0.007 -5"><span class='ocrx_word' id='word_1_179' title='bbox 991 615 1071 643; x_wconf 84' lang='lat' dir='ltr'><strong>CYR.</strong></span> <span class='ocrx_word' id='word_1_180' title='bbox 1085 615 1192 648; x_wconf 81' lang='lat' dir='ltr'><strong>Nonne,</strong></span> <span class='ocrx_word' id='word_1_181' title='bbox 1204 613 1318 646; x_wconf 82' lang='lat' dir='ltr'><strong>Palladi,</strong></span> <span class='ocrx_word' id='word_1_182' title='bbox 1330 613 1426 648; x_wconf 89' lang='lat' dir='ltr'><strong>quinto</strong></span> <span class='ocrx_word' id='word_1_183' title='bbox 1438 612 1498 640; x_wconf 91' lang='lat' dir='ltr'><strong>loco</strong></span> <span class='ocrx_word' id='word_1_184' title='bbox 1509 620 1524 639; x_wconf 89' lang='lat' dir='ltr'><strong>a</strong></span> <span class='ocrx_word' id='word_1_185' title='bbox 1541 611 1621 639; x_wconf 80' lang='lat' dir='ltr'><strong>nobis</strong></span> <span class='ocrx_word' id='word_1_186' title='bbox 1635 615 1743 647; x_wconf 83' lang='lat' dir='ltr'><strong>tempus</strong></span> 
     </span>
    </p>
   </div>
   <div class='ocr_carea' id='block_1_28' title="bbox 956 657 1666 694">
    <p class='ocr_par' dir='ltr' id='par_1_28' title="bbox 956 657 1666 694">
     <span class='ocr_line' id='line_1_28' title="bbox 956 657 1666 694; baseline -0.007 -6"><span class='ocrx_word' id='word_1_187' title='bbox 956 660 1023 689; x_wconf 90' lang='lat' dir='ltr'><strong>illud</strong></span> <span class='ocrx_word' id='word_1_188' title='bbox 1036 664 1208 692; x_wconf 79' lang='lat' dir='ltr'><strong>numeratur,</strong></span> <span class='ocrx_word' id='word_1_189' title='bbox 1221 667 1275 694; x_wconf 86' lang='lat' dir='ltr'><strong>quo</strong></span> <span class='ocrx_word' id='word_1_190' title='bbox 1287 658 1411 686; x_wconf 79' lang='lat' dir='ltr'><strong>Salvator</strong></span> <span class='ocrx_word' id='word_1_191' title='bbox 1426 661 1519 686; x_wconf 79' lang='lat' dir='ltr'><strong>noster</strong></span> <span class='ocrx_word' id='word_1_192' title='bbox 1534 657 1666 684; x_wconf 83' lang='lat' dir='ltr'><strong>advenit?</strong></span> 
     </span>
    </p>
   </div>
   <div class='ocr_carea' id='block_1_29' title="bbox 992 702 1742 741">
    <p class='ocr_par' dir='ltr' id='par_1_29' title="bbox 992 702 1742 741">
     <span class='ocr_line' id='line_1_29' title="bbox 992 702 1742 741; baseline -0.007 -8"><span class='ocrx_word' id='word_1_193' title='bbox 992 705 1090 734; x_wconf 83' lang='lat' dir='ltr'><strong>PALL.</strong></span> <span class='ocrx_word' id='word_1_194' title='bbox 1107 705 1231 741; x_wconf 79' lang='lat' dir='ltr'><strong>Intelligo</strong></span> <span class='ocrx_word' id='word_1_195' title='bbox 1246 713 1281 732; x_wconf 78' lang='lat' dir='ltr'><strong>ex</strong></span> <span class='ocrx_word' id='word_1_196' title='bbox 1293 705 1339 732; x_wconf 89' lang='lat' dir='ltr'><strong>illa</strong></span> <span class='ocrx_word' id='word_1_197' title='bbox 1351 702 1639 739; x_wconf 80' lang='lat' dir='ltr'><strong>Evangeliiparabola.</strong></span> <span class='ocrx_word' id='word_1_198' title='bbox 1649 702 1742 729; x_wconf 77' lang='lat' dir='ltr'><strong>Exisse</strong></span> 
     </span>
    </p>
   </div>
   <div class='ocr_carea' id='block_1_30' title="bbox 956 747 1741 785">
    <p class='ocr_par' dir='ltr' id='par_1_30' title="bbox 956 747 1741 785">
     <span class='ocr_line' id='line_1_30' title="bbox 956 747 1741 785; baseline -0.008 -6"><span class='ocrx_word' id='word_1_199' title='bbox 956 753 1029 780; x_wconf 90' lang='lat' dir='ltr'><strong>enim</strong></span> <span class='ocrx_word' id='word_1_200' title='bbox 1041 752 1079 778; x_wconf 88' lang='lat' dir='ltr'><strong>ait</strong></span> <span class='ocrx_word' id='word_1_201' title='bbox 1095 751 1231 784; x_wconf 84' lang='lat' dir='ltr'><strong>Christus,</strong></span> <span class='ocrx_word' id='word_1_202' title='bbox 1257 757 1332 783; x_wconf 88' lang='lat' dir='ltr'><strong>eum,</strong></span> <span class='ocrx_word' id='word_1_203' title='bbox 1356 750 1403 785; x_wconf 88' lang='lat' dir='ltr'><strong>qui</strong></span> <span class='ocrx_word' id='word_1_204' title='bbox 1426 748 1566 784; x_wconf 85' lang='lat' dir='ltr'><strong>operarios</strong></span> <span class='ocrx_word' id='word_1_205' title='bbox 1579 747 1613 774; x_wconf 91' lang='lat' dir='ltr'><strong>ad</strong></span> <span class='ocrx_word' id='word_1_206' title='bbox 1636 747 1741 774; x_wconf 86' lang='lat' dir='ltr'><strong>vineam</strong></span> 
     </span>
    </p>
   </div>
   <div class='ocr_carea' id='block_1_31' title="bbox 956 793 1741 831">
    <p class='ocr_par' dir='ltr' id='par_1_31' title="bbox 956 793 1741 831">
     <span class='ocr_line' id='line_1_31' title="bbox 956 793 1741 831; baseline -0.008 -6"><span class='ocrx_word' id='word_1_207' title='bbox 956 797 1129 825; x_wconf 82' lang='lat' dir='ltr'><strong>conducebat</strong></span> <span class='ocrx_word' id='word_1_208' title='bbox 1144 797 1218 824; x_wconf 88' lang='lat' dir='ltr'><strong>circa</strong></span> <span class='ocrx_word' id='word_1_209' title='bbox 1230 797 1328 824; x_wconf 87' lang='lat' dir='ltr'><strong>horam</strong></span> <span class='ocrx_word' id='word_1_210' title='bbox 1339 796 1468 831; x_wconf 84' lang='lat' dir='ltr'><strong>primam,</strong></span> <span class='ocrx_word' id='word_1_211' title='bbox 1487 793 1608 826; x_wconf 84' lang='lat' dir='ltr'><strong>tertiam,</strong></span> <span class='ocrx_word' id='word_1_212' title='bbox 1627 797 1741 823; x_wconf 77' lang='lat' dir='ltr'><strong>sextam.</strong></span> 
     </span>
    </p>
   </div>
   <div class='ocr_carea' id='block_1_32' title="bbox 956 841 1742 875">
    <p class='ocr_par' dir='ltr' id='par_1_32' title="bbox 956 841 1742 875">
     <span class='ocr_line' id='line_1_32' title="bbox 956 841 1742 875; baseline -0.008 -5"><span class='ocrx_word' id='word_1_213' title='bbox 956 851 1056 870; x_wconf 90' lang='lat' dir='ltr'><strong>nonam</strong></span> <span class='ocrx_word' id='word_1_214' title='bbox 1070 847 1098 870; x_wconf 92' lang='lat' dir='ltr'><strong>et</strong></span> <span class='ocrx_word' id='word_1_215' title='bbox 1111 843 1293 875; x_wconf 85' lang='lat' dir='ltr'><strong>undecimam,</strong></span> <span class='ocrx_word' id='word_1_216' title='bbox 1303 841 1331 869; x_wconf 93' lang='lat' dir='ltr'><strong>id</strong></span> <span class='ocrx_word' id='word_1_217' title='bbox 1338 845 1390 874; x_wconf 87' lang='lat' dir='ltr'><strong>est,</strong></span> <span class='ocrx_word' id='word_1_218' title='bbox 1401 845 1524 868; x_wconf 79' lang='lat' dir='ltr'><strong>extremo</strong></span> <span class='ocrx_word' id='word_1_219' title='bbox 1535 843 1742 874; x_wconf 78' lang='lat' dir='ltr'><strong>tempore,,cum</strong></span> 
     </span>
    </p>
   </div>
   <div class='ocr_carea' id='block_1_33' title="bbox 117 874 906 925">
    <p class='ocr_par' dir='ltr' id='par_1_33' title="bbox 117 880 903 925">
     <span class='ocr_line' id='line_1_33' title="bbox 117 880 903 925; baseline 0.013 -20"><span class='ocrx_word' id='word_1_220' title='bbox 117 880 276 916; x_wconf 78' lang='grc' dir='ltr'><strong>ἑνδεκάτην,</strong></span> <span class='ocrx_word' id='word_1_221' title='bbox 291 883 445 917; x_wconf 78' lang='grc' dir='ltr'><strong>τουτέστιν,</strong></span> <span class='ocrx_word' id='word_1_222' title='bbox 461 885 489 912; x_wconf 79' lang='grc' dir='ltr'><strong>ὲν</strong></span> <span class='ocrx_word' id='word_1_223' title='bbox 502 885 540 921; x_wconf 84' lang='grc' dir='ltr'>τῷ</span> <span class='ocrx_word' id='word_1_224' title='bbox 560 887 708 923; x_wconf 80' lang='grc' dir='ltr'>τελευταίῳ</span> <span class='ocrx_word' id='word_1_225' title='bbox 723 888 825 925; x_wconf 82' lang='grc' dir='ltr'>καιρῷ,</span> <span class='ocrx_word' id='word_1_226' title='bbox 843 887 903 915; x_wconf 84' lang='grc' dir='ltr'>καθ’</span> 
     </span>
    </p>
   </div>
   <div class='ocr_carea' id='block_1_34' title="bbox 962 874 1410 925">
    <p class='ocr_par' dir='ltr' id='par_1_34' title="bbox 962 887 1410 924">
     <span class='ocr_line' id='line_1_34' title="bbox 962 887 1410 924; baseline -0.002 -9"><span class='ocrx_word' id='word_1_227' title='bbox 962 888 1016 924; x_wconf 87' lang='lat' dir='ltr'><strong>ipse</strong></span> <span class='ocrx_word' id='word_1_228' title='bbox 1026 888 1154 924; x_wconf 81' lang='lat' dir='ltr'><strong>apparuit</strong></span> <span class='ocrx_word' id='word_1_229' title='bbox 1168 892 1196 916; x_wconf 91' lang='lat' dir='ltr'><strong>et</strong></span> <span class='ocrx_word' id='word_1_230' title='bbox 1207 887 1310 915; x_wconf 76' lang='lat' dir='ltr'><strong>affulsit</strong></span> <span class='ocrx_word' id='word_1_231' title='bbox 1319 887 1410 915; x_wconf 87' lang='lat' dir='ltr'><strong>nobis.</strong></span> 
     </span>
    </p>
   </div>
   <div class='ocr_carea' id='block_1_35' title="bbox 115 925 658 968">
    <p class='ocr_par' dir='ltr' id='par_1_35' title="bbox 115 925 658 968">
     <span class='ocr_line' id='line_1_35' title="bbox 115 925 658 968; baseline 0.015 -16"><span class='ocrx_word' id='word_1_232' title='bbox 115 925 146 952; x_wconf 73' lang='grc' dir='ltr'><strong>ὃν</strong></span> <span class='ocrx_word' id='word_1_233' title='bbox 162 927 285 963; x_wconf 72' lang='grc' dir='ltr'>ἐπεφάνη</span> <span class='ocrx_word' id='word_1_234' title='bbox 300 937 329 955; x_wconf 88' lang='grc' dir='ltr'><strong>τε</strong></span> <span class='ocrx_word' id='word_1_235' title='bbox 347 930 394 955; x_wconf 74' lang='grc' dir='ltr'>καὶ.</span> <span class='ocrx_word' id='word_1_236' title='bbox 410 930 569 967; x_wconf 67' lang='grc' dir='ltr'>ἐπέλαμψεν</span> <span class='ocrx_word' id='word_1_237' title='bbox 582 933 658 968; x_wconf 81' lang='grc' dir='ltr'>ἡμῖν.</span> 
     </span>
    </p>
   </div>
   <div class='ocr_carea' id='block_1_36' title="bbox 156 974 902 1018">
    <p class='ocr_par' dir='ltr' id='par_1_36' title="bbox 156 974 902 1018">
     <span class='ocr_line' id='line_1_36' title="bbox 156 974 902 1018; baseline 0.012 -19"><span class='ocrx_word' id='word_1_238' title='bbox 156 974 238 1001; x_wconf 83' lang='grc' dir='ltr'><strong>ΚΥΡ.</strong></span> <span class='ocrx_word' id='word_1_239' title='bbox 264 975 470 1011; x_wconf 81' lang='grc' dir='ltr'>Νουνεχέστατά</span> <span class='ocrx_word' id='word_1_240' title='bbox 485 986 517 1012; x_wconf 90' lang='grc' dir='ltr'><strong>γε</strong></span> <span class='ocrx_word' id='word_1_241' title='bbox 535 979 582 1005; x_wconf 73' lang='grc' dir='ltr'>καὶ</span> <span class='ocrx_word' id='word_1_242' title='bbox 600 979 661 1006; x_wconf 84' lang='grc' dir='ltr'>λίαν</span> <span class='ocrx_word' id='word_1_243' title='bbox 676 979 763 1016; x_wconf 84' lang='grc' dir='ltr'>ὀρθῶς</span> <span class='ocrx_word' id='word_1_244' title='bbox 780 980 902 1018; x_wconf 79' lang='grc' dir='ltr'>εἴρηκας.</span> 
     </span>
    </p>
   </div>
   <div class='ocr_carea' id='block_1_37' title="bbox 117 1021 904 1064">
    <p class='ocr_par' dir='ltr' id='par_1_37' title="bbox 117 1021 904 1064">
     <span class='ocr_line' id='line_1_37' title="bbox 117 1021 904 1064; baseline 0.01 -17"><span class='ocrx_word' id='word_1_245' title='bbox 117 1021 151 1047; x_wconf 82' lang='grc' dir='ltr'><strong>Τί</strong></span> <span class='ocrx_word' id='word_1_246' title='bbox 167 1021 210 1054; x_wconf 84' lang='grc' dir='ltr'>δέ;</span> <span class='ocrx_word' id='word_1_247' title='bbox 232 1022 291 1057; x_wconf 73' lang='grc' dir='ltr'>οὐχὶ</span> <span class='ocrx_word' id='word_1_248' title='bbox 305 1024 337 1059; x_wconf 85' lang='grc' dir='ltr'>τῇ</span> <span class='ocrx_word' id='word_1_249' title='bbox 357 1023 468 1060; x_wconf 78' lang='grc' dir='ltr'>πέμπτῃ</span> <span class='ocrx_word' id='word_1_250' title='bbox 484 1026 532 1052; x_wconf 79' lang='grc' dir='ltr'>τοῦ</span> <span class='ocrx_word' id='word_1_251' title='bbox 552 1026 693 1053; x_wconf 82' lang='grc' dir='ltr'>Σαϐϐάτου</span> <span class='ocrx_word' id='word_1_252' title='bbox 707 1027 904 1064; x_wconf 83' lang='grc' dir='ltr'>παραδεδόσθαι</span> 
     </span>
    </p>
   </div>
   <div class='ocr_carea' id='block_1_38' title="bbox 119 1067 905 1109">
    <p class='ocr_par' dir='ltr' id='par_1_38' title="bbox 119 1067 905 1109">
     <span class='ocr_line' id='line_1_38' title="bbox 119 1067 905 1109; baseline 0.01 -16"><span class='ocrx_word' id='word_1_253' title='bbox 119 1067 213 1102; x_wconf 74' lang='grc' dir='ltr'>φαμὲν</span> <span class='ocrx_word' id='word_1_254' title='bbox 231 1068 324 1100; x_wconf 76' lang='grc' dir='ltr'>αὐτὸν,</span> <span class='ocrx_word' id='word_1_255' title='bbox 345 1069 392 1095; x_wconf 76' lang='grc' dir='ltr'>καὶ</span> <span class='ocrx_word' id='word_1_256' title='bbox 412 1070 454 1102; x_wconf 89' lang='grc' dir='ltr'>εἰς</span> <span class='ocrx_word' id='word_1_257' title='bbox 470 1071 559 1106; x_wconf 80' lang='grc' dir='ltr'>ἀρχὰς</span> <span class='ocrx_word' id='word_1_258' title='bbox 580 1071 675 1108; x_wconf 79' lang='grc' dir='ltr'>ὥσπερ</span> <span class='ocrx_word' id='word_1_259' title='bbox 688 1073 764 1108; x_wconf 81' lang='grc' dir='ltr'>ἥκειν</span> <span class='ocrx_word' id='word_1_260' title='bbox 777 1074 825 1109; x_wconf 82' lang='grc' dir='ltr'><strong>τῆς</strong></span> <span class='ocrx_word' id='word_1_261' title='bbox 842 1074 905 1109; x_wconf 83' lang='grc' dir='ltr'>ὅλης</span> 
     </span>
    </p>
   </div>
   <div class='ocr_carea' id='block_1_39' title="bbox 117 1112 906 1154">
    <p class='ocr_par' dir='ltr' id='par_1_39' title="bbox 117 1112 906 1154">
     <span class='ocr_line' id='line_1_39' title="bbox 117 1112 906 1154; baseline 0.013 -16"><span class='ocrx_word' id='word_1_262' title='bbox 117 1113 288 1149; x_wconf 79' lang='grc' dir='ltr'><strong>οἰκονομίας,</strong></span> <span class='ocrx_word' id='word_1_263' title='bbox 302 1114 335 1141; x_wconf 90' lang='grc' dir='ltr'>δι’</span> <span class='ocrx_word' id='word_1_264' title='bbox 349 1112 384 1152; x_wconf 87' lang='grc' dir='ltr'>ἦς</span> <span class='ocrx_word' id='word_1_265' title='bbox 397 1116 422 1142; x_wconf 77' lang='grc' dir='ltr'>οἱ</span> <span class='ocrx_word' id='word_1_266' title='bbox 436 1116 535 1150; x_wconf 82' lang='grc' dir='ltr'>πάντες</span> <span class='ocrx_word' id='word_1_267' title='bbox 549 1118 780 1154; x_wconf 81' lang='grc' dir='ltr'>ἀνασεσώσμεθα,</span> <span class='ocrx_word' id='word_1_268' title='bbox 795 1120 840 1147; x_wconf 81' lang='grc' dir='ltr'><strong>τὸν</strong></span> <span class='ocrx_word' id='word_1_269' title='bbox 853 1129 906 1148; x_wconf 80' lang='grc' dir='ltr'>σω-</span> 
     </span>
    </p>
   </div>
   <div class='ocr_carea' id='block_1_40' title="bbox 117 1159 905 1202">
    <p class='ocr_par' dir='ltr' id='par_1_40' title="bbox 117 1159 905 1202">
     <span class='ocr_line' id='line_1_40' title="bbox 117 1159 905 1202; baseline 0.01 -17"><span class='ocrx_word' id='word_1_270' title='bbox 117 1159 212 1194; x_wconf 83' lang='grc' dir='ltr'>τήριον</span> <span class='ocrx_word' id='word_1_271' title='bbox 226 1160 297 1195; x_wconf 78' lang='grc' dir='ltr'>ὑπὲρ</span> <span class='ocrx_word' id='word_1_272' title='bbox 316 1161 394 1196; x_wconf 79' lang='grc' dir='ltr'>ἡμῶν</span> <span class='ocrx_word' id='word_1_273' title='bbox 413 1162 574 1196; x_wconf 85' lang='grc' dir='ltr'>ἀνατλάντος</span> <span class='ocrx_word' id='word_1_274' title='bbox 591 1164 706 1200; x_wconf 68' lang='grc' dir='ltr'>σταυρὸν</span> <span class='ocrx_word' id='word_1_275' title='bbox 719 1164 766 1191; x_wconf 72' lang='grc' dir='ltr'>τοῦ</span> <span class='ocrx_word' id='word_1_276' title='bbox 785 1165 818 1192; x_wconf 84' lang='grc' dir='ltr'>δι’</span> <span class='ocrx_word' id='word_1_277' title='bbox 831 1167 905 1202; x_wconf 77' lang='grc' dir='ltr'>ἡμᾶς</span> 
     </span>
    </p>
   </div>
   <div class='ocr_carea' id='block_1_41' title="bbox 117 1205 381 1241">
    <p class='ocr_par' dir='ltr' id='par_1_41' title="bbox 117 1205 381 1241">
     <span class='ocr_line' id='line_1_41' title="bbox 117 1205 381 1241; baseline 0.011 -11"><span class='ocrx_word' id='word_1_278' title='bbox 117 1205 362 1241; x_wconf 79' lang='grc' dir='ltr'>ὲνηνθρωπηκότος</span> <span class='ocrx_word' id='word_1_279' title='bbox 373 1215 381 1240; x_wconf 87' lang='grc'>;</span> 
     </span>
    </p>
   </div>
   <div class='ocr_carea' id='block_1_42' title="bbox 153 1251 426 1287">
    <p class='ocr_par' dir='ltr' id='par_1_42' title="bbox 153 1251 426 1287">
     <span class='ocr_line' id='line_1_42' title="bbox 153 1251 426 1287; baseline 0.018 -11"><span class='ocrx_word' id='word_1_280' title='bbox 153 1251 261 1280; x_wconf 81' lang='grc' dir='ltr'><strong>ΠΑΛΛ.</strong></span> <span class='ocrx_word' id='word_1_281' title='bbox 276 1251 331 1278; x_wconf 77' lang='grc' dir='ltr'><strong>Καὶ</strong></span> <span class='ocrx_word' id='word_1_282' title='bbox 345 1252 426 1287; x_wconf 81' lang='grc' dir='ltr'>μάλα.</span> 
     </span>
    </p>
   </div>
   <div class='ocr_carea' id='block_1_43' title="bbox 153 1296 905 1333">
    <p class='ocr_par' dir='ltr' id='par_1_43' title="bbox 153 1296 905 1333">
     <span class='ocr_line' id='line_1_43' title="bbox 153 1296 905 1333; baseline 0.009 -11"><span class='ocrx_word' id='word_1_283' title='bbox 153 1296 237 1323; x_wconf 81' lang='grc' dir='ltr'><strong>ΚΥΡ.</strong></span> <span class='ocrx_word' id='word_1_284' title='bbox 257 1296 424 1333; x_wconf 81' lang='grc' dir='ltr'>Κατὴργηκε</span> <span class='ocrx_word' id='word_1_285' title='bbox 439 1298 467 1325; x_wconf 82' lang='grc' dir='ltr'><strong>δὲ</strong></span> <span class='ocrx_word' id='word_1_286' title='bbox 483 1299 528 1326; x_wconf 77' lang='grc' dir='ltr'><strong>τὸν</strong></span> <span class='ocrx_word' id='word_1_287' title='bbox 545 1299 669 1332; x_wconf 84' lang='grc' dir='ltr'>θάνατον,</span> <span class='ocrx_word' id='word_1_288' title='bbox 682 1302 729 1328; x_wconf 77' lang='grc' dir='ltr'>καὶ</span> <span class='ocrx_word' id='word_1_289' title='bbox 744 1301 843 1328; x_wconf 80' lang='grc' dir='ltr'>ἀνεϐίω</span> <span class='ocrx_word' id='word_1_290' title='bbox 855 1301 905 1328; x_wconf 81' lang='grc' dir='ltr'><strong>πά-</strong></span> 
     </span>
    </p>
   </div>
   <div class='ocr_carea' id='block_1_44' title="bbox 116 1342 905 1384">
    <p class='ocr_par' dir='ltr' id='par_1_44' title="bbox 116 1342 905 1384">
     <span class='ocr_line' id='line_1_44' title="bbox 116 1342 905 1384; baseline 0.011 -17"><span class='ocrx_word' id='word_1_291' title='bbox 116 1342 170 1373; x_wconf 79' lang='grc' dir='ltr'>λιν,</span> <span class='ocrx_word' id='word_1_292' title='bbox 191 1342 345 1375; x_wconf 70' lang='grc' dir='ltr'><strong>σκυλεύσας</strong></span> <span class='ocrx_word' id='word_1_293' title='bbox 357 1343 403 1371; x_wconf 80' lang='grc' dir='ltr'>τὸν</span> <span class='ocrx_word' id='word_1_294' title='bbox 415 1344 491 1381; x_wconf 76' lang='grc' dir='ltr'>ᾅδην,</span> <span class='ocrx_word' id='word_1_295' title='bbox 508 1346 558 1372; x_wconf 72' lang='grc' dir='ltr'><strong>οὐκ</strong></span> <span class='ocrx_word' id='word_1_296' title='bbox 570 1347 598 1372; x_wconf 77' lang='grc' dir='ltr'><strong>ὲν</strong></span> <span class='ocrx_word' id='word_1_297' title='bbox 611 1346 702 1384; x_wconf 78' lang='grc' dir='ltr'><strong>ὀγδόῃ,</strong></span> <span class='ocrx_word' id='word_1_298' title='bbox 722 1348 856 1381; x_wconf 73' lang='grc' dir='ltr'>τουτέστι,</span> <span class='ocrx_word' id='word_1_299' title='bbox 872 1350 905 1384; x_wconf 85' lang='grc' dir='ltr'>τῇ</span> 
     </span>
    </p>
   </div>
   <div class='ocr_carea' id='block_1_45' title="bbox 119 1387 410 1422">
    <p class='ocr_par' dir='ltr' id='par_1_45' title="bbox 119 1387 410 1422">
     <span class='ocr_line' id='line_1_45' title="bbox 119 1387 410 1422; baseline 0.01 -9"><span class='ocrx_word' id='word_1_300' title='bbox 119 1388 171 1422; x_wconf 81' lang='grc' dir='ltr'>μιᾷ</span> <span class='ocrx_word' id='word_1_301' title='bbox 180 1387 236 1414; x_wconf 85' lang='grc' dir='ltr'>τῶν</span> <span class='ocrx_word' id='word_1_302' title='bbox 249 1387 395 1415; x_wconf 85' lang='grc' dir='ltr'>Σαϐϐάτων</span> <span class='ocrx_word' id='word_1_303' title='bbox 403 1409 410 1422; x_wconf 94' lang='grc'><strong>,</strong></span> 
     </span>
    </p>
   </div>
   <div class='ocr_carea' id='block_1_46' title="bbox 155 1434 508 1471">
    <p class='ocr_par' dir='ltr' id='par_1_46' title="bbox 155 1434 508 1471">
     <span class='ocr_line' id='line_1_46' title="bbox 155 1434 508 1471; baseline 0.011 -11"><span class='ocrx_word' id='word_1_304' title='bbox 155 1434 260 1461; x_wconf 82' lang='grc' dir='ltr'><strong>ΠᾹΛΛ.</strong></span> <span class='ocrx_word' id='word_1_305' title='bbox 276 1435 333 1461; x_wconf 82' lang='grc' dir='ltr'><strong>Οὐκ</strong></span> <span class='ocrx_word' id='word_1_306' title='bbox 347 1435 508 1471; x_wconf 85' lang='grc' dir='ltr'>ἀμφίϐολον.</span> 
     </span>
    </p>
   </div>
   <div class='ocr_carea' id='block_1_47' title="bbox 155 1478 907 1521">
    <p class='ocr_par' dir='ltr' id='par_1_47' title="bbox 155 1478 907 1521">
     <span class='ocr_line' id='line_1_47' title="bbox 155 1478 907 1521; baseline 0.011 -17"><span class='ocrx_word' id='word_1_307' title='bbox 155 1478 239 1505; x_wconf 81' lang='grc' dir='ltr'><strong>ΚΥΡ.</strong></span> <span class='ocrx_word' id='word_1_308' title='bbox 257 1480 312 1506; x_wconf 74' lang='grc' dir='ltr'><strong>Καὶ</strong></span> <span class='ocrx_word' id='word_1_309' title='bbox 326 1479 392 1514; x_wconf 81' lang='grc' dir='ltr'><strong>γοῦν</strong></span> <span class='ocrx_word' id='word_1_310' title='bbox 403 1481 417 1507; x_wconf 83' lang='grc' dir='ltr'><strong><em>ὁ</em></strong></span> <span class='ocrx_word' id='word_1_311' title='bbox 431 1481 515 1509; x_wconf 87' lang='grc' dir='ltr'>πάλαι</span> <span class='ocrx_word' id='word_1_312' title='bbox 529 1482 611 1518; x_wconf 85' lang='grc' dir='ltr'>νόμος</span> <span class='ocrx_word' id='word_1_313' title='bbox 627 1483 676 1519; x_wconf 79' lang='grc' dir='ltr'>τὴν</span> <span class='ocrx_word' id='word_1_314' title='bbox 688 1483 717 1510; x_wconf 83' lang='grc' dir='ltr'>ὲν</span> <span class='ocrx_word' id='word_1_315' title='bbox 733 1484 813 1520; x_wconf 73' lang='grc' dir='ltr'>σαρκὶ</span> <span class='ocrx_word' id='word_1_316' title='bbox 828 1494 907 1521; x_wconf 86' lang='grc' dir='ltr'>περι-</span> 
     </span>
    </p>
   </div>
   <div class='ocr_carea' id='block_1_48' title="bbox 117 1523 907 1565">
    <p class='ocr_par' dir='ltr' id='par_1_48' title="bbox 117 1523 907 1565">
     <span class='ocr_line' id='line_1_48' title="bbox 117 1523 907 1565; baseline 0.01 -16"><span class='ocrx_word' id='word_1_317' title='bbox 117 1523 217 1558; x_wconf 81' lang='grc' dir='ltr'>τομὴν,</span> <span class='ocrx_word' id='word_1_318' title='bbox 234 1523 409 1551; x_wconf 84' lang='grc' dir='ltr'>ὑποτύπωσιν</span> <span class='ocrx_word' id='word_1_319' title='bbox 430 1534 493 1553; x_wconf 82' lang='grc' dir='ltr'>τινα</span> <span class='ocrx_word' id='word_1_320' title='bbox 509 1525 560 1562; x_wconf 85' lang='grc' dir='ltr'><strong>τῆς</strong></span> <span class='ocrx_word' id='word_1_321' title='bbox 574 1527 602 1554; x_wconf 82' lang='grc' dir='ltr'>ὲν</span> <span class='ocrx_word' id='word_1_322' title='bbox 624 1527 761 1564; x_wconf 86' lang='grc' dir='ltr'>πνεύματι</span> <span class='ocrx_word' id='word_1_323' title='bbox 778 1530 826 1556; x_wconf 78' lang='grc' dir='ltr'><strong>καὶ</strong></span> <span class='ocrx_word' id='word_1_324' title='bbox 840 1529 907 1565; x_wconf 79' lang='grc' dir='ltr'><strong>ἀλη-</strong></span> 
     </span>
    </p>
   </div>
   <div class='ocr_carea' id='block_1_49' title="bbox 118 1569 909 1610">
    <p class='ocr_par' dir='ltr' id='par_1_49' title="bbox 118 1569 909 1610">
     <span class='ocr_line' id='line_1_49' title="bbox 118 1569 909 1610; baseline 0.01 -16"><span class='ocrx_word' id='word_1_325' title='bbox 118 1569 192 1604; x_wconf 75' lang='grc' dir='ltr'>Θείᾳ,</span> <span class='ocrx_word' id='word_1_326' title='bbox 210 1569 338 1596; x_wconf 77' lang='grc' dir='ltr'>διετύπου</span> <span class='ocrx_word' id='word_1_327' title='bbox 354 1571 524 1606; x_wconf 82' lang='grc' dir='ltr'>πράττεσθαι</span> <span class='ocrx_word' id='word_1_328' title='bbox 545 1572 616 1599; x_wconf 84' lang='grc' dir='ltr'>κατὰ</span> <span class='ocrx_word' id='word_1_329' title='bbox 631 1573 681 1609; x_wconf 87' lang='grc' dir='ltr'><strong>τὴν</strong></span> <span class='ocrx_word' id='word_1_330' title='bbox 696 1574 803 1610; x_wconf 81' lang='grc' dir='ltr'><strong>ὀγδόην.</strong></span> <span class='ocrx_word' id='word_1_331' title='bbox 826 1574 909 1610; x_wconf 85' lang='grc' dir='ltr'>Περι-</span> 
     </span>
    </p>
   </div>
   <div class='ocr_carea' id='block_1_50' title="bbox 117 1615 908 1657">
    <p class='ocr_par' dir='ltr' id='par_1_50' title="bbox 117 1615 908 1657">
     <span class='ocr_line' id='line_1_50' title="bbox 117 1615 908 1657; baseline 0.01 -17"><span class='ocrx_word' id='word_1_332' title='bbox 117 1615 191 1651; x_wconf 81' lang='grc' dir='ltr'>τομὴ</span> <span class='ocrx_word' id='word_1_333' title='bbox 206 1615 235 1642; x_wconf 82' lang='grc' dir='ltr'>δέ</span> <span class='ocrx_word' id='word_1_334' title='bbox 249 1624 280 1650; x_wconf 84' lang='grc' dir='ltr'>γε</span> <span class='ocrx_word' id='word_1_335' title='bbox 301 1616 352 1652; x_wconf 82' lang='grc' dir='ltr'>τῆς</span> <span class='ocrx_word' id='word_1_336' title='bbox 377 1617 494 1653; x_wconf 78' lang='grc' dir='ltr'>ἀρχαίας</span> <span class='ocrx_word' id='word_1_337' title='bbox 522 1619 661 1655; x_wconf 74' lang='grc' dir='ltr'>ἐκείνης-ὴ</span> <span class='ocrx_word' id='word_1_338' title='bbox 688 1621 908 1657; x_wconf 82' lang='grc' dir='ltr'>προφερεστέρα,</span> 
     </span>
    </p>
   </div>
   <div class='ocr_carea' id='block_1_51' title="bbox 117 1661 910 1701">
    <p class='ocr_par' dir='ltr' id='par_1_51' title="bbox 117 1661 910 1701">
     <span class='ocr_line' id='line_1_51' title="bbox 117 1661 910 1701; baseline 0.009 -14"><span class='ocrx_word' id='word_1_339' title='bbox 117 1661 279 1696; x_wconf 77' lang='grc' dir='ltr'>τουτέστιν,</span> <span class='ocrx_word' id='word_1_340' title='bbox 300 1663 319 1698; x_wconf 82' lang='grc' dir='ltr'><strong>ἡ</strong></span> <span class='ocrx_word' id='word_1_341' title='bbox 338 1663 367 1689; x_wconf 84' lang='grc' dir='ltr'>ὲν</span> <span class='ocrx_word' id='word_1_342' title='bbox 382 1664 531 1699; x_wconf 80' lang='grc' dir='ltr'>πνεύματι,</span> <span class='ocrx_word' id='word_1_343' title='bbox 557 1665 716 1701; x_wconf 79' lang='grc' dir='ltr'>Πνεύματός</span> <span class='ocrx_word' id='word_1_344' title='bbox 737 1666 811 1693; x_wconf 74' lang='grc' dir='ltr'>ἐστιν</span> <span class='ocrx_word' id='word_1_345' title='bbox 831 1667 910 1701; x_wconf 77' lang='grc' dir='ltr'>ἁγίου</span> 
     </span>
    </p>
   </div>
   <div class='ocr_carea' id='block_1_52' title="bbox 120 1706 910 1748">
    <p class='ocr_par' dir='ltr' id='par_1_52' title="bbox 120 1706 910 1748">
     <span class='ocr_line' id='line_1_52' title="bbox 120 1706 910 1748; baseline 0.008 -15"><span class='ocrx_word' id='word_1_346' title='bbox 120 1706 242 1742; x_wconf 75' lang='grc' dir='ltr'><strong>μέθεξις,</strong></span> <span class='ocrx_word' id='word_1_347' title='bbox 256 1708 303 1734; x_wconf 76' lang='grc' dir='ltr'>καὶ</span> <span class='ocrx_word' id='word_1_348' title='bbox 318 1708 398 1744; x_wconf 88' lang='grc' dir='ltr'>χάρις</span> <span class='ocrx_word' id='word_1_349' title='bbox 417 1710 434 1745; x_wconf 83' lang='grc' dir='ltr'><strong>ἡ</strong></span> <span class='ocrx_word' id='word_1_350' title='bbox 448 1710 477 1736; x_wconf 79' lang='grc' dir='ltr'><strong>ὲν</strong></span> <span class='ocrx_word' id='word_1_351' title='bbox 498 1710 605 1746; x_wconf 82' lang='grc' dir='ltr'><strong>ἀρχαῖς,</strong></span> <span class='ocrx_word' id='word_1_352' title='bbox 626 1710 671 1746; x_wconf 81' lang='grc' dir='ltr'><strong>ἢν,</strong></span> <span class='ocrx_word' id='word_1_353' title='bbox 686 1711 801 1748; x_wconf 77' lang='grc' dir='ltr'>ἐπείπερ</span> <span class='ocrx_word' id='word_1_354' title='bbox 819 1713 852 1739; x_wconf 85' lang='grc' dir='ltr'>ὲκ</span> <span class='ocrx_word' id='word_1_355' title='bbox 866 1721 910 1739; x_wconf 88' lang='grc' dir='ltr'><strong>νε-</strong></span> 
     </span>
    </p>
   </div>
   <div class='ocr_carea' id='block_1_53' title="bbox 119 1754 909 1797">
    <p class='ocr_par' dir='ltr' id='par_1_53' title="bbox 119 1754 909 1797">
     <span class='ocr_line' id='line_1_53' title="bbox 119 1754 909 1797; baseline 0.009 -18"><span class='ocrx_word' id='word_1_356' title='bbox 119 1754 196 1789; x_wconf 81' lang='grc' dir='ltr'>κρῶν</span> <span class='ocrx_word' id='word_1_357' title='bbox 217 1755 329 1786; x_wconf 83' lang='grc' dir='ltr'>ἀνεϐίω,</span> <span class='ocrx_word' id='word_1_358' title='bbox 355 1755 437 1797; x_wconf 77' lang='grc' dir='ltr'>πάλιν</span> <span class='ocrx_word' id='word_1_359' title='bbox 461 1756 634 1785; x_wconf 78' lang='grc' dir='ltr'>ὰνεκαίνισεν</span> <span class='ocrx_word' id='word_1_360' title='bbox 660 1758 726 1792; x_wconf 80' lang='grc' dir='ltr'>ἡμῖν</span> <span class='ocrx_word' id='word_1_361' title='bbox 748 1759 762 1785; x_wconf 78' lang='grc' dir='ltr'>ὁ</span> <span class='ocrx_word' id='word_1_362' title='bbox 776 1758 909 1794; x_wconf 82' lang='grc' dir='ltr'>Χριστὸς,</span> 
     </span>
    </p>
   </div>
   <div class='ocr_carea' id='block_1_54' title="bbox 119 1799 910 1840">
    <p class='ocr_par' dir='ltr' id='par_1_54' title="bbox 119 1799 910 1840">
     <span class='ocr_line' id='line_1_54' title="bbox 119 1799 910 1840; baseline 0.008 -14"><span class='ocrx_word' id='word_1_363' title='bbox 119 1799 226 1835; x_wconf 78' lang='grc' dir='ltr'>λέγων·</span> <span class='ocrx_word' id='word_1_364' title='bbox 246 1810 255 1826; x_wconf 77' lang='grc' dir='ltr'><strong>ι</strong></span> <span class='ocrx_word' id='word_1_365' title='bbox 274 1801 379 1828; x_wconf 79' lang='grc' dir='ltr'>Λάϐετε</span> <span class='ocrx_word' id='word_1_366' title='bbox 391 1801 504 1837; x_wconf 82' lang='grc' dir='ltr'><strong>Πνεῦμα</strong></span> <span class='ocrx_word' id='word_1_367' title='bbox 519 1802 606 1839; x_wconf 76' lang='grc' dir='ltr'>ἆγιον.</span> <span class='ocrx_word' id='word_1_368' title='bbox 628 1813 638 1830; x_wconf 83' lang='grc'><strong>›</strong></span> <span class='ocrx_word' id='word_1_369' title='bbox 658 1804 729 1840; x_wconf 84' lang='grc' dir='ltr'>Ἔφη</span> <span class='ocrx_word' id='word_1_370' title='bbox 748 1805 776 1831; x_wconf 89' lang='grc' dir='ltr'><strong>δέ</strong></span> <span class='ocrx_word' id='word_1_371' title='bbox 797 1814 847 1832; x_wconf 84' lang='grc' dir='ltr'><strong>που</strong></span> <span class='ocrx_word' id='word_1_372' title='bbox 863 1806 910 1832; x_wconf 80' lang='grc' dir='ltr'><strong>καὶ</strong></span> 
     </span>
    </p>
   </div>
   <div class='ocr_carea' id='block_1_55' title="bbox 119 1846 909 1887">
    <p class='ocr_par' dir='ltr' id='par_1_55' title="bbox 119 1846 909 1887">
     <span class='ocr_line' id='line_1_55' title="bbox 119 1846 909 1887; baseline 0.006 -14"><span class='ocrx_word' id='word_1_373' title='bbox 119 1847 134 1872; x_wconf 82' lang='grc' dir='ltr'>ὁ</span> <span class='ocrx_word' id='word_1_374' title='bbox 155 1846 290 1882; x_wconf 83' lang='grc' dir='ltr'>μακάριος</span> <span class='ocrx_word' id='word_1_375' title='bbox 315 1847 437 1880; x_wconf 78' lang='grc' dir='ltr'><strong>Παῦλος,</strong></span> <span class='ocrx_word' id='word_1_376' title='bbox 454 1849 494 1875; x_wconf 78' lang='grc' dir='ltr'>ὅτι</span> <span class='ocrx_word' id='word_1_377' title='bbox 520 1859 530 1874; x_wconf 86' lang='grc'><strong><em>‹</em></strong></span> <span class='ocrx_word' id='word_1_378' title='bbox 561 1849 597 1876; x_wconf 86' lang='grc' dir='ltr'>Τὸ</span> <span class='ocrx_word' id='word_1_379' title='bbox 614 1849 710 1886; x_wconf 84' lang='grc' dir='ltr'>Πάσχα</span> <span class='ocrx_word' id='word_1_380' title='bbox 733 1850 811 1886; x_wconf 86' lang='grc' dir='ltr'>ἡμῶν</span> <span class='ocrx_word' id='word_1_381' title='bbox 828 1851 909 1887; x_wconf 80' lang='grc' dir='ltr'><strong>ἐτύθη</strong></span> 
     </span>
    </p>
   </div>
   <div class='ocr_carea' id='block_1_56' title="bbox 119 1892 911 1932">
    <p class='ocr_par' dir='ltr' id='par_1_56' title="bbox 119 1892 911 1932">
     <span class='ocr_line' id='line_1_56' title="bbox 119 1892 911 1932; baseline 0.006 -14"><span class='ocrx_word' id='word_1_382' title='bbox 119 1892 250 1926; x_wconf 81' lang='grc' dir='ltr'>Χριστός.</span> <span class='ocrx_word' id='word_1_383' title='bbox 271 1902 280 1919; x_wconf 73' lang='grc' dir='ltr'><strong>ι</strong></span> <span class='ocrx_word' id='word_1_384' title='bbox 302 1893 407 1929; x_wconf 85' lang='grc' dir='ltr'>Ἡμέρα</span> <span class='ocrx_word' id='word_1_385' title='bbox 420 1902 451 1928; x_wconf 88' lang='grc' dir='ltr'>γε</span> <span class='ocrx_word' id='word_1_386' title='bbox 467 1894 520 1930; x_wconf 80' lang='grc' dir='ltr'><strong>μὴν</strong></span> <span class='ocrx_word' id='word_1_387' title='bbox 537 1895 585 1930; x_wconf 85' lang='grc' dir='ltr'>τῆς</span> <span class='ocrx_word' id='word_1_388' title='bbox 599 1896 733 1932; x_wconf 79' lang='grc' dir='ltr'>σωτηρίου</span> <span class='ocrx_word' id='word_1_389' title='bbox 749 1896 849 1932; x_wconf 84' lang='grc' dir='ltr'>ταύτης</span> <span class='ocrx_word' id='word_1_390' title='bbox 863 1897 911 1923; x_wconf 74' lang='grc' dir='ltr'>καὶ</span> 
     </span>
    </p>
   </div>
   <div class='ocr_carea' id='block_1_57' title="bbox 122 1938 909 1977">
    <p class='ocr_par' dir='ltr' id='par_1_57' title="bbox 122 1938 909 1977">
     <span class='ocr_line' id='line_1_57' title="bbox 122 1938 909 1977; baseline 0.006 -13"><span class='ocrx_word' id='word_1_391' title='bbox 122 1938 291 1965; x_wconf 81' lang='grc' dir='ltr'>πολυεύκτου</span> <span class='ocrx_word' id='word_1_392' title='bbox 319 1939 437 1974; x_wconf 85' lang='grc' dir='ltr'><strong>σφαγῆς,</strong></span> <span class='ocrx_word' id='word_1_393' title='bbox 456 1941 472 1976; x_wconf 88' lang='grc' dir='ltr'><strong>ἡ</strong></span> <span class='ocrx_word' id='word_1_394' title='bbox 493 1941 563 1967; x_wconf 86' lang='grc' dir='ltr'>κατὰ</span> <span class='ocrx_word' id='word_1_395' title='bbox 582 1941 697 1977; x_wconf 82' lang='grc' dir='ltr'>σελήνην</span> <span class='ocrx_word' id='word_1_396' title='bbox 715 1950 909 1977; x_wconf 77' lang='grc' dir='ltr'>τεσσαρεσκαι-</span> 
     </span>
    </p>
   </div>
   <div class='ocr_carea' id='block_1_58' title="bbox 119 1983 910 2024">
    <p class='ocr_par' dir='ltr' id='par_1_58' title="bbox 119 1983 910 2024">
     <span class='ocr_line' id='line_1_58' title="bbox 119 1983 910 2024; baseline 0.006 -14"><span class='ocrx_word' id='word_1_397' title='bbox 119 1983 231 2018; x_wconf 78' lang='grc' dir='ltr'>δεκάτη.</span> <span class='ocrx_word' id='word_1_398' title='bbox 250 1983 328 2011; x_wconf 77' lang='grc' dir='ltr'>οὕτω</span> <span class='ocrx_word' id='word_1_399' title='bbox 344 1985 390 2011; x_wconf 78' lang='grc' dir='ltr'><strong>καὶ</strong></span> <span class='ocrx_word' id='word_1_400' title='bbox 403 1986 417 2011; x_wconf 82' lang='grc' dir='ltr'>ὁ</span> <span class='ocrx_word' id='word_1_401' title='bbox 433 1985 515 2021; x_wconf 85' lang='grc' dir='ltr'>νόμος</span> <span class='ocrx_word' id='word_1_402' title='bbox 533 1988 670 2022; x_wconf 78' lang='grc' dir='ltr'>προανεκή</span> <span class='ocrx_word' id='word_1_403' title='bbox 677 1996 770 2023; x_wconf 80' lang='grc' dir='ltr'>ρυττεν</span> <span class='ocrx_word' id='word_1_404' title='bbox 788 1988 910 2024; x_wconf 84' lang='grc' dir='ltr'>ὲναργῶς</span> 
     </span>
    </p>
   </div>
   <div class='ocr_carea' id='block_1_59' title="bbox 119 2029 909 2070">
    <p class='ocr_par' dir='ltr' id='par_1_59' title="bbox 119 2029 909 2070">
     <span class='ocr_line' id='line_1_59' title="bbox 119 2029 909 2070; baseline 0.006 -15"><span class='ocrx_word' id='word_1_405' title='bbox 119 2029 170 2064; x_wconf 83' lang='grc' dir='ltr'>τῆς</span> <span class='ocrx_word' id='word_1_406' title='bbox 184 2029 231 2056; x_wconf 83' lang='grc' dir='ltr'>τοῦ</span> <span class='ocrx_word' id='word_1_407' title='bbox 245 2030 371 2066; x_wconf 81' lang='grc' dir='ltr'>Σωτῆρος</span> <span class='ocrx_word' id='word_1_408' title='bbox 385 2030 463 2066; x_wconf 83' lang='grc' dir='ltr'><strong>ἡμῶν</strong></span> <span class='ocrx_word' id='word_1_409' title='bbox 485 2032 591 2068; x_wconf 78' lang='grc' dir='ltr'>σφαγῆς</span> <span class='ocrx_word' id='word_1_410' title='bbox 605 2032 651 2059; x_wconf 75' lang='grc' dir='ltr'>τὸν</span> <span class='ocrx_word' id='word_1_411' title='bbox 669 2033 773 2069; x_wconf 79' lang='grc' dir='ltr'>καιρὸν,</span> <span class='ocrx_word' id='word_1_412' title='bbox 791 2033 824 2069; x_wconf 84' lang='grc' dir='ltr'>ἣν</span> <span class='ocrx_word' id='word_1_413' title='bbox 839 2034 909 2070; x_wconf 83' lang='grc' dir='ltr'>ὑπὲρ</span> 
     </span>
    </p>
   </div>
   <div class='ocr_carea' id='block_1_60' title="bbox 118 2076 907 2114">
    <p class='ocr_par' dir='ltr' id='par_1_60' title="bbox 118 2076 907 2114">
     <span class='ocr_line' id='line_1_60' title="bbox 118 2076 907 2114; baseline 0.005 -12"><span class='ocrx_word' id='word_1_414' title='bbox 118 2076 170 2110; x_wconf 72' lang='grc' dir='ltr'>τῆς</span> <span class='ocrx_word' id='word_1_415' title='bbox 183 2076 230 2103; x_wconf 80' lang='grc' dir='ltr'>τοῦ</span> <span class='ocrx_word' id='word_1_416' title='bbox 246 2077 348 2112; x_wconf 80' lang='grc' dir='ltr'>κόσμου</span> <span class='ocrx_word' id='word_1_417' title='bbox 366 2076 439 2111; x_wconf 82' lang='grc' dir='ltr'>ζωῆς</span> <span class='ocrx_word' id='word_1_418' title='bbox 455 2077 698 2114; x_wconf 78' lang='grc' dir='ltr'>ὑπομεμενηκέναι</span> <span class='ocrx_word' id='word_1_419' title='bbox 715 2079 805 2114; x_wconf 79' lang='grc' dir='ltr'>φαμὲν</span> <span class='ocrx_word' id='word_1_420' title='bbox 817 2080 907 2106; x_wconf 73' lang='grc' dir='ltr'><strong>αὐτόν·</strong></span> 
     </span>
    </p>
   </div>
   <div class='ocr_carea' id='block_1_61' title="bbox 123 2121 909 2160">
    <p class='ocr_par' dir='ltr' id='par_1_61' title="bbox 123 2121 909 2160">
     <span class='ocr_line' id='line_1_61' title="bbox 123 2121 909 2160; baseline 0.005 -13"><span class='ocrx_word' id='word_1_421' title='bbox 123 2131 133 2146; x_wconf 76' lang='grc' dir='ltr'><strong>ε</strong></span> <span class='ocrx_word' id='word_1_422' title='bbox 152 2121 191 2157; x_wconf 82' lang='grc' dir='ltr'><strong>Τῇ</strong></span> <span class='ocrx_word' id='word_1_423' title='bbox 211 2121 265 2157; x_wconf 77' lang='grc' dir='ltr'><strong>γὰρ</strong></span> <span class='ocrx_word' id='word_1_424' title='bbox 279 2121 389 2157; x_wconf 79' lang='grc' dir='ltr'>δεκάτῃ,</span> <span class='ocrx_word' id='word_1_425' title='bbox 406 2123 483 2158; x_wconf 76' lang='grc' dir='ltr'>φησὶ,</span> <span class='ocrx_word' id='word_1_426' title='bbox 504 2122 551 2149; x_wconf 81' lang='grc' dir='ltr'>τοῦ</span> <span class='ocrx_word' id='word_1_427' title='bbox 563 2123 649 2158; x_wconf 73' lang='grc' dir='ltr'>μηνὸς</span> <span class='ocrx_word' id='word_1_428' title='bbox 663 2123 710 2150; x_wconf 78' lang='grc' dir='ltr'>τοῦ</span> <span class='ocrx_word' id='word_1_429' title='bbox 724 2124 844 2160; x_wconf 83' lang='grc' dir='ltr'>πρώτου,</span> <span class='ocrx_word' id='word_1_430' title='bbox 861 2125 909 2152; x_wconf 86' lang='grc' dir='ltr'><strong>λα-</strong></span> 
     </span>
    </p>
   </div>
   <div class='ocr_carea' id='block_1_62' title="bbox 119 2166 908 2205">
    <p class='ocr_par' dir='ltr' id='par_1_62' title="bbox 119 2166 908 2205">
     <span class='ocr_line' id='line_1_62' title="bbox 119 2166 908 2205; baseline 0.005 -13"><span class='ocrx_word' id='word_1_431' title='bbox 119 2166 244 2193; x_wconf 83' lang='grc' dir='ltr'>ϐέτωσαν</span> <span class='ocrx_word' id='word_1_432' title='bbox 254 2167 358 2198; x_wconf 78' lang='grc' dir='ltr'>ἑαυτοῖς</span> <span class='ocrx_word' id='word_1_433' title='bbox 372 2167 507 2203; x_wconf 83' lang='grc' dir='ltr'>πρόϐατον</span> <span class='ocrx_word' id='word_1_434' title='bbox 518 2169 579 2194; x_wconf 85' lang='grc' dir='ltr'>κατ’</span> <span class='ocrx_word' id='word_1_435' title='bbox 593 2168 696 2200; x_wconf 78' lang='grc' dir='ltr'>οἴκους,</span> <span class='ocrx_word' id='word_1_436' title='bbox 710 2169 769 2195; x_wconf 78' lang='grc' dir='ltr'>κατ’</span> <span class='ocrx_word' id='word_1_437' title='bbox 781 2169 908 2205; x_wconf 81' lang='grc' dir='ltr'>ἀριθμὸν,</span> 
     </span>
    </p>
   </div>
   <div class='ocr_carea' id='block_1_63' title="bbox 992 975 1743 1013">
    <p class='ocr_par' dir='ltr' id='par_1_63' title="bbox 992 975 1743 1013">
     <span class='ocr_line' id='line_1_63' title="bbox 992 975 1743 1013; baseline -0.005 -7"><span class='ocrx_word' id='word_1_438' title='bbox 992 978 1071 1006; x_wconf 82' lang='lat' dir='ltr'><strong>CYR.</strong></span> <span class='ocrx_word' id='word_1_439' title='bbox 1091 978 1310 1006; x_wconf 89' lang='lat' dir='ltr'><strong>Prudentissime</strong></span> <span class='ocrx_word' id='word_1_440' title='bbox 1324 977 1436 1013; x_wconf 88' lang='lat' dir='ltr'><strong>quidem</strong></span> <span class='ocrx_word' id='word_1_441' title='bbox 1449 985 1482 1005; x_wconf 89' lang='lat' dir='ltr'><strong>ac</strong></span> <span class='ocrx_word' id='word_1_442' title='bbox 1505 976 1659 1004; x_wconf 85' lang='lat' dir='ltr'><strong>rectissime</strong></span> <span class='ocrx_word' id='word_1_443' title='bbox 1673 975 1743 1003; x_wconf 86' lang='lat' dir='ltr'><strong>dixi-</strong></span> 
     </span>
    </p>
   </div>
   <div class='ocr_carea' id='block_1_64' title="bbox 958 1021 1745 1060">
    <p class='ocr_par' dir='ltr' id='par_1_64' title="bbox 958 1021 1745 1060">
     <span class='ocr_line' id='line_1_64' title="bbox 958 1021 1745 1060; baseline -0.005 -9"><span class='ocrx_word' id='word_1_444' title='bbox 958 1025 1002 1052; x_wconf 88' lang='lat' dir='ltr'><strong>sti.</strong></span> <span class='ocrx_word' id='word_1_445' title='bbox 1015 1024 1085 1058; x_wconf 87' lang='lat' dir='ltr'><strong>Quid</strong></span> <span class='ocrx_word' id='word_1_446' title='bbox 1092 1032 1177 1060; x_wconf 92' lang='lat' dir='ltr'><strong>porro</strong></span> <span class='ocrx_word' id='word_1_447' title='bbox 1184 1024 1195 1052; x_wconf 90' lang='lat'><strong>?</strong></span> <span class='ocrx_word' id='word_1_448' title='bbox 1202 1031 1293 1052; x_wconf 86' lang='lat' dir='ltr'><strong>nonne</strong></span> <span class='ocrx_word' id='word_1_449' title='bbox 1304 1023 1399 1059; x_wconf 88' lang='lat' dir='ltr'><strong>quinta</strong></span> <span class='ocrx_word' id='word_1_450' title='bbox 1409 1021 1521 1051; x_wconf 87' lang='lat' dir='ltr'><strong>Sabbati</strong></span> <span class='ocrx_word' id='word_1_451' title='bbox 1533 1021 1662 1049; x_wconf 86' lang='lat' dir='ltr'><strong>traditum</strong></span> <span class='ocrx_word' id='word_1_452' title='bbox 1685 1029 1745 1048; x_wconf 77' lang='lat' dir='ltr'><strong>esse</strong></span> 
     </span>
    </p>
   </div>
   <div class='ocr_carea' id='block_1_65' title="bbox 959 1068 1745 1105">
    <p class='ocr_par' dir='ltr' id='par_1_65' title="bbox 959 1068 1745 1105">
     <span class='ocr_line' id='line_1_65' title="bbox 959 1068 1745 1105; baseline -0.004 -7"><span class='ocrx_word' id='word_1_453' title='bbox 959 1071 1035 1098; x_wconf 90' lang='lat' dir='ltr'><strong>illum</strong></span> <span class='ocrx_word' id='word_1_454' title='bbox 1055 1071 1187 1104; x_wconf 89' lang='lat' dir='ltr'><strong>dicimus,</strong></span> <span class='ocrx_word' id='word_1_455' title='bbox 1199 1078 1232 1099; x_wconf 86' lang='lat' dir='ltr'><strong>ac</strong></span> <span class='ocrx_word' id='word_1_456' title='bbox 1247 1070 1322 1098; x_wconf 86' lang='lat' dir='ltr'><strong>velut</strong></span> <span class='ocrx_word' id='word_1_457' title='bbox 1341 1069 1375 1098; x_wconf 85' lang='lat' dir='ltr'><strong>ad</strong></span> <span class='ocrx_word' id='word_1_458' title='bbox 1395 1068 1473 1097; x_wconf 87' lang='lat' dir='ltr'><strong>initia</strong></span> <span class='ocrx_word' id='word_1_459' title='bbox 1485 1069 1644 1105; x_wconf 84' lang='lat' dir='ltr'><strong>pervenisse</strong></span> <span class='ocrx_word' id='word_1_460' title='bbox 1661 1068 1745 1095; x_wconf 86' lang='lat' dir='ltr'><strong>totius</strong></span> 
     </span>
    </p>
   </div>
   <div class='ocr_carea' id='block_1_66' title="bbox 958 1115 1743 1153">
    <p class='ocr_par' dir='ltr' id='par_1_66' title="bbox 958 1115 1743 1153">
     <span class='ocr_line' id='line_1_66' title="bbox 958 1115 1743 1153; baseline -0.005 -8"><span class='ocrx_word' id='word_1_461' title='bbox 958 1116 1179 1152; x_wconf 84' lang='lat' dir='ltr'><strong>dispensationis,</strong></span> <span class='ocrx_word' id='word_1_462' title='bbox 1192 1124 1242 1153; x_wconf 84' lang='lat' dir='ltr'><strong>per</strong></span> <span class='ocrx_word' id='word_1_463' title='bbox 1261 1123 1342 1152; x_wconf 87' lang='lat' dir='ltr'><strong>quam</strong></span> <span class='ocrx_word' id='word_1_464' title='bbox 1365 1116 1494 1144; x_wconf 88' lang='lat' dir='ltr'><strong>omnibus</strong></span> <span class='ocrx_word' id='word_1_465' title='bbox 1512 1115 1592 1144; x_wconf 89' lang='lat' dir='ltr'><strong>nobis</strong></span> <span class='ocrx_word' id='word_1_466' title='bbox 1609 1119 1651 1142; x_wconf 85' lang='lat' dir='ltr'><strong>est</strong></span> <span class='ocrx_word' id='word_1_467' title='bbox 1669 1119 1743 1150; x_wconf 85' lang='lat' dir='ltr'><strong>parta</strong></span> 
     </span>
    </p>
   </div>
   <div class='ocr_carea' id='block_1_67' title="bbox 958 1161 1744 1199">
    <p class='ocr_par' dir='ltr' id='par_1_67' title="bbox 958 1161 1744 1199">
     <span class='ocr_line' id='line_1_67' title="bbox 958 1161 1744 1199; baseline -0.005 -8"><span class='ocrx_word' id='word_1_468' title='bbox 958 1164 1041 1196; x_wconf 80' lang='lat' dir='ltr'><strong>salus,</strong></span> <span class='ocrx_word' id='word_1_469' title='bbox 1055 1171 1116 1191; x_wconf 86' lang='lat' dir='ltr'><strong>cum</strong></span> <span class='ocrx_word' id='word_1_470' title='bbox 1128 1167 1241 1199; x_wconf 86' lang='lat' dir='ltr'><strong>propter</strong></span> <span class='ocrx_word' id='word_1_471' title='bbox 1252 1170 1304 1190; x_wconf 87' lang='lat' dir='ltr'><strong>nos</strong></span> <span class='ocrx_word' id='word_1_472' title='bbox 1314 1162 1396 1190; x_wconf 89' lang='lat' dir='ltr'><strong>homo</strong></span> <span class='ocrx_word' id='word_1_473' title='bbox 1404 1161 1502 1194; x_wconf 83' lang='lat' dir='ltr'><strong>factus,</strong></span> <span class='ocrx_word' id='word_1_474' title='bbox 1513 1168 1622 1189; x_wconf 88' lang='lat' dir='ltr'><strong>crucem</strong></span> <span class='ocrx_word' id='word_1_475' title='bbox 1635 1168 1684 1196; x_wconf 89' lang='lat' dir='ltr'><strong>pro</strong></span> <span class='ocrx_word' id='word_1_476' title='bbox 1695 1168 1744 1187; x_wconf 89' lang='lat' dir='ltr'><strong>no-</strong></span> 
     </span>
    </p>
   </div>
   <div class='ocr_carea' id='block_1_68' title="bbox 959 1207 1305 1244">
    <p class='ocr_par' dir='ltr' id='par_1_68' title="bbox 959 1207 1305 1244">
     <span class='ocr_line' id='line_1_68' title="bbox 959 1207 1305 1244; baseline -0.003 -8"><span class='ocrx_word' id='word_1_477' title='bbox 959 1209 1001 1236; x_wconf 91' lang='lat' dir='ltr'><strong>bis</strong></span> <span class='ocrx_word' id='word_1_478' title='bbox 1014 1209 1160 1236; x_wconf 84' lang='lat' dir='ltr'><strong>salutarem</strong></span> <span class='ocrx_word' id='word_1_479' title='bbox 1174 1207 1305 1244; x_wconf 79' lang='lat' dir='ltr'><strong>pertulit?</strong></span> 
     </span>
    </p>
   </div>
   <div class='ocr_carea' id='block_1_69' title="bbox 994 1254 1317 1282">
    <p class='ocr_par' dir='ltr' id='par_1_69' title="bbox 994 1254 1317 1282">
     <span class='ocr_line' id='line_1_69' title="bbox 994 1254 1317 1282; baseline -0.003 0"><span class='ocrx_word' id='word_1_480' title='bbox 994 1254 1092 1282; x_wconf 76' lang='lat' dir='ltr'>PALL.</span> <span class='ocrx_word' id='word_1_481' title='bbox 1109 1254 1224 1282; x_wconf 78' lang='lat' dir='ltr'><strong>Maxime</strong></span> <span class='ocrx_word' id='word_1_482' title='bbox 1240 1261 1317 1282; x_wconf 85' lang='lat' dir='ltr'><strong>vero.</strong></span> 
     </span>
    </p>
   </div>
   <div class='ocr_carea' id='block_1_70' title="bbox 993 1296 1744 1336">
    <p class='ocr_par' dir='ltr' id='par_1_70' title="bbox 993 1296 1744 1336">
     <span class='ocr_line' id='line_1_70' title="bbox 993 1296 1744 1336; baseline -0.008 -8"><span class='ocrx_word' id='word_1_483' title='bbox 993 1301 1071 1329; x_wconf 78' lang='lat' dir='ltr'><strong>CYR.</strong></span> <span class='ocrx_word' id='word_1_484' title='bbox 1087 1301 1202 1328; x_wconf 75' lang='lat' dir='ltr'><strong>Mortem</strong></span> <span class='ocrx_word' id='word_1_485' title='bbox 1215 1308 1298 1336; x_wconf 87' lang='lat' dir='ltr'><strong>porro</strong></span> <span class='ocrx_word' id='word_1_486' title='bbox 1312 1306 1404 1328; x_wconf 87' lang='lat' dir='ltr'><strong>nonne</strong></span> <span class='ocrx_word' id='word_1_487' title='bbox 1424 1296 1571 1330; x_wconf 78' lang='lat' dir='ltr'><strong>destruxit,</strong></span> <span class='ocrx_word' id='word_1_488' title='bbox 1589 1302 1680 1332; x_wconf 87' lang='lat' dir='ltr'><strong>atque,</strong></span> <span class='ocrx_word' id='word_1_489' title='bbox 1702 1296 1744 1323; x_wconf 91' lang='lat' dir='ltr'><strong>in-</strong></span> 
     </span>
    </p>
   </div>
   <div class='ocr_carea' id='block_1_71' title="bbox 960 1340 1744 1382">
    <p class='ocr_par' dir='ltr' id='par_1_71' title="bbox 960 1340 1744 1382">
     <span class='ocr_line' id='line_1_71' title="bbox 960 1340 1744 1382; baseline -0.008 -8"><span class='ocrx_word' id='word_1_490' title='bbox 960 1346 1026 1375; x_wconf 83' lang='lat' dir='ltr'><strong>feris</strong></span> <span class='ocrx_word' id='word_1_491' title='bbox 1043 1346 1213 1382; x_wconf 81' lang='lat' dir='ltr'><strong>exspoliatis,</strong></span> <span class='ocrx_word' id='word_1_492' title='bbox 1228 1345 1329 1374; x_wconf 75' lang='lat' dir='ltr'><strong>revixit</strong></span> <span class='ocrx_word' id='word_1_493' title='bbox 1341 1345 1442 1373; x_wconf 85' lang='lat' dir='ltr'><strong>iterum</strong></span> <span class='ocrx_word' id='word_1_494' title='bbox 1459 1348 1558 1373; x_wconf 80' lang='lat' dir='ltr'><strong>octavo</strong></span> <span class='ocrx_word' id='word_1_495' title='bbox 1573 1341 1630 1376; x_wconf 84' lang='lat' dir='ltr'><strong>die,</strong></span> <span class='ocrx_word' id='word_1_496' title='bbox 1649 1340 1679 1369; x_wconf 89' lang='lat' dir='ltr'><strong>id</strong></span> <span class='ocrx_word' id='word_1_497' title='bbox 1692 1343 1744 1374; x_wconf 86' lang='lat' dir='ltr'><strong>est,</strong></span> 
     </span>
    </p>
   </div>
   <div class='ocr_carea' id='block_1_72' title="bbox 960 1392 1237 1421">
    <p class='ocr_par' dir='ltr' id='par_1_72' title="bbox 960 1392 1237 1421">
     <span class='ocr_line' id='line_1_72' title="bbox 960 1392 1237 1421; baseline -0.011 0"><span class='ocrx_word' id='word_1_498' title='bbox 960 1401 1013 1421; x_wconf 88' lang='lat' dir='ltr'><strong>una</strong></span> <span class='ocrx_word' id='word_1_499' title='bbox 1029 1393 1214 1421; x_wconf 85' lang='lat' dir='ltr'><strong>Sabbatorum</strong></span> <span class='ocrx_word' id='word_1_500' title='bbox 1224 1392 1237 1418; x_wconf 66' lang='grc' dir='ltr'><em>ἲ</em></span> 
     </span>
    </p>
   </div>
   <div class='ocr_carea' id='block_1_73' title="bbox 995 1436 1568 1473">
    <p class='ocr_par' dir='ltr' id='par_1_73' title="bbox 995 1436 1568 1473">
     <span class='ocr_line' id='line_1_73' title="bbox 995 1436 1568 1473; baseline -0.003 -6"><span class='ocrx_word' id='word_1_501' title='bbox 995 1438 1094 1467; x_wconf 77' lang='lat' dir='ltr'><strong>PALL.</strong></span> <span class='ocrx_word' id='word_1_502' title='bbox 1108 1439 1219 1467; x_wconf 87' lang='lat' dir='ltr'><strong>Minime</strong></span> <span class='ocrx_word' id='word_1_503' title='bbox 1231 1438 1259 1466; x_wconf 93' lang='lat' dir='ltr'><strong>id</strong></span> <span class='ocrx_word' id='word_1_504' title='bbox 1269 1437 1380 1473; x_wconf 87' lang='lat' dir='ltr'><strong>quidem</strong></span> <span class='ocrx_word' id='word_1_505' title='bbox 1391 1436 1568 1472; x_wconf 68' lang='lat' dir='ltr'><strong>ambigunm.‘</strong></span> 
     </span>
    </p>
   </div>
   <div class='ocr_carea' id='block_1_74' title="bbox 994 1480 1746 1519">
    <p class='ocr_par' dir='ltr' id='par_1_74' title="bbox 994 1480 1746 1519">
     <span class='ocr_line' id='line_1_74' title="bbox 994 1480 1746 1519; baseline -0.007 -7"><span class='ocrx_word' id='word_1_506' title='bbox 994 1484 1073 1512; x_wconf 65' lang='grc' dir='ltr'><strong>(ΝΚ.</strong></span> <span class='ocrx_word' id='word_1_507' title='bbox 1085 1483 1240 1517; x_wconf 84' lang='lat' dir='ltr'><strong>Quinetiam</strong></span> <span class='ocrx_word' id='word_1_508' title='bbox 1260 1483 1373 1519; x_wconf 86' lang='lat' dir='ltr'><strong>antiqua</strong></span> <span class='ocrx_word' id='word_1_509' title='bbox 1392 1483 1437 1511; x_wconf 61' lang='lat' dir='ltr'><strong>lex</strong></span> <span class='ocrx_word' id='word_1_510' title='bbox 1455 1480 1693 1510; x_wconf 85' lang='lat' dir='ltr'><strong>circumcisionem</strong></span> <span class='ocrx_word' id='word_1_511' title='bbox 1712 1480 1746 1508; x_wconf 87' lang='lat' dir='ltr'><strong>il-</strong></span> 
     </span>
    </p>
   </div>
   <div class='ocr_carea' id='block_1_75' title="bbox 961 1526 1746 1565">
    <p class='ocr_par' dir='ltr' id='par_1_75' title="bbox 961 1526 1746 1565">
     <span class='ocr_line' id='line_1_75' title="bbox 961 1526 1746 1565; baseline -0.006 -7"><span class='ocrx_word' id='word_1_512' title='bbox 961 1531 1014 1557; x_wconf 87' lang='lat' dir='ltr'><strong>lam</strong></span> <span class='ocrx_word' id='word_1_513' title='bbox 1038 1531 1066 1558; x_wconf 92' lang='lat' dir='ltr'><strong>in</strong></span> <span class='ocrx_word' id='word_1_514' title='bbox 1083 1538 1175 1563; x_wconf 88' lang='lat' dir='ltr'><strong>carne,</strong></span> <span class='ocrx_word' id='word_1_515' title='bbox 1195 1537 1256 1565; x_wconf 76' lang='lat' dir='ltr'><strong>quae</strong></span> <span class='ocrx_word' id='word_1_516' title='bbox 1279 1529 1382 1564; x_wconf 74' lang='lat' dir='ltr'><strong>etIigies</strong></span> <span class='ocrx_word' id='word_1_517' title='bbox 1399 1528 1523 1564; x_wconf 68' lang='lat' dir='ltr'><strong>quaedam</strong></span> <span class='ocrx_word' id='word_1_518' title='bbox 1544 1531 1617 1555; x_wconf 86' lang='lat' dir='ltr'><strong>esset</strong></span> <span class='ocrx_word' id='word_1_519' title='bbox 1626 1526 1699 1554; x_wconf 90' lang='lat' dir='ltr'><strong>illius</strong></span> <span class='ocrx_word' id='word_1_520' title='bbox 1720 1526 1746 1553; x_wconf 87' lang='lat' dir='ltr'><strong>in</strong></span> 
     </span>
    </p>
   </div>
   <div class='ocr_carea' id='block_1_76' title="bbox 961 1572 1749 1611">
    <p class='ocr_par' dir='ltr' id='par_1_76' title="bbox 961 1572 1749 1611">
     <span class='ocr_line' id='line_1_76' title="bbox 961 1572 1749 1611; baseline -0.006 -8"><span class='ocrx_word' id='word_1_521' title='bbox 961 1575 1060 1611; x_wconf 81' lang='lat' dir='ltr'><strong>spiritu</strong></span> <span class='ocrx_word' id='word_1_522' title='bbox 1071 1579 1100 1603; x_wconf 87' lang='lat' dir='ltr'><strong>et</strong></span> <span class='ocrx_word' id='word_1_523' title='bbox 1119 1575 1236 1603; x_wconf 75' lang='lat' dir='ltr'><strong>veritate</strong></span> <span class='ocrx_word' id='word_1_524' title='bbox 1258 1573 1487 1606; x_wconf 88' lang='lat' dir='ltr'><strong>circumcisionis,</strong></span> <span class='ocrx_word' id='word_1_525' title='bbox 1503 1572 1634 1608; x_wconf 64' lang='lat' dir='ltr'><strong>praecepit</strong></span> <span class='ocrx_word' id='word_1_526' title='bbox 1653 1574 1749 1599; x_wconf 90' lang='lat' dir='ltr'><strong>octavo</strong></span> 
     </span>
    </p>
   </div>
   <div class='ocr_carea' id='block_1_77' title="bbox 961 1617 1747 1654">
    <p class='ocr_par' dir='ltr' id='par_1_77' title="bbox 961 1617 1747 1654">
     <span class='ocr_line' id='line_1_77' title="bbox 961 1617 1747 1654; baseline -0.008 -5"><span class='ocrx_word' id='word_1_527' title='bbox 961 1621 1005 1649; x_wconf 91' lang='lat' dir='ltr'><strong>die</strong></span> <span class='ocrx_word' id='word_1_528' title='bbox 1019 1621 1089 1649; x_wconf 87' lang='lat' dir='ltr'><strong>ﬁeri.</strong></span> <span class='ocrx_word' id='word_1_529' title='bbox 1100 1620 1282 1649; x_wconf 87' lang='lat' dir='ltr'><strong>Circumcisio</strong></span> <span class='ocrx_word' id='word_1_530' title='bbox 1296 1623 1388 1648; x_wconf 88' lang='lat' dir='ltr'><strong>autem</strong></span> <span class='ocrx_word' id='word_1_531' title='bbox 1399 1619 1487 1648; x_wconf 88' lang='lat' dir='ltr'><strong>veteri</strong></span> <span class='ocrx_word' id='word_1_532' title='bbox 1508 1619 1553 1646; x_wconf 85' lang='lat' dir='ltr'><strong>illa</strong></span> <span class='ocrx_word' id='word_1_533' title='bbox 1564 1617 1747 1654; x_wconf 79' lang='lat' dir='ltr'><strong>praestantior,</strong></span> 
     </span>
    </p>
   </div>
   <div class='ocr_carea' id='block_1_78' title="bbox 960 1661 1747 1701">
    <p class='ocr_par' dir='ltr' id='par_1_78' title="bbox 960 1661 1747 1701">
     <span class='ocr_line' id='line_1_78' title="bbox 960 1661 1747 1701; baseline -0.006 -7"><span class='ocrx_word' id='word_1_534' title='bbox 960 1667 1029 1699; x_wconf 76' lang='lat' dir='ltr'><strong>haec,</strong></span> <span class='ocrx_word' id='word_1_535' title='bbox 1045 1667 1168 1701; x_wconf 85' lang='lat' dir='ltr'><strong>inquam,</strong></span> <span class='ocrx_word' id='word_1_536' title='bbox 1186 1666 1215 1693; x_wconf 88' lang='lat' dir='ltr'><strong>in</strong></span> <span class='ocrx_word' id='word_1_537' title='bbox 1226 1665 1338 1701; x_wconf 85' lang='lat' dir='ltr'><strong>spiritu,</strong></span> <span class='ocrx_word' id='word_1_538' title='bbox 1350 1665 1438 1694; x_wconf 85' lang='lat' dir='ltr'><strong>sancti</strong></span> <span class='ocrx_word' id='word_1_539' title='bbox 1450 1664 1570 1700; x_wconf 86' lang='lat' dir='ltr'><strong>Spiritus</strong></span> <span class='ocrx_word' id='word_1_540' title='bbox 1582 1667 1624 1691; x_wconf 88' lang='lat' dir='ltr'><strong>est</strong></span> <span class='ocrx_word' id='word_1_541' title='bbox 1635 1661 1747 1698; x_wconf 86' lang='lat' dir='ltr'><strong>partici-</strong></span> 
     </span>
    </p>
   </div>
   <div class='ocr_carea' id='block_1_79' title="bbox 961 1708 1747 1748">
    <p class='ocr_par' dir='ltr' id='par_1_79' title="bbox 961 1708 1747 1748">
     <span class='ocr_line' id='line_1_79' title="bbox 961 1708 1747 1748; baseline -0.006 -9"><span class='ocrx_word' id='word_1_542' title='bbox 961 1712 1045 1748; x_wconf 89' lang='lat' dir='ltr'><strong>patio,</strong></span> <span class='ocrx_word' id='word_1_543' title='bbox 1059 1715 1087 1739; x_wconf 89' lang='lat' dir='ltr'><strong>et</strong></span> <span class='ocrx_word' id='word_1_544' title='bbox 1100 1711 1187 1747; x_wconf 78' lang='lat' dir='ltr'><strong>gratia</strong></span> <span class='ocrx_word' id='word_1_545' title='bbox 1200 1711 1256 1744; x_wconf 89' lang='lat' dir='ltr'><strong>illa,</strong></span> <span class='ocrx_word' id='word_1_546' title='bbox 1277 1719 1359 1746; x_wconf 87' lang='lat' dir='ltr'><strong>quam</strong></span> <span class='ocrx_word' id='word_1_547' title='bbox 1381 1710 1410 1738; x_wconf 89' lang='lat' dir='ltr'><strong>in</strong></span> <span class='ocrx_word' id='word_1_548' title='bbox 1421 1708 1535 1738; x_wconf 76' lang='lat' dir='ltr'><strong>exordio</strong></span> <span class='ocrx_word' id='word_1_549' title='bbox 1546 1708 1747 1739; x_wconf 84' lang='lat' dir='ltr'><strong>habueramus;</strong></span> 
     </span>
    </p>
   </div>
   <div class='ocr_carea' id='block_1_80' title="bbox 960 1753 1747 1793">
    <p class='ocr_par' dir='ltr' id='par_1_80' title="bbox 960 1753 1747 1793">
     <span class='ocr_line' id='line_1_80' title="bbox 960 1753 1747 1793; baseline -0.006 -8"><span class='ocrx_word' id='word_1_550' title='bbox 960 1765 1052 1793; x_wconf 84' lang='lat' dir='ltr'><strong>quam,</strong></span> <span class='ocrx_word' id='word_1_551' title='bbox 1065 1757 1114 1785; x_wconf 89' lang='lat' dir='ltr'><strong>ubi</strong></span> <span class='ocrx_word' id='word_1_552' title='bbox 1126 1765 1141 1785; x_wconf 70' lang='grc' dir='ltr'><strong>ο</strong></span> <span class='ocrx_word' id='word_1_553' title='bbox 1155 1756 1272 1784; x_wconf 89' lang='lat' dir='ltr'><strong>mortuis</strong></span> <span class='ocrx_word' id='word_1_554' title='bbox 1281 1756 1380 1784; x_wconf 83' lang='lat' dir='ltr'><strong>revixit</strong></span> <span class='ocrx_word' id='word_1_555' title='bbox 1397 1755 1536 1787; x_wconf 81' lang='lat' dir='ltr'><strong>Christus,</strong></span> <span class='ocrx_word' id='word_1_556' title='bbox 1548 1754 1639 1782; x_wconf 91' lang='lat' dir='ltr'><strong>denuo</strong></span> <span class='ocrx_word' id='word_1_557' title='bbox 1655 1753 1747 1784; x_wconf 79' lang='lat' dir='ltr'><strong>nobis,</strong></span> 
     </span>
    </p>
   </div>
   <div class='ocr_carea' id='block_1_81' title="bbox 961 1800 1748 1837">
    <p class='ocr_par' dir='ltr' id='par_1_81' title="bbox 961 1800 1748 1837">
     <span class='ocr_line' id='line_1_81' title="bbox 961 1800 1748 1837; baseline -0.006 -6"><span class='ocrx_word' id='word_1_558' title='bbox 961 1803 1146 1836; x_wconf 83' lang='lat' dir='ltr'><strong>instauravit,</strong></span> <span class='ocrx_word' id='word_1_559' title='bbox 1181 1802 1303 1831; x_wconf 89' lang='lat' dir='ltr'><strong>dicens:</strong></span> <span class='ocrx_word' id='word_1_560' title='bbox 1335 1812 1344 1828; x_wconf 77' lang='grc' dir='ltr'>ί</span> <span class='ocrx_word' id='word_1_561' title='bbox 1362 1801 1486 1837; x_wconf 81' lang='lat' dir='ltr'><strong>Accipite</strong></span> <span class='ocrx_word' id='word_1_562' title='bbox 1522 1800 1654 1835; x_wconf 89' lang='lat' dir='ltr'><strong>Spiritum</strong></span> <span class='ocrx_word' id='word_1_563' title='bbox 1685 1807 1748 1827; x_wconf 70' lang='lat' dir='ltr'><strong>san~</strong></span> 
     </span>
    </p>
   </div>
   <div class='ocr_carea' id='block_1_82' title="bbox 960 1845 1748 1877">
    <p class='ocr_par' dir='ltr' id='par_1_82' title="bbox 960 1845 1748 1877">
     <span class='ocr_line' id='line_1_82' title="bbox 960 1845 1748 1877; baseline -0.006 0"><span class='ocrx_word' id='word_1_564' title='bbox 960 1854 1036 1877; x_wconf 88' lang='lat' dir='ltr'><strong>ctum</strong></span> <span class='ocrx_word' id='word_1_565' title='bbox 1047 1849 1080 1876; x_wconf 78' lang='grc'><strong>’⁵.</strong></span> <span class='ocrx_word' id='word_1_566' title='bbox 1096 1859 1106 1876; x_wconf 87' lang='grc'><strong>›</strong></span> <span class='ocrx_word' id='word_1_567' title='bbox 1120 1848 1195 1876; x_wconf 86' lang='lat' dir='ltr'><strong>Dixit</strong></span> <span class='ocrx_word' id='word_1_568' title='bbox 1205 1848 1290 1876; x_wconf 88' lang='lat' dir='ltr'><strong>etiam</strong></span> <span class='ocrx_word' id='word_1_569' title='bbox 1301 1847 1400 1876; x_wconf 79' lang='lat' dir='ltr'><strong>beatus</strong></span> <span class='ocrx_word' id='word_1_570' title='bbox 1411 1847 1512 1876; x_wconf 88' lang='lat' dir='ltr'><strong>Paulus</strong></span> <span class='ocrx_word' id='word_1_571' title='bbox 1525 1855 1532 1874; x_wconf 81' lang='lat' dir='ltr'><em>z</em></span> <span class='ocrx_word' id='word_1_572' title='bbox 1548 1856 1557 1872; x_wconf 88' lang='grc'><strong><em>‹</em></strong></span> <span class='ocrx_word' id='word_1_573' title='bbox 1573 1845 1677 1874; x_wconf 86' lang='lat' dir='ltr'><strong>Pascha</strong></span> <span class='ocrx_word' id='word_1_574' title='bbox 1698 1853 1748 1872; x_wconf 89' lang='lat' dir='ltr'><strong>no-</strong></span> 
     </span>
    </p>
   </div>
   <div class='ocr_carea' id='block_1_83' title="bbox 959 1893 1748 1928">
    <p class='ocr_par' dir='ltr' id='par_1_83' title="bbox 959 1893 1748 1928">
     <span class='ocr_line' id='line_1_83' title="bbox 959 1893 1748 1928; baseline -0.006 -5"><span class='ocrx_word' id='word_1_575' title='bbox 959 1900 1059 1928; x_wconf 89' lang='lat' dir='ltr'><strong>strum,</strong></span> <span class='ocrx_word' id='word_1_576' title='bbox 1072 1895 1229 1922; x_wconf 89' lang='lat' dir='ltr'><strong>immolatus</strong></span> <span class='ocrx_word' id='word_1_577' title='bbox 1244 1898 1286 1922; x_wconf 88' lang='lat' dir='ltr'><strong>est</strong></span> <span class='ocrx_word' id='word_1_578' title='bbox 1297 1893 1465 1922; x_wconf 83' lang='lat' dir='ltr'><strong>Christus&quot;.</strong></span> <span class='ocrx_word' id='word_1_579' title='bbox 1484 1902 1494 1919; x_wconf 90' lang='grc'><strong>›</strong></span> <span class='ocrx_word' id='word_1_580' title='bbox 1508 1893 1572 1920; x_wconf 86' lang='lat' dir='ltr'><strong>Dies</strong></span> <span class='ocrx_word' id='word_1_581' title='bbox 1592 1896 1683 1919; x_wconf 89' lang='lat' dir='ltr'><strong>autem</strong></span> <span class='ocrx_word' id='word_1_582' title='bbox 1697 1899 1748 1919; x_wconf 91' lang='lat' dir='ltr'><strong>nu-</strong></span> 
     </span>
    </p>
   </div>
   <div class='ocr_carea' id='block_1_84' title="bbox 958 1937 1748 1977">
    <p class='ocr_par' dir='ltr' id='par_1_84' title="bbox 958 1937 1748 1977">
     <span class='ocr_line' id='line_1_84' title="bbox 958 1937 1748 1977; baseline -0.008 -8"><span class='ocrx_word' id='word_1_583' title='bbox 958 1941 1003 1977; x_wconf 85' lang='lat' dir='ltr'><strong>jus</strong></span> <span class='ocrx_word' id='word_1_584' title='bbox 1019 1941 1146 1969; x_wconf 85' lang='lat' dir='ltr'><strong>salutaris</strong></span> <span class='ocrx_word' id='word_1_585' title='bbox 1167 1945 1195 1968; x_wconf 86' lang='lat' dir='ltr'><strong>et</strong></span> <span class='ocrx_word' id='word_1_586' title='bbox 1210 1939 1422 1976; x_wconf 68' lang='lat' dir='ltr'><strong>exoptatissima:</strong></span> <span class='ocrx_word' id='word_1_587' title='bbox 1437 1937 1630 1966; x_wconf 89' lang='lat' dir='ltr'><strong>immolationis</strong></span> <span class='ocrx_word' id='word_1_588' title='bbox 1651 1942 1693 1964; x_wconf 79' lang='lat' dir='ltr'><strong>est</strong></span> <span class='ocrx_word' id='word_1_589' title='bbox 1705 1937 1748 1963; x_wconf 88' lang='lat' dir='ltr'><strong>illa</strong></span> 
     </span>
    </p>
   </div>
   <div class='ocr_carea' id='block_1_85' title="bbox 959 1983 1749 2024">
    <p class='ocr_par' dir='ltr' id='par_1_85' title="bbox 959 1983 1749 2024">
     <span class='ocr_line' id='line_1_85' title="bbox 959 1983 1749 2024; baseline -0.006 -11"><span class='ocrx_word' id='word_1_590' title='bbox 959 1993 993 2012; x_wconf 77' lang='lat' dir='ltr'><strong>ev</strong></span> <span class='ocrx_word' id='word_1_591' title='bbox 1006 1986 1077 2024; x_wconf 75' lang='lat' dir='ltr'><strong>lunae</strong></span> <span class='ocrx_word' id='word_1_592' title='bbox 1085 1993 1167 2013; x_wconf 87' lang='lat' dir='ltr'><strong>cursu</strong></span> <span class='ocrx_word' id='word_1_593' title='bbox 1180 1984 1394 2020; x_wconf 87' lang='lat' dir='ltr'><strong>quartadecima.</strong></span> <span class='ocrx_word' id='word_1_594' title='bbox 1411 1983 1452 2011; x_wconf 86' lang='lat' dir='ltr'><strong>Ita</strong></span> <span class='ocrx_word' id='word_1_595' title='bbox 1473 1983 1517 2010; x_wconf 87' lang='lat' dir='ltr'><strong>lex</strong></span> <span class='ocrx_word' id='word_1_596' title='bbox 1527 1989 1637 2017; x_wconf 82' lang='lat' dir='ltr'><strong>quoque</strong></span> <span class='ocrx_word' id='word_1_597' title='bbox 1654 1985 1749 2017; x_wconf 84' lang='lat' dir='ltr'><strong>aperte</strong></span> 
     </span>
    </p>
   </div>
   <div class='ocr_carea' id='block_1_86' title="bbox 960 2027 1748 2066">
    <p class='ocr_par' dir='ltr' id='par_1_86' title="bbox 960 2027 1748 2066">
     <span class='ocr_line' id='line_1_86' title="bbox 960 2027 1748 2066; baseline -0.006 -7"><span class='ocrx_word' id='word_1_598' title='bbox 960 2031 1119 2066; x_wconf 70' lang='lat' dir='ltr'><strong>praedicavit</strong></span> <span class='ocrx_word' id='word_1_599' title='bbox 1141 2030 1290 2058; x_wconf 87' lang='lat' dir='ltr'><strong>Salvatoris</strong></span> <span class='ocrx_word' id='word_1_600' title='bbox 1316 2029 1405 2057; x_wconf 86' lang='lat' dir='ltr'><strong>nostri</strong></span> <span class='ocrx_word' id='word_1_601' title='bbox 1432 2027 1626 2056; x_wconf 88' lang='lat' dir='ltr'><strong>immolationis</strong></span> <span class='ocrx_word' id='word_1_602' title='bbox 1654 2027 1748 2057; x_wconf 86' lang='lat' dir='ltr'><strong>diem.</strong></span> 
     </span>
    </p>
   </div>
   <div class='ocr_carea' id='block_1_87' title="bbox 960 2072 1747 2112">
    <p class='ocr_par' dir='ltr' id='par_1_87' title="bbox 960 2072 1747 2112">
     <span class='ocr_line' id='line_1_87' title="bbox 960 2072 1747 2112; baseline -0.008 -9"><span class='ocrx_word' id='word_1_603' title='bbox 960 2084 1042 2112; x_wconf 89' lang='lat' dir='ltr'><strong>quam</strong></span> <span class='ocrx_word' id='word_1_604' title='bbox 1065 2077 1143 2104; x_wconf 89' lang='lat' dir='ltr'><strong>illum</strong></span> <span class='ocrx_word' id='word_1_605' title='bbox 1156 2083 1207 2111; x_wconf 90' lang='lat' dir='ltr'><strong>pro</strong></span> <span class='ocrx_word' id='word_1_606' title='bbox 1220 2075 1315 2103; x_wconf 88' lang='lat' dir='ltr'><strong>mundi</strong></span> <span class='ocrx_word' id='word_1_607' title='bbox 1335 2075 1390 2102; x_wconf 87' lang='lat' dir='ltr'><strong>vita</strong></span> <span class='ocrx_word' id='word_1_608' title='bbox 1421 2073 1584 2102; x_wconf 87' lang='lat' dir='ltr'><strong>sustinuisse</strong></span> <span class='ocrx_word' id='word_1_609' title='bbox 1605 2072 1722 2099; x_wconf 86' lang='lat' dir='ltr'><strong>dicimus</strong></span> <span class='ocrx_word' id='word_1_610' title='bbox 1742 2080 1747 2097; x_wconf 84' lang='lat'><strong>:</strong></span> 
     </span>
    </p>
   </div>
   <div class='ocr_carea' id='block_1_88' title="bbox 964 2118 1749 2156">
    <p class='ocr_par' dir='ltr' id='par_1_88' title="bbox 964 2118 1749 2156">
     <span class='ocr_line' id='line_1_88' title="bbox 964 2118 1749 2156; baseline -0.005 -8"><span class='ocrx_word' id='word_1_611' title='bbox 964 2131 973 2148; x_wconf 73' lang='grc' dir='ltr'><strong>ι</strong></span> <span class='ocrx_word' id='word_1_612' title='bbox 992 2121 1102 2150; x_wconf 84' lang='lat' dir='ltr'><strong>Decima</strong></span> <span class='ocrx_word' id='word_1_613' title='bbox 1115 2122 1199 2154; x_wconf 88' lang='lat' dir='ltr'><strong>enim,</strong></span> <span class='ocrx_word' id='word_1_614' title='bbox 1215 2121 1314 2156; x_wconf 87' lang='lat' dir='ltr'><strong>inquit,</strong></span> <span class='ocrx_word' id='word_1_615' title='bbox 1328 2120 1373 2148; x_wconf 90' lang='lat' dir='ltr'><strong>die</strong></span> <span class='ocrx_word' id='word_1_616' title='bbox 1392 2119 1495 2147; x_wconf 87' lang='lat' dir='ltr'><strong>mensis</strong></span> <span class='ocrx_word' id='word_1_617' title='bbox 1510 2118 1592 2155; x_wconf 91' lang='lat' dir='ltr'><strong>primi</strong></span> <span class='ocrx_word' id='word_1_618' title='bbox 1614 2118 1749 2153; x_wconf 85' lang='lat' dir='ltr'><strong>accipiant</strong></span> 
     </span>
    </p>
   </div>
   <div class='ocr_carea' id='block_1_89' title="bbox 960 2163 1745 2202">
    <p class='ocr_par' dir='ltr' id='par_1_89' title="bbox 960 2163 1745 2202">
     <span class='ocr_line' id='line_1_89' title="bbox 960 2163 1745 2202; baseline -0.006 -8"><span class='ocrx_word' id='word_1_619' title='bbox 960 2167 1012 2194; x_wconf 86' lang='lat' dir='ltr'><strong>sibi</strong></span> <span class='ocrx_word' id='word_1_620' title='bbox 1025 2174 1102 2194; x_wconf 86' lang='lat' dir='ltr'><strong>ovem</strong></span> <span class='ocrx_word' id='word_1_621' title='bbox 1115 2175 1165 2202; x_wconf 87' lang='lat' dir='ltr'><strong>per</strong></span> <span class='ocrx_word' id='word_1_622' title='bbox 1178 2166 1289 2199; x_wconf 87' lang='lat' dir='ltr'><strong>domos;</strong></span> <span class='ocrx_word' id='word_1_623' title='bbox 1308 2166 1384 2202; x_wconf 77' lang='lat' dir='ltr'><strong>juxta</strong></span> <span class='ocrx_word' id='word_1_624' title='bbox 1397 2172 1555 2197; x_wconf 82' lang='lat' dir='ltr'><strong>numerum,</strong></span> <span class='ocrx_word' id='word_1_625' title='bbox 1574 2163 1674 2198; x_wconf 86' lang='lat' dir='ltr'><strong>inquit,</strong></span> <span class='ocrx_word' id='word_1_626' title='bbox 1689 2163 1745 2190; x_wconf 43' lang='lat' dir='ltr'><strong>anid</strong></span> 
     </span>
    </p>
   </div>
   <div class='ocr_carea' id='block_1_90' title="bbox 120 2209 906 2257">
    <p class='ocr_par' dir='ltr' id='par_1_90' title="bbox 120 2211 906 2250">
     <span class='ocr_line' id='line_1_90' title="bbox 120 2211 906 2250; baseline 0.006 -13"><span class='ocrx_word' id='word_1_627' title='bbox 120 2212 198 2246; x_wconf 70' lang='grc' dir='ltr'>φησι,</span> <span class='ocrx_word' id='word_1_628' title='bbox 215 2211 305 2247; x_wconf 76' lang='grc' dir='ltr'>ψυχῆς</span> <span class='ocrx_word' id='word_1_629' title='bbox 318 2212 491 2245; x_wconf 80' lang='grc' dir='ltr'>συλλέξουσι,</span> <span class='ocrx_word' id='word_1_630' title='bbox 516 2213 562 2240; x_wconf 81' lang='grc' dir='ltr'><strong>καὶ</strong></span> <span class='ocrx_word' id='word_1_631' title='bbox 586 2212 662 2239; x_wconf 74' lang='grc' dir='ltr'>ἔσται</span> <span class='ocrx_word' id='word_1_632' title='bbox 680 2213 906 2250; x_wconf 82' lang='grc' dir='ltr'>διατετηρημένον</span> 
     </span>
    </p>
   </div>
   <div class='ocr_carea' id='block_1_91' title="bbox 962 2209 1749 2257">
    <p class='ocr_par' dir='ltr' id='par_1_91' title="bbox 962 2209 1749 2247">
     <span class='ocr_line' id='line_1_91' title="bbox 962 2209 1749 2247; baseline -0.004 -8"><span class='ocrx_word' id='word_1_633' title='bbox 962 2220 1011 2239; x_wconf 68' lang='lat' dir='ltr'><strong>ma:</strong></span> <span class='ocrx_word' id='word_1_634' title='bbox 1024 2211 1161 2247; x_wconf 77' lang='lat' dir='ltr'><strong>colligent,</strong></span> <span class='ocrx_word' id='word_1_635' title='bbox 1175 2216 1202 2239; x_wconf 90' lang='lat' dir='ltr'><strong>et</strong></span> <span class='ocrx_word' id='word_1_636' title='bbox 1220 2212 1374 2239; x_wconf 84' lang='lat' dir='ltr'><strong>servabitur</strong></span> <span class='ocrx_word' id='word_1_637' title='bbox 1387 2218 1473 2246; x_wconf 87' lang='lat' dir='ltr'><strong>usque</strong></span> <span class='ocrx_word' id='word_1_638' title='bbox 1490 2209 1525 2237; x_wconf 88' lang='lat' dir='ltr'><strong>ad</strong></span> <span class='ocrx_word' id='word_1_639' title='bbox 1544 2209 1749 2245; x_wconf 85' lang='lat' dir='ltr'><strong>quartumdcci—</strong></span> 
     </span>
    </p>
   </div>
   <div class='ocr_carea' id='block_1_92' title="bbox 119 2256 907 2294">
    <p class='ocr_par' dir='ltr' id='par_1_92' title="bbox 119 2256 907 2294">
     <span class='ocr_line' id='line_1_92' title="bbox 119 2256 907 2294; baseline 0.005 -11"><span class='ocrx_word' id='word_1_640' title='bbox 119 2257 172 2288; x_wconf 74' lang='grc' dir='ltr'>ἕως</span> <span class='ocrx_word' id='word_1_641' title='bbox 189 2256 240 2292; x_wconf 83' lang='grc' dir='ltr'>τῆς</span> <span class='ocrx_word' id='word_1_642' title='bbox 255 2258 554 2294; x_wconf 83' lang='grc' dir='ltr'>τεσσαρεσκαιδεκάτης</span> <span class='ocrx_word' id='word_1_643' title='bbox 574 2258 621 2285; x_wconf 79' lang='grc' dir='ltr'>τοῦ</span> <span class='ocrx_word' id='word_1_644' title='bbox 637 2259 719 2294; x_wconf 74' lang='grc' dir='ltr'>μηνὸς</span> <span class='ocrx_word' id='word_1_645' title='bbox 734 2259 841 2292; x_wconf 78' lang='grc' dir='ltr'>τούτου,</span> <span class='ocrx_word' id='word_1_646' title='bbox 859 2261 907 2287; x_wconf 72' lang='grc' dir='ltr'>καὶ</span> 
     </span>
    </p>
   </div>
   <div class='ocr_carea' id='block_1_93' title="bbox 120 2303 906 2340">
    <p class='ocr_par' dir='ltr' id='par_1_93' title="bbox 120 2303 906 2340">
     <span class='ocr_line' id='line_1_93' title="bbox 120 2303 906 2340; baseline 0.004 -10"><span class='ocrx_word' id='word_1_647' title='bbox 120 2303 269 2338; x_wconf 66' lang='grc' dir='ltr'>σφάξουσιν</span> <span class='ocrx_word' id='word_1_648' title='bbox 291 2304 370 2331; x_wconf 69' lang='grc' dir='ltr'>αὐτον</span> <span class='ocrx_word' id='word_1_649' title='bbox 386 2304 455 2340; x_wconf 81' lang='grc' dir='ltr'>πρὸς</span> <span class='ocrx_word' id='word_1_650' title='bbox 469 2304 588 2340; x_wconf 77' lang='grc' dir='ltr'>ἑσπέραν</span> <span class='ocrx_word' id='word_1_651' title='bbox 605 2306 659 2332; x_wconf 79' lang='grc' dir='ltr'><strong>πᾶν</strong></span> <span class='ocrx_word' id='word_1_652' title='bbox 678 2305 709 2331; x_wconf 75' lang='grc' dir='ltr'>τὸ</span> <span class='ocrx_word' id='word_1_653' title='bbox 725 2305 827 2340; x_wconf 84' lang='grc' dir='ltr'>πλῆθος</span> <span class='ocrx_word' id='word_1_654' title='bbox 850 2305 906 2333; x_wconf 80' lang='grc' dir='ltr'><strong>τῶν</strong></span> 
     </span>
    </p>
   </div>
   <div class='ocr_carea' id='block_1_94' title="bbox 118 2349 905 2387">
    <p class='ocr_par' dir='ltr' id='par_1_94' title="bbox 118 2349 905 2387">
     <span class='ocr_line' id='line_1_94' title="bbox 118 2349 905 2387; baseline 0.004 -12"><span class='ocrx_word' id='word_1_655' title='bbox 118 2349 186 2376; x_wconf 73' lang='grc' dir='ltr'>υἱῶν</span> <span class='ocrx_word' id='word_1_656' title='bbox 209 2350 328 2385; x_wconf 83' lang='grc' dir='ltr'>Ἰσραήλ.</span> <span class='ocrx_word' id='word_1_657' title='bbox 347 2360 356 2376; x_wconf 76' lang='grc' dir='ltr'><strong>ι</strong></span> <span class='ocrx_word' id='word_1_658' title='bbox 380 2351 505 2383; x_wconf 82' lang='grc' dir='ltr'>Ἀκούεις</span> <span class='ocrx_word' id='word_1_659' title='bbox 519 2351 593 2383; x_wconf 85' lang='grc' dir='ltr'>ὅπως</span> <span class='ocrx_word' id='word_1_660' title='bbox 603 2351 657 2378; x_wconf 79' lang='grc' dir='ltr'><strong>ἀπὸ</strong></span> <span class='ocrx_word' id='word_1_661' title='bbox 666 2351 781 2387; x_wconf 85' lang='grc' dir='ltr'>δεκάτης</span> <span class='ocrx_word' id='word_1_662' title='bbox 793 2352 905 2387; x_wconf 77' lang='grc' dir='ltr'>ληφθὲν,</span> 
     </span>
    </p>
   </div>
   <div class='ocr_carea' id='block_1_95' title="bbox 118 2395 906 2432">
    <p class='ocr_par' dir='ltr' id='par_1_95' title="bbox 118 2395 906 2432">
     <span class='ocr_line' id='line_1_95' title="bbox 118 2395 906 2432; baseline 0.003 -11"><span class='ocrx_word' id='word_1_663' title='bbox 118 2396 159 2426; x_wconf 73' lang='grc' dir='ltr'>εἰς</span> <span class='ocrx_word' id='word_1_664' title='bbox 175 2395 473 2432; x_wconf 78' lang='grc' dir='ltr'>τεσσαρεσκαιδεκάτην</span> <span class='ocrx_word' id='word_1_665' title='bbox 497 2395 661 2431; x_wconf 67' lang='grc' dir='ltr'>ἐφυλάττετο</span> <span class='ocrx_word' id='word_1_666' title='bbox 686 2397 742 2429; x_wconf 84' lang='grc' dir='ltr'>τοῖς</span> <span class='ocrx_word' id='word_1_667' title='bbox 771 2397 854 2423; x_wconf 83' lang='grc' dir='ltr'>πάλαι</span> <span class='ocrx_word' id='word_1_668' title='bbox 876 2397 906 2423; x_wconf 77' lang='grc' dir='ltr'>τὸ</span> 
     </span>
    </p>
   </div>
   <div class='ocr_carea' id='block_1_96' title="bbox 119 2441 906 2478">
    <p class='ocr_par' dir='ltr' id='par_1_96' title="bbox 119 2441 906 2478">
     <span class='ocr_line' id='line_1_96' title="bbox 119 2441 906 2478; baseline 0.003 -12"><span class='ocrx_word' id='word_1_669' title='bbox 119 2441 232 2475; x_wconf 79' lang='grc' dir='ltr'>ἱερεῖον,</span> <span class='ocrx_word' id='word_1_670' title='bbox 256 2441 299 2466; x_wconf 82' lang='grc' dir='ltr'>ἵνα</span> <span class='ocrx_word' id='word_1_671' title='bbox 319 2441 365 2468; x_wconf 74' lang='grc' dir='ltr'>τὸν</span> <span class='ocrx_word' id='word_1_672' title='bbox 387 2441 513 2477; x_wconf 84' lang='grc' dir='ltr'>πέμπτον</span> <span class='ocrx_word' id='word_1_673' title='bbox 538 2442 637 2478; x_wconf 82' lang='grc' dir='ltr'>νοήσῃς</span> <span class='ocrx_word' id='word_1_674' title='bbox 657 2441 762 2477; x_wconf 78' lang='grc' dir='ltr'>καιρὸν,</span> <span class='ocrx_word' id='word_1_675' title='bbox 790 2441 852 2469; x_wconf 85' lang='grc' dir='ltr'>καθ’</span> <span class='ocrx_word' id='word_1_676' title='bbox 877 2442 906 2469; x_wconf 83' lang='grc' dir='ltr'><strong>ὃν</strong></span> 
     </span>
    </p>
   </div>
   <div class='ocr_carea' id='block_1_97' title="bbox 118 2485 907 2524">
    <p class='ocr_par' dir='ltr' id='par_1_97' title="bbox 118 2485 907 2524">
     <span class='ocr_line' id='line_1_97' title="bbox 118 2485 907 2524; baseline 0.003 -12"><span class='ocrx_word' id='word_1_677' title='bbox 118 2486 266 2521; x_wconf 77' lang='grc' dir='ltr'>γενόμενος</span> <span class='ocrx_word' id='word_1_678' title='bbox 280 2485 422 2523; x_wconf 80' lang='grc' dir='ltr'>ἄνθρωπος</span> <span class='ocrx_word' id='word_1_679' title='bbox 435 2487 479 2514; x_wconf 79' lang='grc' dir='ltr'>τὸν</span> <span class='ocrx_word' id='word_1_680' title='bbox 491 2487 560 2524; x_wconf 75' lang='grc' dir='ltr'>ὑπὲρ</span> <span class='ocrx_word' id='word_1_681' title='bbox 574 2488 590 2522; x_wconf 88' lang='grc' dir='ltr'>ἠ</span> <span class='ocrx_word' id='word_1_682' title='bbox 595 2486 652 2522; x_wconf 85' lang='grc' dir='ltr'>μῶν</span> <span class='ocrx_word' id='word_1_683' title='bbox 663 2487 768 2522; x_wconf 82' lang='grc' dir='ltr'>ὑπέστη</span> <span class='ocrx_word' id='word_1_684' title='bbox 783 2487 907 2519; x_wconf 86' lang='grc' dir='ltr'>θάνατον,</span> 
     </span>
    </p>
   </div>
   <div class='ocr_carea' id='block_1_98' title="bbox 119 2532 907 2569">
    <p class='ocr_par' dir='ltr' id='par_1_98' title="bbox 119 2532 907 2569">
     <span class='ocr_line' id='line_1_98' title="bbox 119 2532 907 2569; baseline 0.001 -10"><span class='ocrx_word' id='word_1_685' title='bbox 119 2532 269 2567; x_wconf 65' lang='grc' dir='ltr'>φθινούσης</span> <span class='ocrx_word' id='word_1_686' title='bbox 285 2533 335 2568; x_wconf 67' lang='grc' dir='ltr'><strong>ἤδη</strong></span> <span class='ocrx_word' id='word_1_687' title='bbox 356 2533 407 2567; x_wconf 86' lang='grc' dir='ltr'>τῆς</span> <span class='ocrx_word' id='word_1_688' title='bbox 422 2533 547 2568; x_wconf 81' lang='grc' dir='ltr'>σελήνης,</span> <span class='ocrx_word' id='word_1_689' title='bbox 563 2533 579 2569; x_wconf 83' lang='grc' dir='ltr'>ἢ</span> <span class='ocrx_word' id='word_1_690' title='bbox 600 2533 648 2560; x_wconf 71' lang='grc' dir='ltr'><strong>καὶ</strong></span> <span class='ocrx_word' id='word_1_691' title='bbox 673 2533 713 2565; x_wconf 78' lang='grc' dir='ltr'>εἰς</span> <span class='ocrx_word' id='word_1_692' title='bbox 729 2534 815 2569; x_wconf 79' lang='grc' dir='ltr'>ἀρχὰς</span> <span class='ocrx_word' id='word_1_693' title='bbox 829 2533 907 2560; x_wconf 81' lang='grc' dir='ltr'>τέτα-</span> 
     </span>
    </p>
   </div>
   <div class='ocr_carea' id='block_1_99' title="bbox 118 2578 908 2615">
    <p class='ocr_par' dir='ltr' id='par_1_99' title="bbox 118 2578 908 2615">
     <span class='ocr_line' id='line_1_99' title="bbox 118 2578 908 2615; baseline 0.003 -11"><span class='ocrx_word' id='word_1_694' title='bbox 118 2587 183 2605; x_wconf 83' lang='grc' dir='ltr'>κται</span> <span class='ocrx_word' id='word_1_695' title='bbox 196 2578 245 2613; x_wconf 78' lang='grc' dir='ltr'>τῆς</span> <span class='ocrx_word' id='word_1_696' title='bbox 258 2578 355 2610; x_wconf 83' lang='grc' dir='ltr'>νυκτός</span> <span class='ocrx_word' id='word_1_697' title='bbox 368 2587 375 2611; x_wconf 87' lang='grc'>;</span> <span class='ocrx_word' id='word_1_698' title='bbox 390 2579 547 2615; x_wconf 76' lang='grc' dir='ltr'>Μυστηρίου</span> <span class='ocrx_word' id='word_1_699' title='bbox 559 2579 587 2606; x_wconf 81' lang='grc' dir='ltr'>δὲ</span> <span class='ocrx_word' id='word_1_700' title='bbox 603 2579 633 2606; x_wconf 78' lang='grc' dir='ltr'><strong>τὸ</strong></span> <span class='ocrx_word' id='word_1_701' title='bbox 646 2581 739 2615; x_wconf 83' lang='grc' dir='ltr'>χρῆμα</span> <span class='ocrx_word' id='word_1_702' title='bbox 751 2579 846 2612; x_wconf 87' lang='grc' dir='ltr'>τύπος,</span> <span class='ocrx_word' id='word_1_703' title='bbox 862 2581 908 2606; x_wconf 83' lang='grc' dir='ltr'>καὶ</span> 
     </span>
    </p>
   </div>
   <div class='ocr_carea' id='block_1_100' title="bbox 120 2624 908 2661">
    <p class='ocr_par' dir='ltr' id='par_1_100' title="bbox 120 2624 908 2661">
     <span class='ocr_line' id='line_1_100' title="bbox 120 2624 908 2661; baseline 0.004 -11"><span class='ocrx_word' id='word_1_704' title='bbox 120 2624 324 2660; x_wconf 71' lang='grc' dir='ltr'>ὑποσημαίνειν</span> <span class='ocrx_word' id='word_1_705' title='bbox 336 2624 424 2651; x_wconf 82' lang='grc' dir='ltr'>ἔοικεν</span> <span class='ocrx_word' id='word_1_706' title='bbox 437 2625 545 2661; x_wconf 75' lang='grc' dir='ltr'>ἰσχνῶς,</span> <span class='ocrx_word' id='word_1_707' title='bbox 554 2626 603 2660; x_wconf 83' lang='grc' dir='ltr'>τῆς</span> <span class='ocrx_word' id='word_1_708' title='bbox 611 2626 657 2652; x_wconf 84' lang='grc' dir='ltr'>τοῦ</span> <span class='ocrx_word' id='word_1_709' title='bbox 670 2626 794 2652; x_wconf 80' lang='grc' dir='ltr'>διαϐόλου</span> <span class='ocrx_word' id='word_1_710' title='bbox 807 2626 908 2653; x_wconf 83' lang='grc' dir='ltr'>πλεον-</span> 
     </span>
    </p>
   </div>
   <div class='ocr_carea' id='block_1_101' title="bbox 119 2670 906 2709">
    <p class='ocr_par' dir='ltr' id='par_1_101' title="bbox 119 2670 906 2709">
     <span class='ocr_line' id='line_1_101' title="bbox 119 2670 906 2709; baseline 0.003 -11"><span class='ocrx_word' id='word_1_711' title='bbox 119 2670 192 2703; x_wconf 77' lang='grc' dir='ltr'>εξίας</span> <span class='ocrx_word' id='word_1_712' title='bbox 224 2671 274 2706; x_wconf 82' lang='grc' dir='ltr'>τὴν</span> <span class='ocrx_word' id='word_1_713' title='bbox 298 2671 393 2699; x_wconf 79' lang='grc' dir='ltr'>ἀνόπιν</span> <span class='ocrx_word' id='word_1_714' title='bbox 416 2672 485 2705; x_wconf 82' lang='grc' dir='ltr'>ὁδὸν,</span> <span class='ocrx_word' id='word_1_715' title='bbox 508 2673 554 2699; x_wconf 71' lang='grc' dir='ltr'>καὶ</span> <span class='ocrx_word' id='word_1_716' title='bbox 574 2673 718 2700; x_wconf 81' lang='grc' dir='ltr'>κατάδυσιν</span> <span class='ocrx_word' id='word_1_717' title='bbox 745 2673 838 2709; x_wconf 80' lang='grc' dir='ltr'>ὥσπερ</span> <span class='ocrx_word' id='word_1_718' title='bbox 857 2674 906 2708; x_wconf 87' lang='grc' dir='ltr'>τὴν</span> 
     </span>
    </p>
   </div>
   <div class='ocr_carea' id='block_1_102' title="bbox 119 2717 902 2752">
    <p class='ocr_par' dir='ltr' id='par_1_102' title="bbox 119 2717 902 2752">
     <span class='ocr_line' id='line_1_102' title="bbox 119 2717 902 2752; baseline 0.003 -8"><span class='ocrx_word' id='word_1_719' title='bbox 119 2717 189 2744; x_wconf 72' lang='grc' dir='ltr'>κατὰ</span> <span class='ocrx_word' id='word_1_720' title='bbox 207 2717 295 2752; x_wconf 73' lang='grc' dir='ltr'>βραχὺ</span> <span class='ocrx_word' id='word_1_721' title='bbox 314 2718 382 2752; x_wconf 75' lang='grc' dir='ltr'>πρὸς</span> <span class='ocrx_word' id='word_1_722' title='bbox 406 2718 436 2744; x_wconf 82' lang='grc' dir='ltr'>τὸ</span> <span class='ocrx_word' id='word_1_723' title='bbox 458 2718 554 2746; x_wconf 77' lang='grc' dir='ltr'>ἄναλκι</span> <span class='ocrx_word' id='word_1_724' title='bbox 578 2720 624 2746; x_wconf 71' lang='grc' dir='ltr'>καὶ</span> <span class='ocrx_word' id='word_1_725' title='bbox 647 2719 762 2746; x_wconf 74' lang='grc' dir='ltr'>εἰσάπαν</span> <span class='ocrx_word' id='word_1_726' title='bbox 779 2718 902 2750; x_wconf 78' lang='grc' dir='ltr'>ἀσθενές.</span> 
     </span>
    </p>
   </div>
   <div class='ocr_carea' id='block_1_103' title="bbox 119 2763 905 2800">
    <p class='ocr_par' dir='ltr' id='par_1_103' title="bbox 119 2763 905 2800">
     <span class='ocr_line' id='line_1_103' title="bbox 119 2763 905 2800; baseline 0.003 -11"><span class='ocrx_word' id='word_1_727' title='bbox 119 2763 237 2799; x_wconf 82' lang='grc' dir='ltr'>Σελήνης</span> <span class='ocrx_word' id='word_1_728' title='bbox 252 2763 281 2790; x_wconf 91' lang='grc' dir='ltr'>δέ</span> <span class='ocrx_word' id='word_1_729' title='bbox 296 2772 353 2795; x_wconf 85' lang='grc' dir='ltr'><strong>πως</strong></span> <span class='ocrx_word' id='word_1_730' title='bbox 365 2763 458 2799; x_wconf 82' lang='grc' dir='ltr'>ἐπέχει</span> <span class='ocrx_word' id='word_1_731' title='bbox 472 2764 566 2791; x_wconf 73' lang='grc' dir='ltr'>τύπον.</span> <span class='ocrx_word' id='word_1_732' title='bbox 586 2765 681 2800; x_wconf 75' lang='grc' dir='ltr'>’Ἂρχει</span> <span class='ocrx_word' id='word_1_733' title='bbox 698 2765 752 2800; x_wconf 71' lang='grc' dir='ltr'><strong>γὰρ</strong></span> <span class='ocrx_word' id='word_1_734' title='bbox 764 2765 810 2791; x_wconf 69' lang='grc' dir='ltr'>καὶ</span> <span class='ocrx_word' id='word_1_735' title='bbox 825 2764 905 2796; x_wconf 72' lang='grc' dir='ltr'>αὐτὸς</span> 
     </span>
    </p>
   </div>
   <div class='ocr_carea' id='block_1_104' title="bbox 157 2851 658 2885">
    <p class='ocr_par' dir='ltr' id='par_1_104' title="bbox 157 2851 658 2885">
     <span class='ocr_line' id='line_1_104' title="bbox 157 2851 658 2885; baseline -0.002 -6"><span class='ocrx_word' id='word_1_736' title='bbox 157 2851 268 2880; x_wconf 79' lang='lat' dir='ltr'><strong>“Joan.</strong></span> <span class='ocrx_word' id='word_1_737' title='bbox 282 2860 326 2885; x_wconf 69' lang='lat' dir='ltr'><strong>xv,</strong></span> <span class='ocrx_word' id='word_1_738' title='bbox 345 2853 388 2879; x_wconf 69' lang='lat'><strong>29..</strong></span> <span class='ocrx_word' id='word_1_739' title='bbox 434 2852 478 2879; x_wconf 77' lang='grc'><strong>’⁷1</strong></span> <span class='ocrx_word' id='word_1_740' title='bbox 500 2852 561 2879; x_wconf 85' lang='lat' dir='ltr'><strong>Cor.</strong></span> <span class='ocrx_word' id='word_1_741' title='bbox 587 2861 611 2884; x_wconf 84' lang='lat' dir='ltr'><strong>v,</strong></span> <span class='ocrx_word' id='word_1_742' title='bbox 634 2852 658 2878; x_wconf 77' lang='grc' dir='ltr'><strong>Ἰ.</strong></span> 
     </span>
    </p>
   </div>
   <div class='ocr_carea' id='block_1_105' title="bbox 961 2253 1747 2292">
    <p class='ocr_par' dir='ltr' id='par_1_105' title="bbox 961 2253 1747 2292">
     <span class='ocr_line' id='line_1_105' title="bbox 961 2253 1747 2292; baseline -0.005 -8"><span class='ocrx_word' id='word_1_743' title='bbox 961 2265 1036 2284; x_wconf 88' lang='lat' dir='ltr'><strong>mum</strong></span> <span class='ocrx_word' id='word_1_744' title='bbox 1056 2256 1159 2283; x_wconf 86' lang='lat' dir='ltr'><strong>mensis</strong></span> <span class='ocrx_word' id='word_1_745' title='bbox 1179 2256 1262 2292; x_wconf 88' lang='lat' dir='ltr'><strong>hujus</strong></span> <span class='ocrx_word' id='word_1_746' title='bbox 1276 2256 1360 2288; x_wconf 90' lang='lat' dir='ltr'><strong>diem,</strong></span> <span class='ocrx_word' id='word_1_747' title='bbox 1373 2259 1401 2282; x_wconf 84' lang='lat' dir='ltr'><strong>et</strong></span> <span class='ocrx_word' id='word_1_748' title='bbox 1421 2255 1603 2282; x_wconf 89' lang='lat' dir='ltr'><strong>immolabunt</strong></span> <span class='ocrx_word' id='word_1_749' title='bbox 1621 2254 1694 2281; x_wconf 88' lang='lat' dir='ltr'><strong>illam</strong></span> <span class='ocrx_word' id='word_1_750' title='bbox 1715 2253 1747 2280; x_wconf 87' lang='lat' dir='ltr'><strong>ad</strong></span> 
     </span>
    </p>
   </div>
   <div class='ocr_carea' id='block_1_106' title="bbox 960 2299 1750 2338">
    <p class='ocr_par' dir='ltr' id='par_1_106' title="bbox 960 2299 1750 2338">
     <span class='ocr_line' id='line_1_106' title="bbox 960 2299 1750 2338; baseline -0.005 -8"><span class='ocrx_word' id='word_1_751' title='bbox 960 2310 1102 2338; x_wconf 83' lang='lat' dir='ltr'><strong>vesperam</strong></span> <span class='ocrx_word' id='word_1_752' title='bbox 1114 2302 1204 2330; x_wconf 87' lang='lat' dir='ltr'><strong>omnis</strong></span> <span class='ocrx_word' id='word_1_753' title='bbox 1218 2301 1366 2330; x_wconf 87' lang='lat' dir='ltr'><strong>multitudo</strong></span> <span class='ocrx_word' id='word_1_754' title='bbox 1377 2301 1495 2329; x_wconf 85' lang='lat' dir='ltr'><strong>ﬁliorum</strong></span> <span class='ocrx_word' id='word_1_755' title='bbox 1506 2301 1590 2328; x_wconf 84' lang='lat' dir='ltr'><strong>Israel</strong></span> <span class='ocrx_word' id='word_1_756' title='bbox 1601 2300 1633 2327; x_wconf 71' lang='grc'><strong>’⁸.</strong></span> <span class='ocrx_word' id='word_1_757' title='bbox 1645 2311 1653 2326; x_wconf 73' lang='grc' dir='ltr'><strong>ι</strong></span> <span class='ocrx_word' id='word_1_758' title='bbox 1665 2299 1750 2327; x_wconf 84' lang='lat' dir='ltr'><strong>Audis</strong></span> 
     </span>
    </p>
   </div>
   <div class='ocr_carea' id='block_1_107' title="bbox 960 2347 1750 2384">
    <p class='ocr_par' dir='ltr' id='par_1_107' title="bbox 960 2347 1750 2384">
     <span class='ocr_line' id='line_1_107' title="bbox 960 2347 1750 2384; baseline -0.005 -8"><span class='ocrx_word' id='word_1_759' title='bbox 960 2357 976 2376; x_wconf 92' lang='lat' dir='ltr'><strong>a</strong></span> <span class='ocrx_word' id='word_1_760' title='bbox 989 2348 1094 2376; x_wconf 87' lang='lat' dir='ltr'><strong>decima</strong></span> <span class='ocrx_word' id='word_1_761' title='bbox 1106 2348 1150 2376; x_wconf 89' lang='lat' dir='ltr'><strong>die</strong></span> <span class='ocrx_word' id='word_1_762' title='bbox 1161 2352 1297 2384; x_wconf 88' lang='lat' dir='ltr'><strong>sumptam</strong></span> <span class='ocrx_word' id='word_1_763' title='bbox 1308 2348 1448 2375; x_wconf 86' lang='lat' dir='ltr'><strong>victimam</strong></span> <span class='ocrx_word' id='word_1_764' title='bbox 1464 2354 1550 2381; x_wconf 91' lang='lat' dir='ltr'><strong>usque</strong></span> <span class='ocrx_word' id='word_1_765' title='bbox 1563 2347 1591 2373; x_wconf 91' lang='lat' dir='ltr'><strong>in</strong></span> <span class='ocrx_word' id='word_1_766' title='bbox 1608 2351 1750 2381; x_wconf 88' lang='lat' dir='ltr'><strong>quartum-</strong></span> 
     </span>
    </p>
   </div>
   <div class='ocr_carea' id='block_1_108' title="bbox 960 2391 1748 2427">
    <p class='ocr_par' dir='ltr' id='par_1_108' title="bbox 960 2391 1748 2427">
     <span class='ocr_line' id='line_1_108' title="bbox 960 2391 1748 2427; baseline -0.006 -4"><span class='ocrx_word' id='word_1_767' title='bbox 960 2396 1097 2424; x_wconf 88' lang='lat' dir='ltr'><strong>decimum</strong></span> <span class='ocrx_word' id='word_1_768' title='bbox 1124 2395 1196 2422; x_wconf 86' lang='lat' dir='ltr'><strong>diem</strong></span> <span class='ocrx_word' id='word_1_769' title='bbox 1209 2394 1313 2422; x_wconf 85' lang='lat' dir='ltr'><strong>servari</strong></span> <span class='ocrx_word' id='word_1_770' title='bbox 1325 2402 1340 2421; x_wconf 89' lang='lat' dir='ltr'><strong>a</strong></span> <span class='ocrx_word' id='word_1_771' title='bbox 1352 2393 1493 2421; x_wconf 83' lang='lat' dir='ltr'><strong>veteribus</strong></span> <span class='ocrx_word' id='word_1_772' title='bbox 1513 2391 1566 2419; x_wconf 84' lang='lat' dir='ltr'><strong>illis</strong></span> <span class='ocrx_word' id='word_1_773' title='bbox 1582 2396 1612 2419; x_wconf 91' lang='lat' dir='ltr'><strong>ut</strong></span> <span class='ocrx_word' id='word_1_774' title='bbox 1623 2392 1748 2427; x_wconf 85' lang='lat' dir='ltr'><strong>quintum</strong></span> 
     </span>
    </p>
   </div>
   <div class='ocr_carea' id='block_1_109' title="bbox 961 2437 1750 2477">
    <p class='ocr_par' dir='ltr' id='par_1_109' title="bbox 961 2437 1750 2477">
     <span class='ocr_line' id='line_1_109' title="bbox 961 2437 1750 2477; baseline -0.006 -8"><span class='ocrx_word' id='word_1_775' title='bbox 961 2442 1097 2477; x_wconf 78' lang='lat' dir='ltr'><strong>intelligas</strong></span> <span class='ocrx_word' id='word_1_776' title='bbox 1109 2446 1227 2476; x_wconf 86' lang='lat' dir='ltr'><strong>tempus,</strong></span> <span class='ocrx_word' id='word_1_777' title='bbox 1239 2448 1294 2475; x_wconf 88' lang='lat' dir='ltr'><strong>quo</strong></span> <span class='ocrx_word' id='word_1_778' title='bbox 1306 2439 1395 2466; x_wconf 81' lang='lat' dir='ltr'><strong>factus</strong></span> <span class='ocrx_word' id='word_1_779' title='bbox 1415 2438 1508 2470; x_wconf 84' lang='lat' dir='ltr'><strong>homo,</strong></span> <span class='ocrx_word' id='word_1_780' title='bbox 1524 2437 1597 2465; x_wconf 83' lang='lat' dir='ltr'><strong>illam</strong></span> <span class='ocrx_word' id='word_1_781' title='bbox 1609 2446 1658 2473; x_wconf 86' lang='lat' dir='ltr'><strong>pro</strong></span> <span class='ocrx_word' id='word_1_782' title='bbox 1670 2438 1750 2467; x_wconf 80' lang='lat' dir='ltr'><strong>nobis</strong></span> 
     </span>
    </p>
   </div>
   <div class='ocr_carea' id='block_1_110' title="bbox 958 2483 1748 2522">
    <p class='ocr_par' dir='ltr' id='par_1_110' title="bbox 958 2483 1748 2522">
     <span class='ocr_line' id='line_1_110' title="bbox 958 2483 1748 2522; baseline -0.008 -7"><span class='ocrx_word' id='word_1_783' title='bbox 958 2492 1073 2515; x_wconf 87' lang='lat' dir='ltr'><strong>mortem</strong></span> <span class='ocrx_word' id='word_1_784' title='bbox 1083 2487 1205 2522; x_wconf 82' lang='lat' dir='ltr'><strong>pertulit,</strong></span> <span class='ocrx_word' id='word_1_785' title='bbox 1216 2485 1392 2513; x_wconf 87' lang='lat' dir='ltr'><strong>decrescente</strong></span> <span class='ocrx_word' id='word_1_786' title='bbox 1404 2484 1458 2519; x_wconf 87' lang='lat' dir='ltr'><strong>jam</strong></span> <span class='ocrx_word' id='word_1_787' title='bbox 1473 2483 1548 2516; x_wconf 88' lang='lat' dir='ltr'><strong>luna,</strong></span> <span class='ocrx_word' id='word_1_788' title='bbox 1562 2491 1623 2518; x_wconf 68' lang='lat' dir='ltr'><strong>quae</strong></span> <span class='ocrx_word' id='word_1_789' title='bbox 1642 2483 1685 2510; x_wconf 84' lang='lat' dir='ltr'><strong>ad‘</strong></span> <span class='ocrx_word' id='word_1_790' title='bbox 1697 2491 1748 2510; x_wconf 84' lang='lat' dir='ltr'><strong>no-</strong></span> 
     </span>
    </p>
   </div>
   <div class='ocr_carea' id='block_1_111' title="bbox 958 2531 1750 2569">
    <p class='ocr_par' dir='ltr' id='par_1_111' title="bbox 958 2531 1750 2569">
     <span class='ocr_line' id='line_1_111' title="bbox 958 2531 1750 2569; baseline -0.005 -7"><span class='ocrx_word' id='word_1_791' title='bbox 958 2535 1009 2562; x_wconf 87' lang='lat' dir='ltr'><strong>ctis</strong></span> <span class='ocrx_word' id='word_1_792' title='bbox 1020 2533 1167 2569; x_wconf 88' lang='lat' dir='ltr'><strong>imperium</strong></span> <span class='ocrx_word' id='word_1_793' title='bbox 1179 2532 1299 2567; x_wconf 79' lang='lat' dir='ltr'><strong>perfecta</strong></span> <span class='ocrx_word' id='word_1_794' title='bbox 1310 2535 1352 2558; x_wconf 85' lang='lat' dir='ltr'><strong>est</strong></span> <span class='ocrx_word' id='word_1_795' title='bbox 1359 2531 1370 2558; x_wconf 89' lang='lat'><strong>?</strong></span> <span class='ocrx_word' id='word_1_796' title='bbox 1377 2531 1442 2558; x_wconf 85' lang='lat' dir='ltr'><strong>Erat</strong></span> <span class='ocrx_word' id='word_1_797' title='bbox 1454 2535 1544 2558; x_wconf 82' lang='lat' dir='ltr'><strong>autent</strong></span> <span class='ocrx_word' id='word_1_798' title='bbox 1556 2538 1587 2557; x_wconf 83' lang='lat' dir='ltr'><strong>ea</strong></span> <span class='ocrx_word' id='word_1_799' title='bbox 1595 2537 1639 2557; x_wconf 85' lang='lat' dir='ltr'><strong>res</strong></span> <span class='ocrx_word' id='word_1_800' title='bbox 1649 2534 1750 2566; x_wconf 80' lang='lat' dir='ltr'><strong>myste—</strong></span> 
     </span>
    </p>
   </div>
   <div class='ocr_carea' id='block_1_112' title="bbox 957 2575 1748 2615">
    <p class='ocr_par' dir='ltr' id='par_1_112' title="bbox 957 2575 1748 2615">
     <span class='ocr_line' id='line_1_112' title="bbox 957 2575 1748 2615; baseline -0.009 -7"><span class='ocrx_word' id='word_1_801' title='bbox 957 2581 990 2608; x_wconf 88' lang='lat' dir='ltr'><strong>rii</strong></span> <span class='ocrx_word' id='word_1_802' title='bbox 1003 2580 1098 2615; x_wconf 81' lang='lat' dir='ltr'><strong>ﬁgura,</strong></span> <span class='ocrx_word' id='word_1_803' title='bbox 1111 2583 1139 2607; x_wconf 89' lang='lat' dir='ltr'><strong>et</strong></span> <span class='ocrx_word' id='word_1_804' title='bbox 1151 2577 1290 2606; x_wconf 86' lang='lat' dir='ltr'><strong>subtiliter</strong></span> <span class='ocrx_word' id='word_1_805' title='bbox 1298 2576 1453 2612; x_wconf 81' lang='lat' dir='ltr'><strong>signiﬁcare</strong></span> <span class='ocrx_word' id='word_1_806' title='bbox 1465 2575 1575 2602; x_wconf 87' lang='lat' dir='ltr'><strong>videtur</strong></span> <span class='ocrx_word' id='word_1_807' title='bbox 1583 2575 1653 2608; x_wconf 84' lang='lat' dir='ltr'><strong>fore,</strong></span> <span class='ocrx_word' id='word_1_808' title='bbox 1667 2575 1748 2610; x_wconf 73' lang='lat'><strong>209</strong></span> 
     </span>
    </p>
   </div>
   <div class='ocr_carea' id='block_1_113' title="bbox 956 2622 1748 2661">
    <p class='ocr_par' dir='ltr' id='par_1_113' title="bbox 956 2622 1748 2661">
     <span class='ocr_line' id='line_1_113' title="bbox 956 2622 1748 2661; baseline -0.006 -7"><span class='ocrx_word' id='word_1_809' title='bbox 956 2631 987 2654; x_wconf 87' lang='lat' dir='ltr'><strong>ut</strong></span> <span class='ocrx_word' id='word_1_810' title='bbox 999 2626 1099 2654; x_wconf 90' lang='lat' dir='ltr'><strong>diaboli</strong></span> <span class='ocrx_word' id='word_1_811' title='bbox 1116 2625 1275 2661; x_wconf 73' lang='lat' dir='ltr'><strong>tyrannicus</strong></span> <span class='ocrx_word' id='word_1_812' title='bbox 1284 2624 1328 2651; x_wconf 87' lang='lat' dir='ltr'><strong>ille</strong></span> <span class='ocrx_word' id='word_1_813' title='bbox 1341 2623 1497 2650; x_wconf 84' lang='lat' dir='ltr'><strong>dominatus</strong></span> <span class='ocrx_word' id='word_1_814' title='bbox 1511 2626 1585 2650; x_wconf 88' lang='lat' dir='ltr'><strong>retro</strong></span> <span class='ocrx_word' id='word_1_815' title='bbox 1603 2622 1748 2657; x_wconf 82' lang='lat' dir='ltr'><strong>sublapsus</strong></span> 
     </span>
    </p>
   </div>
   <div class='ocr_carea' id='block_1_114' title="bbox 960 2668 1748 2704">
    <p class='ocr_par' dir='ltr' id='par_1_114' title="bbox 960 2668 1748 2704">
     <span class='ocr_line' id='line_1_114' title="bbox 960 2668 1748 2704; baseline -0.008 -4"><span class='ocrx_word' id='word_1_816' title='bbox 960 2673 1124 2704; x_wconf 79' lang='lat' dir='ltr'><strong>referretur,</strong></span> <span class='ocrx_word' id='word_1_817' title='bbox 1140 2680 1171 2699; x_wconf 81' lang='lat' dir='ltr'><strong>ac</strong></span> <span class='ocrx_word' id='word_1_818' title='bbox 1185 2671 1285 2698; x_wconf 81' lang='lat' dir='ltr'><strong>sensim</strong></span> <span class='ocrx_word' id='word_1_819' title='bbox 1305 2669 1491 2697; x_wconf 84' lang='lat' dir='ltr'><strong>inﬁrmitatem</strong></span> <span class='ocrx_word' id='word_1_820' title='bbox 1514 2672 1596 2704; x_wconf 85' lang='lat' dir='ltr'><strong>atque</strong></span> <span class='ocrx_word' id='word_1_821' title='bbox 1613 2668 1748 2703; x_wconf 78' lang='lat' dir='ltr'><strong>impoten-</strong></span> 
     </span>
    </p>
   </div>
   <div class='ocr_carea' id='block_1_115' title="bbox 959 2708 1745 2753">
    <p class='ocr_par' dir='ltr' id='par_1_115' title="bbox 959 2708 1745 2753">
     <span class='ocr_line' id='line_1_115' title="bbox 959 2708 1745 2753; baseline -0.008 -7"><span class='ocrx_word' id='word_1_822' title='bbox 959 2720 1023 2747; x_wconf 92' lang='lat' dir='ltr'><strong>tiam</strong></span> <span class='ocrx_word' id='word_1_823' title='bbox 1038 2719 1153 2746; x_wconf 79' lang='lat' dir='ltr'><strong>subiret.</strong></span> <span class='ocrx_word' id='word_1_824' title='bbox 1178 2718 1202 2745; x_wconf 79' lang='lat' dir='ltr'><strong>is</strong></span> <span class='ocrx_word' id='word_1_825' title='bbox 1226 2726 1307 2753; x_wconf 79' lang='lat' dir='ltr'><strong>porro</strong></span> <span class='ocrx_word' id='word_1_826' title='bbox 1330 2717 1400 2743; x_wconf 78' lang='lat' dir='ltr'><strong>lunzc</strong></span> <span class='ocrx_word' id='word_1_827' title='bbox 1413 2708 1614 2750; x_wconf 79' lang='lat' dir='ltr'><strong>quodammodo</strong></span> <span class='ocrx_word' id='word_1_828' title='bbox 1633 2713 1745 2750; x_wconf 74' lang='lat' dir='ltr'><strong>ﬁguram</strong></span> 
     </span>
    </p>
   </div>
   <div class='ocr_carea' id='block_1_116' title="bbox 959 2759 1745 2798">
    <p class='ocr_par' dir='ltr' id='par_1_116' title="bbox 959 2759 1745 2798">
     <span class='ocr_line' id='line_1_116' title="bbox 959 2759 1745 2798; baseline -0.008 -7"><span class='ocrx_word' id='word_1_829' title='bbox 959 2765 1092 2793; x_wconf 77' lang='lat' dir='ltr'><strong>sustinet:</strong></span> <span class='ocrx_word' id='word_1_830' title='bbox 1116 2771 1177 2791; x_wconf 86' lang='lat' dir='ltr'><strong>nam</strong></span> <span class='ocrx_word' id='word_1_831' title='bbox 1199 2763 1255 2798; x_wconf 80' lang='lat' dir='ltr'><strong>ipse</strong></span> <span class='ocrx_word' id='word_1_832' title='bbox 1281 2763 1355 2790; x_wconf 83' lang='lat' dir='ltr'><strong>nocti</strong></span> <span class='ocrx_word' id='word_1_833' title='bbox 1383 2762 1509 2796; x_wconf 85' lang='lat' dir='ltr'><strong>imperat,</strong></span> <span class='ocrx_word' id='word_1_834' title='bbox 1531 2760 1557 2788; x_wconf 90' lang='lat' dir='ltr'><strong>id</strong></span> <span class='ocrx_word' id='word_1_835' title='bbox 1578 2765 1629 2792; x_wconf 83' lang='lat' dir='ltr'><strong>est,</strong></span> <span class='ocrx_word' id='word_1_836' title='bbox 1644 2759 1686 2791; x_wconf 85' lang='lat' dir='ltr'><strong>iis,</strong></span> <span class='ocrx_word' id='word_1_837' title='bbox 1700 2761 1745 2794; x_wconf 77' lang='lat' dir='ltr'><strong>qui</strong></span> 
     </span>
    </p>
   </div>
   <div class='ocr_carea' id='block_1_117' title="bbox 699 2851 973 2882">
    <p class='ocr_par' dir='ltr' id='par_1_117' title="bbox 699 2851 973 2882">
     <span class='ocr_line' id='line_1_117' title="bbox 699 2851 973 2882; baseline 0 -4"><span class='ocrx_word' id='word_1_838' title='bbox 699 2852 722 2866; x_wconf 80' lang='lat'>”</span> <span class='ocrx_word' id='word_1_839' title='bbox 744 2851 833 2879; x_wconf 65' lang='lat' dir='ltr'><strong>Exm‘L</strong></span> <span class='ocrx_word' id='word_1_840' title='bbox 855 2860 900 2882; x_wconf 68' lang='lat' dir='ltr'><strong>vn.</strong></span> <span class='ocrx_word' id='word_1_841' title='bbox 914 2851 973 2878; x_wconf 70' lang='grc' dir='ltr'><strong>ὖ-ἰὶ.</strong></span> 
     </span>
    </p>
   </div>
  </div>
