1939 3041
196 154 245 184 471

713 156 740 184 S.
762 157 899 185 CYNLLI
918 134 1154 186 ALEXANDRINI
1173 158 1333 187 ARCHIEP.

1782 155 1839 184 ιη

194 223 308 244 suarum
326 215 354 244 in
372 223 424 244 nos
445 215 676 250 ludiﬁcationum,
693 217 814 246 nefarias
832 218 882 245 has
896 218 989 246 laudes

1044 221 1118 256 μίας.
1140 220 1176 246 Σὺ
1193 220 1222 246 δὲ
1237 220 1265 246 ei
1279 228 1305 246 τι
1321 219 1375 246 τῶν
1393 219 1441 245 τοῦ
1456 218 1582 254 σώματος
1604 217 1707 254 μορίων
1726 218 1837 252 ἀλγεῖς,

193 262 330 290 mercedis
338 261 479 297 cujusdam
489 262 576 290 instar
585 262 767 299 exigentibus.
778 264 819 292 Tu
826 271 902 297 vero,
910 265 932 292 si
939 272 992 299 qua

194 308 244 336 tibi
252 316 317 343 pars
325 308 448 344 corporis
455 308 540 342 dolet,
549 313 579 337 et
585 317 650 338 vere
658 310 749 338 credis
760 310 818 338 haec
830 310 924 342 verba,
938 310 991 337 Do-

194 354 285 382 minus
294 354 414 382 Sabaotb
423 375 430 388 ,
437 359 466 382 et
480 355 548 383 alias
554 356 712 391 hujusmodi
718 357 917 392 appellationes
923 364 992 391 quas

193 399 249 428 Deo
261 400 308 435 qui
316 401 470 428 secundum
483 405 608 429 naturam
615 406 666 436 est,
686 402 778 430 divina
788 402 930 437 Scriptura
943 402 992 429 tri-

192 445 320 477 buit,vim
328 446 429 474 habere
435 448 640 483 putaspellendi
648 449 748 476 malum
756 448 832 479 illud,
841 456 890 483 pro
898 453 924 476 te
931 448 990 484 ipso

193 499 290 526 preces
297 492 487 526 fundens,lmc
493 494 576 522 verba
585 495 743 530 pronuntia:
751 495 790 522 sic
796 495 869 522 enim
876 496 988 528 rectius,

192 547 275 574 quam
283 538 432 572 illi,facies,
438 548 528 575 neque
537 540 654 576 impuris
660 540 863 576 spiritibus.sed
872 541 928 568 Deo
934 541 991 576 3k»

193 585 262 613 riam
274 585 622 614 tribues.Commemorabo
635 587 717 614 etiam
727 587 858 614 divinitus
870 586 989 622 inspira-

194 635 248 658 tam
259 631 429 667 Scripturam
440 640 500 668 quae
507 633 547 661 ait
562 642 567 659 :
589 643 597 659 ι
612 633 768 661 lntirmatur
780 633 843 668 quis
857 633 884 660 in
894 633 990 660 vobis?

193 677 306 706 inducat
318 679 496 715 presbyteros
513 679 658 713 Ecclesiae;
673 683 702 707 et
713 684 793 708 orent
815 687 900 714 super
912 687 987 712 eum,

194 729 330 760 tingentes
340 733 404 754 eum
427 726 488 754 oleo
507 726 660 754 innomine
688 726 814 759 Domini;
841 730 869 753 et
899 726 988 754 oratio

194 772 257 800 tidei
270 773 387 801 salvabit
399 773 550 805 infirmum,
563 777 591 800 et
602 772 742 800 alleriabit
754 772 831 799 illum
839 772 985 800 Dominus:

193 823 221 847 et
235 820 258 847 si
275 820 303 847 in
316 820 440 856 peccatis
451 820 497 852 sit,
513 820 690 847 remittemur
703 819 729 847 ei
743 820 775 846 ".
800 829 808 844 I

229 865 310 900 212
328 865 427 893 PALL.
439 865 561 901 Auguria
581 865 664 900 igitur
677 869 705 892 et
721 864 876 892 carminum
889 864 985 892 incan-

1044 267 1090 293 καὶ
1103 264 1288 296 πεπίστευκας
1305 263 1424 300 ἀληθῶς,
1437 263 1478 290 ὅτι
1493 262 1524 289 τὸ
1534 263 1636 298 Κύριος
1648 261 1775 294 Σαϐαὼθ,
1789 264 1839 289 καὶ

1042 313 1070 340 αί
1091 311 1191 338 τοιαίδε
1217 311 1328 346 κλήσεις
1349 309 1381 342 ἃς
1396 309 1456 345 Θεῷ
1478 309 1518 344 τῷ
1541 309 1614 336 κατὰ
1634 309 1715 344 φύσιν
1730 312 1747 345 ὴ
1772 310 1838 337 θεία

1042 358 1191 394 προσνέμει
1204 357 1312 394 Γραφὴ,
1327 356 1434 384 λυτικαί
1446 364 1486 383 σοι
1498 356 1659 391 γενήσονται
1671 355 1719 383 τοῦ
1735 356 1836 388 κακοῦ,

1041 403 1123 436 αὐτὸς
1144 403 1214 439 ὑπὲρ
1235 402 1348 430 σεαυτοῦ
1367 402 1604 438 προσευχόμενος,
1625 401 1762 436 ἁναφὼνει
1783 402 1837 433 τὰς

1041 450 1141 483 λέξειαν
1167 450 1278 486 ἄμεινον
1301 449 1356 485 γὰρ
1378 450 1395 486 ἢ
1425 450 1525 476 ἐκεῖνοι
1546 449 1669 483 δράσεις,
1698 448 1757 484 Θεῷ
1783 443 1841 484 τὴν¹

1040 497 1120 530 δόξαν
1132 497 1278 529 ἀνατιθεὶς,
1295 496 1343 523 καὶ
1357 496 1416 532 οὐχὶ
1428 496 1484 527 τοῖς
1498 495 1663 531 ἀκαθάρτοις
1683 495 1833 530 πνεύμασι.

1040 543 1224 579 Μεμνήσομαι
1237 543 1266 569 δὲ
1279 543 1326 569 καὶ
1340 542 1391 578 τῆς
1408 541 1590 569 θεοπνεύστου
1612 541 1724 576 Γραφῆς
1735 541 1835 575 λεγού-

1041 597 1109 625 σης·
1128 599 1138 615 ι
1165 589 1286 616 Ἀσθενεῖ
1304 597 1346 620 τις
1361 589 1390 615 ἑν
1410 588 1495 624 ὑμῖν;
1511 587 1745 624 προσκαλεσάσθω
1766 588 1834 619 τοὺς

1039 635 1244 671 πρεσϐυτέρους
1260 635 1311 670 τῆς
1329 634 1503 670 Ἐκκλησίας,
1523 634 1570 661 καὶ
1584 633 1834 670 προσευξάσθωσαν

1040 682 1083 708 ἐπ’
1094 680 1180 716 αὐτῷ,
1194 681 1355 716 ἀλείψαντες
1367 680 1448 708 αὐτὸν
1463 680 1554 716 ἐλαίῳ,
1569 681 1597 707 ὲν
1608 679 1647 715 τῷ
1659 680 1771 715 ὀνόματι
1783 679 1834 706 τοῦ

1039 728 1142 764 Κυρίου
1153 736 1160 743 ·
1175 728 1246 763 καὶὴ
1263 728 1329 763 εὐχὴ
1340 728 1390 763 τῆς
1403 727 1522 759 πίστεως
1531 726 1613 754 σώσει
1621 727 1666 753 τὺν
1682 727 1832 761 κάμνοντα,

1038 775 1087 802 καὶ
1106 775 1199 810 ἐγερεῖ
1213 774 1292 801 αὑτὸν
1305 775 1319 801 ὁ
1340 774 1450 809 Κύριος,
1466 773 1518 800 κᾶν
1531 773 1669 809 ἁμαρτίας
1714 781 1834 807 πεποιη-

1039 821 1104 853 κὼς,
1119 821 1283 856 ἀφεθήσεται
1294 820 1376 854 αὐτῷ.
1399 829 1407 845 ι

1073 869 1177 895 ΠΔΛΛ.
1192 868 1378 894 Οἰωνοσκοπία
1392 867 1424 902 δὴ
1436 865 1493 898 οὗν,
1507 867 1553 894 καὶ
1566 867 1616 902 μὲν
1628 875 1668 893 τοι
1681 866 1728 893 καὶ
1740 865 1834 901 {mpii}

195 913 262 939 tatio
272 916 467 944 numerentur.
478 912 502 939 si
515 913 614 947 placet,
627 911 699 939 inter
710 919 754 943 ea,
765 918 826 946 quae
840 911 900 946 lege
911 910 988 938 dam—

1042 914 1227 950 συντετάχθω,
1244 915 1268 940 εί
1278 914 1432 946 δοκεῖμποῖς
1448 914 1480 940 ὲκ
1499 914 1582 949 νόμου
1597 912 1833 948 διαδεδλημένοις,

193 964 303 993 nentur,
317 964 346 987 et
367 967 429 995 qua
449 968 464 987 a
483 960 540 988 Deo
555 960 714 995 turpissima
735 963 763 987 et
777 960 894 987 maxime
905 967 984 987 exse—

193 1003 295 1031 cranda
308 1003 478 1039 iudicantur.

227 1049 306 1078 CYR.
327 1050 443 1078 Maxime
461 1058 537 1078 vero.
556 1050 625 1086 Illud
644 1051 728 1078 etiam
745 1051 911 1085 addiderim,
924 1051 986 1079 aliis

193 1104 303 1131 quoque
327 1096 417 1124 modis
440 1097 467 1124 in
495 1097 581 1124 Deum
606 1097 754 1132 injuriosos
773 1105 833 1125 esse
853 1105 944 1133 posse,
958 1102 985 1124 et

194 1149 251 1169 suae
270 1150 410 1177 quemque
434 1150 498 1178 erga
515 1151 578 1170 eum
597 1143 748 1178 impietatis
770 1151 847 1171 reum
872 1143 940 1175 fore,
955 1151 987 1170 ac

194 1193 289 1220 poenas
303 1186 444 1219 daturum,
461 1187 484 1215 si
501 1189 630 1224 perjurus
643 1188 707 1221 erit,
728 1192 776 1216 aut
795 1188 986 1224 blasphemum

194 1232 305 1268 aliquod
334 1233 470 1266 verbum,
502 1239 531 1262 et
558 1234 710 1262 absurdum
733 1235 768 1262 de
783 1235 829 1262 illa
859 1243 987 1270 suprema

195 1279 474 1315 przcstantissimaque
493 1280 580 1316 gloria
599 1280 709 1308 dixerit.
729 1281 798 1308 illud
816 1282 890 1309 enim
909 1282 988 1316 prius

195 1326 234 1353 ira
252 1334 368 1359 summa,
384 1327 599 1362 gravissimeque
618 1335 699 1363 paena
719 1329 884 1361 vindicatur,
907 1328 986 1360 falce,

195 1377 225 1400 ut
237 1372 370 1408 scriptum
396 1377 449 1406 est,
475 1379 655 1403 consumente
682 1376 787 1411 perjuri
813 1375 936 1407 domum.
960 1381 987 1404 et

194 1419 320 1447 funditus
337 1423 477 1447 evertente
496 1428 503 1446 :
521 1429 529 1446 ι
546 1420 718 1456 lngredietur
740 1421 823 1454 enim,
842 1422 940 1457 inquit,
959 1422 987 1449 in

194 1466 310 1494 domum
323 1466 402 1499 furis,
414 1471 442 1494 et
453 1467 482 1494 in
492 1466 605 1494 domum
620 1467 741 1502 jurantis
753 1467 780 1494 iu
800 1468 910 1496 nomine
927 1476 988 1495 meo

195 1513 376 1547 mendaciter,
389 1517 418 1541 ct
434 1513 591 1548 requiescet
607 1513 635 1541 in
655 1514 748 1541 medio
760 1513 859 1541 domus
871 1515 942 1550 ejus,
960 1519 987 1542 et

195 1564 340 1587 consumet
358 1567 430 1592 eam,
454 1564 482 1587 et
503 1560 576 1595 ligna
595 1560 666 1595 ejus,
685 1563 713 1587 et
727 1559 832 1594 lapides
842 1560 902 1595 ejus
916 1560 957 1586 ’ἰ
975 1570 984 1586 ι

195 1606 265 1633 Illud
274 1613 341 1634 vero
350 1606 467 1634 alterum
483 1612 571 1634 morte
583 1613 616 1634 ac
626 1613 757 1641 supremo
768 1606 905 1641 supplicio
916 1606 988 1633 mul-

197 1657 280 1680 tatur.
294 1651 353 1680 Non
367 1653 458 1688 itaque
470 1653 498 1680 in
511 1660 541 1680 re
553 1652 619 1680 falsa
627 1651 793 1687 jurandum;
806 1652 863 1679 imo
875 1659 941 1679 vero
955 1659 989 1679 nc

194 1699 342 1734 iurandum
356 1699 468 1735 quidem
482 1699 594 1726 omnino
607 1707 613 1724 :
627 1698 653 1725 id
671 1698 746 1725 enim
759 1697 854 1725 docuit
865 1705 915 1725 nos
929 1697 988 1725 Sal-

197 1753 284 1779 vator,
298 1756 360 1776 cum
373 1747 457 1780 dixit;
473 1747 529 1774 «Sit
538 1750 631 1774 autem
643 1751 849 1787 sermo'vestcr,
860 1745 918 1777 Est,
932 1750 988 1777 est;

197 1798 225 1821 et
245 1793 315 1826 Non,
329 1801 384 1821 non
399 1803 407 1820 :
420 1793 494 1828 quod
520 1797 613 1820 autem
640 1792 685 1819 bis
697 1791 884 1819 abundantius
908 1795 960 1823 est,
975 1799 989 1818 a

198 1840 307 1868 diabolo
319 1844 362 1867 est
381 1840 414 1867 ".
431 1850 439 1865 ι
460 1840 555 1874 Neque
573 1839 658 1871 enim,
673 1838 720 1874 qui
732 1846 829 1873 graves
841 1838 988 1870 habentur,

197 1890 225 1913 et
239 1886 369 1914 virtutem
386 1886 438 1913 sibi
457 1886 535 1920 quasi
550 1885 776 1913 contubernalem
800 1885 935 1917 fecerunt,
957 1885 991 1912 iis

198 1933 312 1960 omnino
324 1931 506 1968 jurisjurandi
518 1929 590 1959 ullus
602 1932 656 1958 erit
673 1939 739 1958 usus
753 1939 758 1956 :
775 1939 838 1958 nam
856 1931 990 1966 ejusmodi

199 1981 342 2008 hominum
359 1981 415 2007 vita
437 1978 508 2015 apud
528 1979 639 2014 pietatis
652 1982 790 2006 amatores
809 1982 882 2005 certe
894 1986 992 2013 magno

201 2027 228 2053 in
239 2027 329 2062 pretio
342 2030 393 2058 est,
412 2034 502 2060 neque
521 2026 560 2052 illi
573 2025 641 2052 lldes
659 2033 713 2052 non
727 2025 824 2052 haberi
842 2025 930 2055 solet:
949 2033 990 2055 ac,

200 2073 223 2098 si
235 2072 300 2107 quid
314 2072 377 2099 talis
390 2071 432 2098 vir
441 2072 511 2098 forte
529 2071 643 2101 dixerit,
659 2070 732 2098 illico
751 2070 803 2097 lidc
820 2069 991 2097 audientium

200 2119 345 2154 excipitur.
359 2117 400 2144 Sit
413 2117 496 2153 igitur
506 2117 570 2144 vitae
582 2121 682 2144 nostra:
699 2117 769 2143 ratio
786 2117 926 2151 praeclara.
943 2125 992 2143 nc-

201 2173 254 2199 que
279 2165 352 2191 ullus
362 2164 416 2191 erit
436 2163 578 2198 profecto,
598 2167 628 2190 ut
648 2171 699 2198 ego
723 2162 862 2195 arbitror,
882 2162 991 2198 jurandi

202 2218 276 2237 usus.
291 2209 339 2237 Sin
351 2217 422 2244 opus
430 2209 484 2236 erit
495 2208 654 2243 aliquando,
669 2207 743 2243 quod
755 2207 899 2239 honorem,
911 2215 991 2242 quem

1002 1581 1023 1610 C

1034 962 1158 993 καὶτοῖς
1182 962 1212 988 ὲν
1235 961 1364 996 αίσχίστῃ
1389 962 1436 988 καὶ
1461 959 1653 996 βδελυρωτάτῃ
1671 959 1734 994 δόξῃ
1756 959 1835 994 παρὰ

1034 1007 1105 1035 Θεῶ.

1072 1055 1155 1082 ΚΥΡ.
1176 1054 1232 1082 Καὶ
1249 1054 1319 1089 μάλα
1332 1075 1340 1086 ,
1363 1053 1512 1088 προσθείην
1527 1053 1551 1080 δ’
1570 1053 1613 1083 ἂν.
1637 1053 1678 1079 ὅτι
1700 1053 1747 1079 καὶ
1768 1049 1835 1078 καθ’

1036 1101 1145 1137 ἑτέρους
1160 1101 1205 1127 τὸν
1217 1101 1283 1127 Θεὸν
1295 1100 1442 1136 ὑϐριοῦμεν
1456 1101 1584 1134 τρόπους,
1599 1101 1646 1127 καὶ
1659 1100 1708 1135 τῆς
1723 1099 1762 1130 είς
1778 1099 1834 1125 αὐ-

1036 1147 1081 1174 τὸν
1099 1146 1258 1179 δυσσεϐείας
1271 1146 1348 1181 ὄφλοι
1366 1155 1408 1178 τις
1429 1146 1462 1174 ἂν
1476 1147 1586 1183 γραφήν
1604 1155 1634 1173 τε
1659 1147 1707 1172 καὶ
1725 1144 1834 1180 λόγους.

1035 1194 1066 1222 τὸ
1082 1194 1239 1230 ψευδορκεῇι
1254 1193 1407 1229 ᾑρημένος,
1422 1194 1469 1221 καὶ
1482 1193 1512 1220 τὸ
1529 1193 1709 1229 παλίμφημόν
1722 1201 1758 1224 τι,
1783 1191 1835 1218 καὶ

1035 1240 1142 1276 ἀπηχὲς
1162 1241 1250 1267 είπεῖν
1263 1240 1336 1267 κατά
1354 1248 1386 1274 γε
1401 1240 1450 1276 τῆς
1467 1239 1623 1276 ὑπερτάτης
1640 1240 1687 1266 καὶ
1701 1239 1835 1267 ἀνωτάτω

1036 1286 1125 1322 8657);.
1145 1287 1182 1313 Τὸ
1197 1286 1246 1321 μὲν
1266 1286 1320 1322 γὰρ
1337 1286 1481 1318 κολάζεται
1497 1288 1531 1322 τῇ
1548 1286 1665 1314 εἰσάπαν
1684 1286 1765 1322 ὀργῇ,
1785 1286 1835 1311 καὶ

1037 1333 1144 1368 ἀσχὲτῳ
1158 1333 1248 1368 ποινῇ,
1265 1332 1456 1364 συντελοῦντος
1475 1332 1522 1359 τοῦ
1536 1332 1682 1368 δρεπάνου,
1697 1332 1770 1359 καθά
1785 1332 1832 1366 γέ-

1037 1388 1160 1416 γραπται
1170 1400 1176 1411 .
1195 1380 1244 1416 τὴν
1259 1379 1306 1407 τοῦ
1324 1379 1537 1416 ψευδορκοῦντος
1556 1379 1649 1406 ἑστίαν
1659 1400 1666 1412 ,
1685 1379 1732 1406 καὶ
1745 1387 1833 1405 κατα-

1038 1425 1158 1457 σείοντος
1172 1425 1212 1456 είς
1222 1425 1252 1452 τὸ
1264 1425 1410 1457 παντελές’
1428 1435 1438 1452 ι
1455 1425 1646 1452 Είσελεύσεται
1658 1425 1722 1460 γὰρ,
1738 1424 1833 1459 φησιν.

1038 1472 1078 1503 είς
1101 1471 1147 1498 τὸν
1163 1470 1237 1498 οἶκον
1258 1472 1306 1498 τοῦ
1327 1472 1444 1499 κλέπτου
1457 1493 1463 1504 ,
1486 1472 1533 1499 καὶ
1557 1472 1597 1504 είς
1620 1471 1666 1498 τὸν
1688 1468 1763 1498 οἷκον
1785 1470 1834 1497 τοῦ

1039 1518 1185 1554 ὀμνύοντος
1198 1518 1236 1554 τῷ
1252 1518 1364 1554 ὀνόματί
1381 1528 1431 1554 μου
1447 1519 1493 1546 ἐπὶ
1506 1518 1608 1553 ψεύδει,
1624 1518 1670 1545 καὶ
1686 1516 1836 1544 καταλύσει

1040 1565 1068 1592 ἐν
1087 1565 1161 1600 μέσῳ
1172 1564 1218 1592 τοῦ
1233 1566 1308 1592 οἴκου
1327 1565 1421 1596 αὐτοῦ,
1438 1565 1486 1592 καὶ
1504 1563 1657 1591 συντελέσει
1673 1563 1754 1590 αὐτὸν
1764 1583 1771 1595 ,
1787 1563 1835 1588 καὶ

1039 1609 1073 1636 τὰ
1088 1608 1153 1641 ξύλα
1167 1609 1261 1642 αὐτοῦ,
1278 1610 1402 1642 καὶτοὺς
1422 1609 1513 1641 λίθους
1531 1608 1624 1636 αὑτοῦ.
1643 1618 1651 1633 ι
1671 1607 1791 1644 Θάτερόν
1804 1615 1836 1642 γε

1041 1656 1105 1690 μὴν,
1129 1655 1159 1682 τὸ
1182 1656 1342 1683 ὲκτεϐνάναι
1362 1657 1417 1682 δεῖν
1429 1677 1436 1688 ,
1460 1656 1508 1683 καὶ
1526 1655 1557 1682 τὸ
1575 1655 1684 1682 πάντων
1703 1654 1836 1681 ἐπέκεινα

1038 1703 1093 1729 τῶν
1106 1702 1199 1729 κακῶν
1214 1703 1286 1738 ἔχειν
1303 1702 1353 1737 τὴν
1368 1702 1457 1737 δίκην.
1481 1702 1541 1737 Χρὴ
1557 1700 1703 1736 τοιγαροῦν
1717 1700 1836 1735 ὀμνύναι

1041 1749 1079 1784 μὴ
1096 1749 1143 1775 ἐπὶ
1163 1749 1272 1784 ψεύδει*
1293 1749 1394 1784 μᾶλλον
1410 1749 1438 1775 δὲ
1457 1749 1517 1784 μηδ’
1533 1747 1601 1779 ὅλως
1615 1746 1739 1782 ὀμνύναι.
1752 1745 1837 1772 Τουτὶ

1039 1794 1094 1829 γὰρ
1107 1794 1181 1830 ἡμᾶς
1196 1794 1313 1826 ἐδίδαξεν
1330 1794 1344 1820 ὁ
1360 1794 1466 1830 Σωτὴρ,
1481 1793 1586 1827 λέγων·
1605 1802 1614 1818 ι
1637 1791 1729 1818 Ἔστω
1745 1791 1836 1826 ὑμῶν,

1039 1841 1070 1867 τὸ
1084 1841 1147 1873 Ναὶ,
1161 1840 1219 1872 ναὶ,
1232 1841 1279 1866 καὶ
1291 1839 1321 1866 τὸ
1331 1839 1381 1872 Uti,
1395 1839 1436 1866 οὗ·
1454 1839 1484 1866 τὸ
1499 1839 1526 1865 δὲ
1539 1839 1665 1875 περισσὸν
1677 1838 1791 1869 τούτων,
1804 1839 1838 1865 ἐκ

1041 1888 1087 1915 τοῦ
1095 1887 1219 1914 διαϐόλου
1228 1887 1311 1914 ἐστίν,
1324 1887 1450 1923 ιῙΟρκου
1460 1886 1514 1923 γὰρ
1526 1886 1594 1918 ὗλως
1603 1886 1654 1913 οὐκ
1665 1885 1742 1912 ἔσται
1755 1885 1838 1921 χρεία

1041 1935 1097 1966 τοῖς
1108 1935 1136 1960 ἐν
1150 1933 1282 1969 ὑπολήψει
1295 1934 1470 1970 σεμνότητος,
1484 1934 1531 1960 καὶ
1545 1933 1666 1960 σύνοικον
1678 1932 1753 1959 ὥσπε
1757 1941 1774 1968 ρ
1789 1941 1838 1959 πε-

1042 1980 1201 2015 ποιημένοις
1215 1979 1264 2015 τὴν
1283 1979 1401 2014 ἀρετήν’
1428 1979 1605 2014 ὲκτετίμηται
1619 1979 1673 2013 γὰρ
1688 1978 1750 2005 λίαν
1762 1978 1838 2013 παρὰ

1042 2029 1098 2058 τοῖς
1115 2026 1257 2058 εὐσεδεὶας
1271 2026 1402 2061 ἐρασταῖς
1417 2024 1471 2052 τῶν
1485 2025 1614 2052 τοιούτων
1626 2025 1640 2051 ὁ
1661 2024 1729 2058 βίος,
1745 2025 1794 2050 καὶ
1807 2024 1838 2050 τὸ

1043 2072 1218 2099 ἀπιστεῖσθαι
1240 2073 1330 2107 μισεῖν
1344 2080 1351 2086 ο
1366 2071 1418 2098 κᾶν
1432 2071 1459 2098 ετ
1476 2080 1502 2098 τι
1525 2071 1670 2106 φθέγγοιτο
1684 2070 1766 2106 τυχὸν
1777 2091 1785 2102 ,
1803 2071 1836 2105 τῇ

1045 2119 1100 2145 τῶν
1120 2118 1304 2154 ἀκροωμένων
1326 2117 1407 2149 εὐθὺς
1421 2116 1600 2152 στεφανοῦται
1622 2117 1723 2144 πίστει.
1745 2117 1839 2144 Ἔστω

1044 2164 1190 2201 τοιγαροῦν
1202 2165 1282 2201 ἡμῶν
1303 2165 1418 2201 εὐκλεὴς
1431 2166 1446 2191 ὸ
1457 2164 1524 2200 βίος,
1537 2164 1585 2191 καὶ
1597 2164 1715 2199 ἀργήσει
1727 2164 1838 2194 πάντως

1045 2221 1107 2244 που,
1123 2211 1250 2247 καθάπερ
1269 2208 1387 2246 ἐγῷμαι,
1403 2212 1450 2238 καὶ
1470 2212 1487 2245 ἡ
1504 2210 1552 2237 τοῦ
1567 2208 1726 2244 διόμνυσθαι
1745 2209 1836 2244 χρεία.

202 2256 302 2283 sanctis
314 2256 382 2283 viris
393 2255 489 2282 haberi
500 2255 640 2286 convenit,
649 2254 773 2281 nonnulli
785 2253 922 2281 interdum
931 2261 989 2288 par-

1045 2258 1076 2284 Ei
1087 2257 1114 2283 δὲ
1125 2257 1156 2292 δή
1171 2265 1220 2284 που
1233 2257 1349 2290 γένοιτο,
1364 2257 1410 2283 καὶ
1421 2256 1471 2291 τῆς
1486 2257 1525 2287 εἰς
1542 2255 1635 2289 ἁγίους
1647 2254 1729 2289 τιμῆς
1741 2254 1839 2287 ὀλιγω-

201 2302 361 2338 vipendant.
377 2302 450 2329 Deus
470 2302 548 2328 testis
558 2301 592 2328 ad
609 2300 800 2336 jusjurandum
812 2299 991 2331 adhibeatur;

202 2356 291 2383 neque
305 2348 423 2376 ullarum
440 2347 558 2375 aliarum
574 2355 666 2374 rerum
683 2354 783 2374 nomen
796 2346 937 2373 aﬂ‘eratur.
950 2345 993 2372 in-

201 2394 372 2422 considerate
382 2402 501 2429 namque
510 2394 566 2429 jam
583 2391 745 2420 nonnulliad
757 2391 848 2419 futiles
860 2392 994 2419 vanitates

201 2444 329 2475 pergunt,
346 2440 471 2474 nihilque
490 2438 595 2466 referre
607 2438 721 2473 tingunt,
736 2446 798 2465 cum
816 2445 865 2472 per
881 2437 993 2467 emlum.

203 2495 251 2521 per
263 2487 411 2521 justitiam,
429 2493 479 2521 per
497 2485 653 2512 Adrastiam
675 2485 785 2516 dicant,
810 2492 859 2519 per
878 2484 968 2510 lucem
984 2504 990 2515 ,

203 2539 251 2566 per
265 2532 418 2558 lucernam.
435 2530 507 2563 Quin
530 2530 613 2557 etiam
630 2530 682 2556 alia
699 2529 824 2564 quaedam
843 2536 893 2556 suo
915 2528 991 2555 arbi-

204 2581 276 2604 tratu
302 2577 471 2612 colligentes,
489 2576 613 2603 fortassis
631 2576 714 2602 etiam
726 2575 771 2610 pie
789 2582 817 2602 se
834 2574 923 2602 facere
940 2582 992 2608 pu-

204 2627 274 2655 tant,
290 2630 354 2650 cum
380 2623 427 2650 Dei
455 2630 556 2650 nomen
581 2622 718 2657 rejiciant,
735 2626 763 2648 et
785 2629 828 2651 ea,
845 2628 906 2655 quae
921 2620 996 2647 illius

204 2675 284 2701 mitti,
295 2674 326 2696 ut
341 2674 443 2701 essent,
461 2674 557 2696 vocata
577 2672 651 2699 sunt,
669 2667 765 2702 gloria,
784 2675 845 2701 qua!
859 2667 914 2694 Deo
928 2674 996 2693 con-

205 2717 294 2749 venit,
313 2720 457 2743 exornent.
476 2714 640 2750 ilujusmodi
663 2714 780 2748 quodam
801 2722 896 2740 errore
918 2713 996 2740 Iaho—

205 2770 280 2790 rasse
294 2762 431 2790 interdum
443 2761 572 2789 israelem
590 2760 769 2795 reperiemus.
782 2759 848 2786 Nam
863 2760 994 2795 templum

206 2808 284 2841 illud,
305 2808 378 2844 quod
403 2808 601 2843 Hierosolymis
618 2807 787 2837 habebatur,
809 2806 996 2841 proculdubio

241 2901 260 2916 ⁵¹
278 2900 371 2929 Jacoh.
392 2909 417 2932 ν,
439 2899 480 2931 Ii,
500 2899 539 2926 l5.
574 2900 595 2915 ³¹
610 2900 691 2927 anh.
709 2909 732 2931 ι,
751 2900 775 2925 7v.

817 2900 837 2915 “
853 2899 946 2927 .‘vhuh.
960 2907 985 2930 ν,
998 2899 1030 2926 57

1046 2303 1164 2338 ρούντων
1185 2302 1242 2329 ἔσθ’
1266 2302 1310 2329 ὅτε
1333 2302 1425 2334 τινῶν,
1447 2302 1539 2338 ὅρκιος
1559 2301 1630 2328 ἔστω
1650 2300 1725 2331 Θεὸς,
1747 2299 1784 2334 μὴ
1808 2299 1839 2325 τὸ

1045 2349 1146 2385 ἑτέρων
1161 2348 1247 2384 ὄνομα
1260 2347 1491 2384 παρακομιζέσθω
1502 2346 1592 2373 τινῶν.
1613 2343 1838 2380 ’Δπερισκέπτως

1045 2394 1100 2430 γὰρ
1119 2394 1170 2429 ἥδη
1190 2394 1262 2425 τινὲς
1275 2394 1315 2425 είς
1331 2392 1462 2424 ἐκλύτους
1483 2392 1568 2423 ἰόντες
1583 2389 1736 2425 ὶξιτηλίας,
1759 2387 1838 2414 ἀδια-

1047 2441 1141 2476 φορεῖν
1156 2440 1390 2472 ὑποπλάττονται,
1407 2439 1439 2474 νὴ
1455 2439 1501 2466 τὸν
1514 2437 1639 2473 οὐρανὸν.
1655 2436 1672 2472 ἦ
1686 2435 1736 2470 τὴν
1747 2434 1837 2469 δίκην,

1046 2487 1079 2522 νὴ
1089 2486 1138 2522 τὴν
1158 2486 1332 2521 Ἀδράστειαν
1348 2485 1482 2520 λέγοντες,
1503 2485 1536 2520 νὴ
1551 2483 1581 2511 τὸ
1598 2483 1666 2517 φῶς,
1684 2482 1717 2516 νὴ
1731 2481 1776 2507 τὸν
1789 2479 1838 2506 λύ-

1046 2542 1118 2570 χνον.
1137 2533 1239 2567 Ἕτερά
1251 2540 1280 2558 τε
1292 2532 1358 2558 ἄττα
1372 2531 1441 2558 κατὰ
1454 2531 1484 2557 τὸ
1501 2529 1576 2564 σφίσι
1589 2527 1684 2555 δοκοῦν
1696 2527 1839 2560 συλλέγον-

1064 2585 1105 2608 ες,
1129 2577 1198 2612 τάχα
1223 2585 1274 2602 που
1294 2577 1341 2603 καὶ
1363 2575 1484 2607 εὐσεῦεῖν
1509 2574 1622 2606 οἴονται,
1642 2573 1673 2599 τὸ
1699 2571 1749 2607 μὲν
1768 2571 1840 2597 θεῖον

1046 2623 1131 2658 ὄνομα
1151 2610 1369 2658 τταρωθούμενοι,
1385 2623 1418 2657 τῇ
1430 2621 1458 2648 δὲ
1472 2620 1615 2657 πρεπούσῃ
1629 2617 1689 2654 Θεῷ
1703 2610 1849 2653 καταχρυ-’

1048 2669 1157 2701 σοῦντες
1174 2669 1238 2705 δόξῃ
1253 2669 1287 2695 τὰ
1299 2670 1354 2700 τοῖς
1368 2667 1450 2694 αὑτοῦ
1467 2667 1582 2702 νεύμασι
1598 2665 1756 2700 κεκλῃμένα
1772 2665 1842 2699 7:96;

1047 2716 1163 2750 γένεσιν.
1182 2715 1317 2750 Τοιαύτην
1331 2714 1393 2742 τινὰ
1409 2714 1542 2749 πλάνησιν
1556 2712 1756 2748 ἠρῤωστηκότα
1771 2711 1842 2739 κατὰ

1048 2761 1160 2796 καιροὺς
1188 2760 1233 2788 τὸν
1266 2759 1374 2796 Ἰσραὴλ
1403 2760 1566 2796 εὑρήσομεν.
1599 2757 1840 2794 Ὀμολογουμένως

1048 2808 1100 2844 γὰρ
1118 2808 1156 2843 τῷ
1173 2808 1232 2843 Θεῷ
1254 2807 1298 2834 τὸν
1319 2808 1346 2833 ὲν
1367 2808 1423 2838 τοῖς
1445 2806 1642 2842 Ἰεροσολύμοις
1663 2805 1842 2840 ἀνεδείμαντο
