1939 3041
26 165 84 196 575

409 167 454 196 DE
474 167 696 198 ADORATIONE
715 171 749 200 IN
771 171 907 201 SPIRITU
928 172 973 201 ET
991 172 1174 200 VERITATE.
1195 174 1257 201 LIB.
1280 174 1322 202 Vl.

1616 176 1669 205 ἀπ

27 229 107 259 mw,
126 227 175 254 καὶ
192 227 237 255 ἐπ’
255 226 330 264 αὑτῷ
348 226 380 263 δὴ
397 228 486 264 τούτῳ
500 228 663 265 φρονοῦντες
679 229 766 264 μέγα.
783 230 822 255 κα¹

885 229 913 257 in
925 230 1059 259 honorem
1077 233 1125 260 Dei
1146 237 1347 266 exstruxerant,
1358 238 1385 262 et
1398 241 1459 261 cum
1482 233 1518 262 ob
1535 241 1596 262 eam
1610 241 1669 263 rem

23 274 84 300 τῶν
100 274 142 305 εἰς
165 273 309 300 εὐσέϐειαν
331 273 499 309 αὐχημάτων
521 273 586 301 εἴσω
601 273 727 309 γενέσθαι
746 283 827 300 πεπι-

26 319 191 351 στευκότες,
214 319 262 346 καὶ
288 319 506 356 ἀξιολογωτάτην
526 319 556 348 εὖ
582 321 654 356 μάλα
675 321 725 356 τὴν
748 321 827 353 δόξαν

25 364 104 390 ἑλεῖν
116 365 174 391 τῶν
191 365 266 400 σφίσι
277 365 480 400 διηγγελμένων
493 365 538 392 διὰ
551 365 599 392 τοῦ
610 365 749 400 πανσόφου
760 365 826 392 Μω-

25 417 102 442 σεως
125 411 208 445 ὀλίγα
221 411 413 448 φροντίσαντες
427 412 654 448 ἀπεριμερίμνως
667 412 808 447 ἡλίσκοντο
818 420 825 428 ·

26 457 87 483 ἀλλ’
104 458 150 484 ὅτι
165 458 197 485 τό
210 458 306 494 χρῆμα
317 458 408 490 αὐτοῖς
422 459 451 485 οὐ
468 459 537 494 πρὸς
550 458 675 486 εὔκλειαν
689 459 766 486 ἔσται
778 468 826 486 πο-

26 503 87 534 θὲν,
99 504 149 530 καὶ
161 504 293 538 γάννυται
306 504 334 531 δὲ
350 505 410 540 οὐχὶ
423 505 483 536 ταῖς
495 506 528 531 ὲκ
542 505 624 532 λίθων
635 505 801 541 οἰκοδομίαις
813 507 828 533 ὁ

26 550 108 584 Θεὸς,
130 550 255 578 ἐδίδασκε
267 551 355 586 λέγων
365 559 371 566 ’
390 561 398 577 ι
423 551 452 578 '0
465 551 581 587 οὐρανός
592 560 637 587 μοι
649 552 753 587 θρόνος,
768 553 785 588 ἡ
797 553 826 580 δὲ

25 599 62 632 γῆ
82 598 234 625 ὑποπόδιον
250 597 304 624 τῶν
321 598 409 634 ποδῶν
427 606 488 634 μου.
502 598 581 625 Ποῖον
596 597 669 626 οἷκον
685 599 825 635 οἰκοδομή-

26 644 90 670 σετέ
107 653 174 679 pot;
192 644 208 680 ἦ
224 643 266 676 τίς
277 645 359 675 τόπος
376 645 426 680 τῆς
445 644 646 676 καταπαύσεώς
665 653 732 681 μου;
750 645 825 679 λέγει

26 689 147 722 Κύριος.
165 700 174 715 ι
202 690 370 726 Ἑμπίπλησι
392 691 447 726 γὰρ
471 690 505 718 τὰ
519 691 607 718 πάντα
627 691 704 724 Θεὸς,
717 692 764 718 καὶ
776 693 825 719 ὲπ-

26 737 204 763 αναπαύεται
218 737 267 772 μὲν
281 737 397 773 οὐρανῷ,
410 737 533 772 διήκειδὲ
542 738 588 764 καὶ
598 738 645 764 ἐπὶ
653 739 702 773 τῆς
718 738 780 773 γῆς’
793 739 823 765 οὐ

26 783 83 817 γὰρ
107 784 138 809 ἐν
158 783 233 818 ποσῷ
247 784 277 810 τὸ
298 783 379 816 θεῖον,
403 783 462 810 ἀλλ’
480 782 575 818 ὥσπερ
591 783 664 810 ἐστίν
687 783 825 811 ἀπωτάτω

26 830 186 863 φαντασίας
203 831 373 866 σωματικῆς,
393 829 464 861 οὕτω
484 831 532 857 καὶ
545 830 630 857 τόπου
647 830 694 857 καὶ
713 830 760 857 τοῦ
776 839 824 857 πε-

26 877 174 904 ποσῶσθαι
187 878 285 905 δοκεῖν.
307 877 416 914 Ἐπειδὴ
429 877 457 904 δὲ
471 877 545 910 ἅπαξ
566 877 686 904 Ἰουδαῖοι
699 877 824 911 λέγοντος

25 923 141 959 ᾒκουον,
162 924 192 951 '0
201 924 316 960 οὐρανός
329 932 375 959 μοι
387 923 492 959 θρόνος,
503 924 520 958 ή
532 923 560 950 δὲ
569 924 603 958 γῆ
614 923 758 950 ὑποπόδιον
767 923 823 950 τῶν

26 971 119 998 ποδῶν
136 980 199 1007 μου,
210 972 278 1007 πρδς
291 970 396 1003 ἐννοίας
413 971 498 1003 ίόντες
510 971 560 997 οὐκ
573 970 714 1005 ἀσφαλεῖς,
730 970 823 1005 ὅρκιον

25 1017 171 1044 ἐποιοῦντο
189 1017 233 1044 τὸν
246 1017 370 1053 οὐρανὸν,
388 1017 459 1044 θεῖον
473 1016 554 1044 αὑτὸν
566 1015 744 1052 ὀνομάζοντες
760 1016 823 1053 θρό-

26 1071 81 1094 νον,
99 1063 204 1098 ὁμοίως
220 1063 248 1089 δὲ
263 1064 310 1090 καὶ¹
323 1063 373 1099 τὴν
386 1062 449 1098 γῆν,
464 1062 502 1094 ὡς
519 1063 571 1090 ὑπὸ
585 1063 667 1094 πόδας
678 1062 747 1089 Θεοῦ
764 1071 822 1090 κει-

27 1109 133 1144 μένην·
155 1109 204 1135 καὶ
227 1109 280 1145 μὴν
301 1109 349 1136 καὶ
369 1109 418 1145 τὴν
447 1109 641 1146 Ἰερουσαλὴμ,
659 1109 736 1142 πόλις
756 1109 820 1146 γὰρ,

25 1157 158 1191 ἐψασκον,
173 1156 232 1183 ἐστὶ
251 1155 298 1182 τοῦ
316 1156 425 1182 πάντων
441 1156 606 1192 κρατοῦντος
622 1155 708 1190 Θεοῦ,
722 1156 768 1183 καί
780 1164 822 1183 τοι

25 1204 80 1231 τῶν
102 1202 291 1239 ἀρχαιοτέρων
319 1203 404 1237 ἁγίων
427 1203 474 1235 τὺ,
492 1203 530 1239 Ζῇ
548 1202 669 1238 Κύριος,
691 1203 720 1229 ὲν
739 1202 822 1238 ὅρκου

26 1250 107 1286 χρείᾳ
129 1249 335 1286 πεποιημένων.
362 1248 442 1275 Ἀλλὰ
455 1248 504 1284 τὴν
522 1247 577 1275 τῶν
607 1247 744 1274 Ἰουδαίων
761 1247 821 1283 ὴλι-

27 1296 166 1331 θιωτατην
187 1295 291 1322 ἔννοιαν
305 1294 548 1330 κατεκιδδήλευσεν
563 1295 577 1321 ό
593 1294 700 1329 Σωτὴρ,
717 1293 754 1330 μὴ
766 1293 822 1320 δεῖν

27 1341 205 1376 ἁπόμνυσθαι
225 1341 324 1376 λέγων,
345 1341 412 1376 μήτε
428 1341 457 1367 ὲν
475 1339 514 1375 τῷ
532 1338 654 1375 οὐρανῷ,
670 1340 710 1366 ὃτι
727 1339 822 1375 θρόνος

27 1388 87 1415 ἐστὶ
105 1387 177 1414 Θεοῦ
188 1407 196 1420 ,
219 1387 287 1423 μήτε
303 1387 332 1414 ὲν
347 1388 379 1423 τῇ
402 1387 455 1422 γῇ,
467 1386 508 1413 ὅτι
528 1385 674 1413 ὑποπόδιόν
693 1386 751 1412 ἔστι
766 1385 821 1412 τῶν

28 1434 117 1461 ποδῶν
137 1434 234 1466 αὐτοῦ,
256 1435 323 1469 μήτε
343 1434 382 1465 είς
405 1433 594 1468 Ἰεροσόλυμα,
615 1433 655 1460 ὃτι
676 1431 752 1464 πόλις
773 1431 820 1458 τοῦ

30 1481 150 1516 μεγάλου
175 1479 306 1516 βασιλέως
328 1478 419 1506 ἐστίν’
439 1477 458 1505 ἃ
479 1478 533 1514 γὰρ
555 1479 654 1505 ἐκεῖνοι
675 1477 821 1514 ληροῦντες

28 1526 160 1560 ἔφασκον,
171 1525 258 1553 ταῦτα
270 1524 413 1560 χρησίμως
430 1525 444 1551 ό
457 1524 553 1560 Σωτὴρ
575 1523 735 1559 ἐφθέγξατο,
752 1531 821 1550 παν-

877 281 969 304 essent
981 277 1055 311 elati,
1074 279 1153 314 213
1168 288 1200 307 ac
1216 280 1326 315 pietatis
1344 284 1505 307 ornamenta
1523 287 1553 308 se
1569 287 1669 309 conse-

877 327 957 350 cutos
968 331 1039 356 esse,
1063 328 1091 351 et
1109 325 1242 360 insignem
1257 326 1372 361 gloriam
1393 326 1551 362 percepisse
1571 327 1668 355 crede-

877 373 949 401 rent,
964 377 1025 404 qua
1035 370 1090 397 illis
1110 379 1124 398 a
1137 371 1337 406 sapientissimo
1349 373 1410 400 viro
1425 373 1516 409 Moyse
1532 377 1670 408 praecepta

877 418 966 448 erant,
983 415 1016 443 de
1032 416 1066 443 iis
1085 425 1142 452 prae
1162 417 1267 445 incuria
1281 426 1378 453 parum
1396 419 1535 446 laborasse
1553 419 1668 446 convin~

876 460 1026 494 cebantur;
1047 462 1095 489 sed
1112 470 1172 489 eam
1189 471 1247 490 rem
1272 463 1327 491 illis
1348 464 1441 498 gloriae
1461 471 1517 491 non
1535 463 1668 498 futuram,

875 513 966 541 neque
978 514 1008 534 se
1020 507 1143 542 lapidum
1160 509 1396 536 exstructionibus
1417 509 1559 542 delectari,
1572 509 1670 537 docuit

875 552 948 580 Deus
967 561 1029 581 cum
1046 554 1115 581 dixit
1133 562 1139 581 :
1159 563 1168 580 ι
1184 554 1289 582 Caelum
1306 555 1373 582 mihi
1389 555 1468 583 sedes
1483 558 1536 588 est,
1551 559 1578 583 et
1595 559 1668 583 terra

875 598 1025 625 scabellum
1045 599 1146 634 pedum
1163 607 1296 627 meorum.
1315 599 1428 633 Qualem
1447 600 1560 627 domum
1580 600 1668 628 aedifi-

876 643 974 671 cabitis
985 644 1070 672 mihi?
1083 646 1124 673 vel
1141 645 1204 680 quis
1220 646 1297 673 locus
1308 645 1489 681 requietionis
1502 653 1570 673 mea
1579 646 1591 672 ?
1601 645 1670 673 dicit

875 688 1008 716 Dominus
1016 689 1048 716 “.
1060 700 1069 715 ι
1087 690 1184 725 Implet
1194 691 1267 718 enim
1283 691 1375 718 omnia
1390 690 1511 723 Deus,ae
1520 690 1670 725 requiescit

875 735 986 769 quidem
1005 735 1033 762 in
1053 736 1137 769 cmlo;
1154 737 1283 772 pertingit
1301 741 1394 764 autem
1410 736 1492 764 etiam
1510 736 1543 763 ad
1555 740 1643 763 terras
1660 744 1667 761 :

875 789 964 816 neque
975 782 1049 809 enim
1066 783 1138 810 mole
1155 783 1276 811 cohieret
1291 783 1338 811 Dei
1353 787 1450 810 natura
1462 804 1468 816 ,
1486 783 1544 814 sed,
1562 787 1593 810 ut
1608 783 1669 810 lon-

876 827 986 863 gissime
1003 828 1082 856 abest
1099 837 1114 856 a
1138 829 1230 864 specie
1253 837 1398 864 corporea,
1416 829 1456 856 sic
1472 829 1556 855 etiam
1575 836 1590 856 a
1606 828 1669 855 loco

875 876 905 900 et
917 873 998 901 molis
1010 874 1140 909 opinione
1160 878 1282 902 remotus
1307 878 1360 902 est.
1376 874 1428 902 Sed
1445 873 1530 901 Judaei
1548 881 1611 901 eum
1623 881 1667 901 se-

875 920 928 947 mel
939 919 1018 946 illum
1035 919 1129 947 dicere
1144 920 1296 952 audissent,
1310 920 1410 947 coelum
1433 919 1502 947 mihi
1524 919 1604 947 sedes
1613 923 1666 950 est.

873 969 901 992 et
917 969 990 992 terra
1004 965 1153 992 scabellum
1168 965 1268 1000 pedum
1282 972 1417 997 meorum,
1432 965 1465 992 ad
1477 965 1598 992 lubricas
1609 964 1669 999 opi-

873 1011 972 1039 niones
983 1011 1163 1045 diverterant,
1178 1015 1207 1039 et
1225 1011 1326 1039 coelum
1340 1011 1373 1038 ad
1383 1011 1576 1047 jusjurandum
1589 1018 1668 1038 assu-

873 1058 995 1091 mebant,
1011 1056 1143 1086 thronum
1170 1058 1238 1086 illud
1250 1058 1374 1086 divinum
1388 1058 1568 1093 appellantes,
1584 1057 1668 1090 simili

872 1111 983 1139 quoque
1004 1104 1111 1132 ratione
1133 1108 1246 1137 terram,
1262 1104 1340 1139 quasi
1360 1104 1409 1132 Dei
1438 1104 1556 1139 pedibus
1573 1103 1668 1139 subje-

875 1153 964 1183 ctam;
981 1149 1135 1177 Jerusalem
1148 1153 1292 1184 praterea,
1305 1150 1372 1176 urbs
1386 1149 1460 1177 enim
1479 1153 1531 1182 est,
1545 1149 1668 1181 aiebant,

872 1196 1002 1225 omnibus
1014 1197 1098 1225 rebus
1112 1197 1281 1225 dominantis
1294 1197 1354 1229 Dei,
1375 1197 1502 1232 quamvis
1521 1196 1608 1224 sancti
1627 1196 1667 1227 illi

872 1242 980 1277 priores
993 1243 1078 1270 verba
1090 1243 1145 1276 illa,
1160 1243 1234 1270 Vivit
1246 1243 1392 1276 Dominus,
1410 1242 1443 1270 ad
1459 1242 1570 1278 iurandi
1586 1249 1668 1269 usum

872 1289 1094 1324 assumpsissent.
1112 1289 1165 1317 Sed
1185 1288 1344 1317 Judmorum
1359 1288 1550 1316 stultissimam
1561 1288 1668 1323 cogita-

872 1335 974 1362 tionem
992 1335 1158 1370 improbavit
1174 1335 1318 1368 Dominus,
1339 1335 1443 1367 dieens,
1464 1342 1520 1362 non
1538 1337 1669 1369 oportere

869 1381 964 1417 jurare
974 1389 1065 1416 neque
1081 1389 1132 1417 per
1144 1381 1256 1414 coelum,
1274 1381 1339 1416 quia
1353 1381 1432 1409 sedes
1444 1381 1493 1408 Dei
1503 1387 1563 1414 est;
1575 1387 1669 1415 neque

872 1435 923 1463 per
943 1432 1058 1461 terram,
1078 1428 1143 1463 quia
1155 1428 1305 1456 scabellum
1317 1432 1360 1456 est
1369 1427 1471 1463 pedum
1481 1428 1558 1463 ejus;
1578 1433 1670 1461 neque

871 1484 921 1511 per
934 1475 1162 1511 Hierosolymam,
1179 1475 1244 1510 quia
1264 1474 1362 1502 civitas
1374 1473 1466 1509 magni
1479 1473 1553 1509 regis
1563 1476 1605 1501 est
1621 1473 1644 1489 "
1660 1483 1669 1500 :

872 1528 946 1554 nam,
964 1529 1025 1556 qua:
1039 1521 1078 1548 illi
1091 1524 1227 1556 nugantes
1236 1520 1375 1553 dicebant,
1386 1527 1418 1547 ea
1436 1523 1590 1555 opportune
1608 1518 1670 1546 Sal—

28 1573 96 1607 ταχῆ
114 1571 327 1604 κατάπλαστον,
349 1571 396 1597 καὶ
414 1570 463 1597 οὐκ
483 1567 530 1596 οἷδ’
553 1569 614 1596 ὅθεν
638 1569 820 1606 ἐξευρημένον

875 1572 950 1596 vatur
962 1568 1131 1600 enuntiavit,
1146 1567 1249 1603 ubique
1263 1566 1418 1599 conﬁctam,
1436 1570 1464 1594 et
1476 1566 1569 1593 nescio
1579 1565 1668 1593 unde-

30 1618 152 1653 ἐλέγχων
168 1617 260 1644 αὐτῶν
274 1616 305 1644 τὺ
319 1616 348 1643 ἐν
357 1625 389 1651 γε
404 1615 509 1648 τούτοις
521 1615 643 1647 εὐλαϐές.
653 1615 776 1652 υίχέσθω
789 1615 821 1651 δὴ

28 1661 73 1690 οὖν
91 1663 141 1689 καὶ
165 1663 182 1698 ἡ
197 1662 242 1688 ἐπὶ
263 1661 330 1698 τῷδε
349 1661 491 1697 πλάνησις.
517 1660 702 1696 Δεδιδάγμεθα
722 1661 776 1697 γὰρ
793 1662 822 1688 ὲν

28 1711 86 1741 ταῖς
97 1710 183 1745 ὅρκου
196 1709 314 1744 χρείαις,
327 1708 441 1744 μηδενὸς
454 1708 503 1744 μὲν
513 1707 609 1743 ἑτέρου
620 1707 822 1742 διαμεμνῆσθαι

29 1757 154 1787 πώποτε,
175 1755 311 1782 ποιεῖσθαι
321 1755 350 1781 δὲ
367 1755 466 1790 μᾶλλον
481 1754 521 1785 είς
537 1753 630 1780 πίστιν
649 1753 757 1789 ἀσφαλῆ
775 1753 822 1780 καὶ

28 1801 180 1837 ἀξιόχρεων
190 1821 197 1832 ,
218 1800 248 1826 τὸ
267 1800 332 1832 Ναὶ,
344 1799 399 1832 ναὶ,
417 1799 464 1825 καὶ
477 1799 507 1825 τὺ
522 1797 558 1825 οὔ
570 1818 577 1830 ,
594 1797 635 1824 οὗ.
649 1798 722 1833 Ἔφη
736 1798 763 1824 δὲ
775 1797 821 1823 καὶ

29 1850 42 1875 ὁ
57 1848 159 1883 νόμοςο
182 1857 192 1873 ‹
218 1847 250 1873 El.
268 1847 394 1873 ἀπόλοιτο
413 1844 633 1882 παρακαταθήκη
650 1844 719 1879 πρός
738 1853 820 1876 τινος,

29 1893 151 1929 ἐξαιτοίη
166 1893 194 1920 δὲ
207 1894 221 1920 ὁ
235 1893 296 1925 δοὺς
310 1892 360 1928 τὴν
372 1892 418 1918 ἐπὶ
438 1891 505 1926 τῷδε
522 1890 624 1924 πίστιν,
644 1891 725 1926 ὅρκος
746 1890 822 1917 ἔσται

29 1939 75 1966 τοῦ
92 1938 163 1966 Θεοῦ
176 1938 313 1974 ἀναμέσον
330 1937 504 1973 ἀμφοτέρων.
520 1946 529 1962 ι
545 1936 601 1963 Kal.
620 1935 759 1971 ἄνθρωποι
773 1935 822 1971 μὲν

30 1985 104 2013 κατὰ
120 1984 170 2012 τοῦ
187 1983 310 2020 μείζονος
327 1983 490 2019 ὀμνύουσιν·
510 1981 561 2018 ἔφη
581 1981 635 2018 γὰρ
652 1977 703 2008 ὧδε
717 1981 822 2013 Παῦλος

28 2031 96 2067 ἡμῖν
107 2031 122 2057 ό
132 2029 213 2064 σοφός
224 2038 230 2045 ·
245 2029 336 2065 μεῖζον
345 2029 373 2056 δὲ
380 2026 451 2055 εἷναί
460 2036 549 2063 φαμεν
558 2027 702 2063 ἀνθρώπου
711 2048 718 2060 ,
730 2028 822 2055 νοοῦν-

29 2087 74 2110 τες
95 2076 195 2113 ὀρθῶς,
216 2076 247 2103 οὐ
261 2075 300 2112 τῷ
325 2075 435 2111 μεγέθει
449 2076 541 2110 τυχὸν,
563 2074 646 2111 ἤγουν
665 2076 694 2102 ὲν
715 2076 822 2103 συνέσει

30 2124 77 2151 καὶ
94 2124 194 2159 σοφίᾳ,
208 2123 255 2149 καὶ
267 2121 330 2158 δόξῃ
347 2121 536 2153 πλεονεκτοῦν,
561 2121 619 2148 ἀλλ’
642 2121 680 2153 ὡς
700 2121 731 2148 τὸ
752 2119 822 2148 εἶναι

30 2169 141 2201 τοιῶςδε
158 2169 239 2204 τυχὸν
251 2169 326 2204 ἡμῖν.

65 2261 172 2287 ΠΛΛΛ.
188 2261 224 2287 Οὐ
243 2259 355 2295 συνίημι
366 2260 387 2287 οδ
403 2260 466 2296 φής.

67 2306 152 2335 ΚΥΡ.
170 2307 226 2333 Kal.
245 2306 315 2342 μὴν,
333 2303 356 2333 ὦ
374 2306 523 2339 Παλλάδιε,
538 2306 642 2343 σαςρὴς,
660 2307 697 2338 ὥς
720 2307 752 2342 γέ
777 2316 823 2343 μοι

29 2356 114 2387 δοκεῖ,
138 2354 187 2381 καὶ
206 2353 323 2390 ἐναργὴς
338 2354 352 2379 ὁ
375 2352 464 2388 λόγος.
490 2353 527 2379 Ἦ
550 2353 606 2389 γὰρ
629 2354 690 2389 οὐχὶ
712 2354 823 2390 μεγέθει

30 2401 122 2436 φαμὲν
141 2399 196 2426 τῶν
217 2399 396 2434 ἀνθρωπίνων
420 2399 555 2434 σωμάτων
569 2399 718 2433 διενεγκεῖν
739 2401 823 2435 ἀσυγ-

30 2446 132 2481 κρίτως
155 2444 242 2472 πολλὰ
263 2444 318 2471 τῶν
339 2444 549 2480 πεποιημένων,
574 2446 620 2472 καὶ
643 2445 754 2480 προσέτι
777 2446 823 2472 τὸν

30 2493 144 2528 οὐρανόν
154 2500 162 2524 ;

64 2538 171 2565 ΠΔΛΛ.
185 2535 238 2563 Καὶ
254 2537 336 2564 πάνυ.

66 2582 149 2609 ΚΥΡ.
168 2582 282 2609 Συνέσει
298 2582 326 2609 δὲ
343 2582 390 2609 καὶ
410 2583 491 2618 σοφίᾳ
506 2583 554 2610 καὶ
570 2583 704 2619 ἰσχνότητι
727 2585 822 2620 σωμά-

32 2640 94 2663 των,
110 2630 161 2665 οὐχ
174 2629 377 2665 ὑπερφέρουσιν
387 2629 512 2665 ἀγγελοι;

67 2676 172 2703 ΠΑΔΛ.
192 2675 421 2712 ¹Υπερφέρουσιν,
436 2677 504 2704 ἀλλὰ
520 2677 567 2704 καὶ
578 2679 657 2713 τιμῇ.

66 2723 149 2749 ΚΥΡ.
179 2722 361 2758 Λαμπρότητι
389 2723 418 2749 δὲ
440 2723 489 2750 καὶ
513 2723 575 2759 δόξῃ
593 2725 625 2760 τῇ
649 2724 718 2750 κατὰ
745 2723 824 2758 σιτ)μὰ

35 2779 112 2804 φημι,
129 2770 181 2796 οὐκ
197 2769 399 2806 ἁπαραδλήτως
415 2770 533 2806 ἀμείνων
550 2770 624 2806 ἡλίου
640 2771 717 2806 φύσις
730 2779 736 2802 ;

69 2817 172 2844 ΠΛΛΛ.
195 2816 339 2852 Ἅμείνων.

872 1622 936 1642 nam
960 1615 1099 1642 inventam
1120 1615 1147 1642 in
1166 1613 1324 1650 hujusmodi
1345 1613 1429 1641 rebus
1447 1613 1608 1648 religionem
1626 1620 1671 1639 ar-

872 1672 957 1700 guere
984 1664 1089 1691 volens.
1111 1662 1191 1690 Absit
1221 1663 1305 1698 igitur
1322 1661 1406 1689 etiam
1429 1661 1458 1688 in
1482 1659 1618 1696 ejusmodi
1639 1668 1671 1686 re

872 1711 967 1738 error!
981 1710 1132 1737 Didicimus
1143 1707 1439 1744 enim,ubijurandum
1454 1707 1501 1739 sit,
1515 1706 1584 1733 nihil
1594 1705 1669 1737 aliud

872 1763 1088 1785 commemorare
1100 1763 1229 1790 unquam,
1239 1754 1286 1782 sed
1299 1754 1390 1789 potius
1403 1753 1437 1780 ad
1454 1752 1536 1780 ﬁdem
1550 1752 1667 1783 firmam,

872 1808 1030 1838 certamque
1047 1801 1198 1829 faciendam
1210 1801 1250 1828 uti
1265 1801 1319 1828 illis
1333 1799 1438 1832 verbis,
1454 1799 1511 1831 Est,
1530 1802 1582 1831 est,
1596 1798 1667 1830 Non,

873 1858 938 1877 non.
956 1850 1029 1877 Dixit
1040 1849 1123 1876 etiam
1152 1849 1197 1876 lex
1214 1857 1220 1875 :
1237 1858 1246 1874 ‹
1262 1847 1291 1876 Si
1308 1847 1447 1883 perditum
1460 1846 1544 1873 fuerit
1557 1845 1668 1880 deposi-

873 1901 929 1924 tum
953 1896 988 1923 ab
1010 1895 1113 1930 aliquo,
1142 1894 1319 1930 exegeritque
1335 1893 1382 1928 qui
1401 1892 1487 1925 dedit,
1507 1891 1535 1918 in
1551 1899 1584 1919 ea
1594 1899 1623 1918 re
1636 1890 1669 1917 fi-

873 1942 946 1974 dem,
965 1940 1157 1977 jusjurandum
1185 1939 1233 1966 Dei
1260 1938 1314 1966 erit
1333 1938 1406 1965 inter
1431 1935 1581 1970 utrumque
1602 1934 1635 1960 ³⁸.
1655 1944 1664 1960 ι

873 1988 962 2023 Atque
977 1986 1103 2014 homines
1122 1985 1234 2020 quidem
1245 1992 1295 2020 per
1308 1983 1427 2019 id,quod
1445 1982 1534 2018 majus
1553 1985 1605 2012 est,
1622 1980 1668 2016 ju-

874 2039 936 2062 rant
945 2031 966 2047 "
975 2032 1023 2068 (sic
1029 2032 1098 2060 enim
1105 2030 1205 2058 Paulus
1213 2031 1257 2058 ille
1265 2030 1375 2066 sapiens
1387 2028 1466 2064 dixit)
1478 2028 1567 2063 majus
1577 2031 1668 2054 autem

872 2088 932 2107 esse
961 2078 1082 2110 homine,
1115 2081 1189 2104 recte
1223 2075 1351 2107 dicimus,
1379 2082 1435 2102 non
1465 2073 1503 2106 id,
1518 2072 1591 2108 quod
1609 2079 1668 2099 ma-

873 2125 1017 2162 gnitudine
1036 2124 1162 2155 fortasse,
1183 2126 1231 2150 aut
1251 2126 1326 2150 certe
1345 2120 1480 2156 sapientia
1499 2123 1581 2154 atque
1601 2126 1668 2154 pru-

873 2171 966 2199 dentia
992 2174 1020 2197 et
1042 2168 1128 2204 gloria
1150 2167 1237 2195 vincit
1258 2176 1264 2194 :
1285 2167 1334 2194 sed
1365 2165 1439 2201 quod
1468 2167 1526 2192 tota
1548 2163 1668 2192 essentia

876 2217 929 2244 tale
945 2217 991 2243 sit.

837 2247 864 2278 υ
912 2262 1010 2291 PALL.
1024 2261 1102 2295 Quod
1115 2260 1196 2292 dicis,
1212 2266 1310 2295 parum
1327 2257 1460 2293 intelligo.

911 2310 990 2338 ΟΥΕ.
1010 2307 1104 2344 Atqui,
1127 2306 1246 2338 Palladi,
1270 2308 1364 2340 aperta
1383 2307 1435 2335 est,
1455 2307 1486 2330 ut
1521 2301 1590 2328 mihi
1605 2301 1668 2336 qui-

877 2357 939 2385 dem
950 2356 1070 2387 videtnr,
1082 2358 1111 2382 et
1125 2352 1239 2381 evidens
1255 2351 1354 2380 oratio.
1367 2350 1464 2377 Nonne
1474 2348 1548 2377 enim
1561 2347 1667 2382 magni-

878 2399 972 2432 tudine
995 2399 1116 2430 fntemur
1131 2399 1228 2431 multa,
1247 2405 1308 2433 qua:
1333 2395 1441 2424 condita
1460 2394 1524 2426 sint,
1540 2393 1669 2421 humanis

877 2449 1041 2486 corporibus
1059 2447 1139 2482 longe
1157 2439 1300 2481 praestare,
1317 2447 1346 2470 et
1364 2443 1393 2469 in
1407 2441 1449 2468 his
1464 2439 1583 2468 caelum?

912 2493 995 2530 214
1005 2491 1104 2521 ΡΑιι.
1119 2491 1152 2518 Et
1165 2489 1276 2525 quidem
1291 2488 1419 2516 maxime.
1613 2503 1622 2513 .

911 2541 990 2569 CYR.
1014 2537 1163 2567 Prudentia
1177 2544 1244 2564 vero
1266 2543 1299 2563 ac
1315 2534 1460 2569 sapientia,
1476 2538 1504 2560 et
1517 2531 1668 2559 subtilitate

876 2594 1023 2622 rorporum
1037 2592 1127 2612 nonne
1139 2582 1228 2618 angeli
1244 2580 1423 2617 praecellunt?

910 2634 1009 2662 PALL.
1024 2631 1197 2663 Prmcellunt,
1212 2628 1295 2657 etiam
1312 2628 1427 2655 honore.

902 2678 980 2706 ΟΥΕ.
995 2676 1049 2703 Sed
1070 2680 1097 2703 et
1117 2679 1250 2709 praeterea
1271 2671 1416 2708 splendore
1439 2678 1471 2698 ac
1490 2669 1587 2706 gloria,
1606 2677 1667 2704 qum

873 2725 907 2753 ad
921 2731 1020 2759 corpus
1032 2723 1163 2758 pertinet,
1183 2727 1276 2749 nonne
1292 2718 1386 2747 multis
1399 2717 1524 2753 partibus
1537 2721 1578 2745 est
1600 2716 1668 2745 solis

874 2776 970 2799 natura
985 2768 1177 2805 praestantior?

909 2815 1008 2844 PALL.
1022 2814 1129 2842 Fateor.

69 2908 89 2924 "
108 2908 149 2936 lsa
178 2915 251 2941 um,
266 2908 290 2934 i.
329 2907 350 2924 ³⁸
365 2907 459 2936 Matth.
470 2915 496 2939 γ,
511 2906 609 2940 34,35.
651 2906 672 2922 "
689 2905 773 2934 Exod.
788 2914 821 2932 xx

881 2904 906 2937 0,
925 2904 950 2931 lt
1004 2904 1023 2919 ³⁷
1038 2903 1106 2930 Heh.
1120 2909 1157 2934 γι,
1173 2900 1213 2928 l6.
