1939 3041
268 147 320 179 ιῖὅ

778 147 806 174 S.
827 146 965 175 CYRILLI
987 147 1220 175 ALEXANDRINI
1240 147 1400 176 ARCHlEP.
1624 154 1638 160 ‘

1854 149 1906 177 ιτα

277 184 280 186 η
301 204 380 233 CYR.
398 204 521 234 Elicitur
537 213 620 241 ergo,
631 206 691 234 huc
705 206 829 242 singula,
840 207 863 235 si
879 215 915 236 ex
932 215 965 236 ea
980 211 1057 243 parte

1145 207 1227 234 ΚΥΡ.
1249 207 1369 243 Ἀραρεν
1388 205 1452 240 οὖν,
1471 207 1512 234 ὅτι
1538 207 1641 234 τούτων
1658 202 1777 236 ικαστον
1798 207 1859 244 ιχοι
1873 208 1908 235 ἂν

267 258 320 285 qua
337 251 481 286 superiora
502 255 566 279 nata
589 256 663 285 sunt,
686 252 829 281 nobiscum
851 257 1055 288 comparentur,

268 296 369 324 habere
391 297 453 331 jure
474 297 579 332 optimo
599 299 800 333 praestantiam;
816 307 882 326 num
897 299 980 335 igitur
999 299 1059 327 haec

267 342 300 369 ad
317 342 499 378 jurisjurandi
518 351 598 372 usum
614 351 797 377 assumemus,
817 345 921 380 Deique
935 353 1056 372 commc-

267 389 448 416 morationem
463 393 591 426 tanquam
605 398 802 426 supervacuam
814 391 993 427 abjiciemus?

302 435 400 462 PALL.
415 436 496 463 Nullo
511 437 602 465 modo.

302 480 380 509 ΟΥΕ.
402 482 449 510 Est
469 483 552 518 igitur
568 491 750 518 consequens,
767 489 798 512 ut
812 484 849 516 id,
870 482 942 519 quod
960 488 1058 512 natura

267 529 394 562 superius
410 532 452 556 est
465 549 472 560 ,
491 533 519 556 et
539 530 668 557 universa
694 531 821 558 essentia;
845 531 965 558 ratione.
975 531 1059 559 rebus

267 572 386 600 crmditis
411 570 568 607 antecellit,
586 574 615 602 id
635 579 693 610 est,
718 576 814 609 Deum,
836 576 920 603 etiam
947 576 1059 605 homine

267 619 355 653 majus
373 627 434 647 esse
449 620 582 648 dicamus.

302 664 400 692 PALL.
420 665 505 694 Recte
516 666 566 694 ais.

301 710 381 739 CYR.
409 712 533 741 Habeant
557 714 640 749 igitur
661 714 720 742 haec
742 714 836 746 verba,
856 713 914 746 Est,
938 718 966 742 et
987 713 1057 747 Non,

267 757 340 791 apud
357 765 406 785 eos
417 762 500 793 certe,
520 760 568 794 qui
592 761 725 795 optimam
744 761 809 788 vita:
824 761 960 788 rationem
980 760 1059 788 insti-

268 808 392 837 tuerunt,
408 805 503 833 locum
522 814 554 834 ac
573 807 629 834 vim
645 807 825 843 jurisjurandi
837 828 844 841 ,
866 816 899 835 ac
916 813 992 836 recte
1014 807 1061 834 ﬁr-

266 854 378 878 mentur
392 859 398 876 :
412 859 478 878 nam
489 852 527 879 ita
539 857 681 886 sequetur,
695 858 725 880 ut
743 852 812 880 ﬁdes
835 853 889 881 illis
912 853 1056 881 habeatur.

267 894 343 927 Quod
358 895 381 923 si
397 895 455 923 haec
467 896 597 931 loquendi
608 897 703 930 forma,
717 898 776 931 Est,
789 903 818 925 et
829 898 901 932 Non,
917 899 952 926 ab
966 899 1058 933 aliquo
1077 889 1097 916 Β

268 944 471 974 contemnatur,
486 946 543 969 tum
556 943 675 978 denique
693 944 874 979 jurisjnrandi
893 952 960 972 usus
978 945 1011 972 ad
1031 945 1058 972 id

267 991 422 1021 revocetur,
440 988 512 1022 quod
529 992 571 1016 est
585 989 674 1022 nobis,
688 990 744 1018 imo
758 999 826 1019 vero
840 991 967 1019 universa
979 999 1058 1019 crea—

267 1036 329 1060 tura
355 1034 453 1068 majus.
471 1034 540 1061 Nam
558 1035 592 1062 de
608 1035 779 1070 blasphemia
799 1036 912 1072 quidem
927 1037 994 1072 quid
1015 1042 1061 1064 at-

268 1078 338 1105 tinet
360 1078 463 1111 dicere,
482 1087 591 1116 quaque
616 1081 646 1108 in
667 1089 697 1108 re
718 1086 855 1115 versetur,
875 1087 903 1110 et
929 1083 964 1110 ad
976 1091 1060 1118 quam

267 1123 417 1157 perniciem
429 1132 486 1157 eos,
495 1127 543 1160 qui
555 1126 614 1161 ipsa
626 1126 666 1154 uti
682 1132 896 1160 consueverunt,
909 1129 1060 1164 perducat?

267 1177 349 1203 quam
371 1174 399 1197 et
420 1171 518 1198 acerba
531 1176 619 1200 morte
637 1173 682 1200 lex
702 1174 872 1202 multandum
890 1175 1010 1208 censuit,
1032 1179 1061 1202 et

268 1214 326 1249 ipse
338 1215 464 1244 Christus
476 1226 585 1253 quoque
598 1218 804 1248 inevitabilibus
813 1221 981 1256 aeternisque
995 1229 1060 1256 sup-

268 1261 358 1295 pliciis
379 1262 520 1291 damnavit
535 1273 542 1290 :
559 1274 568 1290 ‹
585 1264 637 1298 Qui
651 1266 726 1293 enim
742 1266 843 1294 dixerit
857 1267 973 1304 verbum
988 1275 1057 1295 con-

268 1312 310 1335 tra
330 1308 430 1336 Filium
444 1310 574 1343 hominis,
587 1311 745 1339 dimittetur
755 1313 781 1340 ei
795 1322 800 1339 :
815 1313 862 1348 qui
879 1317 971 1340 autem
985 1313 1061 1340 dixe-

267 1354 305 1382 rit
342 1361 437 1384 contra
459 1357 592 1392 Spiritum
623 1363 760 1391 sanctum,
784 1367 840 1386 non
858 1360 1014 1387 remittetur
1034 1360 1060 1388 ei

267 1410 357 1437 neque
367 1402 395 1430 iu
414 1403 466 1430 hoc
477 1404 588 1436 saeculo,
601 1412 690 1439 neque
703 1405 730 1432 in
743 1405 835 1433 futuro
849 1406 880 1432 ³⁸.
899 1416 908 1431 ι
926 1406 1060 1441 Spiritum

267 1455 370 1475 vocans
393 1453 520 1476 naturam
543 1449 618 1476 illam
643 1457 761 1486 corpore
787 1452 958 1486 superiorem
972 1474 979 1485 ,
999 1461 1061 1488 qua:

268 1494 340 1521 Deus
362 1499 414 1527 est,
443 1495 472 1522 in
505 1503 588 1530 quem
611 1495 634 1523 si
666 1497 729 1531 quis
751 1497 914 1525 eﬁ‘renatam
938 1498 1060 1534 linguam

267 1540 359 1568 laxare
375 1548 460 1568 ausus
472 1540 566 1574 fuerit,
581 1547 666 1570 metet
679 1543 889 1578 intemperantis
904 1544 1059 1573 dicacitatis

267 1586 385 1614 fructus.
404 1597 412 1612 ι
428 1587 513 1615 Labia
531 1589 605 1615 enim
624 1589 779 1625 insipientis
792 1591 936 1626 impellunt
948 1600 1011 1619 eum
1023 1593 1058 1620 ad

268 1631 349 1664 mala,
376 1632 448 1660 sicut
474 1633 606 1668 scriptum
633 1637 689 1667 est;
718 1642 749 1662 os
771 1639 862 1662 autem
886 1636 946 1670 ejus
969 1635 1059 1662 audax

268 1682 383 1705 mortem
397 1678 514 1706 invocat.
526 1679 547 1694 ³⁹
563 1689 572 1704 ι
590 1679 684 1714 itaque
694 1681 778 1706 etiam
790 1679 900 1706 divinus
918 1679 963 1706 ille
982 1680 1058 1707 Psal-

269 1731 377 1751 rnorum
398 1729 504 1756 cantor,
518 1724 627 1752 dicebat
649 1733 655 1752 :
681 1734 690 1750 ‹
708 1725 792 1758 Pone,
817 1725 942 1757 Domine,
964 1729 1058 1752 custo-

268 1769 341 1797 diam
355 1770 397 1797 ori
410 1778 482 1803 meo,
494 1774 522 1797 et
535 1771 635 1798 ostium
647 1772 861 1799 circumstantias
872 1771 952 1798 labiis
969 1771 1037 1798 meis
1051 1780 1058 1798 :

269 1823 303 1842 ne
326 1815 448 1842 declines
465 1823 513 1842 cor
532 1823 624 1843 meum
649 1816 677 1844 in
694 1816 780 1843 verba
793 1816 905 1843 malitiae
917 1815 950 1843 ‘°.
969 1825 978 1842 ι
997 1815 1061 1844 Haec

1109 253 1222 284 εἰκότως
1234 252 1272 284 ὡς
1286 252 1355 288 πρὸς
1369 253 1445 290 ἡμᾶς
1457 253 1488 279 τὸ
1504 251 1684 289 ὑπερτεροῦν,
1697 254 1759 280 καθ’
1770 254 1785 280 ὃ
1794 253 1908 288 πέφυκε

1110 299 1197 334 νικᾷν.
1220 298 1321 334 Ὄρκια
1346 299 1379 334 δὴ
1402 296 1449 326 οὗν
1467 299 1546 326 ταυτὶ
1561 299 1747 335 ποιησόμεθα,
1767 300 1907 336 παρέντες

1108 344 1147 376 ὡς
1161 345 1300 380 περιττὸν,
1318 344 1350 371 τὸ
1365 345 1569 381 διαμεμνῆσθαι
1581 344 1664 380 Θεοῦ;

1140 436 1247 463 num.
1267 435 1411 471 Οὐδαμῶς.

1145 482 1227 508 ΚΥΡ.
1247 482 1355 509 Ἔοικεν
1375 479 1422 509 οὖν
1441 482 1496 518 ἄρα
1511 482 1542 509 τὸ
1559 481 1630 510 κατὰ
1651 482 1732 517 φύσιν
1753 482 1905 518 ὑπερτενὲς

1109 529 1156 555 καὶ
1174 528 1227 564 ὅλῳ
1243 528 1282 564 τῷ
1303 526 1373 555 εἶναι
1389 528 1443 556 τῶν
1461 528 1654 564 πεποιημένων
1671 529 1811 563 ὃιενεγκδν
1822 550 1830 561 ,
1845 537 1908 556 του-

1108 575 1194 607 τέστι,
1209 574 1286 608 Θεὸν,
1301 575 1348 602 καὶ
1362 574 1505 611 ἀνθρώπου
1523 576 1615 611 μεῖζον
1631 576 1729 603 είπεῖν.

1142 665 1246 692 ΠΑΛΛ.
1268 662 1305 692 Εὖ
1321 665 1421 700 λέγεις.
1791 700 1796 704 _

1144 711 1225 738 ΚΥΡ.
1240 711 1331 738 Ἔστω
1339 710 1486 747 τοιγαροῦν
1499 711 1528 738 τὸ
1541 710 1605 745 Ναὶ,
1616 712 1666 739 και
1678 712 1707 738 τὸ
1720 711 1770 744 Οὒ,
1783 711 1864 746 παρά
1874 719 1907 746 γε

1109 758 1165 789 τοῖς
1182 757 1280 792 ἄριστα
1303 757 1378 792 βιοῦν
1399 758 1567 794 ᾑρημένοις,
1595 758 1677 794 ὅρκου
1700 758 1781 794 χρεία
1805 766 1836 784 τε
1858 759 1906 785 καὶ

1109 803 1224 839 δύναμις
1234 823 1241 834 .
1265 803 1313 830 καὶ
1328 803 1508 839 διαπεπήχθω
1520 803 1623 839 ὀρθῶς·
1641 803 1736 839 ἕψεται
1751 804 1808 840 γὰρ
1832 803 1906 830 οὕτω

1111 850 1158 876 καὶ
1172 849 1203 876 τὸ
1218 850 1392 877 πιστεύεσθαι
1404 850 1469 877 δεῖν.
1485 851 1516 877 Εἰ
1529 851 1557 877 δὲ
1572 851 1733 886 ὰτιμάζοιτο
1748 851 1818 885 πρός
1831 859 1907 882 τινος

1109 895 1139 922 τὸ
1156 896 1211 923 Ναὶ
1225 897 1272 923 καὶ
1285 897 1316 922 τὸ
1330 896 1378 928 Οὒ,
1393 896 1447 923 τῶν
1461 897 1551 932 ὅρκων
1564 898 1580 932 ή
1596 897 1675 932 χρεία
1689 897 1837 933 τετράφθω
1850 896 1908 922 λοι-

1110 942 1160 969 πὸν
1179 943 1224 969 ἐπὶ
1244 942 1276 969 τὸ
1293 942 1385 978 μεῖζον
1402 942 1418 977 ἦ
1441 943 1501 970 καθ’
1517 944 1607 978 ἡμᾶς,
1632 943 1732 978 μᾶλλον
1749 943 1777 969 δὲ
1795 942 1811 978 ἧ
1833 942 1907 969 κατὰ

1110 988 1200 1014 πᾶσαν
1216 987 1265 1023 τὴν
1280 987 1379 1014 κτίσιν.
1400 988 1563 1023 Δυσφημίαν
1575 988 1613 1020 δὲ,
1628 988 1654 1015 τί
1668 988 1700 1015 ἂν
1717 988 1829 1023 λέγοιμι
1848 987 1906 1014 λοι-

1111 1034 1171 1066 πὸν,
1185 1034 1246 1061 ὅποι
1261 1034 1291 1060 τὲ
1310 1035 1380 1066 ἔστι,
1393 1035 1440 1061 καὶ
1455 1034 1488 1060 ἶν’
1502 1034 1628 1070 ἀποφέρῃ
1650 1034 1736 1061 κακοῦ
1752 1033 1818 1065 τοὺς
1834 1033 1904 1068 αὐτῇ

1110 1082 1279 1118 χρωμένους,
1303 1082 1336 1118 ἣν
1351 1082 1457 1117 θανάτῳ
1476 1083 1526 1118 μὲν
1546 1081 1636 1118 πικρῷ
1653 1083 1700 1109 καὶ
1719 1083 1733 1108 ὁ
1756 1081 1843 1108 πάλαι
1865 1090 1906 1107 τι-

1113 1129 1196 1164 μᾶται
1211 1129 1302 1164 νόμος.
1321 1128 1525 1155 Καταδεδίκακε
1541 1128 1569 1155 δὲ
1584 1128 1631 1155 καὶ
1646 1127 1729 1159 αὐτὸς
1745 1128 1759 1153 ὁ
1774 1126 1906 1169 Χριστὺς,

1110 1175 1242 1209 ἀφύκτοις
1259 1183 1289 1201 τε
1306 1174 1353 1202 καὶ
1366 1175 1558 1210 ἀτελευτήτοις
1571 1175 1666 1206 κακοῖς
1677 1182 1684 1190 ·
1704 1184 1713 1200 ι
1735 1175 1783 1205 Ὃς
1798 1173 1857 1208 γὰρ
1874 1172 1907 1199 ἂν

1111 1221 1175 1256 εῐπῃ
1190 1221 1269 1255 λόγον
1281 1220 1351 1247 κατὰ
1365 1220 1412 1247 τοῦ
1430 1221 1495 1248 Υἱοῦ
1508 1221 1555 1247 τοῦ
1569 1220 1722 1257 ἀνθρώπου,
1736 1220 1907 1255 ἀφεθήσεται

1110 1266 1200 1301 αὐτῷ’
1216 1266 1245 1298 ὃς
1262 1266 1284 1292 δ’
1301 1266 1334 1293 ἂν
1349 1267 1414 1303 εἴπῃ
1431 1266 1501 1294 κατὰ
1512 1266 1558 1293 τοῦ
1578 1265 1738 1301 Πνεύματος
1749 1265 1797 1292 τοῦ
1814 1265 1907 1299 ἁγίου,

1110 1312 1161 1339 οὐκ
1176 1312 1341 1347 ἀφεθήσεται
1375 1311 1465 1347 αὐτῷ,
1483 1311 1544 1338 οὔτε
1563 1312 1591 1338 ὲν
1608 1311 1646 1347 τῷ
1664 1311 1710 1338 νῦν
1725 1311 1824 1344 αἰῶνι,
1843 1310 1905 1337 οὔτε

1111 1359 1140 1385 ἐν
1158 1357 1197 1393 τῷ
1221 1358 1355 1394 μέλλοντι.
1385 1368 1394 1383 ι
1424 1358 1536 1393 Πνεῦμα
1560 1358 1646 1391 λέγων
1663 1357 1712 1393 τὴν
1729 1357 1800 1393 ὑπὲρ
1827 1357 1905 1392 σῶμα

1111 1403 1209 1438 φύσιν,
1226 1403 1294 1438 ὅπερ
1315 1403 1374 1429 ἐστὶ
1390 1403 1472 1436 Θεὸς,
1497 1399 1519 1436 ᾧ
1535 1402 1583 1438 τὴν
1600 1402 1724 1436 γλῶτταν
1739 1400 1871 1436 ἀχάλινον
1892 1400 1907 1426 ὁ

1112 1450 1258 1483 ἐπαφεῖναι
1274 1449 1392 1483 τολμῶν,
1417 1450 1480 1480 τοὺς
1493 1449 1542 1484 τῆς
1567 1447 1768 1484 ἀθυροστομίας
1784 1446 1906 1482 ἑκθεριεῖ

1111 1495 1244 1530 καρπούς.
1270 1506 1279 1522 ι
1298 1496 1382 1530 Χείλη
1402 1495 1456 1531 γὰρ
1472 1495 1606 1530 ἄφρονος,
1626 1495 1739 1528 ἄγουσιν
1759 1494 1845 1520 αὐτὸν
1868 1494 1908 1525 είς

1111 1541 1193 1573 κακὰ,
1210 1541 1301 1573 καθὼς
1311 1542 1478 1578 γέγραπται.
1492 1541 1529 1567 Τὸ
1540 1541 1627 1575 στόμα
1636 1540 1664 1567 δὲ
1678 1539 1761 1566 αὑτοῦ
1776 1539 1807 1566 τὸ
1819 1539 1906 1575 θρασὺ

1111 1587 1226 1614 θάνατον
1244 1587 1428 1614 ἐπικαλεῖται.
1450 1596 1459 1612 ι
1483 1587 1629 1621 Τοιγάρτοι
1654 1586 1702 1613 καὶ
1726 1587 1740 1613 ὁ
1760 1585 1906 1616 θεσπέσιος

1110 1632 1212 1668 ἔφασκε
1228 1633 1363 1668 Μελῳδόςι
1383 1643 1391 1658 ι
1406 1632 1468 1665 Θοῦ,
1486 1632 1583 1668 Κύριε,
1598 1631 1721 1668 φυλακὴν
1734 1631 1774 1666 τῷ
1790 1631 1908 1666 στόματί

1112 1687 1180 1714 μου,
1197 1679 1244 1705 καὶ
1270 1678 1356 1714 θύραν
1379 1680 1512 1714 περιοχῆς
1533 1678 1598 1714 περὶ
1616 1678 1650 1704 τὰ
1676 1677 1752 1712 χείλη
1777 1685 1849 1713 μου·
1869 1677 1905 1712 μὴ

1110 1725 1238 1760 ἐκκλίνῃς
1260 1725 1310 1760 τὴν
1335 1725 1448 1760 καρδίαν
1474 1733 1524 1760 μου
1543 1726 1583 1756 εἰς
1605 1724 1702 1758 λόγους
1721 1723 1869 1759 πονηρίας.
1894 1733 1903 1748 ι

1111 1770 1173 1797 Εἶεν
1191 1771 1212 1797 δ’
1231 1771 1263 1798 ἂν
1279 1768 1353 1797 οὗτοι
1365 1791 1373 1802 ,
1396 1770 1468 1798 κατὰ
1489 1770 1558 1797 Θεοῦ
1574 1771 1621 1798 καὶ
1640 1771 1689 1806 τῆς
1710 1771 1835 1806 ἀρρήτου
1861 1770 1906 1796 καί

1111 1817 1252 1852 ἀκηράτου
1269 1817 1377 1851 φύσεως
1394 1817 1562 1852 ἀνοσιωτάτη
1581 1817 1713 1852 καταϐοή.

268 1867 361 1891 autem
372 1863 456 1890 verba
467 1867 541 1896 sunt,
554 1867 584 1891 ut
597 1863 706 1899 opinor,
722 1863 813 1898 impiae
825 1863 960 1892 adversus
985 1863 1072 1891 Deum
1091 1868 1118 1891 et
1139 1864 1213 1891 illam
1233 1864 1403 1893 ineﬁ'abilem
1421 1864 1665 1900 incorruptamque
1682 1868 1811 1891 naturam
1842 1872 1908 1899 quc-

269 1910 343 1937 rulae.

305 1955 404 1983 PALL.
424 1955 540 1992 Oportet
558 1957 652 1993 igitur,
675 1957 724 1992 qui
748 1960 824 1984 recto
836 1957 935 1985 itinere
947 1965 1062 1994 pergere

269 2003 329 2030 sine
342 2002 399 2029 ulla
408 2002 496 2037 culpa:
504 2002 566 2030 labe
580 2002 762 2035 contendunt,
774 2010 822 2030 eos
834 2002 904 2030 bene
917 2003 1062 2030 conﬁrma-

270 2054 313 2076 tos
337 2055 397 2076 esse
410 2069 417 2082 ,
438 2054 467 2076 et
487 2049 635 2085 ejusmodi,
660 2053 691 2076 ut
714 2049 801 2076 Deum
819 2049 961 2078 otfendere
983 2050 1061 2078 nullo

270 2094 352 2122 modo
365 2095 530 2123 sustineant.

1151 1956 1254 1983 HAAA.
1272 1957 1318 1982 Δεῖ
1334 1956 1366 1992 δὴ
1381 1954 1429 1982 οὖν
1449 1955 1504 1991 ἄρα
1518 1955 1703 1992 διερηρείσθαι
1722 1956 1826 1989 καλῶς,
1845 1957 1908 1988 τοὺς

1114 2005 1182 2031 ίέναι
1208 2003 1256 2038 μὲν
1284 2003 1443 2038 ἀμωμήτως
1463 2003 1512 2038 τὴν
1539 2003 1582 2029 ἐπ’
1600 2002 1663 2029 εὐθὺ
1692 2003 1904 2035 σπουδάζοντας,

1112 2049 1171 2085 Θεῷ
1185 2049 1219 2076 δὲ·
1234 2048 1416 2084 προσκρούειν
1430 2049 1482 2075 οὐκ
1498 2049 1688 2084 ἀνελομένους.

306 2140 385 2169 CYR.
399 2141 438 2169 lta
451 2142 549 2170 sentio.
560 2142 629 2170 Nam
645 2141 778 2169 adversus
787 2150 846 2175 eos,
860 2142 909 2178 qui
920 2142 955 2170 ad
972 2143 1059 2170 Deum

1149 2142 1230 2169 ΚΥΡ.
1249 2141 1327 2168 Οὒτω
1342 2140 1424 2176 φημί.
1446 2140 1518 2175 Πρὸς
1533 2139 1587 2175 γάρ
1602 2148 1644 2166 τοι
1663 2139 1725 2171 τοὺς
1743 2140 1906 2175 προσιόντας

270 2187 406 2214 accedunt
416 2195 471 2214 non
482 2195 549 2214 sano
559 2187 653 2219 corde,
666 2187 714 2214 sed
726 2187 811 2214 dubio
824 2191 907 2222 atque
918 2192 1060 2223 corrupto,

272 2232 345 2267 quod
359 2236 388 2260 et
400 2236 498 2260 natura
512 2240 562 2260 sua
573 2232 654 2267 215
668 2233 837 2261 imbecillum
851 2233 896 2266 sit,
909 2238 937 2261 et
950 2233 985 2261 ad
1002 2234 1060 2261 rui-

271 2286 333 2311 nam
350 2278 430 2307 facile
450 2278 616 2313 impellatur,
636 2278 771 2314 propheta
791 2279 934 2315 loquitur:
953 2289 962 2305 ι
984 2279 1060 2313 Quo-

271 2332 359 2359 usque
382 2323 571 2352 claudicabitia
603 2328 721 2359 utroque
749 2324 852 2359 poplite
876 2324 988 2353 vestro?
1013 2329 1061 2352 aut

271 2370 334 2399 περὶ
347 2370 422 2403 Baal,
435 2374 483 2398 aut
495 2370 552 2397 Deo
571 2370 627 2397 Deo
640 2371 660 2386 δ’
679 2380 687 2396 ι
708 2371 776 2398 Nam
791 2379 881 2406 neque
894 2371 923 2399 in
937 2371 990 2398 ﬁde
1003 2379 1061 2399 om-

271 2418 337 2448 nino
349 2424 446 2444 aanum
467 2423 546 2449 esse,
565 2424 656 2452 neque
678 2424 774 2444 rursus
796 2417 825 2445 in
848 2424 943 2445 errore
965 2417 1059 2451 ﬁxum,

272 2466 389 2496 utroque
412 2457 566 2488 claudicare
588 2461 688 2494 estrid
707 2469 784 2494 vero,
800 2466 829 2489 et
848 2462 877 2490 in
893 2467 1009 2497 utraque
1031 2470 1060 2490 re

271 2507 460 2534 sinceritatem
484 2508 645 2543 corrumpit.
669 2507 848 2537 Occasionem
869 2516 954 2544 porro
978 2509 1061 2544 hujus

271 2551 341 2584 adeo
363 2551 478 2580 inﬁrma;
501 2552 660 2588 fragilisquc
683 2557 784 2584 mentis
810 2555 976 2591 quibusdam
999 2563 1059 2583 csse

272 2600 348 2632 puto,
358 2597 430 2632 quod
444 2605 500 2624 non
513 2605 589 2631 vero,
602 2599 651 2627 sed
664 2600 782 2628 conﬁcto
799 2609 893 2629 amore
913 2601 999 2628 Deum
1019 2600 1061 2628 di-

271 2642 369 2678 ligunt,
382 2650 414 2670 ac
425 2643 556 2672 simulant
562 2645 674 2680 quidem
684 2654 712 2673 se
723 2646 895 2675 Christianos
906 2655 966 2676 esse
978 2647 1058 2679 velle;

272 2696 327 2716 non
343 2693 434 2717 tamen
456 2690 484 2717 id
495 2699 530 2719 ex
546 2695 604 2719 toto
624 2693 707 2720 corde
730 2693 849 2726 faciunt,
874 2702 963 2729 neque
986 2693 1060 2728 quod

271 2734 396 2762 veritatis
418 2737 570 2764 reverentia
599 2738 626 2765 in
645 2746 705 2766 eam
725 2740 889 2768 sententiam
913 2739 1059 2771 ducantur,

271 2783 320 2807 aut
337 2779 374 2812 id,
392 2780 464 2816 quod
483 2786 586 2810 rectum
606 2788 656 2815 est,
675 2785 764 2820 magni
779 2785 897 2818 faciant;
920 2785 967 2813 sed
986 2786 1060 2820 quod

309 2874 331 2889 "
343 2874 437 2903 Matth.
454 2884 498 2909 xu,
520 2876 563 2902 52.
605 2878 625 2895 ⁵ο
646 2877 724 2903 Prov.
742 2885 815 2904 xvm.
833 2877 859 2910 6,
875 2877 899 2903 7.

1112 2187 1171 2223 Θεῷ
1188 2187 1225 2222 μὴ
1243 2186 1273 2218 ὲξ
1293 2185 1387 2220 ὑγιοῦς
1406 2185 1534 2221 καρδίας,
1552 2185 1610 2212 ἀλλ’
1632 2185 1754 2213 ὑπόπτου
1771 2186 1819 2213 καὶ
1840 2196 1908 2223 παρ-

1113 2233 1302 2269 εφθαρμένης,
1320 2232 1367 2259 καὶ
1389 2232 1543 2267 ἀρρωστεῖν
1557 2231 1688 2267 ἑλομένης
1703 2231 1734 2258 τὸ
1754 2232 1854 2259 ἄναλχί
1876 2242 1906 2259 τε

1112 2280 1158 2308 καὶ
1173 2279 1383 2307 εὐκατάσειστον
1392 2298 1400 2310 ,
1412 2279 1427 2304 ὁ
1439 2277 1584 2313 προφήτης
1595 2277 1680 2312 φησίν
1690 2286 1697 2294 ’
1718 2287 1727 2303 ι
1747 2277 1821 2310 Ἕως
1839 2278 1905 2304 πότε

1111 2325 1257 2364 χωλανεῖτε
1268 2325 1311 2352 ἐπ’
1320 2324 1492 2360 ἀμφοτέραις
1505 2325 1566 2356 ταῖς
1577 2324 1685 2358 ἰγνύαις
1697 2323 1785 2360 ὑμῶν,
1794 2324 1811 2360 ἣ
1819 2325 1904 2357 Βάαλ,

1112 2372 1195 2404 Βάαλ,
1211 2371 1228 2408 ἦ
1245 2371 1306 2406 Θεῷ
1319 2369 1390 2405 Θεῷ;
1409 2379 1418 2396 ι
1435 2369 1471 2396 Τὸ
1489 2369 1545 2405 γὰρ
1567 2370 1636 2405 μήτε
1655 2369 1725 2405 πρὸς
1740 2370 1833 2397 πίστιν
1850 2370 1906 2397 εἰσ-

1111 2419 1183 2446 άπαν
1204 2417 1295 2452 ὑγιὲς,
1320 2418 1389 2453 μήτε
1411 2415 1466 2452 μὴν
1497 2416 1537 2448 είς
1561 2415 1696 2451 πλάνησιν
1716 2415 1906 2451 διαπεπῆχθαι

1112 2464 1209 2499 φιλεῖν,
1229 2462 1272 2490 ἐπ’
1291 2462 1375 2498 ἄμφω
1386 2470 1416 2488 τε
1430 2460 1561 2496 χωλεύειν
1581 2461 1657 2494 ἐστὶ,
1671 2461 1718 2488 καὶ
1734 2460 1799 2497 μὴν,
1814 2461 1846 2488 τὸ
1863 2462 1906 2495 ἐφ’

1111 2508 1234 2543 ἑκατέρῳ
1249 2505 1428 2542 καταφθείρει
1438 2507 1559 2542 γνήσιον.
1571 2506 1712 2541 Πρόφασις
1725 2506 1753 2532 δὲ
1769 2506 1820 2541 τῆς
1835 2506 1906 2534 οὕτω

1115 2552 1216 2589 σαθρᾶς
1236 2553 1284 2580 καὶ
1299 2551 1492 2579 εὐδιακλάπου
1506 2553 1619 2588 γνώμης
1637 2552 1736 2587 γένοιτ’
1753 2553 1799 2586 ἂν,
1817 2551 1905 2589 οἶμαι,

1115 2599 1171 2626 τισὶ
1184 2598 1215 2626 τὸ
1226 2597 1417 2626 κατάπλαστον
1429 2597 1564 2626 ποιεῖσθαι
1577 2599 1624 2625 καὶ
1636 2599 1685 2626 οὐκ
1697 2599 1784 2635 ἀληθῆ
1799 2600 1850 2635 τὴν
1867 2601 1905 2632 εἰς

1114 2647 1180 2672 Θεὸν
1202 2645 1352 2680 ἀγάπησιν,
1365 2644 1413 2672 καὶ
1435 2644 1629 2679 ὑποκρίνεσθαι
1658 2645 1708 2681 μὲν
1730 2645 1761 2673 τὸ
1786 2656 1905 2682 χριστια-

1114 2693 1196 2726 νίζειν
1211 2691 1363 2728 βούλεσθαι,
1376 2692 1414 2727 μὴ
1429 2691 1482 2727 μὴν
1495 2690 1525 2725 ἐξ
1535 2692 1600 2727 ὅλης
1610 2693 1725 2728 καρδίας
1734 2691 1816 2720 τοῦτο
1828 2693 1903 2728 δρᾷν,

1115 2739 1183 2774 μήτε
1200 2739 1252 2774 μὴν
1267 2738 1335 2764 αἰδοῖ
1353 2738 1386 2773 τῇ
1407 2737 1475 2774 πρὸς
1490 2738 1520 2764 τὸ
1536 2738 1634 2773 ἀληθὲς
1648 2739 1904 2774 ἀναπεπεισμένους

1114 2786 1160 2811 καὶ
1181 2784 1363 2818 τετιμηκότας
1379 2783 1408 2809 τὸ
1421 2783 1481 2818 ἔχον
1498 2783 1600 2818 ὁρθῶς-
1619 2784 1676 2811 ἀλλ’
1690 2784 1705 2812 ἢ
1727 2783 1904 2819 θηρωμένους

938 2877 958 2892 "°
976 2877 1045 2904 Psal.
1061 2885 1119 2910 CXL,
1135 2877 1160 2909 ὅτ
1174 2877 1199 2904 4.
1237 2878 1256 2896 δ’
1276 2877 1308 2905 lll
1330 2878 1396 2914 Reg.
1410 2886 1484 2911 mn,
1496 2877 1539 2905 21.
