1939 3041
48 144 102 172 εει

50 205 95 239 μὴ
117 201 246 237 ἀγαπῶν
262 201 308 229 τδν
324 202 438 237 ἀδελφὸν
460 202 543 230 αὐτοῦ
559 202 589 230 ὃν
611 201 729 238 ἑώρακε,
744 202 789 230 τὸν
801 202 860 229 Θεὸι

918 204 1004 237 videt,
1031 204 1117 231 Deum
1156 212 1240 239 quem
1277 208 1331 232 non
1358 204 1453 236 videt,

49 251 82 276 ὃν
98 249 158 284 οὐχ
173 250 282 284 ἑωρακε
298 248 358 280 πῶς
373 248 484 276 δύναται
500 249 621 284 ἁγαπᾷν;
636 249 690 275 Καὶ
704 248 806 284 ταύτην
815 248 864 284 τὴν

49 296 178 331 ἐντολὴν
199 295 299 331 ἔχομεν
315 296 382 331 παρ’
401 295 495 329 αὐτοῦ,
515 295 560 322 ἵνα
570 296 584 322 ὀ
599 295 714 330 ἀγαπῶν
728 294 773 322 τὸν
786 294 862 326 Θεὸν,

50 342 162 377 ἀγαπᾷ
189 341 238 368 καὶ
261 341 307 368 τὸν
330 340 445 376 ἀδελφὺν
461 341 555 369 αὐτοῦ.
577 349 587 368 t
606 340 808 368 Συνδιύλλυνται
832 340 864 377 δὴ

50 386 105 415 οὗν
136 387 268 424 ἀλλήλοιν
297 388 417 424 ἑκάτερα
446 387 495 414 καὶ
532 387 687 422 συνανίσχει
712 386 862 422 λαμπρῶς⁸

52 431 214 468 ἀγχίθυροι
231 432 286 468 γὰρ
305 431 400 467 ὥσπερ
420 430 548 466 άλλήλαιν
565 432 593 457 αἱ
616 430 722 466 ἀρεταὶ,
746 429 795 456 καὶ
819 426 864 456 οἷά

52 486 101 510 τις
116 478 243 514 συνωρὶς
257 478 453 510 ἀδιάσπαστος,
472 477 513 509 εἰς
529 477 558 503 ἓν
573 486 600 504 τι
616 477 647 503 τὸ
662 476 800 512 ἐκπρεπὲς
815 476 864 503 καὶ

55 524 236 551 τελεώτατον
252 523 349 555 κάλλος
361 523 411 559 τῆς
429 524 469 555 εἰς
484 522 550 550 Θεὸν
564 522 716 556 εὐσεϐείας,
730 522 775 549 τὸν
789 523 863 558 ἡνιο-

55 571 120 605 χεῖν
137 570 242 605 ἄριστα
261 569 467 605 μεμελετηκότα
480 567 694 604 διακομίζουσιν.

93 616 211 643 ΠΑΛΛ.
226 613 263 642 Εὖ
277 615 356 651 ἔφης.
375 615 430 641 Καὶ
446 613 507 641 ὲπεί
521 622 564 640 τοι
577 613 677 645 σκοπὸς
690 613 721 640 τδ
733 612 822 649 ἱδροῦν
833 612 862 640 ἐν

54 661 182 694 τούτοις,
199 661 236 688 ίθι
251 661 283 697 δὴ
294 659 338 693 αὖ,
354 660 463 692 καὶτὰς
478 661 521 695 ἐφ’
535 659 642 695 ἑκάστῳ
652 659 706 686 τῶν
717 659 862 694 θεωρημά‹

55 716 116 734 των
145 707 319 742 συναγείρων
334 706 441 738 πίστεις
453 707 486 733 ἐκ
509 705 563 732 τῶν
580 704 661 741 ἱερῶν
673 704 860 741 Γραμμάτων,

56 752 155 788 πειρῶ
181 761 227 788 μοι
241 752 343 787 λέγειν,
363 751 393 778 τὸ
416 752 492 784 ὅπως
510 751 544 779 ἂν
561 751 666 786 γένοιτο
689 750 739 787 τῆς
758 751 800 783 είς
815 751 861 778 τὸν

59 798 182 834 πλησίον
197 798 308 835 ἀγάπης
322 798 477 834 ἀκραιφνὴς
493 799 510 834 ή
524 798 674 834 πλήρωσις.

98 933 186 960 ΚΥΡ.
200 932 382 969 Πλείστη”μὲν
396 931 442 961 οὖν
454 933 505 970 ὅση
526 933 595 970 πρὸς
609 933 688 960 τοῦτο
704 933 778 968 ἡμᾶς
792 932 861 960 άποο

62 980 145 1016 φέρει
158 980 262 1016 τρίϐος.
277 980 435 1017 Γέγραπται
447 980 511 1017 γάρ,
522 981 563 1007 ὃτι
581 989 590 1006 ι
608 980 753 1016 Πλατεῖαή
770 980 861 1016 ὲντολή

66 1021 114 1052 σου
138 1026 255 1062 σφόδρα.
271 1036 280 1052 ι
295 1026 331 1054 Τό
342 1035 375 1061 γε
391 1027 444 1063 μὴν
459 1027 502 1062 ἐφ’
518 1026 629 1062 ἑκάστῳ
641 1027 696 1053 τῶν
715 1026 862 1061 δρωμένων

63 1071 208 1106 εὐτεχνὲς,
230 1071 279 1106 οὐχ
292 1071 426 1108 ἑτέρωθεν
440 1072 473 1100 ἂν
485 1069 564 1107 οἶμαί
577 1081 629 1099 που
651 1071 807 1106 συλλέξαιτό
819 1080 862 1104 τις

64 1117 136 1152 πλὴν
150 1118 194 1144 ὅτι
205 1126 239 1153 γε
252 1118 297 1146 διὰ
310 1118 358 1146 τοῦ
369 1118 452 1154 νόμον
462 1127 468 1135 ’
485 1112 608 1146 δεδόσθαι
624 1119 679 1155 γάρ
700 1120 766 1155 ἡμῖν
781 1119 862 1146 αὑτὸν

64 1165 105 1196 εἰς
121 1164 255 1200 βοήθειαν
268 1165 437 1203 προφητικὺς
454 1164 506 1201 ἔφη
529 1165 617 1200 λόγος.
633 1166 689 1193 Καὶ
711 1164 777 1200 γοῦν
793 1165 862 1201 πρὸς

64 1211 223 1247 ἀνάμνησιν
235 1212 310 1247 ἡμᾶς
318 1212 368 1248 τὴν
378 1211 491 1248 διηνεκῆ
504 1211 557 1239 τῶν
570 1212 794 1247 τεθεσπισμένων
806 1212 862 1239 δια-

64 1257 164 1290 νιστὰς
180 1258 194 1285 ὀ
218 1257 380 1293 νομοθέτης,
398 1257 466 1292 φησί
479 1265 486 1273 ·
507 1267 517 1284 ‹
534 1257 590 1284 Καὶ
604 1257 747 1293 ἐμϐαλεῖτε
760 1256 795 1284 τὰ
813 1257 863 1293 ῥή-

66 1303 245 1338 ματα.ταῦτα
260 1303 300 1335 εις
310 1303 360 1339 τὴν
373 1296 487 1339 καρδίαν
498 1303 586 1340 ὑμῶν,
601 1303 648 1330 καὶ
659 1304 699 1335 εις
713 1303 762 1339 τὴν
773 1303 862 1339 ψυχήν

66 1349 157 1385 ὑμῶν,
170 1350 220 1377 καὶ
230 1350 356 1386 ἀφάψατε
371 1350 458 1377 ταῦτα
470 1351 510 1382 είς
525 1351 638 1386 σημεῖον
647 1349 694 1377 ἐπὶ
708 1350 758 1385 τῆς
771 1349 862 1385 χειρὸς

66 1396 81 1422 ὑ
86 1396 158 1431 μῶν,
177 1396 226 1423 καὶ¹
239 1396 316 1424 ἔσται
332 1396 470 1424 ἁσάλευτα
484 1396 537 1432 πρὸ
547 1395 695 1431 ὀφθαλμῶν
709 1395 798 1431 ὑμῶν,
813 1395 861 1422 καὶ

65 1441 193 1475 διδάξατε
205 1442 276 1470 αὐτὰ
286 1442 320 1472 τὰ
335 1442 419 1470 τέκνα
434 1443 522 1478 ὑμῶν²
538 1442 630 1469 λαλεῖν
645 1442 724 1475 αὐτὰ,
737 1441 862 1477 καθημέ-

66 1494 131 1519 νους
145 1488 175 1514 ἐν
185 1486 251 1523 ὀδῷ,
267 1488 315 1515 καὶ
328 1487 548 1524 κοιταζομένους,
566 1488 613 1515 καὶ
626 1487 859 1523 διανισταμένους,

68 1533 114 1559 καὶ
131 1532 258 1568 γράψατε
269 1532 338 1560 αὑτά
355 1533 402 1560 ἐπὶ
422 1533 471 1565 τὰς
486 1533 566 1569 φλιὰς
586 1533 641 1560 τῶν
668 1533 750 1560 οἴκων
771 1533 858 1569 ὑμῶν,

68 1579 115 1605 καὶ
126 1578 182 1605 τῶν
193 1578 286 1606 πυλῶν
294 1579 308 1606 ὑ
313 1578 382 1614 μῶν,
393 1578 437 1606 ἴνα
449 1579 534 1615 πολυη
540 1579 685 1616 μερεύητε,
696 1579 743 1606 καὶ
754 1579 857 1615 ἡμέραι

68 1624 122 1651 τῶν
145 1624 214 1652 υἱῶν
228 1624 305 1660 ὑμῶν
321 1625 368 1652 ἐπὶ
380 1625 431 1661 τῆς
450 1626 513 1661 γῆς,
529 1623 563 1662 ἦς
577 1625 668 1662 ὤμοσε
687 1625 791 1661 Κύριος
801 1627 858 1658 τοῖς

70 1670 207 1706 πατράσιν
224 1670 302 1706 ὑμῶν
316 1669 409 1698 δοῦναι
422 1671 524 1705 αὐτοῖς,
542 1670 636 1702 καθὼς
649 1672 678 1698 αι
691 1671 795 1707 ἡμέραι
810 1669 857 1697 τοῦ

71 1714 188 1751 οὐρανοῦ
211 1716 263 1742 ἐπὶ
278 1716 328 1751 τῆς
349 1715 411 1752 γῆς.
433 1726 442 1742 ι
459 1717 515 1743 Καὶ
537 1717 564 1743 τί
588 1716 620 1752 δὴ
634 1716 715 1743 πάλιν
738 1717 797 1743 ἐστὶ
817 1716 857 1749 τὺ,

77 1761 214 1797 Ἀφάψατε
229 1762 298 1790 αὐτὰ
312 1763 359 1789 ἐπὶ
374 1762 429 1789 τῶν
440 1762 539 1798 χειρῶν
559 1762 646 1798 ὑμῶν¹
672 1763 700 1789 ἐν
713 1763 770 1795 τοῖς
786 1762 859 1797 Ἀρι-

71 1808 149 1843 θμοϊς
166 1808 259 1844 ἐδήλου
272 1808 374 1843 σαφῶς.
388 1808 545 1844 Γέγραπται
557 1808 610 1844 γὰρ
621 1808 670 1834 ὼδί
678 1816 686 1824 ο
701 1818 710 1834 ι
730 1808 785 1835 Καὶ
798 1805 858 1834 εἷπε

72 1853 172 1890 Κύριος
195 1853 264 1889 πρὸς
285 1854 400 1889 Μωσῆν,
424 1852 529 1888 λέγων·
556 1853 680 1889 Λάλησον
704 1854 761 1884 τοῖς
792 1853 859 1885 υἱοῖς

78 1896 197 1933 Ἰσραὴλ,
217 1897 266 1924 καὶ
283 1897 356 1933 ἐρεῖς
371 1897 440 1933 πρὸς
459 1898 569 1931 αὐτοὺς,
595 1898 644 1924 καὶ
664 1897 859 1933 ποιησάτωσαν

73 1933 176 1974 ἑαυταῖς
189 1943 332 1979 κράσπεδα
344 1943 392 1970 ἐπὶ
399 1943 433 1970 τά
444 1943 581 1979 πτερύγια
593 1943 648 1970 τῶν
664 1943 781 1980 ἱματίων
795 1944 857 1970 ἑαυ-

72 1988 125 2016 τῶν
147 1990 186 2021 εἰς
201 1989 251 2021 τὰς
278 1989 374 2025 γενεὰς
391 1989 498 2017 αὐτῶν·
523 1990 570 2017 καὶ
593 1990 737 2026 ὲπιθήσετε
758 1990 804 2017 ἐπὶ
824 1989 860 2017 τὰ

73 2035 212 2070 κράσπεδα
226 2036 280 2063 τῶν
303 2037 458 2072 πτερυγίων
483 2036 601 2072 κλῶσμα
624 2036 788 2070 ὑακίνθινον,
812 2037 860 2064 καὶ

73 2081 148 2109 ἔσται
168 2084 196 2110 ὲν
220 2085 276 2116 τοῖς
302 2083 485 2120 κρασπέδοις,
511 2083 559 2110 καὶ
586 2083 685 2118 ὄψεσθε
706 2082 787 2115 αὐτὰ,
813 2083 861 2110 καὶ

75 2131 260 2168 μνησθήσεσθε
273 2129 370 2158 πασῶν
385 2129 440 2156 τῶν
454 2128 569 2156 ἐντολῶν
583 2129 697 2164 Κυρίου,
714 2129 762 2156 καὶ
782 2129 861 2164 ποιή-

75 2187 132 2206 σετε
146 2178 244 2210 αὑτάς·
260 2177 308 2204 καὶ
327 2177 357 2203 οὐ
372 2176 607 2212 διαστραφήσεσθε
623 2176 713 2203 ὀπίσω
737 2176 791 2202 τῶν
805 2175 861 2203 διας

428 143 473 170 DE
493 143 714 171 ADORATION‘E
735 144 767 170 IN
789 144 922 172 Sl’lRlTU
945 145 988 172 ET
1010 145 1193 173 VERITATE.
1216 146 1280 174 LIB.
1301 147 1355 174 νη.

1654 145 1710 172 £82

1492 203 1630 239 quomodo
1659 211 1708 238 po.

917 253 971 277 test
984 249 1099 285 diligere
1112 249 1123 276 ?
1141 250 1176 277 Et
1187 250 1240 277 hoc
1252 249 1411 277 mandatum
1424 250 1558 278 habemus
1577 249 1612 276 ab
1633 249 1706 284 ipso,

916 300 957 329 ut,
972 296 1020 332 qui
1035 296 1124 332 diligit
1138 297 1235 329 Deum,
1259 296 1353 331 diligat
1371 300 1398 324 et
1414 297 1526 324 fratrem
1548 303 1628 324 suum
1640 297 1673 324 ".
1693 306 1702 322 ι

915 342 1002 370 Simul
1024 343 1108 378 igitur
1126 347 1243 378 utraque
1263 351 1326 370 cum
1341 343 1428 371 altera
1448 343 1550 371 occidit
1562 351 1594 371 ac
1611 344 1705 379 splen-

915 389 979 417 dide
1000 389 1083 417 simul
1098 390 1221 417 exoritur
1243 398 1249 416 :
1268 393 1332 417 sunt
1348 390 1422 417 enim
1447 390 1563 418 virtutes
1585 391 1659 418 inter
1675 397 1706 417 se

913 435 1011 462 vicina;
1026 444 1032 462 :
1046 442 1078 462 ac
1092 435 1167 462 velut
1178 435 1313 462 individui
1326 435 1442 470 jugales,
1461 435 1495 462 ad
1506 443 1589 462 unam
1610 443 1707 470 quam-

913 479 977 507 dam
1001 480 1136 516 insignem
1159 484 1241 516 atque
1264 480 1414 516 perfectam
1441 481 1552 515 pietatis
1573 481 1601 508 in
1618 481 1705 508 Deum

913 525 1158 561 pulchritudinem,
1171 535 1235 554 eum
1251 527 1298 562 qui
1311 526 1414 562 optime
1427 534 1539 554 currum
1564 527 1638 554 hunc
1654 535 1700 562 gu-

913 571 1031 599 bernare
1044 571 1195 605 studuerit,
1210 571 1349 600 deferunt.

947 617 1046 645 PALL.
1066 619 1152 646 Recte
1166 619 1216 646 ais.
1238 619 1287 651 Ac,
1307 618 1436 654 quoniam
1452 618 1587 646 instituta
1604 618 1703 653 'dispu-

913 665 1027 692 tationis
1040 665 1110 692 ratio
1123 665 1223 700 poscit.
1237 668 1268 692 ut
1291 665 1319 692 in
1333 665 1376 692 his
1392 664 1535 699 explendis
1547 664 1626 692 labor
1641 672 1704 692 sus-

912 708 1030 744 cipiatur
1043 729 1050 742 ,
1063 717 1146 745 perge
1163 710 1218 745 jam
1234 717 1346 743 rursus,
1364 715 1392 737 et
1408 709 1578 744 singularum
1592 717 1684 736 rerum
1695 729 1703 741 ,

911 761 980 789 quas
999 754 1223 789 contemplandas
1250 755 1448 790 proposueris,
1484 754 1663 789 probationes
1688 764 1704 783 e

911 799 999 827 sacris
1015 799 1129 827 Litteris
1145 801 1241 836 collige
1255 809 1261 827 :
1279 808 1311 828 ac
1327 801 1416 828 nitere
1440 803 1471 827 ut
1492 800 1560 827 mihi
1584 800 1705 835 explices

911 852 1031 880 quonam
1057 850 1138 880 pacto
1163 846 1323 881 contingere
1358 845 1447 881 possit
1475 846 1618 873 charitatis
1640 854 1704 881 erga

911 892 1068 927 proximum
1081 893 1207 920 absoluta
1222 893 1365 928 perfectio.

946 935 1025 964 ΕΥΒ-
1043 937 1220 972 Amplissima
1236 945 1286 965 nos
1304 938 1416 973 quidem
1433 938 1466 965 ad
1482 945 1543 966 eam
1564 945 1623 966 rem
1639 947 1702 974 per-

911 982 988 1010 ducit
1001 983 1054 1010 via.
1070 983 1209 1019 Scriptum
1220 987 1262 1011 est
1278 984 1353 1011 enim
1372 993 1378 1010 :
1398 993 1408 1009 ι
1427 984 1527 1012 Latum
1542 985 1703 1012 mandatum

911 1032 990 1056 tuum
1005 1029 1089 1056 nimis
1108 1029 1141 1056 ⁸⁸.
1161 1039 1169 1055 ι
1185 1029 1280 1057 Artem
1302 1037 1369 1057 vero
1384 1033 1466 1065 atque
1487 1030 1651 1058 industriam
1675 1031 1703 1058 in

911 1073 1026 1109 singulis
1038 1074 1122 1101 rebus
1131 1074 1260 1109 gerendis
1273 1081 1328 1101 non
1341 1074 1463 1106 aliunde,
1479 1078 1510 1101 ut
1520 1074 1628 1109 opinor,
1645 1075 1703 1102 col-

910 1119 996 1154 ligere
1013 1119 1158 1154 quisquam
1168 1120 1270 1155 poterit
1282 1140 1289 1152 ,
1313 1119 1367 1147 nisi
1377 1128 1426 1155 per
1441 1120 1528 1155 legem
1539 1140 1546 1153 ,
1567 1128 1649 1155 quam
1675 1121 1703 1148 in

911 1165 1078 1201 adiutorium
1091 1173 1151 1194 esse
1168 1165 1248 1193 nobis
1273 1165 1378 1199 datam,
1400 1166 1580 1201 propheticus
1612 1174 1703 1194 sermo

910 1215 1028 1239 testatur
1039 1211 1070 1238 ‘9.
1088 1211 1182 1246 itaque
1195 1232 1202 1244 ,
1219 1214 1250 1238 ut
1260 1219 1311 1239 nos
1326 1211 1360 1238 ad
1373 1216 1535 1247 perpetuam
1553 1216 1704 1247 praecepto-

910 1265 972 1285 rum
987 1258 1275 1286 commemorationem
1295 1258 1363 1293 legis
1379 1263 1475 1285 auctor
1498 1258 1641 1290 excitaret,
1661 1259 1704 1286 in—

910 1304 989 1339 quit:
1009 1313 1019 1330 ‹
1038 1304 1072 1331 Et
1088 1304 1245 1331 recondetis
1270 1304 1330 1331 haec
1342 1304 1427 1332 verba
1452 1304 1480 1332 in
1499 1311 1547 1331 cor
1563 1308 1701 1336 vestrum,

910 1354 937 1378 et
956 1350 984 1377 in
996 1350 1115 1378 animam
1126 1354 1258 1382 vestram,
1277 1354 1306 1378 et
1321 1350 1431 1385 alligate
1447 1358 1479 1378 ea
1500 1350 1529 1377 in
1546 1350 1654 1385 signum
1675 1350 1702 1377 in

910 1403 993 1423 manu
1014 1401 1122 1429 vestra,
1137 1399 1165 1423 et
1189 1399 1272 1424 erunt
1297 1395 1411 1423 immota
1426 1396 1509 1431 219
1528 1399 1591 1423 ante
1608 1396 1703 1423 oculos

909 1445 1028 1475 vestros,
1038 1445 1067 1469 et
1081 1442 1177 1469 docete
1189 1449 1221 1469 ea
1237 1441 1308 1469 ﬁlios
1323 1444 1443 1474 vestros,
1456 1445 1484 1469 et
1498 1441 1648 1477 loquantur
1659 1449 1702 1473 ea,

910 1488 1052 1521 sedentes,
1075 1487 1103 1515 in
1118 1488 1228 1520 itinere,
1241 1491 1269 1516 et
1293 1487 1442 1520 cubantes,
1458 1491 1659 1523 etsurgentes;
1676 1492 1704 1514 et

911 1533 1060 1561 describite
1074 1540 1107 1560 ea
1127 1541 1210 1568 super
1223 1532 1318 1561 limina
1338 1533 1484 1560 domorum
1498 1538 1662 1565 vestrarum,
1676 1537 1703 1560 et

910 1579 1058 1615 januarum
1075 1582 1240 1611 vestrarum,
1254 1582 1286 1606 ut
1298 1579 1399 1606 multos
1409 1578 1469 1606 dies
1480 1578 1588 1610 vivatis,
1601 1581 1629 1606 et
1643 1578 1704 1605 dies

908 1624 1028 1652 ﬁliorum
1041 1628 1197 1652 vestrorum
1215 1624 1244 1652 in
1258 1627 1343 1657 terra,
1361 1632 1443 1659 quam
1454 1624 1557 1659 juravit
1570 1624 1703 1651 Dominus

908 1670 1033 1706 patribus
1051 1670 1151 1698 vestris
1162 1690 1169 1703 ,
1186 1670 1314 1697 daturum
1334 1677 1364 1697 se
1380 1669 1449 1702 illis,
1474 1669 1545 1697 sicut
1563 1669 1623 1697 dies
1638 1669 1701 1698 caeli

909 1724 992 1752 super
1013 1720 1115 1743 terram
1132 1716 1165 1743 ³⁸.
1186 1725 1196 1741 ι
1215 1715 1320 1751 Ecquid
1338 1719 1432 1742 autem
1454 1714 1499 1748 sit,
1515 1715 1632 1750 Alligate
1643 1715 1701 1750 ipsa

910 1762 938 1789 in
952 1762 1080 1790 manibus
1090 1762 1200 1795 vestris,
1216 1762 1296 1797 plane
1313 1761 1342 1789 in
1359 1761 1488 1788 Numeris
1501 1761 1639 1796 exposuit.
1656 1761 1702 1788 Sic

909 1807 983 1835 enim
999 1807 1133 1843 scriptum
1145 1811 1188 1835 est
1202 1816 1208 1834 :
1223 1817 1232 1832 ι
1251 1807 1285 1835 Et
1299 1807 1369 1834 dixit
1387 1806 1520 1834 Dominus
1531 1807 1564 1834 ad
1578 1806 1699 1842 Moysen,

910 1853 1004 1881 dicens
1020 1862 1026 1881 :
1047 1853 1173 1888 Loquere
1191 1852 1255 1880 ﬁliis
1269 1852 1363 1884 Israel,
1379 1855 1407 1879 et
1424 1851 1500 1878 dices
1511 1850 1546 1878 ad
1567 1850 1659 1886 ipsos;
1672 1856 1702 1878 et

909 1899 1011 1928 faciant
1027 1899 1080 1928 sibi
1094 1900 1216 1927 ﬁmbrias
1231 1899 1259 1927 in
1276 1899 1480 1927 summitatibus
1492 1899 1611 1926 vestium
1635 1906 1701 1926 sua-

910 1955 972 1974 rum
998 1947 1027 1974 in
1044 1945 1240 1982 generationes
1251 1952 1329 1979 suas;
1341 1948 1370 1972 et
1382 1944 1530 1979 imponetis
1542 1951 1625 1978 super
1639 1942 1701 1970 ﬁm-

910 1993 985 2021 brias
1008 1992 1196 2020 summitatum
1211 1991 1332 2018 vestium
1347 1990 1445 2021 vittam
1473 1988 1680 2025 hyacinthinam
1693 2009 1700 2020 ,

910 2042 938 2067 et
952 2039 1006 2067 erit
1019 2038 1098 2066 vobis
1112 2037 1140 2064 in
1154 2037 1290 2070 ﬁmbriis;
1307 2039 1336 2063 et
1345 2035 1476 2063 videbitis
1498 2035 1586 2071 ipsas,
1607 2039 1636 2062 et
1656 2042 1700 2062 re-

911 2084 1093 2112 cordabimini
1113 2083 1235 2111 omnium
1260 2086 1463 2118 praeceptorum
1479 2081 1599 2114 Domini,
1613 2086 1642 2108 et
1663 2081 1702 2108 fa-

911 2130 990 2158 cietis
1005 2138 1054 2163 ea;
1074 2134 1102 2157 et
1126 2137 1181 2157 non
1211 2128 1408 2165 pervertemini
1432 2131 1495 2163 post
1521 2127 1702 2162 cogitationes

911 2180 1027 2209 vestras,
1043 2181 1070 2204 et
1082 2180 1144 2212 post
1161 2175 1257 2204 oculos
1276 2178 1397 2207 vestros,
1410 2174 1439 2203 in
1458 2173 1560 2208 quibus
1578 2180 1628 2200 vos
1646 2173 1702 2200 for-

75 2224 149 2252 νοιῶν
163 2223 250 2259 ὑμῶν,
272 2223 319 2250 καὶ
333 2221 421 2249 ὀπίσω
439 2221 494 2248 τῶν
516 2220 663 2257 ὀφθαλμῶν
680 2221 756 2256 ὑμῶν
783 2220 811 2247 έν
823 2218 860 2252 οἷς

915 2221 1045 2249 nicamini
1072 2225 1134 2256 post
1161 2221 1245 2256 ipsos,
1262 2223 1293 2248 ut
1321 2218 1505 2247 recordemini
1522 2227 1528 2245 :
1544 2222 1571 2246 et
1594 2217 1701 2245 faciatis

75 2271 150 2306 ὑμεῖς
165 2267 345 2304 ὲκπορνεύετε
359 2267 447 2294 ὀπίσω
461 2267 562 2300 αὐτῶν,
580 2266 654 2298 ὅπως
667 2266 700 2293 ἂν
712 2266 860 2302 μνησθῆτε·

75 2316 119 2344 καὶ
133 2316 257 2351 ποιήσετε
271 2314 360 2346 πάσας
371 2314 421 2346 τὰς
429 2313 538 2344 ἐντολάς
549 2321 612 2348 μου,
624 2313 670 2340 καὶ
687 2313 779 2339 ἔσεσθε
788 2312 860 2347 ἅγιοι

75 2363 112 2399 τῷ
126 2361 182 2397 Θεῷ
193 2361 281 2396 ὑμῶν,
294 2360 350 2396 ἐγὼ
363 2360 466 2396 Κύριος
479 2361 493 2387 6
503 2360 570 2392 Θεὸς
582 2360 669 2395 ὑμῶν.
685 2369 695 2386 ›
708 2360 860 2396 Προεπιτά-

77 2409 122 2442 ξας
132 2406 176 2435 οὖν
190 2406 219 2434 εὖ
242 2406 316 2443 μάλα
331 2406 519 2442 καταγράφειν
533 2406 607 2441 ἡμᾶς
626 2405 655 2432 ὲν
674 2405 799 2440 καρδίαις
814 2405 859 2431 τὸν

76 2455 162 2490 νόμον,
181 2450 242 2480 εἶτα
259 2452 378 2488 χαλεπὸν
400 2451 571 2488 ἀρρώστημα
588 2450 635 2478 νοῦ
654 2450 704 2487 τὴν
720 2450 805 2486 λήθην
820 2450 856 2477 ει-

77 2500 134 2533 δὼς,
152 2496 195 2526 οἷά
214 2507 267 2534 περ
280 2499 308 2525 ὲν
322 2498 416 2525 πίνακι
442 2498 502 2530 ταῖς
517 2497 608 2532 φλιαῖς
627 2496 857 2532 ἀποσημήνασθαι

77 2547 127 2574 δεῖν
145 2544 283 2572 ἐπιτάττει
298 2543 346 2575 τὰς
360 2543 470 2574 ἐντολάς
480 2551 486 2558 ·
506 2543 552 2570 καὶ
567 2543 622 2579 μὴν
637 2543 684 2569 καὶ
698 2542 747 2577 τῆς
767 2541 857 2574 δεξιᾶς

79 2591 204 2626 ἁφάτιτειν
213 2590 303 2625 χειρὸς
319 2587 409 2615 δέλτιά
425 2597 476 2615 που
487 2588 556 2624 τάχα
563 2588 608 2615 τδν
623 2587 705 2623 νόμον
715 2587 854 2620 ὠδίνοντα,

80 2638 121 2664 καὶ
134 2634 360 2672 ἐγγεγραμμένον
373 2634 469 2671 ἔχοντα
480 2635 510 2662 τὸ
522 2634 725 2671 χρησμῴδημα,
742 2634 789 2662 καὶ
802 2634 856 2670 μὴν
876 2654 880 2659 η

80 2682 119 2708 καὶ
133 2681 219 2708 αὐτῶν
233 2680 408 2716 ἀπηρτῆσθαι
423 2680 478 2708 τῶν
494 2680 665 2717 ἐσθημάτων,
681 2680 731 2706 οὐκ
743 2680 857 2707 ἀσυντε-

80 2730 118 2762 λὲς
131 2727 196 2757 εἶναι
211 2738 295 2764 φησιν
318 2729 358 2762 είς
378 2729 483 2764 δνησιν,
499 2728 533 2756 τά
549 2738 578 2756 τε
592 2729 748 2766 κράσπεδα,
765 2728 813 2755 καὶ
827 2727 856 2754 τὸ

81 2775 183 2811 κλῶσμα
196 2774 361 2803 ὑακίνθινον.

126 2871 144 2886 ⁸⁷
159 2871 179 2906 l,
194 2871 271 2899 loan.
289 2878 326 2903 iv,
347 2870 392 2904 ΞΟ,
406 2870 449 2897 2i.
489 2870 511 2886 ⁵⁸
527 2869 595 2898 Psal.
623 2877 712 2901 cxvm,
730 2869 772 2896 96.

814 2870 833 2885 ³⁵³
851 2869 900 2896 lsa.
924 2876 979 2900 un,
1005 2867 1042 2894 ιθ.

914 2268 1006 2296 omnia
1024 2267 1152 2295 mandata
1164 2274 1243 2300 mea;
1259 2270 1288 2294 et
1306 2265 1385 2293 eritis
1408 2264 1496 2292 sancti
1517 2264 1573 2291 Deo
1585 2267 1700 2295 vestro;

913 2321 963 2350 ego
984 2314 1118 2341 Dominus
1138 2314 1211 2341 Deus
1223 2316 1325 2344 vester,
1339 2311 1387 2346 qui
1403 2309 1486 2338 eduxi
1509 2317 1559 2337 vos
1574 2309 1608 2336 de
1629 2312 1702 2336 terra

911 2359 1030 2396 Egypti,
1051 2365 1082 2387 ut
1093 2366 1183 2386 essem
1202 2359 1276 2386 Deus
1291 2361 1384 2384 vester
1397 2365 1403 2382 :
1420 2363 1470 2391 ego
1485 2354 1619 2383 Dominus
1630 2354 1702 2381 Deus

911 2411 1003 2433 vester
1015 2405 1049 2432 δι.
1065 2415 1074 2431 ι
1100 2404 1168 2432 Cum
1181 2411 1248 2439 ergo
1263 2406 1343 2430 antea
1363 2401 1506 2437 jussisset,
1518 2403 1549 2427 ut
1563 2399 1702 2426 describe-

909 2459 1002 2478 remus
1016 2451 1105 2486 legem
1118 2450 1147 2476 in
1170 2448 1316 2481 cordibus,
1331 2447 1469 2482 sciretque
1493 2450 1626 2481 praeterea
1639 2451 1700 2479 gra—

908 2505 970 2525 vem
987 2504 1047 2524 esse
1062 2494 1296 2523 mentismorbum
1308 2492 1475 2521 oblivionem
1491 2500 1498 2518 :
1512 2491 1541 2518 in
1559 2490 1702 2518 liminibus

908 2549 1038 2578 tanquam
1054 2543 1082 2570 in
1095 2541 1187 2569 tabula
1200 2539 1316 2568 inscribi
1335 2538 1434 2575 jussit;
1447 2537 1515 2572 quin
1530 2536 1614 2564 etiam
1632 2535 1701 2562 dex-

909 2594 958 2617 trae
979 2589 1106 2624 alligare;
1131 2586 1277 2615 schedulas
1308 2585 1425 2613 fortasse
1451 2582 1583 2619 quasdam
1613 2582 1700 2616 legem

914 2636 1118 2671 parturientes,
1145 2638 1174 2661 et
1195 2633 1321 2660 divinum
1344 2637 1510 2665 responsum
1535 2628 1700 2662 inscriptum

912 2681 1045 2708 habentes
1068 2688 1073 2706 :
1093 2683 1226 2714 praeterea
1241 2686 1296 2705 non
1311 2676 1408 2704 inutile
1428 2682 1488 2703 esse
1505 2673 1574 2701 dixit
1588 2680 1621 2700 ex
1636 2672 1702 2707 ipsis

910 2734 1019 2762 quoque
1033 2726 1156 2754 vestibus
1177 2724 1298 2761 pendere
1313 2727 1371 2751 tum
1391 2721 1512 2749 ﬁmbrias
1525 2741 1533 2753 ,
1550 2724 1608 2747 tum
1634 2718 1702 2753 hya-

908 2771 1058 2799 cinthinam
1074 2770 1179 2797 vittam.
1727 2768 1737 2773 ί

1085 2865 1106 2880 ⁵ο
1125 2865 1204 2891 Deut.
1221 2869 1250 2895 ιι,
1264 2860 1355 2888 18-21.
1395 2860 1416 2876 ⁸⁸
1435 2858 1570 2889 Num.xv,
1591 2856 1601 2883 ι
1624 2862 1690 2889 seqq
