1939 3041
263 161 316 189 ιεε

772 157 801 185 S.
821 157 959 185 CYRILLI
980 158 1213 186 ALEXANDBINI
1235 158 1394 187 ARCHIEP.

1843 158 1888 186 ιει

298 219 397 248 PALL.
421 217 546 252 Quonam
576 218 658 245 modo
684 217 784 246 divinae
810 217 879 252 legis
910 216 1039 244 admonet

1141 217 1244 244 ΠΔΛΛ.
1259 218 1313 244 Καὶ
1326 218 1367 250 τίς
1387 217 1419 245 ἂν
1435 217 1538 252 γένοιτο
1554 216 1607 244 τῶν
1622 216 1700 245 Θείων
1719 217 1812 252 νόμων
1831 217 1891 251 ἡμῖν

264 272 408 301 possumus
423 271 472 300 per
483 263 606 290 ﬁmbrias
619 270 652 290 ac
663 262 759 290 vittam
772 262 996 298 hyacinthinam?

295 355 374 383 CVR.
394 354 490 382 Nonne
501 354 589 389 legem
601 361 651 389 per
662 353 806 388 aenigmata
824 351 951 379 traditam
969 350 1053 378 fuisse

260 401 359 436 priscis
373 400 427 428 illis
446 399 615 431 hominibus,
634 407 665 426 ac
676 398 761 426 veluti
770 398 798 425 in
814 397 919 425 umbris
938 404 998 424 esse
1011 396 1052 424 l‘a—

262 447 329 474 teris
345 447 356 473 ?

296 491 395 519 PALL.
414 491 521 519 Fateor.

294 538 373 565 (ΕΥΒ-
388 538 474 573 Igitur
490 537 606 564 ﬁmbriis
621 544 653 564 ac
669 536 762 564 manui
785 536 881 563 vittam
895 534 1051 571 hyacinthi-

259 591 321 610 nam
337 583 458 617 alligare,
476 581 590 617 ﬁgurate
600 603 607 614 ,
622 589 655 609 ac
676 589 725 617 per
736 581 852 616 aenigma
869 579 1051 615 signiﬁcabat,

258 636 320 664 quae
334 628 457 655 emlestia
469 631 551 662 sunt,
564 635 597 655 ea
612 631 670 655 tum
696 626 827 662 sapienda
849 634 919 658 esse,
932 630 989 653 tum
1009 625 1050 652 fa—

258 673 366 706 cienda,
378 681 410 700 ac
420 681 554 709 supernas
566 674 625 701 illas
635 674 710 714 leges
723 673 854 700 memoria
872 671 1051 699 retinendas?

262 719 360 754 Lapidi
379 720 463 752 enim,
486 719 540 747 nisi
553 720 644 752 fallor,
664 719 774 751 Indico,
794 718 985 754 hyacinthino,
1006 717 1051 745 in-

259 773 342 800 quam
354 786 362 798 ,
384 766 527 793 aetherium
547 773 649 800 corpus
661 768 704 792 est
717 764 833 800 quadam
851 769 930 792 tenus
944 761 1062 796 simile,"

257 819 320 838 cum
334 812 479 847 splendore
493 815 575 846 atque
588 811 711 838 tenebris
725 811 837 838 mistum
850 811 897 842 sit,
913 815 997 845 atque
1021 810 1049 838 in

256 856 312 884 imo
331 864 409 891 aqum
423 856 631 884 similitudinem
645 856 760 889 habeat,
777 863 838 891 quae
859 856 1003 883 tremulam
1017 863 1049 884 ac

256 899 366 927 ﬂuidam
387 901 506 936 speciem
521 909 577 936 prae
595 909 624 928 se
642 901 722 929 ferat.
749 902 831 936 220
849 901 905 928 Lex
921 902 1004 937 igitur
1019 906 1047 929 et
1066 894 1085 921 Β

255 946 378 974 vestibus
395 951 424 973 et
443 947 534 974 manui
547 947 642 974 vittam
656 948 861 982 hyacinthinam
879 948 983 983 alligari
1005 955 1048 976 sa-

255 992 342 1027 pienti
355 992 469 1020 consilio
487 993 588 1028 jussit,
604 993 806 1028 quodammodo
825 994 953 1026 innuens,
967 994 1046 1028 quasi

254 1037 355 1064 mentis
379 1038 588 1070 vestimentum,
613 1042 640 1066 et
664 1037 782 1065 amictus
799 1039 914 1065 rationis
936 1038 985 1065 tibi
1010 1039 1046 1066 sit

254 1083 396 1110 oraculum
417 1082 525 1110 caelitus
537 1083 658 1116 editum,
682 1083 728 1110 lex
740 1083 824 1110 etiam
848 1084 900 1111 rite
921 1091 952 1110 ac
971 1089 1045 1112 recte

253 1126 388 1153 factorum
410 1126 524 1154 arbitra.
541 1127 638 1155 Manus
654 1128 728 1155 enim
741 1136 857 1163 operum
871 1134 913 1156 est
934 1129 1046 1164 symbo-

253 1171 309 1198 lum
323 1179 401 1206 :qua:
412 1179 495 1207 porro
507 1172 629 1207 legitime
646 1172 716 1200 ﬁunt
729 1181 744 1200 a
758 1174 848 1206 nobis,
870 1182 984 1209 prorsus
1000 1183 1029 1202 re
1039 1191 1045 1195 -

253 1217 436 1251 prehensione
449 1223 556 1250 vacant,
570 1226 659 1254 neque
680 1219 713 1246 de
725 1220 791 1247 vitio
805 1220 947 1248 sinistrum
963 1221 1044 1256 quid-

253 1262 325 1297 piam
343 1263 455 1291 habent.
481 1263 690 1299 Magniﬁcahant
714 1265 806 1301 itaque
827 1266 957 1294 Phariswi
984 1269 1044 1293 tim-

252 1308 328 1335 brias
349 1317 430 1342 suas,
447 1315 476 1336 et
501 1310 653 1338 dilatabant
671 1310 839 1346 phylacteria
856 1319 903 1338 sua
917 1331 924 1343 ,
944 1311 970 1338 id
987 1317 1042 1345 est,

252 1354 397 1382 schedulas
418 1363 433 1382 e
454 1355 552 1383 dextra
573 1364 657 1383 manu
685 1364 831 1392 suspensas
849 1365 856 1384 :
881 1357 1043 1384 ridebantur

253 1404 344 1428 tamen
367 1408 382 1428 a
399 1401 528 1435 Christo,
548 1402 621 1437 quod
640 1410 700 1430 eam
713 1411 772 1430 rem
794 1403 829 1430 ad
850 1403 939 1430 inanis
952 1403 1044 1438 gloria:

252 1445 434 1479 occasionem,
448 1454 503 1473 non
528 1447 563 1474 ad
589 1447 658 1482 legis
671 1449 959 1475 commemorationem
976 1457 1042 1476 con-

251 1492 398 1519 vertissent
411 1493 442 1520 '".
453 1493 526 1520 Fieri
543 1493 626 1530 igitur
641 1497 742 1529 potest,
753 1499 783 1521 ut
795 1495 920 1529 quamvis
937 1495 964 1521 id
985 1496 1040 1528 liat,

251 1537 324 1571 quod
342 1537 387 1564 lex
401 1538 497 1573 jubet,
518 1543 610 1567 tamen
631 1540 675 1567 lex
688 1539 746 1574 ipsa
759 1540 887 1571 violetur,
905 1541 959 1567 nisi
983 1541 1042 1576 lege

251 1582 313 1618 quis
327 1588 404 1611 recte
423 1588 526 1611 utatur.
545 1584 657 1620 Hocque
675 1585 744 1612 illud
765 1590 826 1617 est,
844 1585 952 1620 opinor,
969 1586 1041 1621 quod
1056 1578 1076 1605 θ

250 1629 288 1656 ιιι
316 1628 445 1657 Salomon
467 1638 473 1656 :
503 1640 511 1655 ι
527 1630 576 1657 Est
600 1631 700 1665 justus,
723 1630 768 1665 qui
794 1631 866 1665 perit
886 1631 914 1658 in
934 1631 1041 1666 justitia

249 1681 298 1701 sua
315 1675 347 1701 ⁵³.
366 1684 374 1700 ι
392 1674 476 1710 Igitur
497 1675 545 1702 Dei
565 1676 723 1703 mandatum
754 1676 781 1703 in
805 1681 897 1704 mente
911 1682 992 1712 atque
1012 1677 1041 1705 in

249 1718 331 1746 corde
349 1719 555 1747 inscribendum
577 1725 640 1753 est;
658 1722 736 1756 cujus
761 1722 802 1748 rei
818 1722 964 1749 utilitatem
977 1730 1040 1750 eum

248 1765 422 1800 perspicuam
435 1765 538 1793 faceret
554 1765 640 1803 David
659 1766 704 1794 ille
716 1766 841 1799 divinus,
866 1767 900 1795 de
914 1776 1039 1803 unoquo-

248 1818 301 1845 que
312 1811 372 1838 viro
382 1812 456 1847 justo
468 1812 584 1847 loquens
596 1813 654 1839 ait:
675 1822 684 1838 ι
700 1812 756 1840 Lex
771 1813 819 1840 Dei
831 1814 891 1849 ejus
910 1814 938 1841 in
957 1815 1038 1843 corde

248 1855 352 1890 ipsius;
368 1861 397 1884 et
415 1866 471 1885 non
491 1858 742 1893 supplantabuntur
759 1867 869 1894 gressus
886 1862 947 1896 ejus
963 1861 986 1877 °‘
1004 1871 1009 1889 :
1024 1872 1034 1887 ι

248 1902 315 1930 lllud
330 1903 414 1936 enim,
427 1908 457 1931 ut
472 1905 579 1939 Opinor,
596 1905 676 1940 plane
699 1907 876 1934 manifestum
891 1912 943 1941 est,
959 1910 1037 1944 cujus

248 1947 276 1974 in
290 1952 381 1976 mente
395 1949 440 1976 lex
463 1949 557 1977 divina
575 1950 679 1984 fuerit,
696 1952 786 1980 eidem
806 1954 919 1981 omnino
947 1955 1037 1984 inesse

247 1997 379 2028 praeterea
389 2014 396 2027 ,
411 1998 442 2022 ut
454 1995 541 2030 probe
557 1995 737 2025 conﬁrmatus
752 2002 781 2025 et
796 1998 898 2026 virtute
915 1999 950 2026 sit
980 2005 1034 2028 sta-

246 2039 305 2066 bili.

281 2084 379 2112 PALL.
395 2085 434 2112 lta
449 2093 479 2113 se
489 2093 535 2114 res
552 2086 645 2115 habet.

284 2130 362 2158 ΟΥΕ.
377 2131 471 2167 Itaque
483 2133 559 2169 jugis
572 2139 654 2169 atque
669 2140 801 2171 perpetua
813 2136 881 2172 legis
893 2137 1033 2165 meditatio

244 2175 279 2202 ad
293 2180 396 2205 rectam
415 2178 489 2206 viam
509 2179 648 2215 perducit,
667 2182 741 2216 quod
755 2181 828 2209 idem
847 2186 889 2209 est
905 2187 986 2218 atque
999 2184 1032 2212 ad

244 2220 273 2247 id
291 2222 365 2257 quod
381 2223 437 2250 Deo
452 2224 542 2259 placet
552 2244 559 2257 ,
572 2224 740 2253 oblivionem
763 2234 796 2253 ex
813 2227 930 2255 hominis
942 2228 1033 2256 animo

243 2267 329 2295 veluti
356 2269 484 2298 tenebras
502 2271 635 2306 quasdam
649 2271 849 2308 caliginemque
868 2274 1029 2303 discutiens.

242 2314 337 2350 Neque
350 2323 418 2344 vero
440 2317 583 2353 hucusque
598 2322 703 2346 tantum
720 2327 882 2355 progressus
899 2325 942 2348 est
952 2321 1032 2356 legis-

241 2359 322 2393 lator;
348 2360 398 2388 sed
420 2369 483 2389 cum
503 2363 594 2391 adhuc
610 2364 710 2392 melius
729 2365 860 2400 quiddam
880 2368 1031 2402 excogitas-

241 2409 309 2439 set,-
322 2405 356 2434 ad
373 2407 547 2436 excitandam
569 2409 601 2438 in
614 2409 756 2439 laboribus
773 2411 955 2446 suscipiendis
973 2413 1031 2441 ala—

240 2452 364 2481 critatem
378 2473 386 2487 ,
402 2462 480 2489 spem
509 2455 632 2482 omnium
656 2463 749 2484 rerum
765 2457 1031 2492 exoptatissimarum

241 2501 371 2534 tanquam
390 2507 483 2527 escam
497 2501 644 2535 quamdam
660 2501 792 2538 adjungit.
813 2503 858 2531 Ait
872 2504 946 2531 enim
965 2513 1029 2531 rur-

239 2551 287 2571 sus
301 2553 307 2570 :
332 2554 340 2570 ι
356 2544 385 2572 Si
397 2545 425 2571 in
438 2546 583 2581 praeceptis
594 2547 663 2575 meis
678 2549 894 2582 ambulaveritis,
910 2555 939 2577 et
950 2558 1029 2578 man—

239 2587 302 2616 data
325 2597 386 2617 mea
404 2591 594 2619 eustodieritis
606 2613 613 2625 ,
632 2597 660 2620 et
676 2593 798 2622 feceritis
812 2603 844 2623 ea
855 2616 862 2627 ,
881 2595 953 2624 dabo
969 2597 1029 2631 plu—

239 2633 310 2660 viam
323 2634 401 2663 vobis
415 2635 444 2663 in
464 2641 586 2672 tempore
600 2645 660 2670 suo,
689 2643 717 2667 et
728 2644 802 2668 terra
822 2640 898 2668 dabit
912 2650 1029 2677 proven-

239 2684 283 2707 tus
295 2687 371 2714 suos,
389 2686 418 2709 et
430 2682 503 2718 ligna
516 2685 604 2719 campi
620 2685 737 2713 reddent
751 2686 871 2715 fructum
895 2694 1029 2722 suum;et

239 2727 454 2761 comprehendet
466 2729 542 2757 vobis
554 2730 654 2758 tritura
664 2731 843 2766 vindemiam,
855 2737 883 2760 et
891 2734 1028 2762 vindemia

238 2777 398 2805 sementem,
418 2778 445 2801 et
460 2775 548 2803 edetis
560 2784 659 2810 panem
676 2773 798 2806 vestrdm
813 2779 841 2807 in
861 2780 1026 2813 satietatem,

1105 263 1256 297 ἀνάμνησις
1281 263 1325 290 διά
1341 271 1370 289 τε
1387 261 1547 299 κρασπέδων
1573 263 1619 290 καὶ
1643 262 1802 290 ὑακινθίνου
1826 261 1892 289 κλώ-

1105 317 1206 344 σματος
1218 317 1226 341 ;

1140 355 1221 383 ΚΥΡ.
1243 356 1280 381 οὐ
1300 355 1355 390 γὰρ
1370 355 1401 391 δὴ
1418 355 1463 382 τὸν
1484 355 1565 391 νόμον
1589 355 1797 391 αἰνιγματωδῶς
1817 355 1893 382 λελει-

1103 400 1201 435 λῆσθαι
1216 402 1273 433 tot;
1295 401 1380 428 πάλαι
1405 402 1452 428 καὶ
1469 402 1522 437 μὴν
1539 401 1585 429 καὶ
1608 401 1646 433 ὡς
1664 402 1692 428 ἐν
1709 403 1802 434 σκιαῖς
1826 399 1892 428 sint

1103 447 1156 482 φής
1166 455 1174 479 ;

1139 492 1244 519 ΗΑΛΛ.
1261 493 1344 529 Φημί.

1138 538 1221 566 ΚΥΡ.
1239 539 1359 575 Αἵνιγμα
1369 539 1402 575 δὴ
1412 537 1459 567 οὖν
1471 539 1518 567 τοῦ
1535 539 1589 566 δεῖν
1602 539 1719 574 ἑλέσθαι,
1736 541 1849 575 φρονεῖν
1866 549 1892 566 τε

1103 588 1150 614 καὶ
1167 586 1234 622 δρᾷν
1250 586 1283 612 τὰ
1301 587 1331 619 ἐξ
1342 586 1469 623 οὐρανοῦ,
1485 587 1530 613 καὶ
1553 587 1609 613 τῶν
1623 586 1725 614 ἄνωθεν
1739 586 1894 622 διαμεμνῆ-

1103 634 1166 660 σθαι
1183 633 1284 668 νόμων,
1316 633 1347 659 τὸ
1370 633 1532 668 κρασπέδων
1548 642 1577 659 τε
1599 634 1646 660 καὶ
1671 633 1754 669 αὐτῆς
1783 633 1893 668 ἁῳάψαι

1101 680 1192 716 χειρὸς
1208 680 1238 707 τὸ
1252 679 1367 716 κλῶσμα
1382 679 1413 706 τὸ
1430 679 1600 712 ὑακίνθινον;
1617 679 1683 714 λίθῳ
1699 680 1753 716 γὰρ
1766 678 1846 715 οἶμαι
1860 682 1892 715 τῇ

1108 726 1214 761 Ἰνδικῇ,
1227 726 1266 761 τῷ
1281 725 1427 761 ὑακινθίνῳ
1442 725 1523 761 φημὶ.
1539 725 1569 752 τὸ
1580 726 1698 762 αιοέριόν
1711 736 1771 757 πως
1785 727 1890 759 εἰκάζε-

1100 781 1144 800 ται
1157 772 1247 807 σῶμα,
1262 772 1332 807 αὐγῇ
1342 780 1371 798 τε
1385 772 1432 798 καὶ
1447 771 1536 807 σκότῳ
1551 772 1698 807 συμμιγὲς,
1712 773 1760 799 καὶ
1772 773 1802 799 ὲν
1815 773 1891 808 βάθει

1100 827 1158 850 πως
1175 818 1236 854 ἔχον
1251 818 1282 844 τὸ
1297 817 1451 854 ὑδαροειδὲς
1463 836 1471 851 ν
1495 818 1702 853 ὑπο-τρέμουσαν
1719 828 1747 845 τε
1772 819 1822 846 καὶ
1847 821 1891 846 εὑ-

1099 864 1222 899 διάχυτον
1239 865 1386 899 ὑποφαῖνον
1404 864 1454 899 τὴν
1475 864 1546 899 Mdv.
1566 864 1754 900 Ἀπηρτῆσοαι
1768 865 1802 901 δὴ
1815 863 1863 892 οὖν
1877 867 1890 891 ὁ

1099 910 1180 946 νόμος
1198 911 1254 937 τῶν
1269 919 1299 937 τε
1318 911 1481 946 ἐσθημάτων
1496 911 1586 938 αὐτῶν
1598 912 1644 938 καὶ
1661 912 1714 948 μὴν
1729 912 1777 938 καὶ
1797 913 1889 948 χειρὸς

1097 956 1127 983 τὸ
1147 957 1260 993 κλῶσμα
1280 957 1310 984 τδ
1325 957 1479 985 ὑακίνθινον
1493 955 1672 994 οἰκονομικῶς
1691 959 1888 994 προσ-τέταχεν,

1097 1003 1177 1030 οἱονεί
1191 1011 1249 1033 πως
1267 1003 1426 1037 ὑποφωνεῖν
1440 1003 1567 1039 Ἔσθημά
1582 1013 1622 1031 σοι
1643 1005 1689 1031 νοῦ
1707 1005 1754 1031 καὶ
1768 1005 1889 1036 διανοίας

1097 1049 1209 1085 ᾶμφιον,
1228 1049 1316 1084 λόγιον
1328 1049 1397 1076 ἔστω
1411 1050 1441 1076 τὸ
1451 1049 1481 1083 ἐξ
1492 1051 1617 1086 οὐρανοῦ,
1631 1051 1679 1077 καὶ
1693 1051 1787 1084 δεξιῶν
1800 1052 1888 1087 ἔργων

1097 1095 1248 1130 βραδευτὴς
1265 1097 1279 1122 ὸ
1296 1096 1386 1131 νόμος.
1403 1097 1504 1132 Ἕργου
1515 1097 1570 1133 γὰρ
1578 1097 1611 1132 δὴ
1627 1097 1760 1134 σύμϐολον
1774 1099 1791 1134 ὴ
1810 1099 1870 1133 χείρ
1881 1106 1887 1112 ·

1096 1141 1130 1166 τὰ
1144 1140 1173 1167 δὲ
1186 1143 1324 1175 συννόμως
1337 1140 1464 1176 δρώμενα
1476 1142 1544 1177 πρὺς
1555 1143 1644 1178 ἡμῶν,
1655 1143 1763 1175 πάντως
1776 1152 1829 1170 που
1843 1145 1888 1170 καὶ

1096 1187 1297 1222 ἀνεπίπληκτα,
1317 1188 1364 1213 καὶ
1379 1188 1410 1214 τὸ
1426 1189 1454 1214 ὲν
1478 1188 1624 1223 φαυλότητι
1641 1189 1732 1216 σκαιὸν
1752 1190 1804 1216 οὐκ
1820 1189 1886 1224 ἔχει.

1102 1233 1282 1268 Ἐμεγάλυνον
1298 1231 1345 1260 οὖν
1364 1233 1388 1260 οἱ
1409 1234 1549 1269 Φαρισαῖοι
1564 1234 1597 1261 τὰ
1615 1235 1756 1269 κράσπεδα
1784 1236 1885 1267 αὐτῶν,

1095 1279 1141 1306 καὶ
1164 1279 1311 1306 ἐπλάτυνον
1331 1279 1366 1306 τὰ
1388 1280 1563 1317 φυλακτήρια
1580 1281 1679 1315 αὐτῶν,
1697 1284 1835 1314 τουτέστι,
1855 1283 1887 1310 ri

1093 1325 1142 1358 τῆς
1157 1325 1246 1358 δεξιᾶ-ς
1258 1326 1442 1362 ἀπηρτημένα
1455 1327 1545 1355 eam
1556 1337 1562 1343 -
1576 1328 1645 1364 πλὴν
1661 1329 1795 1363 ὲγελῶντο
1811 1330 1885 1365 παραὶ

1093 1370 1222 1406 Χριστοῦ,
1241 1373 1280 1403 εἰς
1299 1372 1448 1406 φιλοδοξίας
1471 1374 1609 1410 ἀφορμὴν,
1622 1374 1669 1401 καὶ
1684 1375 1733 1401 οὐκ
1759 1376 1799 1407 εἰς
1820 1377 1885 1402 ἀνά-

1094 1426 1192 1453 μνησιν
1206 1418 1252 1444 τοῦ
1275 1419 1358 1454 νόμου
1374 1419 1404 1446 τὸ
1426 1420 1520 1456 χρῆμα
1538 1421 1703 1456 ποιούμενοι.
1721 1423 1817 1449 Ἔστιν
1839 1420 1885 1450 οὖν

1093 1461 1148 1496 ἄρα
1165 1461 1213 1488 καὶ
1223 1462 1344 1497 ἐννόμως
1356 1464 1479 1499 ἁνομεῖν,
1494 1466 1518 1491 ει
1534 1466 1570 1500 μή
1588 1475 1629 1497 τις
1640 1466 1726 1502 ὀρθῶς
1739 1467 1886 1504 ἀποχρῷτο

1092 1506 1131 1541 τῷ
1144 1507 1228 1542 νόμῳ.
1241 1508 1297 1534 Καὶ
1311 1508 1399 1540 τοῦτο,
1412 1507 1499 1545 οἶμαι,
1511 1511 1584 1538 ἐστὶν
1597 1512 1664 1547 ὅπερ
1676 1512 1727 1548 ἔφη
1745 1513 1882 1548 Σολομῶν·

1096 1563 1105 1578 ι
1124 1553 1180 1580 ἐστι
1206 1553 1308 1585 δίκαιος
1327 1555 1512 1591 ἀπολλύμενος
1532 1558 1562 1584 ἐν
1574 1558 1671 1593 δικαίῳ
1687 1559 1782 1586 αὑτοῦ.
1800 1569 1810 1586 ι
1829 1561 1885 1586 Κα-

1093 1599 1264 1633 ταγραπτέον
1279 1598 1325 1626 οὖν
1336 1600 1390 1636 ἄρα
1407 1601 1455 1636 τὴν
1476 1602 1551 1629 θείαν
1569 1603 1679 1639 ἐντολὴν
1696 1605 1736 1636 είς
1757 1604 1821 1631 νοῦν
1838 1605 1885 1632 καί

1093 1645 1215 1680 καρδίαν,
1233 1647 1279 1673 καὶ
1302 1647 1351 1683 τήν
1366 1656 1397 1681 γε
1417 1649 1464 1675 τοῦ
1485 1649 1647 1685 πράγματος
1663 1651 1756 1686 ὄνησιν
1779 1652 1882 1687 ἐναργῆ

1092 1691 1224 1723 καθιστὰς
1243 1694 1257 1719 ὁ
1276 1692 1348 1724 Gaio;
1368 1693 1419 1729 ἔφη
1444 1695 1526 1721 Δαῦὶδ
1552 1696 1615 1731 περὶ
1634 1696 1737 1723 δικαίου
1762 1698 1879 1729 παντός·

1094 1745 1103 1761 ι
1128 1737 1157 1762 '0
1177 1737 1258 1772 νόμος
1272 1738 1319 1764 τοῦ
1333 1739 1400 1765 Θεοῦ
1419 1740 1501 1766 αὐτοῦ
1517 1741 1545 1766 ὲν
1558 1742 1590 1776 τῇ
1610 1742 1708 1778 καρδίᾳ
1720 1742 1816 1774 αὐτοῦ,
1835 1743 1881 1770 καὶ

1090 1782 1139 1817 οὐχ
1157 1783 1418 1820 ὑποσκελισοήσεται
1438 1786 1472 1812 τὰ.
1487 1786 1642 1822 διαδήματα
1656 1788 1749 1815 αὑτοῦ.
1769 1799 1779 1815 ι
1801 1790 1880 1817 Ἔστι

1090 1828 1154 1863 γὰρ,
1165 1827 1252 1864 οἶμαι,
1265 1831 1310 1856 καὶ
1328 1831 1400 1866 μάλα
1416 1832 1511 1866 σαφὲς,
1531 1833 1567 1864 ὡς
1583 1833 1636 1869 ὅτῳ
1654 1843 1704 1871 περ
1727 1835 1759 1862 ἂν
1775 1836 1789 1862 ὁ
1810 1836 1880 1868 θεῖος

1089 1875 1128 1906 εἰς
1146 1874 1207 1901 νοῦν
1224 1876 1340 1912 ὑπάρχει
1357 1876 1449 1911 νόμος,
1468 1878 1617 1913 προσέσται
1633 1888 1683 1906 που
1707 1880 1820 1913 πάντως
1835 1885 1881 1908 καὶ

1088 1919 1118 1946 τὸ
1134 1920 1291 1956 ὲρηρεῖσθαι
1310 1922 1411 1956 καλῶς,
1429 1923 1477 1949 καὶ
1488 1924 1518 1950 τὸ
1535 1925 1564 1951 ἐν
1579 1924 1681 1961 βεϐαίῳ
1704 1927 1813 1954 κεῖσθαι
1832 1929 1879 1963 τῆς

1089 1967 1198 2002 ἀρετῆς.

1085 2018 1090 2034 I

1121 2090 1225 2119 HAAA.
1241 2087 1304 2118 Ὧδε
1322 2091 1386 2127 ἔχει.

1120 2136 1201 2163 ΚΥΡ.
1219 2137 1322 2164 Οὐκοῦν
1346 2139 1362 2173 ἡ
1382 2140 1474 2175 μακρὰ
1497 2141 1544 2167 καὶ
1569 2141 1694 2179 διηνεκὴς
1719 2142 1768 2170 τοῦ
1792 2145 1876 2178 νόμω

1086 2181 1240 2216 μελέτησις,
1258 2183 1420 2219 ἀποκομίξει
1446 2185 1514 2221 πρὸς
1533 2187 1562 2213 τὺ
1589 2188 1664 2220 εὐοῖ),
1689 2189 1769 2216 τοῦτο
1795 2190 1818 2216 δ’
1843 2191 1877 2218 ἂν

1085 2227 1127 2262 εἴη
1145 2227 1184 2262 τῷ
1206 2228 1266 2264 θεῷ
1280 2229 1385 2262 δοκοῦν,
1401 2230 1476 2258 eam
1498 2231 1591 2269 ὥσπερ
1612 2234 1673 2261 τινὰ
1692 2235 1741 2262 καὶ
1760 2237 1876 2272 όμέχλην

1084 2273 1133 2309 τῆς
1149 2273 1294 2309 ἀνθρώπου
1308 2275 1435 2309 διανοίας,
1450 2277 1498 2313 τὴν
1514 2278 1598 2314 λήθην
1613 2280 1805 2315 ἐκπέμπουσα.
1820 2283 1875 2309 Καὶ

1084 2319 1115 2345 οὺ
1132 2319 1213 2355 μέχρι
1227 2320 1330 2348 τούτων
1347 2323 1360 2348 ὁ
1376 2323 1534 2359 νομοθέτης,
1556 2324 1624 2351 ἀλλά
1648 2335 1674 2352 τι
1699 2327 1746 2353 καὶ
1763 2328 1874 2362 ἀμεινον

1085 2366 1282 2401 προσεπινοῶν,
1303 2367 1399 2404 δέλεαρ
1415 2368 1511 2406 ὥσπερ
1521 2379 1557 2404 τι,
1571 2371 1620 2406 τῆς
1634 2371 1663 2397 ἔν
1678 2380 1708 2406 γε
1725 2372 1764 2407 τῷ
1773 2374 1873 2409 χρῆναι

1086 2413 1172 2439 ποιεῖν
1192 2413 1358 2449 προθυμίας,
1382 2414 1475 2441 ἐλπίδα
1501 2418 1628 2448 ποιεῖται,
1650 2417 1698 2454 τὴν
1719 2419 1762 2453 ἐφ’
1787 2419 1872 2447 ἅπασι

1084 2458 1141 2489 τοῖς
1151 2458 1362 2491 εὐκταιοτάτοις.
1382 2461 1453 2495 Ἔφη
1470 2461 1523 2498 γὰρ
1540 2462 1636 2489 πάλιν·
1658 2472 1666 2488 ι
1694 2463 1757 2490 Ἐὰν
1771 2465 1801 2491 ὲν
1816 2467 1873 2496 τοτξ

1084 2504 1277 2540 προστάγμασί
1286 2514 1335 2541 μου
1346 2505 1510 2541 πορεύησθε,
1522 2507 1569 2534 καὶ
1578 2508 1627 2540 τὰς
1635 2510 1745 2541 ἐντολάς
1753 2517 1805 2545 μου
1822 2520 1872 2545 φυ-

1082 2548 1209 2585 λάξησθε,
1230 2550 1276 2577 καὶ
1292 2551 1423 2587 ποιήσητε
1440 2552 1533 2586 αὑτὰς,
1553 2554 1631 2581 δώσω
1648 2555 1692 2582 τὸν
1712 2555 1789 2582 ὑετὸν
1807 2558 1872 2592 ὑμῖν

1082 2595 1112 2620 ὲν
1127 2595 1167 2631 τῷ
1187 2596 1275 2632 καιρῷ
1298 2598 1391 2632 αὐτοῦ,
1414 2601 1490 2636 καὶὴ
1511 2601 1545 2636 γῆ
1563 2600 1643 2628 δώσει
1660 2602 1695 2628 τὰ
1711 2603 1870 2638 γεννήματα

1079 2641 1174 2676 αὐτῆς,
1193 2643 1240 2669 καὶ
1252 2643 1286 2670 τὰ
1301 2643 1367 2678 ξύλα
1378 2645 1433 2672 τῶν
1445 2642 1544 2673 πεδ’ίων
1556 2647 1690 2675 ἀποδώσει
1705 2649 1751 2676 τὸν
1766 2649 1870 2686 καρπόν

1080 2687 1179 2715 αὐτῶν.
1198 2688 1252 2716 Καὶ
1266 2690 1450 2727 καταλήψεται
1470 2693 1534 2728 ὑμῖν
1547 2695 1561 2721 ὁ
1577 2694 1690 2730 ἀλοητδς
1704 2695 1750 2723 τὸν
1764 2705 1870 2733 τρυγη-

1079 2734 1136 2767 τὸν,
1161 2736 1208 2762 καὶ
1223 2737 1238 2762 ὁ
1253 2738 1387 2773 τρυγητδς
1410 2740 1597 2776 καταλήψεται
1619 2742 1664 2769 τὸν
1690 2743 1802 2778 σπόρον,
1823 2744 1869 2770 καὶ

1080 2782 1200 2815 φάγεσοε
1217 2782 1260 2809 τὸν
1277 2784 1357 2819 ἄρτον
1374 2786 1449 2820 ὑμῶν
1461 2787 1499 2818 εἰς
1517 2788 1686 2824 alacer/tv,
1711 2790 1758 2816 καὶ
1777 2798 1867 2818 κατοιε

285 2863 402 2893 "Matth
426 2875 500 2902 χχιιι,
519 2869 544 2898 5.
564 2869 586 2885 ’³
607 2871 680 2899 Eccl.
695 2879 742 2905 vn,
755 2870 797 2898 16.
837 2871 860 2887 ⁸⁸
873 2873 942 2900 Psal.
965 2881 1053 2904 xxxvi.
1067 2875 1112 2902 5i.
