1939 3041
269 153 320 180 487

782 150 811 178 S.
831 149 967 178 CYRILLI
988 149 1224 177 ALEXANDRINI
1245 148 1403 176 ARClllEP.

1858 145 1908 173 ιεε

269 209 417 238 alienosad
429 209 477 238 Dei
489 214 666 244 conspectum
681 216 774 236 ventre
791 208 880 242 decet,
898 209 1052 237 instituenti

1112 208 1192 234 οἱονεὶ
1203 216 1261 239 πως
1273 208 1312 238 εις
1325 206 1386 241 ὄψιν
1401 206 1469 232 ἰέναι
1483 205 1581 241 πρέπει
1596 204 1674 237 θεοῦ,
1691 202 1908 237 παιδαγωγοῦν-

270 263 322 284 nos
336 255 371 283 ad
385 263 446 283 eam
466 262 524 282 rem
538 255 608 290 lege,
629 259 660 282 ut
670 260 744 282 certe
761 255 866 290 Moyses
881 259 988 282 veteres
1001 255 1061 282 illos

270 301 431 330 instituebat
447 310 454 327 :
465 308 528 329 nam
541 301 587 328 illa
600 300 694 337 ﬁgurae
705 306 784 329 erant
796 302 936 328 veriorum
954 309 1059 328 rerum.

269 346 370 381 lllaque
381 354 431 381 per
444 346 676 382 sapientissimum
687 346 777 374 virum
790 346 901 382 Moysen
912 346 1060 378 institutio,

269 393 441 428 disciplinam
457 392 525 428 legis
539 392 573 420 ad
591 392 732 420 Christum
752 393 943 428 perducentis,
963 393 1061 428 priscis

270 438 428 466 hominibus
445 437 588 473 ﬁgurabat.
606 437 647 465 Ad
660 438 717 465 haec
733 437 801 465 illud
816 446 923 473 quoque
935 437 1060 465 animad-

271 484 396 512 versione
411 484 523 519 (tignum
539 488 592 516 est,
607 491 708 511 munus
719 483 793 511 enim
811 491 842 511 ac
855 491 972 519 persona
990 484 1059 518 ejus,

267 530 316 565 qui
333 530 478 557 instituere
490 530 598 562 debeat,
617 529 645 556 in
657 529 740 565 Moysi
754 537 871 564 persona
886 530 988 564 optime
1001 537 1061 556 ser-

268 581 350 603 vatur
366 584 373 602 :
393 583 482 611 neque
497 576 570 603 enim
591 575 625 602 ad
647 583 676 603 se
694 575 835 610 populum,
859 575 907 602 sed
924 575 958 602 ad
974 575 1059 602 Deum

269 626 399 656 tanquam
415 620 448 648 ad
464 621 647 656 legislatorem
661 625 689 648 et
702 621 854 652 doctorem,
869 629 901 648 ac
914 629 1005 648 rerum
1019 621 1060 648 fa—

269 665 429 694 ciendarum
441 670 582 693 auctorem
593 665 717 692 adduxit.
731 665 787 693 Lex
799 673 918 701 quoque,
937 674 997 701 qua:
1011 674 1060 700 per

268 711 388 739 litteram
400 711 570 744 instituebat,
584 719 639 738 non
655 711 688 738 ad
704 719 734 738 se
746 719 795 738 nos
810 711 948 746 perduxit,
967 712 1013 740 sed
1026 711 1060 739 ad

268 757 355 785 Deum
369 757 499 790 Verbum,
517 758 565 792 qui
584 762 697 792 propter
715 765 766 784 nos
782 757 951 785 descendite
971 758 1058 786 cadis.

268 803 340 830 Num
352 803 402 831 tibi
413 810 540 830 verarum
555 802 795 838 intelligentiarum
808 804 920 839 vestigia
933 804 1059 839 persequi
1073 824 1076 826 .

269 853 363 876 nostra
378 849 488 877 videtur
504 849 611 877 oratio?

303 943 402 971 PALL.
417 944 533 971 Maxime
553 952 628 972 vero.

303 989 380 1017 ΟΥΕ.
403 990 542 1025 Scriptum
557 995 600 1018 est
616 989 700 1025 igitur
720 998 726 1016 :
752 999 760 1015 ι
786 989 820 1017 Et
838 989 934 1016 eduxit
955 989 1059 1024 Moyses

268 1037 398 1072 populum
411 1036 438 1064 in
450 1044 596 1064 occursum
609 1036 657 1063 Dei
669 1044 684 1063 e
694 1037 806 1069 castris;
821 1041 849 1063 et
861 1041 996 1064 steterunt
1007 1036 1058 1064 sub

267 1086 360 1109 monte
382 1081 456 1110 Sina.
479 1082 556 1109 Mons
578 1085 670 1109 autem
690 1081 755 1109 Sina
777 1086 851 1109 totus
871 1081 1004 1114 fumabat,
1024 1089 1058 1109 eo

266 1127 339 1162 quod
355 1126 540 1155 descendisset
567 1127 699 1154 Dominus
721 1135 803 1162 super
830 1128 919 1162 ipsum
939 1127 966 1154 in
978 1127 1056 1162 igne:

266 1177 294 1200 et
310 1173 477 1201 ascendebat
495 1173 586 1200 fumus
613 1178 743 1208 tanquam
763 1174 854 1201 l‘mnus
875 1174 1015 1201 fornacis:
1030 1179 1058 1202 et

265 1218 414 1246 exterritus
429 1223 472 1246 est
501 1218 590 1246 omnis
616 1219 733 1253 populus
743 1219 821 1246 valde
834 1228 839 1246 2
853 1219 954 1246 ﬁebant
966 1224 1057 1246 autem

265 1272 347 1292 voces
362 1265 434 1293 tubae
452 1265 632 1300 procedentes
647 1264 776 1292 fortiores
793 1265 880 1292 valde.
902 1265 1007 1301 Moyses
1018 1265 1058 1292 lo-

265 1310 415 1344 quebatur;
431 1309 504 1337 Deus
523 1308 706 1344 respondebat
726 1309 764 1336 illi
783 1317 848 1336 voce
869 1310 902 1336 ‘5.
928 1319 936 1335 ι
960 1310 1055 1345 Igitur,

265 1355 339 1390 quod
351 1355 378 1382 in
393 1359 486 1382 monte
500 1355 644 1382 descendit
658 1355 740 1387 Deus,
761 1355 868 1390 signum
881 1356 1056 1390 perspicuum

264 1408 325 1429 esse
346 1401 457 1436 poterit,
485 1409 540 1428 non
566 1400 642 1427 illum
668 1401 702 1428 ad
726 1406 832 1428 mentes
858 1401 1057 1436 abjcetissimas

264 1447 375 1479 venire;
411 1454 501 1481 neque
534 1454 597 1474 cum
633 1446 687 1474 illis
714 1446 840 1474 habitare
871 1447 975 1480 solere,
1008 1448 1055 1483 qui

264 1498 399 1525 terrenos,
425 1496 454 1520 et
475 1493 552 1520 humi
577 1492 698 1528 abjectos
721 1493 826 1520 animos
849 1493 983 1528 habeant;
1007 1495 1055 1522 sed

1076 879 1095 906 Β

1112 263 1157 286 τος
1171 255 1246 290 ἡμᾶς
1263 255 1302 285 εἰς
1315 253 1394 280 τοῦτο
1413 252 1460 279 τοῦ
1476 252 1570 287 νόμου,
1592 251 1717 287 καθάπερ
1741 249 1845 285 ἀμέλει
1864 250 1909 275 καὶ

1111 300 1174 332 τοὺς
1191 300 1274 327 πάλαι
1286 300 1399 334 Μωσῆς·
1418 299 1497 326 τύποι
1510 299 1564 334 γὰρ
1579 295 1649 334 ἦσαν
1659 299 1752 324 ἐκεῖνα
1767 296 1824 324 τῶν
1843 297 1910 331 an,

1111 347 1256 382 θεστέρων.
1281 346 1336 372 Καὶ
1351 347 1368 380 ἡ
1382 345 1425 372 διὰ
1447 344 1494 371 τοῦ
1512 344 1652 377 πανσόφου
1667 342 1792 374 Μωσέως
1808 342 1910 368 παιδα-

1110 394 1210 427 γωγία,
1228 393 1277 428 τὴν
1293 392 1338 419 διὰ
1359 391 1406 418 τοῦ
1425 391 1509 426 νόμου
1527 390 1668 417 παίδευσιν
1685 388 1909 424 ἀποκομίζοντος

1110 440 1149 471 εἰς
1165 439 1293 475 Χριστὸν,
1307 438 1445 465 ὑπετύπου
1459 438 1515 468 τοῖς
1527 435 1722 471 ἀρχαιοτέροις.
1742 435 1908 470 Ἐπιτηρεῑν

1110 484 1138 510 δὲ
1155 484 1224 520 πρὸς
1241 483 1345 515 τούτοις
1361 483 1435 516 ἄξιον
1449 482 1560 509 κακεῖνο
1577 479 1654 516 οἶμαι
1668 488 1730 507 που.
1743 480 1780 506 Τὸ
1794 479 1854 515 γάρ
1868 488 1908 505 τοι

1110 530 1205 566 χρῆμά
1216 538 1246 556 τε
1263 530 1309 556 καὶ
1324 529 1469 564 πρόσωπον
1484 527 1531 554 τοῦ
1544 527 1726 561 παιδαγωγεῖν
1735 526 1907 560 ὀφείλοντος,

1110 576 1138 603 ἔν
1148 585 1179 610 γε
1195 576 1233 611 τῷ
1246 575 1368 607 Μωσέως
1377 573 1515 610 προσώπῳ
1527 574 1675 609 ίεετὴρηται
1687 572 1788 603 καλῶς·
1803 571 1833 597 οὖ
1853 570 1909 606 γὰρ

1110 621 1200 656 ἑαυτῷ
1213 621 1394 656 παρέστησεν,
1410 619 1477 646 ἀλλὰ
1496 618 1555 654 Θεῷ
1576 618 1622 644 τὸν
1641 617 1715 650 λαδν,
1735 616 1821 643 οἱονεί
1850 625 1908 647 πως

1111 666 1263 702 θεσμοθέτῃ
1283 666 1330 693 καὶ
1349 664 1502 700 διδασκάλῳ
1527 663 1574 690 καὶ
1601 662 1654 689 τῶν
1678 662 1825 697 πρακτέων
1850 661 1909 686 εἰσ-

1110 714 1210 748 ηγητῇ.
1227 711 1413 748 Προσεκόμιζε
1427 711 1454 737 δὲ
1469 710 1517 736 καὶ
1531 710 1604 745 ἡμᾶς
1625 709 1674 744 οὐχ
1691 707 1779 743 ἑαυτῷ
1793 707 1840 733 διὰ
1859 706 1907 733 τοῦ

1110 759 1274 794 γράμματος
1296 757 1470 794 παιδαγωγὸς
1495 755 1533 783 ὢν
1552 756 1566 782 ὁ
1592 754 1684 789 νόμος,
1709 754 1778 780 ἀλλὰ
1805 753 1846 788 τῷ
1874 753 1906 778 δι’

1109 804 1185 839 ἡμᾶς
1202 804 1230 837 ἐξ
1248 803 1362 838 οὐρανοῦ
1387 802 1618 836 καταφοιτήσαντι
1638 800 1696 835 Θεῷ
1713 800 1805 834 Λόγῳ.
1828 797 1907 834 ’Λρά

1111 859 1152 877 σοι
1169 851 1228 877 κατ’
1241 850 1314 885 ἴχνος
1326 849 1379 876 τῶν
1390 849 1440 884 τῆς
1453 847 1581 884 ἀληθείας
1595 846 1704 874 ἐννοιῶν
1715 846 1729 872 ὁ
1744 846 1824 880 λόγος
1837 846 1907 880 ἡμῖν

1111 897 1180 923 ἰέναι
1191 897 1263 923 δοκεῖ
1273 905 1280 928 ;

1144 942 1248 968 ΠΑΔΛ.
1260 942 1334 968 Πάνυ
1349 940 1398 976 μὲν
1414 938 1469 968 οὖν.

1143 988 1225 1015 ΚΥΡ.
1238 987 1394 1023 Γέγραπται
1407 987 1507 1018 τοίνυν,
1520 986 1561 1012 ὅτι
1576 995 1584 1011 ι
1598 985 1652 1011 Καὶ
1663 984 1781 1020 ἐξήγαγε
1795 983 1904 1018 Μωσῆς

1108 1032 1152 1060 τὸν
1166 1033 1229 1059 λαὸν
1240 1034 1279 1066 εἰς
1293 1033 1453 1068 συνάντησιν
1464 1032 1510 1058 τοῦ
1519 1031 1598 1064 Θεοῦ,
1607 1033 1639 1058 ὲκ
1650 1031 1700 1067 τῆς
1709 1031 1903 1067 παρεμϐολῆς.

1109 1079 1156 1106 καὶ
1170 1080 1346 1115 παρέστησαν
1363 1079 1415 1106 ὑπὸ
1432 1079 1462 1105 τὸ
1479 1078 1541 1114 ὄρος
1558 1078 1588 1104 τὺ
1604 1078 1678 1105 Σινᾶ.
1692 1077 1728 1104 Τὸ
1747 1078 1776 1104 δὲ
1793 1077 1859 1113 ὅρος
1875 1077 1904 1102 τὸ

1109 1125 1174 1151 Σινᾶ
1193 1123 1354 1156 ἐκαπνίζετο
1369 1124 1428 1150 ὅλον
1450 1123 1494 1150 διὰ
1515 1122 1546 1149 τὸ
1561 1123 1778 1158 καταδεὸηκέναι
1798 1122 1904 1157 Κύριον

1109 1169 1152 1195 ἐπ’
1167 1169 1250 1196 αὑτοῦ
1262 1170 1289 1195 ἐν
1304 1168 1382 1204 πυρὶ,
1393 1168 1440 1195 καὶ
1452 1168 1592 1196 ἀνέϐαινεν
1602 1168 1616 1194 ό
1631 1167 1732 1199 καπνὸς
1743 1167 1781 1199 ὡς
1796 1167 1904 1198 καπνὸς

1109 1215 1224 1251 καμίνου
1237 1223 1244 1230 '
1260 1215 1306 1242 ml
1323 1215 1418 1250 ἐξέστη
1442 1215 1494 1246 πᾶς
1513 1215 1527 1240 ὁ
1550 1214 1613 1245 λαὸς
1637 1214 1738 1249 σφόδρα
1749 1223 1756 1229 ·
1773 1214 1903 1249 ἐγένοντο

1107 1261 1135 1287 δὲ
1147 1262 1173 1287 αἱ
1195 1261 1281 1296 φωναὶ
1292 1262 1340 1296 τῆς
1352 1260 1500 1294 σάλπιγγος
1516 1259 1709 1295 προδαὶνουσαι
1724 1260 1903 1295 ἰσχυρότεραι

1109 1307 1220 1342 σφόδρα.
1242 1307 1344 1342 Μωσῆς
1364 1307 1469 1333 ἐλάλει·
1485 1307 1499 1333 ὁ
1512 1306 1539 1332 δὲ
1562 1306 1629 1338 Θεὺς
1646 1306 1809 1341 ἅπεκρῖνετο
1827 1305 1903 1340 αὑτῷ

1108 1355 1194 1389 φωνῇ,
1227 1363 1235 1378 ι
1264 1353 1300 1379 Τὸ
1321 1353 1371 1388 μὲν
1395 1351 1441 1379 οὖν
1460 1353 1489 1378 ἐν
1517 1351 1574 1387 ὄρει
1597 1351 1798 1386 καταφοιτῆσαι
1821 1351 1900 1383 Θεὲν,

1109 1401 1222 1435 σημεῖον
1238 1399 1270 1426 ἂν
1285 1399 1389 1434 γένοιτο
1414 1399 1461 1426 καὶ
1488 1398 1560 1434 μάλα
1584 1398 1678 1432 σαφὲς,
1697 1398 1743 1425 τοῦ
1766 1398 1902 1429 διανοίαις

1107 1447 1188 1473 αὑτὸν
1209 1447 1239 1473 οὐ
1259 1445 1489 1481 χθαμαλωτάταις
1503 1447 1656 1481 ὲπιφοιτᾷν,
1671 1445 1731 1472 οὕτε
1751 1445 1806 1481 μὴν
1823 1446 1891 1472 ὲναι)

1107 1490 1228 1524 λῐζεσθαι
1243 1491 1330 1526 φιλεῖν
1347 1493 1403 1523 τοῖς
1414 1491 1513 1526 γεῶδες
1535 1491 1626 1527 ἔχουσι
1648 1491 1694 1518 καὶ
1711 1491 1900 1528 χαμαιῤῥιιρὲς

265 1545 327 1566 cum
344 1545 388 1571 eo,
408 1539 487 1574 cujus
509 1539 616 1566 animus
641 1538 669 1565 in
692 1538 809 1566 sublime
831 1540 1007 1572 conscendat,
1029 1545 1052 1568 et

1106 1538 1135 1564 τὺ
1148 1537 1284 1573 φρόνημα,
1301 1537 1358 1563 ἀλλ’
1371 1538 1424 1572 ὅτῳ
1437 1546 1488 1573 περ
1499 1537 1532 1564 ἂν
1546 1539 1559 1565 ὁ
1571 1537 1814 1573 νοῦςάναθρώσκοι
1830 1538 1901 1573 πρὸς

263 1584 342 1619 quasi
355 1584 486 1611 verticem
499 1584 636 1611 excelsum
651 1589 756 1616 tenens,
779 1584 897 1612 humana
911 1585 1053 1620 despiciat,

264 1629 344 1664 223
357 1634 384 1657 et
395 1637 427 1656 ea
439 1630 506 1661 sola,
519 1638 580 1664 quae
592 1629 639 1656 Dei
657 1635 731 1662 sunt,
747 1633 861 1664 spectet.
878 1629 964 1657 Aliam
983 1639 1053 1666 quo-

263 1683 317 1710 que
327 1675 665 1710 signiﬁcationemhabere
681 1679 781 1710 potest,
795 1675 941 1703 sublimem
955 1685 1053 1712 nempe.

263 1729 324 1750 esse
336 1721 383 1749 Dei
397 1722 592 1757 cognitionem,
605 1725 630 1748 el
645 1726 738 1748 nostra
756 1721 913 1749 conditione
926 1724 1052 1757 superio-

263 1776 332 1801 rem,
350 1771 384 1796 ab
402 1768 437 1796 iis
455 1767 597 1799 duntaxat,
612 1770 640 1794 et
658 1767 768 1801 quidem
791 1775 824 1795 ex
844 1773 931 1802 parte,
948 1769 1052 1803 percipi

262 1820 354 1847 posse,
369 1812 415 1848 qui
437 1820 487 1847 per
504 1811 632 1839 sublimia
650 1811 743 1838 volare
765 1813 936 1846 studuerint;
959 1823 966 1838 ι
982 1814 1052 1842 Pulli

262 1865 382 1892 namque
402 1858 521 1884 vulturis
537 1865 586 1892 per
603 1857 730 1884 sublimia
746 1858 839 1885 volant
853 1859 886 1890 '9,
908 1868 916 1884 ι
935 1863 964 1886 ut
982 1861 1051 1887 seri-

261 1907 340 1938 ptum
357 1907 409 1931 est.
432 1903 519 1930 Simul
540 1903 661 1939 intellige
682 1904 779 1937 Deum,
793 1912 856 1931 eum
874 1908 994 1932 veterem
1014 1906 1053 1933 le-

262 1957 322 1984 gem
336 1949 435 1984 priscis
451 1949 505 1976 illis
523 1949 683 1977 hominibus
699 1949 794 1982 ferret,
809 1950 983 1978 descendisse
997 1961 1051 1980 non

263 1994 310 2021 ubi
327 1994 445 2028 populus
465 1998 535 2027 erat,
550 1995 598 2022 sed
618 1994 646 2022 in
667 1995 812 2024 sublimem
828 1997 929 2029 locum,
948 2002 975 2024 et
988 1998 1050 2033 qui-

262 2040 324 2067 dem
336 2040 442 2074 procul.
458 2041 621 2069 Recesserat
633 2042 706 2069 enim
725 2049 740 2069 a
761 2042 841 2077 longe
861 2042 961 2075 adhuc,
973 2044 1050 2079 juxta

262 2085 406 2112 Psallentis
418 2093 512 2112 vocem
524 2086 556 2117 ‘°,
574 2093 636 2113 cum
652 2086 696 2113 ille
710 2086 872 2122 Unigcnitus
882 2087 1003 2114 nondum
1017 2088 1050 2115 ad

260 2140 312 2159 nos
325 2140 374 2166 per
390 2139 499 2159 carnem
518 2132 689 2164 accessisset,
704 2139 794 2166 neque
809 2140 837 2159 se
861 2132 895 2159 ad
910 2133 983 2160 illam
1001 2142 1048 2160 ex-

261 2178 440 2206 inanitionem
454 2178 623 2212 demisisset;
638 2186 727 2213 neque
739 2178 812 2206 enim
825 2178 923 2214 priscis
935 2179 1048 2212 illis,sed

260 2224 340 2252 nobis
360 2224 427 2259 ipsis
446 2224 500 2252 hoc
519 2224 678 2260 mysterium
695 2228 737 2251 est
756 2229 924 2252 reservatum
941 2225 1049 2253 :faetus

259 2273 301 2297 est
313 2270 388 2297 enim
403 2269 474 2297 inter
489 2277 550 2301 nos,
564 2273 696 2304 quantum
713 2269 810 2296 attinet
826 2270 859 2297 ad
877 2270 950 2297 illam
967 2278 1046 2305 aspe-

259 2315 388 2343 ctabilem
406 2315 530 2351 gloriam.
544 2315 695 2342 divinitatis
711 2314 878 2342 sublimitate
894 2315 1002 2348 relicta;
1015 2323 1047 2343 ac

259 2365 384 2390 versatus
396 2366 438 2388 est
452 2361 610 2394 nobiscum,
622 2365 651 2389 ut
669 2369 740 2388 unus
755 2369 770 2388 e
787 2361 875 2388 nobis.
894 2361 966 2397 Ignis
983 2369 1046 2389 vero

259 2407 350 2443 specie
372 2407 515 2435 descendit
533 2407 605 2434 Deus
625 2414 633 2434 :
650 2407 794 2442 oportebat
815 2407 890 2434 enim
911 2409 1044 2442 profecto,

262 2458 302 2486 ut,
312 2453 360 2488 qui
378 2452 520 2480 coactione
542 2460 573 2479 ac
591 2452 650 2487 lege
667 2452 779 2488 regendi
795 2457 884 2485 erant,
897 2458 972 2480 certo
990 2453 1044 2480 sci-

259 2502 320 2525 rent
341 2497 364 2525 si
387 2496 422 2524 ad
446 2496 581 2532 ignaviam
606 2497 744 2524 declinare
767 2497 883 2529 vellent,
907 2498 960 2525 sibi
982 2506 1045 2525 cum

258 2544 313 2579 igni
335 2543 469 2570 rationem
489 2542 619 2570 futuram.
638 2543 732 2578 Neque
750 2543 823 2570 enim
841 2551 875 2570 ex
892 2543 1044 2571 voluntaria

257 2590 414 2623 dilectione,
432 2593 460 2616 et
478 2590 621 2624 spontanei
643 2589 726 2616 animi
750 2590 897 2617 momentis
914 2598 929 2616 a
948 2590 1045 2625 priscis

257 2636 312 2664 illis
323 2635 482 2663 hominibus
492 2635 539 2663 Dei
554 2643 631 2663 amor
645 2635 840 2670 praestabatur;
859 2636 906 2664 sed
920 2636 998 2671 quasi
1011 2644 1044 2663 ex

256 2681 397 2708 coactione
414 2689 446 2708 ac
459 2681 557 2708 timore
571 2690 577 2707 :
591 2689 654 2708 nam
673 2688 762 2716 neque
776 2681 844 2708 liber
859 2682 972 2716 spiritus
991 2682 1045 2709 illis

257 2729 354 2759 inerat,
374 2735 463 2762 neque
489 2727 654 2762 adoptionis,
673 2727 721 2754 sed
743 2727 886 2754 servitutis
910 2728 937 2754 in
963 2728 1043 2754 timo-

256 2782 323 2801 rem.
338 2773 469 2802 Fumabat
481 2780 612 2810 pra-terea
624 2782 712 2806 mons,
724 2782 757 2801 eo
771 2774 843 2808 quod
857 2774 1044 2801 descendisset

289 2868 311 2883 "
325 2868 409 2895 Exod.
425 2876 479 2901 xu,
497 2868 620 2895 1749.“
632 2868 683 2895 Job
697 2877 722 2900 ν,
749 2868 792 2894 Η.
829 2867 850 2882 ⁸⁸
867 2868 938 2896 Psal.
958 2876 995 2900 vt,
1011 2867 1038 2894 ι.

1066 2211 1087 2238 D

1105 1586 1135 1612 τὸ
1157 1585 1237 1620 ὑψοῦ,
1256 1585 1302 1612 καὶ
1324 1585 1406 1612 οἱονεὶ
1427 1586 1550 1621 κορυφὴν
1571 1585 1791 1621 ὕπερτὲλλουσαν
1815 1586 1899 1621 ἔχων,

1105 1632 1180 1659 κάτω
1195 1641 1245 1659 που
1262 1631 1356 1667 βλέπει
1366 1632 1401 1658 τὰ
1414 1632 1582 1668 ἀνθρώπινα,
1595 1632 1642 1658 καὶ
1655 1633 1722 1668 μόνα
1733 1633 1901 1666 φαντάζοιτο

1104 1679 1139 1705 τὰ
1150 1678 1226 1714 παρὰ
1235 1678 1303 1714 Θεῷ.
1321 1679 1534 1714 Κατασημήνειε
1545 1678 1568 1705 δ’
1579 1678 1612 1705 ἂν
1627 1678 1673 1705 καὶ
1684 1679 1798 1714 ἑτέρως.
1807 1678 1898 1714 Mmlh

1107 1725 1156 1760 μὲν
1171 1725 1213 1751 ὅτι
1223 1725 1271 1750 καὶ
1288 1725 1473 1759 ὑπερκειμένη
1487 1724 1541 1750 τῶν
1552 1724 1613 1750 καθ’
1627 1725 1701 1759 ἡμᾶς
1714 1725 1731 1760 ἡ
1748 1725 1816 1760 περὶ
1828 1723 1896 1750 Θεοῦ

1105 1770 1216 1804 γνῶσις,
1243 1770 1334 1805 μόνοις
1355 1769 1383 1796 δὲ
1406 1769 1476 1804 τάχα
1492 1777 1543 1796 που
1566 1768 1617 1795 κᾶν
1641 1768 1706 1803 γοῦν
1735 1769 1767 1794 ὲκ
1794 1768 1896 1804 μέρους

1103 1815 1242 1851 ἁλώσιμος
1270 1817 1326 1848 τοῖς
1345 1815 1378 1842 τὰ
1404 1814 1495 1850 ὑψηλὰ
1526 1814 1652 1842 πέτεσθαι
1678 1815 1896 1850 μεμελετηκόσι·

1106 1873 1115 1890 ι
1134 1864 1250 1890 Νεοσσοὶ
1261 1863 1314 1899 γὰρ
1330 1862 1417 1896 γυπὸς
1431 1861 1465 1888 τὰ
1480 1861 1570 1897 ὑψηλὰ
1588 1862 1729 1893 πέτανται,
1750 1871 1760 1888 ›
1778 1861 1852 1888 κατὰ
1868 1861 1897 1887 τὸ

1103 1910 1306 1946 γεγραμμένον.
1329 1909 1373 1936 Ἐν
1388 1908 1474 1944 τούτῳ
1491 1907 1520 1934 δὲ
1537 1907 1625 1940 σύνες,
1639 1908 1680 1934 ὅτι
1697 1907 1802 1942 κατέϐη
1829 1907 1896 1938 Θεὸς

1102 1956 1147 1982 τὸν
1159 1956 1272 1991 ἀρχαῖον
1287 1956 1342 1987 τοῖς
1357 1955 1441 1982 πάλαι
1454 1953 1578 1991 διορίζων
1588 1954 1679 1989 νόμον,
1694 1953 1744 1980 οὐκ
1761 1952 1827 1979 ἔνθα
1841 1961 1894 1987 περ

1102 1999 1135 2036 ἦν
1150 2003 1164 2028 ὁ
1180 2001 1253 2033 λαὸς,
1269 2000 1327 2027 ἀλλ’
1343 1999 1411 2035 ὑψοῦ
1429 2001 1476 2028 καὶ
1502 1999 1621 2036 μακράν.
1645 1999 1822 2034 ’Δφειστήκει
1838 1997 1893 2033 γὰρ

1104 2046 1242 2082 μακρόθεν
1255 2046 1294 2072 ἔτι
1309 2044 1379 2071 κατὰ
1397 2045 1447 2080 τὴν
1459 2045 1507 2072 τοῦ
1521 2044 1677 2074 Ψάλλοντος
1696 2043 1801 2078 φωνὴν,
1815 2042 1893 2087 οὗπερ

1101 2092 1242 2127 γεγονότος
1261 2091 1319 2127 μεθ’
1344 2091 1422 2126 ἡμῶν
1443 2090 1592 2126 σαρκικῶς,
1608 2089 1668 2116 οὔτε
1689 2088 1741 2124 μὴν
1760 2088 1892 2119 καθέντος

1101 2139 1195 2166 ἑαυτὸν
1219 2139 1259 2170 εἰς
1285 2137 1399 2164 κένωσιν
1420 2136 1467 2164 τοῦ
1492 2135 1676 2170 Μονογενοῦς·
1701 2135 1732 2165 οὐ
1760 2136 1815 2170 γὰρ
1836 2136 1892 2166 τοῖς

1101 2184 1298 2220 ἀρχαιοτέροις.
1323 2183 1379 2209 ἀλλ’
1402 2184 1442 2215 εἰς
1468 2183 1542 2218 ἡμᾶς
1566 2182 1664 2214 αὐτοὺς
1687 2182 1839 2216 τετήρηται
1861 2181 1893 2206 τὺ

1103 2229 1251 2264 μυστήριον
1261 2236 1268 2242 ·
1285 2229 1380 2263 γέγονε
1391 2228 1445 2264 γὰρ
1463 2228 1522 2264 μεθ’
1536 2228 1615 2263 ἡμῶν
1632 2228 1693 2254 ὅσον
1705 2224 1775 2262 ἧκεν
1789 2227 1890 2257 εξπεϊν,

1101 2276 1140 2306 εις
1157 2274 1235 2306 δόξαν
1256 2274 1462 2310 όφθαλμοφανῆ,
1478 2273 1512 2300 τὰ
1530 2274 1580 2309 τῆς
1601 2273 1728 2308 θεότητος
1753 2271 1890 2307 ὑψώματα

1102 2318 1303 2351 καταλελοιπώς
1316 2326 1324 2333 ’
1340 2318 1511 2345 ἐπολιτεύετο
1521 2319 1550 2345 δὲ
1567 2318 1626 2354 μεθ’
1642 2317 1731 2353 ἡμῶν,
1747 2318 1786 2349 ὡς
1804 2315 1845 2349 εἷς
1861 2318 1890 2349 ἐξ

1099 2365 1188 2401 ἡμῶν.
1208 2365 1251 2392 Ἐν
1263 2364 1329 2392 εἴδει
1345 2373 1376 2399 γε
1389 2365 1443 2400 μὴν
1452 2364 1497 2391 τοῦ
1512 2367 1598 2400 πυρὸς
1613 2363 1709 2398 κατῄει
1719 2363 1785 2394 Θεός
1797 2372 1805 2379 -
1824 2363 1888 2395 ἔδει,

1099 2413 1155 2443 τοῖς
1173 2411 1280 2446 ἀνάγκῃ
1293 2412 1340 2438 καὶ
1355 2411 1429 2446 νόμῳ
1443 2411 1506 2443 τοὺς
1525 2408 1758 2444 παιδαγωγεῖσθαι
1776 2409 1888 2445 μέλλον-

1099 2466 1158 2489 τας,
1177 2457 1218 2483 ὅτι
1242 2456 1312 2492 πρὸς
1330 2456 1385 2492 πῦρ
1404 2457 1495 2489 ἕξουσι
1519 2457 1582 2487 τοὺς
1606 2456 1712 2490 λόγους,
1735 2456 1760 2481 εἰ
1785 2455 1889 2482 ἕλοιντο

1101 2501 1244 2538 ῥᾳθυμεῖν,
1263 2501 1390 2534 διειδέναι
1409 2502 1512 2536 σαφῶς.
1529 2502 1566 2527 Οὑ
1581 2500 1636 2537 γὰρ
1659 2501 1688 2534 ἐξ
1712 2500 1826 2536 ἀγάπης
1840 2503 1888 2536 τῆς

1099 2547 1261 2579 ὲθελουσίου,
1278 2548 1325 2574 καὶ
1341 2547 1387 2574 νοῦ
1401 2547 1488 2583 ῥοπῆς
1505 2546 1649 2582 ἐλευθέρας
1664 2547 1818 2582 ἐπράττετο
1832 2548 1888 2577 τοῖς

1099 2593 1289 2629 ἀρχαιοτέροις
1311 2592 1340 2619 τὸ
1358 2592 1491 2627 θεοφιλὲς,
1510 2592 1567 2619 ἀλλ’
1580 2592 1618 2624 ὡς
1639 2591 1669 2624 ἐξ
1689 2591 1814 2627 ἀνάγκης
1842 2593 1886 2618 καὶ

1099 2639 1180 2673 φόϐον
1190 2647 1196 2653 “
1216 2639 1324 2675 πνεῦμα
1341 2638 1394 2674 γὰρ
1406 2637 1439 2674 ἦν
1454 2639 1502 2665 οὐκ
1516 2637 1668 2673 ἐλεύθερον,
1680 2638 1742 2665 οὔτε
1762 2638 1816 2674 μὴν
1831 2639 1886 2664 υἱο-

1099 2683 1202 2717 θεσίας,
1214 2684 1242 2711 τὸ
1260 2685 1288 2711 ἐν
1299 2685 1402 2717 αὐτοῖς,
1413 2684 1481 2711 ἀλλὰ
1493 2684 1613 2716 δουλείας
1622 2685 1662 2716 εἰς
1675 2684 1766 2718 φόόον.
1782 2685 1885 2710 Καπνί-

1099 2729 1176 2762 ζεται
1198 2730 1225 2756 δὲ
1240 2730 1270 2756 τὸ
1285 2730 1347 2765 ὅρος
1365 2729 1410 2756 διὰ
1429 2730 1460 2756 τὸ
1482 2730 1701 2765 καταϐεόηκέναι
1719 2729 1821 2765 Κύριον
1842 2729 1884 2757 ἐπ’

1101 2776 1180 2802 αὐτὴν
1195 2777 1222 2801 ὲν
1236 2776 1318 2811 πυρί·
1337 2775 1382 2802 καὶ
1397 2775 1486 2808 τοῦτο,
1504 2773 1590 2811 οἶμαι,
1610 2776 1666 2802 ἐστὶ
1678 2775 1708 2801 τὸ
1720 2777 1748 2802 ἐν
1759 2776 1884 2810 Ψαλμοῖς
