  <div class='ocr_page' id='page_1' title='image "/cluster/home/n/w/nwhite01/storage/ocr_20150623/68/njp.32101077772711/307.png"; bbox 0 0 1939 3041; ppageno 0'>
   <div class='ocr_carea' id='block_1_1' title="bbox 204 129 266 161">
    <p class='ocr_par' dir='ltr' id='par_1_1' title="bbox 204 129 266 161">
     <span class='ocr_line' id='line_1_1' title="bbox 204 129 266 161; baseline -0.016 0"><span class='ocrx_word' id='word_1_1' title='bbox 204 129 266 161; x_wconf 49' lang='grc' dir='ltr'>ὐθι</span> 
     </span>
    </p>
   </div>
   <div class='ocr_carea' id='block_1_2' title="bbox 724 133 1339 166">
    <p class='ocr_par' dir='ltr' id='par_1_2' title="bbox 724 133 1339 166">
     <span class='ocr_line' id='line_1_2' title="bbox 724 133 1339 166; baseline 0 -2"><span class='ocrx_word' id='word_1_2' title='bbox 724 136 751 164; x_wconf 84' lang='lat' dir='ltr'><strong>S.</strong></span> <span class='ocrx_word' id='word_1_3' title='bbox 772 135 908 165; x_wconf 76' lang='lat' dir='ltr'><strong>CYRILLI</strong></span> <span class='ocrx_word' id='word_1_4' title='bbox 928 133 1163 165; x_wconf 63' lang='grc' dir='ltr'><strong>ΛιΕΧΑΝῡΒιΝι</strong></span> <span class='ocrx_word' id='word_1_5' title='bbox 1181 136 1339 166; x_wconf 78' lang='lat' dir='ltr'><strong>ARCHIEP.</strong></span> 
     </span>
    </p>
   </div>
   <div class='ocr_carea' id='block_1_3' title="bbox 1748 135 1850 164">
    <p class='ocr_par' dir='ltr' id='par_1_3' title="bbox 1748 135 1850 164">
     <span class='ocr_line' id='line_1_3' title="bbox 1748 135 1850 164; baseline 0.02 -2"><span class='ocrx_word' id='word_1_6' title='bbox 1748 135 1850 164; x_wconf 66' lang='grc' dir='ltr'>,ιρι</span> 
     </span>
    </p>
   </div>
   <div class='ocr_carea' id='block_1_4' title="bbox 216 191 1001 233">
    <p class='ocr_par' dir='ltr' id='par_1_4' title="bbox 216 191 1001 229">
     <span class='ocr_line' id='line_1_4' title="bbox 216 191 1001 229; baseline -0.001 -7"><span class='ocrx_word' id='word_1_7' title='bbox 216 193 298 229; x_wconf 84' lang='lat' dir='ltr'><strong>vulgo</strong></span> <span class='ocrx_word' id='word_1_8' title='bbox 311 192 384 220; x_wconf 87' lang='lat' dir='ltr'><strong>illius</strong></span> <span class='ocrx_word' id='word_1_9' title='bbox 401 198 536 226; x_wconf 65' lang='lat' dir='ltr'><strong>supremae</strong></span> <span class='ocrx_word' id='word_1_10' title='bbox 550 191 714 227; x_wconf 75' lang='lat' dir='ltr'><strong>cognitionis</strong></span> <span class='ocrx_word' id='word_1_11' title='bbox 726 193 824 228; x_wconf 61' lang='lat' dir='ltr'><strong>gratia,</strong></span> <span class='ocrx_word' id='word_1_12' title='bbox 838 194 925 229; x_wconf 82' lang='lat' dir='ltr'><strong>iisque</strong></span> <span class='ocrx_word' id='word_1_13' title='bbox 939 194 1001 223; x_wconf 86' lang='lat' dir='ltr'><strong>solis</strong></span> 
     </span>
    </p>
   </div>
   <div class='ocr_carea' id='block_1_5' title="bbox 1053 191 1848 233">
    <p class='ocr_par' dir='ltr' id='par_1_5' title="bbox 1056 193 1848 233">
     <span class='ocr_line' id='line_1_5' title="bbox 1056 193 1848 233; baseline 0 -11"><span class='ocrx_word' id='word_1_14' title='bbox 1056 195 1125 229; x_wconf 79' lang='grc' dir='ltr'>ἄγαν</span> <span class='ocrx_word' id='word_1_15' title='bbox 1145 197 1309 233; x_wconf 81' lang='grc' dir='ltr'><strong>ὑπερτενοῦς</strong></span> <span class='ocrx_word' id='word_1_16' title='bbox 1325 195 1452 231; x_wconf 73' lang='grc' dir='ltr'>γνώσεως</span> <span class='ocrx_word' id='word_1_17' title='bbox 1483 196 1592 232; x_wconf 77' lang='grc' dir='ltr'>χάρις),</span> <span class='ocrx_word' id='word_1_18' title='bbox 1617 195 1732 230; x_wconf 72' lang='grc' dir='ltr'>βάσιμος</span> <span class='ocrx_word' id='word_1_19' title='bbox 1752 193 1784 223; x_wconf 61' lang='grc' dir='ltr'><strong>’δὲ</strong></span> <span class='ocrx_word' id='word_1_20' title='bbox 1799 197 1848 231; x_wconf 65' lang='grc' dir='ltr'>μύ-</span> 
     </span>
    </p>
   </div>
   <div class='ocr_carea' id='block_1_6' title="bbox 201 239 1001 278">
    <p class='ocr_par' dir='ltr' id='par_1_6' title="bbox 201 239 1001 278">
     <span class='ocr_line' id='line_1_6' title="bbox 201 239 1001 278; baseline 0.003 -11"><span class='ocrx_word' id='word_1_21' title='bbox 201 240 376 278; x_wconf 61' lang='grc' dir='ltr'><strong>.κρθι”ινίι,‹ιιιὶ</strong></span> <span class='ocrx_word' id='word_1_22' title='bbox 387 247 435 275; x_wconf 91' lang='lat' dir='ltr'><strong>per</strong></span> <span class='ocrx_word' id='word_1_23' title='bbox 445 239 518 267; x_wconf 82' lang='lat' dir='ltr'><strong>illam</strong></span> <span class='ocrx_word' id='word_1_24' title='bbox 531 239 638 274; x_wconf 86' lang='lat' dir='ltr'><strong>ingredi</strong></span> <span class='ocrx_word' id='word_1_25' title='bbox 650 240 753 273; x_wconf 84' lang='lat' dir='ltr'><strong>sciunt;</strong></span> <span class='ocrx_word' id='word_1_26' title='bbox 769 249 823 269; x_wconf 82' lang='lat' dir='ltr'><strong>imo</strong></span> <span class='ocrx_word' id='word_1_27' title='bbox 835 241 916 277; x_wconf 77' lang='lat'><strong>225</strong></span> <span class='ocrx_word' id='word_1_28' title='bbox 927 249 1001 274; x_wconf 86' lang='lat' dir='ltr'><strong>vero,</strong></span> 
     </span>
    </p>
   </div>
   <div class='ocr_carea' id='block_1_7' title="bbox 215 285 1004 324">
    <p class='ocr_par' dir='ltr' id='par_1_7' title="bbox 215 285 1004 324">
     <span class='ocr_line' id='line_1_7' title="bbox 215 285 1004 324; baseline 0 -9"><span class='ocrx_word' id='word_1_29' title='bbox 215 288 262 323; x_wconf 86' lang='lat' dir='ltr'><strong>qui</strong></span> <span class='ocrx_word' id='word_1_30' title='bbox 281 288 315 315; x_wconf 82' lang='lat' dir='ltr'><strong>ad</strong></span> <span class='ocrx_word' id='word_1_31' title='bbox 333 294 393 314; x_wconf 87' lang='lat' dir='ltr'><strong>eam</strong></span> <span class='ocrx_word' id='word_1_32' title='bbox 414 293 473 313; x_wconf 89' lang='lat' dir='ltr'><strong>rem</strong></span> <span class='ocrx_word' id='word_1_33' title='bbox 491 290 555 313; x_wconf 91' lang='lat' dir='ltr'><strong>sunt</strong></span> <span class='ocrx_word' id='word_1_34' title='bbox 569 294 584 313; x_wconf 86' lang='lat' dir='ltr'><strong>a</strong></span> <span class='ocrx_word' id='word_1_35' title='bbox 598 285 654 313; x_wconf 90' lang='lat' dir='ltr'><strong>Deo</strong></span> <span class='ocrx_word' id='word_1_36' title='bbox 665 288 770 320; x_wconf 81' lang='lat' dir='ltr'><strong>vocati,</strong></span> <span class='ocrx_word' id='word_1_37' title='bbox 783 288 855 315; x_wconf 83' lang='lat' dir='ltr'><strong>sicut</strong></span> <span class='ocrx_word' id='word_1_38' title='bbox 872 288 924 316; x_wconf 83' lang='lat' dir='ltr'><strong>fuit</strong></span> <span class='ocrx_word' id='word_1_39' title='bbox 940 295 1004 324; x_wconf 88' lang='lat' dir='ltr'><strong>pro-</strong></span> 
     </span>
    </p>
   </div>
   <div class='ocr_carea' id='block_1_8' title="bbox 214 331 1005 368">
    <p class='ocr_par' dir='ltr' id='par_1_8' title="bbox 214 331 1005 368">
     <span class='ocr_line' id='line_1_8' title="bbox 214 331 1005 368; baseline -0.001 -7"><span class='ocrx_word' id='word_1_40' title='bbox 214 334 258 361; x_wconf 91' lang='lat' dir='ltr'><strong>cul</strong></span> <span class='ocrx_word' id='word_1_41' title='bbox 272 333 357 360; x_wconf 89' lang='lat' dir='ltr'><strong>dubio</strong></span> <span class='ocrx_word' id='word_1_42' title='bbox 368 332 483 368; x_wconf 82' lang='lat' dir='ltr'><strong>Moyses.</strong></span> <span class='ocrx_word' id='word_1_43' title='bbox 497 331 525 360; x_wconf 92' lang='lat' dir='ltr'><strong>Si</strong></span> <span class='ocrx_word' id='word_1_44' title='bbox 542 331 605 367; x_wconf 83' lang='lat' dir='ltr'><strong>quis</strong></span> <span class='ocrx_word' id='word_1_45' title='bbox 623 331 707 367; x_wconf 82' lang='lat' dir='ltr'><strong>igitur</strong></span> <span class='ocrx_word' id='word_1_46' title='bbox 720 336 761 360; x_wconf 90' lang='lat' dir='ltr'><strong>est</strong></span> <span class='ocrx_word' id='word_1_47' title='bbox 775 332 863 360; x_wconf 85' lang='lat' dir='ltr'><strong>ﬁdelis</strong></span> <span class='ocrx_word' id='word_1_48' title='bbox 876 340 908 360; x_wconf 87' lang='lat' dir='ltr'><strong>ac</strong></span> <span class='ocrx_word' id='word_1_49' title='bbox 922 341 1005 360; x_wconf 86' lang='lat' dir='ltr'><strong>verus</strong></span> 
     </span>
    </p>
   </div>
   <div class='ocr_carea' id='block_1_9' title="bbox 214 378 1005 413">
    <p class='ocr_par' dir='ltr' id='par_1_9' title="bbox 214 378 1005 413">
     <span class='ocr_line' id='line_1_9' title="bbox 214 378 1005 413; baseline 0.003 -8"><span class='ocrx_word' id='word_1_50' title='bbox 214 387 311 406; x_wconf 86' lang='lat' dir='ltr'><strong>servus</strong></span> <span class='ocrx_word' id='word_1_51' title='bbox 331 379 358 406; x_wconf 94' lang='lat' dir='ltr'><strong>in</strong></span> <span class='ocrx_word' id='word_1_52' title='bbox 378 378 460 406; x_wconf 92' lang='lat' dir='ltr'><strong>domo</strong></span> <span class='ocrx_word' id='word_1_53' title='bbox 482 378 540 411; x_wconf 87' lang='lat' dir='ltr'><strong>Dei,</strong></span> <span class='ocrx_word' id='word_1_54' title='bbox 557 378 579 405; x_wconf 89' lang='lat' dir='ltr'><strong>is</strong></span> <span class='ocrx_word' id='word_1_55' title='bbox 601 386 721 413; x_wconf 90' lang='lat' dir='ltr'><strong>quoque,</strong></span> <span class='ocrx_word' id='word_1_56' title='bbox 739 379 811 406; x_wconf 83' lang='lat' dir='ltr'><strong>sicut</strong></span> <span class='ocrx_word' id='word_1_57' title='bbox 830 379 886 411; x_wconf 83' lang='lat' dir='ltr'><strong>ille,</strong></span> <span class='ocrx_word' id='word_1_58' title='bbox 901 378 1005 407; x_wconf 88' lang='lat' dir='ltr'><strong>electus</strong></span> 
     </span>
    </p>
   </div>
   <div class='ocr_carea' id='block_1_10' title="bbox 212 424 1004 460">
    <p class='ocr_par' dir='ltr' id='par_1_10' title="bbox 212 424 1004 460">
     <span class='ocr_line' id='line_1_10' title="bbox 212 424 1004 460; baseline 0 -8"><span class='ocrx_word' id='word_1_59' title='bbox 212 425 268 452; x_wconf 85' lang='lat' dir='ltr'><strong>erit</strong></span> <span class='ocrx_word' id='word_1_60' title='bbox 282 429 310 452; x_wconf 88' lang='lat' dir='ltr'><strong>et</strong></span> <span class='ocrx_word' id='word_1_61' title='bbox 325 429 416 460; x_wconf 87' lang='lat' dir='ltr'><strong>aptus,</strong></span> <span class='ocrx_word' id='word_1_62' title='bbox 433 424 480 460; x_wconf 88' lang='lat' dir='ltr'><strong>qui</strong></span> <span class='ocrx_word' id='word_1_63' title='bbox 498 424 622 460; x_wconf 75' lang='lat' dir='ltr'><strong>proxime</strong></span> <span class='ocrx_word' id='word_1_64' title='bbox 640 425 752 453; x_wconf 79' lang='lat' dir='ltr'><strong>accedat</strong></span> <span class='ocrx_word' id='word_1_65' title='bbox 766 425 801 452; x_wconf 84' lang='lat' dir='ltr'><strong>ad</strong></span> <span class='ocrx_word' id='word_1_66' title='bbox 814 425 899 452; x_wconf 90' lang='lat' dir='ltr'><strong>Deum</strong></span> <span class='ocrx_word' id='word_1_67' title='bbox 909 446 915 458; x_wconf 89' lang='lat'><strong>,</strong></span> <span class='ocrx_word' id='word_1_68' title='bbox 930 425 1004 460; x_wconf 91' lang='lat' dir='ltr'><strong>quod</strong></span> 
     </span>
    </p>
   </div>
   <div class='ocr_carea' id='block_1_11' title="bbox 212 468 1004 507">
    <p class='ocr_par' dir='ltr' id='par_1_11' title="bbox 212 468 1004 507">
     <span class='ocr_line' id='line_1_11' title="bbox 212 468 1004 507; baseline -0.001 -8"><span class='ocrx_word' id='word_1_69' title='bbox 212 468 247 499; x_wconf 83' lang='lat' dir='ltr'><strong>ad</strong></span> <span class='ocrx_word' id='word_1_70' title='bbox 266 471 493 498; x_wconf 81' lang='lat' dir='ltr'><strong>sanctiﬁcationis</strong></span> <span class='ocrx_word' id='word_1_71' title='bbox 513 475 595 506; x_wconf 85' lang='lat' dir='ltr'><strong>atque</strong></span> <span class='ocrx_word' id='word_1_72' title='bbox 615 471 779 507; x_wconf 80' lang='lat' dir='ltr'><strong>cognitionis</strong></span> <span class='ocrx_word' id='word_1_73' title='bbox 791 471 904 499; x_wconf 88' lang='lat' dir='ltr'><strong>modum</strong></span> <span class='ocrx_word' id='word_1_74' title='bbox 917 471 1004 507; x_wconf 90' lang='lat' dir='ltr'><strong>perti-</strong></span> 
     </span>
    </p>
   </div>
   <div class='ocr_carea' id='block_1_12' title="bbox 212 516 1003 551">
    <p class='ocr_par' dir='ltr' id='par_1_12' title="bbox 212 516 1003 551">
     <span class='ocr_line' id='line_1_12' title="bbox 212 516 1003 551; baseline 0.003 -8"><span class='ocrx_word' id='word_1_75' title='bbox 212 521 269 543; x_wconf 85' lang='lat' dir='ltr'><strong>net.</strong></span> <span class='ocrx_word' id='word_1_76' title='bbox 295 516 353 544; x_wconf 75' lang='lat' dir='ltr'><strong>ilac</strong></span> <span class='ocrx_word' id='word_1_77' title='bbox 375 524 494 551; x_wconf 83' lang='lat' dir='ltr'><strong>namque</strong></span> <span class='ocrx_word' id='word_1_78' title='bbox 513 516 619 544; x_wconf 86' lang='lat' dir='ltr'><strong>ratione</strong></span> <span class='ocrx_word' id='word_1_79' title='bbox 644 517 726 544; x_wconf 88' lang='lat' dir='ltr'><strong>simul</strong></span> <span class='ocrx_word' id='word_1_80' title='bbox 750 523 812 543; x_wconf 90' lang='lat' dir='ltr'><strong>cum</strong></span> <span class='ocrx_word' id='word_1_81' title='bbox 833 525 867 545; x_wconf 89' lang='lat' dir='ltr'><strong>eo</strong></span> <span class='ocrx_word' id='word_1_82' title='bbox 889 517 1003 550; x_wconf 82' lang='lat' dir='ltr'><strong>erimus,</strong></span> 
     </span>
    </p>
   </div>
   <div class='ocr_carea' id='block_1_13' title="bbox 211 560 1004 598">
    <p class='ocr_par' dir='ltr' id='par_1_13' title="bbox 211 560 1004 598">
     <span class='ocr_line' id='line_1_13' title="bbox 211 560 1004 598; baseline 0.001 -9"><span class='ocrx_word' id='word_1_83' title='bbox 211 560 322 590; x_wconf 79' lang='lat' dir='ltr'><strong>dicente</strong></span> <span class='ocrx_word' id='word_1_84' title='bbox 336 570 343 589; x_wconf 92' lang='lat'><strong>:</strong></span> <span class='ocrx_word' id='word_1_85' title='bbox 362 571 371 588; x_wconf 81' lang='grc' dir='ltr'><strong>ι</strong></span> <span class='ocrx_word' id='word_1_86' title='bbox 387 560 428 589; x_wconf 86' lang='lat' dir='ltr'><strong>Tu</strong></span> <span class='ocrx_word' id='word_1_87' title='bbox 441 569 511 589; x_wconf 78' lang='lat' dir='ltr'><strong>vero</strong></span> <span class='ocrx_word' id='word_1_88' title='bbox 524 566 571 590; x_wconf 83' lang='lat' dir='ltr'><strong>sta</strong></span> <span class='ocrx_word' id='word_1_89' title='bbox 593 562 639 590; x_wconf 87' lang='lat' dir='ltr'><strong>hic</strong></span> <span class='ocrx_word' id='word_1_90' title='bbox 659 570 767 590; x_wconf 89' lang='lat' dir='ltr'><strong>mecum</strong></span> <span class='ocrx_word' id='word_1_91' title='bbox 781 563 813 589; x_wconf 79' lang='grc'><strong>⁸⁷.</strong></span> <span class='ocrx_word' id='word_1_92' title='bbox 830 572 839 589; x_wconf 76' lang='grc' dir='ltr'><strong>ι</strong></span> <span class='ocrx_word' id='word_1_93' title='bbox 863 563 917 590; x_wconf 89' lang='lat' dir='ltr'><strong>Eos</strong></span> <span class='ocrx_word' id='word_1_94' title='bbox 934 571 1004 598; x_wconf 81' lang='lat' dir='ltr'><strong>quo-</strong></span> 
     </span>
    </p>
   </div>
   <div class='ocr_carea' id='block_1_14' title="bbox 211 608 1003 645">
    <p class='ocr_par' dir='ltr' id='par_1_14' title="bbox 211 608 1003 645">
     <span class='ocr_line' id='line_1_14' title="bbox 211 608 1003 645; baseline 0.001 -9"><span class='ocrx_word' id='word_1_95' title='bbox 211 616 277 644; x_wconf 85' lang='lat' dir='ltr'><strong>que,</strong></span> <span class='ocrx_word' id='word_1_96' title='bbox 292 609 339 644; x_wconf 88' lang='lat' dir='ltr'><strong>qui</strong></span> <span class='ocrx_word' id='word_1_97' title='bbox 353 608 508 637; x_wconf 88' lang='lat' dir='ltr'><strong>sacerdotio</strong></span> <span class='ocrx_word' id='word_1_98' title='bbox 521 613 585 636; x_wconf 85' lang='lat' dir='ltr'><strong>sunt.</strong></span> <span class='ocrx_word' id='word_1_99' title='bbox 598 609 730 645; x_wconf 73' lang='lat' dir='ltr'><strong>insignes,</strong></span> <span class='ocrx_word' id='word_1_100' title='bbox 744 610 855 645; x_wconf 75' lang='lat' dir='ltr'><strong>purgari</strong></span> <span class='ocrx_word' id='word_1_101' title='bbox 870 610 1003 645; x_wconf 73' lang='lat' dir='ltr'><strong>praecipit,</strong></span> 
     </span>
    </p>
   </div>
   <div class='ocr_carea' id='block_1_15' title="bbox 212 654 1004 684">
    <p class='ocr_par' dir='ltr' id='par_1_15' title="bbox 212 654 1004 684">
     <span class='ocr_line' id='line_1_15' title="bbox 212 654 1004 684; baseline 0.001 -2"><span class='ocrx_word' id='word_1_102' title='bbox 212 655 308 683; x_wconf 89' lang='lat' dir='ltr'><strong>dicens</strong></span> <span class='ocrx_word' id='word_1_103' title='bbox 323 664 329 682; x_wconf 89' lang='lat'>:</span> <span class='ocrx_word' id='word_1_104' title='bbox 347 665 356 681; x_wconf 80' lang='grc' dir='ltr'><strong>ι</strong></span> <span class='ocrx_word' id='word_1_105' title='bbox 370 654 410 683; x_wconf 89' lang='lat' dir='ltr'><strong>Ne</strong></span> <span class='ocrx_word' id='word_1_106' title='bbox 428 654 498 682; x_wconf 83' lang='lat' dir='ltr'><strong>forte</strong></span> <span class='ocrx_word' id='word_1_107' title='bbox 516 655 628 683; x_wconf 83' lang='lat' dir='ltr'><strong>recedat</strong></span> <span class='ocrx_word' id='word_1_108' title='bbox 644 655 679 682; x_wconf 88' lang='lat' dir='ltr'><strong>ab</strong></span> <span class='ocrx_word' id='word_1_109' title='bbox 700 656 740 683; x_wconf 90' lang='lat' dir='ltr'><strong>eis</strong></span> <span class='ocrx_word' id='word_1_110' title='bbox 758 656 900 683; x_wconf 86' lang='lat' dir='ltr'><strong>Dominus.</strong></span> <span class='ocrx_word' id='word_1_111' title='bbox 918 665 926 682; x_wconf 76' lang='grc' dir='ltr'><strong>ι</strong></span> <span class='ocrx_word' id='word_1_112' title='bbox 948 656 1004 684; x_wconf 90' lang='lat' dir='ltr'><strong>Lu-</strong></span> 
     </span>
    </p>
   </div>
   <div class='ocr_carea' id='block_1_16' title="bbox 213 700 1005 738">
    <p class='ocr_par' dir='ltr' id='par_1_16' title="bbox 213 700 1005 738">
     <span class='ocr_line' id='line_1_16' title="bbox 213 700 1005 738; baseline 0.003 -10"><span class='ocrx_word' id='word_1_113' title='bbox 213 701 320 729; x_wconf 89' lang='lat' dir='ltr'><strong>bricum</strong></span> <span class='ocrx_word' id='word_1_114' title='bbox 332 705 374 729; x_wconf 91' lang='lat' dir='ltr'><strong>est</strong></span> <span class='ocrx_word' id='word_1_115' title='bbox 385 702 458 729; x_wconf 92' lang='lat' dir='ltr'><strong>enim</strong></span> <span class='ocrx_word' id='word_1_116' title='bbox 470 700 618 729; x_wconf 83' lang='lat' dir='ltr'><strong>sacerdotii</strong></span> <span class='ocrx_word' id='word_1_117' title='bbox 631 709 748 735; x_wconf 91' lang='lat' dir='ltr'><strong>munus,</strong></span> <span class='ocrx_word' id='word_1_118' title='bbox 769 710 859 737; x_wconf 87' lang='lat' dir='ltr'><strong>neque</strong></span> <span class='ocrx_word' id='word_1_119' title='bbox 880 703 976 738; x_wconf 87' lang='lat' dir='ltr'><strong>procul</strong></span> <span class='ocrx_word' id='word_1_120' title='bbox 989 710 1005 730; x_wconf 87' lang='lat' dir='ltr'><strong>a</strong></span> 
     </span>
    </p>
   </div>
   <div class='ocr_carea' id='block_1_17' title="bbox 214 747 1005 784">
    <p class='ocr_par' dir='ltr' id='par_1_17' title="bbox 214 747 1005 784">
     <span class='ocr_line' id='line_1_17' title="bbox 214 747 1005 784; baseline 0.003 -10"><span class='ocrx_word' id='word_1_121' title='bbox 214 747 354 782; x_wconf 86' lang='lat' dir='ltr'><strong>periculis,</strong></span> <span class='ocrx_word' id='word_1_122' title='bbox 369 747 424 774; x_wconf 93' lang='lat' dir='ltr'><strong>imo</strong></span> <span class='ocrx_word' id='word_1_123' title='bbox 436 754 503 774; x_wconf 84' lang='lat' dir='ltr'><strong>vero</strong></span> <span class='ocrx_word' id='word_1_124' title='bbox 520 747 603 774; x_wconf 84' lang='lat' dir='ltr'><strong>etiam</strong></span> <span class='ocrx_word' id='word_1_125' title='bbox 620 748 787 782; x_wconf 88' lang='lat' dir='ltr'><strong>proximum,</strong></span> <span class='ocrx_word' id='word_1_126' title='bbox 800 748 853 775; x_wconf 85' lang='lat' dir='ltr'><strong>nisi</strong></span> <span class='ocrx_word' id='word_1_127' title='bbox 869 749 909 776; x_wconf 89' lang='lat' dir='ltr'><strong>illi</strong></span> <span class='ocrx_word' id='word_1_128' title='bbox 925 748 1005 784; x_wconf 86' lang='lat' dir='ltr'><strong>plane</strong></span> 
     </span>
    </p>
   </div>
   <div class='ocr_carea' id='block_1_18' title="bbox 213 793 1005 830">
    <p class='ocr_par' dir='ltr' id='par_1_18' title="bbox 213 793 1005 830">
     <span class='ocr_line' id='line_1_18' title="bbox 213 793 1005 830; baseline 0.003 -10"><span class='ocrx_word' id='word_1_129' title='bbox 213 793 284 821; x_wconf 84' lang='lat' dir='ltr'><strong>adsit</strong></span> <span class='ocrx_word' id='word_1_130' title='bbox 301 793 365 820; x_wconf 67' lang='lat' dir='ltr'><strong>vita:</strong></span> <span class='ocrx_word' id='word_1_131' title='bbox 381 793 526 828; x_wconf 79' lang='lat' dir='ltr'><strong>integritas</strong></span> <span class='ocrx_word' id='word_1_132' title='bbox 540 801 546 819; x_wconf 90' lang='lat'>:</span> <span class='ocrx_word' id='word_1_133' title='bbox 561 797 670 820; x_wconf 84' lang='lat' dir='ltr'><strong>sanctos</strong></span> <span class='ocrx_word' id='word_1_134' title='bbox 684 793 758 821; x_wconf 88' lang='lat' dir='ltr'><strong>enim</strong></span> <span class='ocrx_word' id='word_1_135' title='bbox 776 802 837 822; x_wconf 89' lang='lat' dir='ltr'><strong>esse</strong></span> <span class='ocrx_word' id='word_1_136' title='bbox 855 794 945 828; x_wconf 87' lang='lat' dir='ltr'><strong>decet,</strong></span> <span class='ocrx_word' id='word_1_137' title='bbox 958 795 1005 830; x_wconf 91' lang='lat' dir='ltr'><strong>qui</strong></span> 
     </span>
    </p>
   </div>
   <div class='ocr_carea' id='block_1_19' title="bbox 212 839 1005 869">
    <p class='ocr_par' dir='ltr' id='par_1_19' title="bbox 212 839 1005 869">
     <span class='ocr_line' id='line_1_19' title="bbox 212 839 1005 869; baseline 0.004 -3"><span class='ocrx_word' id='word_1_138' title='bbox 212 839 269 867; x_wconf 91' lang='lat' dir='ltr'><strong>Deo</strong></span> <span class='ocrx_word' id='word_1_139' title='bbox 284 839 407 867; x_wconf 89' lang='lat' dir='ltr'><strong>omnium</strong></span> <span class='ocrx_word' id='word_1_140' title='bbox 427 839 602 867; x_wconf 86' lang='lat' dir='ltr'><strong>sanctissimo</strong></span> <span class='ocrx_word' id='word_1_141' title='bbox 621 840 727 867; x_wconf 90' lang='lat' dir='ltr'><strong>cultum</strong></span> <span class='ocrx_word' id='word_1_142' title='bbox 742 841 884 869; x_wconf 78' lang='lat' dir='ltr'><strong>exhibent.</strong></span> <span class='ocrx_word' id='word_1_143' title='bbox 900 841 1005 869; x_wconf 86' lang='lat' dir='ltr'><strong>Deinde</strong></span> 
     </span>
    </p>
   </div>
   <div class='ocr_carea' id='block_1_20' title="bbox 211 885 1005 922">
    <p class='ocr_par' dir='ltr' id='par_1_20' title="bbox 211 885 1005 922">
     <span class='ocr_line' id='line_1_20' title="bbox 211 885 1005 922; baseline 0.003 -10"><span class='ocrx_word' id='word_1_144' title='bbox 211 886 251 912; x_wconf 84' lang='lat' dir='ltr'><strong>nit</strong></span> <span class='ocrx_word' id='word_1_145' title='bbox 264 894 270 912; x_wconf 87' lang='lat'><strong>:</strong></span> <span class='ocrx_word' id='word_1_146' title='bbox 289 895 297 911; x_wconf 84' lang='grc' dir='ltr'><strong>ι</strong></span> <span class='ocrx_word' id='word_1_147' title='bbox 314 885 348 913; x_wconf 87' lang='lat' dir='ltr'><strong>Et</strong></span> <span class='ocrx_word' id='word_1_148' title='bbox 366 885 436 913; x_wconf 80' lang='lat' dir='ltr'><strong>dixit</strong></span> <span class='ocrx_word' id='word_1_149' title='bbox 451 886 584 913; x_wconf 91' lang='lat' dir='ltr'><strong>Dominus</strong></span> <span class='ocrx_word' id='word_1_150' title='bbox 597 885 680 922; x_wconf 86' lang='lat' dir='ltr'><strong>Moysi</strong></span> <span class='ocrx_word' id='word_1_151' title='bbox 693 896 698 913; x_wconf 92' lang='lat'>:</span> <span class='ocrx_word' id='word_1_152' title='bbox 715 887 799 919; x_wconf 78' lang='lat' dir='ltr'><strong>Vade,</strong></span> <span class='ocrx_word' id='word_1_153' title='bbox 814 887 962 920; x_wconf 84' lang='lat' dir='ltr'><strong>descende,</strong></span> <span class='ocrx_word' id='word_1_154' title='bbox 977 891 1005 915; x_wconf 90' lang='lat' dir='ltr'><strong>et</strong></span> 
     </span>
    </p>
   </div>
   <div class='ocr_carea' id='block_1_21' title="bbox 210 931 1003 969">
    <p class='ocr_par' dir='ltr' id='par_1_21' title="bbox 210 931 1003 969">
     <span class='ocr_line' id='line_1_21' title="bbox 210 931 1003 969; baseline 0.005 -11"><span class='ocrx_word' id='word_1_155' title='bbox 210 931 331 959; x_wconf 84' lang='lat' dir='ltr'><strong>ascende</strong></span> <span class='ocrx_word' id='word_1_156' title='bbox 345 936 374 959; x_wconf 87' lang='lat' dir='ltr'><strong>tu</strong></span> <span class='ocrx_word' id='word_1_157' title='bbox 394 936 422 959; x_wconf 89' lang='lat' dir='ltr'><strong>et</strong></span> <span class='ocrx_word' id='word_1_158' title='bbox 436 932 527 959; x_wconf 86' lang='lat' dir='ltr'><strong>Aaron</strong></span> <span class='ocrx_word' id='word_1_159' title='bbox 542 936 648 966; x_wconf 86' lang='lat' dir='ltr'><strong>tecum;</strong></span> <span class='ocrx_word' id='word_1_160' title='bbox 663 933 821 961; x_wconf 85' lang='lat' dir='ltr'><strong>sacerdotes</strong></span> <span class='ocrx_word' id='word_1_161' title='bbox 833 941 899 961; x_wconf 87' lang='lat' dir='ltr'><strong>vero</strong></span> <span class='ocrx_word' id='word_1_162' title='bbox 910 942 942 961; x_wconf 88' lang='lat' dir='ltr'><strong>ac</strong></span> <span class='ocrx_word' id='word_1_163' title='bbox 953 942 1003 969; x_wconf 92' lang='lat' dir='ltr'><strong>po-</strong></span> 
     </span>
    </p>
   </div>
   <div class='ocr_carea' id='block_1_22' title="bbox 207 978 1004 1013">
    <p class='ocr_par' dir='ltr' id='par_1_22' title="bbox 207 978 1004 1013">
     <span class='ocr_line' id='line_1_22' title="bbox 207 978 1004 1013; baseline 0.004 -8"><span class='ocrx_word' id='word_1_164' title='bbox 207 978 294 1013; x_wconf 69' lang='lat' dir='ltr'><strong>pulus</strong></span> <span class='ocrx_word' id='word_1_165' title='bbox 316 986 350 1006; x_wconf 88' lang='lat' dir='ltr'><strong>ne</strong></span> <span class='ocrx_word' id='word_1_166' title='bbox 373 982 510 1006; x_wconf 89' lang='lat' dir='ltr'><strong>conentur</strong></span> <span class='ocrx_word' id='word_1_167' title='bbox 532 979 681 1007; x_wconf 85' lang='lat' dir='ltr'><strong>ascendere</strong></span> <span class='ocrx_word' id='word_1_168' title='bbox 707 979 740 1006; x_wconf 86' lang='lat' dir='ltr'><strong>ad</strong></span> <span class='ocrx_word' id='word_1_169' title='bbox 761 979 859 1013; x_wconf 89' lang='lat' dir='ltr'><strong>Deum,</strong></span> <span class='ocrx_word' id='word_1_170' title='bbox 876 988 912 1007; x_wconf 88' lang='lat' dir='ltr'><strong>ne</strong></span> <span class='ocrx_word' id='word_1_171' title='bbox 933 980 1004 1008; x_wconf 78' lang='lat' dir='ltr'><strong>forte</strong></span> 
     </span>
    </p>
   </div>
   <div class='ocr_carea' id='block_1_23' title="bbox 206 1024 1003 1062">
    <p class='ocr_par' dir='ltr' id='par_1_23' title="bbox 206 1024 1003 1062">
     <span class='ocr_line' id='line_1_23' title="bbox 206 1024 1003 1062; baseline 0.004 -10"><span class='ocrx_word' id='word_1_172' title='bbox 206 1024 309 1060; x_wconf 80' lang='lat' dir='ltr'><strong>perdat</strong></span> <span class='ocrx_word' id='word_1_173' title='bbox 325 1031 360 1052; x_wconf 81' lang='lat' dir='ltr'><strong>ex</strong></span> <span class='ocrx_word' id='word_1_174' title='bbox 380 1025 421 1052; x_wconf 86' lang='lat' dir='ltr'><strong>eis</strong></span> <span class='ocrx_word' id='word_1_175' title='bbox 438 1024 573 1053; x_wconf 89' lang='lat' dir='ltr'><strong>Dominus</strong></span> <span class='ocrx_word' id='word_1_176' title='bbox 584 1025 617 1052; x_wconf 75' lang='lat'><strong>“.</strong></span> <span class='ocrx_word' id='word_1_177' title='bbox 634 1035 643 1051; x_wconf 74' lang='grc' dir='ltr'><strong>ι</strong></span> <span class='ocrx_word' id='word_1_178' title='bbox 666 1025 798 1053; x_wconf 82' lang='lat' dir='ltr'><strong>Ascendit</strong></span> <span class='ocrx_word' id='word_1_179' title='bbox 821 1025 937 1062; x_wconf 79' lang='lat' dir='ltr'><strong>Moyses,</strong></span> <span class='ocrx_word' id='word_1_180' title='bbox 955 1027 1003 1055; x_wconf 88' lang='lat' dir='ltr'><strong>sed</strong></span> 
     </span>
    </p>
   </div>
   <div class='ocr_carea' id='block_1_24' title="bbox 211 1070 1004 1106">
    <p class='ocr_par' dir='ltr' id='par_1_24' title="bbox 211 1070 1004 1106">
     <span class='ocr_line' id='line_1_24' title="bbox 211 1070 1004 1106; baseline 0.001 -8"><span class='ocrx_word' id='word_1_181' title='bbox 211 1078 268 1099; x_wconf 90' lang='lat' dir='ltr'><strong>non</strong></span> <span class='ocrx_word' id='word_1_182' title='bbox 285 1070 345 1098; x_wconf 88' lang='lat' dir='ltr'><strong>sine</strong></span> <span class='ocrx_word' id='word_1_183' title='bbox 360 1070 462 1102; x_wconf 84' lang='lat' dir='ltr'><strong>Aaron,</strong></span> <span class='ocrx_word' id='word_1_184' title='bbox 475 1071 523 1106; x_wconf 86' lang='lat' dir='ltr'><strong>qui</strong></span> <span class='ocrx_word' id='word_1_185' title='bbox 541 1070 656 1106; x_wconf 83' lang='lat' dir='ltr'><strong>ﬁguram</strong></span> <span class='ocrx_word' id='word_1_186' title='bbox 674 1071 777 1099; x_wconf 90' lang='lat' dir='ltr'><strong>Christi</strong></span> <span class='ocrx_word' id='word_1_187' title='bbox 796 1072 917 1100; x_wconf 83' lang='lat' dir='ltr'><strong>tenebat.</strong></span> <span class='ocrx_word' id='word_1_188' title='bbox 936 1072 1004 1099; x_wconf 85' lang='lat' dir='ltr'><strong>Nam</strong></span> 
     </span>
    </p>
   </div>
   <div class='ocr_carea' id='block_1_25' title="bbox 207 1116 1004 1153">
    <p class='ocr_par' dir='ltr' id='par_1_25' title="bbox 207 1116 1004 1153">
     <span class='ocr_line' id='line_1_25' title="bbox 207 1116 1004 1153; baseline 0.001 -9"><span class='ocrx_word' id='word_1_189' title='bbox 207 1117 255 1145; x_wconf 89' lang='lat' dir='ltr'><strong>lex</strong></span> <span class='ocrx_word' id='word_1_190' title='bbox 273 1118 302 1145; x_wconf 92' lang='lat' dir='ltr'><strong>in</strong></span> <span class='ocrx_word' id='word_1_191' title='bbox 319 1116 429 1145; x_wconf 84' lang='lat' dir='ltr'><strong>Christo</strong></span> <span class='ocrx_word' id='word_1_192' title='bbox 452 1117 625 1145; x_wconf 88' lang='lat' dir='ltr'><strong>honorabilis</strong></span> <span class='ocrx_word' id='word_1_193' title='bbox 647 1122 699 1151; x_wconf 91' lang='lat' dir='ltr'><strong>est,</strong></span> <span class='ocrx_word' id='word_1_194' title='bbox 714 1122 741 1145; x_wconf 92' lang='lat' dir='ltr'><strong>et</strong></span> <span class='ocrx_word' id='word_1_195' title='bbox 762 1122 890 1153; x_wconf 80' lang='lat' dir='ltr'><strong>tanquam</strong></span> <span class='ocrx_word' id='word_1_196' title='bbox 911 1121 1004 1145; x_wconf 86' lang='lat' dir='ltr'><strong>sancta</strong></span> 
     </span>
    </p>
   </div>
   <div class='ocr_carea' id='block_1_26' title="bbox 204 1163 1005 1199">
    <p class='ocr_par' dir='ltr' id='par_1_26' title="bbox 204 1163 1005 1199">
     <span class='ocr_line' id='line_1_26' title="bbox 204 1163 1005 1199; baseline 0 -8"><span class='ocrx_word' id='word_1_197' title='bbox 204 1171 261 1199; x_wconf 55' lang='lat' dir='ltr'><strong>sper</strong></span> <span class='ocrx_word' id='word_1_198' title='bbox 283 1164 361 1191; x_wconf 84' lang='lat' dir='ltr'><strong>illum</strong></span> <span class='ocrx_word' id='word_1_199' title='bbox 379 1171 465 1199; x_wconf 90' lang='lat' dir='ltr'><strong>prope</strong></span> <span class='ocrx_word' id='word_1_200' title='bbox 477 1164 564 1191; x_wconf 89' lang='lat' dir='ltr'><strong>Deum</strong></span> <span class='ocrx_word' id='word_1_201' title='bbox 582 1168 685 1191; x_wconf 88' lang='lat' dir='ltr'><strong>etcum</strong></span> <span class='ocrx_word' id='word_1_202' title='bbox 697 1165 753 1192; x_wconf 91' lang='lat' dir='ltr'><strong>Deo</strong></span> <span class='ocrx_word' id='word_1_203' title='bbox 766 1168 808 1191; x_wconf 89' lang='lat' dir='ltr'><strong>cst</strong></span> <span class='ocrx_word' id='word_1_204' title='bbox 821 1165 854 1191; x_wconf 69' lang='grc' dir='ltr'><strong>δ’.</strong></span> <span class='ocrx_word' id='word_1_205' title='bbox 872 1163 1005 1191; x_wconf 80' lang='lat' dir='ltr'><strong>Praedicat</strong></span> 
     </span>
    </p>
   </div>
   <div class='ocr_carea' id='block_1_27' title="bbox 210 1209 1004 1246">
    <p class='ocr_par' dir='ltr' id='par_1_27' title="bbox 210 1209 1004 1246">
     <span class='ocr_line' id='line_1_27' title="bbox 210 1209 1004 1246; baseline -0.003 -8"><span class='ocrx_word' id='word_1_206' title='bbox 210 1210 286 1238; x_wconf 81' lang='lat' dir='ltr'><strong>enim</strong></span> <span class='ocrx_word' id='word_1_207' title='bbox 302 1211 361 1245; x_wconf 87' lang='lat' dir='ltr'><strong>ipsa</strong></span> <span class='ocrx_word' id='word_1_208' title='bbox 381 1217 491 1245; x_wconf 88' lang='lat' dir='ltr'><strong>quoque</strong></span> <span class='ocrx_word' id='word_1_209' title='bbox 509 1210 663 1246; x_wconf 90' lang='lat' dir='ltr'><strong>principem</strong></span> <span class='ocrx_word' id='word_1_210' title='bbox 682 1210 758 1237; x_wconf 90' lang='lat' dir='ltr'><strong>illum</strong></span> <span class='ocrx_word' id='word_1_211' title='bbox 777 1209 962 1243; x_wconf 82' lang='lat' dir='ltr'><strong>sacerdotum,</strong></span> <span class='ocrx_word' id='word_1_212' title='bbox 977 1213 1004 1237; x_wconf 92' lang='lat' dir='ltr'><strong>et</strong></span> 
     </span>
    </p>
   </div>
   <div class='ocr_carea' id='block_1_28' title="bbox 211 1256 1003 1293">
    <p class='ocr_par' dir='ltr' id='par_1_28' title="bbox 211 1256 1003 1293">
     <span class='ocr_line' id='line_1_28' title="bbox 211 1256 1003 1293; baseline -0.001 -9"><span class='ocrx_word' id='word_1_213' title='bbox 211 1256 366 1293; x_wconf 82' lang='lat' dir='ltr'><strong>apostolum</strong></span> <span class='ocrx_word' id='word_1_214' title='bbox 386 1256 569 1284; x_wconf 81' lang='lat' dir='ltr'><strong>confessionis</strong></span> <span class='ocrx_word' id='word_1_215' title='bbox 587 1261 688 1284; x_wconf 82' lang='lat' dir='ltr'><strong>nostrae</strong></span> <span class='ocrx_word' id='word_1_216' title='bbox 706 1256 859 1284; x_wconf 88' lang='lat' dir='ltr'><strong>secundum</strong></span> <span class='ocrx_word' id='word_1_217' title='bbox 877 1256 1003 1291; x_wconf 86' lang='lat' dir='ltr'><strong>Scriptu-</strong></span> 
     </span>
    </p>
   </div>
   <div class='ocr_carea' id='block_1_29' title="bbox 211 1302 1003 1339">
    <p class='ocr_par' dir='ltr' id='par_1_29' title="bbox 211 1302 1003 1339">
     <span class='ocr_line' id='line_1_29' title="bbox 211 1302 1003 1339; baseline -0.001 -8"><span class='ocrx_word' id='word_1_218' title='bbox 211 1311 266 1331; x_wconf 87' lang='lat' dir='ltr'><strong>ras.</strong></span> <span class='ocrx_word' id='word_1_219' title='bbox 284 1303 325 1331; x_wconf 86' lang='lat' dir='ltr'><strong>Sit</strong></span> <span class='ocrx_word' id='word_1_220' title='bbox 343 1303 426 1339; x_wconf 77' lang='lat' dir='ltr'><strong>igitur</strong></span> <span class='ocrx_word' id='word_1_221' title='bbox 441 1303 484 1330; x_wconf 82' lang='lat' dir='ltr'><strong>lex</strong></span> <span class='ocrx_word' id='word_1_222' title='bbox 496 1302 607 1331; x_wconf 86' lang='lat' dir='ltr'><strong>Christo</strong></span> <span class='ocrx_word' id='word_1_223' title='bbox 624 1311 673 1338; x_wconf 85' lang='lat' dir='ltr'><strong>per</strong></span> <span class='ocrx_word' id='word_1_224' title='bbox 692 1303 862 1338; x_wconf 87' lang='lat' dir='ltr'><strong>spiritualem</strong></span> <span class='ocrx_word' id='word_1_225' title='bbox 879 1307 1003 1330; x_wconf 89' lang='lat' dir='ltr'><strong>contem-</strong></span> 
     </span>
    </p>
   </div>
   <div class='ocr_carea' id='block_1_30' title="bbox 210 1343 1004 1387">
    <p class='ocr_par' dir='ltr' id='par_1_30' title="bbox 210 1343 1004 1387">
     <span class='ocr_line' id='line_1_30' title="bbox 210 1343 1004 1387; baseline -0.001 -9"><span class='ocrx_word' id='word_1_226' title='bbox 210 1350 361 1386; x_wconf 81' lang='lat' dir='ltr'><strong>plationem</strong></span> <span class='ocrx_word' id='word_1_227' title='bbox 372 1350 510 1386; x_wconf 85' lang='lat' dir='ltr'><strong>adjuncta.</strong></span> <span class='ocrx_word' id='word_1_228' title='bbox 522 1343 588 1378; x_wconf 78' lang='lat' dir='ltr'><strong>Nam</strong></span> <span class='ocrx_word' id='word_1_229' title='bbox 600 1350 685 1387; x_wconf 79' lang='lat' dir='ltr'><strong>Moysi</strong></span> <span class='ocrx_word' id='word_1_230' title='bbox 694 1350 798 1379; x_wconf 84' lang='lat' dir='ltr'><strong>dictum</strong></span> <span class='ocrx_word' id='word_1_231' title='bbox 810 1355 867 1378; x_wconf 89' lang='lat' dir='ltr'><strong>est:</strong></span> <span class='ocrx_word' id='word_1_232' title='bbox 881 1360 890 1375; x_wconf 73' lang='grc' dir='ltr'><strong>ι</strong></span> <span class='ocrx_word' id='word_1_233' title='bbox 902 1350 1004 1377; x_wconf 84' lang='lat' dir='ltr'><strong>Ascen-</strong></span> 
     </span>
    </p>
   </div>
   <div class='ocr_carea' id='block_1_31' title="bbox 210 1395 1002 1431">
    <p class='ocr_par' dir='ltr' id='par_1_31' title="bbox 210 1395 1002 1431">
     <span class='ocr_line' id='line_1_31' title="bbox 210 1395 1002 1431; baseline -0.003 -7"><span class='ocrx_word' id='word_1_234' title='bbox 210 1396 245 1424; x_wconf 81' lang='lat' dir='ltr'><strong>de</strong></span> <span class='ocrx_word' id='word_1_235' title='bbox 262 1400 291 1423; x_wconf 89' lang='lat' dir='ltr'><strong>tu</strong></span> <span class='ocrx_word' id='word_1_236' title='bbox 303 1400 331 1423; x_wconf 87' lang='lat' dir='ltr'><strong>et</strong></span> <span class='ocrx_word' id='word_1_237' title='bbox 342 1396 443 1424; x_wconf 84' lang='lat' dir='ltr'><strong>Aaron.</strong></span> <span class='ocrx_word' id='word_1_238' title='bbox 462 1405 471 1422; x_wconf 76' lang='grc' dir='ltr'><strong>ι</strong></span> <span class='ocrx_word' id='word_1_239' title='bbox 489 1411 525 1416; x_wconf 90' lang='lat'><strong>-—</strong></span> <span class='ocrx_word' id='word_1_240' title='bbox 541 1405 550 1422; x_wconf 88' lang='grc'><strong><em>‹</em></strong></span> <span class='ocrx_word' id='word_1_241' title='bbox 565 1395 630 1429; x_wconf 71' lang='lat' dir='ltr'><strong>Qua:</strong></span> <span class='ocrx_word' id='word_1_242' title='bbox 652 1396 738 1431; x_wconf 77' lang='lat' dir='ltr'><strong>igitur</strong></span> <span class='ocrx_word' id='word_1_243' title='bbox 756 1396 829 1423; x_wconf 89' lang='lat' dir='ltr'><strong>Deus</strong></span> <span class='ocrx_word' id='word_1_244' title='bbox 850 1395 1002 1430; x_wconf 79' lang='lat' dir='ltr'><strong>conjunxit,</strong></span> 
     </span>
    </p>
   </div>
   <div class='ocr_carea' id='block_1_32' title="bbox 211 1437 1001 1477">
    <p class='ocr_par' dir='ltr' id='par_1_32' title="bbox 211 1437 1001 1477">
     <span class='ocr_line' id='line_1_32' title="bbox 211 1437 1001 1477; baseline -0.003 -8"><span class='ocrx_word' id='word_1_245' title='bbox 211 1441 293 1470; x_wconf 87' lang='lat' dir='ltr'><strong>homo</strong></span> <span class='ocrx_word' id='word_1_246' title='bbox 304 1449 359 1469; x_wconf 91' lang='lat' dir='ltr'><strong>non</strong></span> <span class='ocrx_word' id='word_1_247' title='bbox 372 1441 511 1477; x_wconf 74' lang='lat' dir='ltr'><strong>separet”</strong></span> <span class='ocrx_word' id='word_1_248' title='bbox 520 1462 527 1474; x_wconf 95' lang='lat'><strong>,</strong></span> <span class='ocrx_word' id='word_1_249' title='bbox 544 1451 553 1467; x_wconf 75' lang='grc' dir='ltr'><strong>ι</strong></span> <span class='ocrx_word' id='word_1_250' title='bbox 568 1441 658 1477; x_wconf 91' lang='lat' dir='ltr'><strong>legem</strong></span> <span class='ocrx_word' id='word_1_251' title='bbox 670 1441 705 1469; x_wconf 80' lang='lat' dir='ltr'><strong>ab</strong></span> <span class='ocrx_word' id='word_1_252' title='bbox 716 1449 748 1468; x_wconf 88' lang='lat' dir='ltr'><strong>ea</strong></span> <span class='ocrx_word' id='word_1_253' title='bbox 760 1437 1001 1475; x_wconf 79' lang='lat' dir='ltr'><strong>contemplatione,</strong></span> 
     </span>
    </p>
   </div>
   <div class='ocr_carea' id='block_1_33' title="bbox 202 1485 1004 1523">
    <p class='ocr_par' dir='ltr' id='par_1_33' title="bbox 202 1485 1004 1523">
     <span class='ocr_line' id='line_1_33' title="bbox 202 1485 1004 1523; baseline -0.002 -9"><span class='ocrx_word' id='word_1_254' title='bbox 202 1494 271 1522; x_wconf 59' lang='lat' dir='ltr'><strong>qual</strong></span> <span class='ocrx_word' id='word_1_255' title='bbox 284 1487 312 1514; x_wconf 89' lang='lat' dir='ltr'><strong>in</strong></span> <span class='ocrx_word' id='word_1_256' title='bbox 327 1486 437 1514; x_wconf 87' lang='lat' dir='ltr'><strong>Christo</strong></span> <span class='ocrx_word' id='word_1_257' title='bbox 451 1491 503 1520; x_wconf 87' lang='lat' dir='ltr'><strong>est,</strong></span> <span class='ocrx_word' id='word_1_258' title='bbox 522 1487 685 1523; x_wconf 74' lang='lat' dir='ltr'><strong>abiungens,</strong></span> <span class='ocrx_word' id='word_1_259' title='bbox 698 1487 763 1515; x_wconf 89' lang='lat' dir='ltr'><strong>dum</strong></span> <span class='ocrx_word' id='word_1_260' title='bbox 777 1486 827 1514; x_wconf 90' lang='lat' dir='ltr'><strong>soli</strong></span> <span class='ocrx_word' id='word_1_261' title='bbox 840 1485 1004 1513; x_wconf 66' lang='lat' dir='ltr'><strong>adhzerescit</strong></span> 
     </span>
    </p>
   </div>
   <div class='ocr_carea' id='block_1_34' title="bbox 1056 241 1849 277">
    <p class='ocr_par' dir='ltr' id='par_1_34' title="bbox 1056 241 1849 277">
     <span class='ocr_line' id='line_1_34' title="bbox 1056 241 1849 277; baseline 0.001 -9"><span class='ocrx_word' id='word_1_262' title='bbox 1056 250 1111 274; x_wconf 80' lang='grc' dir='ltr'>νοις</span> <span class='ocrx_word' id='word_1_263' title='bbox 1136 243 1192 275; x_wconf 86' lang='grc' dir='ltr'>τοῖς</span> <span class='ocrx_word' id='word_1_264' title='bbox 1219 243 1302 270; x_wconf 72' lang='grc' dir='ltr'>εἰδόσι</span> <span class='ocrx_word' id='word_1_265' title='bbox 1321 241 1484 277; x_wconf 85' lang='grc' dir='ltr'>διαστείχειν</span> <span class='ocrx_word' id='word_1_266' title='bbox 1509 241 1604 277; x_wconf 78' lang='grc' dir='ltr'>αὐτὴν,</span> <span class='ocrx_word' id='word_1_267' title='bbox 1629 241 1730 277; x_wconf 80' lang='grc' dir='ltr'>μᾶλλον</span> <span class='ocrx_word' id='word_1_268' title='bbox 1746 241 1775 268; x_wconf 74' lang='grc' dir='ltr'>δὲ</span> <span class='ocrx_word' id='word_1_269' title='bbox 1799 244 1849 269; x_wconf 67' lang='grc' dir='ltr'>καὶ</span> 
     </span>
    </p>
   </div>
   <div class='ocr_carea' id='block_1_35' title="bbox 1055 287 1850 324">
    <p class='ocr_par' dir='ltr' id='par_1_35' title="bbox 1055 287 1850 324">
     <span class='ocr_line' id='line_1_35' title="bbox 1055 287 1850 324; baseline 0.001 -11"><span class='ocrx_word' id='word_1_270' title='bbox 1055 287 1096 319; x_wconf 81' lang='grc' dir='ltr'><strong>είς</strong></span> <span class='ocrx_word' id='word_1_271' title='bbox 1118 288 1196 315; x_wconf 86' lang='grc' dir='ltr'>τοῦτο</span> <span class='ocrx_word' id='word_1_272' title='bbox 1219 288 1399 324; x_wconf 82' lang='grc' dir='ltr'><strong>κεκλημένοις</strong></span> <span class='ocrx_word' id='word_1_273' title='bbox 1422 288 1497 324; x_wconf 81' lang='grc' dir='ltr'>παρὰ</span> <span class='ocrx_word' id='word_1_274' title='bbox 1525 287 1608 320; x_wconf 81' lang='grc' dir='ltr'>Θεοῦ,</span> <span class='ocrx_word' id='word_1_275' title='bbox 1635 287 1761 324; x_wconf 68' lang='grc' dir='ltr'>καθάπερ</span> <span class='ocrx_word' id='word_1_276' title='bbox 1777 288 1850 324; x_wconf 76' lang='grc' dir='ltr'>ἀμέ-</span> 
     </span>
    </p>
   </div>
   <div class='ocr_carea' id='block_1_36' title="bbox 1054 332 1851 371">
    <p class='ocr_par' dir='ltr' id='par_1_36' title="bbox 1054 332 1851 371">
     <span class='ocr_line' id='line_1_36' title="bbox 1054 332 1851 371; baseline 0.001 -11"><span class='ocrx_word' id='word_1_277' title='bbox 1054 333 1094 360; x_wconf 89' lang='grc' dir='ltr'><strong>λει</strong></span> <span class='ocrx_word' id='word_1_278' title='bbox 1107 333 1152 361; x_wconf 85' lang='grc' dir='ltr'>καὶ</span> <span class='ocrx_word' id='word_1_279' title='bbox 1164 335 1276 371; x_wconf 80' lang='grc' dir='ltr'>Μωσῆς.</span> <span class='ocrx_word' id='word_1_280' title='bbox 1295 334 1330 361; x_wconf 86' lang='lat' dir='ltr'><strong>Ei&#39;</strong></span> <span class='ocrx_word' id='word_1_281' title='bbox 1339 343 1381 367; x_wconf 87' lang='grc' dir='ltr'><strong>τις</strong></span> <span class='ocrx_word' id='word_1_282' title='bbox 1395 332 1442 361; x_wconf 81' lang='grc' dir='ltr'>οὖν</span> <span class='ocrx_word' id='word_1_283' title='bbox 1461 334 1515 370; x_wconf 76' lang='grc' dir='ltr'>ἄρα</span> <span class='ocrx_word' id='word_1_284' title='bbox 1532 334 1591 361; x_wconf 77' lang='grc' dir='ltr'>ἐστὶ</span> <span class='ocrx_word' id='word_1_285' title='bbox 1615 334 1708 366; x_wconf 84' lang='grc' dir='ltr'>πιστὸς</span> <span class='ocrx_word' id='word_1_286' title='bbox 1723 335 1772 361; x_wconf 70' lang='grc' dir='ltr'>καὶ</span> <span class='ocrx_word' id='word_1_287' title='bbox 1782 336 1851 370; x_wconf 80' lang='grc' dir='ltr'>γνή-</span> 
     </span>
    </p>
   </div>
   <div class='ocr_carea' id='block_1_37' title="bbox 1056 380 1850 417">
    <p class='ocr_par' dir='ltr' id='par_1_37' title="bbox 1056 380 1850 417">
     <span class='ocr_line' id='line_1_37' title="bbox 1056 380 1850 417; baseline 0.003 -11"><span class='ocrx_word' id='word_1_288' title='bbox 1056 388 1112 412; x_wconf 89' lang='grc' dir='ltr'>σιος</span> <span class='ocrx_word' id='word_1_289' title='bbox 1137 381 1166 407; x_wconf 84' lang='grc' dir='ltr'>ὲν</span> <span class='ocrx_word' id='word_1_290' title='bbox 1190 380 1256 417; x_wconf 85' lang='grc' dir='ltr'>οῐκῳ</span> <span class='ocrx_word' id='word_1_291' title='bbox 1276 381 1361 414; x_wconf 86' lang='grc' dir='ltr'>Θεοῦ,</span> <span class='ocrx_word' id='word_1_292' title='bbox 1387 381 1464 408; x_wconf 75' lang='grc' dir='ltr'>ἔσται</span> <span class='ocrx_word' id='word_1_293' title='bbox 1486 382 1535 408; x_wconf 76' lang='grc' dir='ltr'>καὶ</span> <span class='ocrx_word' id='word_1_294' title='bbox 1558 381 1641 413; x_wconf 81' lang='grc' dir='ltr'>αὐτὸς</span> <span class='ocrx_word' id='word_1_295' title='bbox 1662 382 1723 408; x_wconf 77' lang='grc' dir='ltr'>κατ’</span> <span class='ocrx_word' id='word_1_296' title='bbox 1743 382 1850 408; x_wconf 77' lang='grc' dir='ltr'>ἐκεῖνον</span> 
     </span>
    </p>
   </div>
   <div class='ocr_carea' id='block_1_38' title="bbox 1054 425 1851 462">
    <p class='ocr_par' dir='ltr' id='par_1_38' title="bbox 1054 425 1851 462">
     <span class='ocr_line' id='line_1_38' title="bbox 1054 425 1851 462; baseline 0 -10"><span class='ocrx_word' id='word_1_297' title='bbox 1054 425 1240 461; x_wconf 77' lang='grc' dir='ltr'>ὲξειλεγμένος</span> <span class='ocrx_word' id='word_1_298' title='bbox 1255 426 1302 453; x_wconf 75' lang='grc' dir='ltr'><strong>καὶ</strong></span> <span class='ocrx_word' id='word_1_299' title='bbox 1314 427 1476 461; x_wconf 76' lang='grc' dir='ltr'><strong>ἐπιτηδείως</strong></span> <span class='ocrx_word' id='word_1_300' title='bbox 1489 426 1558 462; x_wconf 76' lang='grc' dir='ltr'>ἔχων</span> <span class='ocrx_word' id='word_1_301' title='bbox 1571 427 1610 458; x_wconf 85' lang='grc' dir='ltr'><strong>είς</strong></span> <span class='ocrx_word' id='word_1_302' title='bbox 1625 426 1655 452; x_wconf 82' lang='grc' dir='ltr'>τὸ</span> <span class='ocrx_word' id='word_1_303' title='bbox 1668 426 1753 462; x_wconf 79' lang='grc' dir='ltr'>ἀγχοῦ</span> <span class='ocrx_word' id='word_1_304' title='bbox 1768 427 1851 460; x_wconf 81' lang='grc' dir='ltr'>γενέ-</span> 
     </span>
    </p>
   </div>
   <div class='ocr_carea' id='block_1_39' title="bbox 1056 471 1851 508">
    <p class='ocr_par' dir='ltr' id='par_1_39' title="bbox 1056 471 1851 508">
     <span class='ocr_line' id='line_1_39' title="bbox 1056 471 1851 508; baseline 0 -10"><span class='ocrx_word' id='word_1_305' title='bbox 1056 471 1117 498; x_wconf 79' lang='grc' dir='ltr'>σθαι</span> <span class='ocrx_word' id='word_1_306' title='bbox 1133 471 1211 506; x_wconf 93' lang='grc' dir='ltr'>Θεοῦ,</span> <span class='ocrx_word' id='word_1_307' title='bbox 1229 472 1300 500; x_wconf 84' lang='grc' dir='ltr'><strong>κατά</strong></span> <span class='ocrx_word' id='word_1_308' title='bbox 1311 480 1344 507; x_wconf 89' lang='grc' dir='ltr'><strong>γε</strong></span> <span class='ocrx_word' id='word_1_309' title='bbox 1355 472 1400 499; x_wconf 75' lang='grc' dir='ltr'>τὸν</span> <span class='ocrx_word' id='word_1_310' title='bbox 1417 473 1446 499; x_wconf 80' lang='grc' dir='ltr'>ἑν</span> <span class='ocrx_word' id='word_1_311' title='bbox 1461 472 1590 507; x_wconf 78' lang='grc' dir='ltr'><strong>ἁγιασμῷ</strong></span> <span class='ocrx_word' id='word_1_312' title='bbox 1611 473 1657 499; x_wconf 72' lang='grc' dir='ltr'>καὶ</span> <span class='ocrx_word' id='word_1_313' title='bbox 1671 473 1773 508; x_wconf 83' lang='grc' dir='ltr'>εἰδήσει</span> <span class='ocrx_word' id='word_1_314' title='bbox 1785 473 1851 508; x_wconf 84' lang='grc' dir='ltr'>τρό-</span> 
     </span>
    </p>
   </div>
   <div class='ocr_carea' id='block_1_40' title="bbox 1055 517 1848 553">
    <p class='ocr_par' dir='ltr' id='par_1_40' title="bbox 1055 517 1848 553">
     <span class='ocr_line' id='line_1_40' title="bbox 1055 517 1848 553; baseline 0.004 -10"><span class='ocrx_word' id='word_1_315' title='bbox 1055 525 1116 544; x_wconf 79' lang='grc' dir='ltr'>πον.</span> <span class='ocrx_word' id='word_1_316' title='bbox 1138 517 1309 552; x_wconf 83' lang='grc' dir='ltr'>Συνεσόμεθα</span> <span class='ocrx_word' id='word_1_317' title='bbox 1338 517 1393 553; x_wconf 85' lang='grc' dir='ltr'><strong>γὰρ</strong></span> <span class='ocrx_word' id='word_1_318' title='bbox 1416 517 1504 550; x_wconf 78' lang='grc' dir='ltr'>οὕτως</span> <span class='ocrx_word' id='word_1_319' title='bbox 1527 517 1601 553; x_wconf 82' lang='grc' dir='ltr'>αύτῷ</span> <span class='ocrx_word' id='word_1_320' title='bbox 1620 517 1736 552; x_wconf 84' lang='grc' dir='ltr'>λέγοντι·</span> <span class='ocrx_word' id='word_1_321' title='bbox 1768 528 1778 546; x_wconf 74' lang='grc' dir='ltr'>α</span> <span class='ocrx_word' id='word_1_322' title='bbox 1808 518 1848 551; x_wconf 61' lang='grc' dir='ltr'>Σὺ</span> 
     </span>
    </p>
   </div>
   <div class='ocr_carea' id='block_1_41' title="bbox 1054 563 1849 601">
    <p class='ocr_par' dir='ltr' id='par_1_41' title="bbox 1054 563 1849 601">
     <span class='ocr_line' id='line_1_41' title="bbox 1054 563 1849 601; baseline 0.004 -12"><span class='ocrx_word' id='word_1_323' title='bbox 1054 563 1083 589; x_wconf 82' lang='grc' dir='ltr'>δὲ</span> <span class='ocrx_word' id='word_1_324' title='bbox 1106 563 1189 590; x_wconf 84' lang='grc' dir='ltr'>αὑτοῦ</span> <span class='ocrx_word' id='word_1_325' title='bbox 1210 563 1286 600; x_wconf 78' lang='grc' dir='ltr'>στῆθι</span> <span class='ocrx_word' id='word_1_326' title='bbox 1314 565 1373 600; x_wconf 80' lang='grc' dir='ltr'>μετ’</span> <span class='ocrx_word' id='word_1_327' title='bbox 1395 564 1474 600; x_wconf 75' lang='grc' dir='ltr'>ἐμοῦ.</span> <span class='ocrx_word' id='word_1_328' title='bbox 1500 574 1509 590; x_wconf 71' lang='grc' dir='ltr'><strong>ι</strong></span> <span class='ocrx_word' id='word_1_329' title='bbox 1541 564 1789 601; x_wconf 80' lang='grc' dir='ltr'>Ἀποκαθαίρεσθαι</span> <span class='ocrx_word' id='word_1_330' title='bbox 1818 565 1849 592; x_wconf 81' lang='grc' dir='ltr'>δὲ</span> 
     </span>
    </p>
   </div>
   <div class='ocr_carea' id='block_1_42' title="bbox 1054 609 1849 647">
    <p class='ocr_par' dir='ltr' id='par_1_42' title="bbox 1054 609 1849 647">
     <span class='ocr_line' id='line_1_42' title="bbox 1054 609 1849 647; baseline 0.001 -10"><span class='ocrx_word' id='word_1_331' title='bbox 1054 609 1109 637; x_wconf 76' lang='grc' dir='ltr'>δεῖν</span> <span class='ocrx_word' id='word_1_332' title='bbox 1127 611 1189 642; x_wconf 79' lang='grc' dir='ltr'>τοὺς</span> <span class='ocrx_word' id='word_1_333' title='bbox 1212 611 1346 647; x_wconf 75' lang='grc' dir='ltr'>ἱερωσύνῃ</span> <span class='ocrx_word' id='word_1_334' title='bbox 1370 611 1609 647; x_wconf 82' lang='grc' dir='ltr'>κατεστεμμένους</span> <span class='ocrx_word' id='word_1_335' title='bbox 1631 612 1778 647; x_wconf 79' lang='grc' dir='ltr'><strong>παρεγγυᾷ</strong></span> <span class='ocrx_word' id='word_1_336' title='bbox 1800 611 1849 638; x_wconf 84' lang='grc' dir='ltr'>λέ-</span> 
     </span>
    </p>
   </div>
   <div class='ocr_carea' id='block_1_43' title="bbox 1055 656 1845 693">
    <p class='ocr_par' dir='ltr' id='par_1_43' title="bbox 1055 656 1845 693">
     <span class='ocr_line' id='line_1_43' title="bbox 1055 656 1845 693; baseline 0.003 -11"><span class='ocrx_word' id='word_1_337' title='bbox 1055 664 1130 690; x_wconf 89' lang='grc' dir='ltr'>γων·</span> <span class='ocrx_word' id='word_1_338' title='bbox 1153 666 1162 682; x_wconf 83' lang='grc' dir='ltr'><strong>ι</strong></span> <span class='ocrx_word' id='word_1_339' title='bbox 1192 657 1305 692; x_wconf 82' lang='grc' dir='ltr'><strong>Μήποτε</strong></span> <span class='ocrx_word' id='word_1_340' title='bbox 1331 656 1474 693; x_wconf 76' lang='grc' dir='ltr'><strong>ἀπαλλάξῃ</strong></span> <span class='ocrx_word' id='word_1_341' title='bbox 1499 658 1547 684; x_wconf 82' lang='grc' dir='ltr'>ἀπ’</span> <span class='ocrx_word' id='word_1_342' title='bbox 1573 657 1664 684; x_wconf 79' lang='grc' dir='ltr'>αὐτῶν</span> <span class='ocrx_word' id='word_1_343' title='bbox 1688 657 1799 693; x_wconf 83' lang='grc' dir='ltr'>Κύριος.</span> <span class='ocrx_word' id='word_1_344' title='bbox 1834 666 1845 684; x_wconf 75' lang='grc' dir='ltr'><strong>ι</strong></span> 
     </span>
    </p>
   </div>
   <div class='ocr_carea' id='block_1_44' title="bbox 1056 702 1850 740">
    <p class='ocr_par' dir='ltr' id='par_1_44' title="bbox 1056 702 1850 740">
     <span class='ocr_line' id='line_1_44' title="bbox 1056 702 1850 740; baseline 0.001 -11"><span class='ocrx_word' id='word_1_345' title='bbox 1056 702 1193 739; x_wconf 77' lang='grc' dir='ltr'>Σφαλερδν</span> <span class='ocrx_word' id='word_1_346' title='bbox 1209 703 1264 739; x_wconf 86' lang='grc' dir='ltr'>γὰρ</span> <span class='ocrx_word' id='word_1_347' title='bbox 1280 703 1381 739; x_wconf 83' lang='grc' dir='ltr'>κομιδῇ</span> <span class='ocrx_word' id='word_1_348' title='bbox 1399 703 1449 739; x_wconf 69' lang='grc' dir='ltr'>τῆς</span> <span class='ocrx_word' id='word_1_349' title='bbox 1466 703 1613 740; x_wconf 72' lang='grc' dir='ltr'><strong>ἱερωσύνης</strong></span> <span class='ocrx_word' id='word_1_350' title='bbox 1629 704 1658 730; x_wconf 82' lang='grc' dir='ltr'><strong>τὺ</strong></span> <span class='ocrx_word' id='word_1_351' title='bbox 1675 703 1779 739; x_wconf 78' lang='grc' dir='ltr'>χρῆμα,</span> <span class='ocrx_word' id='word_1_352' title='bbox 1798 704 1850 730; x_wconf 72' lang='grc' dir='ltr'>καὶ</span> 
     </span>
    </p>
   </div>
   <div class='ocr_carea' id='block_1_45' title="bbox 1056 748 1848 786">
    <p class='ocr_par' dir='ltr' id='par_1_45' title="bbox 1056 748 1848 786">
     <span class='ocr_line' id='line_1_45' title="bbox 1056 748 1848 786; baseline 0.003 -11"><span class='ocrx_word' id='word_1_353' title='bbox 1056 748 1185 776; x_wconf 76' lang='grc' dir='ltr'>κινδύνων</span> <span class='ocrx_word' id='word_1_354' title='bbox 1201 749 1251 776; x_wconf 79' lang='grc' dir='ltr'>οὐκ</span> <span class='ocrx_word' id='word_1_355' title='bbox 1275 750 1422 783; x_wconf 78' lang='grc' dir='ltr'><strong>ἀπωτάτω,</strong></span> <span class='ocrx_word' id='word_1_356' title='bbox 1439 750 1538 786; x_wconf 80' lang='grc' dir='ltr'>μᾶλλον</span> <span class='ocrx_word' id='word_1_357' title='bbox 1560 750 1589 776; x_wconf 81' lang='grc' dir='ltr'>δὲ</span> <span class='ocrx_word' id='word_1_358' title='bbox 1605 751 1653 777; x_wconf 73' lang='grc' dir='ltr'>καὶ</span> <span class='ocrx_word' id='word_1_359' title='bbox 1675 750 1735 777; x_wconf 81' lang='grc' dir='ltr'>λίαν</span> <span class='ocrx_word' id='word_1_360' title='bbox 1750 751 1848 784; x_wconf 69' lang='grc' dir='ltr'>ἐγγὺς,</span> 
     </span>
    </p>
   </div>
   <div class='ocr_carea' id='block_1_46' title="bbox 1056 794 1842 831">
    <p class='ocr_par' dir='ltr' id='par_1_46' title="bbox 1056 794 1842 831">
     <span class='ocr_line' id='line_1_46' title="bbox 1056 794 1842 831; baseline 0.003 -11"><span class='ocrx_word' id='word_1_361' title='bbox 1056 795 1080 821; x_wconf 90' lang='grc' dir='ltr'><strong>εί</strong></span> <span class='ocrx_word' id='word_1_362' title='bbox 1096 794 1132 830; x_wconf 77' lang='grc' dir='ltr'>μὴ</span> <span class='ocrx_word' id='word_1_363' title='bbox 1145 794 1232 830; x_wconf 82' lang='grc' dir='ltr'>ὁρῷτο</span> <span class='ocrx_word' id='word_1_364' title='bbox 1248 795 1348 831; x_wconf 79' lang='grc' dir='ltr'>προσὸν</span> <span class='ocrx_word' id='word_1_365' title='bbox 1366 795 1396 822; x_wconf 79' lang='grc' dir='ltr'><strong>τὺ</strong></span> <span class='ocrx_word' id='word_1_366' title='bbox 1414 795 1564 831; x_wconf 76' lang='grc' dir='ltr'><strong>ἀμώμητον</strong></span> <span class='ocrx_word' id='word_1_367' title='bbox 1580 797 1620 828; x_wconf 77' lang='grc' dir='ltr'><strong>εἰς</strong></span> <span class='ocrx_word' id='word_1_368' title='bbox 1643 795 1727 831; x_wconf 83' lang='grc' dir='ltr'>ζωήν·</span> <span class='ocrx_word' id='word_1_369' title='bbox 1744 796 1842 830; x_wconf 82' lang='grc' dir='ltr'>ἁγίους</span> 
     </span>
    </p>
   </div>
   <div class='ocr_carea' id='block_1_47' title="bbox 1056 838 1848 877">
    <p class='ocr_par' dir='ltr' id='par_1_47' title="bbox 1056 838 1848 877">
     <span class='ocr_line' id='line_1_47' title="bbox 1056 838 1848 877; baseline 0.001 -10"><span class='ocrx_word' id='word_1_370' title='bbox 1056 839 1110 876; x_wconf 84' lang='grc' dir='ltr'><strong>γὰρ</strong></span> <span class='ocrx_word' id='word_1_371' title='bbox 1123 838 1192 868; x_wconf 78' lang='grc' dir='ltr'>εἶναι</span> <span class='ocrx_word' id='word_1_372' title='bbox 1206 841 1306 877; x_wconf 76' lang='grc' dir='ltr'>πρέπει</span> <span class='ocrx_word' id='word_1_373' title='bbox 1327 841 1390 873; x_wconf 78' lang='grc' dir='ltr'>τοὺς</span> <span class='ocrx_word' id='word_1_374' title='bbox 1407 841 1447 876; x_wconf 82' lang='grc' dir='ltr'><strong>τῷ</strong></span> <span class='ocrx_word' id='word_1_375' title='bbox 1463 842 1594 877; x_wconf 83' lang='grc' dir='ltr'>πανάγνῳ</span> <span class='ocrx_word' id='word_1_376' title='bbox 1619 842 1848 876; x_wconf 79' lang='grc' dir='ltr'>λειτουργοῦντας</span> 
     </span>
    </p>
   </div>
   <div class='ocr_carea' id='block_1_48' title="bbox 1019 869 1846 922">
    <p class='ocr_par' dir='ltr' id='par_1_48' title="bbox 1019 869 1846 922">
     <span class='ocr_line' id='line_1_48' title="bbox 1019 869 1846 922; baseline 0.002 -10"><span class='ocrx_word' id='word_1_377' title='bbox 1019 869 1043 899; x_wconf 72' lang='grc' dir='ltr'><strong>Β</strong></span> <span class='ocrx_word' id='word_1_378' title='bbox 1154 869 1233 913; x_wconf 51' lang='grc' dir='ltr'>Εἶτά.</span> <span class='ocrx_word' id='word_1_379' title='bbox 1246 894 1312 921; x_wconf 81' lang='grc' dir='ltr'>φησι</span> <span class='ocrx_word' id='word_1_380' title='bbox 1325 894 1331 901; x_wconf 91' lang='grc'>·</span> <span class='ocrx_word' id='word_1_381' title='bbox 1354 895 1362 912; x_wconf 84' lang='grc' dir='ltr'><strong>ι</strong></span> <span class='ocrx_word' id='word_1_382' title='bbox 1380 869 1446 913; x_wconf 45' lang='grc' dir='ltr'><strong>⁷Καὶ</strong></span> <span class='ocrx_word' id='word_1_383' title='bbox 1473 869 1656 922; x_wconf 46' lang='grc' dir='ltr'>εἷπεᾟύριος</span> <span class='ocrx_word' id='word_1_384' title='bbox 1682 869 1721 922; x_wconf 60' lang='lat' dir='ltr'><strong>eq;</strong></span> <span class='ocrx_word' id='word_1_385' title='bbox 1735 869 1846 922; x_wconf 49' lang='grc' dir='ltr'>’Μωσῇί</span> 
     </span>
    </p>
   </div>
   <div class='ocr_carea' id='block_1_49' title="bbox 1055 931 1848 968">
    <p class='ocr_par' dir='ltr' id='par_1_49' title="bbox 1055 931 1848 968">
     <span class='ocr_line' id='line_1_49' title="bbox 1055 931 1848 968; baseline 0.001 -10"><span class='ocrx_word' id='word_1_386' title='bbox 1055 931 1162 965; x_wconf 80' lang='grc' dir='ltr'>Βάδιζε,</span> <span class='ocrx_word' id='word_1_387' title='bbox 1183 931 1318 968; x_wconf 74' lang='grc' dir='ltr'>κατάϐηθι</span> <span class='ocrx_word' id='word_1_388' title='bbox 1335 933 1382 959; x_wconf 80' lang='grc' dir='ltr'>καὶ</span> <span class='ocrx_word' id='word_1_389' title='bbox 1401 932 1517 968; x_wconf 77' lang='grc' dir='ltr'>ἀνάϐηθι</span> <span class='ocrx_word' id='word_1_390' title='bbox 1538 932 1570 959; x_wconf 77' lang='grc' dir='ltr'>σὺ</span> <span class='ocrx_word' id='word_1_391' title='bbox 1589 933 1636 959; x_wconf 74' lang='grc' dir='ltr'><strong>καὶ</strong></span> <span class='ocrx_word' id='word_1_392' title='bbox 1655 931 1761 968; x_wconf 82' lang='grc' dir='ltr'>Ἀαρὼν</span> <span class='ocrx_word' id='word_1_393' title='bbox 1776 934 1848 968; x_wconf 77' lang='grc' dir='ltr'><strong>μετά</strong></span> 
     </span>
    </p>
   </div>
   <div class='ocr_carea' id='block_1_50' title="bbox 1056 977 1846 1014">
    <p class='ocr_par' dir='ltr' id='par_1_50' title="bbox 1056 977 1846 1014">
     <span class='ocr_line' id='line_1_50' title="bbox 1056 977 1846 1014; baseline 0 -10"><span class='ocrx_word' id='word_1_394' title='bbox 1056 977 1114 1005; x_wconf 80' lang='grc' dir='ltr'>σοῦ·</span> <span class='ocrx_word' id='word_1_395' title='bbox 1129 979 1152 1005; x_wconf 72' lang='lat' dir='ltr'><strong>at</strong></span> <span class='ocrx_word' id='word_1_396' title='bbox 1167 978 1195 1004; x_wconf 80' lang='grc' dir='ltr'>δὲ</span> <span class='ocrx_word' id='word_1_397' title='bbox 1208 979 1290 1014; x_wconf 85' lang='grc' dir='ltr'>ίερεῖς</span> <span class='ocrx_word' id='word_1_398' title='bbox 1307 978 1355 1005; x_wconf 70' lang='grc' dir='ltr'><strong>καὶ</strong></span> <span class='ocrx_word' id='word_1_399' title='bbox 1373 979 1387 1006; x_wconf 84' lang='grc' dir='ltr'>ὁ</span> <span class='ocrx_word' id='word_1_400' title='bbox 1403 978 1466 1010; x_wconf 83' lang='grc' dir='ltr'>λαὸς</span> <span class='ocrx_word' id='word_1_401' title='bbox 1483 977 1520 1014; x_wconf 88' lang='grc' dir='ltr'>μὴ</span> <span class='ocrx_word' id='word_1_402' title='bbox 1537 977 1723 1013; x_wconf 77' lang='grc' dir='ltr'>βιαςέσοωσαν</span> <span class='ocrx_word' id='word_1_403' title='bbox 1739 978 1846 1012; x_wconf 78' lang='grc' dir='ltr'>ἀναΰῆ-</span> 
     </span>
    </p>
   </div>
   <div class='ocr_carea' id='block_1_51' title="bbox 1055 1024 1846 1061">
    <p class='ocr_par' dir='ltr' id='par_1_51' title="bbox 1055 1024 1846 1061">
     <span class='ocr_line' id='line_1_51' title="bbox 1055 1024 1846 1061; baseline -0.001 -10"><span class='ocrx_word' id='word_1_404' title='bbox 1055 1033 1098 1051; x_wconf 72' lang='lat' dir='ltr'><strong>vat</strong></span> <span class='ocrx_word' id='word_1_405' title='bbox 1115 1025 1182 1060; x_wconf 81' lang='grc' dir='ltr'>πρὸς</span> <span class='ocrx_word' id='word_1_406' title='bbox 1194 1025 1240 1052; x_wconf 79' lang='grc' dir='ltr'>τὸν</span> <span class='ocrx_word' id='word_1_407' title='bbox 1254 1024 1330 1059; x_wconf 80' lang='grc' dir='ltr'>Θεὸν,</span> <span class='ocrx_word' id='word_1_408' title='bbox 1346 1026 1451 1061; x_wconf 84' lang='grc' dir='ltr'>μήποτε</span> <span class='ocrx_word' id='word_1_409' title='bbox 1475 1025 1596 1060; x_wconf 80' lang='grc' dir='ltr'>ἀπολέσῃ</span> <span class='ocrx_word' id='word_1_410' title='bbox 1614 1025 1662 1052; x_wconf 81' lang='grc' dir='ltr'>ἀπ’</span> <span class='ocrx_word' id='word_1_411' title='bbox 1678 1024 1770 1052; x_wconf 81' lang='grc' dir='ltr'>αὐτῶν</span> <span class='ocrx_word' id='word_1_412' title='bbox 1784 1024 1846 1050; x_wconf 77' lang='lat' dir='ltr'><strong>K6-</strong></span> 
     </span>
    </p>
   </div>
   <div class='ocr_carea' id='block_1_52' title="bbox 1056 1070 1844 1107">
    <p class='ocr_par' dir='ltr' id='par_1_52' title="bbox 1056 1070 1844 1107">
     <span class='ocr_line' id='line_1_52' title="bbox 1056 1070 1844 1107; baseline -0.001 -10"><span class='ocrx_word' id='word_1_413' title='bbox 1056 1079 1122 1106; x_wconf 87' lang='grc' dir='ltr'>ριος.</span> <span class='ocrx_word' id='word_1_414' title='bbox 1146 1081 1156 1097; x_wconf 71' lang='grc' dir='ltr'><strong>ι</strong></span> <span class='ocrx_word' id='word_1_415' title='bbox 1175 1071 1295 1098; x_wconf 77' lang='grc' dir='ltr'>Ἀνεισιν</span> <span class='ocrx_word' id='word_1_416' title='bbox 1317 1072 1330 1098; x_wconf 82' lang='grc' dir='ltr'>ὁ</span> <span class='ocrx_word' id='word_1_417' title='bbox 1350 1072 1453 1107; x_wconf 82' lang='grc' dir='ltr'><strong>Μωσῆς</strong></span> <span class='ocrx_word' id='word_1_418' title='bbox 1469 1071 1516 1098; x_wconf 77' lang='grc' dir='ltr'>καὶ</span> <span class='ocrx_word' id='word_1_419' title='bbox 1530 1071 1561 1098; x_wconf 82' lang='grc' dir='ltr'>οὐ</span> <span class='ocrx_word' id='word_1_420' title='bbox 1576 1071 1637 1106; x_wconf 84' lang='grc' dir='ltr'>δίχα</span> <span class='ocrx_word' id='word_1_421' title='bbox 1656 1071 1703 1097; x_wconf 83' lang='grc' dir='ltr'><strong>τοῦ</strong></span> <span class='ocrx_word' id='word_1_422' title='bbox 1725 1070 1844 1106; x_wconf 81' lang='grc' dir='ltr'>Ἀαρὼν,</span> 
     </span>
    </p>
   </div>
   <div class='ocr_carea' id='block_1_53' title="bbox 1053 1115 1846 1154">
    <p class='ocr_par' dir='ltr' id='par_1_53' title="bbox 1053 1115 1846 1154">
     <span class='ocr_line' id='line_1_53' title="bbox 1053 1115 1846 1154; baseline 0.001 -11"><span class='ocrx_word' id='word_1_423' title='bbox 1053 1116 1083 1149; x_wconf 82' lang='grc' dir='ltr'>ὃς</span> <span class='ocrx_word' id='word_1_424' title='bbox 1097 1115 1130 1153; x_wconf 81' lang='grc' dir='ltr'>ἦν</span> <span class='ocrx_word' id='word_1_425' title='bbox 1148 1118 1188 1149; x_wconf 83' lang='grc' dir='ltr'><strong>εἰς</strong></span> <span class='ocrx_word' id='word_1_426' title='bbox 1201 1117 1287 1144; x_wconf 85' lang='grc' dir='ltr'>τύπον</span> <span class='ocrx_word' id='word_1_427' title='bbox 1301 1117 1432 1154; x_wconf 85' lang='grc' dir='ltr'>Χριστοῦ,</span> <span class='ocrx_word' id='word_1_428' title='bbox 1447 1117 1544 1153; x_wconf 85' lang='grc' dir='ltr'>Τίμιος</span> <span class='ocrx_word' id='word_1_429' title='bbox 1560 1118 1614 1154; x_wconf 88' lang='grc' dir='ltr'><strong>γὰρ</strong></span> <span class='ocrx_word' id='word_1_430' title='bbox 1628 1117 1711 1153; x_wconf 77' lang='grc' dir='ltr'>νόμος</span> <span class='ocrx_word' id='word_1_431' title='bbox 1726 1118 1755 1144; x_wconf 81' lang='grc' dir='ltr'>ὲν</span> <span class='ocrx_word' id='word_1_432' title='bbox 1777 1117 1846 1152; x_wconf 80' lang='grc' dir='ltr'>Χρι-</span> 
     </span>
    </p>
   </div>
   <div class='ocr_carea' id='block_1_54' title="bbox 1055 1162 1844 1198">
    <p class='ocr_par' dir='ltr' id='par_1_54' title="bbox 1055 1162 1844 1198">
     <span class='ocr_line' id='line_1_54' title="bbox 1055 1162 1844 1198; baseline -0.003 -8"><span class='ocrx_word' id='word_1_433' title='bbox 1055 1162 1120 1198; x_wconf 85' lang='grc' dir='ltr'>στῷ,</span> <span class='ocrx_word' id='word_1_434' title='bbox 1137 1164 1185 1190; x_wconf 78' lang='grc' dir='ltr'>καὶ</span> <span class='ocrx_word' id='word_1_435' title='bbox 1208 1163 1245 1195; x_wconf 85' lang='grc' dir='ltr'>ὠς</span> <span class='ocrx_word' id='word_1_436' title='bbox 1261 1164 1338 1198; x_wconf 80' lang='grc' dir='ltr'>ἆγιος</span> <span class='ocrx_word' id='word_1_437' title='bbox 1353 1163 1387 1190; x_wconf 86' lang='grc' dir='ltr'>δι’</span> <span class='ocrx_word' id='word_1_438' title='bbox 1403 1163 1497 1196; x_wconf 78' lang='grc' dir='ltr'>αὑτὸν,</span> <span class='ocrx_word' id='word_1_439' title='bbox 1514 1163 1599 1198; x_wconf 75' lang='grc' dir='ltr'>ἐγγὺς</span> <span class='ocrx_word' id='word_1_440' title='bbox 1625 1162 1694 1190; x_wconf 84' lang='grc' dir='ltr'>Θεοῦ</span> <span class='ocrx_word' id='word_1_441' title='bbox 1707 1162 1756 1190; x_wconf 77' lang='grc' dir='ltr'>καὶ</span> <span class='ocrx_word' id='word_1_442' title='bbox 1773 1162 1844 1197; x_wconf 79' lang='grc' dir='ltr'><strong>μετά</strong></span> 
     </span>
    </p>
   </div>
   <div class='ocr_carea' id='block_1_55' title="bbox 1054 1208 1846 1244">
    <p class='ocr_par' dir='ltr' id='par_1_55' title="bbox 1054 1208 1846 1244">
     <span class='ocr_line' id='line_1_55' title="bbox 1054 1208 1846 1244; baseline -0.001 -9"><span class='ocrx_word' id='word_1_443' title='bbox 1054 1208 1133 1235; x_wconf 81' lang='grc' dir='ltr'>Θεοῦ.</span> <span class='ocrx_word' id='word_1_444' title='bbox 1150 1208 1330 1244; x_wconf 83' lang='grc' dir='ltr'>Διακηρύττει</span> <span class='ocrx_word' id='word_1_445' title='bbox 1347 1209 1401 1244; x_wconf 83' lang='grc' dir='ltr'><strong>γὰρ</strong></span> <span class='ocrx_word' id='word_1_446' title='bbox 1415 1208 1462 1235; x_wconf 75' lang='grc' dir='ltr'>καὶ</span> <span class='ocrx_word' id='word_1_447' title='bbox 1484 1209 1566 1240; x_wconf 72' lang='grc' dir='ltr'>αὐτὸς</span> <span class='ocrx_word' id='word_1_448' title='bbox 1588 1208 1635 1235; x_wconf 83' lang='grc' dir='ltr'>τὸν</span> <span class='ocrx_word' id='word_1_449' title='bbox 1651 1208 1784 1244; x_wconf 78' lang='grc' dir='ltr'><strong>ἀρχιερέα</strong></span> <span class='ocrx_word' id='word_1_450' title='bbox 1798 1208 1846 1234; x_wconf 70' lang='grc' dir='ltr'><strong>καὶ</strong></span> 
     </span>
    </p>
   </div>
   <div class='ocr_carea' id='block_1_56' title="bbox 1053 1253 1842 1290">
    <p class='ocr_par' dir='ltr' id='par_1_56' title="bbox 1053 1253 1842 1290">
     <span class='ocr_line' id='line_1_56' title="bbox 1053 1253 1842 1290; baseline 0 -10"><span class='ocrx_word' id='word_1_451' title='bbox 1053 1253 1200 1282; x_wconf 73' lang='grc' dir='ltr'>ἀπόστολον</span> <span class='ocrx_word' id='word_1_452' title='bbox 1218 1255 1267 1289; x_wconf 87' lang='grc' dir='ltr'>τῆς</span> <span class='ocrx_word' id='word_1_453' title='bbox 1289 1254 1432 1290; x_wconf 79' lang='grc' dir='ltr'>ὁμολογίας</span> <span class='ocrx_word' id='word_1_454' title='bbox 1456 1254 1544 1289; x_wconf 82' lang='grc' dir='ltr'>ήμῶν,</span> <span class='ocrx_word' id='word_1_455' title='bbox 1567 1253 1637 1281; x_wconf 87' lang='grc' dir='ltr'><strong>κατά</strong></span> <span class='ocrx_word' id='word_1_456' title='bbox 1651 1253 1700 1285; x_wconf 86' lang='grc' dir='ltr'><strong>τὰς</strong></span> <span class='ocrx_word' id='word_1_457' title='bbox 1719 1253 1842 1289; x_wconf 60' lang='grc' dir='ltr'>Γραφάς.</span> 
     </span>
    </p>
   </div>
   <div class='ocr_carea' id='block_1_57' title="bbox 1053 1298 1844 1337">
    <p class='ocr_par' dir='ltr' id='par_1_57' title="bbox 1053 1298 1844 1337">
     <span class='ocr_line' id='line_1_57' title="bbox 1053 1298 1844 1337; baseline -0.003 -10"><span class='ocrx_word' id='word_1_458' title='bbox 1053 1298 1295 1336; x_wconf 79' lang='grc' dir='ltr'>Παρεζεύχθωοῦν</span> <span class='ocrx_word' id='word_1_459' title='bbox 1313 1302 1328 1327; x_wconf 81' lang='grc' dir='ltr'><strong><em>ὁ</em></strong></span> <span class='ocrx_word' id='word_1_460' title='bbox 1341 1301 1424 1336; x_wconf 86' lang='grc' dir='ltr'>νόμος</span> <span class='ocrx_word' id='word_1_461' title='bbox 1443 1299 1564 1337; x_wconf 83' lang='grc' dir='ltr'><strong>Χριστῷ,</strong></span> <span class='ocrx_word' id='word_1_462' title='bbox 1581 1299 1625 1326; x_wconf 86' lang='grc' dir='ltr'><strong>διά</strong></span> <span class='ocrx_word' id='word_1_463' title='bbox 1644 1300 1695 1335; x_wconf 83' lang='grc' dir='ltr'>τῆς</span> <span class='ocrx_word' id='word_1_464' title='bbox 1712 1299 1741 1326; x_wconf 79' lang='grc' dir='ltr'>ὲν</span> <span class='ocrx_word' id='word_1_465' title='bbox 1758 1298 1844 1326; x_wconf 79' lang='grc' dir='ltr'>πνεύ-</span> 
     </span>
    </p>
   </div>
   <div class='ocr_carea' id='block_1_58' title="bbox 1055 1344 1844 1382">
    <p class='ocr_par' dir='ltr' id='par_1_58' title="bbox 1055 1344 1844 1382">
     <span class='ocr_line' id='line_1_58' title="bbox 1055 1344 1844 1382; baseline -0.001 -10"><span class='ocrx_word' id='word_1_466' title='bbox 1055 1355 1119 1382; x_wconf 89' lang='grc' dir='ltr'>ματι</span> <span class='ocrx_word' id='word_1_467' title='bbox 1141 1346 1268 1382; x_wconf 87' lang='grc' dir='ltr'>θεωρίας,</span> <span class='ocrx_word' id='word_1_468' title='bbox 1298 1347 1411 1382; x_wconf 82' lang='grc' dir='ltr'>Ἀκήκοε</span> <span class='ocrx_word' id='word_1_469' title='bbox 1431 1347 1486 1382; x_wconf 79' lang='grc' dir='ltr'><strong>γὰρ</strong></span> <span class='ocrx_word' id='word_1_470' title='bbox 1506 1347 1520 1373; x_wconf 81' lang='grc' dir='ltr'>ὁ</span> <span class='ocrx_word' id='word_1_471' title='bbox 1542 1346 1654 1380; x_wconf 79' lang='grc' dir='ltr'>Μωσῆς·</span> <span class='ocrx_word' id='word_1_472' title='bbox 1676 1355 1686 1371; x_wconf 80' lang='grc' dir='ltr'><strong>ι</strong></span> <span class='ocrx_word' id='word_1_473' title='bbox 1712 1344 1844 1380; x_wconf 74' lang='grc' dir='ltr'>Ἀνάὃηθι</span> 
     </span>
    </p>
   </div>
   <div class='ocr_carea' id='block_1_59' title="bbox 1053 1391 1844 1427">
    <p class='ocr_par' dir='ltr' id='par_1_59' title="bbox 1053 1391 1844 1427">
     <span class='ocr_line' id='line_1_59' title="bbox 1053 1391 1844 1427; baseline -0.001 -9"><span class='ocrx_word' id='word_1_474' title='bbox 1053 1392 1086 1419; x_wconf 80' lang='grc' dir='ltr'>σὺ</span> <span class='ocrx_word' id='word_1_475' title='bbox 1100 1392 1146 1418; x_wconf 76' lang='grc' dir='ltr'><strong>καὶ</strong></span> <span class='ocrx_word' id='word_1_476' title='bbox 1160 1391 1274 1427; x_wconf 76' lang='grc' dir='ltr'>Ἀαρών.</span> <span class='ocrx_word' id='word_1_477' title='bbox 1289 1401 1351 1419; x_wconf 77' lang='grc' dir='ltr'>ι-ι</span> <span class='ocrx_word' id='word_1_478' title='bbox 1365 1391 1459 1427; x_wconf 63' lang='grc' dir='ltr'>Ἀμοῦν</span> <span class='ocrx_word' id='word_1_479' title='bbox 1473 1392 1539 1424; x_wconf 78' lang='grc' dir='ltr'>Θεὸς</span> <span class='ocrx_word' id='word_1_480' title='bbox 1554 1391 1724 1424; x_wconf 80' lang='grc' dir='ltr'><strong>συνέζευξεν,</strong></span> <span class='ocrx_word' id='word_1_481' title='bbox 1739 1391 1844 1427; x_wconf 77' lang='grc' dir='ltr'>ἀνθρω-</span> 
     </span>
    </p>
   </div>
   <div class='ocr_carea' id='block_1_60' title="bbox 1052 1436 1842 1473">
    <p class='ocr_par' dir='ltr' id='par_1_60' title="bbox 1052 1436 1842 1473">
     <span class='ocr_line' id='line_1_60' title="bbox 1052 1436 1842 1473; baseline 0 -11"><span class='ocrx_word' id='word_1_482' title='bbox 1052 1444 1102 1468; x_wconf 88' lang='grc' dir='ltr'><strong>πος</strong></span> <span class='ocrx_word' id='word_1_483' title='bbox 1118 1436 1156 1472; x_wconf 83' lang='grc' dir='ltr'>μὴ</span> <span class='ocrx_word' id='word_1_484' title='bbox 1175 1437 1326 1472; x_wconf 75' lang='grc' dir='ltr'><strong>χωριζέτω,</strong></span> <span class='ocrx_word' id='word_1_485' title='bbox 1343 1446 1352 1462; x_wconf 74' lang='grc' dir='ltr'><strong>ι</strong></span> <span class='ocrx_word' id='word_1_486' title='bbox 1371 1438 1422 1473; x_wconf 85' lang='grc' dir='ltr'>τῆς</span> <span class='ocrx_word' id='word_1_487' title='bbox 1436 1437 1466 1464; x_wconf 82' lang='grc' dir='ltr'>ὲν</span> <span class='ocrx_word' id='word_1_488' title='bbox 1479 1436 1590 1473; x_wconf 66' lang='grc' dir='ltr'>Χριστῷ</span> <span class='ocrx_word' id='word_1_489' title='bbox 1607 1436 1724 1472; x_wconf 82' lang='grc' dir='ltr'>θεωρίας</span> <span class='ocrx_word' id='word_1_490' title='bbox 1739 1437 1842 1463; x_wconf 70' lang='grc' dir='ltr'>ἀποκοι</span> 
     </span>
    </p>
   </div>
   <div class='ocr_carea' id='block_1_61' title="bbox 1053 1482 1842 1520">
    <p class='ocr_par' dir='ltr' id='par_1_61' title="bbox 1053 1482 1842 1520">
     <span class='ocr_line' id='line_1_61' title="bbox 1053 1482 1842 1520; baseline 0.003 -12"><span class='ocrx_word' id='word_1_491' title='bbox 1053 1482 1140 1517; x_wconf 73' lang='grc' dir='ltr'>μίζων</span> <span class='ocrx_word' id='word_1_492' title='bbox 1157 1483 1204 1510; x_wconf 82' lang='grc' dir='ltr'><strong>τὸν</strong></span> <span class='ocrx_word' id='word_1_493' title='bbox 1219 1483 1366 1519; x_wconf 78' lang='grc' dir='ltr'>νόμον,-διὰ</span> <span class='ocrx_word' id='word_1_494' title='bbox 1379 1483 1409 1510; x_wconf 85' lang='grc' dir='ltr'><strong>τὺ</strong></span> <span class='ocrx_word' id='word_1_495' title='bbox 1426 1483 1494 1520; x_wconf 82' lang='grc' dir='ltr'>μόνῃ</span> <span class='ocrx_word' id='word_1_496' title='bbox 1510 1482 1692 1519; x_wconf 78' lang='grc' dir='ltr'>προσκεῖσθαι</span> <span class='ocrx_word' id='word_1_497' title='bbox 1710 1484 1744 1519; x_wconf 79' lang='grc' dir='ltr'>τῇ</span> <span class='ocrx_word' id='word_1_498' title='bbox 1766 1484 1842 1519; x_wconf 82' lang='grc' dir='ltr'>σκιᾷ,</span> 
     </span>
    </p>
   </div>
   <div class='ocr_carea' id='block_1_62' title="bbox 201 1529 1001 1569">
    <p class='ocr_par' dir='ltr' id='par_1_62' title="bbox 201 1531 1001 1569">
     <span class='ocr_line' id='line_1_62' title="bbox 201 1531 1001 1569; baseline 0.001 -11"><span class='ocrx_word' id='word_1_499' title='bbox 201 1531 325 1565; x_wconf 64' lang='lat' dir='ltr'><strong>umbrae,</strong></span> <span class='ocrx_word' id='word_1_500' title='bbox 340 1536 368 1560; x_wconf 91' lang='lat' dir='ltr'><strong>et</strong></span> <span class='ocrx_word' id='word_1_501' title='bbox 387 1532 535 1560; x_wconf 82' lang='lat' dir='ltr'><strong>veritatem</strong></span> <span class='ocrx_word' id='word_1_502' title='bbox 556 1533 590 1560; x_wconf 89' lang='lat' dir='ltr'><strong>ad</strong></span> <span class='ocrx_word' id='word_1_503' title='bbox 611 1533 759 1569; x_wconf 81' lang='lat' dir='ltr'><strong>imaginem</strong></span> <span class='ocrx_word' id='word_1_504' title='bbox 778 1531 925 1568; x_wconf 81' lang='lat' dir='ltr'><strong>ﬁgurarum</strong></span> <span class='ocrx_word' id='word_1_505' title='bbox 945 1540 1001 1560; x_wconf 86' lang='lat' dir='ltr'><strong>non</strong></span> 
     </span>
    </p>
   </div>
   <div class='ocr_carea' id='block_1_63' title="bbox 1053 1529 1845 1569">
    <p class='ocr_par' dir='ltr' id='par_1_63' title="bbox 1053 1529 1845 1565">
     <span class='ocr_line' id='line_1_63' title="bbox 1053 1529 1845 1565; baseline 0 -9"><span class='ocrx_word' id='word_1_506' title='bbox 1053 1529 1099 1556; x_wconf 79' lang='grc' dir='ltr'>καὶ</span> <span class='ocrx_word' id='word_1_507' title='bbox 1115 1529 1153 1565; x_wconf 84' lang='grc' dir='ltr'>μὴ</span> <span class='ocrx_word' id='word_1_508' title='bbox 1166 1531 1208 1562; x_wconf 80' lang='grc' dir='ltr'><strong>είς</strong></span> <span class='ocrx_word' id='word_1_509' title='bbox 1220 1530 1313 1557; x_wconf 72' lang='grc' dir='ltr'>εἰκόνα</span> <span class='ocrx_word' id='word_1_510' title='bbox 1327 1530 1381 1557; x_wconf 84' lang='grc' dir='ltr'><strong>τῶν</strong></span> <span class='ocrx_word' id='word_1_511' title='bbox 1393 1531 1485 1558; x_wconf 80' lang='grc' dir='ltr'>τύπων</span> <span class='ocrx_word' id='word_1_512' title='bbox 1499 1529 1700 1565; x_wconf 81' lang='grc' dir='ltr'>παραδέχεσθαι</span> <span class='ocrx_word' id='word_1_513' title='bbox 1713 1530 1764 1565; x_wconf 78' lang='grc' dir='ltr'>τὴν</span> <span class='ocrx_word' id='word_1_514' title='bbox 1778 1530 1845 1565; x_wconf 86' lang='grc' dir='ltr'>ἀλή-</span> 
     </span>
    </p>
   </div>
   <div class='ocr_carea' id='block_1_64' title="bbox 209 1577 1003 1615">
    <p class='ocr_par' dir='ltr' id='par_1_64' title="bbox 209 1577 1003 1615">
     <span class='ocr_line' id='line_1_64' title="bbox 209 1577 1003 1615; baseline 0.004 -9"><span class='ocrx_word' id='word_1_515' title='bbox 209 1577 340 1606; x_wconf 74' lang='lat' dir='ltr'><strong>ndmittit.</strong></span> <span class='ocrx_word' id='word_1_516' title='bbox 361 1578 415 1606; x_wconf 89' lang='lat' dir='ltr'><strong>Sed</strong></span> <span class='ocrx_word' id='word_1_517' title='bbox 438 1586 547 1607; x_wconf 89' lang='lat' dir='ltr'><strong>sacrum</strong></span> <span class='ocrx_word' id='word_1_518' title='bbox 571 1579 638 1607; x_wconf 90' lang='lat' dir='ltr'><strong>illud</strong></span> <span class='ocrx_word' id='word_1_519' title='bbox 661 1588 747 1615; x_wconf 87' lang='lat' dir='ltr'><strong>genus</strong></span> <span class='ocrx_word' id='word_1_520' title='bbox 764 1581 793 1608; x_wconf 88' lang='lat' dir='ltr'><strong>in</strong></span> <span class='ocrx_word' id='word_1_521' title='bbox 809 1585 930 1609; x_wconf 90' lang='lat' dir='ltr'><strong>montem</strong></span> <span class='ocrx_word' id='word_1_522' title='bbox 949 1590 1003 1609; x_wconf 92' lang='lat' dir='ltr'><strong>una</strong></span> 
     </span>
    </p>
   </div>
   <div class='ocr_carea' id='block_1_65' title="bbox 209 1624 1002 1662">
    <p class='ocr_par' dir='ltr' id='par_1_65' title="bbox 209 1624 1002 1662">
     <span class='ocr_line' id='line_1_65' title="bbox 209 1624 1002 1662; baseline 0.003 -9"><span class='ocrx_word' id='word_1_523' title='bbox 209 1631 274 1653; x_wconf 80' lang='lat' dir='ltr'><strong>cum</strong></span> <span class='ocrx_word' id='word_1_524' title='bbox 288 1624 395 1660; x_wconf 82' lang='lat' dir='ltr'><strong>populis</strong></span> <span class='ocrx_word' id='word_1_525' title='bbox 409 1625 558 1653; x_wconf 86' lang='lat' dir='ltr'><strong>ascendere</strong></span> <span class='ocrx_word' id='word_1_526' title='bbox 570 1624 748 1660; x_wconf 87' lang='lat' dir='ltr'><strong>prohibetur;</strong></span> <span class='ocrx_word' id='word_1_527' title='bbox 767 1634 857 1662; x_wconf 90' lang='lat' dir='ltr'><strong>neque</strong></span> <span class='ocrx_word' id='word_1_528' title='bbox 870 1628 944 1655; x_wconf 89' lang='lat' dir='ltr'><strong>enim</strong></span> <span class='ocrx_word' id='word_1_529' title='bbox 958 1627 1002 1661; x_wconf 82' lang='lat' dir='ltr'><strong>iis,</strong></span> 
     </span>
    </p>
   </div>
   <div class='ocr_carea' id='block_1_66' title="bbox 204 1670 1002 1707">
    <p class='ocr_par' dir='ltr' id='par_1_66' title="bbox 204 1670 1002 1707">
     <span class='ocr_line' id='line_1_66' title="bbox 204 1670 1002 1707; baseline 0.005 -10"><span class='ocrx_word' id='word_1_530' title='bbox 204 1670 258 1706; x_wconf 78' lang='lat' dir='ltr'><strong>qui</strong></span> <span class='ocrx_word' id='word_1_531' title='bbox 280 1671 340 1706; x_wconf 86' lang='lat' dir='ltr'><strong>lege</strong></span> <span class='ocrx_word' id='word_1_532' title='bbox 362 1675 507 1706; x_wconf 82' lang='lat' dir='ltr'><strong>reguntur,</strong></span> <span class='ocrx_word' id='word_1_533' title='bbox 526 1679 616 1707; x_wconf 87' lang='lat' dir='ltr'><strong>neque</strong></span> <span class='ocrx_word' id='word_1_534' title='bbox 639 1672 684 1705; x_wconf 89' lang='lat' dir='ltr'><strong>iis,</strong></span> <span class='ocrx_word' id='word_1_535' title='bbox 696 1672 743 1707; x_wconf 91' lang='lat' dir='ltr'><strong>qui</strong></span> <span class='ocrx_word' id='word_1_536' title='bbox 766 1671 856 1700; x_wconf 88' lang='lat' dir='ltr'><strong>adhuc</strong></span> <span class='ocrx_word' id='word_1_537' title='bbox 874 1673 951 1700; x_wconf 90' lang='lat' dir='ltr'><strong>illum</strong></span> <span class='ocrx_word' id='word_1_538' title='bbox 974 1674 1002 1701; x_wconf 90' lang='lat' dir='ltr'><strong>in</strong></span> 
     </span>
    </p>
   </div>
   <div class='ocr_carea' id='block_1_67' title="bbox 206 1716 1002 1751">
    <p class='ocr_par' dir='ltr' id='par_1_67' title="bbox 206 1716 1002 1751">
     <span class='ocr_line' id='line_1_67' title="bbox 206 1716 1002 1751; baseline 0.004 -7"><span class='ocrx_word' id='word_1_539' title='bbox 206 1716 317 1744; x_wconf 76' lang='lat' dir='ltr'><strong>umbris</strong></span> <span class='ocrx_word' id='word_1_540' title='bbox 338 1717 444 1744; x_wconf 83' lang='lat' dir='ltr'><strong>cultum</strong></span> <span class='ocrx_word' id='word_1_541' title='bbox 465 1717 608 1750; x_wconf 86' lang='lat' dir='ltr'><strong>exhibent,</strong></span> <span class='ocrx_word' id='word_1_542' title='bbox 623 1717 717 1745; x_wconf 91' lang='lat' dir='ltr'><strong>datum</strong></span> <span class='ocrx_word' id='word_1_543' title='bbox 737 1726 752 1745; x_wconf 84' lang='lat' dir='ltr'><strong>a</strong></span> <span class='ocrx_word' id='word_1_544' title='bbox 771 1718 827 1746; x_wconf 88' lang='lat' dir='ltr'><strong>Deo</strong></span> <span class='ocrx_word' id='word_1_545' title='bbox 844 1723 896 1751; x_wconf 87' lang='lat' dir='ltr'><strong>est,</strong></span> <span class='ocrx_word' id='word_1_546' title='bbox 909 1723 939 1746; x_wconf 90' lang='lat' dir='ltr'><strong>ut</strong></span> <span class='ocrx_word' id='word_1_547' title='bbox 956 1720 1002 1747; x_wconf 85' lang='lat' dir='ltr'><strong>illa</strong></span> 
     </span>
    </p>
   </div>
   <div class='ocr_carea' id='block_1_68' title="bbox 209 1761 1003 1799">
    <p class='ocr_par' dir='ltr' id='par_1_68' title="bbox 209 1761 1003 1799">
     <span class='ocr_line' id='line_1_68' title="bbox 209 1761 1003 1799; baseline 0.003 -10"><span class='ocrx_word' id='word_1_548' title='bbox 209 1762 318 1790; x_wconf 81' lang='lat' dir='ltr'><strong>excelsa</strong></span> <span class='ocrx_word' id='word_1_549' title='bbox 338 1767 370 1789; x_wconf 87' lang='lat' dir='ltr'><strong>ac</strong></span> <span class='ocrx_word' id='word_1_550' title='bbox 390 1769 498 1789; x_wconf 69' lang='lat' dir='ltr'><strong>summa</strong></span> <span class='ocrx_word' id='word_1_551' title='bbox 518 1762 656 1798; x_wconf 75' lang='lat' dir='ltr'><strong>dogmata,</strong></span> <span class='ocrx_word' id='word_1_552' title='bbox 669 1769 731 1797; x_wconf 82' lang='lat' dir='ltr'><strong>quae</strong></span> <span class='ocrx_word' id='word_1_553' title='bbox 747 1761 782 1789; x_wconf 89' lang='lat' dir='ltr'><strong>ad</strong></span> <span class='ocrx_word' id='word_1_554' title='bbox 803 1762 890 1797; x_wconf 88' lang='lat' dir='ltr'><strong>ipsius</strong></span> <span class='ocrx_word' id='word_1_555' title='bbox 910 1764 1003 1799; x_wconf 91' lang='lat' dir='ltr'><strong>cogni-</strong></span> 
     </span>
    </p>
   </div>
   <div class='ocr_carea' id='block_1_69' title="bbox 210 1806 1002 1842">
    <p class='ocr_par' dir='ltr' id='par_1_69' title="bbox 210 1806 1002 1842">
     <span class='ocr_line' id='line_1_69' title="bbox 210 1806 1002 1842; baseline 0.003 -8"><span class='ocrx_word' id='word_1_556' title='bbox 210 1807 313 1834; x_wconf 87' lang='lat' dir='ltr'><strong>tionem</strong></span> <span class='ocrx_word' id='word_1_557' title='bbox 334 1806 486 1842; x_wconf 85' lang='lat' dir='ltr'><strong>pertinent,</strong></span> <span class='ocrx_word' id='word_1_558' title='bbox 506 1806 584 1835; x_wconf 81' lang='lat' dir='ltr'><strong>adire</strong></span> <span class='ocrx_word' id='word_1_559' title='bbox 607 1807 728 1842; x_wconf 89' lang='lat' dir='ltr'><strong>possint;</strong></span> <span class='ocrx_word' id='word_1_560' title='bbox 749 1807 797 1834; x_wconf 87' lang='lat' dir='ltr'><strong>sed</strong></span> <span class='ocrx_word' id='word_1_561' title='bbox 817 1812 956 1836; x_wconf 86' lang='lat' dir='ltr'><strong>servatum</strong></span> <span class='ocrx_word' id='word_1_562' title='bbox 975 1809 1002 1836; x_wconf 87' lang='lat' dir='ltr'><strong>id</strong></span> 
     </span>
    </p>
   </div>
   <div class='ocr_carea' id='block_1_70' title="bbox 207 1852 1002 1889">
    <p class='ocr_par' dir='ltr' id='par_1_70' title="bbox 207 1852 1002 1889">
     <span class='ocr_line' id='line_1_70' title="bbox 207 1852 1002 1889; baseline 0.003 -9"><span class='ocrx_word' id='word_1_563' title='bbox 207 1852 302 1888; x_wconf 89' lang='lat' dir='ltr'><strong>potius</strong></span> <span class='ocrx_word' id='word_1_564' title='bbox 317 1857 360 1880; x_wconf 90' lang='lat' dir='ltr'><strong>est</strong></span> <span class='ocrx_word' id='word_1_565' title='bbox 381 1853 426 1886; x_wconf 90' lang='lat' dir='ltr'><strong>iis,</strong></span> <span class='ocrx_word' id='word_1_566' title='bbox 441 1853 489 1888; x_wconf 89' lang='lat' dir='ltr'><strong>qui</strong></span> <span class='ocrx_word' id='word_1_567' title='bbox 514 1853 542 1880; x_wconf 91' lang='lat' dir='ltr'><strong>in</strong></span> <span class='ocrx_word' id='word_1_568' title='bbox 564 1852 617 1880; x_wconf 76' lang='lat' dir='ltr'><strong>ﬁde</strong></span> <span class='ocrx_word' id='word_1_569' title='bbox 636 1852 789 1889; x_wconf 84' lang='lat' dir='ltr'><strong>justiﬁcati,</strong></span> <span class='ocrx_word' id='word_1_570' title='bbox 806 1857 835 1881; x_wconf 89' lang='lat' dir='ltr'><strong>et</strong></span> <span class='ocrx_word' id='word_1_571' title='bbox 853 1853 881 1880; x_wconf 93' lang='lat' dir='ltr'><strong>in</strong></span> <span class='ocrx_word' id='word_1_572' title='bbox 893 1853 1002 1882; x_wconf 86' lang='lat' dir='ltr'><strong>Christo</strong></span> 
     </span>
    </p>
   </div>
   <div class='ocr_carea' id='block_1_71' title="bbox 209 1897 1002 1935">
    <p class='ocr_par' dir='ltr' id='par_1_71' title="bbox 209 1897 1002 1935">
     <span class='ocr_line' id='line_1_71' title="bbox 209 1897 1002 1935; baseline 0.001 -9"><span class='ocrx_word' id='word_1_573' title='bbox 209 1897 244 1926; x_wconf 82' lang='lat' dir='ltr'><strong>ad</strong></span> <span class='ocrx_word' id='word_1_574' title='bbox 256 1898 444 1927; x_wconf 81' lang='lat' dir='ltr'><strong>obedientiam</strong></span> <span class='ocrx_word' id='word_1_575' title='bbox 454 1902 547 1934; x_wconf 88' lang='lat' dir='ltr'><strong>atque.</strong></span> <span class='ocrx_word' id='word_1_576' title='bbox 556 1898 742 1934; x_wconf 84' lang='lat' dir='ltr'><strong>cognitionem</strong></span> <span class='ocrx_word' id='word_1_577' title='bbox 754 1899 835 1935; x_wconf 88' lang='lat' dir='ltr'><strong>longe</strong></span> <span class='ocrx_word' id='word_1_578' title='bbox 859 1899 904 1927; x_wconf 82' lang='lat' dir='ltr'><strong>illa</strong></span> <span class='ocrx_word' id='word_1_579' title='bbox 915 1901 1002 1928; x_wconf 88' lang='lat' dir='ltr'><strong>veteri</strong></span> 
     </span>
    </p>
   </div>
   <div class='ocr_carea' id='block_1_72' title="bbox 207 1943 1001 1981">
    <p class='ocr_par' dir='ltr' id='par_1_72' title="bbox 207 1943 1001 1981">
     <span class='ocr_line' id='line_1_72' title="bbox 207 1943 1001 1981; baseline 0 -8"><span class='ocrx_word' id='word_1_580' title='bbox 207 1944 430 1981; x_wconf 62' lang='lat' dir='ltr'><strong>praestantiorem</strong></span> <span class='ocrx_word' id='word_1_581' title='bbox 442 1948 507 1973; x_wconf 89' lang='lat' dir='ltr'><strong>sunt</strong></span> <span class='ocrx_word' id='word_1_582' title='bbox 520 1945 622 1972; x_wconf 83' lang='lat' dir='ltr'><strong>vocati.</strong></span> <span class='ocrx_word' id='word_1_583' title='bbox 635 1943 704 1972; x_wconf 82' lang='lat' dir='ltr'><strong>Nam</strong></span> <span class='ocrx_word' id='word_1_584' title='bbox 722 1945 889 1973; x_wconf 89' lang='lat' dir='ltr'><strong>eminentem</strong></span> <span class='ocrx_word' id='word_1_585' title='bbox 906 1946 1001 1981; x_wconf 88' lang='lat' dir='ltr'><strong>cogni-</strong></span> 
     </span>
    </p>
   </div>
   <div class='ocr_carea' id='block_1_73' title="bbox 209 1990 1000 2026">
    <p class='ocr_par' dir='ltr' id='par_1_73' title="bbox 209 1990 1000 2026">
     <span class='ocr_line' id='line_1_73' title="bbox 209 1990 1000 2026; baseline 0.001 -7"><span class='ocrx_word' id='word_1_586' title='bbox 209 1991 312 2020; x_wconf 66' lang='lat' dir='ltr'><strong>tionem</strong></span> <span class='ocrx_word' id='word_1_587' title='bbox 323 1990 427 2019; x_wconf 86' lang='lat' dir='ltr'><strong>Christi</strong></span> <span class='ocrx_word' id='word_1_588' title='bbox 440 1991 539 2019; x_wconf 86' lang='lat' dir='ltr'><strong>beatus</strong></span> <span class='ocrx_word' id='word_1_589' title='bbox 550 1998 659 2026; x_wconf 88' lang='lat' dir='ltr'><strong>quoque</strong></span> <span class='ocrx_word' id='word_1_590' title='bbox 668 1990 769 2019; x_wconf 88' lang='lat' dir='ltr'><strong>Paulus</strong></span> <span class='ocrx_word' id='word_1_591' title='bbox 780 1996 822 2019; x_wconf 90' lang='lat' dir='ltr'><strong>est</strong></span> <span class='ocrx_word' id='word_1_592' title='bbox 832 1991 1000 2020; x_wconf 82' lang='lat' dir='ltr'><strong>admiratus:</strong></span> 
     </span>
    </p>
   </div>
   <div class='ocr_carea' id='block_1_74' title="bbox 209 2035 1002 2073">
    <p class='ocr_par' dir='ltr' id='par_1_74' title="bbox 209 2035 1002 2073">
     <span class='ocr_line' id='line_1_74' title="bbox 209 2035 1002 2073; baseline 0.001 -8"><span class='ocrx_word' id='word_1_593' title='bbox 209 2044 242 2065; x_wconf 76' lang='lat' dir='ltr'><strong>ac</strong></span> <span class='ocrx_word' id='word_1_594' title='bbox 250 2038 329 2066; x_wconf 85' lang='lat' dir='ltr'><strong>testis</strong></span> <span class='ocrx_word' id='word_1_595' title='bbox 339 2037 403 2065; x_wconf 87' lang='lat' dir='ltr'><strong>huic</strong></span> <span class='ocrx_word' id='word_1_596' title='bbox 411 2037 452 2064; x_wconf 87' lang='lat' dir='ltr'><strong>rei</strong></span> <span class='ocrx_word' id='word_1_597' title='bbox 460 2037 513 2065; x_wconf 89' lang='lat' dir='ltr'><strong>erit</strong></span> <span class='ocrx_word' id='word_1_598' title='bbox 522 2037 580 2072; x_wconf 85' lang='lat' dir='ltr'><strong>ipse</strong></span> <span class='ocrx_word' id='word_1_599' title='bbox 588 2044 698 2072; x_wconf 89' lang='lat' dir='ltr'><strong>quoque</strong></span> <span class='ocrx_word' id='word_1_600' title='bbox 706 2035 841 2070; x_wconf 87' lang='lat' dir='ltr'><strong>Salvator,</strong></span> <span class='ocrx_word' id='word_1_601' title='bbox 850 2038 897 2073; x_wconf 89' lang='lat' dir='ltr'><strong>qui</strong></span> <span class='ocrx_word' id='word_1_602' title='bbox 907 2043 1002 2073; x_wconf 87' lang='lat' dir='ltr'><strong>aperte</strong></span> 
     </span>
    </p>
   </div>
   <div class='ocr_carea' id='block_1_75' title="bbox 210 2083 1002 2120">
    <p class='ocr_par' dir='ltr' id='par_1_75' title="bbox 210 2083 1002 2120">
     <span class='ocr_line' id='line_1_75' title="bbox 210 2083 1002 2120; baseline 0 -8"><span class='ocrx_word' id='word_1_603' title='bbox 210 2088 269 2112; x_wconf 90' lang='lat' dir='ltr'><strong>tum</strong></span> <span class='ocrx_word' id='word_1_604' title='bbox 287 2084 322 2112; x_wconf 87' lang='lat' dir='ltr'><strong>de</strong></span> <span class='ocrx_word' id='word_1_605' title='bbox 340 2084 431 2117; x_wconf 87' lang='lat' dir='ltr'><strong>nobis,</strong></span> <span class='ocrx_word' id='word_1_606' title='bbox 448 2088 506 2112; x_wconf 88' lang='lat' dir='ltr'><strong>tum</strong></span> <span class='ocrx_word' id='word_1_607' title='bbox 523 2091 590 2111; x_wconf 86' lang='lat' dir='ltr'><strong>vero</strong></span> <span class='ocrx_word' id='word_1_608' title='bbox 610 2083 645 2112; x_wconf 90' lang='lat' dir='ltr'><strong>de</strong></span> <span class='ocrx_word' id='word_1_609' title='bbox 666 2083 711 2117; x_wconf 90' lang='lat' dir='ltr'><strong>iis,</strong></span> <span class='ocrx_word' id='word_1_610' title='bbox 726 2084 773 2120; x_wconf 89' lang='lat' dir='ltr'><strong>qui</strong></span> <span class='ocrx_word' id='word_1_611' title='bbox 792 2092 807 2112; x_wconf 92' lang='lat' dir='ltr'><strong>e</strong></span> <span class='ocrx_word' id='word_1_612' title='bbox 824 2093 923 2120; x_wconf 78' lang='lat' dir='ltr'><strong>genere</strong></span> <span class='ocrx_word' id='word_1_613' title='bbox 938 2089 1002 2113; x_wconf 86' lang='lat' dir='ltr'><strong>sunt</strong></span> 
     </span>
    </p>
   </div>
   <div class='ocr_carea' id='block_1_76' title="bbox 209 2128 1002 2168">
    <p class='ocr_par' dir='ltr' id='par_1_76' title="bbox 209 2128 1002 2168">
     <span class='ocr_line' id='line_1_76' title="bbox 209 2128 1002 2168; baseline 0.003 -11"><span class='ocrx_word' id='word_1_614' title='bbox 209 2129 304 2163; x_wconf 82' lang='lat' dir='ltr'><strong>lsrael,</strong></span> <span class='ocrx_word' id='word_1_615' title='bbox 323 2128 391 2158; x_wconf 88' lang='lat' dir='ltr'><strong>dicit</strong></span> <span class='ocrx_word' id='word_1_616' title='bbox 411 2139 418 2157; x_wconf 88' lang='lat'>:</span> <span class='ocrx_word' id='word_1_617' title='bbox 443 2139 452 2156; x_wconf 81' lang='grc' dir='ltr'><strong>ι</strong></span> <span class='ocrx_word' id='word_1_618' title='bbox 476 2129 560 2158; x_wconf 86' lang='lat' dir='ltr'><strong>Vobis</strong></span> <span class='ocrx_word' id='word_1_619' title='bbox 585 2129 680 2158; x_wconf 84' lang='lat' dir='ltr'><strong>datum</strong></span> <span class='ocrx_word' id='word_1_620' title='bbox 701 2135 744 2159; x_wconf 89' lang='lat' dir='ltr'><strong>est</strong></span> <span class='ocrx_word' id='word_1_621' title='bbox 768 2139 849 2159; x_wconf 85' lang='lat' dir='ltr'><strong>nosse</strong></span> <span class='ocrx_word' id='word_1_622' title='bbox 872 2132 1002 2168; x_wconf 82' lang='lat' dir='ltr'><strong>mysteria</strong></span> 
     </span>
    </p>
   </div>
   <div class='ocr_carea' id='block_1_77' title="bbox 209 2175 1001 2211">
    <p class='ocr_par' dir='ltr' id='par_1_77' title="bbox 209 2175 1001 2211">
     <span class='ocr_line' id='line_1_77' title="bbox 209 2175 1001 2211; baseline 0.003 -9"><span class='ocrx_word' id='word_1_623' title='bbox 209 2175 288 2211; x_wconf 83' lang='lat' dir='ltr'><strong>regni</strong></span> <span class='ocrx_word' id='word_1_624' title='bbox 303 2175 447 2207; x_wconf 67' lang='lat' dir='ltr'><strong>caelorum,</strong></span> <span class='ocrx_word' id='word_1_625' title='bbox 466 2175 521 2203; x_wconf 88' lang='lat' dir='ltr'><strong>illis</strong></span> <span class='ocrx_word' id='word_1_626' title='bbox 541 2178 634 2202; x_wconf 86' lang='lat' dir='ltr'><strong>autem</strong></span> <span class='ocrx_word' id='word_1_627' title='bbox 650 2183 705 2202; x_wconf 90' lang='lat' dir='ltr'><strong>non</strong></span> <span class='ocrx_word' id='word_1_628' title='bbox 717 2180 760 2203; x_wconf 88' lang='lat' dir='ltr'><strong>est</strong></span> <span class='ocrx_word' id='word_1_629' title='bbox 774 2175 868 2203; x_wconf 86' lang='lat' dir='ltr'><strong>datum</strong></span> <span class='ocrx_word' id='word_1_630' title='bbox 881 2176 915 2203; x_wconf 85' lang='lat'><strong>“.</strong></span> <span class='ocrx_word' id='word_1_631' title='bbox 933 2187 942 2203; x_wconf 73' lang='grc' dir='ltr'><strong>ι</strong></span> <span class='ocrx_word' id='word_1_632' title='bbox 962 2177 1001 2205; x_wconf 85' lang='lat' dir='ltr'><strong>Ac</strong></span> 
     </span>
    </p>
   </div>
   <div class='ocr_carea' id='block_1_78' title="bbox 210 2219 1000 2256">
    <p class='ocr_par' dir='ltr' id='par_1_78' title="bbox 210 2219 1000 2256">
     <span class='ocr_line' id='line_1_78' title="bbox 210 2219 1000 2256; baseline 0.004 -8"><span class='ocrx_word' id='word_1_633' title='bbox 210 2219 245 2248; x_wconf 85' lang='lat' dir='ltr'><strong>de</strong></span> <span class='ocrx_word' id='word_1_634' title='bbox 255 2220 358 2248; x_wconf 64' lang='lat' dir='ltr'><strong>Iudaeis</strong></span> <span class='ocrx_word' id='word_1_635' title='bbox 371 2220 482 2255; x_wconf 91' lang='lat' dir='ltr'><strong>quidem</strong></span> <span class='ocrx_word' id='word_1_636' title='bbox 497 2229 504 2248; x_wconf 83' lang='lat'><strong>:</strong></span> <span class='ocrx_word' id='word_1_637' title='bbox 521 2230 530 2246; x_wconf 76' lang='grc' dir='ltr'><strong>ι</strong></span> <span class='ocrx_word' id='word_1_638' title='bbox 545 2220 632 2249; x_wconf 87' lang='lat' dir='ltr'><strong>Sinite</strong></span> <span class='ocrx_word' id='word_1_639' title='bbox 652 2221 730 2256; x_wconf 90' lang='lat' dir='ltr'><strong>illos;</strong></span> <span class='ocrx_word' id='word_1_640' title='bbox 745 2222 809 2250; x_wconf 80' lang='lat' dir='ltr'><strong>caeci</strong></span> <span class='ocrx_word' id='word_1_641' title='bbox 829 2227 903 2256; x_wconf 89' lang='lat' dir='ltr'><strong>sunt,</strong></span> <span class='ocrx_word' id='word_1_642' title='bbox 916 2223 1000 2251; x_wconf 90' lang='lat' dir='ltr'><strong>duces</strong></span> 
     </span>
    </p>
   </div>
   <div class='ocr_carea' id='block_1_79' title="bbox 212 2266 1001 2303">
    <p class='ocr_par' dir='ltr' id='par_1_79' title="bbox 212 2266 1001 2303">
     <span class='ocr_line' id='line_1_79' title="bbox 212 2266 1001 2303; baseline 0.003 -9"><span class='ocrx_word' id='word_1_643' title='bbox 212 2273 351 2294; x_wconf 72' lang='lat' dir='ltr'><strong>caecorum</strong></span> <span class='ocrx_word' id='word_1_644' title='bbox 369 2266 401 2293; x_wconf 85' lang='lat'><strong>&quot;.</strong></span> <span class='ocrx_word' id='word_1_645' title='bbox 420 2275 429 2292; x_wconf 73' lang='grc' dir='ltr'><strong>ι</strong></span> <span class='ocrx_word' id='word_1_646' title='bbox 456 2266 510 2294; x_wconf 91' lang='lat' dir='ltr'><strong>Eos</strong></span> <span class='ocrx_word' id='word_1_647' title='bbox 534 2271 643 2299; x_wconf 88' lang='lat' dir='ltr'><strong>autem,</strong></span> <span class='ocrx_word' id='word_1_648' title='bbox 667 2268 714 2302; x_wconf 90' lang='lat' dir='ltr'><strong>qui</strong></span> <span class='ocrx_word' id='word_1_649' title='bbox 740 2268 829 2303; x_wconf 86' lang='lat' dir='ltr'><strong>ipsum</strong></span> <span class='ocrx_word' id='word_1_650' title='bbox 856 2273 1001 2301; x_wconf 79' lang='lat' dir='ltr'><strong>noverant,</strong></span> 
     </span>
    </p>
   </div>
   <div class='ocr_carea' id='block_1_80' title="bbox 211 2311 1001 2350">
    <p class='ocr_par' dir='ltr' id='par_1_80' title="bbox 211 2311 1001 2350">
     <span class='ocr_line' id='line_1_80' title="bbox 211 2311 1001 2350; baseline 0.005 -11"><span class='ocrx_word' id='word_1_651' title='bbox 211 2319 309 2340; x_wconf 85' lang='lat' dir='ltr'><strong>rursus</strong></span> <span class='ocrx_word' id='word_1_652' title='bbox 319 2311 455 2340; x_wconf 84' lang='lat' dir='ltr'><strong>allocutus</strong></span> <span class='ocrx_word' id='word_1_653' title='bbox 464 2316 516 2345; x_wconf 87' lang='lat' dir='ltr'><strong>est,</strong></span> <span class='ocrx_word' id='word_1_654' title='bbox 530 2322 538 2338; x_wconf 78' lang='grc' dir='ltr'><strong>ι</strong></span> <span class='ocrx_word' id='word_1_655' title='bbox 553 2312 643 2341; x_wconf 81' lang='lat' dir='ltr'><strong>Vestri</strong></span> <span class='ocrx_word' id='word_1_656' title='bbox 656 2318 747 2341; x_wconf 88' lang='lat' dir='ltr'><strong>autem</strong></span> <span class='ocrx_word' id='word_1_657' title='bbox 760 2314 833 2342; x_wconf 83' lang='lat' dir='ltr'><strong>beati</strong></span> <span class='ocrx_word' id='word_1_658' title='bbox 844 2315 927 2347; x_wconf 88' lang='lat' dir='ltr'><strong>oculi,</strong></span> <span class='ocrx_word' id='word_1_659' title='bbox 936 2316 1001 2350; x_wconf 82' lang='lat' dir='ltr'><strong>quia</strong></span> 
     </span>
    </p>
   </div>
   <div class='ocr_carea' id='block_1_81' title="bbox 210 2357 1001 2397">
    <p class='ocr_par' dir='ltr' id='par_1_81' title="bbox 210 2357 1001 2397">
     <span class='ocr_line' id='line_1_81' title="bbox 210 2357 1001 2397; baseline 0.004 -11"><span class='ocrx_word' id='word_1_660' title='bbox 210 2357 320 2391; x_wconf 81' lang='lat' dir='ltr'><strong>vident,</strong></span> <span class='ocrx_word' id='word_1_661' title='bbox 333 2361 362 2385; x_wconf 87' lang='lat' dir='ltr'><strong>et</strong></span> <span class='ocrx_word' id='word_1_662' title='bbox 371 2365 453 2386; x_wconf 84' lang='lat' dir='ltr'><strong>aures</strong></span> <span class='ocrx_word' id='word_1_663' title='bbox 464 2363 571 2389; x_wconf 71' lang='lat' dir='ltr'><strong>vestrae.</strong></span> <span class='ocrx_word' id='word_1_664' title='bbox 582 2359 645 2393; x_wconf 86' lang='lat' dir='ltr'><strong>quia</strong></span> <span class='ocrx_word' id='word_1_665' title='bbox 659 2359 816 2387; x_wconf 81' lang='lat' dir='ltr'><strong>audiunt&quot;.</strong></span> <span class='ocrx_word' id='word_1_666' title='bbox 833 2370 842 2385; x_wconf 84' lang='grc'><strong>›</strong></span> <span class='ocrx_word' id='word_1_667' title='bbox 861 2361 942 2397; x_wconf 71' lang='grc'><strong>226</strong></span> <span class='ocrx_word' id='word_1_668' title='bbox 954 2361 1001 2390; x_wconf 86' lang='lat' dir='ltr'><strong>llis</strong></span> 
     </span>
    </p>
   </div>
   <div class='ocr_carea' id='block_1_82' title="bbox 210 2403 1000 2440">
    <p class='ocr_par' dir='ltr' id='par_1_82' title="bbox 210 2403 1000 2440">
     <span class='ocr_line' id='line_1_82' title="bbox 210 2403 1000 2440; baseline 0.006 -10"><span class='ocrx_word' id='word_1_669' title='bbox 210 2403 245 2430; x_wconf 83' lang='lat' dir='ltr'><strong>de</strong></span> <span class='ocrx_word' id='word_1_670' title='bbox 259 2403 343 2431; x_wconf 88' lang='lat' dir='ltr'><strong>rebus</strong></span> <span class='ocrx_word' id='word_1_671' title='bbox 353 2412 417 2431; x_wconf 88' lang='lat' dir='ltr'><strong>cum</strong></span> <span class='ocrx_word' id='word_1_672' title='bbox 430 2404 505 2438; x_wconf 86' lang='lat' dir='ltr'><strong>loqui</strong></span> <span class='ocrx_word' id='word_1_673' title='bbox 517 2403 642 2432; x_wconf 85' lang='lat' dir='ltr'><strong>desiisset</strong></span> <span class='ocrx_word' id='word_1_674' title='bbox 654 2405 698 2432; x_wconf 90' lang='lat' dir='ltr'><strong>ille</strong></span> <span class='ocrx_word' id='word_1_675' title='bbox 712 2406 904 2434; x_wconf 84' lang='lat' dir='ltr'><strong>universorum</strong></span> <span class='ocrx_word' id='word_1_676' title='bbox 916 2407 1000 2440; x_wconf 83' lang='lat' dir='ltr'><strong>Deus,</strong></span> 
     </span>
    </p>
   </div>
   <div class='ocr_carea' id='block_1_83' title="bbox 210 2443 999 2489">
    <p class='ocr_par' dir='ltr' id='par_1_83' title="bbox 210 2443 999 2489">
     <span class='ocr_line' id='line_1_83' title="bbox 210 2443 999 2489; baseline 0.006 -13"><span class='ocrx_word' id='word_1_677' title='bbox 210 2449 360 2485; x_wconf 66' lang='lat' dir='ltr'><strong>praecipere</strong></span> <span class='ocrx_word' id='word_1_678' title='bbox 386 2443 540 2483; x_wconf 81' lang='lat' dir='ltr'><strong>exorditur,</strong></span> <span class='ocrx_word' id='word_1_679' title='bbox 566 2455 594 2478; x_wconf 87' lang='lat' dir='ltr'><strong>et</strong></span> <span class='ocrx_word' id='word_1_680' title='bbox 619 2451 653 2479; x_wconf 89' lang='lat' dir='ltr'><strong>de</strong></span> <span class='ocrx_word' id='word_1_681' title='bbox 684 2452 767 2480; x_wconf 91' lang='lat' dir='ltr'><strong>rebus</strong></span> <span class='ocrx_word' id='word_1_682' title='bbox 792 2453 903 2487; x_wconf 90' lang='lat' dir='ltr'><strong>optimis</strong></span> <span class='ocrx_word' id='word_1_683' title='bbox 925 2453 999 2489; x_wconf 87' lang='lat' dir='ltr'><strong>leges</strong></span> 
     </span>
    </p>
   </div>
   <div class='ocr_carea' id='block_1_84' title="bbox 210 2494 999 2533">
    <p class='ocr_par' dir='ltr' id='par_1_84' title="bbox 210 2494 999 2533">
     <span class='ocr_line' id='line_1_84' title="bbox 210 2494 999 2533; baseline 0.004 -10"><span class='ocrx_word' id='word_1_684' title='bbox 210 2497 389 2524; x_wconf 86' lang='lat' dir='ltr'><strong>constituere.</strong></span> <span class='ocrx_word' id='word_1_685' title='bbox 410 2494 504 2532; x_wconf 83' lang='lat' dir='ltr'><strong>Itaque</strong></span> <span class='ocrx_word' id='word_1_686' title='bbox 523 2497 562 2525; x_wconf 83' lang='lat' dir='ltr'><strong>sic</strong></span> <span class='ocrx_word' id='word_1_687' title='bbox 584 2498 643 2525; x_wconf 88' lang='lat' dir='ltr'><strong>ait:</strong></span> <span class='ocrx_word' id='word_1_688' title='bbox 666 2508 674 2523; x_wconf 85' lang='grc' dir='ltr'><strong>ι</strong></span> <span class='ocrx_word' id='word_1_689' title='bbox 695 2498 751 2533; x_wconf 83' lang='lat' dir='ltr'><strong>Ego</strong></span> <span class='ocrx_word' id='word_1_690' title='bbox 773 2499 904 2526; x_wconf 88' lang='lat' dir='ltr'><strong>Dominus</strong></span> <span class='ocrx_word' id='word_1_691' title='bbox 927 2500 999 2527; x_wconf 83' lang='lat' dir='ltr'><strong>Deus</strong></span> 
     </span>
    </p>
   </div>
   <div class='ocr_carea' id='block_1_85' title="bbox 212 2543 1000 2580">
    <p class='ocr_par' dir='ltr' id='par_1_85' title="bbox 212 2543 1000 2580">
     <span class='ocr_line' id='line_1_85' title="bbox 212 2543 1000 2580; baseline 0.005 -11"><span class='ocrx_word' id='word_1_692' title='bbox 212 2547 285 2575; x_wconf 87' lang='lat' dir='ltr'><strong>tuus,</strong></span> <span class='ocrx_word' id='word_1_693' title='bbox 298 2543 345 2578; x_wconf 90' lang='lat' dir='ltr'><strong>qui</strong></span> <span class='ocrx_word' id='word_1_694' title='bbox 360 2543 442 2570; x_wconf 82' lang='lat' dir='ltr'><strong>eduxi</strong></span> <span class='ocrx_word' id='word_1_695' title='bbox 463 2548 488 2571; x_wconf 88' lang='lat' dir='ltr'><strong>te</strong></span> <span class='ocrx_word' id='word_1_696' title='bbox 506 2544 538 2572; x_wconf 89' lang='lat' dir='ltr'><strong>de</strong></span> <span class='ocrx_word' id='word_1_697' title='bbox 555 2548 626 2572; x_wconf 85' lang='lat' dir='ltr'><strong>terra</strong></span> <span class='ocrx_word' id='word_1_698' title='bbox 638 2544 758 2580; x_wconf 61' lang='lat' dir='ltr'><strong>Egypti,</strong></span> <span class='ocrx_word' id='word_1_699' title='bbox 775 2545 808 2572; x_wconf 89' lang='lat' dir='ltr'><strong>de</strong></span> <span class='ocrx_word' id='word_1_700' title='bbox 820 2545 901 2573; x_wconf 87' lang='lat' dir='ltr'><strong>domo</strong></span> <span class='ocrx_word' id='word_1_701' title='bbox 913 2546 1000 2573; x_wconf 82' lang='lat' dir='ltr'><strong>servi—</strong></span> 
     </span>
    </p>
   </div>
   <div class='ocr_carea' id='block_1_86' title="bbox 211 2590 999 2625">
    <p class='ocr_par' dir='ltr' id='par_1_86' title="bbox 211 2590 999 2625">
     <span class='ocr_line' id='line_1_86' title="bbox 211 2590 999 2625; baseline 0.005 -9"><span class='ocrx_word' id='word_1_702' title='bbox 211 2590 295 2617; x_wconf 85' lang='lat' dir='ltr'><strong>tutis:</strong></span> <span class='ocrx_word' id='word_1_703' title='bbox 312 2597 368 2616; x_wconf 91' lang='lat' dir='ltr'><strong>non</strong></span> <span class='ocrx_word' id='word_1_704' title='bbox 382 2594 461 2617; x_wconf 86' lang='lat' dir='ltr'><strong>erunt</strong></span> <span class='ocrx_word' id='word_1_705' title='bbox 473 2590 524 2617; x_wconf 87' lang='lat' dir='ltr'><strong>tibi</strong></span> <span class='ocrx_word' id='word_1_706' title='bbox 538 2590 576 2618; x_wconf 91' lang='lat' dir='ltr'><strong>dii</strong></span> <span class='ocrx_word' id='word_1_707' title='bbox 590 2591 636 2617; x_wconf 90' lang='lat' dir='ltr'><strong>alii</strong></span> <span class='ocrx_word' id='word_1_708' title='bbox 648 2595 747 2625; x_wconf 67' lang='lat' dir='ltr'><strong>praeter</strong></span> <span class='ocrx_word' id='word_1_709' title='bbox 761 2598 804 2618; x_wconf 90' lang='lat' dir='ltr'><strong>me</strong></span> <span class='ocrx_word' id='word_1_710' title='bbox 818 2591 850 2617; x_wconf 75' lang='grc'><strong>⁷⁸.</strong></span> <span class='ocrx_word' id='word_1_711' title='bbox 868 2601 876 2616; x_wconf 79' lang='grc' dir='ltr'><strong>ι</strong></span> <span class='ocrx_word' id='word_1_712' title='bbox 895 2591 999 2620; x_wconf 86' lang='lat' dir='ltr'><strong>Decens</strong></span> 
     </span>
    </p>
   </div>
   <div class='ocr_carea' id='block_1_87' title="bbox 211 2635 1001 2671">
    <p class='ocr_par' dir='ltr' id='par_1_87' title="bbox 211 2635 1001 2671">
     <span class='ocr_line' id='line_1_87' title="bbox 211 2635 1001 2671; baseline 0.003 -8"><span class='ocrx_word' id='word_1_713' title='bbox 211 2642 277 2663; x_wconf 85' lang='lat' dir='ltr'><strong>vero</strong></span> <span class='ocrx_word' id='word_1_714' title='bbox 296 2635 354 2662; x_wconf 87' lang='lat' dir='ltr'><strong>suis</strong></span> <span class='ocrx_word' id='word_1_715' title='bbox 372 2635 479 2671; x_wconf 81' lang='lat' dir='ltr'><strong>legibus</strong></span> <span class='ocrx_word' id='word_1_716' title='bbox 505 2635 571 2663; x_wconf 81' lang='lat' dir='ltr'><strong>fecit</strong></span> <span class='ocrx_word' id='word_1_717' title='bbox 592 2635 748 2669; x_wconf 75' lang='lat' dir='ltr'><strong>exordium,</strong></span> <span class='ocrx_word' id='word_1_718' title='bbox 768 2643 797 2664; x_wconf 92' lang='lat' dir='ltr'><strong>se</strong></span> <span class='ocrx_word' id='word_1_719' title='bbox 822 2644 882 2664; x_wconf 89' lang='lat' dir='ltr'><strong>esse</strong></span> <span class='ocrx_word' id='word_1_720' title='bbox 907 2637 1001 2665; x_wconf 86' lang='lat' dir='ltr'><strong>dicens</strong></span> 
     </span>
    </p>
   </div>
   <div class='ocr_carea' id='block_1_88' title="bbox 209 2681 1001 2718">
    <p class='ocr_par' dir='ltr' id='par_1_88' title="bbox 209 2681 1001 2718">
     <span class='ocr_line' id='line_1_88' title="bbox 209 2681 1001 2718; baseline 0.003 -10"><span class='ocrx_word' id='word_1_721' title='bbox 209 2688 283 2713; x_wconf 85' lang='lat' dir='ltr'><strong>eum,</strong></span> <span class='ocrx_word' id='word_1_722' title='bbox 307 2682 353 2717; x_wconf 86' lang='lat' dir='ltr'><strong>qui</strong></span> <span class='ocrx_word' id='word_1_723' title='bbox 378 2682 490 2709; x_wconf 91' lang='lat' dir='ltr'><strong>illorum</strong></span> <span class='ocrx_word' id='word_1_724' title='bbox 514 2682 543 2708; x_wconf 92' lang='lat' dir='ltr'><strong>in</strong></span> <span class='ocrx_word' id='word_1_725' title='bbox 566 2681 683 2717; x_wconf 66' lang='lat' dir='ltr'><strong>Egypto</strong></span> <span class='ocrx_word' id='word_1_726' title='bbox 700 2682 887 2718; x_wconf 84' lang='lat' dir='ltr'><strong>prodigiorum</strong></span> <span class='ocrx_word' id='word_1_727' title='bbox 906 2687 1001 2710; x_wconf 85' lang='lat' dir='ltr'><strong>auctor</strong></span> 
     </span>
    </p>
   </div>
   <div class='ocr_carea' id='block_1_89' title="bbox 209 2726 999 2763">
    <p class='ocr_par' dir='ltr' id='par_1_89' title="bbox 209 2726 999 2763">
     <span class='ocr_line' id='line_1_89' title="bbox 209 2726 999 2763; baseline 0.001 -9"><span class='ocrx_word' id='word_1_728' title='bbox 209 2726 308 2760; x_wconf 83' lang='lat' dir='ltr'><strong>fuerit;</strong></span> <span class='ocrx_word' id='word_1_729' title='bbox 330 2728 377 2763; x_wconf 90' lang='lat' dir='ltr'><strong>qui</strong></span> <span class='ocrx_word' id='word_1_730' title='bbox 400 2727 533 2754; x_wconf 82' lang='lat' dir='ltr'><strong>adversus</strong></span> <span class='ocrx_word' id='word_1_731' title='bbox 556 2727 713 2762; x_wconf 87' lang='lat' dir='ltr'><strong>iniquorum</strong></span> <span class='ocrx_word' id='word_1_732' title='bbox 733 2727 908 2755; x_wconf 91' lang='lat' dir='ltr'><strong>dominorum</strong></span> <span class='ocrx_word' id='word_1_733' title='bbox 925 2728 999 2755; x_wconf 87' lang='lat' dir='ltr'><strong>insa—</strong></span> 
     </span>
    </p>
   </div>
   <div class='ocr_carea' id='block_1_90' title="bbox 209 2771 1001 2806">
    <p class='ocr_par' dir='ltr' id='par_1_90' title="bbox 209 2771 1001 2806">
     <span class='ocr_line' id='line_1_90' title="bbox 209 2771 1001 2806; baseline 0.004 -8"><span class='ocrx_word' id='word_1_734' title='bbox 209 2771 296 2805; x_wconf 82' lang='lat' dir='ltr'><strong>niam,</strong></span> <span class='ocrx_word' id='word_1_735' title='bbox 321 2773 491 2805; x_wconf 85' lang='lat' dir='ltr'><strong>universam,</strong></span> <span class='ocrx_word' id='word_1_736' title='bbox 516 2776 546 2799; x_wconf 90' lang='lat' dir='ltr'><strong>ut</strong></span> <span class='ocrx_word' id='word_1_737' title='bbox 568 2780 622 2800; x_wconf 92' lang='lat' dir='ltr'><strong>uno</strong></span> <span class='ocrx_word' id='word_1_738' title='bbox 643 2773 728 2801; x_wconf 80' lang='lat' dir='ltr'><strong>verbo</strong></span> <span class='ocrx_word' id='word_1_739' title='bbox 750 2773 856 2806; x_wconf 89' lang='lat' dir='ltr'><strong>dicam,</strong></span> <span class='ocrx_word' id='word_1_740' title='bbox 873 2774 1001 2801; x_wconf 80' lang='lat' dir='ltr'><strong>excitarit</strong></span> 
     </span>
    </p>
   </div>
   <div class='ocr_carea' id='block_1_91' title="bbox 1053 1575 1846 1612">
    <p class='ocr_par' dir='ltr' id='par_1_91' title="bbox 1053 1575 1846 1612">
     <span class='ocr_line' id='line_1_91' title="bbox 1053 1575 1846 1612; baseline 0 -10"><span class='ocrx_word' id='word_1_741' title='bbox 1053 1575 1138 1603; x_wconf 83' lang='grc' dir='ltr'>Θειαν.</span> <span class='ocrx_word' id='word_1_742' title='bbox 1160 1577 1275 1612; x_wconf 81' lang='grc' dir='ltr'>Εἴρηταί</span> <span class='ocrx_word' id='word_1_743' title='bbox 1296 1585 1328 1611; x_wconf 88' lang='grc' dir='ltr'><strong>γε</strong></span> <span class='ocrx_word' id='word_1_744' title='bbox 1355 1577 1409 1612; x_wconf 74' lang='grc' dir='ltr'>μὴν</span> <span class='ocrx_word' id='word_1_745' title='bbox 1432 1576 1579 1611; x_wconf 74' lang='grc' dir='ltr'>ἀναφοιτᾷν</span> <span class='ocrx_word' id='word_1_746' title='bbox 1594 1576 1636 1607; x_wconf 77' lang='grc' dir='ltr'>εὶς</span> <span class='ocrx_word' id='word_1_747' title='bbox 1653 1575 1684 1602; x_wconf 80' lang='grc' dir='ltr'>τὸ</span> <span class='ocrx_word' id='word_1_748' title='bbox 1702 1575 1765 1611; x_wconf 76' lang='grc' dir='ltr'>ὅρος</span> <span class='ocrx_word' id='word_1_749' title='bbox 1787 1577 1846 1608; x_wconf 77' lang='grc' dir='ltr'>τοῖς</span> 
     </span>
    </p>
   </div>
   <div class='ocr_carea' id='block_1_92' title="bbox 1052 1621 1844 1659">
    <p class='ocr_par' dir='ltr' id='par_1_92' title="bbox 1052 1621 1844 1659">
     <span class='ocr_line' id='line_1_92' title="bbox 1052 1621 1844 1659; baseline -0.004 -9"><span class='ocrx_word' id='word_1_750' title='bbox 1052 1623 1148 1658; x_wconf 82' lang='grc' dir='ltr'>δήμοις</span> <span class='ocrx_word' id='word_1_751' title='bbox 1165 1623 1233 1658; x_wconf 79' lang='grc' dir='ltr'>ὁμοῦ</span> <span class='ocrx_word' id='word_1_752' title='bbox 1249 1624 1280 1650; x_wconf 80' lang='grc' dir='ltr'><strong>τὸ</strong></span> <span class='ocrx_word' id='word_1_753' title='bbox 1293 1623 1369 1658; x_wconf 85' lang='grc' dir='ltr'>γένος</span> <span class='ocrx_word' id='word_1_754' title='bbox 1387 1624 1416 1650; x_wconf 84' lang='grc' dir='ltr'>τὸ</span> <span class='ocrx_word' id='word_1_755' title='bbox 1433 1623 1516 1659; x_wconf 78' lang='grc' dir='ltr'>ἱερόν.</span> <span class='ocrx_word' id='word_1_756' title='bbox 1531 1623 1567 1649; x_wconf 87' lang='grc' dir='ltr'><strong>Οὐ</strong></span> <span class='ocrx_word' id='word_1_757' title='bbox 1583 1622 1637 1658; x_wconf 83' lang='grc' dir='ltr'><strong>γὰρ</strong></span> <span class='ocrx_word' id='word_1_758' title='bbox 1654 1623 1710 1654; x_wconf 82' lang='grc' dir='ltr'>τοῖς</span> <span class='ocrx_word' id='word_1_759' title='bbox 1723 1623 1752 1648; x_wconf 81' lang='grc' dir='ltr'>ὲν</span> <span class='ocrx_word' id='word_1_760' title='bbox 1767 1621 1844 1657; x_wconf 82' lang='grc' dir='ltr'>νόμῳ</span> 
     </span>
    </p>
   </div>
   <div class='ocr_carea' id='block_1_93' title="bbox 1053 1668 1842 1705">
    <p class='ocr_par' dir='ltr' id='par_1_93' title="bbox 1053 1668 1842 1705">
     <span class='ocr_line' id='line_1_93' title="bbox 1053 1668 1842 1705; baseline -0.004 -9"><span class='ocrx_word' id='word_1_761' title='bbox 1053 1669 1334 1705; x_wconf 80' lang='grc' dir='ltr'>παιδαγωγουμένοις,</span> <span class='ocrx_word' id='word_1_762' title='bbox 1353 1669 1414 1696; x_wconf 74' lang='grc' dir='ltr'>οὐδὲ</span> <span class='ocrx_word' id='word_1_763' title='bbox 1435 1671 1492 1701; x_wconf 81' lang='grc' dir='ltr'>τοῖς</span> <span class='ocrx_word' id='word_1_764' title='bbox 1508 1668 1548 1695; x_wconf 80' lang='grc' dir='ltr'>ἔτι</span> <span class='ocrx_word' id='word_1_765' title='bbox 1572 1669 1621 1704; x_wconf 83' lang='grc' dir='ltr'><strong>τὴν</strong></span> <span class='ocrx_word' id='word_1_766' title='bbox 1644 1668 1674 1695; x_wconf 76' lang='grc' dir='ltr'>ὲν</span> <span class='ocrx_word' id='word_1_767' title='bbox 1692 1669 1781 1699; x_wconf 85' lang='grc' dir='ltr'>σκιαῖς</span> <span class='ocrx_word' id='word_1_768' title='bbox 1796 1676 1842 1693; x_wconf 93' lang='grc' dir='ltr'>τε-</span> 
     </span>
    </p>
   </div>
   <div class='ocr_carea' id='block_1_94' title="bbox 1051 1711 1845 1749">
    <p class='ocr_par' dir='ltr' id='par_1_94' title="bbox 1051 1711 1845 1749">
     <span class='ocr_line' id='line_1_94' title="bbox 1051 1711 1845 1749; baseline -0.005 -9"><span class='ocrx_word' id='word_1_769' title='bbox 1051 1714 1127 1740; x_wconf 88' lang='grc' dir='ltr'>λοῦσι</span> <span class='ocrx_word' id='word_1_770' title='bbox 1151 1714 1296 1749; x_wconf 86' lang='grc' dir='ltr'>λατρείαν,</span> <span class='ocrx_word' id='word_1_771' title='bbox 1321 1714 1425 1741; x_wconf 84' lang='grc' dir='ltr'>δέδοται</span> <span class='ocrx_word' id='word_1_772' title='bbox 1448 1714 1522 1748; x_wconf 76' lang='grc' dir='ltr'>παρὰ</span> <span class='ocrx_word' id='word_1_773' title='bbox 1544 1712 1612 1739; x_wconf 86' lang='grc' dir='ltr'>Θεοῦ</span> <span class='ocrx_word' id='word_1_774' title='bbox 1633 1713 1663 1739; x_wconf 83' lang='grc' dir='ltr'>τὸ</span> <span class='ocrx_word' id='word_1_775' title='bbox 1679 1714 1708 1738; x_wconf 79' lang='grc' dir='ltr'>ὲν</span> <span class='ocrx_word' id='word_1_776' title='bbox 1730 1711 1845 1747; x_wconf 72' lang='grc' dir='ltr'>ὑψηλοῖς</span> 
     </span>
    </p>
   </div>
   <div class='ocr_carea' id='block_1_95' title="bbox 1052 1757 1843 1794">
    <p class='ocr_par' dir='ltr' id='par_1_95' title="bbox 1052 1757 1843 1794">
     <span class='ocr_line' id='line_1_95' title="bbox 1052 1757 1843 1794; baseline -0.003 -9"><span class='ocrx_word' id='word_1_777' title='bbox 1052 1759 1099 1785; x_wconf 76' lang='grc' dir='ltr'>καὶ</span> <span class='ocrx_word' id='word_1_778' title='bbox 1126 1758 1289 1794; x_wconf 76' lang='grc' dir='ltr'>ὑπερτάτως</span> <span class='ocrx_word' id='word_1_779' title='bbox 1322 1758 1390 1786; x_wconf 73' lang='grc' dir='ltr'>ἰέναι</span> <span class='ocrx_word' id='word_1_780' title='bbox 1420 1758 1538 1793; x_wconf 78' lang='grc' dir='ltr'>δόγμασι</span> <span class='ocrx_word' id='word_1_781' title='bbox 1571 1759 1627 1790; x_wconf 88' lang='grc' dir='ltr'>τοῖς</span> <span class='ocrx_word' id='word_1_782' title='bbox 1654 1757 1719 1793; x_wconf 76' lang='grc' dir='ltr'>περὶ</span> <span class='ocrx_word' id='word_1_783' title='bbox 1745 1757 1843 1784; x_wconf 77' lang='grc' dir='ltr'>αὑτοῦ·</span> 
     </span>
    </p>
   </div>
   <div class='ocr_carea' id='block_1_96' title="bbox 1051 1803 1842 1840">
    <p class='ocr_par' dir='ltr' id='par_1_96' title="bbox 1051 1803 1842 1840">
     <span class='ocr_line' id='line_1_96' title="bbox 1051 1803 1842 1840; baseline 0 -10"><span class='ocrx_word' id='word_1_784' title='bbox 1051 1805 1198 1840; x_wconf 84' lang='grc' dir='ltr'>τετήρηται</span> <span class='ocrx_word' id='word_1_785' title='bbox 1221 1804 1250 1831; x_wconf 87' lang='grc' dir='ltr'>δὲ</span> <span class='ocrx_word' id='word_1_786' title='bbox 1270 1803 1370 1839; x_wconf 83' lang='grc' dir='ltr'>μᾶλλον</span> <span class='ocrx_word' id='word_1_787' title='bbox 1387 1805 1443 1836; x_wconf 84' lang='grc' dir='ltr'>τοῖς</span> <span class='ocrx_word' id='word_1_788' title='bbox 1459 1804 1487 1831; x_wconf 71' lang='grc' dir='ltr'>ἐν</span> <span class='ocrx_word' id='word_1_789' title='bbox 1505 1804 1597 1830; x_wconf 84' lang='grc' dir='ltr'>πίστει</span> <span class='ocrx_word' id='word_1_790' title='bbox 1609 1803 1842 1838; x_wconf 73' lang='grc' dir='ltr'>δεδικαιωμένοις,</span> 
     </span>
    </p>
   </div>
   <div class='ocr_carea' id='block_1_97' title="bbox 1052 1849 1842 1886">
    <p class='ocr_par' dir='ltr' id='par_1_97' title="bbox 1052 1849 1842 1886">
     <span class='ocr_line' id='line_1_97' title="bbox 1052 1849 1842 1886; baseline -0.003 -9"><span class='ocrx_word' id='word_1_791' title='bbox 1052 1850 1099 1877; x_wconf 73' lang='grc' dir='ltr'>καὶ</span> <span class='ocrx_word' id='word_1_792' title='bbox 1114 1851 1143 1877; x_wconf 82' lang='grc' dir='ltr'>ὲν</span> <span class='ocrx_word' id='word_1_793' title='bbox 1159 1849 1271 1886; x_wconf 81' lang='grc' dir='ltr'>Χριστῷ</span> <span class='ocrx_word' id='word_1_794' title='bbox 1294 1850 1477 1886; x_wconf 80' lang='grc' dir='ltr'>κεκλημένοις</span> <span class='ocrx_word' id='word_1_795' title='bbox 1501 1850 1540 1881; x_wconf 84' lang='grc' dir='ltr'><strong>είς</strong></span> <span class='ocrx_word' id='word_1_796' title='bbox 1557 1850 1691 1886; x_wconf 84' lang='grc' dir='ltr'>ὑπακοὴν,</span> <span class='ocrx_word' id='word_1_797' title='bbox 1710 1849 1756 1876; x_wconf 76' lang='grc' dir='ltr'>καὶ</span> <span class='ocrx_word' id='word_1_798' title='bbox 1774 1849 1842 1876; x_wconf 73' lang='grc' dir='ltr'>πολὺ</span> 
     </span>
    </p>
   </div>
   <div class='ocr_carea' id='block_1_98' title="bbox 1051 1894 1842 1931">
    <p class='ocr_par' dir='ltr' id='par_1_98' title="bbox 1051 1894 1842 1931">
     <span class='ocr_line' id='line_1_98' title="bbox 1051 1894 1842 1931; baseline -0.001 -10"><span class='ocrx_word' id='word_1_799' title='bbox 1051 1894 1100 1928; x_wconf 79' lang='grc' dir='ltr'>τῆς</span> <span class='ocrx_word' id='word_1_800' title='bbox 1124 1894 1307 1931; x_wconf 78' lang='grc' dir='ltr'>ἀρχαιοτέρας</span> <span class='ocrx_word' id='word_1_801' title='bbox 1329 1894 1520 1929; x_wconf 77' lang='grc' dir='ltr'>διενεγκοῦσαν</span> <span class='ocrx_word' id='word_1_802' title='bbox 1541 1895 1652 1929; x_wconf 84' lang='grc' dir='ltr'>γνῶσιν.</span> <span class='ocrx_word' id='word_1_803' title='bbox 1676 1894 1842 1930; x_wconf 80' lang='grc' dir='ltr'>Τεθαύμακε</span> 
     </span>
    </p>
   </div>
   <div class='ocr_carea' id='block_1_99' title="bbox 1051 1940 1843 1977">
    <p class='ocr_par' dir='ltr' id='par_1_99' title="bbox 1051 1940 1843 1977">
     <span class='ocr_line' id='line_1_99' title="bbox 1051 1940 1843 1977; baseline 0.001 -10"><span class='ocrx_word' id='word_1_804' title='bbox 1051 1941 1106 1977; x_wconf 83' lang='grc' dir='ltr'><strong>γὰρ</strong></span> <span class='ocrx_word' id='word_1_805' title='bbox 1127 1941 1158 1968; x_wconf 80' lang='grc' dir='ltr'>τὸ</span> <span class='ocrx_word' id='word_1_806' title='bbox 1174 1941 1307 1977; x_wconf 80' lang='grc' dir='ltr'>ὑπερέχον</span> <span class='ocrx_word' id='word_1_807' title='bbox 1329 1940 1380 1976; x_wconf 82' lang='grc' dir='ltr'>τῆς</span> <span class='ocrx_word' id='word_1_808' title='bbox 1400 1941 1527 1974; x_wconf 85' lang='grc' dir='ltr'>γνώσεως</span> <span class='ocrx_word' id='word_1_809' title='bbox 1553 1940 1600 1968; x_wconf 79' lang='grc' dir='ltr'><strong>τοῦ</strong></span> <span class='ocrx_word' id='word_1_810' title='bbox 1623 1940 1741 1976; x_wconf 83' lang='grc' dir='ltr'>Χριστοῦ</span> <span class='ocrx_word' id='word_1_811' title='bbox 1766 1940 1814 1967; x_wconf 68' lang='grc' dir='ltr'>καὶ</span> <span class='ocrx_word' id='word_1_812' title='bbox 1828 1941 1843 1968; x_wconf 82' lang='lat'><strong><em>6</em></strong></span> 
     </span>
    </p>
   </div>
   <div class='ocr_carea' id='block_1_100' title="bbox 1052 1986 1841 2023">
    <p class='ocr_par' dir='ltr' id='par_1_100' title="bbox 1052 1986 1841 2023">
     <span class='ocr_line' id='line_1_100' title="bbox 1052 1986 1841 2023; baseline -0.003 -9"><span class='ocrx_word' id='word_1_813' title='bbox 1052 1987 1197 2019; x_wconf 71' lang='grc' dir='ltr'>θεσπέσιος</span> <span class='ocrx_word' id='word_1_814' title='bbox 1206 1986 1322 2019; x_wconf 84' lang='grc' dir='ltr'>Παῦλος·</span> <span class='ocrx_word' id='word_1_815' title='bbox 1338 1988 1505 2023; x_wconf 81' lang='grc' dir='ltr'>μαρτυρήσει</span> <span class='ocrx_word' id='word_1_816' title='bbox 1516 1987 1545 2014; x_wconf 80' lang='grc' dir='ltr'>δὲ</span> <span class='ocrx_word' id='word_1_817' title='bbox 1556 1987 1603 2014; x_wconf 80' lang='grc' dir='ltr'>καὶ</span> <span class='ocrx_word' id='word_1_818' title='bbox 1614 1987 1694 2018; x_wconf 80' lang='grc' dir='ltr'>αὐτὸς</span> <span class='ocrx_word' id='word_1_819' title='bbox 1706 1987 1720 2013; x_wconf 80' lang='grc' dir='ltr'>ὁ</span> <span class='ocrx_word' id='word_1_820' title='bbox 1733 1986 1841 2022; x_wconf 78' lang='grc' dir='ltr'>Σωτὴρ,</span> 
     </span>
    </p>
   </div>
   <div class='ocr_carea' id='block_1_101' title="bbox 1051 2031 1841 2069">
    <p class='ocr_par' dir='ltr' id='par_1_101' title="bbox 1051 2031 1841 2069">
     <span class='ocr_line' id='line_1_101' title="bbox 1051 2031 1841 2069; baseline 0 -10"><span class='ocrx_word' id='word_1_821' title='bbox 1051 2033 1114 2068; x_wconf 86' lang='grc' dir='ltr'>περί</span> <span class='ocrx_word' id='word_1_822' title='bbox 1130 2041 1159 2060; x_wconf 88' lang='grc' dir='ltr'><strong>τε</strong></span> <span class='ocrx_word' id='word_1_823' title='bbox 1176 2032 1255 2069; x_wconf 84' lang='grc' dir='ltr'>ήμῶν</span> <span class='ocrx_word' id='word_1_824' title='bbox 1272 2033 1383 2059; x_wconf 73' lang='grc' dir='ltr'>καὶτῶν</span> <span class='ocrx_word' id='word_1_825' title='bbox 1398 2031 1427 2066; x_wconf 81' lang='grc' dir='ltr'>ὲξ</span> <span class='ocrx_word' id='word_1_826' title='bbox 1444 2032 1561 2068; x_wconf 77' lang='grc' dir='ltr'>αἵματος</span> <span class='ocrx_word' id='word_1_827' title='bbox 1577 2032 1696 2068; x_wconf 79' lang='grc' dir='ltr'>Ἰσραὴλ,</span> <span class='ocrx_word' id='word_1_828' title='bbox 1715 2033 1841 2067; x_wconf 82' lang='grc' dir='ltr'>ἀναφαν-</span> 
     </span>
    </p>
   </div>
   <div class='ocr_carea' id='block_1_102' title="bbox 1051 2078 1841 2115">
    <p class='ocr_par' dir='ltr' id='par_1_102' title="bbox 1051 2078 1841 2115">
     <span class='ocr_line' id='line_1_102' title="bbox 1051 2078 1841 2115; baseline -0.003 -9"><span class='ocrx_word' id='word_1_829' title='bbox 1051 2079 1095 2106; x_wconf 79' lang='grc' dir='ltr'>δὸν</span> <span class='ocrx_word' id='word_1_830' title='bbox 1110 2079 1209 2114; x_wconf 81' lang='grc' dir='ltr'>λέγων,</span> <span class='ocrx_word' id='word_1_831' title='bbox 1226 2079 1266 2106; x_wconf 79' lang='grc' dir='ltr'><strong>δτι</strong></span> <span class='ocrx_word' id='word_1_832' title='bbox 1289 2089 1297 2105; x_wconf 89' lang='grc' dir='ltr'><strong>ι</strong></span> <span class='ocrx_word' id='word_1_833' title='bbox 1322 2079 1403 2115; x_wconf 84' lang='grc' dir='ltr'>Ὑμῖν</span> <span class='ocrx_word' id='word_1_834' title='bbox 1422 2079 1525 2106; x_wconf 78' lang='grc' dir='ltr'>δέδοται</span> <span class='ocrx_word' id='word_1_835' title='bbox 1535 2079 1636 2114; x_wconf 84' lang='grc' dir='ltr'>γνῶναι</span> <span class='ocrx_word' id='word_1_836' title='bbox 1652 2078 1686 2105; x_wconf 87' lang='grc' dir='ltr'><strong>τά</strong></span> <span class='ocrx_word' id='word_1_837' title='bbox 1704 2079 1841 2114; x_wconf 75' lang='grc' dir='ltr'>μυστήρια</span> 
     </span>
    </p>
   </div>
   <div class='ocr_carea' id='block_1_103' title="bbox 1052 2123 1841 2161">
    <p class='ocr_par' dir='ltr' id='par_1_103' title="bbox 1052 2123 1841 2161">
     <span class='ocr_line' id='line_1_103' title="bbox 1052 2123 1841 2161; baseline -0.001 -10"><span class='ocrx_word' id='word_1_838' title='bbox 1052 2126 1101 2160; x_wconf 76' lang='grc' dir='ltr'>τῆς</span> <span class='ocrx_word' id='word_1_839' title='bbox 1115 2124 1256 2161; x_wconf 86' lang='grc' dir='ltr'>βασιλείας</span> <span class='ocrx_word' id='word_1_840' title='bbox 1271 2124 1325 2152; x_wconf 80' lang='grc' dir='ltr'>τῶν</span> <span class='ocrx_word' id='word_1_841' title='bbox 1340 2125 1475 2160; x_wconf 71' lang='grc' dir='ltr'>οὐρανῶν,</span> <span class='ocrx_word' id='word_1_842' title='bbox 1496 2124 1611 2156; x_wconf 73' lang='grc' dir='ltr'>ἐκείνοις</span> <span class='ocrx_word' id='word_1_843' title='bbox 1622 2123 1662 2151; x_wconf 81' lang='grc' dir='ltr'><strong>δὲ.</strong></span> <span class='ocrx_word' id='word_1_844' title='bbox 1676 2124 1707 2151; x_wconf 83' lang='grc' dir='ltr'>οὐ</span> <span class='ocrx_word' id='word_1_845' title='bbox 1723 2123 1841 2150; x_wconf 81' lang='grc' dir='ltr'>δέδοται.</span> 
     </span>
    </p>
   </div>
   <div class='ocr_carea' id='block_1_104' title="bbox 1052 2170 1840 2207">
    <p class='ocr_par' dir='ltr' id='par_1_104' title="bbox 1052 2170 1840 2207">
     <span class='ocr_line' id='line_1_104' title="bbox 1052 2170 1840 2207; baseline -0.003 -10"><span class='ocrx_word' id='word_1_846' title='bbox 1052 2171 1107 2198; x_wconf 80' lang='grc' dir='ltr'><strong>Καὶ</strong></span> <span class='ocrx_word' id='word_1_847' title='bbox 1130 2171 1195 2207; x_wconf 73' lang='grc' dir='ltr'>περὶ</span> <span class='ocrx_word' id='word_1_848' title='bbox 1223 2171 1271 2206; x_wconf 77' lang='grc' dir='ltr'>μὲν</span> <span class='ocrx_word' id='word_1_849' title='bbox 1301 2171 1354 2198; x_wconf 84' lang='grc' dir='ltr'><strong>τῶν</strong></span> <span class='ocrx_word' id='word_1_850' title='bbox 1388 2171 1533 2198; x_wconf 58' lang='grc' dir='ltr'>Ἰουδαίων</span> <span class='ocrx_word' id='word_1_851' title='bbox 1560 2180 1569 2196; x_wconf 79' lang='grc' dir='ltr'><strong>ι</strong></span> <span class='ocrx_word' id='word_1_852' title='bbox 1600 2171 1701 2204; x_wconf 84' lang='grc' dir='ltr'>Ἀφετε</span> <span class='ocrx_word' id='word_1_853' title='bbox 1729 2170 1840 2202; x_wconf 82' lang='grc' dir='ltr'>αὐτοὺς,</span> 
     </span>
    </p>
   </div>
   <div class='ocr_carea' id='block_1_105' title="bbox 1015 2209 1841 2252">
    <p class='ocr_par' dir='ltr' id='par_1_105' title="bbox 1015 2209 1841 2252">
     <span class='ocr_line' id='line_1_105' title="bbox 1015 2209 1841 2252; baseline 0 -11"><span class='ocrx_word' id='word_1_854' title='bbox 1015 2209 1145 2252; x_wconf 71' lang='grc' dir='ltr'>Πτυφλοί</span> <span class='ocrx_word' id='word_1_855' title='bbox 1168 2217 1253 2250; x_wconf 90' lang='grc' dir='ltr'>είσιν,</span> <span class='ocrx_word' id='word_1_856' title='bbox 1279 2217 1372 2252; x_wconf 76' lang='grc' dir='ltr'>ὁδηγοὶ</span> <span class='ocrx_word' id='word_1_857' title='bbox 1387 2216 1505 2251; x_wconf 80' lang='grc' dir='ltr'>τυφλῶν.</span> <span class='ocrx_word' id='word_1_858' title='bbox 1530 2226 1539 2242; x_wconf 73' lang='grc' dir='ltr'><strong>ι</strong></span> <span class='ocrx_word' id='word_1_859' title='bbox 1567 2214 1789 2252; x_wconf 78' lang='grc' dir='ltr'>Προσπεφὼνηκε</span> <span class='ocrx_word' id='word_1_860' title='bbox 1812 2215 1841 2241; x_wconf 69' lang='grc' dir='ltr'>δὲ</span> 
     </span>
    </p>
   </div>
   <div class='ocr_carea' id='block_1_106' title="bbox 1052 2261 1840 2298">
    <p class='ocr_par' dir='ltr' id='par_1_106' title="bbox 1052 2261 1840 2298">
     <span class='ocr_line' id='line_1_106' title="bbox 1052 2261 1840 2298; baseline -0.005 -8"><span class='ocrx_word' id='word_1_861' title='bbox 1052 2263 1133 2290; x_wconf 84' lang='grc' dir='ltr'>πάλιν</span> <span class='ocrx_word' id='word_1_862' title='bbox 1156 2264 1211 2295; x_wconf 80' lang='grc' dir='ltr'>τοῖς</span> <span class='ocrx_word' id='word_1_863' title='bbox 1231 2263 1379 2298; x_wconf 78' lang='grc' dir='ltr'>ἐγνωκόσιν</span> <span class='ocrx_word' id='word_1_864' title='bbox 1404 2263 1494 2289; x_wconf 84' lang='grc' dir='ltr'>αὐτόν·</span> <span class='ocrx_word' id='word_1_865' title='bbox 1511 2271 1520 2288; x_wconf 84' lang='grc' dir='ltr'><strong>ι</strong></span> <span class='ocrx_word' id='word_1_866' title='bbox 1549 2261 1641 2297; x_wconf 84' lang='grc' dir='ltr'>’Υμῶν</span> <span class='ocrx_word' id='word_1_867' title='bbox 1656 2261 1685 2288; x_wconf 83' lang='grc' dir='ltr'>δὲ</span> <span class='ocrx_word' id='word_1_868' title='bbox 1709 2261 1840 2296; x_wconf 80' lang='grc' dir='ltr'>μακάριοι</span> 
     </span>
    </p>
   </div>
   <div class='ocr_carea' id='block_1_107' title="bbox 1051 2305 1841 2345">
    <p class='ocr_par' dir='ltr' id='par_1_107' title="bbox 1051 2305 1841 2345">
     <span class='ocr_line' id='line_1_107' title="bbox 1051 2305 1841 2345; baseline -0.004 -9"><span class='ocrx_word' id='word_1_869' title='bbox 1051 2311 1075 2336; x_wconf 81' lang='grc' dir='ltr'>οὶ</span> <span class='ocrx_word' id='word_1_870' title='bbox 1097 2308 1241 2345; x_wconf 73' lang='grc' dir='ltr'>ὀφθαλμοὶ,</span> <span class='ocrx_word' id='word_1_871' title='bbox 1257 2310 1297 2336; x_wconf 84' lang='grc' dir='ltr'>ὄτι</span> <span class='ocrx_word' id='word_1_872' title='bbox 1322 2309 1461 2344; x_wconf 82' lang='grc' dir='ltr'>βλέπουσι,</span> <span class='ocrx_word' id='word_1_873' title='bbox 1481 2309 1529 2335; x_wconf 73' lang='grc' dir='ltr'>καὶ</span> <span class='ocrx_word' id='word_1_874' title='bbox 1551 2308 1586 2335; x_wconf 77' lang='grc' dir='ltr'><strong>τὰ</strong></span> <span class='ocrx_word' id='word_1_875' title='bbox 1608 2305 1666 2334; x_wconf 78' lang='grc' dir='ltr'><strong>ὦτα</strong></span> <span class='ocrx_word' id='word_1_876' title='bbox 1688 2307 1776 2342; x_wconf 80' lang='grc' dir='ltr'>ὑμῶν,</span> <span class='ocrx_word' id='word_1_877' title='bbox 1800 2307 1841 2333; x_wconf 80' lang='grc' dir='ltr'>ὅτι</span> 
     </span>
    </p>
   </div>
   <div class='ocr_carea' id='block_1_108' title="bbox 1051 2353 1840 2391">
    <p class='ocr_par' dir='ltr' id='par_1_108' title="bbox 1051 2353 1840 2391">
     <span class='ocr_line' id='line_1_108' title="bbox 1051 2353 1840 2391; baseline -0.005 -9"><span class='ocrx_word' id='word_1_878' title='bbox 1051 2355 1207 2383; x_wconf 82' lang='grc' dir='ltr'>ἀκούουσιν,</span> <span class='ocrx_word' id='word_1_879' title='bbox 1226 2365 1234 2381; x_wconf 77' lang='grc' dir='ltr'><strong>ι</strong></span> <span class='ocrx_word' id='word_1_880' title='bbox 1258 2355 1367 2391; x_wconf 79' lang='grc' dir='ltr'>Ἐπειδὴ</span> <span class='ocrx_word' id='word_1_881' title='bbox 1379 2355 1406 2382; x_wconf 84' lang='grc' dir='ltr'>δὲ</span> <span class='ocrx_word' id='word_1_882' title='bbox 1420 2356 1483 2387; x_wconf 81' lang='grc' dir='ltr'>τοὺς</span> <span class='ocrx_word' id='word_1_883' title='bbox 1497 2354 1561 2390; x_wconf 72' lang='grc' dir='ltr'>περὶ</span> <span class='ocrx_word' id='word_1_884' title='bbox 1573 2354 1676 2381; x_wconf 86' lang='grc' dir='ltr'>τούτων</span> <span class='ocrx_word' id='word_1_885' title='bbox 1687 2353 1840 2388; x_wconf 80' lang='grc' dir='ltr'>διεπέραινε</span> 
     </span>
    </p>
   </div>
   <div class='ocr_carea' id='block_1_109' title="bbox 1051 2399 1841 2437">
    <p class='ocr_par' dir='ltr' id='par_1_109' title="bbox 1051 2399 1841 2437">
     <span class='ocr_line' id='line_1_109' title="bbox 1051 2399 1841 2437; baseline -0.004 -9"><span class='ocrx_word' id='word_1_886' title='bbox 1051 2403 1147 2437; x_wconf 76' lang='grc' dir='ltr'>λόγους</span> <span class='ocrx_word' id='word_1_887' title='bbox 1169 2403 1184 2429; x_wconf 76' lang='grc' dir='ltr'>ὁ</span> <span class='ocrx_word' id='word_1_888' title='bbox 1199 2402 1252 2429; x_wconf 80' lang='grc' dir='ltr'><strong>τῶν</strong></span> <span class='ocrx_word' id='word_1_889' title='bbox 1276 2402 1344 2429; x_wconf 83' lang='grc' dir='ltr'>ὅλων</span> <span class='ocrx_word' id='word_1_890' title='bbox 1358 2401 1439 2434; x_wconf 81' lang='grc' dir='ltr'>Θεὸς,</span> <span class='ocrx_word' id='word_1_891' title='bbox 1462 2399 1770 2437; x_wconf 80' lang='grc' dir='ltr'>ἀρχεταιθεσμοθετεῖν,</span> <span class='ocrx_word' id='word_1_892' title='bbox 1793 2399 1841 2425; x_wconf 73' lang='grc' dir='ltr'>καὶ</span> 
     </span>
    </p>
   </div>
   <div class='ocr_carea' id='block_1_110' title="bbox 1051 2445 1841 2484">
    <p class='ocr_par' dir='ltr' id='par_1_110' title="bbox 1051 2445 1841 2484">
     <span class='ocr_line' id='line_1_110' title="bbox 1051 2445 1841 2484; baseline -0.008 -8"><span class='ocrx_word' id='word_1_893' title='bbox 1051 2450 1115 2480; x_wconf 73' lang='grc' dir='ltr'>τοὺς</span> <span class='ocrx_word' id='word_1_894' title='bbox 1132 2449 1174 2483; x_wconf 78' lang='grc' dir='ltr'><strong>ἐφ’</strong></span> <span class='ocrx_word' id='word_1_895' title='bbox 1191 2448 1276 2476; x_wconf 70' lang='grc' dir='ltr'>ἅπασι</span> <span class='ocrx_word' id='word_1_896' title='bbox 1296 2449 1351 2480; x_wconf 82' lang='grc' dir='ltr'>τοῖς</span> <span class='ocrx_word' id='word_1_897' title='bbox 1371 2448 1494 2484; x_wconf 81' lang='grc' dir='ltr'>ἀρίστοις</span> <span class='ocrx_word' id='word_1_898' title='bbox 1510 2446 1611 2480; x_wconf 79' lang='grc' dir='ltr'>ὁρίζειν</span> <span class='ocrx_word' id='word_1_899' title='bbox 1632 2446 1741 2481; x_wconf 80' lang='grc' dir='ltr'>νόμους.</span> <span class='ocrx_word' id='word_1_900' title='bbox 1763 2445 1841 2471; x_wconf 72' lang='grc' dir='ltr'>Οὕτω</span> 
     </span>
    </p>
   </div>
   <div class='ocr_carea' id='block_1_111' title="bbox 1051 2490 1842 2532">
    <p class='ocr_par' dir='ltr' id='par_1_111' title="bbox 1051 2490 1842 2532">
     <span class='ocr_line' id='line_1_111' title="bbox 1051 2490 1842 2532; baseline -0.008 -10"><span class='ocrx_word' id='word_1_901' title='bbox 1051 2497 1081 2523; x_wconf 79' lang='grc' dir='ltr'><strong>τέ</strong></span> <span class='ocrx_word' id='word_1_902' title='bbox 1099 2504 1192 2532; x_wconf 79' lang='grc' dir='ltr'>φησιν·</span> <span class='ocrx_word' id='word_1_903' title='bbox 1208 2506 1217 2521; x_wconf 80' lang='grc' dir='ltr'><strong>ι</strong></span> <span class='ocrx_word' id='word_1_904' title='bbox 1239 2495 1311 2529; x_wconf 84' lang='grc' dir='ltr'><strong>Ἐγὼ</strong></span> <span class='ocrx_word' id='word_1_905' title='bbox 1332 2494 1434 2530; x_wconf 86' lang='grc' dir='ltr'>Κύριος</span> <span class='ocrx_word' id='word_1_906' title='bbox 1453 2495 1467 2520; x_wconf 85' lang='grc' dir='ltr'>ὁ</span> <span class='ocrx_word' id='word_1_907' title='bbox 1488 2493 1554 2523; x_wconf 83' lang='grc' dir='ltr'>Θεός</span> <span class='ocrx_word' id='word_1_908' title='bbox 1571 2501 1629 2525; x_wconf 86' lang='grc' dir='ltr'>σου,</span> <span class='ocrx_word' id='word_1_909' title='bbox 1646 2492 1721 2523; x_wconf 82' lang='grc' dir='ltr'>ὅστις</span> <span class='ocrx_word' id='word_1_910' title='bbox 1742 2490 1842 2526; x_wconf 78' lang='grc' dir='ltr'>ἐξήγα-</span> 
     </span>
    </p>
   </div>
   <div class='ocr_carea' id='block_1_112' title="bbox 1052 2537 1841 2578">
    <p class='ocr_par' dir='ltr' id='par_1_112' title="bbox 1052 2537 1841 2578">
     <span class='ocr_line' id='line_1_112' title="bbox 1052 2537 1841 2578; baseline -0.01 -8"><span class='ocrx_word' id='word_1_911' title='bbox 1052 2543 1099 2578; x_wconf 82' lang='grc' dir='ltr'>γόν</span> <span class='ocrx_word' id='word_1_912' title='bbox 1122 2551 1151 2570; x_wconf 91' lang='grc' dir='ltr'><strong>σε</strong></span> <span class='ocrx_word' id='word_1_913' title='bbox 1176 2542 1208 2569; x_wconf 74' lang='grc' dir='ltr'>ἐκ</span> <span class='ocrx_word' id='word_1_914' title='bbox 1233 2541 1285 2576; x_wconf 81' lang='grc' dir='ltr'>γῆς</span> <span class='ocrx_word' id='word_1_915' title='bbox 1308 2540 1457 2575; x_wconf 68' lang='grc' dir='ltr'>Αἰγύπτου,</span> <span class='ocrx_word' id='word_1_916' title='bbox 1483 2539 1514 2571; x_wconf 80' lang='grc' dir='ltr'>ὲξ</span> <span class='ocrx_word' id='word_1_917' title='bbox 1536 2540 1610 2566; x_wconf 84' lang='grc' dir='ltr'>οίκου</span> <span class='ocrx_word' id='word_1_918' title='bbox 1635 2537 1768 2569; x_wconf 82' lang='grc' dir='ltr'>δουλείας·</span> <span class='ocrx_word' id='word_1_919' title='bbox 1792 2537 1841 2563; x_wconf 67' lang='grc' dir='ltr'>οὐκ</span> 
     </span>
    </p>
   </div>
   <div class='ocr_carea' id='block_1_113' title="bbox 1053 2581 1841 2622">
    <p class='ocr_par' dir='ltr' id='par_1_113' title="bbox 1053 2581 1841 2622">
     <span class='ocr_line' id='line_1_113' title="bbox 1053 2581 1841 2622; baseline -0.01 -7"><span class='ocrx_word' id='word_1_920' title='bbox 1053 2588 1160 2615; x_wconf 79' lang='grc' dir='ltr'>ἔσονταί</span> <span class='ocrx_word' id='word_1_921' title='bbox 1174 2596 1214 2615; x_wconf 80' lang='grc' dir='ltr'><strong>σοι</strong></span> <span class='ocrx_word' id='word_1_922' title='bbox 1237 2586 1292 2613; x_wconf 78' lang='grc' dir='ltr'>θεοὶ</span> <span class='ocrx_word' id='word_1_923' title='bbox 1307 2586 1395 2622; x_wconf 68' lang='grc' dir='ltr'>ἕτεροι</span> <span class='ocrx_word' id='word_1_924' title='bbox 1419 2585 1488 2620; x_wconf 80' lang='grc' dir='ltr'>πλὴν</span> <span class='ocrx_word' id='word_1_925' title='bbox 1504 2584 1582 2620; x_wconf 76' lang='grc' dir='ltr'>ἐμοῦ.</span> <span class='ocrx_word' id='word_1_926' title='bbox 1604 2593 1613 2609; x_wconf 76' lang='grc' dir='ltr'><strong>ι</strong></span> <span class='ocrx_word' id='word_1_927' title='bbox 1631 2583 1794 2619; x_wconf 82' lang='grc' dir='ltr'>Πρέπουσαν</span> <span class='ocrx_word' id='word_1_928' title='bbox 1813 2581 1841 2608; x_wconf 74' lang='grc' dir='ltr'>δὲ</span> 
     </span>
    </p>
   </div>
   <div class='ocr_carea' id='block_1_114' title="bbox 1052 2626 1841 2669">
    <p class='ocr_par' dir='ltr' id='par_1_114' title="bbox 1052 2626 1841 2669">
     <span class='ocr_line' id='line_1_114' title="bbox 1052 2626 1841 2669; baseline -0.013 -7"><span class='ocrx_word' id='word_1_929' title='bbox 1052 2636 1108 2668; x_wconf 86' lang='grc' dir='ltr'>τοῖς</span> <span class='ocrx_word' id='word_1_930' title='bbox 1127 2635 1218 2669; x_wconf 77' lang='grc' dir='ltr'>νόμοις</span> <span class='ocrx_word' id='word_1_931' title='bbox 1238 2634 1385 2669; x_wconf 80' lang='grc' dir='ltr'>ἐποιήσατο</span> <span class='ocrx_word' id='word_1_932' title='bbox 1408 2631 1457 2667; x_wconf 81' lang='grc' dir='ltr'>τὴν</span> <span class='ocrx_word' id='word_1_933' title='bbox 1471 2631 1571 2666; x_wconf 78' lang='grc' dir='ltr'>ἀρχὴν,</span> <span class='ocrx_word' id='word_1_934' title='bbox 1588 2629 1684 2656; x_wconf 79' lang='grc' dir='ltr'>ἑαυτὸν</span> <span class='ocrx_word' id='word_1_935' title='bbox 1706 2626 1776 2655; x_wconf 83' lang='grc' dir='ltr'>εἶναι</span> <span class='ocrx_word' id='word_1_936' title='bbox 1798 2627 1841 2652; x_wconf 82' lang='grc' dir='ltr'><strong>λέ-</strong></span> 
     </span>
    </p>
   </div>
   <div class='ocr_carea' id='block_1_115' title="bbox 1052 2673 1841 2716">
    <p class='ocr_par' dir='ltr' id='par_1_115' title="bbox 1052 2673 1841 2716">
     <span class='ocr_line' id='line_1_115' title="bbox 1052 2673 1841 2716; baseline -0.011 -8"><span class='ocrx_word' id='word_1_937' title='bbox 1052 2690 1108 2716; x_wconf 85' lang='grc' dir='ltr'><strong>γων</strong></span> <span class='ocrx_word' id='word_1_938' title='bbox 1130 2682 1175 2708; x_wconf 85' lang='grc' dir='ltr'><strong>τὺν</strong></span> <span class='ocrx_word' id='word_1_939' title='bbox 1202 2681 1231 2707; x_wconf 86' lang='grc' dir='ltr'>ὲν</span> <span class='ocrx_word' id='word_1_940' title='bbox 1259 2679 1389 2714; x_wconf 75' lang='grc' dir='ltr'>Αἰγύπτῳ</span> <span class='ocrx_word' id='word_1_941' title='bbox 1409 2677 1604 2713; x_wconf 83' lang='grc' dir='ltr'>τερατουργόν·</span> <span class='ocrx_word' id='word_1_942' title='bbox 1626 2676 1673 2702; x_wconf 82' lang='grc' dir='ltr'>τὸν</span> <span class='ocrx_word' id='word_1_943' title='bbox 1698 2676 1760 2706; x_wconf 85' lang='grc' dir='ltr'>ταῖς</span> <span class='ocrx_word' id='word_1_944' title='bbox 1787 2673 1841 2700; x_wconf 82' lang='grc' dir='ltr'>τῶν</span> 
     </span>
    </p>
   </div>
   <div class='ocr_carea' id='block_1_116' title="bbox 1052 2720 1841 2759">
    <p class='ocr_par' dir='ltr' id='par_1_116' title="bbox 1052 2720 1841 2759">
     <span class='ocr_line' id='line_1_116' title="bbox 1052 2720 1841 2759; baseline -0.011 -6"><span class='ocrx_word' id='word_1_945' title='bbox 1052 2725 1288 2753; x_wconf 75' lang='grc' dir='ltr'>πλεονεκτούντων</span> <span class='ocrx_word' id='word_1_946' title='bbox 1303 2723 1412 2759; x_wconf 85' lang='grc' dir='ltr'>μανίαις</span> <span class='ocrx_word' id='word_1_947' title='bbox 1432 2723 1507 2757; x_wconf 83' lang='grc' dir='ltr'>ὃλην,</span> <span class='ocrx_word' id='word_1_948' title='bbox 1524 2722 1561 2753; x_wconf 84' lang='grc' dir='ltr'>ὡς</span> <span class='ocrx_word' id='word_1_949' title='bbox 1575 2721 1640 2752; x_wconf 83' lang='grc' dir='ltr'>ἔπος</span> <span class='ocrx_word' id='word_1_950' title='bbox 1658 2720 1756 2750; x_wconf 83' lang='grc' dir='ltr'>εἰπεῖν,</span> <span class='ocrx_word' id='word_1_951' title='bbox 1776 2726 1841 2745; x_wconf 77' lang='grc' dir='ltr'>κατ-</span> 
     </span>
    </p>
   </div>
   <div class='ocr_carea' id='block_1_117' title="bbox 1052 2763 1840 2806">
    <p class='ocr_par' dir='ltr' id='par_1_117' title="bbox 1052 2763 1840 2806">
     <span class='ocr_line' id='line_1_117' title="bbox 1052 2763 1840 2806; baseline -0.013 -6"><span class='ocrx_word' id='word_1_952' title='bbox 1052 2771 1231 2806; x_wconf 78' lang='grc' dir='ltr'>εξανιστάντα</span> <span class='ocrx_word' id='word_1_953' title='bbox 1245 2771 1294 2806; x_wconf 84' lang='grc' dir='ltr'>τὴν</span> <span class='ocrx_word' id='word_1_954' title='bbox 1305 2770 1404 2796; x_wconf 84' lang='grc' dir='ltr'>κτίσιν·</span> <span class='ocrx_word' id='word_1_955' title='bbox 1432 2768 1525 2799; x_wconf 84' lang='grc' dir='ltr'>ὑετούς</span> <span class='ocrx_word' id='word_1_956' title='bbox 1539 2776 1568 2794; x_wconf 83' lang='grc' dir='ltr'><strong>τε</strong></span> <span class='ocrx_word' id='word_1_957' title='bbox 1588 2767 1636 2793; x_wconf 78' lang='grc' dir='ltr'>καὶ</span> <span class='ocrx_word' id='word_1_958' title='bbox 1652 2764 1774 2802; x_wconf 76' lang='grc' dir='ltr'>χαλάζας</span> <span class='ocrx_word' id='word_1_959' title='bbox 1798 2763 1840 2796; x_wconf 62' lang='grc' dir='ltr'><strong>ἑξι</strong></span> 
     </span>
    </p>
   </div>
   <div class='ocr_carea' id='block_1_118' title="bbox 245 2821 1001 2863">
    <p class='ocr_par' dir='ltr' id='par_1_118' title="bbox 245 2829 1001 2863">
     <span class='ocr_line' id='line_1_118' title="bbox 245 2829 1001 2863; baseline 0.001 -7"><span class='ocrx_word' id='word_1_960' title='bbox 245 2829 266 2845; x_wconf 86' lang='grc'><strong>⁶⁷</strong></span> <span class='ocrx_word' id='word_1_961' title='bbox 279 2830 357 2856; x_wconf 88' lang='lat' dir='ltr'><strong>Deut.</strong></span> <span class='ocrx_word' id='word_1_962' title='bbox 375 2829 401 2861; x_wconf 72' lang='lat' dir='ltr'><strong>&#39;v,</strong></span> <span class='ocrx_word' id='word_1_963' title='bbox 419 2830 463 2856; x_wconf 79' lang='grc'><strong>51.</strong></span> <span class='ocrx_word' id='word_1_964' title='bbox 499 2830 613 2857; x_wconf 78' lang='lat' dir='ltr'><strong>&quot;Exod.</strong></span> <span class='ocrx_word' id='word_1_965' title='bbox 629 2839 683 2863; x_wconf 72' lang='lat' dir='ltr'><strong>xix,</strong></span> <span class='ocrx_word' id='word_1_966' title='bbox 697 2831 741 2858; x_wconf 65' lang='lat'><strong>24.</strong></span> <span class='ocrx_word' id='word_1_967' title='bbox 779 2832 800 2847; x_wconf 84' lang='lat'>&quot;</span> <span class='ocrx_word' id='word_1_968' title='bbox 811 2831 895 2858; x_wconf 84' lang='lat' dir='ltr'><strong>llebr.</strong></span> <span class='ocrx_word' id='word_1_969' title='bbox 906 2839 944 2859; x_wconf 86' lang='grc' dir='ltr'>ιιι.</span> <span class='ocrx_word' id='word_1_970' title='bbox 958 2831 1001 2863; x_wconf 69' lang='lat'><strong>5,1</strong></span> 
     </span>
    </p>
   </div>
   <div class='ocr_carea' id='block_1_119' title="bbox 1053 2821 1840 2863">
    <p class='ocr_par' dir='ltr' id='par_1_119' title="bbox 1053 2821 1840 2863">
     <span class='ocr_line' id='line_1_119' title="bbox 1053 2821 1840 2863; baseline -0.011 -4"><span class='ocrx_word' id='word_1_971' title='bbox 1053 2833 1073 2848; x_wconf 80' lang='grc' dir='ltr'><strong>⁷ο</strong></span> <span class='ocrx_word' id='word_1_972' title='bbox 1088 2831 1170 2859; x_wconf 82' lang='lat' dir='ltr'><strong>Marc.</strong></span> <span class='ocrx_word' id='word_1_973' title='bbox 1184 2838 1210 2863; x_wconf 78' lang='grc' dir='ltr'><strong>ιι,</strong></span> <span class='ocrx_word' id='word_1_974' title='bbox 1224 2830 1250 2857; x_wconf 81' lang='lat'><strong>9.</strong></span> <span class='ocrx_word' id='word_1_975' title='bbox 1288 2828 1415 2855; x_wconf 77' lang='lat' dir='ltr'><strong>&quot;Matth.</strong></span> <span class='ocrx_word' id='word_1_976' title='bbox 1434 2835 1490 2859; x_wconf 78' lang='lat' dir='ltr'><strong>xm,</strong></span> <span class='ocrx_word' id='word_1_977' title='bbox 1510 2827 1552 2854; x_wconf 89' lang='lat' dir='ltr'><strong>ll.</strong></span> <span class='ocrx_word' id='word_1_978' title='bbox 1593 2826 1615 2842; x_wconf 84' lang='lat'>&quot;</span> <span class='ocrx_word' id='word_1_979' title='bbox 1631 2824 1772 2853; x_wconf 66' lang='lat' dir='ltr'><strong>Matth.“</strong></span> <span class='ocrx_word' id='word_1_980' title='bbox 1796 2821 1840 2850; x_wconf 70' lang='lat' dir='ltr'><strong>ll.</strong></span> 
     </span>
    </p>
   </div>
   <div class='ocr_carea' id='block_1_120' title="bbox 211 2863 947 2900">
    <p class='ocr_par' dir='ltr' id='par_1_120' title="bbox 211 2863 947 2900">
     <span class='ocr_line' id='line_1_120' title="bbox 211 2863 947 2900; baseline 0.001 -9"><span class='ocrx_word' id='word_1_981' title='bbox 211 2863 234 2880; x_wconf 88' lang='lat'>&quot;</span> <span class='ocrx_word' id='word_1_982' title='bbox 250 2864 343 2891; x_wconf 77' lang='lat' dir='ltr'><strong>Matth.</strong></span> <span class='ocrx_word' id='word_1_983' title='bbox 356 2873 413 2899; x_wconf 85' lang='lat' dir='ltr'><strong>xm,</strong></span> <span class='ocrx_word' id='word_1_984' title='bbox 431 2865 470 2892; x_wconf 84' lang='grc'><strong>16.</strong></span> <span class='ocrx_word' id='word_1_985' title='bbox 509 2866 532 2881; x_wconf 75' lang='grc'>’⁸</span> <span class='ocrx_word' id='word_1_986' title='bbox 547 2865 634 2893; x_wconf 79' lang='lat' dir='ltr'><strong>Levit.</strong></span> <span class='ocrx_word' id='word_1_987' title='bbox 647 2874 682 2900; x_wconf 77' lang='lat' dir='ltr'><strong>x1,</strong></span> <span class='ocrx_word' id='word_1_988' title='bbox 698 2866 732 2894; x_wconf 71' lang='grc'>45</span> <span class='ocrx_word' id='word_1_989' title='bbox 743 2875 750 2899; x_wconf 85' lang='lat'>;</span> <span class='ocrx_word' id='word_1_990' title='bbox 762 2866 846 2894; x_wconf 75' lang='lat' dir='ltr'><strong>Exod.</strong></span> <span class='ocrx_word' id='word_1_991' title='bbox 858 2874 902 2899; x_wconf 80' lang='lat' dir='ltr'><strong>xx,</strong></span> <span class='ocrx_word' id='word_1_992' title='bbox 921 2866 947 2892; x_wconf 84' lang='grc'><strong>5.</strong></span> 
     </span>
    </p>
   </div>
  </div>
