1939 3041
114 122 168 154 ωδ

470 120 515 148 DE
534 116 755 148 ADORATIONE
773 115 807 147 lN
827 117 909 146 SPiRl

982 116 1025 146 ET
1046 115 1229 147 \‘ERITATE.
1249 116 1313 146 LIB.
1335 116 1389 148 ΥΠ.

1690 117 1741 147 εει

113 181 266 214 ωπλικότα,
280 181 327 207 καὶ
335 179 388 206 τῶν
396 179 536 214 στοιχείων
546 177 697 214 μεταϐολὰς
709 177 902 212 ὲπιδεδειχότα,

962 180 1125 209 :reaturam;
1151 176 1197 212 qui
1220 176 1322 204 imbres
1343 180 1371 204 et
1394 174 1555 211 grandinem
1575 173 1698 208 armarit,
1715 181 1742 204 et

114 229 163 257 καὶ
184 229 241 259 τοῖς
257 230 441 263 πρωτοτόκοις
457 227 502 253 τὸν
526 226 635 261 οἰκτρὸν
651 226 757 253 ἑνιέντα
777 225 899 257 θάνατον,

114 272 164 299 καὶ
183 271 279 298 σκότον
300 271 394 303 αὐτοῖς
418 270 591 305 καταχέαντα
607 270 653 296 τὸν
674 270 833 306 τριήμερον·
857 269 902 296 τὸν

113 318 159 345 διὰ
173 317 264 354 μέσων
284 316 352 344 ἱέναι
369 316 499 352 κυμάτων
512 314 553 348 οἷς
570 316 602 343 ἂν
619 315 706 342 ὲθέλοι
722 315 902 351 δωρούμενον,

113 364 162 391 καὶ
180 363 301 399 ἀμογητὶ
315 361 500 398 συνθραύοντα
514 362 577 393 τοὺς
597 361 809 396 ἀνθεστηκότας.
830 361 904 387 Ἔδει

113 410 181 445 γὰρ,
196 409 250 436 ἔδει
260 409 298 444 μὴ
311 409 418 442 ἀγνοεῖν
431 408 494 438 τοὺς
508 406 557 441 τῆς
572 406 647 438 Θείας
662 406 773 441 ἐντολῆς
793 404 905 441 ὑποτρέ-

114 464 213 492 χοντας
235 454 281 482 τὸν
306 453 398 488 ζυγὸν,
418 453 469 489 ὅση
492 452 535 484 τίς
560 453 634 479 ἐστιν
655 452 672 486 ἡ
688 451 735 478 τοῦ
758 450 904 486 νομοθέτου

113 503 250 537 δύναμις,
272 501 320 528 καὶ
345 501 387 527 ὅτι
411 497 593 534 προσκρούειν
609 498 700 529 αὐτοῖς
715 497 764 524 οὐκ
785 497 906 532 ἀσφαλὲς

113 549 152 584 τῷ
165 549 256 575 πάντα
271 546 388 578 εὐκόλως
402 544 552 580 κατορθοῦν
573 543 701 579 ἰσχύοντι.

150 636 258 664 ΠΑΛΛ.
277 637 320 668 Ὠς
333 633 362 663 εὖ
378 643 410 670 γε
421 636 488 671 ἡμῖν
502 635 516 660 6
530 633 677 669 νομοθέτης
690 633 737 660 καὶ
748 633 905 670 θεοπρεπῶς

114 683 266 709 ἐσκέπτετο
281 683 287 709 l
300 681 441 716 Κατάγχει
460 680 514 715 γάρ
539 688 597 710 πως
623 679 667 705 ἀεὶ
688 679 718 704 τὸ
734 679 815 714 δεῖμα
838 679 907 714 πρὸς

114 729 289 760 εὐπείθειαν,
304 729 351 755 καὶ
367 727 461 762 ὥσπερ
479 725 539 752 τινὰ
554 724 643 751 πῶλον
662 724 768 761 εὐήνιον
783 725 907 761 ἀπεργά-

116 771 194 804 ζεται
206 773 252 800 τὸν
265 773 357 808 ἁπηνῆ
374 772 420 798 καὶ
436 771 604 805 δυσάγωγον.

949 222 1152 262 elementorum
1174 223 1403 250 commutationes
1425 221 1591 255 ostenderit;
1604 221 1650 257 qui
1668 229 1742 250 mor-

955 273 1011 296 tem
1033 269 1224 304 primogenitis
1246 269 1431 296 miserabilem
1452 268 1609 301 immiserit;
1631 268 1678 303 q’ui
1696 269 1747 297 tris

955 315 1061 342 duanas
1075 315 1130 342 illis
1144 315 1272 342 tenebras
1288 315 1431 348 oﬂ‘uderit;
1447 314 1494 350 qui
1509 322 1558 349 per
1573 314 1679 342 medios
1691 315 1743 342 ﬂu-

955 365 1026 393 ctus,
1042 361 1144 396 quibus
1159 361 1286 393 voluerit,
1303 361 1345 388 ire
1358 361 1534 393 concesserit,
1553 361 1599 395 qui
1617 361 1745 388 adversa-

955 406 1011 435 rios
1026 407 1102 434 nullo
1120 407 1231 442 negotio
1246 407 1418 434 contriverit.
1439 407 1514 443 Opus
1530 408 1602 435 enim
1621 409 1744 443 proiecto

955 458 1024 486 erat,
1042 458 1083 487 ut,
1099 453 1145 489 qui
1163 453 1321 481 divinorum
1345 459 1544 489 praeceptorum
1560 455 1655 490 jugum
1677 455 1744 482 sub-

955 500 1039 533 irent,
1058 500 1078 527 ii
1093 508 1149 527 non
1171 499 1341 536 ignorarent,
1363 504 1464 534 quanta
1487 505 1560 527 esset
1583 501 1746 536 legislatoris

955 550 1088 582 potestas,
1108 554 1141 574 ac
1162 546 1265 574 scirent
1284 546 1398 573 minime
1417 546 1469 573 sibi
1488 554 1548 574 esse
1565 550 1663 580 tutum,
1682 555 1745 574 eum

956 593 1107 626 oﬂ'endere,
1123 593 1170 628 qui
1187 593 1321 628 perlicere
1337 592 1430 620 omnia
1443 592 1522 621 facile
1536 597 1638 628 posset.

991 637 1089 667 PALL.
1110 638 1276 666 Praeclarum
1292 644 1368 670 sane,
1382 645 1414 665 ac
1426 638 1482 665 Deo
1497 637 1686 673 dignissimum
1703 638 1746 666 ie-

957 684 1093 719 gislatoris
1116 684 1280 712 consilium:
1299 691 1362 711 nam
1388 691 1496 719 semper
1521 684 1578 711 fere
1603 689 1693 712 metus
1711 683 1747 712 ad

957 729 1142 757 obedientiam
1163 729 1258 765 adigit,
1276 733 1304 757 et
1324 729 1464 757 hominem
1482 730 1609 764 quamvis
1628 729 1747 757 eii'rena-

957 778 1017 802 tum
1035 779 1117 810 atque
1134 775 1271 803 diﬂiciiem
1285 795 1293 809 ,
1313 775 1392 810 quasi
1408 779 1510 810 equum
1522 795 1529 808 ,
1547 775 1625 803 freno
1638 774 1747 803 obtem-

957 825 1101 856 perantem
1116 821 1216 849 reddit.

152 860 236 889 ΚΥΡ.
260 860 410 897 Ὀρθότατα
429 859 507 896 ἔφης.
527 860 685 896 Ἀποφήσας
699 857 730 895 δὴ
743 858 788 886 οὖν
799 860 829 887 τὺ
842 859 909 896 χρῆ·-

992 865 1071 894 CYR.
1092 867 1256 895 Rectissime
1276 867 1356 894 dicis.
1371 866 1440 894 Cum
1460 866 1544 902 igitur
1560 866 1748 901 prohibuisset

117 916 162 934 ναι
174 907 246 938 θεοῖς
256 907 420 942 προσκυνεῖν
435 905 550 942 ἑτέροις,
561 906 609 933 καὶ
621 906 672 942 τὴν
683 905 793 933 εἰδώλου
805 906 906 938 παντὸς

117 950 238 988 ποίησιν,
256 951 412 988 ἐξομοίωμά
424 960 453 978 τε
469 952 517 979 καὶ
535 952 655 987 γραφὴν,
670 952 719 978 καὶ
740 951 771 979 τὸ
792 949 916 988 προσνέέ

119 1007 181 1036 μειν
206 999 362 1034 ἀποτολμᾷν
383 998 414 1024 τὸ
439 997 490 1033 τῆς
510 997 637 1034 θεότητος
659 997 745 1033 ὄνομα
769 999 829 1030 ταῖς
851 997 906 1024 τῶν

117 1045 352 1081 ἁταλματουργῶν
369 1045 546 1080 ἐπιστήμαις,
561 1044 651 1076 δίκαις
672 1044 830 1079 ὕπενεγκὼν
846 1045 907 1075 ταῖς

117 1093 247 1128 ἐσχάταις
262 1091 270 1127 (
282 1101 291 1118 ‹
308 1091 345 1118 Οὐ
359 1091 413 1127 γὰρ
423 1089 507 1127 λήψῃ,
517 1090 594 1125 φησὶ,
603 1090 633 1117 τὸ
647 1090 733 1126 ὄνομα
744 1090 847 1126 Κυρίου
859 1089 907 1117 τοῦ

117 1137 186 1165 Θεοῦ
207 1147 254 1165 σου
271 1138 319 1165 ἐπὶ
345 1137 464 1173 ματαίῳ.
485 1137 526 1164 ὅτι
541 1138 572 1165 οὐ
591 1137 627 1173 μὴ
646 1136 783 1172 καθαρίσῃ
806 1136 908 1172 Κύριος

117 1185 163 1212 τδν
174 1184 347 1220 λαμϐάνοντα
358 1184 389 1211 τὸ
402 1184 486 1219 δνομα
498 1183 580 1210 αὑτοῦ
595 1184 641 1210 ἐπὶ
658 1183 766 1220 ματαίῳ
779 1183 814 1218 ι).
829 1191 910 1210 κατα-

120 1230 247 1266 ρυθμίζει
272 1230 364 1257 λοιπὸν
390 1229 425 1256 τὰ
450 1229 625 1264 ἀνθρώπινα,
653 1230 700 1256 καὶ
726 1228 820 1264 ὥσπερ
847 1229 908 1256 τινὰ

118 1277 221 1304 κανόνα
233 1276 301 1312 πρὸς
311 1276 340 1302 τὸ
353 1275 417 1302 εὐθὺ
438 1276 498 1307 ταῖς
513 1275 641 1302 ἁπάντων
658 1275 808 1307 πολιτείαις
823 1274 909 1310 ὁρίζει

118 1323 165 1350 τὸν
180 1323 272 1358 νόμον·
292 1322 401 1357 ἀπάσης
415 1322 444 1348 δὲ
461 1322 535 1357 ἡμᾶς
549 1321 687 1357 ἐξίστησιν
701 1321 849 1357 ἁμαρτίας,
864 1320 910 1348 τὸν

119 1368 169 1404 τῆς
191 1369 221 1395 ὲν
242 1368 353 1404 Χριστῷ
368 1367 541 1402 δικαιοσύνης
564 1367 611 1394 καὶ
631 1367 685 1403 πρό
702 1375 734 1401 γε
750 1366 803 1393 τῶν
821 1366 910 1394 ἄλλων

119 1415 332 1450 κατασημαίνων
344 1413 450 1450 καιρὸν,
463 1413 524 1440 καθ’
535 1413 564 1440 ὃν
582 1414 598 1448 ή
614 1413 765 1447 τελεωτάτη
776 1412 910 1448 λύτρωσις

119 1460 167 1487 καὶ
182 1461 199 1495 ή
217 1459 384 1495 φαυλότητος
407 1459 578 1495 καταφθορὰ,
595 1459 642 1486 καὶ
661 1459 857 1494 άναμόρφωσις
870 1459 910 1490 είς

118 1505 150 1532 τὸ
163 1505 210 1532 ἀπ’
228 1505 326 1540 ἀρχῆς,
340 1505 387 1532 καὶ
406 1504 479 1540 ζωῆς
500 1505 700 1541 ἀνακαινισμὸς
728 1505 777 1540 τῆς
792 1505 820 1531 ὲν
833 1504 910 1539 ἁγιό-

118 1551 182 1587 τητί
199 1560 229 1578 τε
252 1552 299 1578 καὶ
320 1550 453 1587 φιλοθεΐᾳ.
476 1551 622 1586 Τοιγάρτοι
638 1550 714 1586 φησί·
736 1560 745 1576 ι
767 1550 909 1586 Μνήσθητι
923 1547 944 1577 C

119 1597 170 1633 τὴν
187 1597 294 1633 ἡμέραν
306 1596 361 1623 τῶν
373 1597 522 1624 Σαὸῦόιτων
540 1595 665 1631 ἁγιάζειν
679 1596 775 1631 αὐτὴν·
793 1595 823 1629 ἓξ
838 1595 908 1631 ἡμέ-

121 1651 172 1677 ρας
189 1642 304 1678 ἐργάσῃ,
316 1643 362 1669 καὶ
378 1643 501 1679 ποιήσεις
513 1642 601 1669 πάντα
621 1642 656 1669 τὰ
672 1641 741 1678 ἔργα
756 1650 814 1674 σου,
837 1643 870 1677 τῇ
881 1641 909 1668 δὲ

119 1688 214 1724 ήμέρα
235 1689 268 1724 τῇ
293 1689 395 1724 ἑϐδόμῃ
415 1688 562 1721 Σάϐϐατα,
587 1687 740 1719 ἀνάπαυσις
762 1686 857 1723 Κυρίῳ
871 1686 910 1722 τῷ

120 1732 182 1768 Θεῷ
203 1741 264 1759 σου·
282 1733 312 1760 οὐ
329 1735 452 1768 ποιήσεις
469 1734 498 1759 ὲν
516 1734 585 1768 αὐτῇ
601 1733 655 1759 πᾶν
671 1732 763 1768 ἔργον,
782 1732 815 1758 σὺ
830 1732 878 1759 καὶ
896 1732 911 1758 ὁ

121 1826 203 1862 δίσκη
227 1835 286 1865 σου,
302 1826 316 1852 ό
335 1826 397 1862 βοῦς
423 1835 470 1853 σου
493 1827 541 1853 καὶ
559 1825 589 1853 τὸ
605 1825 751 1860 ὑποζύγιον
767 1834 829 1858 σου,
857 1826 911 1852 πᾶν

121 1873 152 1900 τὸ
168 1873 266 1909 κτῆνός
283 1881 340 1906 σου,
355 1874 402 1900 καὶ
417 1874 431 1900 ὀ
445 1873 616 1909 προσήλυτος
630 1873 644 1899 ό
660 1872 799 1909 παροικῶν
815 1873 843 1899 ὲν
860 1871 911 1899 σοί.

129 1918 174 1945 Ἐν
190 1918 243 1953 γὰρ
260 1917 289 1950 ἱξ
310 1917 428 1954 ἡμέραις
454 1918 566 1952 ἐποίησε
590 1917 693 1953 Κύριος
708 1917 753 1944 τὸν
785 1917 912 1952 οὐρανὸν,

124 1964 173 1991 καὶ
197 1963 246 1999 τὴν
268 1965 329 1999 γῆν,
345 1964 393 1991 καὶ
416 1964 466 1999 τὴν
488 1964 637 1996 θάλασσαν.
662 1964 710 1992 καὶ
723 1964 812 1991 πάντα
834 1963 867 1990 τὰ
884 1964 913 1990 ὲν

124 2010 227 2042 αὐτοῖς,
254 2010 302 2036 καὶ
326 2010 482 2037 κατέπαυσε
500 2011 533 2046 τῇ
561 2010 652 2046 ἡμέρᾳ
669 2012 702 2046 τῇ
728 2010 840 2049 ἐϐδόμῃ.
864 2013 914 2041 Διὰ

122 2054 204 2082 τοῦτο
218 2055 351 2091 ηὺλόγησε
367 2055 468 2092 Κύριος
482 2055 532 2092 τὴν
545 2055 652 2093 ἡμέραν
664 2057 714 2093 τὴν
726 2057 855 2094 ὲῦδόμην,
867 2059 914 2086 καὶ

123 2100 240 2136 ἡγίασεν
255 2101 350 2137 αὑτήν.

159 2146 264 2174 ΠΔΛΔ.
281 2146 336 2174 Καὶ
350 2148 376 2173 τί
391 2147 424 2184 δὴ
437 2147 517 2175 τοῦτό
529 2149 619 2182 tactv;
634 2149 665 2176 οὐ
680 2149 735 2185 γὰρ
747 2158 787 2177 τοι
802 2150 915 2186 συνίημι

125 2191 230 2227 σαφῶς.
248 2191 426 2228 ’Δγιάσαιμεν
444 2193 466 2220 δ’
483 2193 516 2221 ἂν
531 2193 592 2221 τίνα
603 2193 704 2230 τρόπον
715 2193 765 2230 τὴν
777 2195 832 2223 τῶν
844 2195 914 2223 Σασ-

124 2238 215 2266 6άτων
230 2238 335 2274 ἡμέραν
343 2247 350 2272 ;

159 2284 241 2312 ΚΥΡ.
253 2284 348 2312 Βούλει
369 2284 494 2321 λέγωμεν
514 2285 594 2320 ὀλίγα
608 2285 677 2313 ἄττα
692 2295 757 2325 περι
771 2287 912 2316 ὶαὸὃάτου

124 2331 172 2358 καὶ
194 2330 244 2366 τῆς
265 2331 295 2357 ὲν
321 2331 395 2367 αὑτῷ
424 2332 611 2367 τετιμημένης
633 2332 751 2367 ἀργίας;
779 2331 834 2360 εἷεν
858 2334 913 2370 γὰρ

123 2377 156 2405 ἂν
173 2377 246 2404 οὕτω
259 2378 307 2405 καὶ
323 2377 396 2413 μάλα
419 2377 493 2412 σαφῆ
508 2377 542 2404 τὰ
562 2377 654 2404 θεόθεν
669 2379 735 2414 ημῖν
758 2387 912 2415 κεχρησμο-

124 2422 187 2458 δστη
191 2422 270 2458 μένα.

159 2469 263 2497 ΠΛΛΛ.
282 2469 353 2496 Πάνυ
374 2469 423 2504 μὲν
439 2465 497 2496 οὖν.

159 2515 242 2544 ΚΥΡ.
261 2515 297 2541 To
320 2514 468 2547 Σάὸὄατον,
486 2511 509 2542 ὦ
531 2513 679 2548 Παλλάδιε,
702 2514 846 2544 τελευταία
861 2516 911 2552 τῆς

123 2561 269 2597 ἑϐδομάδος
283 2561 417 2596 τυγχάνον
444 2561 552 2597 ἡμέρα,
570 2561 792 2597 κατασημήνειεν
805 2562 849 2594 ἂν,
869 2560 910 2590 οῖ-

124 2608 172 2643 μαε
200 2616 264 2640 που,
288 2607 333 2633 τὸν
359 2608 409 2642 τῆς
425 2606 470 2633 τοῦ
503 2607 629 2643 Σωτῆρος
659 2607 736 2643 ἡμῶν
760 2608 909 2644 ἐπιδημίας

123 2651 228 2687 καιρὸν,
242 2651 271 2683 ὃς
289 2651 394 2686 πέφηνε
413 2650 463 2686 μὲν
477 2652 523 2678 ἐπὶ
544 2651 683 2687 συντελείᾳ
702 2653 749 2680 καὶ
769 2655 910 2690 μονονουχὶ

122 2698 189 2734 πρὸς
202 2698 299 2728 αὑταῖς
310 2697 360 2733 ἤδη
375 2697 422 2724 τοῦ
440 2698 574 2733 παρόντος
585 2698 684 2730 αἰῶνος
698 2699 824 2735 δυσμαῖς,
838 2701 909 2736 ἀρχὴ

121 2742 149 2770 δὲ
174 2742 220 2771 καὶ
243 2743 313 2780 θύρα
338 2743 385 2770 καὶ
407 2743 466 2775 ὁδὸς
491 2744 557 2779 ἡμῖν
583 2745 691 2779 γένονεν
718 2747 758 2779 εις
784 2747 912 2782 ἀπόνιψιν

173 2839 199 2855 ⁷³
208 2837 295 2866 Ειοά.
310 2845 342 2864 xx
355 2857 362 2870 ,
378 2838 403 2864 7.
429 2836 530 2866 "ibid.
546 2837 649 2868 10,“.
670 2851 673 2852 ν

958 911 1024 940 deos
1044 913 1113 940 alios
1127 913 1253 945 adorare,
1270 917 1299 940 et
1319 913 1423 940 idolum
1438 912 1553 948 quodvis
1574 913 1617 940 vel
1634 913 1748 941 simula-

957 964 1036 986 erum
1063 963 1111 986 aut
1133 959 1271 994 picturam
1291 958 1431 994 ciiingere,
1455 965 1573 992 cumque
1595 962 1748 986 extremum

958 1005 1124 1040 supplicium
1149 1005 1346 1038 constituisset,
1363 1006 1385 1032 si
1402 1005 1448 1040 qui
1472 1005 1625 1032 divinitatis
1649 1012 1749 1033 nomen

958 1049 1086 1078 (ictorum
1114 1051 1325 1078 simulacrorum
1360 1050 1485 1078 artiﬁciis
1512 1051 1636 1077 tribuere
1666 1057 1750 1078 ausus

956 1100 1033 1124 esset
1049 1105 1056 1123 :
1079 1106 1088 1122 ι
1106 1097 1201 1132 Neque
1220 1097 1295 1124 enim
1317 1096 1445 1132 accipies,
1464 1096 1563 1131 inquit,
1578 1104 1678 1124 nomen
1697 1096 1752 1124 Do-

958 1144 1026 1171 mini
1040 1144 1089 1171 Dei
1105 1144 1145 1171 tui
1166 1144 1194 1171 in
1216 1150 1332 1177 vanum;
1353 1144 1418 1178 quia
1440 1151 1496 1170 non
1516 1151 1616 1178 purum
1638 1143 1751 1170 habebit

958 1188 1091 1218 Dominus
1104 1197 1177 1222 eum,
1187 1190 1235 1225 qui
1247 1190 1347 1225 accipit
1360 1196 1460 1216 nomen
1472 1190 1532 1224 ejus
1544 1190 1572 1216 in
1580 1196 1681 1216 vanum
1691 1189 1725 1222 τ’,
1738 1199 1747 1215 ι

959 1241 1018 1264 tum
1033 1237 1068 1264 ad
1094 1244 1138 1264 res
1155 1237 1290 1264 humanas
1308 1236 1510 1271 componendas
1525 1236 1706 1268 convertitur,
1724 1239 1752 1265 et

959 1284 1048 1319 legem
1070 1283 1149 1318 quasi
1174 1283 1297 1318 regulam
1319 1282 1476 1317 quamdam,
1492 1289 1545 1317 qua
1559 1282 1624 1317 quid
1645 1286 1752 1309 rectum

959 1330 1005 1362 sit,
1018 1329 1189 1364 exquiratur,
1204 1329 1328 1356 omnium
1345 1328 1486 1356 hominum
1500 1328 1564 1356 vitae
1577 1329 1731 1364 praescribit
1743 1337 1751 1357 :

960 1379 1043 1411 atque
1059 1375 1094 1402 ab
1110 1375 1249 1402 universis
1273 1382 1326 1402 nos
1346 1375 1468 1410 peccatis
1492 1379 1578 1408 arcet,
1600 1383 1663 1403 cum
1689 1381 1753 1404 ante

960 1422 1012 1449 alia
1034 1421 1108 1449 illius
1128 1421 1156 1448 in
1176 1420 1289 1448 Christo
1308 1420 1423 1457 justitiae
1443 1425 1551 1455 tempus
1572 1421 1705 1457 designat,
1725 1423 1753 1450 in

961 1474 1016 1502 quo
1029 1466 1231 1502 perfectissima
1248 1465 1295 1493 illa
1317 1466 1482 1501 redemptio,
1496 1470 1523 1494 et
1541 1467 1671 1494 vitiorum
1687 1468 1754 1495 abo-

960 1513 1031 1545 litio,
1049 1516 1076 1540 et
1092 1512 1125 1540 ad
1145 1512 1294 1547 pristinum
1318 1516 1419 1539 statum
1444 1512 1613 1546 reformatio,
1628 1516 1656 1541 et
1680 1513 1753 1546 vitae.

961 1565 1022 1593 qum
1040 1558 1069 1585 in
1088 1558 1234 1585 sanctitate
1248 1565 1279 1585 ac
1299 1557 1347 1584 Dei
1366 1565 1459 1585 amore
1474 1557 1595 1590 ducitur,
1613 1559 1755 1586 renovatio

960 1604 1085 1640 contigit.
1097 1604 1192 1639 itaque
1205 1604 1242 1631 ait
1256 1613 1262 1630 :
1279 1614 1288 1630 ι
1303 1605 1459 1632 Recordare
1473 1604 1545 1631 diem
1560 1603 1753 1637 Sabbatorum,

960 1655 992 1678 ut
1007 1649 1163 1678 sanctifices
1184 1650 1260 1677 illum
1278 1658 1284 1677 :
1302 1658 1349 1678 sex
1368 1650 1466 1678 diebus
1484 1651 1653 1686 operaberis,
1671 1655 1698 1678 et
1714 1650 1754 1678 fa-

959 1696 1018 1724 cies
1030 1696 1121 1723 omnia
1139 1702 1223 1731 opera
1239 1699 1284 1723 tua
1299 1704 1305 1722 :
1320 1696 1365 1724 die
1378 1701 1469 1724 autem
1495 1697 1611 1731 septimo
1625 1696 1754 1730 Sabbata,

916 1770 918 1773 ,
961 1743 1073 1777 requies
1085 1742 1202 1770 Domino
1221 1743 1278 1770 Deo
1294 1746 1359 1770 tuo:
1374 1751 1429 1770 non
1447 1743 1531 1771 facies
1551 1744 1578 1770 in
1598 1743 1657 1778 ipso
1675 1750 1756 1770 omne

121 1780 180 1812 υἱός
194 1787 241 1806 σου
258 1779 307 1806 καὶ
329 1780 346 1815 ή
368 1779 491 1814 θυγάτηρ
512 1787 560 1805 σου
572 1798 580 1811 ,
596 1780 609 1805 ὁ
625 1779 690 1810 παῖς
712 1787 758 1805 σου
775 1778 822 1805 καὶ
848 1777 926 1804 παι-⁷

962 1793 1041 1822 opus,
1058 1791 1099 1820 tu,
1116 1791 1144 1814 et
1166 1787 1239 1814 ﬁlius
1254 1791 1328 1820 tuus,
1347 1791 1375 1815 et
1392 1787 1448 1815 ﬁlia
1465 1792 1521 1820 tua,
1536 1795 1634 1816 servus
1650 1792 1713 1815 tuus
1727 1790 1755 1816 et

962 1833 1060 1861 ancilla
1077 1836 1132 1865 tua,
1149 1834 1199 1861 bos
1220 1838 1283 1861 tuus
1297 1838 1325 1861 et
1340 1834 1481 1869 subjugale
1504 1838 1581 1861 tuum
1592 1855 1598 1867 ,
1614 1842 1695 1862 omne
1709 1835 1755 1869 ju—

963 1883 1088 1907 mentum
1114 1880 1194 1914 227
1220 1884 1308 1912 tuum,
1332 1884 1360 1907 et
1386 1880 1552 1915 proseiytus,
1576 1880 1622 1915 qui
1650 1880 1756 1907 habitat

963 1926 1036 1961 apud
1051 1931 1077 1954 te
1095 1935 1101 1953 :
1117 1934 1164 1954 sex
1181 1926 1255 1954 enim
1271 1926 1370 1954 diebus
1386 1927 1452 1954 fecit
1465 1927 1597 1954 Dominus
1611 1927 1709 1955 caelum
1727 1930 1756 1955 et

964 1976 1066 2000 terram
1087 1976 1115 2000 et
1134 1980 1209 2000 mare
1228 1977 1256 2001 et
1271 1973 1363 2000 omnia
1377 1980 1438 2008 qum
1457 1972 1485 2000 in
1504 1973 1544 2000 eis
1562 1979 1637 2005 sunt,
1663 1978 1691 2000 et
1710 1980 1755 2001 re-

964 2018 1069 2054 quievit
1082 2019 1126 2046 die
1146 2019 1264 2055 septimo
1281 2027 1287 2045 :
1304 2023 1451 2055 propterea
1463 2019 1604 2046 benedixit
1624 2019 1757 2047 Dominus

965 2063 1020 2091 diei
1035 2063 1163 2099 septimo,
1179 2069 1207 2091 et
1221 2064 1403 2092 sanctiﬁcavit
1419 2064 1496 2091 illum
1514 2064 1546 2090 ⁷⁵.
1567 2073 1575 2090 ι

1001 2150 1098 2180 PALL.
1112 2150 1183 2186 Quid
1195 2160 1261 2180 vero
1273 2152 1346 2180 istud
1357 2153 1421 2181 est?
1433 2160 1490 2180 non
1501 2153 1575 2180 enim
1596 2152 1661 2180 satis
1673 2152 1755 2180 intel-

965 2197 1031 2233 ligo.
1048 2197 1172 2231 Quonam
1192 2206 1257 2226 vero
1270 2198 1352 2227 modo
1365 2198 1437 2226 diem
1452 2198 1634 2226 Sabbatorum
1653 2198 1755 2226 sancti<

966 2243 1110 2272 ﬂcabimus
1117 2244 1129 2271 ?

997 2290 1075 2319 (ΠΒ.
1095 2291 1178 2319 Visne
1189 2291 1223 2319 de
1244 2290 1364 2319 Sebbato
1375 2293 1404 2318 et
1416 2291 1449 2319 de
1471 2290 1633 2322 cessatione,
1647 2297 1708 2324 qua:
1727 2289 1757 2317 in

965 2344 999 2365 eo
1009 2337 1159 2372 agebatur,
1176 2344 1263 2372 pauca
1281 2337 1426 2365 dicamus?
1441 2337 1480 2365 ita
1492 2336 1566 2364 enim
1585 2334 1757 2371 apertissima

936 2404 941 2409 ς
965 2387 1057 2416 erunt,
1068 2391 1129 2419 qua:
1136 2383 1217 2411 nobis
1227 2383 1360 2412 divinitus
1374 2386 1510 2419 praecepta
1522 2385 1596 2410 sunt.

1001 2472 1099 2501 PALL.
1114 2472 1185 2500 Sane
1199 2472 1321 2507 quidem.

998 2517 1077 2546 (ΠΒ.
1091 2517 1252 2550 Sabbatum,
1267 2516 1381 2550 Palladi,
1395 2515 1510 2544 ultimus
1531 2514 1663 2544 nimirum
1689 2514 1758 2542 heb-

965 2564 1088 2593 domadas
1099 2564 1168 2596 dies,
1183 2563 1318 2599 designat,
1332 2567 1364 2591 ut
1382 2563 1526 2595 existimo,
1550 2566 1659 2597 tempus
1677 2561 1755 2591 illud.

963 2618 1018 2646 quo
1030 2610 1154 2638 Salvator
1162 2613 1255 2638 noster
1263 2609 1384 2641 advenit,
1398 2608 1445 2644 qui
1455 2608 1580 2643 apparuit
1592 2607 1638 2635 ille
1645 2606 1757 2642 quidem

963 2658 993 2685 in
1005 2657 1253 2688 consummatione,
1267 2663 1299 2683 ac
1312 2654 1512 2691 propemodum
1531 2654 1582 2682 sub
1600 2654 1690 2689 ipsum
1707 2660 1758 2680 εαξη

964 2703 1019 2731 culi
1034 2702 1176 2739 praesentis
1190 2709 1337 2734 occasum;
1353 2701 1401 2729 sed
1414 2700 1447 2728 ad
1470 2700 1639 2728 ablutionem
1657 2704 1756 2735 peccat-

967 2753 1071 2785 torum,
1089 2750 1123 2778 ad
1140 2749 1296 2777 libertatem
1321 2755 1430 2783 quoque
1454 2754 1485 2775 ac
1510 2741 1756 2779 remissionem,“
