1939 3041
176 91 230 122 ατε

693 88 720 116 S.
741 62 877 117 CYRILL:
898 86 1131 117 ALEXANDRINI
1150 87 1308 116 ARCH'IEP.

1750 86 1803 116 ms

178 147 410 183 incorruptionem
423 153 455 174 ac
474 145 567 178 vitam,
578 146 610 172 ad
625 153 701 181 spem
714 146 832 182 denique
844 147 963 175 futuram

1024 146 1161 182 ἰιμαρτίας,
1179 146 1217 177 εἰς
1236 145 1391 181 ἐλευθερίαν
1409 145 1454 172 καὶ
1471 145 1577 180 ἄφεσιν,
1591 146 1630 177 εἰς
1647 145 1803 181 ἀφθαρσίαν

176 194 286 222 initium
299 197 326 220 et
343 193 426 228 janua
439 197 465 220 et
476 191 520 219 via
531 191 611 218 nobis
622 196 663 219 est
677 192 775 220 factus.
790 193 882 220 Multis
898 200 965 220 vero

175 239 265 268 modis
273 239 356 271 hunc,
366 238 411 273 qui
425 238 452 265 in
465 237 574 265 Christo
587 238 759 274 intelligitur,
767 239 964 267 sabbatismum

176 291 314 312 sacrarum
329 291 437 318 quoque
450 283 616 310 Litterarum
628 283 695 311 ﬁdes
703 284 783 325 nobis
795 285 912 313 latenter
924 286 966 313 in-

176 330 277 361 sinuat,
291 337 363 356 nunc
375 329 486 364 quidem
495 337 558 357 cum
567 329 759 363 cessationem,
769 338 821 365 qua
835 335 965 366 tanquam

174 384 190 403 ιι
207 375 326 411 peccatis
338 379 471 408 cessatur,
483 375 624 409 describit,
651 381 678 403 et
698 377 859 404 acerbamin
869 377 966 412 primis

175 427 257 456 atque
267 421 433 456 asperam‘in
448 425 665 457 transgressores
676 430 787 458 poenam
805 423 964 457 constituit;

176 474 250 494 nunc
271 475 347 500 vero,
369 475 432 495 cum
452 468 680 503 redemptionem,
700 476 762 504 qua:
780 468 811 496 in
826 476 860 496 eo
883 468 922 502 ﬁt,
934 476 966 496 ac

175 513 369 540 remissionem
387 518 415 540 et
427 513 647 547 instructionem,
659 522 712 549 qua
730 514 898 542 adfuturum
915 523 966 542 sre-

176 559 269 586 culum
291 566 421 593 paramur
443 563 470 587 et
482 559 652 595 accingimur
663 580 670 592 ,
684 559 799 595 ﬁgurate
819 559 965 595 signiﬁcat.

210 604 310 632 PALL.
329 604 442 640 Explica
454 605 537 641 igitur
555 614 673 641 quonam
685 610 774 641 pacto.
789 605 819 634 Id
838 607 913 634 enim
931 606 966 634 li-

177 649 341 677 bentissime
350 650 507 678 didicerim.

211 695 296 723 CYlL
304 696 355 723 Per
373 696 471 728 ﬁdem,
486 696 610 730 Palladi,
631 705 693 733 quae
712 697 740 724 in
758 696 874 726 Christo
887 697 968 726 intel-

177 740 287 777 ligitur,
313 741 462 769 Sabbatum
488 741 668 777 spiritualiter
692 742 883 776 celebramus,
904 751 967 771 cum

178 794 193 814 a
216 787 428 814 distentionibus
453 787 534 823 hujus
555 787 650 815 mundi
678 795 828 821 cessamus,
840 793 868 816 et
885 797 899 817 ιι
919 797 967 816 va-

179 840 215 860 no
250 840 344 860 errore
377 833 597 868 requiescimus,
625 837 653 861 et
680 842 696 861 a
725 834 848 869 nequitia
880 825 1005 862 disce-B

179 877 279 910 dimus,
305 882 333 906 et
352 878 456 913 peccati
479 879 575 914 jugum
599 879 768 907 excutientes
793 880 826 907 ad
854 880 968 908 liberam

179 923 424 951 sauctillcationem
442 923 607 951 relaxamur.
632 923 726 959 Itaque
750 925 848 952 beatus
869 925 970 953 Paulus

179 969 213 997 de
230 968 275 1002 iis,
291 968 338 1004 qui
349 968 471 996 nondum
488 968 675 1002 crediderant,
697 969 786 1005 inquit
804 979 810 997 :
831 979 840 996 ι
863 969 970 1003 Quibus

179 1023 245 1043 vero
256 1015 377 1042 otl‘ensus
388 1014 629 1051 fuitquadraginta
642 1016 742 1043 annis?
762 1024 853 1044 nonne
867 1016 910 1049 iis,
922 1016 970 1051 qui

180 1069 234 1089 non
253 1061 524 1096 obtemperaverunt,
544 1069 661 1096 quorum
681 1061 814 1090 cadavera
833 1066 971 1098 prostrata

180 1112 244 1135 sunt
257 1108 285 1134 in
297 1107 426 1135 deserto?
442 1106 548 1140 Quibus
561 1115 627 1135 vero
637 1107 756 1143 juravit,
778 1115 834 1135 non
854 1108 970 1136 introire

180 1155 208 1182 in
225 1154 349 1189 requiem
365 1153 461 1189 ipsius,
474 1153 527 1182 nisi
546 1153 591 1186 iis,
609 1154 657 1189 qui
679 1154 813 1182 increduli
841 1154 971 1183 fuerunt?

179 1205 208 1229 et
222 1199 350 1228 videmus
369 1200 442 1235 quod
467 1206 522 1226 non
550 1203 701 1234 potuerunt
729 1200 834 1236 ingredi
859 1205 972 1237 propter

181 1245 412 1273 incredulitatem.
436 1244 592 1271 Timeamus
610 1244 705 1280 igitur,
718 1253 754 1273 ne
771 1245 852 1279 forte,
875 1246 971 1274 relicta

179 1290 378 1327 pollicitatione
390 1289 550 1318 introeundi
563 1290 591 1317 in
603 1291 727 1325 requiem
736 1291 832 1326 ipsius,
845 1291 971 1319 videatur

179 1335 279 1372 aliquis
290 1343 324 1363 ex
334 1335 414 1363 vobis
435 1335 555 1363 defuisse
570 1336 602 1362 ⁷⁷.
623 1346 632 1361 ι
653 1337 687 1363 Et
697 1341 759 1372 post
771 1337 823 1364 alia
836 1346 842 1363 ε
856 1346 865 1363 ‹
887 1337 972 1372 Igitur

183 1381 353 1416 relinquitur
371 1380 556 1408 sabbatismus
576 1381 679 1416 popqu
698 1381 746 1408 Dei
767 1382 800 1408 ".
826 1391 834 1407 ι
849 1382 885 1408 At
907 1389 972 1409 vero

180 1427 247 1462 quid
259 1427 388 1462 prohibet
411 1427 559 1462 quominus
577 1427 660 1462 228
672 1421 738 1454 vere
760 1426 814 1454 dici
837 1427 933 1462 possit,
948 1426 971 1454 si

1015 193 1062 219 καὶ
1077 193 1116 224 εἰς
1130 191 1212 227 ζωὴν,
1227 191 1275 219 καὶ
1299 192 1339 224 εἰς
1355 191 1451 218 ἐλπίδα
1471 191 1520 227 τὴν
1538 191 1697 226 μέλλουσαν.
1714 192 1804 219 Πολυ-

1015 238 1123 274 τρόπως
1138 238 1166 265 δὲ
1189 239 1254 274 ἡμῖν
1274 238 1320 265 τὸν
1335 239 1363 265 ὲν
1386 237 1498 274 Χριστῷ
1514 238 1657 274 νοούμενον
1672 238 1804 265 σαϐϐατι-

1016 284 1085 320 σμδν
1102 284 1148 310 καὶ
1161 285 1176 320 ὴ
1188 284 1242 311 τῶν
1254 283 1335 320 ἱερῶν
1347 284 1522 320 Γραμμάτων
1537 285 1684 312 αἰνίττεται
1699 285 1803 317 πίστις,

1015 329 1060 355 ὁτὲ
1077 329 1125 364 μὲν
1140 329 1190 364 τὴν
1207 329 1235 355 ὲν
1257 329 1346 364 ἑαυτῷ
1366 329 1533 364 κατάληξιν,
1546 329 1596 364 τὴν
1610 329 1648 361 ὼς
1664 328 1694 362 ἐξ
1708 330 1803 365 ἁμαρ-

1016 374 1081 402 τιῶν
1097 375 1295 410 ὑπογράφουσα
1306 393 1313 406 ,
1335 374 1382 402 καὶ
1397 374 1445 409 τὴν
1463 375 1504 401 ὅτι
1522 374 1640 409 μάλιστα
1656 375 1758 410 πικράν
1772 382 1804 401 τε

1016 421 1063 447 καὶ
1088 420 1179 456 ἀπηνῆ
1205 420 1253 447 τοῦ
1277 420 1491 455 παραϐαίνοντος
1505 420 1688 456 καθορίζουσα
1707 421 1803 457 δίκην,

1015 467 1060 494 ὁτὲ
1083 467 1110 494 δὲ
1127 465 1161 494 αὖ
1181 467 1229 502 τὴν
1245 467 1274 493 ὲν
1291 466 1366 502 αὐτῷ
1381 466 1513 501 λύτρωσιν
1529 474 1560 493 τε
1574 467 1623 494 καὶ
1642 467 1740 501 ἄφεσιν
1761 468 1804 499 εἰς

1016 513 1183 550 ἐλευθερίαν,
1194 513 1242 540 καὶ
1260 512 1313 549 μὴν
1327 513 1375 539 καὶ
1390 513 1572 549 εὐτρεπισμδν
1595 513 1641 540 τὸν
1661 515 1701 546 εἰς
1717 513 1804 541 αἰῶνα

1016 559 1062 586 τὸν
1078 558 1209 594 μέλλοντα
1221 558 1343 590 τυπικῶς
1361 559 1559 593 ὑποφαίνουσα.

1052 605 1156 632 ΠΑΛΛ.
1184 605 1273 641 Φράζε
1295 605 1327 641 δὴ
1349 602 1396 632 οὖν
1412 605 1495 637 ὅπως.
1520 604 1628 641 Εξδείην
1647 605 1700 641 γὰρ
1717 606 1751 633 ἂν
1765 606 1806 638 ὡς

1017 651 1115 688 ἥδιστά
1129 660 1171 687 γε.

1053 698 1138 725 ΚΥΡ.
1160 698 1211 724 Διὰ
1229 697 1364 730 πίστεως,
1385 694 1408 725 ὧ
1424 697 1566 732 Παλλάδιε,
1581 698 1630 734 τῆς
1648 699 1678 725 ὲν
1691 699 1807 735 Χριστῷ

1018 743 1166 780 νοουμένης
1188 743 1382 779 πνευματικῶς
1399 743 1607 779 σαϐϐατίζομεν,
1626 744 1681 772 τῶν
1695 745 1723 771 ὲν
1737 744 1807 780 τῷδε

1019 790 1114 826 κόσμῳ
1130 790 1330 826 περισπασμῶν
1355 790 1566 825 καταλήγοντες,
1586 791 1633 817 καί¹
1653 792 1808 827 περιφορᾶς

1021 837 1126 869 εἰκαίας
1142 837 1358 872 ἀποπαυόμενοι,
1382 836 1430 863 καὶ
1445 836 1611 872 φαυλότητος
1625 837 1807 872 ἀπονοσφιξό-

1021 891 1108 919 μενοι,
1132 883 1178 910 καὶ
1201 882 1246 910 τὸν
1267 883 1317 917 τῆς
1342 882 1479 919 ἁμαρτίας
1501 882 1685 915 διεκδύνοντες
1713 883 1806 918 ζυγὸν,

1019 929 1151 965 ἀνείμεοα
1172 929 1265 956 λοιπὸν
1288 931 1328 961 εἰς
1344 929 1487 965 ἐλεύθερον
1506 929 1652 965 ἁγιασμόν.
1670 930 1724 956 Καὶ
1741 931 1807 964 γοῦν

1020 976 1034 1002 ὁ
1051 975 1194 1007 θεσπέσιος
1207 975 1321 1007 ’Παῦλος
1338 976 1402 1011 περὶ
1423 975 1477 1002 τῶν
1493 975 1569 1002 οὔπω
1585 976 1808 1002 πεπιστευκότων

1021 1022 1096 1056 φησί·
1124 1029 1134 1047 ι
1164 1021 1226 1048 Τίσι
1247 1021 1286 1048 ‘BE
1315 1020 1486 1058 προσώχθισε
1511 1021 1717 1057 τεσσαράκοντα
1740 1022 1806 1057 ἐτηε

1020 1066 1080 1102 οὐχ).
1095 1067 1152 1099 τοῖς
1175 1066 1375 1102 ἀπειθήσασιν,
1397 1063 1435 1094 ὧν
1452 1066 1487 1093 τὰ
1510 1066 1584 1094 κῶλα
1607 1066 1704 1094 ἔπεσον
1725 1067 1754 1094 ὲν
1772 1068 1808 1102 τῇ

1021 1113 1135 1149 ὲρήμῳ·;
1150 1113 1212 1140 Τίσι
1232 1113 1260 1140 δὲ
1277 1113 1369 1149 ὤμοσε
1390 1113 1428 1148 μὴ
1450 1113 1582 1140 εἰσελθεῖν
1596 1114 1636 1145 εἰς
1651 1113 1701 1150 τὴν
1721 1113 1808 1140 κατά-

1022 1166 1122 1186 παυσιν
1137 1159 1231 1192 αὐτοῦ,
1249 1160 1273 1186 εἰ
1292 1159 1330 1196 μὴ
1351 1160 1407 1191 τοῖς
1431 1158 1615 1195 ἀπειθήσασι;
1632 1159 1678 1186 καὶ
1704 1159 1806 1195 βλέπο-

1023 1213 1073 1241 μεν
1090 1206 1131 1233 ὅτι
1153 1207 1205 1233 οὐκ
1233 1206 1408 1242 ἠδυνήθησαν
1434 1205 1564 1232 εἰσελθεῖν
1593 1205 1626 1232 δι’
1654 1205 1806 1232 ἀπείθειαν.

1021 1251 1188 1287 ὼϐηθῶμεν
1204 1249 1251 1278 οὖν
1269 1252 1374 1287 μήποτε
1389 1251 1624 1288 καταλειπομένης
1643 1251 1810 1286 ἐπαγγελίας

1022 1297 1153 1324 εἰσελθεῖν
1177 1298 1216 1329 εἰς
1240 1297 1290 1332 τὴν
1312 1297 1485 1324 κατάπαυσιν
1511 1297 1604 1329 αὐτοῦ,
1626 1296 1691 1332 δοκῇ
1714 1305 1757 1328 τις
1779 1295 1809 1328 ὲξ

1023 1343 1098 1379 ὑμῶν
1118 1342 1308 1379 ὑστερηκέναι.
1333 1352 1342 1368 ι
1368 1343 1423 1369 Καὶ
1439 1341 1498 1378 μεθ’
1513 1342 1603 1378 ἕτερα·
1620 1351 1629 1367 ι
1651 1342 1723 1378 ’Λρα
1741 1343 1808 1369 ἀπο-

1022 1389 1145 1416 λείπεται
1169 1388 1352 1424 σαῦδατισμδς
1372 1388 1412 1423 τῷ
1433 1388 1491 1424 λαῷ
1509 1387 1556 1415 τοῦ
1587 1387 1666 1416 Θεοῦ.
1682 1397 1691 1414 ι
1712 1387 1809 1415 Καίτοι

1023 1435 1082 1467 πῶς
1098 1435 1148 1462 οὐκ
1162 1434 1277 1470 ἀληθὲς,
1300 1434 1338 1467 ὡς
1356 1435 1434 1470 εἰπερ
1449 1435 1522 1462 ἐστὶν
1535 1434 1760 1470 ὀσαὸὄατισμὸς,
1778 1434 1810 1461 τδ

181 1473 433 1507 εαυὺιιιίεῐηιιειῃοιι
461 1472 535 1500 aliud
557 1473 604 1505 sit,
632 1480 714 1508 quam
732 1473 761 1500 in
773 1472 893 1500 Sabbato
910 1481 970 1500 ces-

1024 1481 1103 1517 μόνον
1125 1480 1221 1516 ἀργεῖν
1243 1480 1272 1507 ὲν
1290 1480 1442 1516 Σαᾶΰάτῳ,
1466 1480 1525 1512 πῶς
1547 1481 1598 1507 οὐκ
1619 1479 1745 1516 εἰσῆλθεν
1770 1481 1810 1512 εἰς

181 1526 242 1546 sare
254 1539 261 1551 ,
275 1517 413 1554 quomodo
424 1526 479 1546 non
490 1522 533 1546 est
546 1518 686 1553 ingressus
695 1518 778 1546 Israel
790 1518 819 1545 in
838 1518 971 1553 requiem,

182 1572 245 1591 cum
256 1564 330 1591 illam
343 1563 371 1592 in
389 1564 507 1593 Sabbato
515 1564 697 1591 cessationem
708 1564 893 1591 observaverit
900 1564 911 1590 ?
918 1563 973 1592 Sed

182 1610 314 1637 nimirum
327 1618 358 1637 ea
372 1617 416 1638 res
427 1610 513 1645 ﬁgura
525 1614 586 1637 erat
598 1610 674 1638 illius
686 1610 713 1636 in
732 1609 844 1637 Christo
862 1610 973 1644 requie-

183 1657 229 1689 tis,
243 1660 272 1684 ct
292 1656 366 1692 quod
390 1657 419 1688 ii,
432 1656 480 1691 qui
502 1656 555 1683 ﬁde
571 1655 798 1691 justiﬁcarentur,
821 1664 836 1683 a
860 1660 974 1691 peccato

183 1702 316 1730 cessaturi
328 1706 430 1730 essent.
445 1702 539 1737 Itaque
557 1701 697 1736 lapidibus
708 1700 789 1728 obrui
803 1701 885 1736 jussit
901 1701 974 1729 Deus

183 1755 247 1775 eum
261 1747 309 1782 qui
322 1747 441 1774 Sabbato
453 1746 526 1782 ligna
538 1745 684 1780 collegerat
696 1744 730 1777 "';
739 1743 813 1778 quod
825 1743 898 1771 illius
907 1751 973 1778 sup-

182 1793 296 1828 plicium
317 1791 468 1826 spiritualis
496 1798 528 1817 ac
557 1788 719 1817 necessariae
741 1787 782 1815 rei
804 1787 889 1823 ﬁgura
909 1787 972 1815 fuit.

183 1837 315 1873 Nunquid
324 1837 399 1864 enim
412 1843 466 1863 non
482 1835 597 1870 lignum,
611 1833 685 1869 quod
698 1841 714 1861 e
732 1841 782 1860 sua
804 1833 889 1868 stirpe
907 1840 973 1861 exa-

185 1883 252 1916 ruit,
264 1882 389 1910 avulsum
409 1886 437 1908 et
466 1881 521 1916 jam
540 1879 683 1911 siccatum,
704 1878 877 1906 mortalitatis
898 1886 972 1915 sym-

185 1929 278 1958 bolum
291 1928 384 1960 fuerit,
394 1935 424 1955 ac
436 1931 568 1961 praeterea
581 1926 651 1962 ignis
663 1925 839 1954 alimentum?

219 2075 318 2103 PALL.
331 2075 370 2102 lta
381 2079 431 2102 est.

218 2121 297 2150 CYR.
321 2121 462 2156 Ejusmodi
485 2120 600 2148 omnino
623 2125 666 2148 est
688 2125 830 2156 peccatum
843 2119 974 2148 aerumnis

185 2168 307 2202 plenum,
320 2167 399 2202 quasi
412 2167 563 2194 mortalitas
576 2167 710 2202 quaedam,
723 2172 751 2195 et
771 2166 885 2194 immitis
896 2166 974 2193 llam-

185 2221 236 2241 maa
247 2213 305 2240 suis
316 2213 486 2240 amatoribus
497 2212 580 2248 impia
593 2213 696 2240 nutrix.
710 2213 872 2247 Quicunque
881 2212 974 2248 igitur,

184 2266 239 2294 quo
258 2263 381 2293 tempore
403 2266 418 2286 a
441 2259 562 2293 peccatis
584 2259 686 2286 cessari
704 2259 796 2291 debet,
815 2258 931 2286 mortuis
947 2262 976 2285 et

186 2304 364 2332 infructuosis
399 2304 528 2339 operibus
539 2304 635 2332 intenti
653 2308 717 2332 sunt
739 2304 894 2340 et,abjecta
917 2305 975 2332 vir-

186 2354 253 2381 tute,
271 2350 468 2384 concupiscunt
486 2358 530 2381 ea,
551 2358 599 2385 per
619 2357 681 2385 quae
698 2350 765 2384 ipsis
785 2350 920 2385 supplicia
946 2351 974 2378 in

185 2402 318 2423 aeternum
336 2399 468 2430 parentur
486 2396 638 2422 etilammte
653 2395 849 2428 accendantur,
873 2395 890 2422 ii
917 2400 974 2423 tum

185 2443 245 2478 jure
265 2441 369 2476 optimo
390 2446 479 2469 morte
498 2441 619 2468 damnati
633 2441 721 2476 justas
742 2449 837 2476 ptenas
855 2443 975 2470 sustine-

186 2488 266 2519 bunt,
279 2487 351 2521 quod
365 2494 428 2515 cum
440 2487 521 2514 liceat
533 2487 625 2521 quiete
638 2487 741 2518 vivere,
753 2492 850 2522 sponte
866 2488 899 2515 ad
908 2496 973 2523 sup-

183 2532 267 2572 ‘plicia
290 2536 385 2559 ruunt.
420 2531 592 2566 lngredimur
611 2531 695 2566 igitur
715 2532 742 2559 in
767 2533 901 2567 requiem,
928 2534 975 2568 qui

187 2577 364 2609 credidimus,
376 2577 451 2612 juxta
460 2576 531 2603 beati
540 2576 615 2603 Pauli
627 2584 720 2604 vocem
731 2578 764 2604 '°.
774 2579 867 2614 Itaque
873 2587 921 2614 per
928 2580 977 2607 ἄρα

187 2625 301 2651 remiam
314 2622 440 2656 increpat
458 2621 530 2648 Deus
553 2629 612 2654 eos,
634 2623 680 2657 qui
710 2631 759 2658 per
781 2629 924 2659 peccatum
947 2626 976 2653 in

187 2669 302 2705 ﬁguram
314 2668 464 2695 admissum
475 2667 708 2701 pulchritudinem
726 2670 850 2698 veritatis
869 2670 976 2698 adulte-

186 2714 304 2746 rabant;
325 2713 361 2739 ait
373 2712 480 2746 itaque:
497 2722 505 2738 ι
522 2712 595 2740 Vade
606 2718 632 2741 et
651 2719 691 2743 sta
710 2715 738 2742 in
755 2716 842 2750 portis
857 2715 976 2744 ﬁliorum

1023 1525 1072 1562 τὴν
1084 1525 1255 1553 κατάπαυσιν
1277 1524 1292 1551 ὸ
1310 1524 1418 1560 Ἰσραὴλ
1428 1545 1435 1558 ,
1451 1524 1497 1552 καί
1512 1533 1552 1551 τοι
1569 1524 1618 1560 τὴν
1634 1525 1663 1551 ὲν
1678 1523 1810 1560 Σαϐϐάτῳ

1024 1572 1148 1608 τηρήσας
1167 1571 1283 1613 ἀργίαν;
1310 1571 1379 1598 Ἀλλ’
1394 1569 1428 1607 ἦν
1442 1571 1482 1602 εἰς
1502 1570 1587 1597 τύπον
1606 1570 1636 1597 τὸ
1650 1570 1746 1606 χρῆμα
1759 1571 1809 1605 τῆς

1024 1619 1052 1645 ὲν
1062 1617 1173 1654 Χριστῷ
1205 1616 1425 1650 καταπαύσεως,
1449 1617 1497 1643 καὶ
1523 1617 1570 1644 τοῦ
1593 1616 1756 1652 καταλήξειν
1780 1615 1811 1648 ἑξ

1023 1663 1161 1698 ἁμαρτίας
1180 1662 1369 1698 δικαιουμένου
1391 1663 1424 1698 τῇ
1447 1662 1549 1688 πίστει.
1572 1662 1716 1697 Τοιγάρτοι
1736 1661 1810 1688 λιθό-

1023 1707 1134 1735 λευστον
1151 1707 1311 1735 ὲκτεθνάναι
1327 1707 1381 1733 δεῖν
1402 1707 1527 1734 ἐκέλευσε
1544 1706 1609 1739 Θεὸς
1631 1707 1678 1734 τδν
1691 1707 1721 1733 ὲν
1741 1706 1810 1733 Σασ-

1024 1754 1098 1790 6άτῳ
1119 1754 1281 1788 συλλέγοντα
1298 1752 1365 1786 ξύλα
1379 1761 1385 1768 ·
1403 1754 1420 1788 ὴ
1435 1752 1463 1779 δὲ
1486 1752 1528 1779 ἐπ’
1544 1753 1640 1788 ἐκείνῳ
1654 1753 1727 1788 δίκη,
1747 1761 1809 1788 νοη-

1023 1801 1069 1828 τοῦ
1093 1802 1141 1828 καὶ
1162 1800 1313 1835 ἀναγκαίου
1333 1799 1496 1836 πράγματος
1517 1798 1691 1830 ὑποτύπωσις
1710 1797 1808 1835 ἦν.’“η

1023 1847 1077 1883 γὰρ
1093 1846 1152 1882 οὐχὶ
1166 1846 1197 1873 τὸ
1211 1846 1243 1873 ὲκ
1259 1846 1308 1880 τῆς
1330 1845 1433 1877 οἰκείας
1455 1845 1533 1880 ῥίζης
1549 1844 1680 1876 αὑανθὲν,
1695 1845 1810 1872 ὲκκεκα-
1857 1859 1859 1862 ‹

1024 1893 1160 1928 θαρμένον
1183 1892 1232 1919 καὶ
1255 1891 1386 1927 Εηρανθὲν
1406 1891 1458 1926 ἤδη
1481 1890 1573 1924 ξύλον,
1595 1890 1757 1927 νεκρότητος
1776 1890 1812 1917 ἂν

1024 1939 1067 1975 εῐη
1093 1938 1241 1974 σύμϐολον;
1267 1938 1310 1973 εἴη
1336 1937 1358 1964 δ’
1383 1937 1417 1964 ἂν
1439 1937 1486 1963 καὶ
1520 1937 1622 1972 ἑτέρως
1643 1936 1728 1973 πυρὸς
1751 1937 1811 1963 δια-

1024 1984 1128 2020 mea;

1059 2052 1163 2098 11AM.
1185 2069 1305 2104 Ἀληθές.

1060 2118 1143 2144 ΚΥΡ.
1173 2116 1290 2151 Τοιαύτη
1311 2116 1352 2148 τίς
1371 2116 1445 2142 ἐστιν
1465 2116 1483 2150 ἡ
1506 2115 1705 2151 παμμόχθηρος
1720 2116 1812 2151 ἁμαρ-

989 2166 1013 2197 D
1025 2164 1082 2197 τία,
1099 2163 1229 2200 νεκρότης
1240 2162 1342 2199 -ὥσπερ
1354 2171 1406 2196 τις,
1429 2163 1478 2190 καὶ
1499 2162 1549 2198 τῆς
1562 2162 1698 2198 ἀνημέρου
1715 2162 1814 2197 φλογὸς

1028 2210 1123 2237 ἀνοσία
1141 2210 1240 2246 τροφὸς
1261 2212 1317 2242 τοῖς
1337 2209 1482 2244 ἀγαπῶσιν
1504 2209 1601 2245 αὐτήν.
1621 2209 1705 2236 Ὅταν
1724 2209 1814 2235 τοίνυν

1029 2257 1067 2289 ὥς
1081 2258 1110 2284 ἐν
1128 2257 1218 2293 καιρῷ
1241 2257 1432 2292 καταλήξεως,
1449 2258 1499 2292 τῆς
1521 2257 1552 2289 ea
1567 2255 1709 2292 ἁμαρτιῶν
1731 2256 1813 2290 λέγω,

1029 2303 1132 2337 νεκρῶν
1147 2302 1195 2329 καὶ
1209 2302 1342 2338 ἀκάρπων
1359 2302 1451 2337 ἔργων
1464 2301 1567 2336 ἕχοιντό
1579 2310 1650 2334 τινες
1660 2321 1667 2334 ,
1687 2302 1733 2329 καὶ
1748 2303 1816 2336 ἀγα-

1030 2350 1084 2384 πᾷν
1098 2349 1214 2383 ἕλοιντο,
1234 2349 1360 2384 μεθέντες
1380 2349 1429 2384 τὴν
1448 2348 1602 2384 ἀρετὴν,τά
1616 2349 1651 2375 δι’
1671 2345 1709 2375 ὢν
1724 2349 1816 2380 αὐτοῖς

1029 2396 1068 2427 εἰς
1090 2394 1174 2421 αἰῶνα
1198 2395 1291 2421 ποιναὶ
1316 2395 1363 2421 καὶ
1384 2395 1482 2429 φλόγες
1503 2395 1676 2427 ὲξάπτοιντο,
1697 2394 1748 2429 τὴν
1770 2394 1816 2420 ἐπὶ

1029 2441 1135 2476 θανάτῳ
1160 2441 1328 2477 κατάῤῥησιν
1354 2440 1533 2475 ὑπομενοῦσιν
1549 2440 1670 2473 εἰκότως,
1691 2440 1732 2466 ὃτι
1753 2439 1815 2466 καί-

1028 2495 1069 2514 τοι
1086 2488 1122 2523 μὴ
1145 2487 1219 2522 βιοῦν
1234 2486 1384 2522 ἀνειμένως
1401 2486 1470 2518 ὲξὴν,
1489 2487 1607 2513 ἐθελοντὶ
1620 2487 1816 2522 διαστείχουσιν

1029 2534 1077 2560 ἐπὶ
1090 2533 1121 2559 τὸ
1135 2533 1296 2565 κολάζεσθαι
1311 2533 1376 2560 δεῖν.
1396 2533 1581 2568 Εἰσερχόμεθα
1595 2532 1626 2568 δὴ
1650 2531 1696 2559 οὖν
1716 2533 1755 2564 εἰς
1768 2533 1816 2567 τὴν

1030 2579 1203 2606 κατάπαυσιν
1222 2579 1245 2604 οἱ
1268 2578 1480 2609 πιστεύσαντες,
1494 2578 1566 2605 κατά
1587 2587 1618 2612 γε
1631 2578 1680 2614 τὴν
1700 2578 1747 2605 τοῦ
1765 2586 1817 2613 μα-

1030 2625 1126 2660 καρίου
1138 2625 1245 2651 Παύλου
1257 2625 1358 2660 φωνήν.
1370 2625 1425 2650 Καὶ
1435 2624 1500 2658 γοῦν
1512 2624 1556 2651 διὰ
1566 2625 1658 2660 φωνῆς
1674 2625 1816 2660 Ἰερεμίου,

1030 2672 1092 2702 τοὺς
1106 2671 1139 2697 δι’
1155 2671 1293 2706 ἁμαρτίας
1307 2670 1356 2706 τῆς
1368 2671 1407 2702 είς
1421 2670 1466 2697 τὸν
1477 2670 1572 2703 τύπον,
1583 2671 1614 2697 τὸ
1625 2671 1674 2706 τῆς
1690 2670 1818 2706 ἀληθείας

1030 2719 1290 2754 παρασημαίνοντας
1317 2716 1414 2748 κάλλος
1442 2717 1599 2745 ἐπαιτιᾶται
1624 2717 1690 2748 Θεὸς
1712 2716 1816 2751 λέγων·

220 2803 243 2822 ⁷⁷
255 2802 336 2830 Hebr.
354 2809 391 2836 ιιι,
408 2802 507 2837 ⁴1⁵1-19;
523 2811 557 2836 iv,
575 2803 598 2830 Ι.
635 2803 657 2818 ⁷⁸
670 2802 752 2829 llebr.
770 2811 805 2835 Iv,
817 2804 844 2831 9.
871 2803 893 2819 ⁷⁹
907 2804 967 2831 Νιιιι

1024 2814 1046 2838 v,
1065 2805 1099 2832 32
1137 2806 1160 2821 ⁸ο
1177 2806 1259 2833 llebr.
1277 2815 1312 2839 IV,
1332 2809 1357 2834 5.
