1939 3041
111 212 164 243 127

465 217 508 245 DE
528 217 747 248 ADORATIONE
767 221 800 248 ΙΝ
820 221 905 248 SPIRI

974 222 1018 249 ET
1038 212 1219 250 venturis.
1241 224 1304 251 Lm.
1334 229 1383 253 ..ι.

1687 221 1743 251 ιοε

113 269 257 315 ι-Βάδισον
279 271 326 298 καὶ
347 271 424 306 στῆθι
446 274 475 300 ὲν
492 273 587 306 πύλαις
605 275 671 301 υἱῶν
685 275 750 302 λαοῦ
779 285 841 309 σου,
867 277 896 303 ὲν

959 277 1040 312 »οριιιί
1050 278 1098 310 ιιιί,
1113 286 1161 314 per
1171 288 1239 315 quas
1250 280 1440 315 ingrediuntur
1448 288 1525 315 reges
1534 279 1615 312 Iuda,
1624 285 1651 307 et
1659 287 1737 315 egre-

110 313 154 346 αἷς
170 316 376 352 εἰσπορεύονται
397 317 517 353 βασιλεῖς
537 320 630 352 Ἰούδα,
647 322 694 348 καὶ
711 322 739 348 ὲν
758 320 802 354 αἷς
815 323 896 350 ἐκπο-

110 362 236 397 ρεύονται
263 364 292 390 ὲν
318 365 424 397 αὑταῖς,
451 366 498 391 καὶ
519 366 549 392 ὲν
579 366 680 394 πάσαις
712 369 773 399 ταῖς
800 368 897 401 πύλαις

115 408 304 444 Ἰερουσαλήμ·
319 409 365 436 καὶ
377 411 449 444 ἐρεῖς
463 411 531 447 πρὸς
546 412 652 444 αὐτούς·
663 413 807 440 Ἀκούσατε
819 414 898 448 λόγον

109 453 227 489 Κυρίου,
241 454 361 489 βασιλεῖς
379 457 465 483 Ἰούδα
483 457 530 484 καὶ
542 459 616 485 πᾶσα
638 460 751 486 Ἰουδαία
764 460 811 487 καὶ
823 461 898 488 πᾶσα

114 499 308 536 Ἰερουσαλὴμ,
327 502 374 528 καὶ
393 502 418 528 οἱ
440 504 664 539 εἰσπορευόμενοι
680 506 709 532 ὲν
722 507 782 538 ταῖς
799 506 899 538 πύλαις

109 548 235 581 ταύταις.
259 550 327 577 Τάδε
345 550 419 585 λέγει
435 552 546 587 Κύριος·
561 553 734 580 Φυλάσσεσθε
747 555 796 585 τὰς
810 554 900 590 ψυχὰς

110 594 201 629 ὑμῶν,
221 597 268 622 καὶ
291 596 327 632 μὴ
348 597 439 633 αἴρετε
451 598 632 634 βαστάγματα
645 601 673 626 ὲν
690 602 723 636 τῇ
739 600 832 636 ήμέρα
844 600 899 628 τῶν

110 640 272 674 Σαϐεάτων,
285 643 332 669 καὶ
347 644 401 670 πᾶν
409 643 489 679 ἔργον
504 645 534 670 οὺ
548 646 686 681 ποιήσετε,
703 647 749 673 καὶ
763 647 799 683 μὴ
815 648 898 674 ἐκπο-

112 686 227 722 ρεύεσθε
240 689 301 720 ταῖς
317 689 415 721 πύλαις
433 690 620 727 Ἰερουσαλὴμ,
644 692 691 718 καὶ
709 692 746 728 μὴ
769 692 900 727 ἐκφέρετε

112 731 297 768 βαστάγματα
310 734 340 768 ἐξ
357 735 452 762 οἰκιῶν
469 735 552 771 ὑμῶν
564 736 594 763 ἐν
608 738 641 772 τῇ
657 737 748 772 ἡμέρᾳ
761 737 816 764 τῶν
831 736 900 763 Σασ-

113 777 217 811 σᾶτων,
239 778 332 811 καθὼς
351 780 528 817 ἐνετειλάμην
542 783 600 814 τοῖς
614 783 750 818 πατράσιν
764 782 841 817 ὑμῶν
853 783 901 810 καὶ

111 824 165 851 οὐκ
182 825 320 860 ἥκουσαν,
345 826 393 853 καί
414 827 465 854 οὐκ
480 826 587 854 ἔκλιναν
601 827 633 854 τὸ
655 826 701 861 οὖς
723 828 828 860 αὐτῶν,
853 828 901 856 καὶ

112 869 285 905 ὲσκλήρυναν
304 871 350 898 τὺν
363 872 499 908 τράχηλον
512 872 606 901 ἀὐτῶν
619 873 690 909 ὑπὲρ
702 874 766 905 τοὺς
780 873 902 909 πατέρας

112 915 217 949 αὐτῶν,
234 917 281 944 τοῦ
303 918 340 954 μὴ
363 918 479 945 ἀκοῦσαί
504 927 565 954 μου,
581 919 629 959 καὶ
652 919 699 946 τοῦ
721 919 758 955 μὴ
773 918 901 952 δέξασθαι

948 324 1062 351 dinntur
1079 332 1128 359 per
1138 333 1194 357 eas,
1204 330 1232 352 et
1253 326 1279 352 in
1295 326 1423 353 omnibus
1436 326 1678 361 portislerusalem
1689 334 1697 358 ;
1710 331 1739 353 et

949 370 1024 397 dices
1036 370 1069 397 ad
1079 378 1126 398 eos
1139 379 1145 397 :
1160 371 1259 399 Audite
1268 372 1382 399 verbum
1395 372 1514 404 Domini,
1526 380 1604 408 reges
1619 372 1699 404 Juda,
1711 377 1739 399 et

949 416 1038 443 omnis
1045 416 1147 449 Judaaa,
1157 421 1182 444 et
1193 418 1281 445 omnis
1288 417 1498 452 Jerusalem,qui
1509 417 1681 453 ingredimini
1691 425 1740 453 per

949 465 1042 496 portas
1058 461 1116 489 has.
1131 462 1191 489 llaec
1201 462 1402 489 dicitDominus
1413 472 1418 489 :
1429 462 1570 490 Custodit‘e
1579 463 1683 490 animas
1694 469 1740 489 ve-

949 511 1029 539 stras,
1040 512 1068 535 et
1077 516 1111 535 ne
1119 509 1232 543 portetis
1240 516 1323 536 onera
1331 509 1359 536 in
1367 509 1410 536 die
1423 508 1615 541 Sabbatorum,
1624 512 1651 535 et
1659 515 1739 535 omne

950 560 1020 588 opus
1029 561 1063 581 ne
1070 553 1217 586 faciatis,et
1224 562 1258 582 ne
1265 555 1369 581 exeatis
1377 562 1426 590 per
1434 559 1526 590 portas
1537 554 1700 585 Jerusalem,
1711 557 1736 580 et

951 607 985 626 ne
997 600 1145 634 exportetis
1159 608 1270 628 onera'e
1283 600 1409 628 domibus
1424 601 1524 628 vestris
1535 601 1563 627 in
1578 600 1622 628 die
1634 599 1738 627 Sabba-
1796 614 1806 623 κ.

951 648 1052 677 torum,
1067 649 1094 672 et
1107 653 1187 673 omne
1199 654 1268 681 opus
1278 655 1312 673 ne
1334 646 1442 673 faciatis
1456 656 1461 673 :
1475 646 1642 674 sanetilieate
1666 645 1739 672 diem

951 689 1143 724 Sabbatorum,
1157 692 1228 718 sicut
1239 692 1354 727 prmcepi
1365 692 1489 728 patribus
1505 692 1605 721 vestris
1616 699 1629 724 ι
1645 696 1673 718 et
1685 699 1741 718 non

951 736 1099 764 audierunt
1123 745 1213 772 neque
1238 738 1439 766 inclinaverunt
1461 745 1562 765 aurem
1590 744 1679 769 suam,
1712 741 1742 764 et

951 781 1157 810 obduraverunt
1174 784 1309 811 cervicem
1321 791 1399 811 suam
1411 783 1473 818 plus
1485 790 1567 818 quam
1583 786 1674 818 patres
1691 789 1741 809 eo-

951 835 1023 860 rum,
1040 835 1074 855 ne
1096 828 1225 856 audirent
1249 836 1303 861 me,
1321 836 1411 863 neque
1425 829 1599 864 perciperent
1617 827 1741 863 discipli—

952 880 1016 900 nam
1032 873 1065 900 ἰ.
1082 883 1091 899 ι
1106 873 1167 901 Non
1178 874 1266 901 solum
1288 874 1383 910 igitur,
1397 878 1427 902 ut
1439 875 1472 901 ab
1483 874 1558 901 omni
1577 881 1660 910 opere
1680 881 1740 901 ces-

953 923 1046 945 sarent
1070 918 1206 951 Sabbato,
1233 919 1333 954 jussit,
1363 919 1412 947 sed
1445 927 1480 947 ne
1514 927 1604 947 onera7
1629 919 1742 954 quidem

114 961 250 989 παιδείαν.
276 973 285 986 ι
303 963 339 990 Οὐ
357 964 437 998 μόνον
455 963 487 999 δὴ
502 961 549 992 οὖν
571 965 602 991 τὸ
624 963 681 991 δεῖν
700 964 782 1000 ἔργου
798 963 900 995 παντὸς

959 964 1093 998 afferrent,
1107 974 1175 994 neve
1188 970 1264 994 extra
1282 970 1377 1002 portas
1387 966 1538 995 Jerusalem
1552 966 1670 994 exirent.

113 1007 280 1044 καταλήγειν
304 1009 334 1036 ὲν
364 1009 494 1046 ὣσὸάτῳ
516 1010 711 1046 προστέταχεν,
740 1010 809 1038 ἀλλὰ
841 1010 894 1058 καὶ
921 1009 1103 1048 βαστάγματα
1129 1012 1167 1049 μὴ
1189 1013 1328 1049 ἐκφέρειν,
1351 1010 1493 1050 μήτείμὴν
1515 1012 1668 1049 ὲξοίχεσθαί
1695 1020 1742 1040 ποι

117 1054 272 1090 περαιτέρω
287 1055 378 1083 πυλῶν
399 1056 589 1093 Ἰερουσαλήμ.

150 1100 254 1129 ΠΑΛΛ.
274 1102 341 1130 Εἶτα
356 1103 398 1136 τίς
409 1103 442 1132 ἂν
454 1104 498 1141 εἴη
513 1105 560 1132 καὶ
575 1105 677 1132 τούτων
693 1105 707 1132 ὁ
718 1104 813 1140 1670;;

152 1191 233 1219 ΚΥΡ.
251 1193 355 1229 Νοητὸς
375 1193 407 1230 δὴ
423 1194 470 1222 καὶ
486 1195 682 1231 πνευματικὸς,
699 1195 755 1223 καὶ.
773 1195 904 1222 ἐπέκεινα

115 1237 171 1264 τῶν
195 1238 301 1271 τύπων,
328 1239 375 1266 καὶ
399 1241 479 1272 σκιᾶς
494 1241 613 1277 ἀμείνων
640 1241 691 1276 τῆς
711 1232 902 1276 ἀρχαιοτέρας.

117 1283 220 1320 Ἐργου
247 1285 295 1321 μὲν
315 1285 369 1321 γὰρ
388 1286 436 1313 τοῦ
457 1287 526 1322 πρὸς
540 1287 696 1323 φαυλότητα
714 1287 903 1323 τετραμμένου

114 1338 146 1356 τε
164 1331 213 1357 καὶ
236 1330 380 1366 βλέποντος
398 1332 438 1364 είς
459 1332 607 1368 κατάληξιν
632 1333 701 1360 ίέναι
720 1333 825 1360 κελεύει
841 1332 905 1364 τοὺς

115 1377 146 1403 ἐν
164 1377 274 1413 Χριστῷ
287 1378 510 1413 σαὸσατίζοντας,
528 1379 675 1415 βάσταγμα
684 1387 715 1414 γε
728 1379 781 1415 μὴν
793 1378 905 1414 ὲπωμά-

115 1421 170 1448 διον
185 1422 318 1449 mutuam
345 1423 437 1459 μηδέν.
458 1423 527 1455 Τοὺς
549 1423 603 1459 γάρ
627 1424 701 1457 ἅπαξ
719 1423 763 1450 διὰ
786 1424 837 1459 τῆς
858 1423 904 1450 πί-

117 1476 203 1500 στεως
216 1469 247 1496 τὸ
263 1470 401 1497 δύσοιστον
411 1470 518 1506 άληθῶς
530 1471 581 1506 τῆς
594 1471 733 1507 ἁμαρτίας
746 1471 828 1506 ἄχθος
837 1472 905 1498 ἀπο-

116 1513 297 1550 εεὸληκότας,
317 1516 376 1548 πῶς
394 1516 444 1543 οὐκ
460 1516 635 1551 ἀπόπληκτον
652 1517 789 1549 παντελῶς
811 1518 842 1544 τὸ
859 1518 907 1545 καὶ

116 1560 157 1592 εἰς
168 1558 247 1593 αὖθις
254 1561 329 1597 αὐτῷ
340 1562 588 1598 καταφορτίζεοθαι
598 1563 663 1597 δεῖν,
679 1564 726 1590 καὶ
742 1563 907 1590 ὑποπίπτειν

115 1606 227 1634 ἑλέσθαι
248 1607 329 1634 πάλιν
343 1609 400 1640 τοῖς
409 1609 449 1641 είς
465 1609 620 1645 φαυλότητα
633 1609 743 1644 ζυγοῖς;
763 1609 859 1636 Πυλῶν
878 1609 908 1636 δὲ,

116 1653 185 1679 εἴσω
207 1653 330 1685 καθίζειν
353 1654 407 1681 τῶν
426 1655 476 1690 τῆς
497 1655 685 1690 Ἰερουσαλὴμ,
701 1654 732 1681 τὸ
752 1654 791 1691 μὴ
809 1655 906 1690 χρῆναι

117 1699 223 1731 πόλεως
238 1700 313 1734 ἡμᾶς
327 1699 376 1734 τῆς
389 1700 470 1733 ἁγίας
479 1699 708 1735 άπονοσφίζεσθαι
718 1700 823 1731 τυπῶν,
839 1701 907 1735 μήτε

986 1104 1068 1140 229
1078 1103 1176 1131 PALL.
1191 1103 1244 1132 Sed
1257 1112 1380 1139 quanam
1400 1104 1499 1132 horum
1520 1113 1630 1141 quoque
1648 1106 1743 1135 afferri

953 1154 1044 1186 potest
1061 1151 1154 1178 ratio?

988 1195 1067 1224 CYR.
1087 1196 1243 1232 Spiritualis
1257 1205 1322 1226 sane
1336 1202 1368 1226 et
1380 1197 1517 1230 sublimis,
1534 1201 1562 1225 et
1571 1197 1669 1236 ﬁguris
1680 1207 1742 1226 um-

953 1242 1066 1278 brisque
1087 1242 1141 1270 illis
1152 1243 1293 1271 veteribus
1304 1243 1489 1280 praestantior.
1512 1244 1566 1271 Eos
1586 1245 1671 1277 enim,
1692 1244 1740 1280 qui

954 1288 983 1315 in
993 1287 1102 1316 Christo
1112 1287 1262 1316 Sabbatum
1268 1293 1362 1325 agunt,
1372 1290 1406 1317 ab
1414 1297 1508 1325 opere,
1519 1290 1592 1324 quod
1600 1290 1634 1317 ad
1644 1290 1743 1318 vitium

953 1333 1044 1369 vergit
1054 1341 1086 1360 ac
1099 1338 1213 1368 spectat,
1227 1341 1336 1362 cessare
1354 1334 1443 1370 jubet,
1465 1335 1649 1369 prohibetque
1673 1343 1744 1362 onus

955 1379 1041 1408 ullum
1050 1379 1172 1407 humeris
1179 1380 1320 1415 imponere
1331 1388 1338 1406 :
1347 1387 1410 1407 nam
1421 1380 1559 1415 quomodo
1567 1388 1621 1407 non
1630 1386 1744 1408 summa:

955 1425 1068 1454 insaniae
1079 1425 1126 1457 sit,
1135 1426 1183 1461 qui
1194 1426 1279 1453 semel
1291 1434 1340 1461 per
1351 1425 1432 1454 ﬁdem
1444 1434 1515 1454 onus
1536 1426 1641 1461 peccati
1664 1426 1744 1460 plane

956 1471 1145 1507 gravissimum
1164 1471 1324 1507 abjecerint,
1338 1479 1387 1500 eos
1407 1472 1474 1499 illud
1486 1471 1558 1499 idem
1579 1471 1632 1499 sibi
1654 1471 1744 1498 denuo

956 1517 1108 1553 imponere,
1122 1521 1150 1544 et
1163 1526 1260 1545 rursus
1275 1518 1404 1552 nequitia).
1412 1518 1508 1553 jugum
1521 1521 1618 1552 sponte
1630 1517 1722 1544 subire
1733 1517 1746 1543 ?

956 1562 1059 1590 Sedere
1070 1566 1165 1590 autem
1177 1563 1357 1598 intra-portas
1375 1563 1527 1591 Jerusalem
1549 1562 1576 1590 id
1599 1562 1744 1598 signiﬁcat,

956 1616 1012 1636 non
1023 1608 1176 1637 esse-nobis
1190 1609 1224 1636 de
1237 1612 1331 1636 sancta
1343 1609 1453 1636 civitate
1467 1608 1675 1641 discedendum,
1698 1616 1746 1636 ne-

957 1661 1010 1689 que
1022 1654 1249 1682 committendum
1271 1658 1311 1686 ut,
1328 1653 1393 1681 dum
1406 1654 1440 1681 ad
1451 1653 1527 1681 aliud
1553 1653 1684 1688 quiddam
1704 1653 1747 1680 di-

957 1699 1100 1732 vertimus,
1121 1703 1199 1727 extra
1219 1699 1340 1727 feramur
1355 1704 1438 1734 atque
1460 1699 1595 1727 labamur.
1618 1699 1745 1727 Sanctam

118 1744 173 1781 μὴν
191 1744 244 1778 ἔξω
257 1744 387 1781 φέρεσθαι
401 1746 448 1772 καὶ
463 1745 619 1772 ἀπολισθεῖν
633 1745 731 1781 ἐφιεὶς,
745 1745 789 1772 διὰ
804 1746 854 1781 τῆς
867 1746 905 1778 είς

959 1752 1023 1772 vero
1034 1745 1172 1772 civitatem
1188 1744 1338 1772 Ecclesium
1350 1745 1444 1780 accipe
1459 1755 1464 1772 :
1477 1746 1533 1781 jam
1543 1745 1617 1773 enim
1628 1745 1746 1773 nonnul-

115 1791 212 1827 ἔτερόν
226 1800 252 1818 τι
267 1791 459 1828 παρατροπῆς.
480 1791 574 1827 Ἀγίαν
587 1791 616 1819 δὲ
631 1792 710 1819 πόλιν
725 1793 842 1828 νοήσεις,
858 1791 908 1826 τὴν

123 1837 301 1873 Ἐκκλησίαν·
318 1837 368 1874 ήδη
383 1837 438 1873 γάρ
450 1837 501 1864 πού
517 1846 601 1872 τινες,
616 1838 661 1865 διὰ
674 1838 723 1874 τῆς
734 1839 775 1870 εἰς
790 1838 907 1874 Χριστὸν

118 1885 239 1914 πίστεως
251 1884 534 1920 ὲκλελαμπρυσμένοι,
550 1885 801 1922 ἀποφορτισάμενοί
815 1893 845 1913 τε
859 1885 908 1921 τὴν

121 1930 236 1966 βέϐηλον
252 1930 400 1971 ἁμαρτίαν.
418 1930 484 1958 εἵσω
499 1939 528 1957 τε
544 1930 637 1957 πυλῶν
660 1930 802 1966 γεγονότες
821 1931 908 1965 ἁγίων

118 1976 167 2004 τοῦ
187 1977 263 2004 οἴκου
278 1976 325 2004 τοῦ
339 1977 416 2009 Θεοῦ,
431 1976 674 2013 παρεκομίσθησαν
691 1977 731 2009 είς
745 1977 907 2012 ἀπόστασιν,

119 2023 204 2050 εἶκαὶ
221 2022 257 2059 μὴ
275 2023 342 2059 πρὸς
353 2023 461 2058 ἐμφανῆ
478 2023 569 2058 τυχὸν,
581 2023 638 2050 ἀλλ’
653 2020 699 2050 οὖν
714 2024 843 2060 ἐξήλαντο
858 2024 909 2060 τῆς

120 2069 203 2104 ἁγίας
216 2070 313 2105 πύλης,
327 2069 374 2105 ἔθη
385 2069 550 2105 τιμήσαντες
565 2069 764 2105 είδωλοπρεπῆ.
786 2070 859 2097 Εἴσω
876 2071 909 2107 δὴ

120 2113 167 2142 ὧν
191 2115 326 2150 καθῆσθαι
351 2114 443 2141 πυλῶν
471 2115 534 2147 τοὺς
563 2115 667 2151 νοητῶς
696 2115 909 2148 σαϐϐατίζοντας

121 2159 339 2195 κεχρησμῴδηκε
350 2159 427 2192 Θεὸς,
445 2159 475 2187 τὸ
495 2160 617 2194 ἀσφαλές
631 2169 661 2187 τε
678 2161 725 2188 καὶ
741 2161 908 2197 ἀνεξίτηλον,

121 2205 170 2232 καὶ
186 2205 224 2246 τὸ⁵
244 2205 355 2241 μηδαμῆ
376 2205 476 2241 χρῆναι
492 2206 676 2242 επαρολισθεῖν
698 2208 748 2243 τῆς
773 2208 813 2240 εἱς
828 2208 909 2236 αὐτὸν

122 2252 315 2288 γνησιότητος,
337 2252 385 2279 τοῦ
398 2252 484 2280 τύπου
508 2253 694 2289 σημαίνοντος.
716 2254 778 2281 Ὅτι
796 2255 824 2281 δὲ
840 2254 908 2281 Θεοῦ

121 2298 201 2328 πόλις
221 2298 239 2333 ἠ
261 2298 419 2334 Ἐκκλησία,
445 2298 563 2334 μάλιστα
588 2299 639 2334 μὲν
657 2299 804 2335 ἀναὸοήσει
830 2300 878 2327 καὶ
896 2300 910 2328 ό

121 2343 203 2370 Δαδὶδ
230 2343 332 2378 λέγων·
359 2353 368 2370 ι
387 2344 573 2380 Δεδοξασμένα
597 2345 715 2381 ἐλαλήθη
731 2346 794 2382 περὶ
816 2345 876 2380 σοῦ,
892 2347 909 2382 ή

122 2388 199 2421 πόλις
213 2389 260 2416 τοῦ
280 2389 359 2417 Θεοῦ·
377 2399 387 2417 ο
411 2390 614 2427 πληροφορήσει
629 2391 658 2418 δέ
672 2399 724 2418 που
739 2392 787 2419 καὶ
800 2392 880 2424 αὐτὸς
896 2393 910 2419 ὁ

122 2435 218 2473 Σωτὴρ
232 2435 296 2472 περὶ
312 2436 396 2472 αὐτῆς
412 2436 499 2472 λέγων
508 2445 515 2452 ·
531 2434 593 2464 Ὧδε
607 2438 763 2474 κατοικήσει
773 2438 814 2465 δτι
823 2439 911 2474 ῄρετι-

123 2481 214 2518 τάμην
227 2482 324 2518 αὐτήν.
340 2491 351 2508 ι

157 2530 261 2556 ΠΔΛΛ.
289 2531 410 2565 ’Δραρεν
432 2528 489 2562 οὗν,
508 2531 549 2558 ὅτι
568 2531 668 2563 παντὸς
692 2530 773 2567 ἔργον
792 2531 910 2559 καταλύ-

123 2583 206 2610 σομεν
220 2577 248 2602 ὲν
263 2575 406 2611 Σαϐϐάτῳ,
420 2575 491 2603 κατά
508 2584 540 2610 γε
555 2577 586 2603 τὸ
597 2576 730 2614 νομοθέτῃ
744 2577 849 2605 δοκοῦν.

158 2661 240 2689 ΚΥΡ,
260 2662 298 2689 Οὐ
315 2663 414 2695 παντὸς
438 2663 540 2696 ἁπλῶς,
557 2661 579 2690 ὦ
594 2664 741 2691 Παλλάδιε·
763 2665 794 2691 τὸ
803 2665 857 2700 γάρ
870 2673 911 2692 τοι

124 2707 219 2742 χρῆναι
239 2709 348 2742 φρονεῖν
370 2717 400 2734 τε
425 2709 472 2735 καὶ
498 2709 564 2745 δρᾷν
588 2710 623 2736 τὰ
643 2711 686 2745 ἐφ’
710 2708 750 2742 οἷς
766 2710 799 2738 ἂν
821 2711 912 2746 ἥδοιτο

123 2751 199 2784 Θεὸς.
212 2752 261 2779 καὶ
272 2753 303 2779 οὐ
329 2754 442 2789 μετρίαν
458 2754 512 2790 ἔχοι
527 2755 579 2790 τὴν
596 2755 698 2791 ὄνησιν,
714 2756 764 2783 οὐκ
784 2756 912 2783 ἐπαινου-

125 2797 210 2832 μένην
237 2798 271 2825 ἂν
301 2799 448 2831 εἰσδέξαιτο
469 2800 519 2835 τὴν
552 2801 710 2836 κατάληξιν.
731 2802 912 2837 Πρω-τέθεικε

124 2841 178 2878 γὰρ
195 2842 227 2870 οὐ
241 2843 341 2879 μάτην,
354 2844 392 2877 ὦς
405 2845 436 2880 γέ
454 2853 500 2881 μοι
511 2845 595 2878 δοκεῖ,
610 2846 642 2873 τὸ
653 2847 773 2883 Γράμμα
782 2847 813 2874 τὸ
827 2846 910 2884 ίερδν,

958 1791 987 1823 li,
1001 1791 1047 1826 qui
1057 1790 1110 1819 ﬁde
1123 1791 1152 1818 in
1164 1790 1304 1818 Christum
1315 1791 1383 1818 clari
1395 1791 1514 1824 fuerant,
1528 1795 1556 1819 et
1567 1791 1672 1818 nefaria
1683 1798 1746 1826 pee—

958 1838 1012 1865 eati
1025 1837 1131 1866 sarcina
1147 1837 1298 1870 exonerati,
1311 1841 1339 1865 et
1350 1837 1425 1865 intra
1447 1841 1556 1865 sanctas
1577 1838 1676 1866 domus
1696 1837 1746 1866 Dei

959 1888 1053 1920 portas
1065 1884 1192 1920 ingressi,
1205 1884 1238 1912 ad
1261 1883 1444 1912 defectionem
1466 1887 1530 1911 sunt
1540 1887 1622 1919 atque
1635 1887 1746 1919 aposta-

959 1929 1028 1957 siam
1052 1930 1144 1962 delati,
1165 1930 1217 1957 etsi
1238 1937 1293 1959 non
1316 1933 1438 1965 apertam
1453 1928 1580 1962 fortasse,
1594 1934 1622 1957 at
1643 1934 1717 1956 certe
1730 1938 1747 1956 ο

959 1980 1054 2003 sancta
1075 1980 1153 2011 porta
1177 1975 1339 2003 exsilierunt
1353 1995 1360 2007 ,
1383 1975 1457 2010 quod
1486 1983 1578 2003 mores
1603 1975 1747 2002 hominum

960 2022 1042 2049 idolis
1054 2022 1210 2049 deditorum
1224 2022 1314 2056 magni
1328 2021 1459 2048 facerent.
1473 2021 1547 2048 Intra
1559 2025 1651 2056 portas
1664 2021 1748 2056 igitur

960 2068 1056 2094 sedere
1069 2086 1076 2098 ,
1092 2066 1244 2094 Sabbatum
1266 2065 1448 2100 spiritualiter
1475 2070 1597 2102 agentes,
1617 2066 1748 2101 praecepit

960 2112 1032 2139 Deus
1047 2121 1052 2138 :
1066 2119 1127 2146 qua:
1139 2110 1224 2146 ﬁgura
1242 2110 1377 2146 signiﬁcat
1399 2110 1556 2138 ﬁrmitatem
1577 2114 1660 2145 atque
1682 2118 1748 2137 eon—

960 2158 1100 2190 stantiam,
1112 2162 1140 2186 et
1153 2165 1286 2192 nusquam
1301 2157 1336 2185 ab
1356 2158 1430 2185 illius
1442 2157 1549 2184 sincero
1562 2164 1748 2192 germanoque

961 2204 1036 2232 cultu
1056 2204 1136 2232 nobis
1157 2211 1218 2232 esse
1233 2204 1441 2232 discedendum.
1459 2203 1526 2230 Esse
1544 2207 1636 2230 autem
1653 2203 1748 2230 Eccle-

961 2251 1029 2278 siam
1055 2250 1103 2278 Dei
1129 2251 1286 2283 civitatem,
1313 2250 1486 2285 apertissime
1512 2253 1629 2276 testatur
1649 2248 1747 2281 David,

961 2305 1024 2324 cum
1036 2296 1069 2324 de
1085 2297 1129 2324 illa
1140 2297 1223 2324 dicit:
1240 2307 1249 2323 ι
1258 2296 1382 2324 Gloriosa
1396 2296 1468 2323 dicta
1479 2298 1543 2322 sunt
1554 2295 1588 2322 de
1603 2299 1639 2328 te,
1651 2295 1749 2322 civitas

961 2342 1010 2370 Dei
1028 2342 1061 2368 θ’.
1074 2351 1083 2367 ι
1107 2342 1167 2377 ipse
1184 2350 1294 2377 quoque
1311 2341 1442 2377 Salvator
1463 2339 1646 2367 certissimam
1666 2339 1749 2367 ﬁdem

962 2388 1026 2415 facit
1039 2387 1072 2416 de
1085 2388 1141 2421 illa,
1155 2388 1250 2416 dicens
1263 2397 1269 2414 ε
1286 2397 1295 2414 ι
1311 2388 1360 2415 llic
1375 2386 1514 2418 habitabo,
1531 2386 1662 2420 quoniam
1679 2387 1749 2422 elegi

962 2443 1023 2462 eam
1035 2434 1067 2462 ³³.
1085 2443 1094 2461 ι

998 2523 1096 2552 PALL.
1106 2523 1272 2552 Conclusum
1284 2528 1327 2551 est
1339 2523 1432 2559 igitur,
1446 2523 1479 2551 ab
1492 2522 1568 2550 omni
1579 2529 1663 2556 opere
1675 2521 1749 2548 desi-

962 2570 1091 2598 stendum
1106 2571 1134 2598 in
1165 2569 1304 2602 Sabbato,
1333 2575 1363 2597 ut
1386 2574 1461 2597 certe
1489 2569 1639 2605 legislatori
1660 2568 1750 2596 visum

963 2623 1015 2645 est.

996 2664 1074 2692 ΟΥΕ.
1086 2663 1145 2691 Non
1159 2663 1193 2690 ab
1205 2663 1279 2691 omni
1288 2669 1417 2698 prorsus,.
1425 2660 1660 2696 inquam,Palladi
1671 2667 1749 2687 :nam

961 2710 995 2737 ab
1008 2710 1041 2737 iis
1061 2709 1214 2744 eogitandis
1232 2712 1313 2743 atque
1326 2707 1469 2739 faciendis,
1482 2715 1543 2741 quae
1556 2707 1612 2735 Deo
1630 2707 1748 2742 placent.

961 2760 990 2783 et
1002 2763 1063 2790 quae
1075 2763 1131 2782 non
1142 2754 1309 2782 mediocrem
1320 2753 1423 2780 habent
1433 2753 1579 2780 utilitatem
1590 2774 1596 2784 ,
1611 2759 1750 2787 nunquam

961 2801 1137 2829 laudabiliter
1148 2799 1249 2827 cessari
1262 2803 1362 2834 potest.
1374 2798 1468 2832 Neque
1488 2798 1564 2825 enim
1586 2798 1687 2825 frustra
1710 2796 1752 2830 (ut

963 2847 1031 2874 mihi
1050 2844 1296 2882 quidemvidetur)
1319 2844 1503 2880 adiunxerunt
1522 2851 1608 2872 sacra:
1628 2843 1750 2873 Litterae,

177 2933 263 2962 "Jer.
288 2941 352 2967 χιιι,
372 2935 403 2962 19
425 2942 499 2971 seqq.
537 2935 559 2952 "
575 2936 646 2964 Psal.
661 2945 766 2970 Lxxxvr,
781 2937 806 2963 5.
845 2937 867 2952 ⁸³
885 2936 904 2964 Ρ

971 2944 1058 2962 unt.
1076 2936 1114 2963 f3.
