1939 3041
229 197 280 225 ‘99

670 170 930 228 ν’ἒῖεγιὶιιιῐ
945 197 1179 227 ALEXANDRINI
1200 196 1358 225 ARCHIEP.

1805 193 1853 220 500

226 257 454 291 sanctiﬁcandum
477 265 538 287 esse
561 268 576 286 a
600 259 681 289 nobis
705 258 779 288 diem
802 259 985 288 Sabbatorum

1068 258 1099 285 τὸ
1120 257 1281 292 ἁγιάζεσθαι
1299 257 1354 284 δεῖν
1379 255 1447 292 πρδς
1464 255 1544 291 ήμῶν
1566 254 1615 290 τὴν
1630 253 1686 281 τῶν
1711 253 1856 281 Σαὸὁάτων

231 315 240 331 ι
255 304 412 333 Recordare
423 312 552 340 namque,
567 307 615 339 ait,
629 306 684 333 diei
698 305 891 339 Sabbatorum,
913 310 943 334 ut
954 314 1016 334 san-

224 349 328 379 ctiﬂces
346 358 410 378 eum
421 351 453 378 ⁸⁵.
472 361 481 377 ι
500 350 530 378 Id
541 359 607 379 vero
621 352 659 380 ita
670 352 773 388 optime
785 352 970 388 perﬁciemus,
991 353 1015 380 si

223 397 374 425 Sabbatum
385 398 565 433 spiritualiter
578 399 754 431 celebrando,
767 399 868 426 sanctis
885 399 1016 434 operibus

222 451 316 472 curam
329 449 410 480 atque
427 444 597 480 diligentiam
615 445 832 481 impenderimus
853 454 859 472 :
880 446 959 481 cujus
975 446 1017 473 rei

222 489 268 518 illa
279 490 392 518 evidens
403 491 489 526 ﬁgura
507 491 600 524 fuerit,
623 491 697 526 quod
717 491 839 519 Sabbato
858 491 1016 519 sacerdotes

222 535 250 563 ln
265 537 368 572 templo
379 538 530 567 Sabbatum
542 539 693 572 violabant,
712 543 740 566 et
753 539 812 566 sine
826 538 905 574 culpa
928 539 1016 566 sacris

221 579 305 608 rebus
326 589 438 616 operam
461 583 573 615 dabant,
593 583 719 611 victimas
739 583 927 615 immolabant,
949 590 1015 611 oves

221 626 372 660 cedebant,
386 629 467 664 230
479 630 571 658 omnia
583 633 732 665 postremo,
749 637 811 664 quae
824 629 858 656 ad
884 628 932 656 Dci
953 629 1014 664 glo-

221 673 291 701 riam
314 674 494 709 pertinerent,
508 676 619 703 nemine
640 675 806 711 prohibente
827 675 966 703 faciebant
978 675 1012 704 ".

221 717 292 752 Quid
314 720 407 747 enim?
430 728 486 749 non
504 721 663 750 Iudaeorum
682 721 828 750 calumniis
853 721 906 750 hoc
924 722 1013 757 ipsum

219 766 347 800 opposuit
357 766 493 800 Christus,
506 775 569 795 cum
581 768 670 803 ipsum
685 767 718 795 de
733 768 882 796 violatione
901 769 1013 797 Sabbati

218 811 441 845 criminarentur,
453 813 525 848 quod
538 814 718 850 paralyticum
740 814 859 842 Sabbato
872 815 1014 844 curasset?

254 858 353 886 PALL.
369 859 491 888 Memini.

248 902 326 931 CYR.
339 903 562 933 Circumducitur
573 906 656 933 etiam
666 906 785 934 homoin
797 905 928 940 Sabbato,
935 907 1013 942 juxta

218 949 369 979 Salvatoris
384 959 490 985 vocem,
502 953 561 988 lege
573 961 629 981 non
640 953 798 981 vindicante
813 962 820 980 :
839 954 954 989 spondet
966 954 1009 981 ni-

217 995 319 1024 mirum
334 996 420 1032 ﬁgura
439 1002 467 1025 et
488 999 687 1034 propemodum
701 1004 796 1034 aperte
814 1003 941 1031 testatur,
963 1000 1008 1033 iis,

217 1041 264 1076 qui
277 1041 304 1069 in
317 1042 426 1071 Christo
442 1043 592 1071 Sabbatum
604 1049 698 1079 agunt,
716 1044 802 1076 idest,
814 1045 885 1080 quia
896 1048 1009 1079 peccato

215 1093 334 1120 cessant,
347 1097 380 1117 ac
393 1090 599 1118 sanctiﬁcautur
610 1098 660 1125 per
668 1090 761 1123 ﬁdem,
776 1091 849 1118 illam
867 1091 895 1118 in
909 1090 1009 1126 spiritu

216 1133 454 1162 circumcisionem
465 1136 639 1170 apertissime
649 1137 809 1169 convenire,
822 1144 883 1172 qua:
894 1137 924 1164 ﬁt
935 1141 1009 1165 octa-

215 1187 261 1212 vo,
275 1180 301 1211 id
323 1184 377 1213 est,
397 1181 611 1209 resurrectionis
631 1181 698 1209 die:
722 1181 763 1209 sic
784 1181 858 1209 enim
882 1181 1008 1209 Christus

214 1227 383 1260 resurrexit;
404 1227 451 1262 qui
460 1232 640 1263 posteaquam
652 1228 762 1261 revixit,
777 1228 919 1256 destructo
931 1235 1007 1257 mor-

214 1271 250 1300 tis
268 1272 396 1308 imperio,
414 1273 488 1301 illico
516 1279 611 1302 sancto
634 1273 739 1309 Spiritu
768 1281 833 1302 suos
855 1275 1007 1310 disdpulos

213 1318 369 1354 obsignavit
389 1320 520 1356 :hwcque
531 1326 573 1348 est
585 1321 630 1348 illa
646 1321 674 1348 in
693 1321 797 1356 Spiritu
820 1321 1004 1349 circumcisio.

213 1363 364 1393 lnsuﬂlavit
384 1367 470 1399 enim,
491 1367 608 1397 dicens:
632 1377 641 1392 ι
660 1367 781 1402 Accipite
794 1368 928 1403 Spiritum
941 1376 1004 1395 sau-

213 1415 287 1439 ctum
298 1411 330 1438 ³⁵.
345 1421 354 1437 ι
377 1411 476 1440 Annon
510 1413 611 1441 Paulus
632 1422 742 1450 quoque
756 1414 793 1442 ita
805 1413 864 1443 ﬁeri
883 1414 1005 1441 circum-

212 1456 350 1485 cisionem
369 1458 397 1486 in
429 1459 527 1494 spiritu
553 1459 672 1488 fatetur?
693 1460 859 1488 Circumcidi
885 1468 1004 1496 namque

211 1507 340 1538 oportere
352 1511 410 1537 eos,
435 1505 482 1540 qui
504 1506 698 1539 crediderant,
717 1506 925 1534 circumcisione
948 1514 1003 1534 non

211 1545 375 1583 taanul‘acta,
391 1551 417 1578 id
430 1555 481 1584 est,
494 1552 603 1587 spiritu,
618 1554 786 1580 asseveravit
800 1554 832 1580 "’.
846 1552 1002 1586 Quinetiam

211 1595 278 1643 illud
289 1597 451 1631 addiderim,
466 1606 521 1626 non
532 1607 612 1634 posse
622 1607 673 1628 nos
689 1600 735 1634 qui
745 1599 925 1635 spiritualiter
936 1599 1003 1627 Sab-
1017 1613 1039 1643 ρ

210 1640 304 1668 batum
318 1650 470 1676 servamus,
485 1649 669 1680 congruenter
685 1645 774 1676 abiis,
791 1652 852 1679 quae
870 1644 903 1672 ad
922 1645 1001 1672 forti-

211 1686 335 1715 tudinem
348 1689 518 1724 spiritualem
535 1691 685 1725 pertinent,
698 1691 769 1718 etab
791 1691 917 1718 hostibus
938 1699 1004 1718 con-

209 1735 343 1769 terendis,
355 1737 578 1773 adversariisque
592 1738 619 1766 in
631 1738 742 1766 Christo
758 1737 931 1772 superandis,
953 1746 1004 1766 un-

208 1789 291 1816 quam
305 1790 414 1811 cessare
428 1793 434 1810 :
448 1788 477 1811 et
496 1785 557 1819 ejus
567 1785 606 1812 rei
633 1784 778 1819 imaginem
794 1783 844 1812 tibi
863 1783 1002 1819 proferam

209 1833 305 1854 rursus
316 1831 437 1855 veterem
448 1829 525 1856 illum
535 1829 639 1861 Jesum,
653 1829 700 1864 qui
713 1837 766 1856 una
776 1837 838 1857 cum
850 1829 1002 1857 filiislsrael

208 1872 304 1902 urbem
322 1873 432 1902 Iericho
449 1875 566 1910 septimo
585 1875 640 1908 die,
654 1875 681 1903 id
694 1880 736 1903 est
755 1875 885 1909 Sabbato,
899 1875 983 1911 cepit.

242 1959 341 1987 PALL.
355 1960 446 1988 Solam
459 1961 542 1997 igitur
556 1961 636 1989 nobis
648 1970 664 1990 a
673 1962 805 1997 nequitiae
826 1970 859 1990 ac
876 1967 1002 1999 peccato-

207 2012 269 2033 mm
279 2006 409 2041 operibus
420 2008 603 2040 vacationem,
616 2004 689 2043 quod
702 2009 735 2036 ad
750 2009 896 2037 veritatem
914 2011 1001 2046 perti-

207 2057 254 2080 net
266 2056 395 2088 tanquam
416 2054 444 2081 in
456 2054 551 2090 ﬁguris
565 2055 621 2083 illis
633 2056 725 2084 adhuc
735 2056 879 2084 veteribus
899 2065 1002 2093 prope-

207 2097 319 2127 modum
337 2099 538 2134 adumbratam,
551 2101 700 2129 Sabbatum
712 2102 817 2130 all‘eret.

245 2142 324 2171 CYR.
341 2145 380 2172 Ita
402 2145 447 2173 aio
474 2155 480 2172 :
497 2146 520 2174 si
537 2154 603 2173 vero
617 2155 697 2175 secus
709 2148 802 2180 habet,
816 2147 843 2175 id
857 2147 1001 2177 manifeste

207 2188 311 2217 Christi
323 2191 482 2226 mysterium
496 2192 657 2220 ostenderit.
710 2200 712 2202 '

241 2233 342 2262 PALL.
356 2235 416 2269 Quo
432 2237 542 2265 tandem
552 2239 635 2267 modo
643 2240 659 2266 ἲ»

1068 304 1191 340 ἡμέραν·
1210 314 1219 330 ι
1239 303 1382 338 Μνήσθητι
1402 302 1465 338 γὰρ,
1481 311 1490 326 ι
1509 301 1586 336 φησὶ,
1602 309 1611 326 t
1625 299 1673 336 τὴν
1688 299 1795 335 ἡμέραν
1806 299 1856 325 τῶν

1067 349 1215 378 Σαϐϐάτων
1238 348 1362 384 ἀγιὰζειν
1390 349 1485 384 αὑτήν.
1515 358 1524 373 ι
1561 345 1804 382 Ἀποπερανοῠμμεν
1830 345 1856 371 δὲ

1066 398 1146 425 τοῦτο
1170 397 1218 424 καὶ
1235 396 1295 424 λίαν
1316 394 1457 426 ἐπιεικῶς,
1474 394 1498 421 εί
1517 393 1602 428 ἁγίων
1620 392 1709 427 ἔργων
1728 389 1856 425 ἐπιμελη-

1065 444 1111 471 ταὶ
1126 443 1288 478 φαινόμεθα,
1305 440 1515 472 σαϐϐατιζοντες
1534 439 1652 475 νοητῶς·
1668 438 1712 473 εἴη
1725 437 1746 464 δ’
1766 437 1799 464 ἂν
1813 436 1856 462 τοῦ

1066 490 1231 526 πράγματος
1257 487 1432 518 ὑποτύπωσκς
1457 485 1587 521 ἐναργὴς,
1615 484 1646 511 τὸ
1671 484 1700 510 ἐν
1728 482 1857 515 Σαϐϐάτῳ

1065 536 1128 567 τοὺς
1148 534 1242 570 ἱερέας
1263 534 1292 560 ὲν
1310 532 1349 568 τῷ
1370 531 1434 568 ιερῷ
1450 531 1481 558 τὸ
1500 530 1638 558 Σὰὄϐατον
1653 527 1797 564 βεδηλοῦν,
1813 527 1857 553 καὶ

1065 581 1224 616 ἀμωμήτως
1250 578 1414 614 ἐργάζεσθαι
1435 578 1470 604 τὰ
1497 576 1574 612 ἱερὰ,
1600 575 1649 602 καὶ
1668 574 1788 610 πληροῦν
1810 575 1856 602 θυι

1067 627 1136 659 σίας,
1149 627 1196 654 καὶ
1215 625 1411 662 μηλοσφαγεῖν,
1432 623 1522 650 πάντα
1539 631 1569 649 τε
1591 622 1656 657 δρᾷν
1672 620 1706 647 τὰ
1722 621 1762 651 είς
1779 618 1856 650 δόξαν

1066 674 1133 701 Θεοῦ
1154 671 1355 703 ἀδιακωλύτως.
1380 671 1417 698 ’Ἡ
1434 670 1489 706 γὰρ
1502 668 1565 704 οὐχὶ
1580 669 1641 700 ταῖς
1651 666 1705 695 τῶν
1723 665 1856 693 Ἰουδαίων

1068 719 1189 756 μομφαῖς
1205 718 1271 745 αὐτὸ
1289 717 1320 753 δὴ
1340 716 1420 744 τοῦτο
1435 714 1621 750 παρεκόμισεν
1634 713 1648 739 ὁ
1666 711 1796 748 Χριστὸς,
1813 711 1856 737 ὅτε

1065 768 1097 803 δὴ
1111 767 1190 794 λύσιν
1198 765 1369 802 ἐπεφήμιζον
1387 763 1462 799 αύτῷ
1475 762 1523 790 τοῦ
1539 762 1622 799 νόμον
1644 758 1855 796 τεθεραπευκότι

1063 814 1108 841 τὸν
1127 812 1284 848 παράλυτον
1295 812 1324 838 ἐν
1334 810 1480 845 Σαϐϐάτῳ

1099 858 1204 887 ΠΔΛΔ.
1220 857 1418 893 Μεμνήσομαι.

1099 904 1182 932 ΚΥΡ.
1199 903 1397 939 Περιτέμνεται
1410 901 1439 928 δὲ
1452 900 1500 928 καὶ
1510 899 1657 935 ἄνθρωπος
1671 899 1700 926 ἐν
1711 897 1854 933 Σασσάτῳ,

1065 949 1136 977 κατὰ
1155 950 1203 985 τὴν
1223 949 1269 976 τοῦ
1286 948 1414 984 Σωτῆρος
1424 946 1527 982 φωνὴν,
1544 946 1594 973 οὐκ
1609 943 1791 980 ἐπιτιμῶντος
1810 942 1855 970 τοῦ

1063 995 1147 1030 νόμον
1156 1003 1163 1010 ·
1182 993 1329 1030 παρεγγυᾷ
1339 993 1393 1029 γὰρ
1406 994 1419 1020 ὁ
1430 992 1515 1024 τύπος
1527 991 1574 1019 καὶ
1587 990 1728 1027 μονονουχὶ
1740 990 1855 1024 διαμαρ-

1049 1036 1176 1076 ’τύρεται
1190 1041 1295 1076 σαφῶς,
1310 1041 1351 1067 ὃτι
1371 1039 1472 1075 πρέποι
1486 1038 1518 1066 ἂν
1530 1038 1578 1065 καὶ
1592 1037 1665 1073 μάλα
1676 1036 1790 1068 εἰκότως
1801 1036 1856 1067 τοῖς

1063 1087 1092 1113 ὲν
1102 1086 1212 1122 Χριστῷ
1222 1085 1426 1117 σαϐϐατίζουσι,
1437 1084 1571 1115 τουτέστι,
1582 1084 1639 1114 τοῖς
1651 1082 1856 1117 καταλήγουσιν

1063 1133 1210 1169 ἁμαρτίας,
1229 1133 1277 1159 καὶ
1291 1131 1484 1167 ἁγιαζομένοις
1498 1130 1544 1158 διὰ
1556 1130 1683 1161 πίστεως,
1702 1129 1719 1164 ἡ
1731 1128 1760 1154 ὲν
1775 1127 1856 1154 πνεύ-

1063 1187 1131 1214 ματι
1146 1177 1283 1214 περιτομὴ
1303 1177 1478 1213 πραττομένη
1503 1176 1574 1204 κατὰ
1586 1176 1635 1211 τὴν
1653 1175 1762 1210 ὀγδόην,
1777 1182 1855 1201 τουτ-

1061 1223 1120 1251 ἐστι
1136 1223 1186 1259 τὴν
1201 1223 1388 1258 ἁναστάσιμον
1403 1223 1510 1258 ἡμέραν
1524 1231 1531 1239 ι
1555 1222 1703 1257 ἐγήγερται
1716 1220 1772 1256 γὰρ
1784 1218 1856 1246 οὕτω

1060 1269 1188 1305 Χριστός.
1210 1269 1318 1304 Ἐπειδὴ
1333 1269 1361 1297 δὲ
1375 1268 1486 1302 ἁνεδίω,
1497 1267 1528 1295 τὸ
1542 1267 1589 1294 τοῦ
1603 1267 1720 1294 θανάτου
1734 1264 1854 1292 καταλύ-

1061 1324 1110 1348 σας
1131 1316 1242 1352 κράτος,
1265 1315 1484 1351 κατεσφράγισεν
1504 1314 1586 1346 εὐθὺς
1613 1314 1652 1349 τῷ
1674 1313 1745 1349 ἁγίῳ
1767 1312 1854 1339 Πνεύ-

1061 1371 1126 1399 ματι
1141 1362 1205 1394 τοὺς
1224 1361 1321 1389 ἑαυτοῦ
1344 1362 1510 1397 γνωρίμους,
1529 1361 1577 1388 καὶ
1598 1360 1677 1388 τοῦτό
1701 1360 1776 1386 ἐστιν
1790 1359 1807 1394 ἡ
1824 1358 1854 1384 ὲν

1058 1409 1195 1444 πνεύματι
1218 1409 1363 1444 περιτομή.
1388 1408 1553 1444 Ἐνεφύσησε
1567 1407 1623 1442 γὰρ
1641 1406 1729 1441 λέγων
1742 1413 1748 1420 ·
1770 1415 1779 1431 ι
1797 1405 1853 1432 Λά-

1058 1454 1122 1482 ϐετε
1141 1454 1253 1490 Πνεῦμα
1271 1455 1359 1489 ἅγιον.
1380 1464 1390 1481 ›
1410 1455 1446 1482 Ἦ
1467 1455 1515 1490 οὐχ
1530 1454 1601 1480 οὕτω
1619 1452 1788 1489 πράττεσθαι
1803 1451 1852 1487 τὴν

1057 1500 1095 1532 ὡς
1115 1501 1144 1528 ὲν
1164 1501 1255 1536 νοήσει
1277 1501 1428 1537 περιτομήν
1445 1501 1492 1527 καὶ
1509 1502 1523 1527 ό
1540 1499 1645 1531 Παῦλύς
1668 1507 1752 1534 φησις
1770 1499 1854 1533 Περι-

1057 1547 1208 1582 τετμῆσθαι
1221 1546 1275 1582 γὰρ
1283 1547 1338 1574 δεῖν
1350 1548 1485 1583 περιτομῇ
1498 1546 1710 1582 ἀχειροποιήτῳ,
1726 1545 1852 1572 τουτέστι

1057 1593 1202 1629 πνεύματι,
1220 1594 1405 1629 διισχυρισατο
1427 1593 1490 1625 τοὺς
1509 1592 1736 1624 πεπιστευκότας.
1761 1591 1853 1627 Προσ-

1055 1639 1132 1675 θείην
1149 1640 1172 1666 δ’
1188 1640 1221 1667 ἂν
1236 1640 1288 1673 ὅτι,
1306 1639 1361 1667 τῶν
1382 1640 1422 1672 εἰς
1438 1639 1564 1675 ἀνδρείαν
1586 1639 1636 1675 τὴν
1649 1638 1852 1674 πνευματικὴν,

1053 1685 1101 1712 καὶ
1123 1686 1170 1713 τοῦ
1194 1685 1348 1720 συντρίϐειν
1365 1685 1491 1722 ἐχθροὺς,
1517 1686 1564 1713 καὶ
1588 1687 1666 1721 νικᾷν
1689 1686 1718 1712 ὲν
1739 1684 1853 1719 Χριστῷ

1052 1731 1115 1762 τοὺς
1137 1731 1351 1767 ἀνθεστηκότας,
1369 1731 1420 1758 οὐκ
1437 1732 1471 1759 ἂν
1485 1731 1692 1766 καταλήξαιμεν
1723 1730 1851 1762 εἰκότως,

1053 1777 1156 1813 νοητῶς
1172 1777 1380 1810 σαϐϐατίζοντες
1393 1786 1399 1793 ·
1417 1778 1510 1805 εἰκόνα.
1528 1777 1557 1804 δέ
1571 1785 1612 1804 σοι
1628 1776 1753 1812 παροίσω
1769 1776 1852 1803 πάλιν

1052 1825 1097 1852 τὸν
1118 1825 1230 1860 ἀρχαῖον
1250 1826 1352 1852 ἐκεῖνον
1379 1824 1493 1859 Ἰησοῦν,
1518 1824 1586 1857 ὁμοῦ
1607 1825 1664 1856 τοῖς
1684 1823 1714 1857 ἐξ
1740 1822 1852 1859 Ἰσραὴλ

1052 1871 1176 1907 ᾑρηκότα
1197 1870 1246 1906 τὴν
1270 1871 1376 1906 Ἰεριχὼ
1404 1871 1476 1897 κατὰ
1503 1870 1552 1906 τὴν
1577 1870 1694 1906 ὲὸδόμην
1717 1869 1829 1905 ἡμέραν
1843 1890 1850 1902 ,

1051 1917 1201 1949 τουτέστιν,
1219 1917 1247 1944 ὲν
1260 1917 1299 1953 τῷ
1315 1916 1456 1950 Σαϐϐάτῳ.

1087 1964 1190 1990 ΠΑΛΛ.
1210 1963 1323 1999 Ἀργίαν
1339 1960 1386 1990 οὖν
1404 1963 1459 1999 ἄρα
1471 1962 1502 1989 τὸ
1519 1961 1657 1989 Σάϐϐατον
1675 1961 1756 1996 μόνον
1770 1962 1850 1997 ἡμῖν,

1052 2010 1089 2042 ὡς
1101 2010 1183 2042 ἔοικε,
1201 2010 1255 2036 τῶν
1279 2010 1311 2036 ὲκ
1323 2009 1490 2045 φαυλότητος
1507 2009 1554 2036 καὶ
1569 2007 1712 2044 ἁμαρτιῶν
1727 2008 1852 2044 είσκομί-

1053 2065 1124 2084 σειεν
1138 2055 1180 2088 ἂν,
1195 2056 1258 2090 τόγε
1282 2053 1349 2092 ἧκον
1365 2056 1406 2088 είς
1425 2055 1565 2092 ἀλήθειαν,
1583 2055 1632 2090 τὴν
1651 2055 1688 2087 ὡς
1700 2056 1728 2082 ὲν
1752 2055 1851 2088 τύποις

1051 2103 1095 2130 ἔτι
1108 2104 1164 2134 τοῖς
1175 2102 1364 2139 ἀρχαιοτέροις
1379 2102 1521 2138 μονονουχὶ
1537 2102 1812 2138 σκιαγραφουμένην.

1086 2150 1169 2177 ΚΥΡ.
1189 2149 1268 2176 Οὕτω
1282 2150 1354 2185 φημί
1367 2158 1373 2164 ·
1388 2150 1450 2176 καθ’
1462 2149 1556 2185 ἕτερον
1569 2149 1597 2176 δὲ
1607 2149 1719 2185 τρόπον,
1736 2149 1768 2176 τδ
1781 2149 1850 2185 Χριε

1052 2196 1115 2224 στοῦ
1131 2196 1279 2232 μυστήριον
1288 2196 1476 2232 παραδείξειεν
1487 2195 1520 2223 ἂν
1534 2195 1581 2223 καὶ
1597 2195 1670 2231 μάλα
1684 2194 1791 2230 σαφῶς.

1088 2242 1195 2269 ΠΔΛΛ.
1212 2241 1280 2269 Τίνα
1291 2241 1324 2277 δὴ
1338 2242 1403 2276 φής.

241 2281 321 2310 CYR.
335 2283 409 2310 Dixit
420 2288 495 2312 certe
509 2285 609 2312 iterum
632 2286 695 2313 lex:
716 2286 768 2314 (Si
791 2287 893 2315 emeris
908 2288 998 2315 virum

1087 2288 1246 2324 ΚΥΡ.¹Εφη
1254 2297 1305 2314 που
1314 2288 1395 2315 πάλιν
1405 2290 1420 2315 ὁ
1430 2288 1520 2323 νόμος·
1532 2298 1542 2314 ι
1554 2288 1618 2315 Ἐὰν
1625 2288 1653 2315 δὲ
1663 2288 1753 2324 κτήσῃ
1762 2287 1849 2314 παῖδα

207 2326 362 2361 Hebrmum,
377 2337 425 2357 sex
433 2338 522 2359 annos
529 2332 631 2359 serviet
644 2332 712 2365 tibi,
726 2340 799 2360 anno
811 2338 903 2361 autem
915 2333 999 2369 septi-

207 2381 252 2401 mo
264 2375 422 2410 egredietur
441 2376 512 2405 liber
530 2378 615 2413 gratis
629 2378 661 2406 3'.
679 2388 688 2405 ι
717 2379 751 2406 Ει
766 2379 824 2407 haec.
844 2380 956 2414 quidem
969 2380 998 2408 in

207 2417 310 2446 Exodo.
331 2419 361 2446 In
374 2420 587 2450 Deuteronomio
611 2431 677 2451 vero
702 2432 798 2452 rursus
818 2425 856 2452 ita
877 2425 967 2460 inquit
988 2434 995 2452 :

210 2473 219 2488 σ
237 2463 264 2492 Si
275 2469 368 2492 autem
382 2467 512 2495 venditus
524 2468 574 2496 tibi
587 2468 672 2497 fuerit
689 2470 774 2497 frater
790 2475 854 2498 tuus
866 2470 998 2498 Hebraeus

206 2510 249 2538 vel
271 2510 395 2544 Hebraea,
420 2514 521 2542 serviet
544 2515 593 2542 tibi
617 2523 704 2543 annos
734 2523 798 2549 sex,
824 2521 852 2544 et
880 2517 998 2552 septimo

205 2555 316 2583 emittes
333 2563 397 2584 eum
426 2565 441 2585 a
476 2563 503 2587 te
536 2560 654 2588 liberum
675 2570 682 2587 :
705 2569 768 2589 cum
791 2569 859 2589 vero
888 2562 998 2590 emittes

205 2609 269 2628 cum
292 2601 413 2631 liberum
442 2612 458 2632 a
483 2610 519 2639 te,
545 2615 601 2634 non
631 2608 742 2635 emittes
767 2615 836 2635 eum.
855 2616 992 2642 vacuum;

206 2646 337 2676 viaticum
359 2649 438 2679 dabis
461 2652 487 2680 ei
519 2653 554 2681 ab
573 2654 670 2682 ovibus
695 2655 760 2687 tuis,
780 2658 808 2682 et
829 2662 845 2682 a
859 2655 997 2683 frumento

206 2697 264 2726 tuo,
276 2698 305 2722 et
317 2702 332 2722 a
348 2698 478 2726 torculari
497 2702 559 2732 tuo;
579 2700 650 2727 sicut
669 2700 843 2730 benedixerit
869 2706 896 2730 te
916 2702 996 2737 231‘

206 2739 337 2770 Dominus
347 2742 420 2772 Deus
443 2748 517 2778 tuus.
534 2745 614 2774 dabis
631 2746 657 2774 ei
680 2747 714 2774 ⁸⁸.
735 2757 744 2773 ι
771 2747 840 2775 Nam
861 2748 998 2783 superiori

206 2789 329 2822 tempore
343 2790 474 2818 universo
487 2797 550 2819 ante
572 2793 660 2820 nostri
678 2793 828 2821 Salvatoris
847 2793 996 2821 adventum

206 2831 303 2866 spiritu
325 2835 468 2864 servitutis
488 2837 570 2866 Israel
590 2838 844 2875 constringebatur,
870 2839 924 2875 legi
944 2847 996 2874 pu-

215 2925 257 2957 12·
268 2926 311 2958 Η.

258 2890 382 2930 'f_Exod.
398 2902 442 2928 xx,
453 2895 478 2922 8.
521 2895 543 2911 ⁸³
557 2894 651 2923 Matth.
669 2904 723 2930 XXI,
737 2896 780 2923 12.
822 2896 845 2913 ⁵⁸
858 2896 937 2927 Joan.
951 2904 995 2929 xx,
1010 2895 1055 2924 22‘.
1087 2895 1114 2911 '7'
1125 2893 1236 2925 Coloss,
1249 2901 1278 2927 ιι,
1295 2894 1338 2921 ll.

1058 2333 1195 2369 Ἑϐραϊον,
1205 2332 1235 2365 ἒξ
1253 2332 1300 2368 ἔτη
1311 2332 1450 2360 δουλεύσει
1461 2341 1514 2364 σοι,
1525 2332 1565 2368 τῷ
1574 2332 1603 2359 δὲ
1617 2332 1671 2359 ἔτει
1685 2331 1725 2367 τῷ
1739 2331 1850 2366 ἑϐδόμῳ

1051 2378 1230 2406 ἀπελεύσεται
1239 2378 1379 2414 ἐλεύθερος
1387 2378 1502 2414 δωρεάν.
1516 2388 1525 2404 ι
1535 2379 1591 2405 Καὶ
1600 2379 1629 2405 ὲν
1639 2378 1688 2413 μὲν
1697 2378 1729 2413 τῇ
1748 2376 1851 2412 Ἑξόδῳ

1051 2424 1140 2452 ταυτί.
1177 2424 1221 2451 Ἐν
1246 2424 1275 2451 δὲ
1298 2424 1336 2460 τῷ
1350 2424 1555 2460 Δευτερονομίῳ
1572 2423 1654 2451 πάλιν
1672 2422 1744 2449 οὕτω
1761 2422 1848 2458 φησί’

1054 2480 1064 2498 ι
1088 2471 1153 2498 Ἐὰν
1174 2470 1203 2497 δὲ
1220 2469 1312 2506 πραθῇ
1330 2479 1370 2496 σοι
1385 2471 1400 2497 ὁ
1417 2470 1530 2505 ἀδελφός
1543 2478 1590 2496 σου
1612 2470 1626 2497 ὸ
1642 2468 1782 2505 Ἐϐραῖος.
1798 2469 1815 2504 ἢ
1831 2469 1848 2504 ὴ

1057 2516 1180 2552 Ἐὖραία,
1195 2515 1333 2543 δουλεύσει
1343 2525 1384 2543 σοι
1399 2516 1429 2550 ἓξ
1443 2516 1502 2552 ἐτη,
1518 2515 1614 2551 καὶτῷ
1631 2515 1738 2551 ὲὸδόμῳ
1750 2515 1849 2548 ἐξαπο-

1052 2562 1155 2595 στελεῖς
1169 2561 1252 2589 αὐτὸν
1267 2561 1408 2598 ἐλεύθερον
1425 2562 1479 2589 ἀπὸ
1497 2562 1562 2589 σοῦ·
1578 2563 1643 2589 ὅταν
1657 2562 1686 2589 δὲ
1696 2561 1850 2594 ἐξαποστε-

1051 2609 1106 2640 λεῖς
1121 2608 1204 2636 αὑτὸν
1219 2608 1362 2643 ἐλεύθερον
1381 2608 1436 2635 ἀπὸ
1451 2608 1510 2640 σοῦ,
1525 2608 1576 2635 οὑκ
1591 2607 1784 2641 ὲξαποστελείς
1796 2607 1848 2634 σὺν

1050 2655 1096 2682 τὸν
1106 2654 1194 2682 κενόν
1207 2654 1311 2689 ἑφόδιον
1318 2653 1470 2688 ἐφοδιὰσεις
1481 2654 1565 2681 αὐτὸν
1572 2654 1626 2680 ἀπὸ
1635 2653 1690 2680 τῶν
1698 2653 1848 2689 προϐάτων

1051 2709 1108 2733 σου,
1123 2700 1171 2726 καὶ
1182 2699 1234 2727 ἀπὸ
1242 2698 1289 2725 τοῦ
1300 2699 1373 2726 σίτου
1385 2699 1432 2727 καὶ
1444 2699 1498 2726 ἀπὸ
1506 2699 1555 2735 τῆς
1570 2699 1671 2734 κλήρου
1684 2707 1742 2726 σου·
1753 2698 1850 2729 καθὼς

1051 2746 1188 2782 ηὖλόγησέ
1199 2754 1230 2772 σε
1247 2746 1350 2781 Κύριος
1365 2746 1380 2772 ὁ
1394 2745 1460 2777 Θεός
1476 2754 1533 2779 σου,
1548 2745 1644 2777 δώσεις
1658 2744 1743 2780 αὐτῷ.
1760 2753 1770 2770 ι
1794 2744 1850 2771 Τὸν

1052 2793 1100 2828 μὲν
1110 2793 1165 2828 γὰρ
1176 2792 1256 2819 ἄλλον
1267 2792 1375 2820 ἅπαντα
1385 2792 1492 2828 χρόνον,
1523 2793 1576 2828 πρδ
1595 2793 1644 2828 τῆς
1655 2791 1703 2819 τοῦ
1716 2790 1849 2826 Σωτῆρος

1050 2838 1129 2874 ἡμῶν
1146 2837 1301 2874 ἐπιδημίας,
1317 2838 1453 2874 πνεύματι
1471 2838 1595 2870 δουλείας
1613 2838 1628 2864 ὀ
1656 2837 1763 2873 Ἰσραὴλ
1776 2844 1850 2863 κατ-

1395 2895 1417 2911 ⁸³
1432 2895 1519 2925 Exod.
1532 2903 1586 2928 xxi,
1601 2895 1628 2922 2'.
1667 2895 1689 2913 ’δ
1699 2895 1781 2923 Deut.
1799 2902 1848 2927 xv.
