1939 3041
109 195 160 225 5}!

464 200 508 230 DE
526 202 747 233 ADORATIONE
765 205 798 234 ΙΝ
821 206 896 234 εΡιιι

951 206 956 232 ί
976 207 1020 235 ET
1043 209 1224 239 VERITATE.
1246 212 1309 239 LIB.
1333 212 1386 239 VH.

1687 213 1737 242 5'02
1742 220 1749 224 ‘

108 256 270 307 ῗαψίγγετο,
291 257 372 307 ⁸νόμῳ
390 258 433 307 Δτῷ
466 261 608 294 κολάζοντι
636 264 897 301 καταζευγνύμενος.

951 267 1038 295 nienti
1055 269 1213 305 subjectus;
1226 275 1320 306 postea
1335 279 1400 298 vero
1411 280 1493 307 quam
1508 272 1738 300 extremissaeeuli

115 301 226 338 Ἐπειδὴ
247 302 275 329 δὲ
289 303 319 330 ἐν
332 303 457 339 ἐσχάτοις
472 306 519 333 τοῦ
534 308 630 340 αίῶνος
642 312 747 346 καιροῖς
762 312 897 346 (τέθειται

107 347 137 374 δὲ
152 348 220 383 ἡμῖν
236 349 284 376 καὶ
302 349 378 376 τοῦδε
393 350 477 384 τύπος
491 352 521 379 τὸ
540 354 695 392 Σάὅὸατον)
712 357 867 393 ἐπέλαμψεν
883 360 898 386 ὁ

114 393 306 429 Ἐμμανουήλ,
331 395 390 422 τότε
419 396 451 433 δὴ
475 398 506 424 τὺ
532 399 581 433 μὲν
607 400 728 434 δουλείας
755 403 897 439 ἀφῄρηται

107 439 232 474 πνεῦμα,
251 442 501 476 προσκεκομικότες
517 443 544 470 δὲ
560 445 628 477 ὅλως
645 447 721 474 οὐδὲν
737 448 778 480 είς
798 449 899 477 ἀπολύ-

107 493 212 522 τρωσιν
228 486 267 522 τῷ
276 488 408 524 Δεσπότῃ,
427 489 635 528 φιλανθρωπίνῳ
649 493 739 529 χάριτι
753 495 899 531 κέκληνται

107 531 180 566 πρὸς
201 532 368 569 ἐλευθερίαν,
392 535 438 561 καὶ
459 536 500 568 είς
514 536 563 572 τὴν
583 537 633 573 τῆς
652 540 787 574 υἱοθεσίας
799 542 878 575 δόξαν
890 552 898 558 ·

107 577 298 606 δεδικαίωνται
310 578 365 615 γὰρ
376 580 401 607 οἱ
418 581 612 616 πιστεύσαντες
631 585 682 612 οὺχ
696 585 727 618 ἐξ
745 586 835 622 ἔργων
855 588 899 615 νόν

109 631 163 658 μου
187 624 259 651 κατὰ
280 625 330 658 τὰς
345 626 466 662 Γραφὰς,
479 628 538 655 ἀλλ’
559 630 592 657 ἐκ
609 631 737 664 πίστεως.
756 633 812 661 Καὶ
822 634 900 662 τοῦτο

199 679 270 706 φημι
283 671 322 706 τὸ,
349 682 359 698 ι
383 673 575 703 Ἀπελεύσεται
594 676 735 713 ἐλεύθερος
751 679 865 716 δωρεάν.
887 688 898 707 1

115 715 198 764 ΪΔλΥ¹
215 725 228 764 ι
243 717 346 764 Ὅταν,
356 719 448 754 φησιν,
468 719 658 755 ἐξαποπελεῖς
668 724 748 752 αὐτὸν
759 715 901 764 ἐλεύθερον

181 760 239 795 σοῦ,
255 762 305 789 οὐκ
323 763 514 798 ὲξαποστελεῖς
540 767 620 795 αὐτὸν
634 770 722 797 κενόν·
735 771 840 806 ἑφόδιον
851 760 900 808 έφ-

108 805 228 839 οδιάσεις
245 808 326 835 αὐτὸν
335 809 388 836 ἀπὸ
398 809 453 837 τῶν
467 812 611 847 προϐάτων
625 822 683 847 σου,
698 805 810 844 ἀπὸτοῦ
827 805 901 846 σίτου

109 860 174 899 σου,
186 853 234 880 καὶ
254 853 307 880 ἀπὸ
324 854 374 890 τῆς
390 855 472 892 ληνοῦ
491 866 548 885 σου.
574 868 584 885 ι
611 859 693 896 Ὁρᾷς
708 862 831 899 ἐναργῶς
853 864 901 891 τοῦ

109 898 181 925 κατὰ
192 899 307 935 Χριστὸν
322 902 473 938 μυστηρίου
490 904 538 939 τὴν
553 905 676 942 δύναμιν,
693 907 721 934 ἐν
734 898 766 941 γε
780 910 901 937 τουτοισὶ

108 943 330 992 διαλαμπουσανι
348 947 542 984 λελυτρώμεθα
564 951 628 988 γὰρ,
644 953 691 981 καὶ
707 954 808 990 ἀνῆκεν
825 957 899 992 ἡμᾶς

108 990 269 1039 ελευῌθέρους
318 993 425 1022 πάντων
441 996 520 1032 ήμῶν
539 998 642 1035 Σωτὴρ,
659 999 774 1037 δωρεάν.
791 990 899 1039 Οὑνγὰρ

109 1036 140 1069 ἐξ
167 1036 255 1072 ἔργων
277 1038 450 1078 δικαιοσύνης
478 1043 496 1070 ἃ
519 1044 688 1081 ἐποιήσαμεν
713 1047 804 1082 ἡμεῖς,

109 1082 182 1130 κατὰ
202 1083 236 1130 τὸ
260 1085 327 1111 πολὺ
348 1087 433 1114 αὑτοῦ
456 1088 541 1121 ἕλεος,
565 1091 637 1118 κατὰ
651 1091 681 1118 τὸ
694 1094 896 1130 γεγραμμένον,

108 1127 271 1176 τῆςῄοὖτως
293 1131 450 1168 ὑπερφυοῦς
475 1136 644 1172 ἡμερότητος
672 1127 897 1176 μετεσχήκαμενλ

108 1173 196 1206 ἀνιεὶς
219 1176 248 1203 δὲ
269 1178 343 1213 ἡμᾶς
368 1179 537 1217 ἐλευθέρους,
563 1183 716 1218 τουτέστιν,

109 1220 264 1256 ἁμαρτιῶν,
286 1224 333 1251 καὶ
354 1226 387 1262 τῇ
411 1227 459 1261 τῆς
478 1228 615 1261 υἱοθεσίας
628 1231 836 1265 κατακαλλύνσς
851 1232 899 1268 χά-

108 1275 175 1303 ριτι,
200 1268 282 1295 καλὸν
305 1270 370 1305 ἡμῖν
386 1271 491 1306 ἑφόδιον
514 1274 609 1302 ἑαυτὸν
635 1277 841 1312 προστέθεικεν,
860 1279 898 1311 ὡς

108 1311 225 1359 ᾄμωμον
250 1315 357 1350 ιερεῖον,
382 1317 430 1344 καὶ
453 1318 490 1350 ὡς
508 1320 645 1354 πρόϐατον
665 1323 711 1349 ἐπὶ
740 1311 848 1359 σφαγὴν
863 1324 898 1352 δι’

106 1358 183 1404 ἡμᾶς
206 1360 334 1396 ἠγμένος,
358 1365 541 1399 χαρισάμενος
560 1375 589 1393 τε
605 1367 636 1394 τὸ
656 1370 802 1404 μετασχεῖν
824 1358 899 1398 εὐλο-

107 1402 173 1437 γίας
189 1404 238 1439 τῆς
254 1405 397 1440 ζωοποιοῦ,
418 1409 552 1441 τουτέστι.
569 1411 618 1446 τῆς
635 1402 716 1446 ἁγίας
735 1402 817 1441 αὖτοῦ
832 1423 898 1451 σαρ-

108 1447 157 1495 xei;
171 1458 201 1476 τε
216 1451 263 1477 καὶ
279 1451 402 1487 αἳματος.
421 1454 515 1488 Τοῦτο,
528 1454 613 1492 οἶμαι,
628 1457 695 1492 ,ἐστὶ
712 1459 742 1486 τὸ
761 1447 899 1495 ἐφοδιάξε-

109 1493 172 1521 σθαι
186 1494 240 1522 δεῖν
253 1497 306 1523 ἀπὸ
319 1498 373 1527 τῶν
387 1500 540 1535 προϐάτων,
555 1503 608 1529 ἀπό
620 1512 650 1530 τε
665 1505 740 1532 σίτου
754 1493 801 1533 καὶ
813 1507 896 1540 οἴνου,

107 1540 228 1588 τοὺς-γὲν
251 1543 357 1579 ἑϐδόμῳ
384 1546 481 1582 καιρῷ,
506 1548 658 1583 τουτέστιν,
691 1551 720 1577 ἐν
744 1551 784 1587 τῷ
812 1553 898 1588 νοητῷ

108 1585 251 1634 Σειδοάτῳ,
268 1590 453 1626 κεκλημένους
463 1593 504 1625 είς
517 1594 673 1631 ιλευθεριαν
688 1597 716 1630 ιε
730 1585 899 1634 ἡμερότηέά

108 1631 159 1681 τῇς
180 1633 358 1671 Δεσποτικῆς’
375 1637 443 1664 ἀλλὰ
461 1640 541 1667 ταυτὶ
567 1641 616 1676 μὲν
638 1642 652 1668 ό
788 1631 898 1681 Ἔπειδὴ

159 1680 216 1711 τοῖς
241 1681 378 1715 Ἰουδαίοις
396 1683 622 1714 ἁναπεπτωκόσιν
641 1688 681 1719 είς
699 1689 855 1724 paeoniam,
868 1677 898 1718 of;

107 1722 169 1770 λίαν
191 1725 278 1752 ἐδόκει
301 1729 395 1762 τηρεῖν
416 1729 450 1756 τὰ
485 1731 676 1767 ἐντεταλμένα,
699 1722 864 1770 ’κατητιᾶτο
885 1736 900 1763 ὁ

109 1769 177 1815 Θεος
193 1770 272 1798 τοῦτο
288 1772 354 1807 δρᾷν
368 1773 524 1809 ἑλομένους.
541 1777 698 1813 Γέγραπται
714 1769 786 1815 γὰρ,
797 1780 838 1806 ὅτι
853 1781 900 1808 καὶ

112 1822 122 1839 ι
141 1814 281 1860 ΔἙγενήθη
309 1816 387 1851 λόγος
404 1819 507 1854 Κυρίου
538 1822 606 1857 πρὸς
632 1814 777 1859 Ἰερεμίαν,
795 1824 897 1860 λέγων·

109 1858 205 1892 οὕτως
221 1858 281 1888 εἷπε
301 1862 404 1898 Κύριος
429 1866 442 1892 ὁ
465 1866 531 1899 Θεὸς
553 1867 671 1903 Ἰσραὴλ,
688 1869 791 1903 λέγων·
807 1858 900 1898 Διεθέ-

181 1905 314 1952 διαθήκην
329 1907 397 1942 πρὸς
415 1910 477 1942 τοὺς
490 1912 612 1947 πατέρας
628 1913 704 1949 ὑμῶν
719 1914 747 1940 ἐν
762 1914 795 1950 τῇ
808 1915 900 1952 ἡμέρᾳ

111 1947 129 1986 ᾖ
142 1950 286 1988 ἐξειλόμην
309 1956 408 1987 αὐτοὺς
426 1957 458 1983 ἐκ
475 1958 526 1993 γῆς
542 1947 681 1993 Αἰγύπτου
701 1961 730 1995 ἐξ
744 1947 900 1991 oratu-'50};

109 1996 186 2029 λείας
201 1998 287 2033 λέγων
300 2008 307 2016 ⁸
326 2001 410 2028 Ὅταν
423 2002 551 2039 πληρωθῇ
565 2004 595 2036 ἐξ
607 2004 664 2041 ἔτη,
681 2006 840 2041 ἀποστελεῖς
853 2010 898 2036 τὸν

109 2043 226 2077 ἀδελφόν
249 2054 295 2072 σου
310 2047 357 2074 τὸν
381 2047 518 2083 Ἐὄραῖον,
538 2048 567 2081 ὃς
588 2051 760 2087 πραθήσεταί
780 2063 832 2088 σοι,
853 2056 900 2083 καὶ

110 2089 227 2124 ὲργᾶταί
249 2100 289 2118 σοι
305 2091 335 2124 ἓξ
357 2092 415 2128 ἔτη,
436 2094 482 2121 καὶ
496 2094 685 2130 ὲξαποστελείς
702 2099 783 2127 αὐτὸν
794 2100 900 2128 ἐλεύθε-

112 2142 175 2168 ρον-
192 2135 239 2162 καὶ
257 2137 307 2163 οὐκ
323 2137 442 2172 ἥκουσαν
459 2147 521 2174 μου,
541 2140 588 2167 καὶ
605 2142 656 2169 οὐκ
684 2142 792 2171 ἔκλιναν
804 2145 834 2171 τὸ
853 2142 900 2177 οὖς

109 2180 220 2208 αὒτῶνν
241 2183 288 2209 καὶ
304 2183 475 2220 ἐπέστρεψαν
502 2187 620 2222 σήμερον
639 2189 750 2225 ποιῆσαι
769 2191 800 2217 τὺ
822 2191 899 2223 εὺθὲς

109 2226 165 2260 πρὸ
190 2227 337 2263 ὀφθαλμῶν
363 2238 426 2265 μου,
454 2231 501 2258 τοῦ
526 2232 640 2260 καλέσαι
663 2235 760 2269 ἄφεσιν
784 2236 899 2263 ἕκαστον

109 2272 156 2312 τοῦ
178 2273 293 2308 πλησίον
311 2275 411 2302 αὑτοῦ·
430 2277 477 2304 καὶ
492 2279 667 2306 συνετέλεσαν
684 2280 816 2317 διαθήκην
829 2282 899 2310 κατὰ
915 2295 938 2323 D

109 2319 257 2355 πρόσωπόν
278 2330 328 2357 μου
355 2323 384 2350 ὲν
403 2323 442 2359 τῷ
463 2325 546 2360 οἴκῳ,
562 2322 584 2359 ᾧ
601 2326 737 2363 ἐπεκλήθη
765 2328 797 2355 τὸ
814 2328 900 2364 ὄνομά

111 2374 162 2401 μου
177 2367 222 2394 ἐπ’
238 2367 320 2396 αὑτοῦ
332 2377 340 2385 ο
359 2369 406 2396 καὶ
426 2370 622 2407 ἐπεστρέψατε,
641 2373 687 2399 καὶ
710 2373 899 2409 ὲὸεὸηλώσατε

108 2413 158 2447 τὴν
170 2413 304 2449 διαθήκην
319 2424 381 2450 μου,
399 2415 446 2443 τοῦ
460 2417 622 2455 ἐπιστρέψαι
632 2418 746 2446 ἕκαστον
758 2420 804 2446 τὸν
817 2421 898 2448 παῖδα

108 2458 204 2491 αὐτοῦ,
222 2459 270 2486 καὶ
286 2460 401 2488 ἕκαστον
428 2462 477 2498 τὴν
501 2463 646 2499 παιδίσκην
676 2464 768 2497 αὑτοῦ,
791 2465 837 2497 οὓς
855 2462 907 2497 έξέ

109 2506 290 2533 απεστείλατε
314 2507 474 2544 ἐλευθέρους
494 2510 527 2544 τῇ
542 2508 615 2545 ψυχῇ
634 2509 733 2542 αὐτῶν,
762 2510 809 2537 τοῦ
828 2508 897 2537 εῖναι

109 2550 174 2586 ὑμῖν
195 2552 236 2583 είς
257 2553 353 2584 παῖδας
377 2554 424 2580 καὶ
448 2554 603 2586 παιδίσκας.
621 2564 630 2580 ι
655 2555 738 2590 Ὁρᾷς
756 2555 828 2587 ὃπως
848 2555 898 2582 οὐκ

79 2627 82 2629 Α
110 2597 234 2632 ἀνέχεται
249 2597 302 2625 τῶν
317 2599 410 2626 τύπων
426 2600 624 2637 ἀθετουμένων,
643 2601 743 2636 μᾶλλον
766 2601 794 2628 δὲ
813 2601 898 2637 αὐτῆς

109 2642 159 2677 τῆς
173 2642 303 2678 ἀληθείας
314 2644 511 2681 ὲξυϐρισμένης
519 2646 557 2678 ὠς
569 2647 600 2674 ’ὲν
613 2648 702 2678 σκιαῖς
715 2646 772 2678 Eu;
789 2656 798 2672 ι
818 2647 898 2682 Ἀμεο

110 2687 249 2724 ταμέλητα
281 2688 335 2724 γὰρ
359 2689 394 2716 τὰ
416 2691 584 2726 χαρίσματα,
611 2692 658 2718 καὶ
683 2693 699 2728 ή
728 2692 825 2728 κλῆσις
849 2692 896 2719 τοῦ

110 2730 190 2764 Θεοῦ,
208 2741 218 2758 ι
244 2732 316 2760 κατὰ
339 2733 370 2760 τὺ
389 2736 591 2770 γεγραμμένον.
615 2737 685 2769 Τοὺς
701 2737 729 2764 δὲ
752 2737 897 2769 ἁνεθέντας

110 2774 183 2809 ἅπαξ
196 2797 204 2809 ,
232 2777 330 2804 ἀνόπιν
359 2777 484 2811 ἕλκοντες
515 2780 653 2813 Ἰουδαῖοι,
679 2781 726 2808 καὶ
759 2783 816 2814 τοῖς
846 2782 896 2817 τῆς

949 315 1127 348 temporibus,
1144 308 1261 351 quorum
1273 317 1355 344 etiam
1369 316 1482 352 ﬁguram
1496 316 1646 346 Sabbatum
1655 317 1740 346 fuisse

949 359 1055 387 anobis
1077 361 1197 396 positum
1219 367 1276 396 est,
1292 353 1390 390 'illuxit
1406 362 1577 396 Emmanuel,
1594 367 1651 391 tum
1672 371 1739 392 vero

949 406 1091 434 servitutis
1110 408 1224 442 spiritus
1245 408 1369 437 sublatus
1388 413 1448 442 est;
1461 417 1580 444 cumque
1597 409 1667 438 nihil
1683 410 1738 439 Do—

949 452 1025 480 mino
1035 461 1086 489 pro
1098 453 1287 490 redemptione
1295 455 1667 491 contulissent,henignitate
1676 463 1740 491 gra-

950 498 995 526 tia:
1018 503 1082 526 sunt
1102 500 1136 527 ad
1157 500 1313 528 libertatem
1325 505 1360 528 et
1377 500 1412 528 ad
1442 501 1558 536 gloriam
1581 500 1740 536 adoptionis

950 545 1286 582 vocatiznamjustiﬁcati
1308 551 1382 579 sunt,
1405 546 1452 582 qui
1470 546 1660 578 crediderunt,
1684 553 1740 573 non

950 597 984 618 ex
998 591 1130 626 operibus
1141 592 1219 628 legis,
1233 596 1264 620 ut
1275 593 1406 628 scriptum
1418 596 1470 625 est,
1485 592 1533 620 sed
1544 599 1578 619 ex
1591 592 1653 619 ﬁde.
1670 591 1740 618 Hoc-

950 643 1005 671 que
1027 644 1088 665 esse
1111 637 1222 673 inquam
1244 638 1332 666 illud:
1364 648 1373 664 ι
1405 638 1568 673 Egredietur
1588 637 1659 665 liber
1678 645 1740 672 gra-

951 681 987 709 tis
999 682 1019 710 ¹.
1038 692 1047 709 ι
1063 682 1117 710 Sed
1140 691 1203 711 cum
1215 684 1322 719 inquit,
1342 694 1351 709 ι
1368 684 1484 712 Emittes
1505 691 1568 711 eum
1590 683 1710 710 liberum
1722 690 1738 710 a

952 731 989 761 te,
1003 736 1058 756 non
1072 729 1181 757 emittes
1191 736 1256 757 eum
1270 738 1387 757 vacuum
1397 730 1550 761 :hviaticum
1562 730 1641 757 dabis
1653 729 1692 756 illi
1702 730 1739 759 ab

952 773 1050 801 ovibus
1067 774 1131 807 tuis,
1144 782 1160 802 a
1175 775 1315 803 frumento
1338 779 1397 807 tuo,
1418 779 1446 803 et
1458 783 1473 802 a
1486 774 1616 802 torculari
1628 778 1676 802 tuo
1689 775 1710 806 ',
1727 783 1737 799 ι

938 819 1030 847 ’vides
1050 820 1196 855 perspicue
1219 820 1321 848 Christi
1335 821 1458 856 mysterii
1476 820 1532 847 vim
1543 820 1578 847 -in
1595 819 1638 847 his
1649 819 1747 847 verbis-

952 862 1057 898 fulgere
1071 872 1078 896 ;
1099 872 1163 892 nam
1177 864 1312 899 redempti
1323 859 1445 897 sumus,
1459 869 1488 892 et
1507 864 1611 892 dimisit
1627 872 1679 892 nos
1694 864 1741 892 ille

953 908 1076 935 omnium
1089 908 1213 936 Salvator
1226 909 1329 937 liberos
1340 909 1435 945 gratis.
1450 909 1512 938 Non
1529 909 1603 937 enim
1616 917 1651 937 ex
1673 916 1740 944 ope-

951 953 1028 981 ribus
1038 954 1162 990 justitiaz,
1176 962 1236 990 quae
1250 954 1365 982 fecimus
1381 962 1441 987 nos,
1459 954 1508 981 sed
1520 954 1672 982 secundum
1684 961 1749 981 ma»

951 1007 1030 1035 gnam
1043 1000 1261 1028 misericordiam
1281 1008 1369 1033 suam,
1387 1003 1418 1027 ut
1434 1000 1567 1035 scriptum
1587 1004 1638 1032 est,
1661 999 1744 1027 beni-

951 1045 1065 1080 gnitatis
1080 1045 1149 1073 adeo
1165 1045 1280 1081 insignis
1300 1045 1448 1080 participes
1465 1044 1529 1072 facti
1542 1052 1636 1072 sumus
1649 1051 1742 1072 zeum-

951 1098 1005 1125 que
1016 1098 1067 1118 nos
1076 1091 1177 1118 liberos
1188 1091 1346 1124 dimisisset,
1359 1090 1387 1118 id
1399 1095 1450 1123 est,
1469 1099 1484 1118 a
1494 1090 1614 1125 peccatis
1625 1090 1742 1118 liberas-

952 1141 1003 1169 set,
1026 1140 1053 1164 et
1075 1137 1231 1172 adoptionis
1256 1136 1343 1172 gratia
1378 1136 1554 1169 decorasset,
1579 1136 1741 1175 praeclarum

951 1183 1031 1210 nobis
1058 1182 1189 1210 viaticum
1217 1183 1336 1218 seipsum
1368 1182 1488 1218 adjecit,
1513 1185 1543 1209 ut
1567 1182 1746 1210 immaculata

951 1221 1057 1261 hostia,’
1069 1232 1098 1256 et
1109 1233 1139 1256 ut
1149 1229 1208 1256 ovis
1219 1228 1254 1256 ad
1266 1228 1406 1256 victimam
1427 1231 1542 1263 propter
1559 1235 1611 1256 nos
1629 1227 1743 1260 ductus,

951 1274 1120 1310 largitusque
1133 1277 1163 1301 ut
1179 1273 1294 1301 viviﬁcze
1305 1274 1518 1306 benedictionis,
1541 1273 1570 1300 id
1603 1277 1656 1306 est,
1676 1281 1748 1301 san--

951 1323 1002 1348 cm
1019 1327 1075 1348 suae
1098 1320 1188 1347 carnis
1204 1328 1237 1347 ac
1255 1320 1395 1355 sanguinis
1417 1319 1565 1355 participes
1582 1327 1706 1347 essemus
1720 1319 1740 1346 ³.

951 1365 1010 1394 Hoc
1027 1370 1078 1398 est,
1097 1365 1204 1400 opinor,
1229 1365 1264 1392 ab
1280 1365 1388 1397 ovibus,
1415 1369 1497 1399 atque
1516 1373 1531 1392 a
1559 1364 1700 1392 frumento
1713 1367 1742 1392 et

951 1410 1016 1438 vino
1027 1410 1259 1446 suppeditandum
1270 1417 1330 1438 esse
1345 1410 1475 1437 viaticum
1499 1409 1542 1441 iis,
1558 1410 1605 1445 qui
1624 1409 1743 1445 septimo

935 1461 1084 1494 -tempore,
1100 1456 1127 1484 id
1139 1460 1190 1489 est,
1201 1456 1336 1491 spirituali
1352 1456 1481 1489 Sahbato,
1497 1456 1531 1483 ad
1545 1456 1699 1483 libertatem
1709 1463 1742 1483 ex

952 1502 1123 1538 benignitate
1136 1502 1279 1530 Dominica
1292 1506 1435 1529 vocantur.
1455 1502 1543 1537 Atque
1563 1502 1607 1529 lex
1631 1502 1742 1537 quidem

952 1549 1093 1577 hactenus.
1110 1548 1258 1581 Caeterum,
1271 1548 1336 1583 quia
1348 1548 1449 1576 Iudaeis
1457 1556 1514 1583 prae
1525 1548 1651 1576 socordia
1665 1555 1744 1576 resu-

950 1594 1026 1630 pinis
1035 1601 1090 1621 non
1104 1593 1253 1622 admodum
1267 1593 1392 1628 placebat
1403 1594 1462 1621 haec
1474 1593 1600 1621 mandata
1620 1601 1749 1625 servaret.

951 1646 1000 1666 eos
1011 1639 1083 1666 Deus
1095 1642 1214 1671 accusat,
1235 1639 1282 1673 qui
1298 1638 1352 1666 hoc
1372 1638 1464 1666 animo
1480 1642 1590 1666 essent._
1604 1638 1743 1673 Scriptum

951 1688 994 1712 est
1005 1684 1079 1712 enim
1095 1693 1101 1710 :
1126 1693 1135 1710 ι
1150 1684 1261 1711 Factum
1283 1688 1325 1711 est
1344 1685 1458 1712 verbum
1477 1685 1585 1713 Domini
1609 1685 1643 1712 ad
1665 1684 1741 1712 Jere-

952 1730 1036 1757 miam
1047 1749 1054 1762 ,
1067 1729 1162 1757 dicens
1175 1738 1182 1756 :
1196 1729 1242 1757 Sic
1255 1729 1323 1757 dicit
1334 1730 1467 1758 Dominus
1483 1731 1555 1758 Deus
1571 1730 1654 1758 Israel
1667 1739 1673 1757 :
1686 1730 1747 1766 Ego

952 1774 1048 1809 pepegi
1060 1774 1150 1801 foedus
1161 1781 1223 1801 cum
1239 1774 1364 1810 patribus
1375 1775 1485 1807 vestris,
1498 1775 1527 1802 in
1541 1775 1585 1802 die
1595 1783 1649 1810 qua
1659 1775 1742 1802 eduxi

951 1826 1000 1846 eos
1022 1819 1056 1847 de
1068 1823 1141 1847 terra
1163 1818 1282 1855 Egypti,
1304 1820 1339 1848 de
1348 1820 1429 1848 domo
1452 1821 1603 1853 servitutis,
1625 1820 1719 1848 dicens
1733 1829 1745 1849 :.

952 1865 1021 1894 Cum
1038 1866 1167 1901 completi
1188 1866 1291 1894 fuerint
1313 1874 1359 1894 sex
1383 1867 1460 1899 anni,
1486 1867 1609 1894 dimittes
1630 1866 1743 1894 fratrem

952 1916 1031 1940 tuum
1044 1912 1200 1945 Hebraeum,
1213 1913 1294 1948 232
1314 1913 1361 1949 qui
1380 1913 1509 1941 venditus
1532 1913 1616 1941 fuerit
1638 1913 1699 1946 tibi,
1714 1917 1745 1942 et

951 1962 1081 1994 operatus
1092 1958 1177 1986 fuerit
1190 1959 1239 1986 tibi
1252 1967 1299 1987 sex
1311 1967 1406 1991 annos,
1429 1963 1457 1987 et
1478 1959 1601 1987 dimittes
1625 1967 1688 1986 eum
1704 1959 1740 1986 li—

952 2005 1107 2033 berumzet
1117 2005 1328 2033 nonaudierunt
1347 2013 1401 2037 me,
1417 2009 1445 2032 et
1464 2013 1519 2032 non
1538 2005 1743 2032 inclinaverunt

952 2059 1046 2079 aurem
1059 2059 1137 2079 suam
1156 2056 1201 2079 :et
1212 2051 1337 2080 conversi
1366 2055 1431 2079 sunt
1455 2051 1547 2083 hodie,
1571 2055 1601 2078 ut
1619 2051 1743 2079 facerent

953 2102 1059 2125 rectum
1071 2105 1163 2125 coram
1173 2098 1261 2125 oculis
1274 2097 1353 2130 meis,
1370 2102 1400 2124 ut
1412 2100 1542 2125 vocarent
1552 2097 1740 2125 dimissionem

952 2143 1142 2179 unusquisque
1153 2143 1271 2179 proximi
1283 2143 1345 2176 sui;
1370 2147 1398 2170 et
1409 2146 1671 2170 consummaverunt
1691 2149 1740 2176 pa-

953 2192 1028 2215 ctum
1039 2188 1067 2215 in
1079 2192 1228 2223 conspectu
1244 2195 1306 2215 meo
1319 2188 1347 2214 in
1366 2187 1458 2220 domo,
1477 2187 1504 2214 in
1518 2194 1571 2222 qua
1585 2186 1740 2212 invocatum

952 2236 994 2260 est
1006 2241 1107 2260 nomen
1119 2240 1210 2260 meum
1227 2233 1256 2259 in
1273 2233 1332 2267 ipsa
1345 2241 1351 2258 :
1364 2235 1393 2258 et
1404 2230 1529 2258 conversi
1542 2230 1610 2258 estis
1631 2234 1658 2257 et
1674 2237 1740 2264 pro-

953 2279 1067 2306 fanastis
1078 2283 1188 2314 pactum
1199 2286 1300 2311 meum,
1315 2281 1346 2305 ut
1363 2277 1529 2305 revocaretis
1550 2275 1740 2311 unusquisque

953 2332 1062 2352 servum
1079 2332 1170 2357 suum,
1184 2328 1212 2351 et
1223 2323 1411 2358 unusquisque
1421 2322 1549 2349 ancillam
1570 2328 1657 2354 suam,
1670 2328 1740 2356 quos

952 2369 1119 2397 dimiseratis
1131 2369 1233 2396 liberos
1244 2369 1340 2396 animae
1359 2368 1492 2402 ipsorum,
1506 2371 1535 2394 ut
1555 2370 1647 2394 essent
1660 2365 1740 2393 vobis

951 2415 979 2443 in
992 2423 1086 2443 servos
1096 2418 1124 2442 et
1135 2414 1246 2442 ancillas
1259 2414 1278 2441 ⁵.
1291 2424 1299 2440 ι
1324 2413 1407 2441 Vides
1420 2407 1651 2448 quemadmodum
1671 2411 1740 2447 ﬁgu-

951 2469 996 2489 ras
1007 2461 1145 2496 repudiari
1157 2481 1163 2493 ,
1177 2461 1232 2488 imo
1247 2468 1312 2487 vero
1324 2461 1421 2494 ipsam,
1435 2463 1465 2486 ut
1476 2459 1504 2486 in
1518 2457 1625 2486 umbris
1636 2457 1739 2489 adhuc,

951 2507 1096 2534 veritatem
1108 2506 1204 2534 violari
1217 2513 1272 2533 non
1286 2505 1401 2540 patitur?
1417 2514 1426 2530 ι
1441 2503 1638 2539 Ιῐιψωῐιὶιειιὰδ
1658 2511 1738 2531 nam—

951 2560 1005 2586 que
1029 2555 1094 2579 sunt
1107 2551 1178 2579 dona
1196 2551 1245 2578 Dei
1271 2555 1352 2585 atque
1373 2550 1480 2577 voeatio
1493 2550 1514 2581 ',
1530 2558 1540 2574 ι
1565 2549 1737 2583 inscriptum

950 2602 1002 2625 est.
1015 2597 1101 2625 ludari
1114 2602 1217 2630 autem,
1230 2597 1278 2632 qui
1291 2596 1374 2624 semel
1387 2595 1517 2623 dimissos
1540 2595 1719 2622 retrahebant
1728 2615 1735 2626 ,

950 2646 978 2670 et
990 2642 1042 2670 sub
1053 2642 1191 2670 servitutis
1201 2642 1295 2678 iugum
1308 2641 1398 2669 denuo
1417 2639 1589 2675 subigebant,
1603 2639 1676 2666 illam
1688 2639 1737 2665 i‘m-

949 2688 1140 2724 pmnitentiam
1162 2695 1219 2716 non
1240 2691 1430 2719 servaverunt,
1449 2687 1484 2715 ob
1497 2693 1613 2722 eamque
1623 2688 1737 2714 'causam

950 2735 1134 2767 oﬂenderunt,
1146 2743 1208 2762 cum
1219 2735 1280 2770 ejus
1291 2735 1412 2771 mysterii
1426 2734 1493 2767 vim,
1507 2733 1633 2769 quamvis
1647 2732 1738 2763 adhuc

949 2781 977 2808 in
989 2780 1082 2816 ﬁguris
1098 2784 1181 2814 esset,
1200 2781 1437 2816 contempsissent.

110 2823 232 2857 δουλείας
258 2822 337 2857 αὖθις
366 2823 547 2861 ὑποφέροντες
573 2827 674 2861 ζυγοῖς,
707 2827 737 2854 τὸ
766 2827 973 2864 ἀμεταμέλητον
1000 2827 1030 2854 οὐ
1056 2827 1242 2863 τετηρήκασι.
1272 2827 1514 2863 προηεκροὺκασί
1535 2835 1564 2854 τε
1591 2825 1634 2853 διὰ
1656 2824 1736 2853 τοῦτο

146 2912 154 2928 ⁸
168 2911 257 2941 Exod.
270 2921 325 2946 xu,
342 2913 367 2941 1.
402 2914 411 2929 ¹
424 2913 508 2942 Exod.
524 2921 564 2947 ιιι,
575 2915 618 2942 21.
648 2915 658 2932 ³
670 2915 722 2943 Tit.
738 2923 776 2947 ιιι,
791 2917 898 2951 passim.

962 2917 1063 2945 ,ἰοί-ειη.
1074 2924 1163 2949 nm,
1174 2916 1266 2945 15-16.
1301 2916 1311 2933 ⁸
1322 2916 1401 2945 Rom.
1416 2925 1455 2950 χι,
1475 2917 1520 2944 29.
