1939 3041
223 194 277 223 503

738 192 766 220 S.
787 194 926 222 CYRILLI
944 194 1178 224 ALEXANDRINI
1199 193 1355 223 ARClllEP.

222 252 270 278 τοῦ
288 251 439 287 μυστηρίου
472 250 521 286 τὴν
537 251 662 286 δύναμιν,
696 251 878 287 ἀθετήσαντές
910 262 938 279 τε
955 254 1002 280 καὶ
1033 254 1224 290 ἀτιμάσαντες,
1239 255 1262 280 εἰ
1276 254 1322 280 καὶ
1335 251 1368 289 ἦν
1383 253 1411 280 ὲν
1423 253 1517 284 τύποις
1533 252 1573 279 ἔτι

257 310 357 337 PALL.
375 309 537 336 Rectissime
549 313 591 350 est
603 317 618 336 a
630 312 656 337 te
670 309 785 338 dictum.

253 355 332 383 CYR.
355 354 502 383 Justifieari
526 363 576 382 nos
599 359 690 382 autem
719 357 812 391 gratis,
833 365 883 392 per
894 358 1010 393 gratiam

219 410 280 437 qua:
308 406 350 428 est
381 401 408 428 in
432 401 559 432 Christo,
581 402 739 437 nullamque
762 410 811 437 pro
844 408 936 430 nostra
955 404 1011 431 vita

219 447 463 475 commutationem
480 455 512 474 ac
523 447 642 482 pretium
662 448 772 480 afferre,
786 456 876 483 neque
896 449 1010 484 gloriam

217 493 355 521 libertatis
373 501 477 524 emere,
490 493 537 520 sed
551 501 609 521 rem
621 498 724 521 tantam
744 494 912 528 benignitate
928 499 1011 530 atque

199 549 206 553 ί
217 540 364 567 clementia
376 540 483 566 Domini
497 540 610 572 lucrari,
625 540 811 575 prmﬁguravit
823 541 850 567 in
875 541 1010 569 Deutero-

216 586 320 617 nomio,
333 585 449 612 dicens:
470 595 479 611 ι
497 585 618 621 Septimo
636 594 746 621 quoque
769 594 842 613 anno
863 586 946 614 facies
965 594 1010 615 re-

217 631 385 658 missionem.
401 631 446 659 Sic
459 639 524 659 vero
543 632 625 659 habet
638 637 803 667 praeceptum
817 633 991 661 remissionis
1003 643 1008 659 :

216 677 344 704 Dimittes
355 684 436 704 omne
463 677 587 705 debitum
609 677 761 712 proprium,
774 677 848 711 quod
865 677 948 705 debet
961 678 1010 704 tibi

215 722 359 757 proximus
375 726 448 755 tuus,
476 727 504 749 et
519 730 535 749 a
555 722 638 749 fratre
660 727 706 750 tuo
728 730 784 750 non
807 728 926 758 repetes,
947 723 1010 758 quia

215 769 319 796 indicta
330 772 373 796 est
392 769 522 796 remissio
532 769 648 796 Domino
661 770 717 796 Deo
739 773 796 801 tuo,
817 769 851 796 ab
865 769 954 796 alieno
966 777 1011 796 re-

216 818 293 850 petes
314 814 499 850 quodcunque
524 815 608 842 fueri't
634 815 685 842 tibi
707 815 780 850 apud
799 815 889 850 ipsum
908 823 919 841 τ
932 815 1011 842 fratri

216 868 282 887 Vero
295 865 342 888 tuo
359 861 551 888 remissionem
579 861 663 888 facies
678 861 739 896 ejus
762 860 895 896 pecuniae,
927 868 1009 896 quam

215 905 267 933 tibi
280 905 373 939 debet,
385 907 449 942 quia
463 914 518 934 non
530 907 582 934 erit
603 906 675 941 apud
690 911 716 933 te
732 914 832 942 egens;
851 907 915 941 quia
926 906 1011 934 bene-

218 951 314 979 dicens
327 951 472 979 benedicet
497 951 546 978 tibi
568 951 699 978 Dominus
709 951 782 978 Deus
797 955 859 978 tuus
877 951 904 978 in
924 955 1007 983 terra,

1025 318 1047 345 Α
1099 313 1202 339 ΠΛΆΑ.
1231 311 1468 348 Ὀροόταταὲφης.

1099 358 1181 384 ΚΥΡ.
1202 357 1385 392 Δικαιούμεθα
1399 357 1427 383 δὲ
1441 357 1482 384 ὅτι
1496 356 1598 392 δωρεὰν
1614 357 1657 384 διὰ
1671 356 1783 393 χάριτος
1804 356 1853 387 τῆς

1063 405 1092 430 ὲν
1108 402 1227 438 Χριστῷ,
1241 404 1290 438 τῆς
1305 402 1406 429 ἑαυτῶν
1421 403 1494 438 ζωῆς
1510 403 1686 438 ἀντάλλαγμα
1701 409 1852 438 προσενεγ-

1064 450 1155 481 κόντες
1186 449 1272 481 οὐδὲν,
1313 448 1370 475 ἀλλ’
1391 449 1451 475 οὐδὲ
1471 449 1520 484 τὴν
1545 449 1594 484 τῆς
1623 448 1780 484 ἐλευθερίας
1809 449 1855 474 ὲκ-

1065 495 1209 530 πριάμενοι
1234 494 1323 526 δόξαν,
1351 494 1501 530 ήμερότητι
1531 495 1560 520 δὲ
1584 495 1631 521 καὶ
1662 493 1855 529 φιλανθρωπίᾳ

1062 539 1212 573 Δεσποτικῇ
1226 538 1256 563 τὸ
1278 538 1369 573 χρῆμα
1389 538 1583 572 κερδαίνοντες,
1603 538 1742 565 ὑπετύπου
1765 537 1854 570 λέγων

1062 584 1091 610 ἐν
1115 583 1154 618 τῷ
1183 581 1405 619 Δευτερονομίῳ·
1433 593 1442 609 ί
1474 584 1512 610 Δι’
1531 583 1601 610 ἑπτὰ
1631 583 1699 610 ἑτῶν
1727 583 1854 618 ποιήσεις

1062 629 1169 663 ἄφεσιν.
1197 629 1251 656 Καὶ
1278 629 1364 661 οὕτως
1396 629 1426 656 τὸ
1448 629 1612 666 πρόσταγμα
1640 630 1689 664 τῆς
1714 629 1852 663 ἀφέσεως,

1062 675 1176 710 ἀφήσεις
1189 677 1243 702 πᾶν
1258 675 1337 711 χρέος
1350 676 1425 707 ἴδιον,
1442 676 1456 702 ὂ
1471 676 1572 710 ὀφείλει
1589 684 1630 702 σοι
1641 674 1777 710 ὁπλησίον
1793 683 1852 705 σου,

1062 722 1108 747 καί
1118 721 1163 748 τὸν
1178 721 1292 756 ἀδελφόν
1307 729 1354 747 σου
1366 722 1416 748 οὐκ
1430 721 1594 756 ἀπαιτήσεις
1609 721 1623 747 ὃ
1638 721 1684 747 ἐὰν
1731 729 1772 747 σοι
1787 720 1853 756 παρ’

1061 766 1152 802 αὐτῷ·
1169 766 1207 802 τῷ
1222 767 1250 793 δὲ
1267 766 1374 803 ἀδελφῷ
1388 776 1434 794 σου
1449 767 1545 802 ἄφεσιν
1557 768 1679 802 ποιήσεις
1689 766 1735 793 τοῦ
1753 766 1853 802 χρέους

1063 821 1120 844 σου,
1133 814 1174 840 ὅτι
1188 814 1239 840 οὐκ
1252 813 1328 840 ἔσται
1345 814 1373 840 ὲν
1389 813 1430 840 σοὶ
1447 813 1555 845 ἐνδεής·
1573 814 1614 840 ὅτι
1632 813 1751 847 εὐλογῶν
1777 812 1854 839 εἰιλοο

1061 860 1141 895 γήσει
1162 868 1191 886 σε
1213 860 1314 895 Κύριος
1332 860 1346 886 ὁ
1360 859 1427 891 Θεός
1445 867 1503 892 σου,
1521 860 1549 886 ὲν
1568 861 1600 895 τῇ
1622 861 1668 895 γῇ,
1721 859 1824 894 Κύριος
1839 861 1854 886 (ι

1061 905 1127 938 Θεός
1147 914 1194 932 σου
1219 905 1311 932 δίδωσί
1334 914 1375 932 σοι
1403 907 1432 932 ὲν
1457 905 1549 941 κλήρῳ
1573 905 1852 942 κατακληρονομῆσαι

1061 952 1156 987 αὑτήν.
1178 961 1189 977 ι
1211 952 1291 988 ὀρᾶς
1314 952 1550 988 διαστράπττουσαν
1573 954 1602 979 ὲν
1617 954 1678 984 ταῖς
1698 954 1787 984 σκιαῖς
1802 952 1852 987 τὴν

215 1004 297 1032 quam
321 997 454 1024 Dominus
480 997 553 1024 D'eus
572 1001 636 1024 tuus
656 997 701 1024 dat
718 996 778 1029 tibi,
798 1001 828 1023 ut
850 997 1009 1025 hereditate

1063 997 1207 1034 ἀλήθειαν;
1223 998 1432 1034 -Ὲναργέστατα
1446 998 1500 1033 γὰρ
1510 997 1557 1025 τοῦ
1570 998 1696 1034 Σωτῆρος
1708 998 1787 1033 ἡμῶν
1801 997 1852 1034 τὴν

215 1041 355 1077 possideas
368 1050 429 1070 eam
441 1043 472 1070 ν,
490 1053 499 1068 ι
515 1042 596 1071 Vides
607 1042 710 1078 fulgere
727 1042 799 1070 inter
812 1042 923 1070 umbras
938 1043 1010 1070 veri-

216 1088 318 1115 tatem?
351 1088 382 1115 Id
406 1089 479 1116 enim
504 1096 613 1124 quoque
633 1088 839 1116 evidentissimc
861 1088 1009 1116 Salvatoris

215 1134 304 1161 nostri
327 1134 578 1169 gubernationem,
598 1142 652 1169 qua
677 1142 726 1161 nos
748 1134 828 1170 regit,
864 1134 1009 1162 ostendere

215 1183 314 1214 potest.
328 1180 397 1206 Nam
406 1180 453 1215 qui
470 1187 520 1215 per
538 1179 619 1207 fidem
632 1187 718 1215 prope
730 1179 806 1206 illum
821 1184 1008 1212 accesserunt,

215 1229 253 1258 et,
268 1231 398 1261 percepto
410 1225 515 1261 Spiritu
531 1230 626 1253 sancto
638 1233 670 1253 ac
686 1230 791 1252 natura:
816 1224 916 1252 divina:
940 1231 1008 1252 con-

216 1272 313 1304 sortio,
325 1271 469 1299 domestici
483 1271 537 1306 jam
553 1275 581 1298 et
594 1270 692 1298 fratres
704 1271 767 1303 facti
783 1274 858 1302 sunt,
872 1269 906 1296 iis
917 1269 1009 1298 debita

216 1316 392 1350 condonavit,
403 1325 466 1345 cum
486 1317 555 1344 nihil
578 1317 793 1352 persolvissent;
822 1323 912 1351 neque
935 1316 1009 1343 enim

216 1365 252 1393 ab
266 1365 321 1393 illis
334 1364 561 1401 transgressionis
573 1371 668 1399 pmnas
681 1363 760 1398 233
772 1362 892 1397 repetiit,
912 1369 1009 1398 quam-

216 1411 259 1438 vis
275 1414 406 1438 anteactae
419 1410 481 1437 vitaa
492 1408 646 1436 rationibus
659 1407 809 1434 reddendis
822 1411 914 1434 essent
925 1406 1010 1434 astri-

217 1457 252 1484 cti
269 1456 336 1491 :qui
349 1463 416 1483 vero
428 1460 542 1491 propter
560 1453 750 1482 inﬁdelitatem
765 1452 888 1488 ipsorum
913 1451 1019 1487 ρει-πῶν

217 1502 320 1529 ciosam
336 1501 432 1529 adhuc
445 1501 528 1529 alieni
549 1504 639 1533 erant,
661 1507 693 1527 ac
715 1498 1010 1534 propemodum-etiam

217 1548 388 1584 alienigenas,
401 1552 429 1575 et
437 1554 519 1582 quam
528 1545 686 1582 longissime
695 1545 730 1572 ab
742 1545 803 1580 ejus
815 1544 1010 1580 conjunctione

217 1594 328 1628 remoti,
339 1601 387 1622 eos
396 1593 498 1621 debitis
509 1591 697 1628 persolvendis
708 1590 844 1627 obligatos
855 1589 1008 1622 constituit,

217 1645 256 1674 et,
265 1645 296 1668 ut
309 1641 356 1676 qui
367 1640 472 1676 peccati
489 1639 611 1667 maculas
621 1638 744 1666 nondum
756 1637 898 1670 eluissent,
910 1637 1010 1664 merito

217 1685 308 1721 pomis
319 1689 348 1712 et
363 1682 624 1720 suppliciisluendis
637 1682 772 1709 obnoxios
782 1681 848 1710 fecit
867 1689 873 1707 :
892 1681 1010 1716 ideoque

219 1729 413 1763 alloquebatur
429 1737 488 1762 eos,
505 1728 551 1763 qui
566 1727 745 1756 crediderant
761 1735 767 1752 :
788 1736 798 1751 ε
822 1725 851 1753 Si
869 1732 917 1753 vos
933 1733 1012 1752 man-

219 1776 310 1803 seritis
325 1775 352 1802 in
367 1782 494 1802 sermone
511 1781 583 1806 meo,
605 1781 671 1801 vere
690 1771 818 1807 discipuli
839 1771 894 1799 mei
921 1771 1009 1805 eritis,

218 1825 246 1848 et
259 1821 429 1856 cognoscetis
442 1820 597 1852 veritatem,
610 1822 638 1846 et
647 1818 750 1846 veritas
758 1818 888 1845 liberabit
899 1824 947 1844 vos
956 1817 966 1833 '
977 1825 984 1844 :
997 1826 1006 1842 ι

220 1868 254 1895 iis
265 1872 371 1899 contra,
385 1866 533 1901 quiveram
547 1869 629 1900 atque
642 1863 827 1899 evangelicam
836 1863 1010 1898 disciplinam

220 1913 445 1944 contemnebant,
457 1911 567 1939 dicebat
578 1920 589 1937 ε·
607 1921 616 1936 ε
632 1911 730 1943 Amen,
745 1917 825 1937 amen
837 1909 898 1936 dico
920 1908 1009 1940 vobis,

221 1959 273 1987 nisi
290 1958 466 1987 credideritis
483 1957 547 1992 quia
565 1964 616 1992 ego
641 1964 712 1988 sum,
734 1956 762 1982 in
780 1955 901 1990 peccatis
912 1954 1011 1982 vestris

220 2003 419 2032 moriemini".
437 2014 446 2029 ι
457 2002 588 2037 intelligis
606 2001 689 2037 igitur
716 1999 946 2036 quemadmodum
963 2007 1010 2026 eos

221 2051 343 2087 quidem,
356 2050 403 2085 qui
415 2048 448 2077 eti
459 2048 512 2077 fide
528 2048 579 2076 sibi
596 2047 737 2083 conjuncti
745 2049 848 2078 essent,
864 2053 893 2072 se
907 2044 1010 2089 liberos

221 2097 400 2124 dimissurum
421 2095 580 2131 pollicetur;
593 2093 698 2120 alienos
713 2095 810 2119 contra
825 2095 853 2119 et
864 2094 1010 2118 extraneos

221 2143 250 2170 in
261 2141 369 2170 delictis
387 2144 514 2168 mortuos
535 2137 748 2174 amrmatjudici
763 2144 876 2165 suorum
896 2135 1009 2163 delicto-

221 2196 281 2216 rum
297 2195 392 2224 poenas
403 2185 537 2214 daturos?

256 2245 357 2279 PALL.
371 2245 472 2272 Verum
487 2246 543 2270 est-

255 2293 333 2321 CYR.
352 2292 498 2327 Eleganter
526 2293 617 2317 autem
637 2288 791 2324 voluptates
811 2287 898 2315 futuri
916 2287 1008 2315 saeculi

221 2344 339 2371 sanctas,
355 2342 437 2372 atque
452 2336 604 2364 caelestium
622 2335 755 2363 bonorum
768 2334 1007 2370 participationem

221 2385 334 2414 Sabbati
345 2385 433 2412 otium
450 2383 584 2419 designat.

256 2441 360 2470 PALL.’
370 2441 485 2476 Explica
501 2440 570 2467 mibi
588 2439 680 2475 igitur,
706 2447 761 2474 quo
781 2438 891 2466 tandem
908 2438 1007 2470 modo;

221 2488 249 2516 id
261 2487 334 2515 enim
346 2494 415 2514 aveo
427 2486 541 2513 discere.

255 2533 333 2561 CYR.
347 2530 682 2567 Equidemlibentissime:
692 2529 786 2564 psallit
795 2528 869 2556 enim
876 2527 1006 2555 nimirum

221 2579 321 2607 beatus
332 2578 418 2606 David
428 2578 462 2606 de
477 2577 540 2605 filiis
551 2577 646 2609 Israel,
664 2580 692 2603 et
703 2576 774 2607 Deo,
792 2574 838 2609 qui
853 2573 944 2601 omnia
955 2581 1006 2608 po-

223 2627 286 2657 test,
297 2624 412 2659 loquens
428 2632 435 2650 :
455 2633 464 2649 ι
479 2623 581 2650 Panem
591 2621 654 2649 caeli
668 2620 746 2647 dedit
758 2619 800 2647 eis
814 2627 821 2645 :
835 2626 939 2654 panem.
954 2626 1006 2645 an-

221 2668 345 2704 gelorum
356 2667 530 2696 manducavit
541 2667 624 2694 homo
632 2666 642 2681 ⁷
653 2674 660 2692 :
674 2674 682 2690 ι
694 2664 898 2698 Quibusverbis
906 2671 1006 2692 manna

221 2714 368 2749 appellavit
378 2713 440 2741 σωιὶ
451 2717 479 2740 et
485 2712 646 2747 angelorum
653 2710 756 2742 cibum,
770 2714 801 2736 ut
808 2710 929 2736 animum
935 2709 1008 2737 ultra

223 2761 281 2788 haec
288 2759 428 2788 sensibilia
440 2766 472 2785 ac
484 2757 603 2785 visibilia
620 2756 804 2788 intendentes,
828 2755 902 2783 illam
923 2756 1007 2791 spiri-

222 2806 323 2834 tualem
342 2812 376 2832 ac
392 2803 512 2832 divinam
536 2802 818 2831 subministrationem
842 2801 1009 2836 contemple-

259 2907 280 2923 “
297 2906 376 2934 Deut.
392 2905 502 2939 νηί-5.
538 2907 548 2922 ⁸
560 2907 636 2935 Joan.
651 2915 707 2940 vm,
721 2907 765 2939 51,
780 2907 826 2934 52.

1059 1045 1100 1076 εἰς
1118 1045 1192 1079 ἡμᾶς
1204 1043 1359 1079 οἰκονομίαν
1373 1044 1561 1080 παραδείξειεν
1578 1044 1612 1071 ἂν
1630 1045 1677 1071 καὶ
1693 1044 1764 1071 τόδε.
1780 1043 1851 1076 Τοὺς

1061 1090 1110 1125 μὲν
1135 1089 1190 1126 γὰρ
1209 1089 1294 1125 ἀγχοῦ
1316 1090 1461 1124 γεγονότας
1479 1090 1553 1125 αὐτῷ
1575 1090 1618 1117 διὰ
1641 1089 1689 1125 τῆς
1719 1090 1850 1121 πίστεως.

1040 1146 1043 1147 ν
1060 1134 1179 1166 οἰκείους
1201 1142 1230 1161 τε
1251 1135 1301 1170 ήδη
1314 1135 1363 1161 καὶ
1384 1134 1517 1169 ἀδελφοὺς
1537 1134 1789 1169 ἁναδεδειγμὲνους,
1808 1134 1852 1161 διὰ

1059 1179 1106 1206 τοῦ
1130 1179 1292 1215 μεταλαχεῖν
1311 1179 1390 1214 ἁγίου
1409 1179 1579 1215 Πνεύματος,
1598 1180 1673 1212 θείας
1693 1187 1724 1206 τε
1741 1179 1851 1214 φύσεως

1060 1225 1188 1260 γενέσθαι
1201 1225 1358 1258 κοινωνοὺς,
1372 1225 1537 1260 ὀφλημάτων
1549 1226 1659 1260 ἀνῆκεν,
1675 1226 1851 1257 ἑκτετικότας

1060 1271 1152 1298 οὐδέν·
1165 1271 1196 1298 οὐ
1211 1271 1265 1306 γὰρ
1286 1271 1404 1307 ἐζήτησε
1422 1272 1488 1307 παρ’
1509 1271 1600 1298 αὐτῶν
1621 1271 1669 1302 τὰς
1692 1272 1742 1307 τῆς
1762 1280 1852 1307 παρα-

1060 1316 1167 1348 ϐάσεως
1189 1317 1279 1351 δίκας,
1293 1317 1382 1344 καίτοι
1406 1317 1470 1349 τοὺς
1484 1316 1579 1351 λόγους
1593 1317 1647 1343 τῶν
1661 1316 1737 1352 σφίσι
1752 1316 1850 1352 βεϐιω-

1061 1363 1150 1399 μένων
1177 1363 1376 1399 ὲπωφληκότας
1394 1362 1485 1398 αὐτῷ·
1497 1363 1560 1394 τοὺς
1579 1363 1609 1390 δὲ
1627 1363 1784 1398 ἀλλοτρίους
1799 1362 1851 1395 ἔτι,

1062 1409 1205 1445 μονονουχὶ
1218 1409 1246 1435 δὲ
1263 1409 1310 1436 καὶ
1323 1409 1486 1443 ἀλλογενετς,
1500 1408 1544 1435 διὰ
1557 1408 1606 1444 τὴν
1622 1408 1743 1442 ὀλέθριον
1761 1408 1851 1435 αὐτῶν

1060 1455 1199 1488 ἀπιστίαν,
1219 1455 1268 1483 καὶ
1280 1455 1319 1487 ὸς
1334 1455 1470 1482 ἀπωτάτω
1487 1455 1632 1489 γεγονότας
1650 1455 1699 1490 τῆς
1716 1454 1756 1486 εἰς
1769 1454 1855 1481 αὐτόν

1059 1501 1235 1536 οἰκειότητος,
1262 1496 1371 1535 ἐνόχους
1394 1499 1544 1535 κατέστησε
1563 1500 1621 1532 τοϊς
1640 1499 1789 1535 ὀφλήμασι,
1804 1502 1853 1526 καὶ

1058 1547 1098 1580 ὡς
1112 1546 1296 1575 tvm-:6th
1306 1546 1418 1582 ἔχοντας
1431 1545 1471 1573 ἔτι
1484 1545 1533 1582 τὴν
1545 1545 1693 1581 ἁμαρτίαν,
1707 1544 1852 1580 ὑπόχρεώς

1059 1601 1090 1620 τε
1103 1594 1136 1629 τῇ
1151 1592 1214 1630 δίκῃ
1235 1593 1282 1620 καὶ
1302 1592 1342 1628 τῷ
1361 1591 1524 1624 κολάζεσθαι
1548 1592 1603 1618 δεῖν
1621 1591 1735 1623 εἰκότως
1757 1591 1852 1627 εἰργά-

1062 1646 1137 1666 σατο’
1155 1639 1203 1666 καὶ
1215 1638 1281 1673 γοῦν
1296 1638 1467 1675 προσεφώνει
1482 1638 1531 1674 μὲν
1547 1639 1605 1670 τοῖς
1620 1637 1833 1665 πεπιστευκόσιν
1842 1644 1850 1652 ·

1023 1693 1045 1723 c
1063 1693 1073 1710 ι
1098 1683 1162 1711 Ἐὰν
1184 1684 1263 1719 ὑμεῖς
1287 1684 1398 1719 μείνητε
1412 1684 1442 1711 ἒν
1464 1683 1504 1720 τῷ
1525 1684 1597 1718 λόγῳ
1614 1683 1654 1718 τῷ
1676 1682 1746 1718 εμῷ,
1766 1682 1852 1714 ὅντως

1063 1728 1181 1764 μαθηταί
1198 1727 1249 1763 μού
1265 1728 1336 1760 ἐστε,
1353 1728 1402 1754 καὶ
1417 1726 1556 1761 γνώσεσθε
1576 1726 1626 1762 τὴν
1647 1725 1788 1762 ἀλήθειαν,
1804 1725 1852 1752 καὶ

1061 1775 1078 1810 ή
1095 1774 1209 1810 ἀλήθεια
1223 1772 1401 1809 ἐλευθερώσει
1418 1773 1501 1808 ὑμᾶς.
1520 1782 1530 1798 ι
1560 1772 1622 1803 Τοῖς
1645 1771 1674 1798 δὲ
1690 1772 1739 1807 τὴν
1761 1771 1853 1807 ἀληθῆ

1062 1820 1110 1847 καὶ
1131 1819 1311 1855 εὐαγγελικὴν
1339 1818 1503 1854 ἀτιμάζουσι
1518 1817 1676 1850 παίδευσιν,
1715 1826 1725 1844 t
1749 1817 1850 1853 Ἀμὴν,

1061 1866 1146 1901 ἀμὴν,
1164 1865 1236 1900 λέγω
1252 1865 1325 1900 ὑμῖν,
1346 1865 1394 1892 ἐὰν
1410 1864 1448 1900 μὴ
1469 1863 1634 1900 πιστεύσητε
1647 1864 1687 1890 ὅτι
1706 1863 1762 1898 ἐγώ
1778 1865 1848 1899 εἰμι,

1060 1913 1089 1939 ὲν
1101 1913 1160 1944 ταῖς
1175 1911 1324 1948 ἁμαρτίαις
1349 1910 1427 1946 ὑμῶν
1444 1910 1630 1938 ἀποθανεῖσθε.
1648 1919 1658 1935 ι
1685 1909 1782 1945 Συνίης
1803 1907 1854 1936 οὖν

1060 1958 1112 1990 ὅτι,
1126 1958 1189 1989 τοὺς
1205 1957 1255 1992 μὲν
1270 1957 1340 1984 κατὰ
1353 1957 1444 1984 πίστιν
1460 1957 1589 1988 οἰκείους,
1608 1955 1676 1992 πρὸς
1690 1954 1850 1991 ἐλευθερίαν

1060 2004 1171 2040 ἀνήσειν
1187 2003 1395 2038 ἐπαγγέλλεται,
1422 2003 1485 2035 τοὺς
1510 2003 1539 2029 δὲ
1559 2002 1716 2038 ἀλλοτρίους
1738 2001 1779 2028 ἔτι
1801 2002 1850 2028 καὶ

1061 2049 1162 2083 ξένους,
1178 2048 1360 2080 ὲντεθνεῶτας
1373 2049 1429 2080 τοῖς
1444 2048 1620 2084 πταίσμασιν,
1636 2048 1777 2074 ἀποτίσειν
1795 2046 1848 2082 ἔφη

1059 2095 1099 2131 τῷ
1110 2097 1190 2131 κριτῇ
1206 2095 1261 2122 τῶν
1277 2095 1349 2122 ἰδίων
1365 2094 1616 2130 πλημμελημάτων·
1624 2093 1686 2125 τοὺς
1698 2093 1812 2128 λόγουςς

1095 2240 1198 2267 ΠΛΛΛ.
1218 2239 1338 2276 Ἀληθές.

1094 2287 1177 2313 ΚΥῬ.
1193 2287 1343 2322 Διαμορφοί
1354 2286 1381 2313 δὲ
1394 2286 1509 2318 ἀστείως
1526 2285 1572 2313 καὶ
1588 2285 1636 2321 τὴν
1650 2285 1689 2317 εἰς
1703 2284 1790 2311 αἰῶνα
1803 2283 1848 2310 τὸν

1061 2332 1191 2368 μέλλοντα
1207 2332 1312 2368 τρυφὴν
1327 2332 1482 2368 ἁγιοπρεπῆ
1492 2352 1499 2364 ,
1516 2332 1564 2359 καὶ
1579 2332 1629 2368 τὴν
1647 2331 1700 2358 τῶν
1715 2331 1849 2367 οὐρανίων

1023 2375 1045 2404 Ι)
1061 2377 1170 2414 μέθεξιν
1183 2378 1293 2412 ἀγαθῶν
1307 2379 1324 2413 ή
1338 2377 1409 2404 κατὰ
1422 2378 1452 2404 τὸ
1469 2377 1607 2405 Σάϐϐατον
1623 2377 1717 2413 ἀργία.

1096 2435 1198 2462 ΠΔΛΛ.
1213 2435 1320 2470 Φράσον
1334 2434 1367 2462 ἂν
1381 2435 1455 2466 ὅπως
1470 2434 1588 2461 συνιέναι
1601 2433 1705 2461 Θέλοντί
1721 2441 1778 2468 μοι.

1095 2523 1177 2550 ΚΥΡ.
1193 2522 1249 2549 Καὶ
1263 2522 1347 2557 μάλα.
1360 2522 1464 2550 1Ψάλλει
1480 2521 1536 2557 γάρ
1549 2529 1601 2548 που
1616 2520 1702 2555 λέγων
1715 2520 1730 2546 ό
1749 2520 1849 2547 θεσπι-

1060 2578 1116 2601 σιος
1138 2568 1221 2596 Δαϐὶδ
1236 2569 1301 2604 περὶ
1314 2568 1369 2596 τῶν
1394 2568 1460 2595 υἱῶν
1491 2567 1599 2603 Ἰσραὴλ
1609 2587 1617 2601 ,
1631 2567 1679 2594 καὶ
1697 2566 1744 2593 τοῦ
1760 2566 1850 2594 πάντα

1057 2615 1197 2651 ἰσχύοντος
1217 2614 1303 2641 Θεοῦο
1321 2623 1331 2640 ι
1357 2614 1456 2650 ’Ἄρτον
1478 2613 1591 2650 οὐρανοῦ
1615 2612 1716 2639 ἔδωκεν
1738 2611 1848 2643 αὐτοῖς’

1058 2663 1140 2698 ἄρτον
1154 2661 1279 2696 ἀγγέλων
1293 2661 1395 2696 ἔφαγεν
1405 2659 1559 2696 ἄνθρωπος,
1577 2668 1587 2685 )
1603 2658 1634 2685 τὸ
1649 2658 1738 2694 μάννα
1751 2657 1848 2691 λέγων,

1058 2707 1172 2745 οὐρανοῦ
1191 2707 1238 2734 καὶ
1251 2707 1376 2742 ἀγγέλων
1389 2706 1508 2742 τροφὴν,
1530 2705 1574 2732 ἵνα
1594 2704 1649 2731 τῶν
1663 2702 1802 2738 αἰσθητῶν
1818 2710 1848 2728 τε

1058 2755 1105 2782 καὶ
1128 2753 1235 2791 ὁρατῶν
1260 2753 1306 2780 τὸν
1329 2754 1428 2780 οἰκεῖον
1451 2752 1537 2784 ἱέντες
1559 2751 1687 2778 ἐπέκεινα
1703 2749 1778 2783 νοῦν,
1801 2748 1849 2784 τὴν

1059 2799 1246 2835 πνευματικὴν
1263 2799 1310 2829 καὶ
1329 2798 1404 2825 θείαν
1427 2795 1683 2833 κατασκεπτώμεθα
1704 2795 1849 2831 χορηγίαν,

881 2905 980 2934 "ibid.
997 2905 1042 2932 2.1.
1073 2904 1082 2920 ⁷
1096 2904 1166 2931 Psal.
1181 2911 1280 2936 Lxxvlt,
1293 2903 1338 2936 9.5,
1355 2903 1399 2930 εδ.
