1939 3041
217 205 265 233 5H

732 205 760 234 S.
781 205 920 234 CYRILLI
940 203 1176 232 ALEXANDRINI
1196 203 1354 232 ARClllEP.

1803 206 1857 235 Si!

217 273 330 302 prorsus
341 263 446 292 aliena:
463 261 592 291 videntur
603 264 676 291 enim
693 262 896 299 quodammodo
917 263 952 290 ab
972 270 999 290 ea

1055 263 1068 288 ὁ
1088 261 1179 296 λόγος’
1194 262 1264 288 ἔοικε
1277 263 1330 298 γάρ
1343 271 1400 295 πως
1411 263 1460 298 τῆς
1476 264 1516 295 είς
1531 264 1628 298 γονέας
1641 264 1732 296 αἰδοῦς
1747 265 1857 292 ἀποκο-

217 311 389 343 reverentia,
412 317 473 346 quae
499 309 661 345 parentibus
683 309 818 342 debetur,
842 317 892 337 nos
915 309 1005 337 abdu—

216 365 278 385 cere
283 377 289 383 .

249 402 328 430 CYR.
342 401 432 437 Apage
444 402 478 429 ab
491 402 542 429 ista
555 402 721 437 suspicione,
734 402 848 434 Palladi,
861 408 889 430 et
901 402 1003 430 intelli-

214 448 304 483 gentia
314 452 376 483 tam_
379 455 508 483 perversa
523 457 529 475 ε
543 455 632 483 neque
646 449 720 475 enim
740 447 889 475 Salvatoris
916 450 1004 476 nostri

214 493 298 521 verba
314 502 329 521 a
356 480 524 522 'reverentia
557 494 585 521 in
610 499 739 529 parentes
774 494 932 526 abducunt,
955 495 1002 522 sed

215 538 299 571 illam,
317 548 377 575 quae
392 540 447 575 Deo
460 539 617 572 exhibetur,
630 540 813 575 antiquiorem
824 548 855 568 ac
874 547 1005 576 praestan-

215 585 313 612 tiorem
326 586 427 613 habere
440 586 549 613 docent.
562 586 591 614 Id
606 586 679 621 quod
702 587 784 614 etiam
805 587 941 622 superiori
952 594 1003 615 no—

214 635 269 659 stra
282 631 405 660 oratione
429 633 579 668 perfectum
602 637 654 665 est,
672 641 734 661 cum
754 633 828 660 illam
852 633 1003 668 proximam

214 682 295 712 atque
311 679 458 706 secundam
471 679 505 706 ab
513 687 556 711 ea,
571 687 631 714 quae
642 679 699 707 Deo
713 683 756 706 est
767 678 904 711 habenda,
924 679 1002 706 iden-

215 723 298 750 tidem
317 723 491 757 diceremus;
513 724 587 759 quod
610 732 675 752 sane
696 724 779 752 etiam
800 724 858 759 ipse
877 723 1004 752 Christus

213 770 342 802 servavit,
363 777 425 797 cum
452 777 540 805 neque
560 769 587 797 id
608 777 658 804 pro
680 770 797 797 crimine
821 770 948 805 ascripsit
970 770 1004 798 iis

213 814 259 851 qui
278 818 406 851 parentes
417 815 572 851 diligerent,
587 823 676 852 neque
691 816 804 844 omnino
825 815 946 851 culpavit
955 821 1003 844 aut

212 863 352 890 accusavit
361 870 418 895 eos,
432 863 478 898 qui
493 863 588 890 iisdem
598 863 730 890 honorem
743 867 841 898 sponte
851 862 1002 896 deferrent,

213 909 260 937 sed
275 910 394 937 humana
408 910 500 937 omnia
528 914 589 945 post
602 910 688 936 Deum
711 909 836 937 habenda
856 917 916 938 esse
937 917 1004 937 con-

1060 307 1149 342 μίζειν
1163 308 1247 342 ἡμᾶς.

1094 393 1175 420 ΚΥΡ.
1195 394 1302 428 ’Λπαγε
1321 394 1371 429 τῆς
1393 395 1535 428 ὑπονοίας,
1563 395 1700 432 ἄνθρωπε,
1724 397 1774 424 καὶ
1799 397 1858 425 τῶν

1058 438 1130 465 οὕτω
1144 439 1395 475 κεκιϐδηλευμένων
1409 441 1534 468 ἑννοιῶνί
1550 442 1679 478 ἀφίστησι
1692 441 1760 479 γὰρ,
1780 443 1814 470 οὗ
1829 444 1857 470 τί

1058 493 1110 511 που
1132 485 1180 520 τῆς
1202 487 1242 518 είς
1260 486 1356 520 γονέας
1377 480 1479 520 αίδοῦς,
1499 488 1547 514 τοῦ
1572 489 1697 525 Σωτῆρος
1723 491 1738 517 ὁ
1760 489 1855 523 λόγος.

1058 529 1246 565 πρεσϐυτέραν
1267 530 1296 557 δὲ
1319 531 1365 557 καὶ
1387 531 1492 566 ἀμείνω
1510 533 1560 568 τὴν
1577 534 1618 565 είς
1633 533 1700 560 Θεὸν
1722 533 1856 570 ἡγεῖσθαι

1055 574 1185 602 διδάσκει.
1201 575 1375 603 Διατετέλεκε
1392 576 1420 604 δὲ
1431 578 1478 604 καὶ
1492 579 1558 613 ἡμῖν
1571 579 1585 605 ὁ
1597 579 1686 614 λόγος,
1701 580 1790 615 ἀγχοῦ
1805 581 1855 607 καὶ

1037 618 1186 655 άδευτέραν
1212 620 1269 647 ἄνω
1294 629 1324 647 τε
1351 621 1398 648 καὶ
1426 622 1502 650 κάτω
1525 622 1576 658 τῆς
1600 622 1662 659 Θεῷ
1690 624 1854 660 πρεπούσης

1056 665 1196 700 ὀνομάζων
1209 666 1304 703 αὐτὴν,
1316 667 1330 693 δ
1340 667 1372 703 δὴ
1382 667 1430 694 καὶ
1441 668 1523 700 αὐτὸς
1532 669 1684 705 τετήρηκεν
1695 670 1852 706 ὸ-Χριστὸς,

1055 711 1106 738 οὐκ
1126 712 1221 740 αἰτίαν
1237 713 1394 749 ἐπιγράψας
1409 715 1465 746 τοῖς
1486 715 1596 750 ἀγαπᾷν
1620 716 1774 752 ἑλομένοις,
1793 716 1853 743 ἀλλ’

1057 757 1116 784 οὐδὲ
1132 758 1227 793 μῶμόν
1241 767 1302 785 τινα
1317 759 1365 786 καὶ
1380 760 1488 796 γραφὴν
1504 761 1609 793 ἐπιθεὶς
1625 762 1681 794 τοῖς
1699 761 1853 798 ᾑρημένοις

1056 804 1149 839 τιμᾷν.
1166 804 1203 830 Τό
1214 812 1246 839 γε
1268 804 1320 840 μὴν
1335 805 1449 832 κατόπιν
1463 806 1533 833 ἰέναι
1545 806 1612 833 Θεοῦ
1629 807 1663 834 τὰ
1678 807 1851 844 ἀνθρώπινα,

1056 849 1270 885 πρεπωδέστατα
1307 851 1457 886 νομοθετεῖ.
1500 852 1644 889 Τοιγάρτοι
1677 854 1761 890 φησὶν
1801 855 1851 889 οὐχ

1056 895 1160 927 ἁπλῶςο
1179 905 1190 921 1
1212 896 1242 922 '0
1256 896 1340 930 φιλῶν
1357 897 1460 933 πατέρα
1474 898 1558 925 αὐτοῦ
1571 899 1588 934 ἢ
1602 899 1718 935 μητέρα’
1732 909 1742 925 ι
1762 908 1851 935 προσ-

212 955 418 984 venientissime
431 956 530 983 sanxit.
544 956 638 991 itaque
650 964 704 983 non
717 956 842 984 absolute
854 956 892 984 ait
904 966 910 983 :
927 966 935 982 ε
949 956 999 990 Qui

1054 940 1158 968 τέθεικε
1171 941 1199 968 δὲ
1217 941 1257 973 τὺ,
1272 952 1281 967 ε
1294 942 1365 978 ὑπὲρ
1376 943 1454 978 ἐμέ.»
1469 944 1505 970 Ἣ
1513 944 1567 980 γὰρ
1579 945 1629 972 οὐκ
1638 946 1719 981 οἰήσῃ
1730 945 1850 981 πρέπειν

212 1005 285 1029 amat
301 1005 406 1037 patrem
424 1010 504 1029 suum
518 1006 565 1029 aut
577 1007 705 1034 matrem,
723 1012 732 1027 ι
748 1002 795 1030 sed
809 1002 909 1037 adjecit
923 1001 1001 1035 illud,

215 1057 225 1073 ί
240 1055 322 1083 super
336 1055 390 1075 me.
408 1057 418 1073 ι
432 1047 473 1075 An
485 1055 551 1075 vero
563 1047 739 1075 dilectionem
752 1047 781 1074 in
805 1047 892 1074 Deum
915 1047 1002 1076 dilec-

212 1093 279 1121 tioni
297 1093 325 1121 in
337 1093 465 1121 homines
476 1101 532 1121 non
550 1092 764 1128 praeponendam
778 1092 911 1128 putabis?

246 1139 345 1168 PALL.
371 1139 429 1176 Ego
459 1148 526 1168 vero
555 1139 767 1175 praeponendam
794 1139 908 1167 omnino
934 1146 1001 1168 cen-

211 1193 269 1213 580.

245 1229 323 1258 (ΝΒ.
341 1229 414 1265 Ergo
427 1229 455 1257 in
467 1236 528 1257 eam
549 1229 714 1257 sententiam
738 1229 816 1258 abire
835 1229 1000 1266 discipulum

210 1284 265 1304 non
283 1276 418 1312 permisit,
440 1281 470 1303 ut
491 1280 601 1311 putaret
616 1276 810 1309 reverentiam,
823 1283 884 1311 quae
895 1277 1001 1304 homini

209 1323 335 1357 quamvis
350 1323 459 1358 parenti
483 1322 641 1356 deberetur,
665 1323 704 1350 illi
723 1323 822 1355 alteri,
848 1331 910 1358 qua:
937 1331 1002 1359 erga

210 1366 295 1395 Deum
309 1368 435 1396 habenda
447 1372 500 1400 est,
512 1375 574 1396 esse
585 1367 795 1403 praeferendam,
810 1368 857 1404 qui
869 1368 937 1397 alias
950 1377 1001 1397 na-

210 1418 279 1441 turas
291 1414 367 1450 leges
378 1414 412 1441 de
432 1414 539 1441 honore
548 1414 712 1449 parentibus
723 1414 873 1441 tribuendo
884 1421 935 1442 suo
954 1423 1002 1450 pa-

209 1459 326 1488 trocinio
337 1460 471 1488 defendit.
487 1459 542 1488 Sua
553 1460 637 1496 igitur
648 1467 708 1488 esse
722 1460 824 1487 nostris
832 1459 1001 1495 praeferenda

208 1503 289 1532 d’ocet
300 1513 308 1538 ;
321 1505 430 1532 excellit
438 1505 514 1532 enim
526 1505 655 1532 omnibus
666 1508 694 1532 et
704 1504 807 1532 eminet
817 1505 889 1533 Deus
900 1514 907 1539 ;
920 1506 1003 1542 238

207 1557 298 1586 neque
315 1558 393 1583 vero,
408 1551 472 1586 quia
483 1558 526 1583 ea,
539 1558 601 1586 quae
613 1550 647 1578 ad
660 1551 746 1578 Deum
762 1551 911 1586 pertinent,
928 1552 1002 1579 anti-

206 1597 304 1632 quiora
315 1605 348 1625 ac
361 1597 553 1633 praestantiora
574 1596 697 1632 putanda
726 1600 793 1624 sunt
814 1604 846 1624 ac
870 1597 998 1631 dicenda,

208 1641 270 1670 ideo
282 1646 374 1670 tamen
387 1642 443 1670 ullo
454 1646 535 1678 pacto
552 1641 689 1678 permittit
710 1641 850 1677 aliquibus
869 1642 943 1670 illam
971 1643 999 1672 in

208 1693 336 1723 parentes
349 1689 533 1717 reverentiam
553 1696 604 1725 pro
626 1687 716 1716 nihilo
729 1686 849 1724 ducere;
875 1690 902 1718 id
923 1690 999 1718 enim

206 1735 332 1763 Christus
344 1734 501 1763 Judzeorum
519 1734 680 1763 doctoribus
698 1734 809 1762 crimini
830 1734 916 1768 dedit,
936 1743 998 1763 cum

206 1780 298 1809 dixit:
323 1791 332 1806 ι
347 1781 420 1809 Deus
432 1781 502 1809 dixit
523 1791 529 1808 :
543 1780 652 1810 Honora
665 1787 772 1818 patrem
786 1785 874 1814 tuum,
890 1785 919 1808 et
939 1788 998 1808 ma-

207 1831 276 1854 trem
297 1830 372 1855 tuam
391 1835 399 1859 ς
416 1835 466 1854 vos
477 1832 568 1854 autem
593 1827 695 1862 dicitis,
710 1827 800 1863 inquit
815 1836 820 1854 :
837 1827 998 1862 Quicunque

206 1871 388 1907 dixeritpatri
401 1879 452 1899 suo
465 1880 471 1898 :
486 1871 585 1899 Munus
601 1872 675 1907 quod
690 1881 723 1900 ex
737 1879 781 1900 me
798 1871 848 1899 tibi
859 1870 996 1907 proderit;

205 1922 300 1946 etnon
311 1917 461 1945 honorabit
480 1917 588 1952 patrem
601 1925 682 1946 suum
695 1922 743 1946 aut
762 1922 878 1945 matrem
894 1924 971 1944 suam
989 1925 996 1943 :

204 1968 233 1991 et
246 1964 355 1991 irritum
365 1963 470 1991 fecistis
482 1963 641 1992 mandatum
650 1964 699 1992 Dei
710 1969 826 2000 propter
835 1963 999 1991 traditiones

205 2013 312 2037 vestras
323 2009 356 2036 ".
375 2018 384 2035 ι

239 2054 339 2083 PALL.
355 2054 438 2090 Atqui
450 2063 505 2083 non
517 2055 665 2084 admodum
677 2059 719 2085 est
732 2055 820 2084 facilis
841 2056 997 2092 proposito-

205 2108 267 2128 rum
288 2100 438 2128 verborum
457 2100 617 2129 intellectio.
641 2101 755 2137 Explica
773 2101 868 2136 igitur,
894 2108 996 2136 quaeso,

205 2146 344 2181 quodnam
356 2146 391 2173 sit
403 2145 431 2174 in
438 2147 489 2175 hac
500 2154 530 2175 re
542 2147 743 2175 Pharisaeorum
755 2150 909 2182 peccatum.

239 2189 319 2218 CYR.
333 2190 364 2218 ln
376 2191 498 2219 Levitico
510 2195 585 2219 certe
597 2193 730 2227 scriptum
743 2196 785 2219 est
798 2200 805 2218 :
822 2201 831 2218 ‹
847 2192 998 2220 Etlocutns

204 2240 246 2264 est
257 2236 391 2264 Dominus
408 2237 442 2264 ad
456 2237 576 2273 Moysen,
596 2238 692 2265 dicens
705 2246 711 2264 :
725 2237 851 2272 Loquere
873 2237 936 2265 ﬁliis
959 2237 999 2265 Is—

206 2282 272 2314 rael,
282 2286 310 2310 et
324 2281 400 2310 dices
412 2282 447 2310 ad
458 2290 507 2310 eos
527 2291 533 2310 :
553 2282 652 2315 Homo,
666 2282 713 2318 qui
734 2282 841 2310 voverit
852 2287 946 2310 votum
969 2282 997 2310 in

204 2328 325 2362 pretium
337 2327 435 2355 anima:
448 2336 504 2355 sua:
515 2328 643 2360 Domino,
658 2328 713 2356 erit
721 2327 841 2363 pretium
852 2328 965 2356 masculi
981 2336 997 2356 a

204 2373 334 2401 vicesimo
346 2381 420 2401 anno
435 2382 523 2409 usque
536 2373 570 2401 ad
581 2373 783 2409 sexagesimum
803 2381 917 2406 annum,
933 2374 997 2406 erit,

205 2419 331 2455 inquam,
355 2421 475 2456 pretium
497 2422 558 2457 ejus
585 2420 783 2456 quinquaginta
806 2420 866 2448 sicli
891 2421 998 2456 argenti

203 2467 326 2501 pondere
349 2472 444 2496 sancto
468 2468 501 2494 ".
529 2477 538 2493 ι
563 2467 687 2502 Cumque
709 2474 796 2502 pauca
824 2466 948 2502 quaedam
970 2467 998 2494 in

204 2513 295 2541 medio
307 2513 342 2541 de
363 2514 480 2541 muliere
501 2517 530 2540 et
541 2513 574 2540 de
586 2512 680 2548 pueris
693 2512 819 2546 dixisset,
831 2520 931 2540 rursus
953 2513 998 2540 in-

204 2557 275 2585 fert:
296 2567 306 2584 ι
319 2557 399 2592 Quod
411 2558 434 2585 si
447 2565 553 2592 pauper
564 2557 658 2589 fuerit,
672 2557 706 2584 ad
717 2557 927 2585 aestimationem
941 2561 999 2585 sta-

205 2603 246 2631 bit
257 2611 350 2632 coram
375 2603 527 2636 sacerdote,
541 2607 569 2631 et
590 2603 738 2631 aestimabit
759 2611 824 2631 eum
851 2603 996 2632 sacerdos:

205 2653 236 2676 ut
246 2649 320 2676 valet
332 2656 431 2676 munus
446 2648 517 2684 ejus,
535 2648 581 2683 qui
603 2648 691 2681 vovit,
706 2648 743 2676 ita
762 2647 910 2676 aestimabit
933 2656 996 2676 eum

205 2693 333 2721 sacerdos
346 2693 378 2720 ’⁷.
396 2703 405 2719 ›
429 2692 540 2729 Mystica
551 2693 636 2729 igitur
647 2693 706 2721 haec
721 2693 804 2721 verba
824 2698 926 2722 suntet
945 2694 996 2722 ab-

204 2741 275 2774 dita;
293 2740 492 2776 opportuniore
511 2743 605 2768 autem
620 2740 682 2768 loco
708 2748 723 2768 a
747 2741 828 2768 nobis
849 2741 996 2777 diligenter

204 2786 393 2814 excutientur:
406 2786 479 2821 quod
494 2789 585 2814 autem
602 2786 630 2813 in
640 2790 769 2821 promptu
791 2789 874 2821 atque
890 2786 919 2813 in
940 2792 997 2812 ma-

206 2831 286 2859 nibus
300 2835 353 2863 est,
374 2831 508 2859 dicamus.
526 2831 656 2859 Nonnulli
670 2839 704 2859 ex
724 2831 856 2860 lsraelitis
869 2831 994 2863 adibant,

239 2920 365 2949 "Matth.
381 2931 424 2956 xv,
439 2923 498 2951 5~6.

556 2924 579 2939 ²⁴
592 2923 681 2951 Levil.
703 2931 784 2957 xxvn,
801 2923 827 2955 “2,
842 2923 867 2950 5.
891 2923 912 2938 '7
931 2921 998 2950 ibid.
1012 2921 1039 2949 8.

1052 987 1103 1058 3'1:
1125 987 1165 1018 εις
1189 986 1350 1023 ἀνθρώπους
1381 989 1492 1025 ἀγάπης
1520 991 1704 1026 προτετάχθαι
1732 991 1782 1027 τὴν
1809 992 1850 1024 εις

1076 1039 1089 1058 ε
1104 1040 1132 1058 v:

1076 1039 1119 1058 εον
1125 1040 1132 1064 ς

1088 1124 1192 1152 ΠΔΛΛ.
1211 1124 1372 1153 Παντάπασι
1387 1125 1438 1163 μὲν
1449 1125 1507 1154 οὖν.

1087 1230 1169 1257 ΚΥΡ.
1192 1231 1271 1258 ’ἰέναι
1285 1231 1318 1267 δὴ
1334 1229 1380 1259 οὖν
1395 1232 1445 1259 οὒκ
1463 1232 1537 1268 ἠφίει
1555 1232 1599 1260 τδν
1618 1233 1741 1270 μαθητὴν
1756 1234 1804 1260 ἐπὶ
1817 1234 1848 1260 τὺ

1054 1277 1091 1312 μὴ
1120 1276 1176 1304 δεῖν
1198 1277 1302 1304 οίεσθαι
1326 1277 1558 1314 προύργιαιτέραν
1578 1279 1713 1305 ποιεῖσθαι
1737 1280 1788 1315 τῆς
1807 1279 1846 1311 είς

1051 1321 1117 1349 Θεὸν
1133 1322 1224 1355 αἰδοῦς
1238 1323 1288 1359 τὴν
1304 1324 1344 1355 είς
1358 1323 1519 1360 ἄνθρωπον,
1537 1324 1590 1351 κᾶν
1614 1325 1638 1351 εί
1655 1325 1774 1361 ὑπάρχοι
1793 1334 1845 1352 πα-

1050 1368 1115 1405 τὴρ,
1131 1369 1145 1396 ό
1163 1369 1210 1395 καὶ
1219 1370 1276 1401 τοῖς
1290 1369 1340 1404 τῆς
1361 1370 1468 1404 φύσεως
1484 1370 1578 1406 νόμοις
1594 1370 1635 1402 είς
1648 1379 1680 1405 γε
1700 1371 1730 1397 τὸ
1748 1371 1845 1406 χρῆναι

1051 1414 1183 1450 τιμᾶσθαι
1200 1415 1445 1452 συνηγορούμενος.
1467 1416 1584 1451 ’Δμείνω
1602 1416 1651 1451 μὲν
1665 1414 1714 1443 οὖν
1732 1416 1766 1443 τὰ
1783 1416 1845 1444 καθ’

1052 1459 1148 1487 ἑαυτὸν
1168 1461 1287 1488 ποιεῖται
1301 1461 1355 1488 τῶν
1376 1461 1438 1488 καθ’
1461 1462 1545 1496 ἡμᾶς.
1558 1461 1598 1488 Τδ
1609 1462 1664 1497 γάρ
1679 1470 1719 1488 τοι
1736 1461 1845 1489 πάντων

1051 1505 1179 1533 ἐπέκεινα
1191 1506 1238 1533 καὶ
1251 1506 1390 1540 ἀνωτάτω,
1402 1506 1478 1538 Θεός·
1492 1506 1585 1542 ἐφίησι
1599 1507 1627 1534 δὲ
1642 1507 1768 1543 οὐδαμῶς
1779 1507 1844 1543 παρ’

1051 1550 1126 1577 οὐδὲν
1138 1551 1263 1587 ἡγεῖσθαί
1280 1560 1352 1579 τισιν
1371 1552 1421 1588 τὴν
1442 1553 1482 1584 είς
1502 1552 1599 1586 γονέας
1615 1552 1682 1580 αίδὼ
1693 1573 1700 1586 ,
1713 1553 1758 1580 διά
1769 1560 1802 1588 γι
1815 1553 1845 1579 τὺ

1052 1595 1151 1632 χρῆναι
1169 1598 1277 1633 φρονεῖν
1291 1605 1320 1624 τε
1334 1598 1381 1625 καὶ
1392 1597 1494 1632 λέγειν,
1511 1597 1549 1630 ὠς
1565 1598 1638 1625 ἔστιν
1655 1598 1685 1625 ἐν
1709 1598 1796 1634 μοίρᾳ
1809 1600 1844 1634 τῇ

1013 1630 1036 1662 c
1051 1630 1227 1679 πρεσϐυτέρᾳ
1237 1651 1266 1670 τε
1281 1643 1329 1670 καὶ
1342 1630 1465 1679 ἀμείνονι
1483 1643 1518 1670 τὰ
1528 1643 1576 1670 τοῦ
1590 1643 1671 1671 Θεοῦ,
1688 1630 1845 1680 intuli-quia

1049 1688 1105 1723 τὰρ
1125 1689 1243 1715 ιποιιῖτο
1258 1689 1316 1720 τοῖς
1335 1688 1471 1716 Ἰουδαίων
1490 1689 1662 1722 καθηγηταῖς
1677 1689 1709 1714 εδ
1722 1689 1821 1723 χρῆμα
1831 1690 1846 1715 ὁ

1049 1732 1166 1768 Χριστὸς
1177 1732 1274 1766 λέγων·
1288 1741 1298 1758 ι
1316 1732 1346 1759 '0
1355 1732 1422 1764 Θεὸς
1435 1729 1506 1764 εἰπε,
1518 1732 1593 1768 Τίμα
1604 1732 1650 1759 τὸν
1663 1732 1771 1768 πατέρα
1784 1741 1844 1763 σου.

1048 1779 1097 1806 καὶ
1110 1778 1161 1814 τὴν
1174 1778 1281 1814 μητέρα
1298 1786 1345 1805 σου
1355 1786 1362 1794 ⁸
1375 1778 1456 1813 ὑμεῖς
1468 1777 1496 1804 δὲ
1511 1777 1616 1812 λέγετε,
1636 1778 1720 1813 φησὶν
1738 1779 1752 1805 6
1765 1778 1843 1808 Θεὸς·

1052 1825 1101 1856 Ὃς
1118 1824 1166 1851 ἐὰν
1181 1824 1247 1861 ιῐπῃ
1260 1824 1300 1860 τῷ
1316 1824 1400 1861 πατρὶ
1419 1823 1514 1856 αὐτοῦ,
1531 1823 1624 1861 Δῶρον
1637 1824 1651 1851 ὃ
1671 1824 1718 1851 ἐὰν
1731 1824 1762 1857 ἐξ
1774 1824 1844 1860 ἐμοῦ

1048 1870 1212 1907 ὠφεληθῇς,
1237 1871 1285 1898 καὶ
1300 1870 1332 1898 οὐ
1352 1870 1390 1906 μὴ
1414 1870 1517 1906 τιμήσῃ
1536 1870 1582 1897 τὸν
1598 1870 1706 1906 πατέρα
1726 1870 1811 1897 αὑτοῦ
1827 1871 1843 1906 ἢ

1048 1916 1098 1953 τὴν
1115 1916 1224 1953 μητέρα
1240 1916 1335 1949 αὑτοῦ,
1357 1917 1405 1944 καὶ
1425 1915 1588 1954 ὴκυρώσατε
1607 1917 1656 1951 τὴν
1671 1916 1781 1952 ἐντολὴν
1797 1917 1844 1943 τοῦ

1048 1962 1117 1990 Θεοῦ
1135 1962 1184 1990 διὰ
1192 1961 1242 1998 τὴν
1254 1962 1404 1998 παράδοσιν
1421 1963 1510 1999 ὑμῶν.
1529 1971 1539 1989 ι

1084 2050 1191 2078 ΠΑΛΛ.
1217 2051 1273 2078 Καὶ
1289 2050 1343 2087 μὴν
1358 2051 1389 2078 οὐ
1404 2050 1464 2078 λίαν
1480 2050 1574 2087 ἑτοίμη
1589 2050 1643 2078 τῶν
1655 2051 1844 2087 προκειμένοιν

1048 2097 1065 2132 ή
1078 2096 1187 2132 γνῶσις.
1203 2097 1335 2132 Διασάφει
1344 2097 1376 2133 δὴ
1385 2095 1433 2124 οὖν
1443 2097 1457 2124 ὅ
1469 2097 1496 2124 τε
1509 2097 1574 2124 ποτέ
1587 2097 1661 2124 ἔστιν
1675 2097 1703 2124 ἐν
1715 2105 1748 2131 γε
1758 2097 1844 2132 τούτῳ

1047 2142 1078 2169 τὸ
1090 2142 1147 2169 τῶν
1156 2143 1313 2178 Φαρισαίων
1324 2143 1524 2179 πλημμέλημα.

1057 2204 1059 2206 τ
1085 2187 1169 2215 ΚΥΡ.
1204 2188 1248 2215 Ἐν
1267 2187 1308 2223 τῷ
1332 2188 1467 2223 Λευῖτικῷ
1493 2188 1648 2224 γέγραπταί
1669 2196 1738 2215 πουθ
1757 2197 1767 2214 ε
1790 2189 1844 2215 Καὶ

1047 2235 1163 2270 nam“
1178 2235 1282 2271 Κύριος
1298 2236 1367 2271 πρὸς
1388 2235 1504 2270 Muta-71v,
1525 2235 1630 2270 λέγων·
1647 2235 1773 2271 Δάλησον
1789 2236 1844 2267 τοῖς

1012 2302 1037 2332 D
1048 2281 1117 2313 uici;
1133 2281 1252 2317 Ἰσραὴλ,
1271 2282 1318 2308 καὶ
1333 2282 1408 2317 ἐρεῖς
1425 2281 1496 2317 πρὸς
1511 2280 1624 2314 αὐτούς·
1642 2281 1804 2317 Ἄνθρωπος
1815 2281 1844 2312 ὃς

1050 2327 1097 2354 ἐὰν
1109 2326 1224 2362 εὗχηται
1243 2327 1326 2363 εὐχὴν
1343 2327 1381 2360 ὥς
1392 2336 1422 2354 τε
1438 2327 1523 2363 τιμὴν
1536 2327 1586 2362 τῆς
1602 2327 1692 2363 ψυχῆς
1706 2327 1789 2354 αὑτοῦ
1806 2326 1844 2362 τῷ

1049 2372 1159 2408 Κυρίῳ,
1175 2373 1251 2400 ἔσται
1265 2374 1282 2409 ἡ
1301 2373 1368 2409 τιμὴ
1388 2373 1440 2400 τοῦ
1459 2374 1573 2407 ἄρσενος
1596 2373 1651 2400 ἀπὺ
1671 2372 1844 2405 εἰκοσαετοῦς

1053 2419 1106 2451 ἕως
1123 2418 1343 2454 ἑξηκονταετοῦς,
1357 2419 1434 2446 ἔσται
1454 2420 1471 2455 ἡ
1488 2419 1555 2454 τιμὴ
1571 2419 1653 2446 αὑτοῦ
1676 2419 1844 2454 πεντήκοντα

1049 2465 1186 2501 δίδραχμα
1206 2466 1350 2502 ἀργυρίου,
1365 2465 1404 2501 τῷ
1423 2465 1537 2501 σταθμῷ
1553 2465 1592 2502 τῷ
1609 2466 1690 2501 ἁγίῳ.
1716 2475 1725 2491 ι
1752 2465 1844 2499 ὐλίγα

1049 2510 1081 2538 δὲ
1093 2511 1161 2538 ἄττα
1183 2512 1286 2547 μεταξὺ
1311 2512 1422 2546 γυναίου
1439 2520 1469 2538 τε
1494 2511 1557 2548 πέρι
1572 2513 1619 2538 καὶ
1639 2511 1792 2547 μειρακίων
1807 2511 1844 2537 εἰ-

1047 2556 1119 2586 πὼν.
1135 2557 1262 2593 ἐπιφέρει
1275 2557 1357 2584 πάλιν
1366 2566 1373 2572 ·
1394 2568 1403 2584 ι
1433 2557 1496 2585 Ἐὰν
1509 2557 1537 2584 δὲ
1551 2555 1706 2593 ταπεινὸςῇ
1720 2559 1753 2592 τῇ
1767 2559 1842 2592 τιμῇ,

1051 2603 1180 2639 στήσεται
1197 2603 1318 2630 ἐναντίον
1339 2602 1386 2629 τοῦ
1403 2603 1510 2638 ἱερέως,
1531 2602 1578 2629 καὶ
1596 2603 1744 2638 τιμήσεται
1763 2602 1843 2629 αὐτὸν

1048 2649 1062 2676 ὁ
1075 2648 1174 2685 ἱερεύς.
1190 2658 1199 2674 ›
1211 2648 1349 2680 Μυστικὸς
1362 2648 1411 2684 μὲν
1424 2647 1471 2675 οὖν
1481 2649 1495 2675 ὁ
1504 2648 1584 2682 λόγος
1592 2648 1639 2675 καὶ
1650 2647 1744 2684 βαθὺς,
1756 2646 1844 2682 καιρῴ

1049 2694 1077 2721 δὲ
1088 2694 1127 2729 τῷ
1140 2695 1273 2730 πρέποντι
1285 2695 1354 2731 πρὸς
1364 2694 1443 2730 ἡμῶν
1461 2692 1491 2722 εὖ
1513 2694 1587 2729 μάλα
1603 2693 1842 2729 βασανισθήσεταγ

1049 2739 1079 2766 τὸ
1089 2740 1118 2767 δὲ
1132 2740 1161 2767 ἐν
1177 2740 1265 2776 χερσὶ,
1283 2740 1349 2775 φέρε
1366 2739 1500 2776 λέγωμεν·
1517 2739 1677 2776 Προσῄεσάν
1698 2747 1772 2770 τινες
1791 2737 1843 2764 τῶν

1049 2786 1079 2818 ἐξ
1105 2785 1228 2821 Ἰσραὴλ,
1244 2786 1291 2813 καὶ
1310 2785 1456 2821 καθιεροῦν
1479 2785 1644 2818 ἐσπούδαζον
1663 2785 1702 2820 τῷ
1721 2784 1781 2820 Θεῷ
1795 2785 1841 2815 τὰς

1049 2830 1154 2859 ἑαυτῶν
1168 2831 1267 2867 ψυχὰς,
1285 2832 1322 2864 ὡς
1342 2833 1371 2859 ἐν
1388 2832 1466 2868 τύπῳ
1481 2833 1530 2868 μὲν
1547 2832 1586 2860 ἔτι
1611 2831 1657 2860 καὶ
1681 2832 1756 2867 σκιᾷι
1774 2831 1842 2866 πλὴν
