1939 3041
54 129 106 157 5ίὸ

413 128 457 156 οε
477 127 698 156 Αοοιιειτιοκε
718 112 759 155 m‘
773 127 849 155 smn

905 127 908 152 ἶ
930 127 973 154 ET
998 128 1178 166 VERITATE.
1199 128 1262 155 LIB.
1282 127 1338 155 ΠΙ.

1634 126 1688 154 ειι

54 183 125 211 γατά
137 182 184 210 τδν
199 184 293 220 νόμον,
307 183 355 216 τὰς
375 184 446 220 ὑπὲρ
463 184 537 219 σφῶν
549 183 640 212 αὐτῶν
657 183 850 220 ὁμολογοῦντες

905 188 1103 213 etconsecrare
1128 185 1185 213 Deo
1204 193 1268 213 suas
1283 185 1398 217 animas,
1411 183 1439 211 in
1465 182 1554 219 ﬁgura
1576 182 1688 218 quidem

53 230 136 266 τιμὰς
151 231 208 261 τοῖς
227 231 350 266 ἱερᾶσθαι
362 230 486 265 λαχοῦσι,
499 231 546 257 καὶ
557 230 594 266 τῷ
606 230 671 266 θείῳ
683 230 848 266 προσεδρεύο

53 284 115 302 ουσι
140 275 336 311 θυσιαστηρίῳ.
366 275 436 302 Ἀλλ’
451 273 520 311 ἦσάν
540 284 622 308 τινες,
635 276 774 311 ἐφιέμενοι
798 275 848 312 μὲν

53 321 103 356 τῆς
116 321 224 348 τοιᾶσδε
239 321 328 356 δόξης,
341 321 519 357 (ἡγιασμένοι
532 322 586 358 γὰρ
597 322 646 358 ἤδη
655 322 701 349 καὶ
711 322 790 358 ἱεροὶ,
801 322 849 350 καὶ

55 367 127 394 θεῖον
142 367 282 403 ἀνάθημα,
298 368 345 394 καὶ
357 368 384 394 τί
396 368 450 405 γὰρ
467 369 528 404 οὐχὶ
541 369 596 396 τῶν
614 368 721 396 τοιῶνδε
738 377 848 404 χρημα-

54 413 141 444 τίζειν
152 413 268 449 ἡξίουνς)
292 413 425 441 σπάνειδὲ
436 414 584 450 χρημάτων
592 415 792 446 ἀνακόπτοντες
798 414 848 450 τὴν

56 459 216 495 ἐπιθυμίαν,
235 460 282 487 καὶ
295 460 506 495 δυσδιάφευκτον
524 461 633 497 ἑχοντες
654 461 849 497 παραπόδισμα

55 503 102 530 τοῦ
116 505 280 540 πράγματος
298 504 348 540 τὴν
365 505 518 540 πτωχείαν·
530 506 739 541 προτρεπόντων
752 505 782 532 δὲ
799 505 849 532 αὐ-

55 551 119 582 τοὺς
133 551 181 578 καὶ
195 550 266 586 μάλα
278 551 426 587 προθύμως
437 551 483 578 ἐπὶ
501 551 531 577 τὺ
541 551 597 578 δεῖν
612 551 679 578 ίὲναι
691 551 759 586 πρὸς
770 550 850 578 τοῦτο

55 596 110 623 τῶν
121 596 313 632 Γραμματέων
327 597 374 624 καὶ
386 597 542 632 Φαρισαίων
554 597 783 633 (ὲρασιχρήματοι
795 597 849 633 γὰρ

56 645 79 670 οἰ
94 643 194 670 τοιοίδε
212 643 272 670 λίαν
281 663 289 676 ,
303 644 351 670 καὶ
359 643 512 679 λημμάτων
525 644 649 679 αἰσχρῶν
672 640 849 679 ἡττώμενοι),

55 689 106 724 τὴν
118 689 160 720 είς
171 689 269 723 γονέας
286 688 352 716 αίδὼ
369 689 567 725 προετείνοντο,
583 688 713 716 δύνασθαί
727 697 756 715 τε
772 689 850 724 μόλις

58 734 135 769 σφίσι
152 743 182 761 τε
197 735 288 766 αὐτοῖς
301 734 438 766 κάκείνοις
452 734 487 762 τὰ
502 734 615 770 ζωαρκῆ
631 734 791 770 πορίζεσθαι
804 742 851 760 τυ-

56 781 116 816 χὸν.
135 781 153 817 ἢ
171 782 218 807 καὶ
233 780 322 816 ἀμφια
340 780 490 815 συλλέγειν,
509 780 701 816 ἀληθεύοντες,
719 780 849 815 ἔφασκον.

57 825 119 852 Οἵδε
142 826 300 853 ἀναπείθειν
325 826 465 861 ἐτόλμων,
489 825 555 862 παρ’
581 825 658 853 οὐδὲν
679 825 805 861 ἡγεῖσθαι
820 824 852 852 τὸ

56 871 155 906 χρῆμα
175 871 220 898 διὰ
239 871 322 898 Θεὸν·
344 871 396 899 κᾶν
419 872 443 898 εί
462 871 600 907 προσίοιεν
615 872 640 898 οί
655 871 850 907 γεγεννηκότος

56 916 107 950 τὴν
121 916 224 952 συνήθη
237 917 300 952 παρ’
312 916 401 944 αὐτῶν
413 916 558 953 ζητοῦντες
570 917 739 953 ἐπιχωρίαν,
750 916 850 952 χρῆναι

56 962 149 996 λέγειν
165 962 304 989 ἐδίδασκον
320 963 405 998 πατρὶ
418 963 465 989 καὶ
476 962 560 998 μητρί
570 971 577 977 ·
590 972 599 988 ι
615 963 716 998 Δῶρον,
731 963 744 989 ὃ
761 962 808 989 ἑὰν
821 962 851 995 ἐξ

57 1008 126 1044 ἐμοῦ
150 1008 294 1044 ὠφεληθῇς
314 1009 358 1036 ἄν.
378 1018 388 1035 ›
405 1008 567 1042 Τουτέστιν,
582 1009 670 1044 Ὅπερ
681 1008 716 1036 ἂν
729 1008 758 1042 ἐξ
783 1008 850 1044 ἐμοῦ

57 1055 155 1091 λάϐῃς,
169 1055 200 1081 τὸ
217 1054 287 1082 θεῖον
302 1055 356 1082 ῐσθι
369 1065 411 1083 τοι
427 1054 633 1091 παραϐλάπτων
645 1055 784 1090 ἀνάθημα,
803 1056 851 1082 καὶ

57 1102 197 1138 χρήμασιν
212 1102 293 1137 ἱεροῖς
308 1102 358 1134 τὰς
374 1103 468 1138 χεῖρας
482 1101 604 1136 ἐπάγων·
621 1101 783 1128 ἀνα-τέθεικα
796 1101 851 1136 γὰρ

57 1147 180 1183 ἐμαυτὸν
194 1148 243 1175 καὶ
255 1147 293 1180 ὡς
307 1147 392 1184 δῶρον
408 1147 583 1184 ὲπήγγελμαι
597 1146 637 1182 τῷ
647 1146 718 1182 Θεῷ.
732 1146 764 1173 υἱ
774 1146 803 1173 δὲ
817 1146 852 1173 τά

58 1194 90 1221 εχ
97 1194 148 1230 τῆς
157 1193 309 1230 ἱεροσυλίας
316 1193 431 1226 δεδιότες
440 1193 537 1229 βλάϐη.
546 1193 594 1221 καὶ
604 1193 667 1225 τοὺς
676 1193 723 1219 ἐπὶ
731 1191 800 1228 τῷδε
810 1193 852 1219 v6-

59 1249 129 1276 μους
140 1240 377 1276 καταπεφρικότες
386 1239 666 1276 ᾶγαν,διεκαρτέρουν
676 1238 851 1274 οίμώζοντες,

58 1286 106 1313 καὶ
118 1286 168 1321 τὴν
181 1287 220 1318 είς
233 1286 299 1313 Θεὸν
312 1286 455 1314 εὐσέὃειαν
469 1287 607 1322 πρόφασιν
622 1286 715 1318 αὐτοῖς
726 1285 852 1320 γενέσθαι

59 1331 141 1367 λῳοῦ
153 1332 322 1365 διετείνοντο,
338 1332 578 1368 κατακεκραγότες
591 1332 662 1368 τάχα
675 1340 728 1359 που
739 1331 787 1359 καὶ
802 1331 853 1367 τῆς

59 1377 137 1409 θείας
146 1378 267 1414 ὲντολῆς,
278 1378 316 1410 ὡς
326 1377 472 1413 ἀδικούσης
482 1377 581 1409 αὐτοὺς
589 1378 629 1410 είς
636 1377 670 1404 τὰ
677 1375 850 1413 καιριώτατα.

60 1423 110 1449 Διά
123 1423 149 1450 τί
165 1423 253 1451 τοίνυν
274 1423 366 1459 φησιν,
389 1434 398 1450 ι
419 1422 594 1459 Ἠκυρώσατε
609 1423 659 1459 τὴν
675 1422 785 1458 ἐντολὴν
805 1422 852 1448 τοῦ

60 1468 141 1507 Θεοῦ,
157 1468 201 1496 διὰ
215 1469 264 1504 τὴν
277 1468 424 1505 παράδοσιν
438 1468 530 1505 ὐμῶνς
544 1478 553 1493 ›
573 1468 647 1496 Ἔδει
661 1469 728 1505 γὰρ.
748 1468 801 1495 ἔδει
814 1476 854 1494 τι·

62 1515 116 1550 μᾷν
132 1514 196 1546 τοὺς
212 1515 360 1549 φύσαντας,
375 1515 406 1542 οὺ
420 1515 467 1550 τῆς
483 1515 522 1548 είς
536 1515 602 1542 Θεὸν
618 1514 759 1546 εὐσεϐείας
772 1514 853 1541 ἕνεκα
867 1529 888 1558 C

60 1559 106 1586 τὸν
123 1560 166 1586 ἐπ’
191 1560 283 1592 αὐτοῖς
308 1560 454 1588 καταλύειν
474 1560 566 1595 νόμον.
591 1560 694 1587 Οὐκοῦν
714 1559 776 1587 οὔτε
798 1559 853 1587 τῶν

61 1605 121 1641 Θεῷ
144 1606 305 1641 πρεπόντων
323 1607 474 1643 ἀμελητέον
489 1606 533 1633 διὰ
549 1606 583 1633 τὰ
598 1605 758 1641 ἀνθρώπινα
769 1625 776 1637 ,
791 1605 853 1632 οὔτε

63 1651 116 1687 μὴν
136 1652 253 1679 είσάπαν
271 1652 326 1680 τῶν
352 1652 531 1688 ἀνθρωπίνων
549 1651 592 1679 διὰ
614 1651 681 1678 Θεὸν
697 1651 853 1687 καταραθυ-

64 1699 125 1732 μεῖν
153 1699 318 1733 ἀναγκαῖον·
347 1699 534 1734 ἀπονέμοντας
563 1698 591 1725 δὲ
620 1698 721 1734 μᾶλλον
747 1697 778 1725 τὸ
803 1697 855 1733 τῆς

62 1742 174 1778 ἀγάπης
185 1743 324 1779 ἐξαίρετον
334 1747 368 1779 τῇ
380 1745 489 1770 πάντων
502 1745 584 1778 ἀρχῇ,
600 1743 723 1769 τουτέστι
737 1743 776 1777 τῷ
784 1741 855 1777 Θεῷ,

62 1789 110 1815 καῖ
125 1788 253 1824 καθάπερ
266 1789 295 1815 ὲν
308 1788 383 1820 τάξει
399 1788 512 1824 δευτέρᾳ
531 1788 578 1815 καὶ
600 1787 718 1822 γείτονι,
733 1795 857 1824 παρακο-

65 1834 154 1870 μίζειν
177 1833 259 1867 εὐθὺς
281 1835 328 1860 καὶ
343 1836 383 1866 είς
395 1835 458 1866 τοὺς
472 1835 521 1870 τῆς
543 1834 678 1869 γενέσεως
703 1834 858 1868 ὑπουργοὺς

62 1881 112 1912 τὰς
126 1877 220 1912 αὐτοῖς
233 1881 274 1908 ὃτι
292 1880 410 1916 μάλιστα
431 1880 588 1916 πρεπούσας
608 1880 691 1916 τιμὰς
709 1879 857 1916 προσενθυ-

65 1925 231 1960 μουμένους,
244 1924 284 1958 οἷς
298 1926 368 1962 ἔφην
382 1926 428 1953 χλὶ
441 1926 510 1954 τόδε.

899 230 988 257 adhuc
1000 234 1028 258 et
1042 230 1150 263 umbra,
1175 235 1265 258 tamen
1284 239 1318 259 ex
1334 231 1402 266 legis
1425 229 1621 262 constitutione
1638 237 1688 258 cu-

899 276 1027 311 piebant;
1053 282 1135 312 atque
1158 277 1202 311 iis,
1215 278 1262 313 qui
1280 277 1435 305 sacerdotio
1451 276 1646 312 fungebantur,
1662 280 1689 303 et

898 322 932 349 ad
949 322 1075 351 divinum
1088 323 1173 351 altare
1187 324 1357 357 assidebam,
1374 331 1424 359 pro
1445 323 1543 358 seipsis
1570 323 1689 358 pretium

898 366 1011 394 daturos
1022 367 1231 403 proﬁtebantur.
1245 369 1330 396 Erant
1350 368 1433 403 igitur
1449 367 1544 403 aliqui,
1557 367 1604 403 qui
1615 368 1690 403 ejus—

898 414 972 442 modi
992 414 1109 449 gloriam
1126 419 1290 450 expeterent
1322 414 1529 443 :sanctificatos
1561 417 1634 442 enim
1662 422 1691 441 se

897 461 952 496 jam
969 464 997 487 et
1023 467 1126 492 sacros,
1142 465 1171 488 et
1193 461 1249 488 Deo
1264 461 1386 488 dicatum
1403 460 1516 493 donum,
1530 463 1559 488 et
1577 461 1601 488 si
1617 460 1690 496 quod

899 506 973 534 aliud
986 507 1122 542 ejusmodi
1141 507 1308 535 vocabulum
1321 511 1375 540 est,
1391 506 1523 542 appellari
1536 500 1665 542 optarent
1684 517 1690 534 :

899 557 1029 581 laterum
1043 553 1134 588 inopia
1152 553 1276 588 pecunia:
1293 552 1483 588 reprimebant
1509 552 1562 580 hoc
1585 552 1692 580 deside-

900 599 983 632 rium,
1001 599 1075 635 quod
1088 599 1246 627 inevitabile
1264 599 1298 625 ad
1313 606 1374 626 eam
1388 606 1447 626 rem
1466 598 1692 633 impedimentum

901 646 1045 679 haberent,
1060 653 1160 680 nempe
1172 648 1361 680 paupertatem
1383 653 1388 670 :
1407 643 1620 671 adhortantibus
1643 651 1692 670 au-

900 695 956 719 tem
971 699 1030 724 eos,
1044 696 1072 719 et
1088 691 1200 727 quidem
1216 691 1335 718 maximo
1350 690 1441 718 studio
1455 690 1560 718 Scribis
1572 697 1608 717 ac
1621 689 1693 717 Pha-

902 737 999 769 risaeis,
1008 741 1039 765 ut
1047 737 1082 764 ad
1093 745 1155 765 eam
1170 745 1229 764 rem
1241 736 1443 772 exsequendam
1457 739 1606 771 pergerent
1624 735 1693 770 (erat

901 783 975 811 enim
988 783 1015 810 id
1028 783 1170 811 hominum
1188 789 1274 819 genus
1289 790 1412 814 avarum,
1427 787 1455 809 et
1469 782 1558 816 turpis
1572 784 1694 816 quastus

901 829 1046 865 cupiditati
1061 829 1234 865 obnoxium),
1254 830 1293 857 illi
1305 829 1426 857 revereri
1444 832 1610 863 separentes
1626 835 1692 855 cau-

901 877 1049 910 sabantur,
1067 877 1168 911 vixque
1185 883 1264 911 pesse
1283 875 1336 903 sibi
1357 874 1424 910 ipsis
1442 878 1470 902 et
1485 874 1555 906 illis,
1577 882 1638 909 qua
1658 874 1692 901 ad

900 923 1004 950 victum
1020 922 1088 950 satis
1097 927 1200 954 essent,
1211 920 1400 956 suppeditare,
1427 923 1475 947 aut
1503 923 1595 947 vestes
1620 927 1695 947 com—

900 976 998 1004 parare
1015 968 1153 996 dicebant.
1182 967 1264 1003 239
1278 967 1312 994 At
1325 966 1353 994 hi
1363 965 1529 1002 persuadere
1545 965 1693 998 audebant,

901 1016 932 1040 ut
944 1017 1059 1049 propter
1076 1014 1163 1041 Deum
1177 1021 1238 1041 eam
1252 1020 1310 1040 rem
1326 1020 1378 1048 pro
1390 1012 1478 1039 nihilo
1491 1010 1644 1044 haberent;
1662 1018 1695 1038 ac

901 1061 925 1088 si
936 1064 1066 1097 parentes
1077 1059 1112 1088 ad
1132 1059 1205 1095 ipsos
1219 1059 1393 1091 accederent,
1422 1061 1450 1086 et
1473 1061 1635 1085 consuetum
1659 1056 1695 1085 ab

902 1108 970 1144 ipsis
984 1106 1138 1135 subsidium
1155 1109 1306 1141 peterent,
1316 1105 1388 1140 patri
1407 1112 1438 1132 ac
1447 1103 1529 1131 matri
1547 1102 1695 1131 dicendum

902 1161 962 1181 esse
981 1152 1117 1180 docebant
1137 1160 1144 1179 :
1163 1160 1172 1177 ι
1203 1151 1302 1178 Munus
1322 1149 1506 1186 quodcunque
1532 1154 1576 1178 est
1599 1157 1633 1177 ex
1651 1156 1695 1178 me

902 1198 951 1227 tibi
979 1198 1067 1234 prosit
1078 1197 1109 1224 ’⁸.
1130 1207 1138 1223 ι
1159 1196 1217 1224 Hoc
1238 1201 1291 1228 est,
1317 1196 1339 1223 si
1357 1196 1422 1231 quid
1438 1203 1454 1223 a
1477 1203 1522 1224 me
1543 1195 1694 1231 acceperis.

902 1243 1026 1272 divinum
1037 1241 1205 1270 terl'raudare
1218 1241 1322 1269 donum
1341 1241 1421 1274 scito,
1440 1245 1468 1269 et
1487 1242 1515 1269 in
1534 1250 1579 1269 res
1602 1248 1696 1269 sacras

903 1295 1001 1316 manus
1020 1287 1146 1322 injicere,
1178 1293 1241 1313 nam
1272 1285 1408 1321 meipsum
1435 1286 1570 1319 dedieavi,
1594 1289 1623 1313 et
1638 1284 1695 1312 Deo

903 1334 982 1369 quasi
999 1332 1151 1368 repositum
1166 1331 1269 1359 donum
1292 1331 1461 1359 consecravi.
1487 1331 1529 1359 Illi
1553 1339 1619 1359 vero
1632 1338 1695 1359 cum

904 1379 1041 1414 sacrilegii
1058 1385 1169 1414 poenam
1185 1381 1363 1410 metuerent,
1383 1381 1411 1404 et
1438 1377 1513 1413 leges
1539 1385 1572 1405 ea
1597 1377 1632 1405 de
1664 1385 1696 1405 re

904 1426 1069 1454 constitutas
1078 1425 1302 1455 extimescerent,
1309 1430 1456 1451 aerummas
1467 1423 1528 1451 illas
1539 1423 1697 1451 miserrime

904 1469 1090 1506 perferebant,
1108 1473 1137 1496 et
1150 1468 1281 1503 pietatem
1293 1467 1321 1494 in
1339 1467 1424 1494 Deum
1444 1467 1497 1494 sibi
1520 1467 1600 1494 famis
1616 1475 1697 1495 occa-

905 1513 1010 1540 sionem
1028 1512 1112 1540 fuisse
1136 1511 1313 1544 accusabant,
1340 1519 1373 1538 ac
1387 1511 1504 1539 fortasse
1521 1511 1555 1539 de
1570 1512 1630 1547 ipso
1650 1512 1698 1540 Dei

906 1559 1035 1586 mandato
1046 1558 1299 1593 conquerebantur,
1318 1563 1449 1593 tanquam
1463 1558 1497 1585 ab
1509 1566 1543 1585 eo
1561 1558 1589 1585 in
1615 1558 1699 1586 rebus

907 1597 1027 1632 maxime
1052 1604 1217 1632 necessariis
1252 1604 1423 1631 violarentur
1450 1613 1457 1631 :
1484 1604 1599 1639 ideoque
1626 1604 1665 1632 ait
1689 1612 1698 1632 :

911 1661 920 1677 ι
934 1651 1043 1679 lrritum
1068 1651 1173 1678 fecistis
1195 1649 1354 1677 mandatum
1377 1650 1425 1677 Dei
1440 1654 1553 1685 propter
1572 1650 1698 1678 traditio-

908 1706 971 1726 nem
985 1701 1105 1725 vestram
1130 1696 1164 1722 “.
1183 1705 1192 1721 ι
1208 1695 1365 1723 Honorandi
1390 1695 1465 1723 enim
1480 1699 1558 1722 erant
1577 1695 1699 1730 profecto

909 1746 1049 1777 parentes;
1065 1748 1119 1768 non
1131 1740 1273 1776 religionis
1283 1748 1366 1768 causa
1387 1739 1440 1773 lex,
1460 1748 1521 1775 quae
1534 1740 1567 1768 de
1579 1740 1700 1775 parenti-

907 1787 959 1815 bus
975 1787 1029 1815 lata
1042 1791 1112 1819 erat,
1129 1786 1306 1814 destruenda.
1324 1786 1418 1821 Neque
1431 1786 1514 1821 igitur
1523 1794 1565 1819 ea,
1582 1794 1643 1821 qua:
1664 1785 1699 1813 ad

907 1834 993 1861 Deum
1004 1833 1152 1869 pertinent,
1166 1833 1349 1859 humanarum
1365 1839 1457 1859 rerum
1475 1839 1558 1859 causa
1577 1835 1700 1860 eontem-

907 1879 998 1908 nenda
1011 1883 1085 1912 sunt,
1101 1886 1191 1913 neque
1206 1885 1304 1905 rursus
1319 1885 1364 1904 res
1380 1877 1506 1904 humanae
1517 1883 1631 1912 prorsus
1650 1876 1699 1903 Dei

907 1929 1042 1962 praetextu
1069 1923 1253 1961 negligenda;
1275 1922 1323 1951 sed
1341 1923 1449 1958 potius,
1480 1922 1527 1949 ubi
1548 1923 1702 1958 praecipuas

64 1973 209 2001 charitatis
238 1978 330 2009 partes
364 1974 403 2001 illi
437 1974 562 2002 omnium
589 1973 812 2010 principio,Deo
832 1973 975 2006 nimirum,
1002 1972 1190 2005 tribuerimus,
1216 1976 1273 1999 tum
1293 1971 1415 1999 secundo
1440 1970 1501 1998 loco
1518 1978 1550 1997 ac
1575 1970 1701 2006 proximo

63 2029 173 2055 aequum
187 2024 230 2048 est
246 2021 328 2048 etiam
348 2021 415 2056 ipsis
430 2021 519 2049 nostri
533 2026 612 2049 ortus
638 2021 810 2050 administris
832 2021 942 2049 debitos
956 2022 986 2050 in
1001 2018 1098 2056 primis
1127 2019 1247 2047 honores
1277 2017 1409 2046 continuo
1438 2016 1558 2050 deferre,
1569 2021 1597 2044 et
1609 2016 1644 2043 ad
1667 2023 1701 2043 ea

63 2076 124 2105 quae
136 2068 193 2096 dixi
206 2067 272 2096 illud
287 2075 397 2104 quoque
408 2069 552 2097 nobiscum
562 2073 701 2105 reputare.

98 2114 206 2142 HAAA.
222 2113 259 2141 Τὸ
275 2114 301 2140 τί
315 2115 347 2150 δὴ
358 2115 429 2150 φής;

98 2161 183 2189 ΚΥΡ,
201 2161 304 2197 Χρῆμα
315 2161 370 2198 γὰρ
379 2161 420 2188 ὅτι
429 2161 546 2197 μάλιστα
557 2162 612 2189 τῶν
619 2161 776 2196 ἀναγκαίων
790 2161 857 2198 ἡμῖν

63 2206 225 2242 ἀποφαίνων
240 2207 253 2233 ό
269 2206 373 2243 Κύριος
388 2207 468 2242 ἡμῶν
489 2206 592 2242 Ἰησοῦς
614 2207 733 2243 Χριστὸς
752 2207 802 2242 τὴν
817 2207 858 2238 εἰς

61 2254 126 2285 τοὺς
139 2253 279 2288 φύσαντας
290 2253 368 2286 αίδὼ,
381 2253 488 2288 φειδοῦς
500 2254 576 2289 ἠξίου
586 2254 634 2281 καὶ
645 2254 725 2289 λόγου
738 2253 786 2289 τὴν
798 2254 858 2280 ἐαυ-

61 2299 108 2327 τοῦ
117 2299 236 2335 μητέρα.
246 2300 451 2335 Ἀπηρτημένος
458 2299 512 2335 γὰρ
519 2300 569 2335 ἤδη
577 2300 655 2326 τοῦτι
660 2300 720 2335 μίου
728 2298 857 2335 σταυροῦ,

62 2345 110 2372 καὶ
129 2345 169 2380 τῷ
185 2344 256 2380 ξύλῳ
270 2345 492 2381 προσηλωμένος,
509 2345 547 2380 τῷ
560 2345 665 2380 γνησίῳ
680 2344 788 2380 μαθητῇ
805 2346 855 2380 τὴν

62 2389 144 2423 ἁγίαν
155 2389 241 2416 ἐδίδου
257 2389 407 2425 Παρθένον,
420 2390 467 2416 καὶ
479 2390 634 2425 γηροκόμον
644 2389 713 2424 αὐτῇ
721 2388 855 2420 καθιστὰς

64 2437 107 2462 τὸν
119 2437 216 2470 ὴγαπη
221 2434 312 2470 μένον,
322 2435 424 2469 ἔλεγεν·
440 2445 449 2462 ‹
466 2435 560 2468 Γύναι,
576 2435 630 2462 ἰδοὺ
640 2436 655 2461 ὁ
666 2435 724 2466 υἱός
735 2443 792 2461 σου·
807 2434 854 2461 καὶ

61 2481 99 2515 τῷ
118 2480 229 2516 μαθητῇ
245 2478 330 2508 εἶπενε
354 2481 420 2508 Ἰδοὺ
436 2482 452 2516 ὴ
470 2482 561 2516 μήτηρ
578 2489 625 2507 σου
638 2488 644 2494 ’
657 2481 706 2507 καὶ
719 2481 767 2507 ἀπ’
782 2480 854 2506 ὲκεί-

61 2535 111 2561 νης
132 2525 182 2560 τῆς
199 2525 284 2561 ὧρας,
307 2525 408 2561 φησὶν,
425 2525 520 2552 ἐλαϐεν
539 2526 624 2561 αὐτὴν
639 2526 653 2552 ὸ
670 2523 792 2560 μαθητὴς
814 2525 854 2556 εἰς

61 2572 95 2599 τά
112 2572 178 2599 ἴδια.

97 2619 203 2644 ΠᾹΑΛ.
225 2617 270 2649 Ὠς
285 2617 385 2652 ἄριστά
402 2625 432 2651 γε
458 2618 524 2653 ἡμῖν
547 2618 561 2644 ὁ
587 2617 652 2652 περὶ
674 2615 751 2643 τοῦδε
776 2615 856 2650 λόγος

63 2656 264 2699 ἑκπέποιῆσοαι
279 2664 361 2691 δοκεῖ.

104 2711 185 2737 ΚΥΡ.
205 2709 382 2741 Καταζεύξας
397 2708 428 2743 δὴ
447 2706 492 2735 οὖν
511 2706 541 2735 εὖ
560 2709 631 2744 μάλα
647 2709 705 2740 τοῖς
727 2716 856 2743 γεγεννη-

65 2759 124 2786 κότι
146 2758 181 2786 τὰ
198 2757 229 2792 ἐξ
249 2754 358 2787 αὐτῶν,
384 2755 430 2781 καὶ
446 2754 491 2781 τὸν
507 2755 539 2781 ἐκ
564 2755 647 2790 νόμον
665 2754 712 2782 καὶ
733 2754 857 2789 ἀνάγκης

99 2849 121 2865 ’⁸
135 2848 233 2877 Matth.
244 2855 290 2878 xv.
303 2848 328 2875 5.

369 2848 390 2863 ι’
405 2847 470 2874 ibid.
485 2847 510 2874 6.
551 2846 572 2862 ³⁰
585 2846 663 2874 Joan.
685 2853 739 2878 nx,
759 2845 804 2877 26,
825 2844 869 2873 27.

872 2116 893 2144 D
943 2111 1042 2140 PALL.
1056 2111 1192 2145 Quidnam
1204 2109 1232 2137 id
1243 2109 1304 2137 est?

944 2158 1022 2186 CYR.
1052 2158 1120 2186 Nam
1138 2165 1195 2184 rem
1208 2157 1233 2185 in
1245 2156 1343 2192 primis
1361 2154 1547 2182 necessariam
1570 2161 1631 2181 esse
1656 2162 1702 2182 re-

908 2203 1062 2232 verentiam
1080 2202 1108 2229 in
1119 2207 1258 2237 parentes,
1271 2201 1351 2228 nobis
1371 2199 1493 2227 ostendit
1506 2199 1639 2226 Dominus
1650 2206 1701 2226 no-

908 2255 966 2278 ster
986 2250 1067 2278 Jesus
1080 2248 1218 2280 Christus,
1233 2255 1297 2275 cum
1320 2254 1377 2274 sure
1390 2246 1476 2281 ipsius
1495 2245 1592 2272 matris
1607 2253 1701 2272 curam

909 2300 991 2331 atque
1006 2295 1143 2322 rationem
1162 2294 1270 2322 habuit.
1293 2293 1424 2320 Sublatus
1448 2299 1567 2326 namque
1584 2292 1642 2327 jam
1673 2291 1700 2318 in

908 2341 1095 2369 venerandam
1110 2340 1186 2367 illam
1203 2346 1324 2371 crucem,
1342 2342 1370 2365 et
1386 2337 1461 2372 ligno
1478 2336 1603 2369 sufﬁxus,
1617 2337 1701 2364 disci-

905 2387 970 2422 pulo
984 2394 1035 2414 suo
1045 2393 1175 2422 germano
1187 2390 1309 2412 sanetam
1321 2383 1461 2418 Virginem
1475 2382 1599 2414 tradidit,
1613 2390 1645 2409 ac
1660 2389 1702 2409 se-

904 2434 1023 2462 nectutis
1056 2433 1131 2461 illius
1155 2435 1275 2459 tutorem
1300 2430 1522 2463 nutritoremque
1557 2428 1702 2456 constituit

906 2480 1037 2508 dilectum
1050 2479 1127 2505 illum
1143 2485 1235 2509 suum,
1253 2476 1349 2504 dicens
1367 2484 1373 2502 :
1393 2485 1402 2500 ι
1421 2474 1530 2505 Mulier,
1548 2480 1612 2500 ecce
1628 2472 1702 2501 ﬁlius

908 2530 987 2558 tuus;
1002 2524 1102 2552 deinde
1116 2522 1271 2557 discipulo:
1287 2522 1359 2548 Ecce
1377 2523 1466 2547 mater
1485 2523 1547 2551 tua;
1560 2522 1589 2545 et
1605 2526 1639 2545 ex
1656 2519 1702 2546 illa

908 2571 976 2599 bora
984 2570 1091 2605 accepit
1102 2576 1162 2597 eam
1173 2568 1327 2603 discipulus
1339 2567 1367 2593 in
1383 2573 1432 2593 sua
1441 2565 1474 2591 ⁸ο.
1494 2573 1503 2589 ι

944 2616 1043 2644 PALL.
1064 2614 1198 2643 Praeclare
1209 2621 1275 2641 sane
1297 2612 1349 2640 hac
1370 2611 1404 2639 de
1419 2618 1449 2638 re
1465 2610 1554 2638 oratio
1576 2609 1701 2637 conlecta

909 2670 969 2691 esse
985 2662 1106 2690 videtur.

943 2708 1022 2736 CYR.
1039 2707 1108 2735 Cum
1126 2707 1219 2742 itaque
1238 2706 1342 2733 liberos
1363 2702 1525 2740 parentibus
1550 2701 1702 2730 rectissime

910 2754 1083 2790 subiecisset,
1095 2757 1123 2782 et
1133 2753 1285 2790 legitimum
1305 2752 1339 2780 iis
1353 2758 1386 2779 ac
1398 2749 1586 2778 necessarium
1605 2749 1702 2785 iugum
