1939 3041
242 142 294 171 ΜΕ

750 136 777 165 S.
798 134 935 166 CYRlLLl
955 131 1191 164 ALEXANDRlNl
1214 132 1376 164 ARCHIEP.

1828 134 1883 164 816

242 199 427 236 imposuisset,
443 197 517 225 illico
530 196 625 231 quales
640 195 723 222 etiam
743 198 872 230 parentes
888 201 952 229 erga
964 193 1035 221 libe-

1088 192 1178 224 αὐτοῖς
1189 191 1339 228 ἑπιρρίψας
1353 191 1445 226 ζυγὸν,
1462 191 1550 218 ὁποῖοί
1564 200 1636 223 τινες
1649 188 1704 218 εῖεν
1715 190 1748 219 ἂν
1766 191 1835 227 περὶ
1848 191 1883 219 τὰ

243 253 289 274 ros
308 252 368 273 esse
390 246 534 279 oporteat,
556 242 578 269 si
595 249 610 268 a
639 240 688 267 Dei
720 240 862 267 voluntate
891 239 1036 266 deﬂectere

242 292 341 322 nolint,
353 289 446 318 edicit.
465 290 504 316 Ac
515 287 616 315 Paulus
627 286 738 322 quidem
751 286 971 321 sapientissimus
982 285 1034 318 vir,

242 342 387 373 postquam
399 334 494 370 paucis
509 333 590 369 240
611 337 639 360 et
649 332 776 367 expedite
791 332 885 359 liberis
895 330 1035 366 praecepit,

243 387 274 410 at
296 381 480 417 subjiciantur
503 379 684 415 parentibus,
709 378 809 414 adjecit
831 377 915 404 etiam
942 376 1010 404 illud
1028 382 1034 403 ι

246 438 255 455 ι
271 429 377 460 Patres,
397 427 484 454 nolite
500 425 534 453 ad
549 425 721 452 iracundiam
740 431 890 459 pr0vocare
905 423 976 451 ﬁlios
987 430 1036 450 ve-

241 478 325 506 stros,
335 473 383 500 sed
397 473 514 499 educate
528 479 575 498 eos
587 471 614 498 in
626 470 801 505 correptione
817 469 925 496 Domini
936 469 968 501 ⁸¹,
984 479 993 494 ι
1009 468 1036 496 id

241 523 294 552 est,
312 519 478 554 optimarum
494 517 702 552 disciplinarum
724 516 778 543 illis
793 519 921 543 auctores
936 518 1034 546 estote,

241 569 324 600 atque
336 564 371 591 ad
389 563 473 591 vitam
490 563 546 590 Deo
565 566 670 597 gratam
692 562 800 596 legique
824 560 943 587 maxime
968 567 1035 587 con-

242 616 400 638 sentaneam
416 609 536 644 dirigite.
551 608 586 635 At
601 615 667 635 vero
686 615 736 642 per
752 607 886 634 ambitum
902 606 1035 641 quodams

243 656 324 683 modo
339 660 420 691 atque
433 655 579 682 circuitum
596 655 646 690 (sic
659 655 734 682 enim
755 654 812 681 fere
826 652 978 688 consuevit)
990 660 1036 687 paa

243 702 369 729 rentibus
393 701 520 736 inprimis
539 705 566 728 et
587 700 698 735 quidem
721 699 874 727 rectissime
894 699 1035 734 praecipit,

243 752 274 774 ut
289 747 322 774 de
333 747 484 774 liberorum
495 745 633 781 probitate
648 745 759 772 solliciti
770 745 824 772 sint
838 752 844 771 :
862 754 872 770 ι
890 745 949 772 Νοη
969 753 1035 780 pro—

243 793 359 825 fanabis,
382 793 520 827 inquiens,
540 791 622 819 filiam
647 796 731 824 tuam,
748 795 779 818 ut
801 791 931 819 fornicari
952 791 1036 818 facias

242 848 314 871 eam,
327 844 354 867 et
366 848 421 867 non
440 838 623 866 fornicabitur
643 842 728 870 terra,
746 841 775 865 et
789 840 864 864 terra
883 837 1036 872 replebitur

1089 237 1165 273 σφῶν
1181 238 1273 265 αὐτῶν
1291 237 1450 273 γεννήματα
1469 237 1515 264 καὶ
1531 238 1555 264 οῖ
1571 239 1672 272 γονεῖς,
1683 238 1708 264 εί
1723 236 1754 265 τδ
1767 238 1808 274 τῷ
1821 238 1882 274 Θεῷ

1086 278 1182 311 δοκοῧν
1209 284 1259 311 οὐκ
1283 283 1500 319 ὲκσοὸήσονται,
1526 283 1698 319 παραχρῆμα
1724 284 1880 320 νομοθετεῖ.

1087 330 1194 362 Παῦλος
1216 330 1265 365 μὲν
1282 327 1328 356 οὖν
1351 330 1365 356 ὁ
1387 321 1542 364 σοφώτατος
1559 330 1588 356 ἐν
1606 329 1703 365 βραχεῖ
1722 331 1770 357 καὶ
1795 331 1882 357 εὐαπ-

1088 375 1240 406 αλλάκτως,
1262 374 1462 401 ὑποτάττεσθαι
1481 375 1536 401 δεῖν
1551 376 1608 407 τοῖς
1625 376 1756 411 πατράσι,
1775 385 1885 412 παρεγ-

1087 418 1141 453 γυᾷ
1155 420 1212 449 τοῖς
1228 418 1352 450 τέκνοις·
1369 418 1422 454 εφη
1441 418 1481 450 δὲ,
1497 419 1538 445 ὅτι
1552 419 1601 446 καὶ
1618 428 1628 444 ‹
1645 421 1675 446 Οἱ
1693 421 1824 457 πατέρες,
1845 422 1883 457 μὴ

1087 464 1267 499 παροργίζετε
1285 464 1319 491 τὰ
1341 464 1424 492 τέκνα
1452 465 1539 500 ὑμῶν,
1559 465 1618 492 ἀλλ’
1636 467 1785 502 ἐκτρέφετε
1810 469 1884 496 αὐτὰ

1086 510 1116 536 ὲν
1131 510 1257 545 νουθεσίᾳ
1274 510 1387 545 Κυρίου·
1407 521 1416 538 ι
1430 512 1564 543 τουτέστι,
1581 512 1641 540 Τῶν
1656 514 1775 549 ἀρίστων
1787 515 1883 548 αὐτοῖς

1089 554 1259 590 μαθημάτων
1283 556 1428 591 εἰσηγηταὶ
1441 558 1593 592 γεγονότες,
1616 559 1684 594 πρὸς
1704 560 1817 597 θεοφιλῆ
1835 563 1883 589 καὶ

1087 599 1280 635 ὲννομωτέιτην
1303 600 1471 628 ἀπευθύνετε
1493 603 1643 631 πολιτείαν.
1660 605 1711 632 Διὰ
1725 606 1829 633 κύκλου
1854 608 1882 635 δὲ

1086 643 1182 679 ὥσπερ
1192 644 1206 671 6
1216 645 1297 680 νόμος
1307 645 1433 682 (σύνηθες
1444 648 1498 682 γάρ
1508 649 1581 676 ἐστιν
1591 649 1628 681 ὡς
1639 650 1683 676 ἀεὶ
1693 650 1772 677 τοῦτο
1783 652 1881 687 αὐτῷ),

1086 692 1137 726 τῆς
1151 692 1205 718 τῶν
1218 692 1321 719 τέκνων
1343 694 1495 726 ἐπιεικείας
1511 698 1635 731 προνοεῖν
1653 697 1695 724 ὃτι
1713 698 1833 733 μάλιστα
1850 707 1882 733 γε

1087 738 1134 764 καὶ
1161 738 1234 773 μάλα
1257 738 1347 775 ὀρθῶς
1372 741 1539 776 ἐπισκήπτει
1560 743 1716 778 πατράσιν·
1734 754 1743 770 ε
1763 745 1802 772 οὐ
1827 745 1882 781 γὰρ

1088 782 1263 818 βεδηλώσεις,
1280 793 1290 810 ι
1304 785 1380 820 φησι,
1398 795 1407 811 ι
1428 785 1477 822 τὴν
1492 786 1629 823 θυγατέρα
1640 796 1685 815 σου
1696 789 1882 825 ἐκπορνεῦσαι

1088 829 1183 865 αὐτὴν,
1196 830 1245 856 καὶ
1257 830 1307 857 οὐκ
1324 831 1496 869 ὲκπορνεύσῃ
1510 833 1527 868 ἡ
1541 833 1588 868 γῆ,
1605 834 1653 861 καὶ
1664 836 1681 870 ἡ
1699 837 1734 871 γῆ
1755 836 1882 872 πλησθή-

243 886 390 921 iniquitate
414 884 446 912 “.
481 895 491 910 ι
517 885 586 912 Nam
619 891 767 919 corporum
788 883 942 911 castitatem
972 887 1036 910 ante

1089 880 1166 921 σεται
1191 875 1317 910 ἀνομίας.
1340 876 1397 912 Τὴν
1422 876 1477 912 γάρ
1495 886 1536 904 τοι
1554 879 1689 914 σωμάτων
1703 881 1815 914 ἁγνείαν
1835 882 1882 908 καὶ

243 935 297 962 alia
327 934 412 961 veluti
437 933 573 968 primitias
598 932 730 968 quasdam
763 936 863 960 sancta:
886 931 1034 959 conVersa~

243 980 327 1007 tionis
357 987 370 1007 ιι
386 979 467 1007 nobis
484 979 569 1014 exigit
595 982 690 1006 noster
707 977 856 1011 Conditor;
875 980 940 1005 sunt
961 978 1035 1005 enim

243 1026 394 1059 corporalia
402 1025 461 1052 haec
469 1027 629 1053 ornamenta
636 1024 712 1051 velut
719 1024 810 1050 aditus
819 1023 930 1059 quidam
941 1023 973 1050 ad
982 1024 1037 1058 spi-

243 1071 314 1097 ritus
324 1070 487 1101 claritatem,
498 1077 561 1096 cum
576 1068 757 1104 turpitudinis
771 1076 803 1096 ac
818 1068 966 1096 dedecoris
983 1076 1036 1095 no-

243 1121 284 1144 tas
295 1117 435 1152 eﬁ‘ugiant.
454 1116 539 1151 Igitur
550 1119 679 1150 parentes
692 1118 801 1150 oportet
809 1119 840 1142 ut
852 1115 886 1142 ad
900 1122 944 1142 res
955 1122 1036 1149 quam

242 1164 360 1198 optimas
371 1163 426 1190 sint
448 1158 575 1190 auctores
592 1171 598 1189 :
617 1162 660 1190 sin
678 1162 803 1197 resupini
818 1165 846 1189 et
868 1161 1037 1197 negligentes

242 1213 327 1236 erunt
341 1208 492 1243 paedagogi,
503 1212 585 1242 atque
604 1207 674 1234 adeo
692 1214 782 1239 secus,
802 1212 885 1242 quam
904 1207 976 1234 ratio
989 1212 1038 1242 pm

243 1255 338 1286 stillat,
353 1253 386 1281 ad
407 1254 497 1289 turpia
512 1253 583 1281 facta
604 1253 688 1280 duces
702 1260 734 1280 ac
747 1252 869 1288 magistri
882 1252 1037 1288 deprehen-

243 1299 354 1332 dentur,
369 1303 492 1326 extrema
512 1298 646 1333 supplicia
661 1298 847 1330 sustinebunt,
864 1302 895 1325 ut
911 1299 957 1333 qui
975 1305 1038 1326 suos

243 1343 295 1378 ipsi
311 1343 417 1370 fructus
430 1347 618 1378 corrumpant,
635 1346 663 1370 et
681 1343 710 1370 in
729 1343 806 1370 exitii
831 1343 924 1371 foveas
940 1344 1037 1379 impel-

242 1389 310 1421 lant,
331 1397 381 1423 pro
394 1389 495 1423 quibus
510 1389 634 1424 profecto
651 1396 760 1424 aequum
780 1393 841 1416 erat
858 1393 976 1417 mortem
987 1397 1037 1424 op-

243 1439 358 1469 petere:
372 1442 435 1461 nam
454 1435 482 1461 id
495 1434 619 1469 patribus
637 1439 735 1462 natura
755 1443 864 1470 quoque
889 1435 947 1470 ipsa
966 1443 1037 1470 prm-

243 1478 351 1505 scribit.
367 1479 419 1512 Qui
443 1487 508 1514 ergo
526 1487 560 1508 ex
582 1488 611 1508 se
632 1481 751 1515 puellam
778 1481 812 1508 ad
833 1481 1037 1516 apertissimum

244 1525 378 1559 probrum
394 1525 550 1553 volentibus
565 1526 690 1561 exponit,
704 1527 739 1554 ab
751 1535 785 1554 eo
809 1535 864 1554 non
882 1534 933 1561 pro
945 1527 1036 1562 puella

247 1569 380 1597 duntaxat
392 1571 513 1598 rationes
523 1579 671 1606 poenasque
686 1572 780 1607 ﬂagitii
791 1572 942 1607 justissime
956 1580 1035 1607 expo-

245 1620 303 1648 κει
321 1616 368 1643 ille
384 1616 506 1643 omnium
524 1617 622 1652 judex,
642 1617 690 1645 sed
715 1618 799 1645 etiam
821 1625 871 1652 pro
895 1618 1034 1651 omnibus,

244 1663 293 1698 qui
308 1662 363 1690 sint
382 1662 416 1689 ad
442 1663 645 1698 turpitudinem
678 1664 758 1699 lapsi.
792 1663 934 1698 Laqueum
960 1666 1035 1692 enim

244 1707 391 1743 quemdam
413 1712 441 1736 et
458 1709 555 1736 mortis
572 1713 629 1737 rete
661 1717 724 1736 cum
749 1709 906 1742 tetenderit,
940 1718 1036 1737 omnes

244 1755 461 1790 comprehensos
479 1755 564 1782 habet
578 1776 585 1788 ,
606 1755 733 1790 quamvis
745 1762 801 1781 non
813 1762 908 1781 omnes
924 1754 1035 1789 capian-

245 1805 307 1835 tur;
322 1809 413 1836 neque
429 1801 504 1828 enim
516 1802 629 1829 omnino
640 1801 731 1828 exitus
752 1801 792 1828 rei
814 1804 964 1836 spectatur,
987 1799 1035 1827 sed

244 1850 397 1881 coeptorum
411 1847 453 1873 vis
469 1850 551 1881 atque
565 1846 689 1874 facultas.
702 1846 741 1873 De
752 1845 887 1880 ejusmodi
899 1853 965 1873 vero
974 1853 1035 1872 mu-

244 1891 312 1918 liere
347 1892 567 1926 sapientissimus
601 1899 710 1926 quoque
747 1891 876 1919 Salomon
909 1890 1034 1918 scribit:

248 1947 258 1964 ι
275 1938 427 1970 Mulierem,
448 1946 509 1973 quae
521 1938 636 1972 laqueus
647 1941 690 1965 est
706 1942 734 1965 et
749 1941 808 1964 rete
828 1945 876 1964 cor
894 1937 964 1973 ejus,
977 1937 1038 1964 vin-

243 1983 306 2011 cula
319 1985 347 2010 in
367 1983 494 2011 manibus
509 1984 570 2019 ejus
580 1983 612 2010 ⁸³.
634 1993 644 2008 ι
660 1983 821 2010 Necessario
841 1983 933 2018 itaque
953 1983 1036 2018 legis-

245 2029 333 2061 lator,
355 2039 364 2054 ι
383 2029 444 2056 Non
470 2028 639 2064 profanabis,
667 2029 768 2063 inquit,
791 2028 875 2056 ﬁliam
891 2032 981 2061 tuam,
1006 2033 1037 2056 ut

243 2075 375 2102 fornicari
393 2075 477 2102 facias
499 2082 569 2106 eam,
592 2078 691 2102 etnon
714 2074 897 2102 fornicabitur
920 2079 1004 2102 terra.
1023 2084 1032 2100 ι

244 2120 312 2148 Nam
327 2121 349 2147 si
368 2121 441 2148 nulla
458 2120 541 2148 fuerit
555 2120 677 2152 omnino,
697 2128 759 2147 cum
772 2127 826 2155 qua
845 2119 1036 2148 fornicationis

243 2166 350 2194 crimen
370 2165 542 2199 admittatur,
566 2166 640 2193 haud
660 2165 771 2193 difﬁcile
786 2166 840 2193 erit
855 2166 908 2194 hoc
933 2166 1036 2194 malum

241 2211 375 2247 etl'ugere,
395 2211 520 2246 quamvis
542 2210 675 2246 praecipiti
696 2211 731 2238 sit
747 2211 883 2246 quispiam
903 2211 931 2238 in
957 2211 1036 2239 volu-
1055 2221 1075 2249 υ

244 2263 348 2294 ptatem
362 2257 454 2285 animo
467 2278 473 2290 ,
486 2261 513 2284 et
524 2257 558 2284 ad
579 2256 764 2284 resistendum
786 2264 899 2292 prorsus
923 2257 1031 2293 ignavo.

245 2304 384 2332 Hactenus
395 2310 457 2330 cum
479 2301 665 2337 praecepisset,
680 2306 710 2329 ut
730 2301 827 2330 liberis
840 2310 855 2329 a
873 2303 1035 2337 parentibus

244 2350 374 2378 honestas
391 2348 516 2383 corporis
538 2352 705 2380 servaretur,
732 2347 811 2384 24],
832 2352 920 2376 morte
950 2349 1033 2376 etiam

245 2396 353 2427 multat,
379 2395 401 2422 si
420 2394 482 2429 quis
509 2393 537 2420 in
546 2401 606 2420 eam
632 2393 796 2420 sententiam
818 2394 979 2426 veneril,ut
999 2394 1033 2422 ad

245 2440 453 2468 desciscendum
468 2447 483 2466 a
495 2439 551 2466 Deo
572 2446 636 2466 suos
648 2438 752 2466 liberos
771 2439 903 2474 impellat.
917 2438 963 2466 Sic
984 2447 1034 2466 au-

246 2490 299 2513 ten
312 2485 339 2512 in
352 2484 474 2512 Levitico
486 2484 618 2519 scriptum
630 2487 672 2511 est
686 2492 693 2511 :
711 2484 759 2512 «Et
772 2484 880 2512 locutus
887 2488 929 2512 est
941 2484 1035 2512 Domi-

246 2539 297 2559 nus
313 2530 346 2558 ad
363 2530 488 2565 Moysen,
505 2529 599 2557 dicens
627 2539 634 2557 τ
649 2529 677 2557 Si
690 2529 753 2565 quis
764 2529 798 2557 de
817 2529 881 2557 ﬁliis
894 2529 978 2557 lsrael
991 2529 1034 2557 vel

245 2578 279 2605 de
292 2576 446 2612 proselytis.
467 2575 513 2611 qui
530 2575 697 2603 accesserint
719 2575 754 2603 ad
769 2575 865 2607 lsrael,
880 2573 987 2602 dederit
1000 2574 1036 2602 de

245 2624 350 2652 semine
363 2630 413 2651 suo
425 2623 554 2659 principi,
565 2627 654 2651 morte
667 2623 803 2650 moriatur
812 2631 818 2649 :
828 2630 904 2658 gens,
919 2630 979 2657 qua?
994 2627 1036 2650 est

245 2667 274 2695 in
289 2671 362 2694 terra
374 2667 430 2700 illa,
441 2667 602 2702 lapidabunt
612 2674 676 2694 eum
697 2667 854 2702 lapidibus;
868 2671 896 2695 et
910 2675 961 2702 ego
984 2667 1035 2695 ob-

245 2713 360 2741 flrmabo
370 2713 467 2742 faciem
482 2721 570 2742 meam
578 2721 662 2749 super
675 2713 814 2741 hominem
830 2713 918 2745 illum,
934 2717 962 2740 et
973 2720 1036 2748 per-

245 2758 306 2787 dam
318 2767 380 2787 eum
391 2760 425 2788 de
434 2760 536 2796 populo
554 2767 614 2793 suo,
630 2759 694 2795 quia
714 2759 748 2787 de
773 2759 877 2788 semine
897 2767 948 2787 suo
958 2759 1035 2787 dedit

297 2849 317 2865 “
337 2849 438 2886 Ephes.
450 2858 485 2881 Vl,
510 2850 536 2877 ό.
575 2850 595 2866 ³⁸
609 2849 696 2878 Levit.
711 2858 765 2883 tux,
778 2850 822 2878 29.
846 2850 867 2866 "
880 2850 970 2878 Eccle.
983 2857 1029 2881 vn,
1039 2849 1081 2877 27.

1086 920 1140 957 πρό
1149 929 1182 955 γε
1194 921 1249 948 τῶν
1263 921 1361 955 ἄλλων,
1371 921 1420 949 καὶ
1432 923 1596 958 πρωτόλειον
1607 924 1703 961 ὥσπερ
1712 932 1739 952 τι
1755 926 1806 962 τῆς
1819 927 1883 954 avla.

1085 966 1152 1001 γοῦς
1177 967 1332 1000 πολιτείας,
1357 968 1459 1002 ἐξαιτεῖ
1472 969 1537 1006 παρ’
1557 970 1636 1005 ἡμῶν
1651 971 1665 998 ὀ
1687 973 1881 1009 Δημιουργόςθ

1087 1013 1261 1048 προειοόολαὶ
1272 1014 1326 1050 γὰρ
1339 1013 1434 1050 ὥσπερ
1447 1015 1500 1050 τῆς
1517 1016 1587 1043 κατὰ
1601 1017 1709 1053 πνεῦμα
1724 1018 1883 1056 λαμπρότηι

1086 1066 1132 1090 τος
1147 1058 1180 1085 τὰ
1196 1060 1343 1094 σωματικὰ
1355 1081 1363 1094 ,
1378 1060 1423 1088 τὸν
1437 1058 1481 1087 ἐπ’
1495 1062 1656 1098 αίσχρότητί
1674 1072 1704 1090 τε
1719 1065 1766 1091 καὶ
1783 1066 1881 1103 ἀτιμίᾳ

1086 1102 1310 1139 διαδιδράσκοντα
1326 1105 1432 1141 μῶμον.
1448 1106 1489 1133 Τὰ
1508 1108 1617 1134 πάντων
1631 1106 1678 1135 οὖν
1694 1109 1795 1145 αριστα
1813 1102 1882 1147 πρέξ

1088 1157 1134 1176 ποι
1152 1150 1185 1177 ἂν
1200 1151 1266 1186 ἡμῖν
1280 1152 1451 1187 εἰσηγεῖσθαι
1473 1153 1606 1189 πατέρας.
1621 1155 1693 1182 Είδὲ
1707 1155 1739 1192 δὴ
1756 1156 1881 1191 μέλλοιεν

1088 1195 1251 1224 ὑπτιοῦσθαι
1270 1197 1318 1224 καὶ
1340 1198 1473 1235 ῥᾳθυμεῖν
1488 1200 1512 1226 ot
1530 1201 1711 1236 παιδαγωγοὶ,
1733 1203 1836 1238 μᾶλλον
1852 1204 1880 1231 δὲ

1088 1243 1134 1269 καὶ
1148 1243 1202 1269 τῶν
1217 1244 1362 1279 αἰσχιόνων
1374 1245 1468 1278 αὐτοῖς
1478 1247 1622 1282 γεγονότες
1635 1248 1755 1285 ἀρχηγοὶ
1772 1251 1821 1277 καὶ
1832 1259 1880 1278 κα·

1088 1287 1207 1323 θηγηταὶ
1222 1289 1386 1324 παραλδγως
1394 1291 1549 1326 ἡλίσκοντο,
1566 1293 1663 1329 ποινὴν
1678 1294 1880 1331 ὑποστήσονται

1087 1334 1138 1368 τὴν
1153 1334 1288 1370 ἐσχάτην,
1311 1335 1349 1367 ὡς
1363 1336 1428 1368 τοὺς
1450 1337 1531 1372 ίδίους
1547 1339 1624 1366 αὐτοὶ
1645 1342 1770 1377 καρποὺς
1798 1350 1881 1368 κατα-

1089 1379 1255 1415 φθείροντες,
1273 1383 1319 1409 ml
1335 1384 1393 1415 τοῖς
1407 1384 1458 1418 τῆς
1473 1384 1610 1417 ἀπωλείας
1624 1386 1742 1419 ἐνιέντες
1754 1387 1861 1423 βάθροις
1871 1409 1880 1421 ,

1088 1424 1125 1453 ὧν
1148 1425 1183 1462 ἦν
1195 1428 1280 1464 δήπου
1301 1429 1349 1456 καὶ
1365 1429 1566 1466 ὑπερθνῄσκειν
1584 1431 1697 1468 ἄμεινον
1713 1442 1721 1449 ·
1737 1434 1882 1469 νομοθετεῖ

1088 1472 1142 1508 γὰρ
1162 1473 1302 1500 καὶτοῦτο
1319 1476 1336 1510 ἡ
1352 1475 1433 1510 φύσις
1453 1478 1601 1513 πατράσιν.
1623 1478 1652 1505 ’0
1665 1479 1693 1506 δὲ
1708 1479 1739 1515 δὴ
1756 1480 1826 1516 πρὸς
1839 1481 1879 1507 αι-

1089 1519 1227 1554 σχρότητα
1249 1520 1298 1556 τὴν
1318 1522 1525 1558 ὲμφανεστάτην
1550 1526 1606 1556 τοῖς
1628 1525 1751 1552 ἐθέλουσι
1768 1527 1881 1562 προθεὶς

1087 1564 1118 1590 τὸ
1132 1564 1230 1592 ἑαυτοῦ
1245 1566 1347 1601 κόριον,
1359 1568 1408 1602 οὐχ
1424 1569 1493 1605 ὑπὲρ
1507 1569 1590 1596 αὐτοῦ
1605 1571 1651 1597 καὶ
1671 1572 1752 1607 μόνου
1768 1573 1881 1605 δικαίως

1087 1610 1120 1638 ἂν
1129 1611 1266 1640 εὐθύνοιτό
1281 1622 1311 1640 τε
1325 1614 1371 1641 καὶ
1383 1614 1514 1647 ἐξαιτοῖτο
1528 1616 1605 1649 δίκας
1616 1618 1692 1653 παρά
1701 1627 1733 1653 γε
1745 1619 1794 1646 τοῦ
1813 1620 1882 1647 πάν-

1087 1666 1142 1686 των
1153 1659 1260 1694 κριτοῦ,
1278 1659 1346 1686 ἀλλὰ
1358 1661 1403 1687 καὶ
1420 1661 1489 1698 ὑπὲρ
1504 1663 1604 1695 παντὸς
1616 1663 1663 1690 τοῦ
1684 1665 1754 1700 πρὸς
1767 1666 1881 1702 αἰσχρό-

1086 1713 1156 1738 τητα
1170 1705 1389 1741 διωλισθηκότος.
1401 1707 1543 1744 Θήρατρον
1556 1708 1609 1744 γὰρ
1621 1709 1717 1744 ὥσπερ
1730 1720 1757 1737 τι
1770 1713 1881 1745 προθεὶς

1087 1749 1135 1774 καὶ
1149 1748 1266 1775 θανάτου
1286 1749 1367 1783 λίνον,
1382 1751 1486 1782 πάντας
1501 1750 1557 1786 ἔχει
1574 1752 1722 1787 συλλαϐὼν,
1742 1755 1792 1781 καὶ
1803 1757 1827 1782 ei
1843 1757 1880 1792 μὴ

1087 1793 1189 1826 πάντες
1213 1794 1376 1822 ἁλίσκοιντο.
1401 1796 1585 1831 Δοκιμάζεται
1609 1798 1662 1834 γὰρ
1684 1799 1747 1835 οὐχὶ
1770 1800 1804 1836 δή
1830 1811 1879 1828 που

1088 1838 1196 1871 πάντως
1218 1840 1250 1866 τὸ
1266 1840 1417 1876 ὲκσεόηκδς
1431 1861 1438 1873 ,
1464 1841 1534 1868 ἀλλὰ
1554 1842 1610 1869 τῶν
1635 1844 1878 1883 ἐγχειρημάτωνὴ

1088 1885 1202 1920 δύναμις
1211 1893 1219 1900 ·
1231 1887 1362 1920 γυναικὸς
1375 1887 1404 1913 δὲ
1419 1886 1481 1923 πέρι
1495 1888 1612 1920 τοιᾶσδε,
1626 1891 1674 1916 καὶ
1687 1891 1701 1916 ὀ
1722 1891 1879 1926 σοφώτατος

1088 1931 1188 1967 γράφει
1201 1932 1342 1969 Σολομῶν·
1354 1941 1364 1958 ‹
1377 1933 1433 1968 Τὴν
1455 1935 1585 1968 γυναῖκα,
1599 1935 1661 1970 ἥτις
1677 1935 1735 1963 ἐστὶ
1753 1937 1882 1974 θήρευμα
1901 1947 1905 1950 ‘

1087 1978 1136 2005 καὶ
1153 1979 1258 2014 σαγή-ιη
1268 1978 1366 2014 καρδία
1377 1979 1472 2015 αὐτῆς,
1484 1980 1583 2016 δεσμὸς
1597 1981 1637 2014 είς
1651 1983 1746 2018 χεῖρας
1757 1984 1854 2019 αὐτῆς.
1869 1993 1878 2010 ι

1093 2024 1263 2060 Ἀναγκαίως
1279 2025 1423 2061 τοιγαροῦν
1440 2026 1454 2052 ό
1473 2025 1634 2062 νομοθέτης,
1662 2036 1672 2054 ι
1697 2028 1734 2055 Οὐ
1760 2028 1881 2065 βεϐηλώ-

1089 2078 1158 2101 σεις,
1180 2079 1190 2096 ι
1202 2070 1278 2105 φησὶ,
1289 2080 1299 2097 ι
1316 2070 1366 2107 τὴν
1376 2071 1513 2107 θυγατέρα
1524 2081 1581 2106 σου,
1592 2073 1773 2109 ὲκπορνεῦσαι
1783 2075 1880 2112 αὐτὴν,

1088 2117 1136 2144 καὶ
1149 2115 1198 2144 οὐκ
1210 2117 1381 2154 ὲκπορνεύσῃ
1392 2119 1408 2153 ὴ
1419 2117 1466 2153 γῆ.
1483 2127 1492 2144 ι
1505 2119 1543 2145 Οὐ
1554 2119 1609 2155 γὰρ
1624 2119 1709 2156 οὔσης
1722 2120 1803 2155 ὅλως,
1817 2121 1880 2158 περὶ

1088 2162 1122 2198 ἢν
1141 2162 1175 2190 ἃν
1185 2162 1289 2197 γένοιτο
1307 2163 1389 2198 τυχὸν
1399 2163 1450 2199 τῆς
1463 2164 1590 2200 πορνείας
1602 2163 1633 2191 τὸ
1646 2165 1784 2201 ἔγκλημα,
1796 2167 1879 2202 χαλε-

1089 2207 1139 2235 πὸν
1155 2208 1231 2236 οὐδὲν
1242 2208 1273 2235 τδ
1282 2209 1423 2245 διαδράναι
1432 2209 1539 2242 παθεῖν,
1556 2210 1602 2238 καὶ
1616 2210 1644 2237 εῐ
1651 2211 1688 2247 τῴ
1697 2221 1738 2244 τις
1752 2213 1796 2248 είη
1813 2213 1879 2249 πρὸς

1087 2254 1184 2289 ἡδονὴν
1193 2255 1379 2290 εὐπάροιστος,
1391 2256 1438 2283 καὶ
1445 2256 1476 2282 τὸ
1483 2256 1580 2283 ἄναλκι
1591 2257 1728 2290 παντελῶς
1738 2259 1880 2294 ἀρρωστή-

1089 2307 1138 2330 σας
1149 2299 1163 2325 ό
1170 2299 1242 2331 νοῦς,
1255 2300 1405 2336 εὐκοσμίαν
1412 2301 1440 2328 δὲ
1447 2301 1498 2337 τὴν
1505 2301 1545 2333 εἴς
1553 2310 1585 2336 γε
1593 2303 1624 2329 τὺ
1634 2302 1714 2338 σῶμα
1721 2312 1755 2339 τη
1761 2305 1876 2339 ρεῖσθαι.

1088 2344 1165 2377 Τέως
1183 2345 1338 2381 προστάξας
1354 2347 1430 2382 παρὰ
1452 2347 1507 2374 τῶν
1530 2348 1657 2385 πατέρων
1679 2350 1735 2381 τοῖς
1753 2351 1876 2385 τέκνοις,

1089 2391 1198 2426 θανάτῳ
1215 2391 1329 2426 τιμᾶται
1352 2392 1399 2418 καὶ
1415 2392 1462 2419 τὸν
1487 2394 1528 2425 είς
1551 2393 1630 2420 τοῦτο
1648 2394 1721 2421 ίόντα
1743 2396 1854 2432 γνώμη.
1869 2416 1877 2429 ,

1088 2437 1125 2468 ὼς
1139 2437 1179 2468 είς
1194 2437 1343 2464 ἀπόστασιν
1368 2437 1416 2474 τὴν
1434 2438 1488 2465 ἀπὸ
1504 2439 1571 2466 Θεοῦ
1586 2440 1619 2467 τὰ
1635 2440 1687 2468 ῐδια
1704 2443 1878 2478 παραρρίψαι

1089 2484 1249 2518 γεννήματα
1260 2491 1266 2497 ·
1287 2483 1444 2519 γέγραπται
1458 2484 1486 2511 δὲ
1502 2484 1589 2518 οὕτως
1612 2486 1641 2514 ὲν
1657 2485 1695 2522 τῷ
1719 2487 1857 2524 Δευῖτικῷ
1869 2497 1876 2505 ·

1092 2538 1101 2554 ι
1112 2529 1166 2555 Καὶ
1177 2528 1292 2564 ὲλάλησε
1305 2529 1408 2564 Κύριος
1424 2531 1492 2567 πρὸς
1506 2531 1619 2567 Μωσῆν,
1634 2531 1722 2566 λέγων
1734 2541 1741 2552 ε
1755 2534 1811 2561 Καὶ
1823 2536 1877 2568 τοῖς

1089 2574 1157 2605 υἱοῖς
1165 2574 1271 2610 Ἰσραὴλ
1284 2574 1410 2610 λαλήσεις
1422 2576 1518 2610 λέγων·
1543 2577 1606 2604 Ἐάν
1619 2586 1660 2609 τις
1674 2578 1729 2605 ἀπὸ
1739 2579 1795 2606 τῶν
1812 2579 1877 2606 υίῶν

1094 2620 1224 2656 Ἰσραὴλ,
1245 2619 1262 2655 ἢ
1282 2619 1337 2647 τῶν
1363 2622 1629 2657 προσγεγενημένων
1648 2623 1829 2659 προσηλύτων
1849 2625 1876 2651 ὲν

1095 2665 1220 2702 Ἰσραὴλ,
1242 2665 1271 2698 ὃς
1287 2666 1320 2694 ἂν
1338 2666 1376 2702 δῷ
1398 2667 1446 2694 τοῦ
1468 2668 1625 2704 σπέρματος
1644 2669 1728 2696 αὑτοῦ
1751 2670 1874 2707 ἄρχοντε,

1089 2713 1197 2748 θανάτῳ
1213 2712 1388 2740 θανατούσθω
1402 2722 1408 2729 ·
1424 2714 1455 2741 τὺ
1469 2714 1544 2747 ἔθνος
1558 2715 1588 2742 τδ
1608 2715 1654 2742 ἐπὶ
1668 2716 1718 2752 τῆς
1734 2716 1787 2752 γῆς
1805 2716 1874 2744 λιθο-

1089 2758 1248 2795 δολήσουσιν
1267 2759 1349 2788 αὑτὸν
1371 2761 1400 2788 ὲν
1421 2760 1522 2794 λίθοις·
1539 2763 1586 2789 καὶ
1607 2761 1663 2808 ἐγὼ
1679 2762 1823 2799 ἐπιστήσω
1845 2762 1874 2790 τὺ
