1939 3041
81 126 141 158 34'!

79 230 170 257 αὐτὸν
188 231 223 257 ἐκ
235 230 283 258 τοῦ
299 231 363 258 λαοῦ
380 230 478 265 αὐτοῦ,
494 233 534 260 ὅτι
552 234 600 261 τοῦ
623 235 780 271 σπέρματος
795 237 878 263 αὑτοῦ

82 276 189 304 ἔδωκεν
215 277 343 313 ἄρχοντι,
362 278 405 305 ἵνα
421 280 502 315 μιάνῃ
520 280 555 307 τὰ
570 281 637 316 ἀγιά
654 290 716 317 μου,
734 283 782 310 καὶ
797 283 879 320 βεϐη-

80 322 161 358 -λὼσῃ
180 322 212 349 τὸ
227 323 312 359 ὅνομα
326 324 380 350 τῶν
394 325 568 361 ἡγιασμένων
586 335 642 362 μοι.
663 337 674 353 ι

121 369 226 396 ΠᾹΛΛ.
254 369 387 405 Ἀμυδρὺς
410 371 424 397 ὁ
440 371 533 406 νόμος.
557 373 594 399 οὺ
616 372 672 409 γὰρ
698 374 814 409 ἐναργές
834 383 878 402 πω

85 414 161 449 μάλα
180 415 212 442 τὺ
227 415 254 442 τί
278 416 311 442 ἇν
331 416 451 450 βούλοιτο
474 417 584 454 δηλοῦν.
610 420 744 454 Διασάφει
762 420 795 456 δὴ
818 418 875 447 οὖν·

85 460 197 496 δράσεις
209 461 264 497 γὰρ
280 461 379 496 ὀρθῶς.

57 498 61 503 ’
121 509 204 535 ΚΥΡ.
217 509 360 536 Μωαϐῖται
372 510 418 536 καὶ
431 509 604 546 Μαδιηναῖοι,
617 510 776 545 Γεργεσαῖοί
789 519 819 536 τε
830 510 876 537 καὶ

90 554 250 589 ’Δγαρηνοὶ,
273 555 320 581 καὶ
347 554 493 590 βαρϐάρων
522 555 605 591 ἕτερα
632 556 702 583 ἄττα
720 556 786 592 γένη
801 575 809 588 ,
826 556 876 592 τὴν

91 601 232 627 Ἰουδαίων
251 602 450 636 προσοικοῦντα
466 597 558 637 χώραν
571 622 578 634 ,
594 601 683 628 ἔθεσιν
707 602 876 630 ἐπολιτεύετο

81 648 139 678 τοῖς
158 647 332 682 Ἑλληνικοῖς.
351 648 397 674 καὶ
409 645 443 682 ἦν
457 647 565 683 ἑκάστῳ
579 647 712 683 θρησκεία
725 648 756 675 τὸ
768 648 873 681 δοκοῦν,

82 693 133 719 καὶ
151 693 182 719 τὸ
198 694 238 724 είς
254 693 316 720 νοῦν
331 691 398 729 ἧκον
422 692 517 725 ἁπλῶς
527 713 534 724 ,
549 693 737 729 προσκύνησις
762 694 810 720 καὶ
828 694 875 721 λα-

81 737 180 772 τρεία·
201 737 307 772 ἀσφαλῆ
327 737 355 764 δὲ
371 738 448 765 ubi-cm
473 738 519 765 uel.
540 739 744 774 ἐρηρεισμένην
767 739 874 774 ἔχοντες

81 782 134 817 τὴν
150 782 268 808 διάνοιαν
282 783 321 814 εις
337 782 474 817 φιλοθεταν
489 785 513 809 οἱ
529 783 559 815 ἐξ
576 784 694 819 Ἰσραὴλ.
711 784 808 820 κομιδῇ
825 784 874 820 μὲν

80 825 154 862 ἦσαν
172 827 346 862 εὐπάροιστοι
358 829 427 863 πρὸς
442 828 603 860 ἀπόστασιν,
621 827 728 855 εὔκολοι
742 828 770 855 δὲ
787 828 873 860 οὕτως

80 874 121 904 εἰς
134 874 290 909 ἀποφορὰν,
305 873 342 905 ὡς
354 874 478 909 ἡγεῖσθαι
494 875 559 910 παρ’
570 874 646 901 οὐδὲν
659 873 690 900 τὸ
706 874 754 901 καὶ
768 875 870 906 αὐτοῖς,
889 864 911 894 Β

77 920 104 945 εἰ
116 919 204 954 τύχοι,
218 921 380 955 προσκυνεῐν
396 921 452 951 τοῖς
466 919 519 946 τῶν
533 921 640 956 ὁμόρων
652 919 733 952 θεοῖς,
749 920 797 948 καὶ
810 928 874 947 συν-

78 965 190 992 ελέσθαι
210 967 297 992 νοσεῖν
319 967 375 998 τοῖς
395 965 497 1000 γείτοσι
520 966 570 1001 τὴν
595 965 700 993 ἀνωθεν
725 974 757 993 τε
776 967 824 993 καὶ
843 966 873 994 ὲν

77 1011 211 1047 Αἰγύπτῳ
228 1011 370 1046 πλάνησιν.
386 1011 442 1038 Καὶ
450 1011 516 1046 γοῦν
529 1013 588 1043 ταῖς
605 1012 638 1038 ὲκ
652 1011 768 1048 Μαδιὰμ
784 1012 873 1040 νεάνι-

80 1067 123 1085 σιν
140 1058 320 1094 ἐπεμαίνοντό
334 1067 399 1085 ποτε
412 1078 420 1091 ,
434 1058 481 1085 καὶ
494 1059 612 1093 γυναίων
625 1059 711 1095 ὥραις
732 1067 873 1095 συνηρπα-

81 1105 188 1140 σμένοι.
205 1105 439 1132 συνεπεκαλοῦντο
455 1106 545 1137 αὐτοῖς
561 1105 607 1133 τὸν
626 1106 797 1142 Βεελφεγώρ.
815 1106 872 1133 Ἐν-

78 1151 176 1180 τεῦθεν
191 1153 204 1178 ὁ
215 1152 364 1187 νομοθέτης
377 1152 588 1188 προαναθρήσας
601 1150 631 1179 εὗ
647 1152 719 1187 μάλα
732 1152 763 1179 τὸ
774 1152 873 1188 σαθρόν

78 1206 110 1224 τε
128 1199 176 1224 καὶ
199 1198 391 1225 εὖδιάκλαστον
413 1198 463 1233 τῆς
486 1198 602 1234 ἐνούσης
624 1199 716 1230 αὐτοῖς
732 1199 871 1233 διανοίας,

79 1245 210 1280 ἀπέφησε
227 1245 366 1277 παντελῶς
387 1246 437 1281 τὴν
461 1246 526 1281 πρὸς
542 1246 699 1282 ἀλλοτρίους
720 1246 871 1281 ἐπιμιξίαν,

80 1291 242 1326 σαφέστατα
263 1291 367 1326 λέγων·
389 1302 397 1318 ι
418 1292 473 1328 Τὴν
498 1292 638 1328 θυγατέρα
664 1301 710 1320 σου
728 1294 759 1320 οὐ
776 1293 872 1326 δώσεις

78 1337 118 1373 τῷ
134 1338 185 1373 υιῴ
194 1338 290 1370 αὑτοῦ,
308 1338 355 1367 καὶ
370 1339 420 1374 τὴν
440 1339 577 1373 θυγατέρα
595 1339 679 1366 αὑτοῦ
697 1340 726 1366 οὑ
744 1339 817 1376 λήψῃ
833 1340 873 1375 τῷ

79 1383 132 1419 υἱῷ
144 1392 192 1411 σου
204 1392 212 1398 ”
231 1384 381 1420 ἀποστήσει
397 1384 452 1420 γὰρ
465 1384 511 1411 τὸν
529 1384 585 1412 υἱόν
601 1393 647 1412 σου
661 1385 708 1412 ἀπ’
727 1384 807 1420 ἐμοῦ,
823 1386 871 1412 καὶ

78 1430 225 1466 πορευθεὶς
232 1430 377 1466 λατρεύσει
385 1431 455 1462 θεοῖς
466 1430 580 1466 ἑτέροις.
593 1440 602 1456 ι
620 1431 729 1466 Ἐπειδὴ
738 1431 826 1458 τοίνυν
838 1429 872 1467 ἧν

80 1477 112 1512 δή
123 1485 175 1503 που
186 1476 304 1509 πάντως,
315 1477 362 1503 καὶ
373 1476 444 1512 μάλα
455 1476 578 1509 είκότως,
588 1476 643 1503 τῶν
652 1476 681 1508 ἐξ
696 1477 803 1513 Ἰσραὴλ
815 1477 873 1504 ἐλέ-

80 1522 236 1554 σθαιτινὰς,
245 1524 301 1554 τοῖς
311 1523 365 1550 τῶν
377 1522 462 1550 ἐθνῶν
469 1523 710 1559 περιφανεστέροις
718 1524 871 1558 κατεγγνᾷν

74 1570 232 1606 ’θυγατέρας
248 1570 354 1605 πλούτῳ
365 1569 616 1605 σεσαγηνευμένας,
631 1570 670 1601 εῐς
685 1578 717 1604 γε
730 1570 760 1596 τὺ
771 1570 869 1606 χρῆναι

76 1615 236 1650 λογίζεσθαι
255 1617 320 1652 παρ’
335 1616 412 1643 οὐδὲν
421 1615 471 1651 τὴν
486 1615 651 1647 ἀπόστασιν,
666 1614 751 1650 ὀργὴν
764 1616 811 1642 καὶ
824 1616 869 1642 τὸν

76 1661 195 1689 θάνατον
219 1662 359 1697 καθορίζει
382 1661 430 1688 τοῦ
444 1661 636 1697 τολμήματος,
654 1661 702 1688 καὶ
723 1662 779 1692 τοῖς
805 1661 870 1696 περὶ

77 1705 133 1732 τῶν
153 1706 276 1738 ἐσχάτων
291 1706 425 1742 ὑποφέρει
441 1705 531 1740 λόγοις
551 1705 600 1741 τὴν
623 1707 733 1742 γραφήν
745 1715 752 1722 ·
767 1704 800 1740 ἦν
816 1706 870 1740 γὰρ

77 1749 230 1784 ἀναγκαῖον
245 1749 294 1784 τὴν
311 1749 451 1783 ἀλλογενεῖ
469 1749 605 1782 δοθεῖσαν,
618 1749 747 1783 γενέσθαι
758 1750 804 1776 καὶ
817 1750 871 1776 έτε-

76 1793 210 1830 ρὸφρονα.
228 1794 275 1820 καὶ
289 1792 435 1828 λατρεῦσαι
447 1792 586 1828 δαίμοσιν·
599 1792 637 1824 ὡς
650 1793 767 1828 ὀλετῆρα
776 1793 808 1829 δὴ
824 1790 871 1820 οὖν

77 1839 126 1866 τοῦ
145 1840 212 1866 ίδίου
226 1838 345 1874 καρποῦ,
356 1839 416 1870 ταῖς
430 1839 585 1875 ίσορρόποις
600 1838 760 1875 ὑπέστρωσε
771 1839 870 1871 δίκαις.

76 1884 185 1911 Οὐκοῦν
198 1885 215 1920 ἡ
235 1885 283 1920 μὲν
296 1885 357 1920 ίερά
369 1893 399 1911 τε
411 1885 459 1912 καὶ
474 1885 522 1912 νέα
545 1884 640 1921 Γραφὴ
654 1886 799 1920 παρεγγυᾷ
815 1887 871 1918 τοῖς

77 1930 218 1966 φύσασιν,
243 1931 272 1958 εν
285 1931 418 1967 νουθεσίᾳ,
427 1931 531 1967 Κυρίου
550 1931 688 1957 ποιεῖσθαι
709 1931 871 1963 σπουδάζειν

77 1977 128 2009 τὰς
138 1977 193 2004 τῶν
203 1977 306 2004 τέκνων
323 1977 489 2013 ἀνατροφὰς,
504 1978 518 2004 ὁ
530 1977 559 2004 δὲ
571 1976 779 2013 βραδύγλωσσος
791 1978 872 2013 νόμος

78 2023 123 2050 διὰ
137 2023 239 2050 κύκλου
254 2024 301 2051 καὶ
324 2025 477 2060 περιφορᾶς
504 2024 554 2060 τὴν
567 2025 653 2060 αὐτὴν
671 2025 785 2052 εἴσεισιν
800 2025 870 2053 ὁδόν.

80 2069 116 2095 Τὸ
133 2069 188 2104 γάρ
204 2077 245 2096 τοι
268 2069 306 2105 μὴ
323 2070 423 2106 χρῆναι
439 2071 561 2106 πατέρας
580 2071 749 2107 θυγατράσιν
768 2072 872 2106 ἐφεῖναι

79 2115 146 2151 δρᾷν
162 2115 198 2142 τά
221 2115 262 2147 είς
281 2116 448 2152 αἰσχρότητα
464 2117 511 2143 καὶ
527 2117 672 2151 ἀσέλγειαν
688 2117 872 2152 προεπιτάξας

79 2158 109 2187 εὖ
126 2160 218 2196 μάλα,
233 2161 288 2188 δεῖν
307 2162 340 2197 δὴ
356 2162 396 2189 ἔτι
426 2163 474 2189 καὶ⁹
497 2162 567 2198 μετὰ
581 2163 662 2190 τοῦτὸ
681 2171 747 2199 φησι
772 2163 808 2190 τὰ
832 2163 873 2194 είς

445 127 490 158 DE
509 129 729 160 ADORATIONE
750 132 783 160 IN
799 133 937 162 SPIRITU
951 133 998 163 ἘΤ
1018 135 1204 169 VERITATE.
1223 139 1288 168 LIB.
1309 138 1364 169 VII.

86 183 237 220 πρόσωπόν
255 194 306 221 μου
318 186 364 213 ἐπὶ
378 187 423 214 τὸν
436 187 577 223 ἄνθρωπον
594 190 707 224 ἐκεῖνον,
725 192 772 218 καὶ
787 192 878 218 ἀπολῶ
894 199 914 224 Α

1666 135 1719 172 διε

931 205 1058 241 principi,
1074 212 1104 235 ut
1114 208 1251 242 pollueret
1263 214 1355 236 sancta
1370 216 1439 242 mea,
1456 213 1483 237 et
1498 210 1655 245 proi‘anaret
1668 218 1721 240 no-

930 259 992 279 men
1015 253 1248 282 sanctiﬁcatorum
1263 256 1330 283 mihi
1340 256 1373 282 ".
1397 265 1406 282 ν

963 385 1061 414 PALL.
1078 386 1204 415 Obscura
1219 388 1278 416 haec
1293 393 1335 416 est
1347 389 1406 422 lex;
1417 397 1506 424 neque
1520 390 1594 417 enim
1612 394 1653 417 est
1673 391 1719 418 ad-

927 431 982 459 huc
995 432 1061 459 satis
1070 434 1256 468 perspicuum,
1269 435 1335 469 quid
1348 435 1401 462 sibi
1420 435 1486 463 velit
1499 444 1505 462 ε
1524 435 1598 463 illam
1610 444 1676 472 ergo
1696 437 1719 464 si

926 477 1086 512 explicabis,
1100 478 1202 513 optime
1214 479 1323 507 feceris.

962 522 1041 550 CYR.
1055 523 1180 552 Moabitae
1193 529 1220 552 et
1228 524 1393 558 Madianitae,
1405 525 1539 561 Gergestei
1551 531 1579 554 et
1590 528 1720 563 Agareui,

926 573 954 597 et
966 571 1103 598 nonnullze
1115 571 1174 599 aliae
1186 572 1311 600 barbara:
1331 573 1465 605 nationes,
1484 581 1543 608 quae
1561 574 1720 603 Iudaeorum

926 624 1066 651 regionem
1080 617 1248 650 incolebant,
1263 619 1388 646 moribus
1413 627 1444 646 ac
1467 619 1522 646 ritu
1534 621 1630 654 gentili
1643 621 1719 648 vive-

925 659 1002 693 bant,
1015 665 1043 688 et
1065 669 1126 688 eam
1150 663 1312 698 religionem
1343 662 1460 699 quisque
1488 665 1718 699 amplectebatur,

925 713 986 741 qua:
997 707 1048 734 sibi
1061 708 1209 742 placuisset
1224 717 1229 735 :
1243 710 1354 744 etquod
1372 710 1472 745 cuique
1486 715 1589 737 temere
1603 711 1631 737 in
1643 719 1720 737 men-

926 755 980 778 tem
993 752 1125 785 venisset,
1140 753 1167 780 id
1189 754 1324 781 adorabat
1336 759 1417 789 atque
1437 755 1555 782 colebat.
1573 755 1642 783 Cum
1653 764 1719 784 vero

925 795 973 823 ﬁlii
988 797 1071 825 Israel
1084 798 1112 824 in
1124 798 1172 825 Dei
1192 807 1286 826 amore
1308 800 1431 826 nondum
1448 801 1570 827 animum
1593 801 1660 828 satis
1674 801 1719 828 ﬁr-

925 850 999 870 mum
1015 851 1046 871 ac
1067 844 1194 871 stabilem
1206 845 1355 877 haberent,
1369 846 1402 873 ad
1416 847 1557 881 apostasin
1570 847 1718 874 admodum

924 889 1061 924 proclives
1073 895 1162 923 erant,
1175 895 1203 918 et
1226 891 1260 918 ad
1272 891 1456 919 defectionem
1479 892 1548 919 adeo
1570 892 1675 925 faeiles,
1687 896 1719 920 ut

923 941 975 970 pro
993 935 1081 962 nihilo
1093 936 1226 964 ducerent
1240 937 1314 972 ipsos
1325 945 1435 972 quoque
1447 938 1630 965 ﬁnitimarum
1654 947 1719 973 gen-

925 979 993 1007 tium
1012 980 1078 1008 deos
1091 981 1218 1015 adorare,
1230 987 1257 1010 et
1270 984 1351 1010 simul
1365 991 1427 1010 cum
1445 984 1545 1011 vicinis
1558 985 1718 1012 nationibus

923 1026 1028 1054 erroris
1041 1027 1100 1062 ejus
1112 1027 1210 1055 morbo
1225 1029 1415 1061 succumbere,
1429 1038 1483 1064 quo
1497 1030 1635 1065 superiori
1648 1035 1718 1058 tem-

923 1078 991 1107 pore
1008 1072 1036 1100 in
1052 1072 1167 1108 Egypto
1192 1073 1396 1107 laboraverant,
1418 1076 1514 1110 itaque
1541 1080 1596 1102 tam
1620 1075 1718 1103 insano

923 1125 1016 1146 amore
1041 1119 1178 1153 quondam
1205 1120 1233 1146 in
1262 1120 1472 1148 Madianitarum
1499 1121 1718 1149 adolescentulas

923 1168 1096 1196 exarserunt,
1121 1168 1160 1197 ut,
1187 1165 1412 1192 muliercularum
1435 1166 1523 1193 forma
1536 1167 1619 1201 capti,
1634 1167 1716 1194 simul

923 1209 1005 1237 etiam
1018 1217 1080 1236 cum
1093 1210 1147 1237 illis
1163 1210 1332 1245 Beelphegor
1354 1211 1534 1239 invocarent:
1557 1211 1620 1240 inde
1632 1212 1716 1247 legis—

922 1255 1004 1287 lator,
1023 1263 1085 1282 cum
1098 1263 1194 1282 eorum
1207 1256 1292 1283 animi
1305 1256 1520 1284 imbecillitatem
1542 1264 1574 1284 ac
1586 1257 1718 1292 fragilita-

923 1305 978 1328 tem
997 1300 1212 1336 prudentissime
1227 1302 1409 1336 prospiceret,
1429 1303 1573 1330 interdixit
1590 1303 1715 1336 omnino,

922 1354 957 1374 ne
971 1355 1033 1374 cum
1054 1346 1216 1381 alienigenis
1235 1346 1429 1380 miscerentur,
1447 1352 1529 1383 atque
1544 1349 1717 1383 apertissime

923 1392 1027 1419 edixit:
1045 1401 1054 1417 ι
1070 1392 1166 1419 Filiam
1180 1396 1253 1419 tuam
1264 1400 1320 1419 non
1332 1393 1411 1420 dabis
1423 1393 1480 1420 ﬁlio
1492 1393 1575 1425 illius,
1589 1397 1618 1420 et
1633 1393 1718 1420 ﬁliam

923 1439 997 1466 illius
1019 1446 1076 1465 non
1101 1438 1220 1473 accipies
1236 1438 1292 1465 ﬁlio
1321 1442 1389 1466 tuo:
1410 1443 1516 1474 avertet
1532 1439 1606 1466 enim
1631 1439 1717 1466 ﬁlium

923 1489 1001 1512 tuum
1013 1492 1028 1511 a
1040 1491 1095 1516 me,
1104 1487 1133 1510 et
1144 1483 1248 1510 vadens
1258 1483 1361 1511 serviet
1372 1483 1425 1511 diis
1438 1484 1537 1511 alienis
1546 1484 1577 1510 ".
1595 1494 1604 1509 )
1620 1484 1717 1519 Igitur,

885 1537 908 1567 ο
923 1531 1054 1566 quoniam
1065 1538 1115 1557 usu
1133 1534 1247 1557 venerat
1262 1530 1389 1562 fortasse,
1414 1530 1487 1565 quod
1506 1530 1655 1557 verisimile
1667 1530 1717 1557 ad-

923 1575 1035 1603 modum
1043 1579 1094 1607 est,
1107 1578 1137 1602 ut
1148 1575 1274 1602 nonnulli
1286 1583 1320 1602 ex
1333 1575 1427 1608 Israel,
1443 1575 1600 1602 divitiarum
1610 1575 1718 1610 cupidi-

924 1625 978 1648 tate
990 1621 1101 1653 irretiti,
1118 1620 1283 1655 quibusdam
1301 1620 1384 1648 claris
1396 1620 1463 1647 viris
1481 1620 1630 1656 gentilibus
1648 1621 1718 1648 ﬁlias

924 1667 1136 1702 desponderent,
1149 1667 1218 1694 adeo
1230 1671 1261 1694 ut
1278 1667 1416 1702 apostasin
1432 1672 1514 1702 atque
1527 1667 1613 1695 divini
1628 1668 1719 1695 cultus

924 1714 1108 1741 desertionem
1121 1721 1171 1748 pro
1192 1714 1280 1741 nihilo
1305 1717 1447 1749 putarent;
1472 1713 1534 1741 ideo
1557 1714 1670 1741 multam
1691 1718 1720 1741 et

924 1758 1195 1793 capitissupplicium
1209 1759 1275 1786 huic
1289 1759 1406 1786 tacinori
1427 1759 1583 1791 constituit,
1605 1763 1633 1786 et
1654 1767 1718 1794 gra-

924 1804 1043 1832 vissimis
1054 1804 1144 1839 poenis
1155 1805 1267 1840 subiicit
1288 1805 1341 1832 hoc
1359 1805 1466 1832 crimen
1480 1814 1486 1832 :
1507 1805 1587 1841 242
1603 1813 1718 1833 necesse

924 1852 998 1879 enim
1013 1855 1074 1879 erat
1086 1852 1246 1887 alienigena:
1260 1852 1289 1878 in
1315 1851 1523 1879 matrimonium
1543 1851 1717 1884 collocatam,

924 1898 1005 1926 aliam
1019 1905 1128 1933 quoque
1141 1901 1260 1925 mentem
1275 1897 1401 1930 induere,
1414 1901 1442 1924 et
1454 1897 1598 1925 dmmoniis
1612 1897 1718 1924 cultum

924 1943 1056 1971 exhibere
1070 1952 1076 1970 ε
1090 1943 1206 1978 ideoque
1221 1942 1336 1978 perinde
1349 1950 1381 1970 ac
1393 1942 1435 1970 sui
1452 1942 1559 1969 fructus
1571 1946 1717 1977 corrupto-

925 1996 982 2016 rem
996 1995 1028 2015 ac
1036 1988 1203 2023 perditorem
1215 1987 1326 2015 easdem
1339 1995 1435 2023 poenas
1447 1988 1540 2015 subire
1552 1988 1651 2023 coegit.
1664 1987 1718 2023 Igi-

926 2037 970 2061 tur
989 2041 1066 2061 sacra
1094 2041 1220 2068 novaque
1240 2033 1382 2068 Scriptura
1404 2033 1529 2068 praecipit
1545 2033 1717 2068 parentibus,

925 2084 956 2107 ut
974 2079 1003 2107 in
1025 2079 1170 2114 disciplina
1184 2079 1293 2106 Domini
1310 2079 1413 2106 liberos
1430 2078 1549 2106 educare
1572 2079 1717 2112 studeant;

925 2125 970 2153 lex
993 2132 1060 2153 vero
1077 2124 1268 2160 tardiloqueus
1290 2132 1340 2159 per
1363 2125 1510 2152 circuitum
1533 2127 1562 2152 et
1584 2121 1719 2152 ambitum

927 2171 1053 2198 eamdem
1064 2171 1137 2198 viam
1156 2170 1256 2206 pergit.
1280 2171 1349 2198 Nam
1361 2178 1424 2198 cum
1442 2171 1520 2206 prius
1532 2170 1673 2203 edixisset,
1684 2178 1719 2199 ne

79 2206 245 2242 θεογνωσίαν
265 2207 361 2240 αὑταῖς
378 2208 515 2235 ἀσάλευτα
539 2210 634 2244 τηρεῖν
647 2229 654 2242 ,
678 2209 725 2236 καὶ
747 2209 870 2244 βεϐήλοις

927 2220 1050 2252 parentes
1063 2216 1258 2251 permitterent
1271 2216 1340 2244 ﬁlias
1351 2224 1382 2244 ea
1391 2216 1493 2249 facere.
1509 2224 1571 2251 quae
1583 2216 1618 2243 ad
1633 2217 1720 2251 turpi-

79 2252 337 2289 εῐδωλολατρ[ε]ίαις
352 2254 403 2281 οὐκ
418 2252 465 2290 ὲᾷν
478 2254 677 2287 ὲναλίσκεσθαι,
691 2254 742 2281 κᾶν
752 2255 777 2281 εί
789 2254 872 2290 πολλή

78 2306 119 2330 τις
135 2297 233 2330 αὑταῖς
249 2299 392 2334 προκέοιτο
401 2299 547 2335 περιουσία
557 2300 718 2335 χρημάτωνι
734 2299 811 2335 ἀνδρὶ
823 2299 873 2335 μὲν

79 2344 134 2380 γὰρ
145 2344 297 2378 ἀλλογενεί,
314 2344 435 2380 πλουσίῳ
446 2344 468 2371 δ’
483 2342 529 2372 οὖν
540 2345 626 2380 ὅμως,
637 2344 712 2380 νόμῳ
723 2344 771 2371 τοῦ
782 2345 872 2380 γάμου

81 2390 294 2426 τυνεζευγμένη,
308 2389 352 2426 ἆρ’
367 2392 428 2427 οὐχὶ
439 2391 518 2418 τοῦτό
531 2392 588 2418 ὲστι
601 2391 631 2417 τὸ
640 2411 648 2424 ,
667 2400 676 2416 ι
690 2390 721 2418 Τί
733 2391 788 2427 γὰρ
801 2391 873 2426 ὼςρεα

80 2437 229 2472 Αηθήσεται
253 2436 396 2472 ἄνθρωπος
412 2436 459 2463 ὲὰν
471 2436 518 2463 τὸν
537 2436 639 2471 κόσμον
656 2436 716 2463 ὅλον
740 2436 872 2472 κερδήσῃ,

80 2483 129 2517 τὴν
144 2482 172 2508 δὲ
184 2482 273 2518 ψυχὴν
293 2482 375 2509 αὑτοῦ
390 2482 514 2518 ζημιωθῇ
529 2492 537 2516 ;
559 2493 568 2508 ι

927 2260 1050 2288 tudinem
1062 2265 1088 2288 et
1099 2261 1338 2296 intemperantiam
1345 2261 1526 2296 pertinerent,
1540 2264 1597 2288 tum
1608 2265 1720 2296 praeter-

926 2313 959 2332 ea
978 2305 1070 2340 inquit
1092 2313 1162 2341 opus
1187 2313 1248 2333 esse
1268 2310 1299 2333 ut
1324 2306 1374 2333 Dei
1401 2313 1514 2341 quoque
1532 2305 1718 2340 cognitionem

926 2349 1033 2377 ﬁrmam
1046 2351 1099 2378 illis
1114 2355 1141 2378 et
1152 2351 1293 2379 immotam
1313 2355 1435 2383 servent,
1457 2359 1547 2386 neque
1564 2359 1610 2378 eas
1628 2351 1719 2379 sinant

926 2395 1049 2430 profanis
1061 2396 1198 2423 idolorum
1209 2395 1330 2423 cultibus
1343 2396 1494 2431 implicari;
1508 2396 1633 2432 quamvis
1646 2398 1718 2423 mul-

928 2444 962 2467 ta:
984 2441 1040 2468 sint
1061 2440 1115 2478 illis
1130 2441 1215 2476 copia:
1237 2445 1319 2475 atque
1344 2448 1411 2476 opes
1432 2441 1590 2476 propositae,
1617 2441 1640 2468 si
1656 2449 1718 2468 cum

926 2485 987 2512 viro
1003 2485 1156 2523 alienigena
1177 2485 1300 2520 quidem,
1316 2493 1413 2512 verum
1436 2485 1532 2518 divite,
1558 2486 1717 2521 nuptiarum

82 2530 140 2564 lege
162 2529 380 2564 conjungantur;
405 2536 497 2555 nonne
526 2529 580 2556 hoc
600 2528 668 2556 illud
687 2533 750 2556 est:
773 2538 781 2554 ε
797 2527 869 2562 Quid
888 2531 962 2558 enim
974 2531 1086 2567 prodest
1110 2531 1227 2565 homini,
1247 2532 1270 2560 si
1294 2532 1454 2560 universum
1474 2532 1609 2560 mundum
1628 2533 1719 2560 lucre-

82 2577 136 2607 tur,
149 2574 249 2601 animm
266 2581 332 2601 vero
354 2581 411 2602 suae
434 2574 629 2603 detrimentum
651 2574 771 2610 patiatur
786 2574 856 2600 '5‘?»

84 2632 91 2637 ι
116 2621 223 2648 ΠΑΛΛ.
241 2619 344 2656 Ὀρθῶς
353 2620 432 2655 ἔφης.

116 2666 200 2694 ΚΥΡ.
218 2667 282 2693 Ἴδοι
292 2667 313 2693 δ’
329 2666 361 2693 ἄν
376 2675 427 2698 τις,
449 2666 496 2693 καὶ
522 2665 594 2701 μάλα
611 2665 722 2702 ῥᾳδίως,
738 2666 768 2693 οὺ
785 2665 872 2702 βραχὺ

83 2711 112 2739 τὸ
136 2712 320 2747 μεσολαϐοῦν,
342 2714 399 2744 τοῖς
412 2720 442 2738 τε
457 2712 485 2738 ὲν
500 2711 610 2748 Χριστῷ
632 2711 853 2747 δεδικαιωμένοις
863 2734 870 2745 ,

85 2758 128 2785 καὶ
149 2759 205 2790 τοῖς
228 2757 272 2784 διὰ
288 2758 372 2794 νόμου
398 2757 675 2793 παιδαγωγουμένοις.
692 2757 729 2784 Τὸ
749 2758 799 2793 μὲν
817 2758 871 2794 γὰρ

141 2847 162 2863 ³⁸
175 2847 263 2875 Levit.
278 2856 322 2880 xx,
334 2848 394 2881 1,2.

963 2622 1062 2650 PALL.
1084 2623 1169 2651 Recte
1181 2621 1260 2650 dicis.

961 2668 1040 2696 (ΝΒ.
1051 2669 1223 2697 Facillimum
1241 2671 1284 2696 est
1295 2671 1386 2696 autem
1397 2667 1486 2695 cuivis
1498 2667 1532 2695 ad
1545 2667 1715 2704 perspicien-

927 2713 1004 2746 dum,
1024 2721 1079 2741 non
1107 2721 1204 2748 parum
1221 2713 1355 2741 interesse
1374 2713 1447 2740 inter
1465 2720 1525 2747 eos,
1537 2713 1584 2749 qui
1605 2717 1669 2741 sunt
1687 2713 1716 2741 in

925 2758 1034 2786 Christo
1045 2758 1196 2795 iustiﬁcati,
1205 2763 1234 2787 et
1245 2767 1294 2788 eos
1304 2761 1351 2794 qui
1362 2766 1410 2795 per
1419 2759 1505 2794 legem
1517 2759 1713 2787 instituuntur:

451 2849 473 2864 ³⁵
488 2848 567 2875 Deut.
583 2856 627 2880 vn,
646 2849 672 2881 5,
689 2849 716 2875 ι.
755 2847 788 2864 ³⁸·
802 2846 896 2874 Matth.
914 2855 967 2876 xw.
985 2848 1029 2875 96.
