1939 3041
225 134 279 162 819

739 132 767 159 S.
788 130 927 159 CYRIIJJ
948 127 1184 157 ALEXANDR‘INI
1203 128 1364 157 ARCHIEP.

1810 128 1868 157 διο

226 198 291 219 nam
313 198 376 218 cum
398 189 502 218 exteris
521 189 650 225 gentibus
667 189 788 222 conseri,
811 193 839 216 et
863 187 944 216 simul
957 195 1017 215 cum

1072 186 1186 218 ὀθνείοις
1204 186 1399 214 ὲπιπλέκεσθαί
1424 194 1505 218 τισιν,
1525 186 1607 222 ὁμόσε
1623 194 1652 212 τε
1675 184 1748 213 κατά
1766 184 1867 211 ταύτὸν

226 236 389 272 alienigenis
409 235 568 267 convenire,
589 235 690 270 priscis
714 235 769 262 illis
791 234 951 262 hominibus
965 241 1021 260 non

227 283 339 318 impune
355 281 448 309 licuit:
472 280 553 308 nobis
582 285 675 308 autem
693 280 796 308 Paulus
818 279 916 307 melius
939 283 1021 313 atque

227 327 409 355 conﬁdentius
432 327 580 354 vivendum
600 334 660 354 esse
691 326 808 358 suadet,
833 325 948 353 dicens:
967 334 976 349 ε
992 324 1021 351 Si

227 372 289 407 quis
300 372 343 399 vir
361 380 474 399 uxorem
486 372 570 400 habet
593 372 742 405 inﬁdelem,
765 376 793 400 et
807 372 866 399 haec
886 370 1022 398 consentit

227 418 352 446 habitare
367 426 429 446 cum
456 418 527 454 ipso,
552 427 608 446 non
626 418 748 446 dimittat
769 425 847 451 eam;
871 421 900 445 et
921 416 1022 444 mulier

227 465 250 492 si
264 472 318 500 qua
331 465 414 492 habet
429 465 520 492 virum
536 465 685 497 inﬁdelem,
697 469 724 492 et
735 465 781 492 hic
792 463 930 492 consentit
941 463 1021 490 habi-

227 514 284 537 tare
296 518 359 537 cum
378 510 434 542 illa,
448 518 503 537 non
515 511 638 538 dimittat
649 510 750 537 virum.
765 508 958 537 Sanctiﬁcatus
977 511 1022 534 est

225 555 300 583 enim
311 556 353 583 vir
365 556 484 584 inﬁdelis
499 557 528 584 in
539 557 665 589 muliere,
679 560 708 583 et
718 555 886 583 sanctiﬁcata
899 558 940 582 est
952 561 1021 581 uxor

227 600 347 629 inﬁdelis
358 601 386 629 in
398 602 460 630 viro
468 603 499 629 ³⁸.
521 613 530 628 ³
546 602 676 635 Quaenam
689 601 772 636 igitur
784 605 826 628 est
837 601 865 627 in
878 599 921 627 his
938 599 1022 626 rebus

227 649 439 685 dispensationis
453 649 541 677 ratio?
556 649 678 682 Quamve
691 649 726 676 ob
743 655 853 675 causam
871 647 937 674 olim
953 654 1021 674 con-

224 695 397 731 junctionem
413 703 475 722 eum
489 694 534 727 iis,
556 694 603 729 qui
617 694 698 721 aliter
714 693 860 725 sentirent,
880 692 922 719 lex
934 691 1021 727 perti-

226 741 366 769 mescebat
376 762 384 774 ,
404 748 479 768 nunc
489 748 545 768 non
557 740 623 767 item
635 740 646 766 ?
656 739 725 773 Quia
738 746 837 774 nempe
853 738 946 766 ﬁrmos
961 745 1020 770 eos,

225 787 273 822 qui
285 787 313 814 in
332 784 441 815 Christo
453 786 541 814 vocati
553 789 628 818 sunt,
648 790 675 813 et
692 786 720 813 in
733 785 782 813 Dei
794 792 888 812 amore
908 784 1022 812 stabiles

225 833 309 861 ell'icit
321 833 354 865 is,
368 833 414 868 qui
433 833 461 860 in
475 832 530 860 illis
546 832 662 864 habitat,
676 831 812 867 Spiritus,
830 839 880 867 per
895 838 977 866 quem
992 834 1021 857 et

229 888 239 903 ‹
257 878 285 905 in
304 885 360 913 quo
393 878 554 909 clamamus,
577 877 666 910 Abba,
690 877 771 905 Pater
785 876 807 892 ³⁷
825 887 835 903 ι
865 876 904 904 illi
928 880 1020 904 autem

225 923 348 951 nondum
361 923 414 950 hoc
420 930 535 950 munere
547 922 706 957 locupletati
716 925 805 950 erant.
818 921 898 954 Nam,
912 925 943 948 ut
954 921 1020 948 bea-

225 971 270 995 tus
287 968 406 995 Joannes
429 968 487 995 ait:
512 977 520 993 |
536 967 656 1003 Spiritus
675 971 787 995 sanctus
805 967 928 995 nondum
949 970 1020 999 erat,

225 1014 289 1049 quia
301 1014 380 1042 Jesus
391 1014 514 1042 nondum
525 1018 584 1042 erat
596 1013 766 1049 gloriﬁcatus
775 1013 808 1040 ³⁸.
825 1023 833 1039 ι
849 1012 946 1051 Omnis
954 1020 1020 1048 ergo

224 1060 357 1095 perfectio
380 1060 409 1087 in
429 1059 539 1087 Christo
566 1063 624 1093 est;
639 1067 702 1087 nam
721 1059 790 1087 nihil
811 1059 845 1087 ad
866 1059 1020 1094 perfectum

224 1105 338 1133 adduxit
347 1105 402 1138 lex,
413 1108 447 1133 ut
462 1105 595 1140 scriptum
609 1109 661 1132 est.

257 1150 358 1179 PALL.
371 1151 506 1186 Equidem
518 1150 610 1186 cupio,
628 1154 659 1177 ut
673 1150 752 1184 mihi,
774 1151 797 1178 si
813 1151 915 1186 placet,
928 1150 1018 1186 expli-

223 1205 280 1230 ces,
303 1204 423 1232 quonam
439 1196 522 1224 modo
536 1196 682 1232 perspicua
698 1196 758 1224 ﬁeri
779 1197 867 1232 possit
884 1196 930 1224 illa
950 1196 1018 1232 legis

223 1241 305 1278 243
318 1241 504 1277 imperfectio.

259 1287 338 1316 ΟΥΕ.
358 1288 466 1316 Faciam
478 1287 582 1322 libens;
596 1287 644 1316 sed
656 1287 691 1316 ad
701 1295 745 1320 ea,
758 1291 821 1324 qua;
835 1293 902 1316 sunt
912 1288 941 1316 in
956 1296 1017 1317 ma-

223 1333 316 1367 nibus,
331 1338 426 1361 nostra
441 1333 531 1361 oratio
549 1333 751 1370 proﬁciscetur,
771 1339 855 1370 atque
873 1335 1017 1363 eharitatis

223 1380 252 1408 in
265 1380 422 1416 proximum
439 1381 716 1416 rationes-exquiret;
730 1388 793 1409 cum
811 1381 919 1414 rudius,
933 1389 1016 1417 quam

222 1429 374 1461 oporteret,
395 1426 448 1454 illae
458 1434 509 1462 per
519 1426 630 1462 Moysen
647 1427 748 1455 litterae
760 1427 812 1455 hae
824 1427 858 1456 de
870 1435 900 1455 re
912 1429 1015 1456 veteri-

222 1469 275 1497 bus
286 1470 340 1497 illis
351 1471 513 1507 conscriptaa
524 1470 698 1499 tradiderint.

256 1514 357 1543 PALL.
372 1515 456 1552 Perge
469 1516 552 1552 igitur
565 1517 603 1544 ad
612 1517 665 1545 hoc
676 1518 767 1553 ipsum
779 1518 916 1547 alacriter.

257 1605 336 1633 ΟΥΕ.
351 1605 437 1641 Igitur
452 1606 496 1633 lex
508 1606 620 1641 quidem
633 1607 672 1634 ait
685 1616 692 1633 :
708 1616 717 1632 ι
738 1607 840 1642 Diliges
857 1608 1014 1643 proximum

222 1654 300 1678 tuum
324 1651 395 1679 sicut
414 1656 440 1679 te
457 1652 547 1687 ipsum
561 1652 600 1685 ";
622 1662 630 1677 ι
644 1656 673 1680 at
687 1660 753 1680 vero
771 1653 904 1681 Dominus
919 1659 1013 1683 noster

220 1697 301 1726 Jesus
317 1698 443 1726 Christus
461 1699 550 1726 mutui
568 1698 671 1726 amoris
692 1699 780 1735 legem
791 1698 1014 1736 'quamplurimis

221 1743 376 1771 rationibus
384 1744 464 1772 nobis
473 1744 602 1777 inculcat,
610 1753 642 1772 ac
650 1749 779 1780 tanquam
790 1749 943 1780 patronam,
952 1754 1014 1781 quae

221 1787 292 1814 hanc
303 1787 390 1823 legem
402 1793 535 1822 tueretur,
550 1790 660 1817 insitam
679 1790 752 1817 illam
764 1790 793 1817 in
806 1794 904 1818 natura
916 1792 1012 1827 cogni-

221 1834 325 1861 tionem
338 1839 366 1863 et
377 1836 558 1868 voluntatem,
580 1844 641 1871 quat
658 1836 773 1871 singulis
792 1836 948 1872 quibusque
960 1838 1011 1865 ho-

221 1879 343 1908 minibus
364 1881 452 1914 adest,
465 1882 618 1916 constituit,
633 1883 724 1918 itaque
738 1883 776 1910 ait
789 1891 795 1909 :
812 1893 821 1909 ‹
836 1883 1011 1920 Quaecunque

219 1927 305 1955 vultis
315 1932 347 1956 ut
357 1928 458 1956 faciant
469 1923 551 1957 vobis
562 1929 698 1962 homines,
712 1929 770 1957 haec
787 1930 883 1957 eadem
901 1939 951 1959 vos
968 1931 1011 1958 fa—

221 1974 277 2002 cite
289 1974 343 2002 illis
356 1975 484 2003 similiter
495 1975 529 2008 ”,
546 1985 554 2001 ι
574 1976 640 2003 Nam
662 1976 695 2008 si,
710 1984 771 2011 quae
785 1977 902 2012 quisque
915 1985 1013 2006 conse-

221 2020 268 2054 qui
280 2023 400 2055 exoptat,
421 2028 453 2048 ea
473 2020 531 2055 ipse
549 2028 659 2056 quoque
679 2021 739 2049 aliis
757 2021 846 2049 facere
862 2022 1009 2056 studuerit,

221 2064 334 2092 minime
350 2064 385 2091 ab
403 2072 437 2092 eo
455 2065 529 2100 quod
550 2070 655 2100 spectat
676 2066 831 2099 aberrabit;
849 2067 897 2094 sed
918 2068 1012 2102 potius

222 2114 297 2138 recto
309 2110 406 2138 itinere
420 2110 453 2138 ad
466 2110 628 2138 eharitatem
641 2116 745 2146 perget,
763 2116 792 2139 et
809 2113 896 2140 mutui
908 2114 1011 2142 amoris

221 2163 351 2184 Coronam
373 2161 566 2190 consequetur.

257 2201 354 2228 PALL.
372 2201 460 2229 Probe
476 2202 555 2230 dicis.

256 2247 334 2274 (ΝΒ.
353 2247 401 2275 Est
414 2247 498 2283 igitur
517 2248 638 2275 cbaritas
657 2248 724 2283 legis
745 2248 858 2283 quidem
880 2250 1014 2286 impletio,

222 2291 276 2319 lide
286 2300 353 2320 vero
365 2301 397 2320 ac
406 2301 454 2328 spe
467 2294 651 2329 praestantior.
671 2294 715 2321 Sic
729 2295 804 2322 enim
827 2296 924 2324 scribit
943 2297 1014 2325 divi-

223 2346 276 2366 nus
285 2339 327 2366 vir
337 2339 449 2367 Paulus.
460 2340 554 2375 Itaque
566 2340 641 2368 velut
652 2348 667 2368 e
680 2340 773 2368 vernis
783 2340 898 2368 ﬁoribus
908 2343 1016 2370 varium

223 2385 262 2412 illi
273 2385 476 2420 quodammodo
487 2389 592 2414 sertum
607 2386 742 2419 intexens,
757 2395 855 2414 rursus
867 2388 906 2415 ait
920 2397 927 2414 :
947 2398 956 2413 ι
970 2388 1017 2416 Ει-

222 2431 247 2459 si
262 2431 430 2459 distribuero
446 2439 542 2459 omnes
557 2432 700 2460 facultates
717 2440 802 2465 meas,
823 2437 851 2461 et
872 2434 895 2461 si
914 2433 1018 2462 dedero

223 2484 324 2512 corpus
336 2485 438 2509 meum,
452 2477 489 2504 ita
503 2481 534 2505 ut
548 2478 671 2511 ardeam,
682 2478 844 2507 charitatem
858 2485 949 2508 autem
961 2489 1018 2508 non

224 2522 349 2556 habeam,
370 2523 439 2551 nihil
462 2523 531 2551 mihi
550 2524 672 2559 prodest.
692 2525 821 2553 Charitas
841 2526 950 2561 patiens
964 2532 1016 2560 est,

224 2568 341 2604 benigna
354 2574 396 2596 est
412 2578 418 2595 :
435 2568 556 2596 cbarilas
567 2577 622 2597 non
641 2571 796 2602 aemulatur,
814 2579 869 2598 non
886 2572 943 2607 agit
953 2580 1017 2607 per-

223 2619 328 2650 peram,
340 2622 396 2641 non
410 2613 530 2647 inﬂatur,
550 2623 605 2642 non
618 2620 660 2643 est
672 2616 828 2649 ambitiosa,
844 2625 899 2644 non
917 2619 1016 2653 quaerit

277 2681 326 2709 ⁸⁸1
346 2681 400 2710 Cor
431 2690 477 2715 vn,
496 2683 588 2711 12-14.
647 2684 761 2712 "Rom.
781 2693 838 2717 vni,
855 2686 898 2714 15.
934 2686 957 2703 ³⁸
970 2687 1047 2715 Joan.

261 2769 298 2807 (ί)
310 2770 360 2802 ,Sic
379 2780 473 2810 omnes
493 2772 601 2810 codices
623 2773 717 2810 Cyrilli
735 2774 837 2802 habent
854 2784 923 2810 quos
940 2776 1008 2804 vidi.

225 2805 326 2844 Tamen
343 2807 403 2844 cod.
418 2808 476 2844 Vat.
487 2805 654 2836 vocisnovai
661 2809 821 2844 adiunctum
835 2805 928 2844 habet,
941 2811 999 2838 δεδο
1008 2827 1014 2832 -

226 2842 351 2882 [.LE'VOVJJI,
365 2842 453 2882 Latini
477 2842 702 2882 Ifatrcslegunt,
720 2845 860 2882 prmcipue
884 2842 1015 2882 Augusti-

225 2883 287 2905 nus.
306 2877 352 2906 Sin
371 2878 417 2906 illa
434 2878 516 2907 lectio
532 2877 689 2912 recipienda
708 2877 750 2908 est
768 2877 826 2910 sine
843 2877 1016 2910 νει-δονδεδο-

1070 234 1127 263 τοῖς
1141 233 1314 268 ἀλλογενέσιν
1328 233 1405 265 ίέναι,
1417 233 1474 265 τοῖς
1485 232 1673 268 ἀρχαιοτέροις
1683 232 1734 259 οὐκ
1748 230 1866 266 ἀζήμιον

1070 276 1120 314 ἦν·
1137 279 1203 314 ἡμῖν
1225 279 1254 306 δὲ
1267 280 1282 305 ὁ
1298 278 1416 311 Παῦλος,
1432 278 1622 305 πολιτεύεσθαι
1637 278 1692 305 δεῖν
1707 277 1821 313 ἄμεινόν
1835 285 1865 303 τε

1071 324 1119 351 καὶ
1143 324 1358 361 εὐθαρσέστερον
1385 323 1575 361 συμϐουλεύει,
1598 324 1707 358 λέγων·
1732 333 1742 349 ι
1768 323 1805 350 El
1825 331 1867 355 τις

1070 371 1141 407 ἀνὴρ
1168 372 1287 406 γυναῖκα
1311 370 1367 407 ἔχει
1393 372 1519 404 ἄπιστον,
1538 371 1586 398 καὶ
1611 370 1682 406 αὓτη
1709 370 1867 397 συνευδοκεῖ

1071 418 1156 444 οικεῖν
1170 418 1232 453 μετ’
1246 417 1341 449 αὑτοῦ,
1363 417 1401 453 μὴ
1417 416 1521 452 ἀφιέτω
1533 415 1630 452 αὐτήν·
1650 416 1698 443 καὶ
1710 415 1790 451 γυνὴ,
1802 415 1865 451 ητις

1071 463 1128 498 ἔχει
1148 463 1234 499 ἀνδρα
1248 463 1372 495 ἄπιστον,
1388 463 1434 490 καὶ
1448 459 1526 495 οὗτος
1538 462 1693 489 συνευδοκεῖ
1704 463 1789 489 οίκεῖν
1803 462 1865 497 μετ’

1071 508 1166 544 αὐτῆς,
1183 509 1220 544 μὴ
1238 509 1341 544 ἀφιέτω
1356 509 1401 535 τὸν
1418 508 1514 545 ἄνδρα.
1536 509 1683 542 Ἥγίασται
1699 507 1753 544 γὰρ
1765 508 1783 535 ὁ
1794 507 1866 543 ἀνὴρ

1071 554 1186 586 ἄπιστος
1203 556 1232 581 ὲν
1247 556 1280 590 τῇ
1294 555 1404 589 γυναικί
1415 563 1422 570 ·
1439 555 1486 582 καὶ
1502 554 1630 590 ἡγίασται
1645 555 1662 590 ὴ
1676 554 1744 590 γυνὴ
1761 555 1778 590 ἡ
1800 554 1866 581 ἄπι-

1072 609 1134 632 ο-τος
1149 600 1179 626 ἐν
1194 600 1233 636 τῷ
1248 601 1334 636 ἀνδρί.
1353 611 1362 626 ι
1378 601 1427 632 Τίς
1442 599 1488 628 οὖν
1507 601 1561 636 ἄρα
1575 601 1634 628 ἐστὶ
1647 601 1695 636 τῆς
1708 601 1737 628 ἐν
1750 609 1783 636 γε
1799 600 1864 627 τού-

1071 655 1128 678 τοις
1138 646 1295 682 οἰκονομίας
1306 648 1321 673 ὁ
1330 647 1430 682 τρόπος
1445 655 1452 679 ;
1470 647 1580 674 Ἐδεδίει
1594 646 1622 673 δὲ
1633 646 1691 674 ἀνθ’
1704 647 1766 674 ὅτου
1777 647 1865 674 πάλαι

1074 693 1122 728 μὲν
1138 694 1153 720 ὀ
1168 693 1250 729 νόμος
1265 694 1315 730 τὴν
1332 694 1400 729 πρὸς
1418 694 1599 730 ὲτερόφρονας
1612 693 1787 729 ἀναπλοκὴν,
1804 693 1866 720 νυνὶ

1071 738 1100 765 δὲ
1114 739 1165 766 οὒκ
1179 739 1229 772 Est;
1239 739 1377 775 Ἐδραίους
1391 739 1441 775 μὲν
1454 740 1507 775 γὰρ
1521 741 1584 772 τοὺς
1594 741 1623 767 ὲν
1637 740 1747 777 Χριστῷ
1761 741 1865 776 κεκλη-

1072 785 1181 820 μένους,
1202 786 1249 813 καὶ
1266 786 1463 813 ἀκατάσειστον
1474 787 1587 822 ἔχοντας
1603 787 1653 822 τὴν
1665 787 1819 822 φιλοθεῖαν,
1834 787 1865 813 τὸ

1074 831 1218 858 κατοικῶν
1234 832 1263 858 ὲν
1277 832 1371 862 αὐτοῖς
1387 833 1574 868 ἀπεργάζεται
1588 833 1710 869 Πνεῦμα,
1723 834 1757 861 δι’
1767 831 1800 862 οὗ
1816 834 1864 860 καὶ

1038 859 1059 888 ⁸
1074 886 1086 903 ε
1103 878 1132 904 ὲν
1143 873 1166 911 ᾧ
1187 878 1345 913 κράζομεν·
1361 859 1455 906 1mg
1466 859 1491 906 ἰ
1502 859 1639 916 hat;
1648 859 1710 907 μ’ᾋῖ
1728 859 1760 906 ει
1773 859 1866 907 Qa;

1071 923 1102 950 τὺ
1117 923 1202 960 δῶρον
1224 924 1382 952 ἀπλούτουν.
1406 925 1451 957 Ὠς
1467 924 1522 961 γὰρ
1540 927 1555 952 ὀ
1574 925 1718 958 θεσπέσιος
1735 926 1865 961 Ἰωάννης

1071 969 1164 1005 φησὶν,
1183 978 1193 996 ε
1211 969 1294 997 Οὔπω
1308 971 1363 1007 γάρ
1375 969 1410 1007 ἦν
1422 971 1534 1007 Πνεῦμα
1548 972 1624 1006 ἀγιον
1634 973 1685 1008 (Ι),
1696 973 1738 999 δτι
1758 972 1865 1007 Ἰησοῦς

1070 1016 1176 1044 οὐδέπω
1202 1017 1344 1053 ἐδοξάσθη.
1375 1027 1383 1044 ι
1407 1018 1513 1045 οὐκοῦν
1537 1019 1646 1055 ήπᾶσα
1669 1018 1810 1050 τελείωσις
1833 1019 1864 1045 ὲν

1069 1055 1181 1098 Χριστῷ
1192 1082 1200 1095 ,
1220 1063 1378 1091 τετελείωκε
1401 1064 1430 1091 δὲ
1446 1065 1461 1091 ὀ
1476 1064 1557 1100 νόμος
1571 1065 1657 1096 οὐδὲν,
1680 1064 1753 1091 κατὰ
1770 1064 1801 1091 τὸ
1814 1072 1863 1098 γε·

1069 1108 1240 1144 γραμμινον-

1104 1154 1209 1182 ΠΑΛΑ.
1232 1155 1342 1192 Φράσῃς
1354 1156 1387 1184 ἂν
1405 1153 1453 1184 οὖν
1475 1156 1608 1193 ἱμείροντι
1630 1164 1674 1193 μοι
1688 1156 1720 1184 τὸ
1743 1157 1818 1188 ὅπως
1830 1155 1864 1185 ἂν

1068 1201 1175 1236 γένοιτο
1190 1203 1277 1238 σαφὲς
1286 1203 1317 1230 τὸ
1331 1203 1428 1236 sum
1443 1204 1473 1231 ὲν
1485 1204 1572 1240 νόμῳ.

1102 1291 1187 1320 ΚΥΡ.
1207 1292 1264 1320 Καὶ
1284 1291 1367 1328 μάλα.
1388 1292 1528 1320 suum;
1555 1292 1584 1320 δὲ
1608 1294 1675 1329 ἡμῖν
1698 1293 1746 1322 ἐπὶ
1772 1294 1809 1321 τά
1833 1293 1865 1321 ll

1067 1337 1162 1373 χερσὶν
1171 1338 1188 1365 ό
1200 1338 1290 1373 λόγος,
1300 1339 1347 1366 καὶ
1357 1338 1469 1376 ἀγάπης
1479 1340 1532 1375 τῆς
1542 1340 1583 1372 είς
1593 1340 1639 1367 τθν
1653 1340 1767 1376 πλησίον
1781 1340 1866 1368 ἐκσα-

1068 1384 1156 1411 σανιοῖ
1170 1384 1234 1416 τοὺς
1246 1384 1382 1421 τρόπους,
1399 1385 1552 1422 παχύτερόν
1571 1394 1631 1418 πως
1649 1386 1666 1422 ἢ
1681 1385 1734 1423 χρὴ
1748 1386 1801 1422 τῆς
1818 1386 1867 1414 διὰ
1906 1393 1911 1397 ·

1066 1430 1189 1464 Μωσέως
1213 1433 1376 1468 συγγραφῆς
1389 1452 1398 1466 ,
1421 1434 1480 1465 τοῖς
1499 1433 1690 1470 ἀρχαιοτέροις
1706 1434 1866 1470 είσκεκομι-

1067 1476 1181 1512 σμινης.

1028 1530 1053 1562 c
1103 1523 1209 1550 ΠΔΛΛ.
1224 1522 1276 1550 Ἴθι
1288 1523 1321 1559 δὴ
1332 1520 1380 1550 οὖν
1390 1523 1434 1550 επ·
1447 1523 1513 1551 αὐτὸ
1527 1523 1579 1560 [τὸ]
1588 1523 1621 1560 δὴ
1632 1524 1718 1557 τουτὶ,
1729 1524 1777 1551 καὶ
1792 1524 1866 1559 μάλα

1069 1567 1227 1604 προθύμως.

1103 1614 1187 1642 ΚΥΡ.
1208 1615 1313 1642 Οὐκοῦν
1325 1616 1340 1642 ὀ
1362 1615 1412 1651 μὲν
1431 1616 1528 1650 νόμος,
1546 1625 1556 1641 ι
1581 1615 1748 1650 ’Δγαπήσεις
1759 1635 1767 1647 ,
1784 1615 1866 1650 φησὶ,

1067 1660 1113 1687 τὸν
1126 1661 1239 1697 πλησίον
1253 1670 1302 1688 σου
1317 1662 1356 1694 ὡς
1367 1662 1473 1688 ἑαυτόν
1495 1671 1503 1687 ι
1520 1663 1534 1689 ὀ
1548 1661 1577 1688 δὲ
1590 1661 1693 1697 Κύριος
1706 1661 1788 1697 ἡμῶν
1809 1661 1867 1697 ’1η-

1068 1707 1130 1736 σοῦς
1145 1707 1272 1741 Χριστὸς,
1285 1708 1335 1743 τῆς
1349 1707 1529 1743 φιλαλληλίας
1540 1708 1586 1734 τὸν
1601 1708 1682 1743 νόμον
1697 1707 1742 1734 διὰ
1758 1706 1868 1740 μυρίων

1066 1752 1137 1777 ὅσων
1148 1751 1213 1786 ἡμῖν
1229 1751 1381 1786 εἰσηγεῖται
1399 1750 1497 1785 λόγων,
1522 1751 1673 1786 συνήγορον
1688 1750 1717 1777 δὲ
1732 1750 1772 1785 τῷ
1789 1750 1868 1786 νόμῳ

1066 1796 1116 1832 τὴν
1129 1796 1250 1832 ἔμφυτον
1265 1796 1379 1832 γνῶσιν,
1397 1797 1445 1823 καὶ
1459 1796 1508 1832 τὴν
1524 1797 1554 1823 ὲν
1563 1796 1672 1832 ἑκάστῳ
1685 1795 1797 1831 θέλησιν
1811 1798 1867 1823 οῖο-

1067 1843 1107 1869 νεὶ
1122 1842 1266 1876 καθιστὰς,
1293 1851 1303 1869 ι
1325 1843 1359 1870 Ἀ
1378 1842 1426 1870 οὖν
1443 1843 1552 1877 Θέλετε,
1570 1842 1664 1878 φησὶν,
1688 1843 1732 1869 ἵνα
1747 1842 1866 1870 ποιῶσιν

1066 1889 1131 1924 ὑμῖν
1153 1889 1178 1916 οί
1194 1889 1331 1925 ἄνθρωποι
1344 1909 1352 1922 ,
1376 1889 1462 1916 ταῦτα
1479 1890 1527 1916 καὶ
1545 1889 1627 1924 ὑμεῖς
1652 1890 1754 1915 ποιεῖτε
1771 1889 1867 1921 αὐτοῖς

1065 1936 1175 1972 ὁμοίως.
1192 1945 1201 1962 ι
1214 1936 1245 1963 Εἰ
1260 1935 1314 1971 γὰρ
1328 1932 1421 1972 ὦνπερ
1440 1936 1472 1963 ἀν
1484 1944 1525 1967 τις
1537 1934 1646 1968 εὔξαιτο
1656 1935 1760 1970 τυχεῖν,
1776 1934 1867 1961 ταῦτα

1065 1982 1131 2017 δρᾷν
1155 1982 1243 2009 ἕλοιτο
1268 1982 1316 2009 καὶ
1337 1981 1418 2014 αὐτὸς
1444 1980 1567 2017 ἑτέροις,
1594 1981 1645 2008 οὐκ
1663 1981 1867 2016 ἀποδραμεῖται

1068 2027 1183 2055 σκοποῦ⁸
1200 2027 1330 2063 βαδιεῖται
1345 2028 1373 2054 δὲ
1390 2026 1492 2063 μᾶλλον
1511 2028 1572 2054 κατ’
1588 2026 1655 2054 εὐθὺ
1668 2027 1719 2062 τῆς
1730 2025 1844 2062 ἀγάπης
1856 2044 1866 2058 ,

1065 2074 1111 2102 καὶ
1126 2074 1173 2102 τὸν
1183 2075 1232 2110 τῆς
1246 2074 1422 2110 φιλαλληλῖας
1436 2073 1599 2110 ἀναδήσεται
1611 2073 1754 2108 στέφανον.

1030 2209 1053 2237 ι)
1103 2205 1208 2232 ΠΑΛΛ.
1224 2202 1260 2232 Εὖ
1274 2204 1376 2239 λέγεις.

1105 2251 1188 2278 ΚΥΡ.
1219 2251 1251 2278 Ἦ
1277 2251 1372 2286 ἀγάπη
1400 2251 1501 2284 τοίνυν,
1523 2251 1607 2287 νόμου
1628 2252 1676 2287 μὲν
1702 2252 1864 2288 πλήρωσις,

1071 2298 1188 2329 πίστεως
1201 2298 1231 2325 δὲ
1247 2298 1294 2325 καὶ
1308 2297 1415 2330 ἐλπίδος
1434 2298 1563 2332 ἀμείνων.
1582 2298 1686 2333 Γράφει
1701 2298 1756 2334 γὰρ
1777 2298 1867 2330 οὕτως

1069 2345 1137 2379 ἡμῖν
1152 2345 1166 2371 ὸ
1177 2343 1319 2376 θεσπέσιος
1331 2344 1445 2376 Παῦλος.
1464 2344 1610 2380 Τοιγάρτοι
1629 2344 1756 2380 καθάπερ
1777 2345 1806 2377 eg
1820 2345 1867 2370 ἀν-

1070 2389 1139 2416 θέων
1148 2388 1250 2424 ὴρινῶν
1262 2388 1388 2424 πολυειδῆ
1396 2397 1457 2415 τινα
1467 2389 1598 2424 στέφανον
1609 2389 1773 2416 ἀναπλέκων
1784 2389 1864 2424 αὐτῇ,

1070 2434 1153 2461 πάλιν
1177 2433 1263 2469 φησί·
1290 2444 1300 2460 ‹
1323 2434 1384 2461 Κᾶν
1398 2434 1516 2469 ψωμίσω
1538 2435 1626 2462 πάντα
1654 2435 1689 2461 τὰ
1705 2435 1866 2470 ὑπάρχοντά

1072 2489 1133 2515 μου,
1152 2481 1199 2506 καὶ
1215 2479 1262 2507 ἐὰν
1280 2479 1394 2516 παραδῶ
1408 2480 1438 2506 τὸ
1455 2480 1535 2516 σῶμά
1548 2489 1599 2515 μου
1615 2481 1658 2507 ῖνα
1673 2481 1861 2517 καυθήσομαι,

1069 2526 1180 2562 ἀγάπην
1193 2526 1222 2553 δὲ
1242 2526 1279 2562 μὴ
1293 2526 1358 2562 ἔχω,
1371 2526 1446 2553 οὐδὲν
1458 2526 1682 2562 ὠφελοῦμαιηἮ
1698 2527 1794 2564 ἀγάπη
1813 2537 1865 2563 μα-

1071 2573 1214 2609 κροθυμεῖ,
1228 2572 1420 2608 χρηστεύεται,
1435 2574 1452 2608 ή
1479 2574 1574 2609 ἀγάπη
1592 2573 1622 2600 οὺ
1640 2571 1735 2609 ζηλοῖ,
1749 2574 1782 2601 οὺ
1798 2583 1864 2610 περ·

1071 2618 1217 2654 περεὺεται
1230 2639 1237 2650 ,
1254 2619 1284 2644 οὺ
1300 2619 1465 2653 φυσιοῦται,
1480 2620 1531 2647 οὐκ
1551 2620 1722 2656 ἀσχημονεῖ,
1740 2620 1772 2648 οὐ
1787 2620 1865 2656 ζητεῖ

1070 2696 1116 2720 vti,
1131 2688 1174 2715 59.
1213 2687 1234 2704 ⁸³
1248 2687 1336 2716 Levit.
1353 2697 1407 2722 xtx,
1423 2689 1464 2717 l8.
1523 2689 1546 2706 ιο
1563 2690 1660 2719 Matth.
1686 2700 1734 2726 vn,
1750 2692 1777 2721 1.

1067 2778 1156 2816 μένον,
1178 2777 1211 2805 de
1226 2779 1433 2816 operationibus
1449 2780 1570 2816 Spiritus
1592 2783 1678 2811 sancti
1699 2784 1754 2812 illis
1774 2784 1862 2814 admi-

1065 2813 1199 2859 rabilist
1216 2814 1406 2859 accipiendum
1422 2813 1478 2859 est,
1491 2825 1546 2845 non
1555 2818 1603 2859 ’ρο
1619 2825 1777 2859 personaret
1796 2820 1861 2848 sub-

1064 2848 1197 2912 ιίἰειήοηῑὶειι
1216 2848 1335 2884 Spiritus
1354 2852 1452 2885 sancti,
1468 2848 1538 2888 quae
1554 2848 1628 2881 Patri
1653 2860 1680 2882 οι
1697 2854 1769 2883 Filio
1785 2862 1859 2885 coe-

1077 2891 1143 2911 crna
1155 2891 1185 2912 es
1200 2903 1208 2911 .

1077 2891 1143 2911 crna
1155 2891 1208 2912 εει.
