1939 3041
105 152 158 183 52!

465 153 509 181 DE
529 153 750 181 ADORATIONE
769 153 804 181 IN
823 152 958 182 SPIRITU
979 153 1022 182 ΕΤ
1042 153 1224 182 VERITATE.
1247 153 1310 182 LIB.
1330 153 1384 182 VII.

1688 157 1739 186 592

105 213 141 239 τὰ
155 212 268 248 ἑαυτῆς,
293 211 321 238 οὐ
336 209 535 246 παροξύνεται,
552 211 582 237 οὗ
598 210 734 245 λογίζεται
753 210 782 237 τὸ
801 211 893 244 κακὸν,

950 218 1010 246 qua:
1033 218 1080 238 sua
1101 215 1174 243 sunt,
1193 219 1248 239 non
1271 212 1406 243 irritatur,
1430 219 1483 239 non
1504 211 1602 247 cogitat
1624 214 1738 248 malum,

106 258 137 284 οὐ
155 256 246 292 χαίρει
266 256 312 282 ἐπὶ
327 256 359 291 τῇ
379 254 470 290 ἀδικίᾳ
482 274 489 285 ,
504 255 647 291 συγχαίρει
667 253 694 281 δὲ
714 256 746 291 τῇ
763 255 876 292 ἀληθείᾳ
888 264 894 272 ·

107 302 198 329 πάντα
214 301 314 335 στέγει,
325 302 413 328 πάντα
429 300 563 332 πιστεύει,
577 302 666 328 πάντα
677 300 792 333 ἐλπίζει,
809 301 896 328 πάντα

108 348 239 383 ὑπομένει
257 348 273 383 ὴ
295 347 400 382 ἀγάπη,
421 346 549 373 οὐδέποτε
566 347 704 374 ἐκπίπτει.
725 357 734 373 1
761 347 831 374 Ἀλλ’
845 348 896 383 ὲμ-

107 397 179 431 φανῆ
195 395 244 430 μὲν
260 394 372 426 ἅπασιν,
388 394 425 426 ὥς
437 403 467 428 γε
480 392 567 429 οἶμαι,
583 394 674 424 ταυτὶ,
686 395 731 421 καὶ
744 393 849 430 μακρὸς
864 395 897 422 ἂν

106 441 214 475 γένοιτο
226 440 286 467 λίαν
311 440 325 466 ὁ
341 439 405 475 περὶ
427 439 517 467 αὐτῶν
541 439 630 473 λόγος,
648 439 726 474 εἴπερ
752 448 794 471 τις
811 439 897 466 ἕλοιτο

105 485 214 518 λεπτῶς
230 485 265 511 τὰ
282 484 356 519 παρὰ
372 486 405 520 τῇ
421 484 478 519 Νέᾳ
491 485 660 520 συναγείρειν
674 485 781 520 Γραφῇ.
794 485 896 520 T2191-

104 532 215 567 ᾠόμεθα
233 531 261 558 δὲ
277 532 333 558 νυνὶ
351 531 420 566 πρὸς
435 530 484 562 τὰς
498 531 531 558 ὲκ
545 531 627 566 νόμου
644 532 734 563 σκιᾶς,
750 531 796 558 καὶ
811 531 844 558 τὰ
859 531 897 564 ὡς

105 577 134 604 ὲν
152 577 249 609 τύποις
259 576 299 604 ἔτι
313 577 368 608 τοῖς
385 576 468 603 πάλαι
485 576 697 612 τεθεσπιομένα.

142 625 250 651 ΠΑΛΛ.
271 623 387 658 ’Λριστα
403 622 507 658 διανοῇ.

141 671 225 697 ΚΥΡ.
244 670 397 705 Μελέτησις
416 669 465 704 μὲν
486 670 500 696 ὁ
517 669 598 704 νόμος
617 665 650 704 ἦν
664 669 704 702 εἰς
722 668 896 705 δικαιοσύνην

105 718 154 744 καὶ
173 716 336 752 προεισϐολή
360 724 403 747 τις
419 713 514 751 ὥσπερ
540 715 594 742 τῶν
615 716 800 751 εὐαγγελικῶν
815 717 896 752 ἀνδρ-

104 762 306 798 αγαθημιὶτων.
323 761 481 796 Γέγραπται
498 761 562 797 γάρ·
580 770 588 786 ι
606 762 689 797 Ἀρχὴ
702 761 761 788 ὀδοῦ
777 762 896 796 ἀγαθῆς,

104 809 136 835 τδ
151 809 238 836 ποιεῖν
254 807 289 834 τὰ
306 808 407 835 δίκαια.
429 817 437 833 ι
457 807 630 842 Πιιδαγωγεῖ
651 809 705 844 γὰρ
725 811 738 835 ι
751 810 833 845 νόμος
849 809 896 835 ἐπὶ

105 854 235 890 Χριστὸν,
250 853 297 881 καὶ
312 854 360 890 τῆς
371 855 399 880 ὲν
414 854 488 886 αὐτῷ
502 855 650 889 νοουμένης
662 854 734 890 ζωῆς
747 856 776 882 οὐ
791 855 897 890 διεψευ-

949 265 1002 284 non
1018 256 1117 292 gaudet
1130 265 1213 293 super
1225 257 1380 293 iniquitate,
1392 258 1544 293 congaudet
1559 264 1650 287 autem
1668 263 1740 288 veri-

949 303 1014 336 tati;
1028 304 1118 331 omnia
1132 304 1238 337 suﬂ‘ert,
1253 303 1343 333 omnia
1354 304 1452 337 credit,
1465 305 1556 332 omnia
1567 312 1668 341 sperat,
1681 315 1741 335 om—

948 349 994 376 nia
1008 350 1141 383 sustinet;
1161 349 1281 377 charitas
1293 358 1432 385 nunquam
1450 350 1552 378 excidit
1563 351 1593 377 υ.
1613 361 1621 377 ι
1637 353 1737 380 Verum

949 394 1016 427 lucc,
1029 398 1059 422 ut
1071 395 1179 430 opinor,
1198 396 1325 423 omnibus
1339 396 1481 431 perspicua
1501 401 1574 427 sunt,
1589 401 1616 424 et
1630 397 1737 434 longior

947 442 1001 469 erit
1012 442 1046 469 de
1059 442 1102 470 his
1112 443 1240 470 omnibus
1252 444 1351 475 oratio,
1365 443 1385 470 si
1398 443 1460 478 quis
1473 443 1577 471 minute
1590 444 1665 477 velit,
1677 453 1737 480 qua:

949 487 974 513 in
985 486 1059 514 Nova
1071 487 1212 523 Scriptura
1222 493 1296 519 sunt,
1307 489 1444 524 colligere.
1456 488 1508 516 Sed
1519 489 1572 524 jam
1585 490 1617 517 ad
1629 491 1738 519 umbras

948 533 1025 568 legis,
1045 538 1073 561 et
1084 541 1117 561 ea
1131 542 1190 568 qua:
1207 535 1306 569 priscis
1321 535 1481 562 hominibus
1493 540 1620 570 tanquam
1633 537 1659 564 in
1671 537 1738 573 figu-

947 579 987 606 ris
998 579 1088 607 adhuc
1099 580 1188 608 edicta
1203 584 1276 613 sunt,
1289 587 1490 608 convertamur.

982 625 1081 653 PALL.
1097 625 1204 661 Optime
1219 627 1331 662 cogitas.

982 671 1060 699 CYR.
1075 672 1243 700 Exercitatio
1260 673 1383 708 quadam
1404 673 1436 700 ad
1455 674 1588 708 justitiam
1611 675 1663 702 fuit
1682 677 1736 709 lex,

947 721 974 744 et
995 717 1071 745 velut
1092 717 1183 746 aditus
1197 718 1307 753 quidam
1328 726 1359 745 ac
1381 719 1463 746 limen
1483 721 1516 747 ad
1537 721 1667 755 praeclara
1692 723 1736 750 illa

947 764 1102 798 evangelica
1118 763 1203 797 facta;
1221 764 1353 799 scriptum
1371 769 1412 792 est
1426 766 1499 792 enim
1517 775 1522 792 :
1539 775 1547 791 ι
1568 767 1735 803 Principium

947 808 997 835 viae
1013 808 1092 835 home
1109 813 1150 836 est
1170 809 1260 836 facere
1280 810 1353 845 justa
1372 810 1403 836 ".
1425 819 1434 835 ι
1450 811 1530 838 Ducit
1551 812 1622 839 enim
1640 813 1682 840 les
1702 815 1735 841 ad

945 852 1095 885 Christum,
1108 858 1135 881 ct
1146 855 1209 881 vita:
1226 853 1311 886 illius,
1324 862 1384 889 qua:
1399 855 1424 881 in
1437 855 1547 883 Christo
1563 857 1734 894 intelligitur,

107 902 213 936 σμένην
235 900 267 927 ἂν
285 900 340 936 ἔχοι
360 901 409 935 τὴν
424 900 503 933 δόξαν
515 921 523 932 ,
540 902 563 928 εἰ
584 902 669 927 νοοῖτο
687 901 893 937 πνευματικῶς.

948 906 1002 926 non
1016 899 1110 927 falsam
1128 900 1307 934 consequitur
1320 900 1444 935 gloriam,
1461 901 1482 928 si
1499 893 1679 936 spiritualiter
1694 905 1736 932 in—

105 947 162 974 Kal.
176 947 267 982 ἵστησι
280 946 329 982 μὲν
347 947 387 978 είς
401 946 584 982 δικαιοσύνην,
596 946 728 983 ἀποφέρει
742 947 769 973 δὲ
785 947 852 983 πρὸς
866 947 895 974 τὸ

105 995 177 1030 ὑπὲρ
193 994 272 1020 τοῦτο
293 993 333 1020 ἔτι
351 994 381 1020 τὸ
405 993 520 1029 μάθημα
537 994 567 1020 τὸ
581 993 766 1029 εύαγγελικόν.
793 994 895 1030 Τρόποι

104 1040 133 1066 δὲ
154 1039 345 1075 δικαιοσύνης,
359 1039 468 1075 πρῶτος
489 1039 549 1073 μὲν,
567 1039 634 1074 τιμὴ
651 1039 697 1064 καὶ
711 1038 859 1074 ἀγάπησις,
877 1039 893 1073 ἡ

106 1086 146 1116 εἰς
159 1085 205 1112 τὸν
219 1086 266 1112 ἱνα
280 1094 309 1111 τε
322 1085 369 1111 καὶ
383 1084 462 1118 φύσει
478 1085 543 1108 Θεόν
556 1091 562 1097 ·
583 1085 680 1116 γείτων
695 1084 723 1108 δὲ
741 1083 834 1118 ὥσπερ
849 1083 896 1111 κα)⁸

107 1129 167 1164 μετ’
178 1130 266 1155 ἐκεῖνο
280 1128 362 1160 εὐθὺς
376 1128 392 1164 ἡ
404 1129 443 1159 εἰς
455 1127 586 1162 ἀδελφοὺς
601 1128 647 1153 καὶ
663 1128 815 1162 ὁμογενεῖς,
830 1135 896 1162 προ-

105 1175 270 1210 εγκειμένης
287 1174 336 1210 τῆς
350 1175 390 1206 εἰς
404 1174 500 1208 γονέας
513 1173 614 1205 αἰδοῦς.
637 1173 680 1199 Ἐν
696 1173 790 1208 κόσμῳ
801 1173 833 1207 δὴ
848 1171 895 1200 οὖν

105 1222 145 1256 τῷ
157 1220 286 1256 πρέποντι
305 1219 427 1255 πρόεισιν
442 1220 507 1254 ἡμῖν
522 1220 536 1245 ὁ
552 1218 646 1253 Λόγος,
663 1219 731 1254 μετά
747 1227 778 1253 γε
795 1219 843 1254 τὴν
856 1220 895 1251 εἰς

105 1267 174 1294 Θεὸν
191 1266 345 1298 εὐσέϐειαν,
371 1267 418 1293 καὶ
433 1266 461 1292 τὸ
475 1266 515 1297 εἰς
529 1265 624 1299 γονέας
637 1265 752 1297 ablatis;
764 1286 771 1297 ,
788 1266 829 1293 ὅτι
845 1266 895 1301 τῆς

106 1313 255 1343 ἐπιεικείας
269 1312 401 1348 προσήκει
412 1312 461 1347 τὴν
470 1310 582 1344 ἔνδειξιν
594 1311 640 1337 καὶ
649 1310 688 1342 εἰς
701 1311 809 1346 ἑτέρους
822 1312 895 1347 ἡμᾶς

107 1358 242 1385 ποιεῖσθαι
261 1357 435 1394 παρεγγυῶν.
460 1357 589 1392 Πανταχῆ
610 1356 665 1393 γὰρ
689 1358 703 1384 ό
721 1358 822 1393 νόμος,
845 1358 894 1393 τῆς

108 1404 231 1441 ἰσότητος
246 1406 363 1440 προνοεῖ,
382 1404 427 1431 καὶ
443 1404 544 1440 ἀκριϐῆ
562 1404 609 1431 τοῦ
635 1404 740 1431 δικαίου
760 1404 894 1432 ποιεῖσθαι

106 1452 154 1488 τὴν
168 1451 294 1487 βάσανον,
310 1451 405 1486 ὁρᾶται
422 1450 603 1486 Θεσμοθετῶν.
627 1450 781 1486 Γέγραπται
795 1451 849 1486 γὰρ
867 1452 894 1477 ἐν

106 1497 318 1533 Δευτερονομίῳ·
337 1507 345 1522 ι
361 1497 417 1523 Οὐκ
429 1496 505 1523 ἔσται
515 1497 544 1524 ἐν
552 1496 590 1533 τῷ
607 1498 758 1534 μαρσίππῳ
771 1506 818 1524 σου
831 1498 895 1524 στά-

107 1545 186 1579 θμιον
200 1543 297 1579 μέγαῆ
309 1542 416 1579 μικρόν·
428 1543 559 1578 στάθμιον
567 1543 692 1579 ἀληθινὸν
701 1544 804 1571 δίκαιον
818 1543 892 1571 ἔσται

107 1589 213 1623 σοι,καὶ
224 1589 453 1625 μέτρονὰληοινδν
464 1589 567 1616 δίκαιον
582 1589 658 1617 ἔσται
670 1598 721 1622 σοι,
748 1590 792 1617 ἵνα
809 1590 891 1616 πολυ-
906 1580 927 1608 C

105 1634 209 1670 ἥμερος
217 1634 282 1671 γένῃ
293 1635 338 1661 ἐπί
349 1635 398 1669 τῆς
409 1635 470 1670 γῆς,
484 1632 517 1670 ἦς
529 1634 629 1670 Κύριος
641 1636 656 1662 ὁ
666 1635 731 1667 Θεός
742 1644 787 1662 σου
802 1635 894 1662 διδωσὶ

106 1689 146 1707 σοι
160 1682 189 1706 ἐν
207 1680 300 1716 κλήρῳ
311 1700 318 1711 ,
332 1681 373 1707 ὅτι
386 1681 524 1716 βδέλυγμα
541 1680 636 1717 Κυρίῳ
650 1681 688 1716 τῷ
702 1680 761 1716 Θεῷ
779 1690 825 1708 σου
839 1682 894 1713 πᾶς

106 1723 190 1754 ποιῶν
204 1726 300 1759 ταῦτα,
318 1727 373 1759 πᾶς
387 1726 470 1754 ποιῶν
487 1727 589 1755 ἄδικον.
615 1737 624 1753 ι
649 1727 703 1754 Καὶ
719 1727 800 1754 πάλιν
812 1727 842 1753 ὲν
854 1727 893 1762 τῷ

104 1772 254 1807 Λευῖτικῷ·
274 1782 283 1798 ‹
308 1772 352 1799 Ἐν
372 1773 480 1808 μέτροις
499 1773 546 1800 καὶ
565 1772 713 1808 σταθμίοις,
734 1773 781 1800 καὶ
801 1773 893 1807 ζυγοῖς

104 1817 176 1852 ζυγά
192 1817 294 1856 δίκαια,
313 1818 359 1845 καὶ
375 1818 495 1853 στάομια
509 1818 603 1846 δίκαια
615 1841 621 1852 ,
639 1819 687 1846 καὶ
705 1818 768 1854 χοῦς
789 1818 892 1851 δίκαιος

105 1862 183 1889 ἔσται
206 1871 257 1890 σοι.
286 1872 295 1888 ι
320 1862 438 1898 Μέτροις
452 1863 480 1889 δὲ
501 1863 550 1890 καὶ
572 1863 715 1898 σταθμίοις
732 1864 779 1890 καὶ
801 1862 893 1897 ζυγοῖς

104 1909 240 1945 παρισοῑω
257 1907 286 1936 εὖ
313 1909 386 1944 μάλα
408 1909 458 1944 τῆς
483 1909 657 1944 δικαιοσύνης
681 1909 744 1941 τοὺς
775 1909 892 1943 τρόπους

103 1955 234 1991 ἠπείγετο
249 1955 295 1982 ml.
310 1955 382 1991 μάλα
394 1955 496 1991 ὀρθῶς·
511 1955 573 1987 νοῦς
586 1955 639 1991 γὰρ
651 1954 731 1987 εὐθύς
743 1963 772 1981 τε
788 1955 836 1981 καὶ
850 1964 892 1989 φι-

104 2001 237 2034 λοδίκαιος
250 2001 406 2029 ταλαντεύει
423 2001 523 2036 τρόπον
540 2001 599 2028 τινὰ
615 2002 662 2028 καὶ
673 2002 822 2037 ἀναμετρεῖ
838 2001 892 2027 τῶν

105 2047 277 2084 πραγμάτων
299 2048 349 2079 τὰς
372 2048 481 2082 φύσεις,
502 2048 550 2073 καὶ
567 2048 613 2074 τὸν
637 2048 687 2083 τῆς
704 2047 825 2082 ἰσότητος
842 2047 891 2081 βα-

105 2093 209 2125 σανίζει
222 2093 311 2128 λόγον,
326 2093 487 2130 λεπτότερόν
499 2102 528 2120 τε
541 2093 587 2120 καὶ
598 2093 804 2130 ἀκριϐέστερον,
820 2094 891 2129 ἢπερ

103 2139 136 2166 ἆν
151 2138 234 2166 olor-:6
248 2147 290 2170 τις
304 2139 366 2170 τοὺς
380 2139 426 2166 ἐπὶ
445 2139 611 2173 πλάστιγγος
624 2138 671 2166 καὶ
691 2138 786 2173 ζυγοῦ,
805 2138 835 2165 τδ
849 2138 891 2165 νό-

106 2194 197 2220 μισμα
223 2184 437 2221 δοκιμάζοντας·
460 2186 604 2220 ὲπιμετρεῖ
621 2184 649 2211 δὲ
667 2184 761 2220 ὥσπερ
785 2184 891 2219 ἑκάστῳ

103 2230 158 2257 τῶν
176 2230 372 2267 θεωρουμένων
386 2231 415 2258 τὺ
430 2232 470 2258 ὅτι
487 2231 604 2266 μάλιστα
617 2230 720 2266 πρέπον
732 2229 817 2264 αὐτῷ,
830 2228 890 2256 οὔτε

103 2277 143 2312 τῷ
152 2276 274 2312 περιττῷ
284 2277 333 2312 τῆς
344 2276 475 2313 ἀκρισοῦς
489 2277 610 2312 ἰσότητος
623 2275 770 2311 παραλύων
782 2276 889 2308 κάλλος,

103 2321 165 2349 οὔτε
179 2322 234 2357 μὴν
250 2322 283 2357 τῇ
300 2322 370 2358 πρὸς
389 2321 420 2348 τὸ
437 2322 512 2355 μεῖον
533 2321 667 2356 ὑποφορᾷ,
683 2320 892 2356 παραχαράττε-

105 2367 166 2395 σθαι
179 2367 329 2403 συγχωρῶν
341 2367 371 2394 τὸ
385 2367 423 2398 ὡς
435 2368 463 2394 ὲν
478 2368 581 2402 ῑσότητι
594 2365 715 2402 διαρκές.
729 2366 820 2392 Ἔστω
834 2365 890 2392 τοί-

104 2423 151 2441 νυν
161 2414 233 2448 ζυγὰ
244 2414 290 2440 καὶ
301 2413 418 2448 στάθμια
426 2413 527 2445 δίκαια,
539 2413 585 2440 καὶ
596 2413 660 2449 χοῦς
670 2411 783 2445 δίκαιος,
797 2412 890 2447 φησίν

104 2458 158 2487 εἶεν
174 2459 196 2486 δ’
214 2459 257 2494 ἂν,
269 2457 356 2495 οἶμαι,
379 2459 467 2490 ταυτὶ,
481 2459 560 2486 τύποι
573 2459 646 2490 τινὲς
665 2459 759 2495 ὥσπερ
780 2458 825 2486 καὶ
839 2459 890 2494 ἐμ-

103 2505 177 2540 φανῆ
192 2504 401 2540 παραδείγματα
414 2525 421 2536 ,
434 2504 551 2540 τρόπους
567 2506 632 2540 ἡμῖν
651 2505 844 2539 ὑποφαίνοντα,
855 2503 890 2529 δι’

102 2549 194 2588 ὧνπερ
209 2551 242 2578 ἂν
263 2551 328 2586 ἡμῖν
345 2552 359 2577 ὁ
374 2551 423 2585 τῆς
440 2550 571 2586 ἀκριϐοῦς
593 2550 715 2586 ἰσότητος
731 2548 891 2585 διερευνῷτο

103 2598 180 2632 λόγος
191 2619 198 2630 ,
216 2598 264 2624 καὶ
278 2598 295 2633 ἡ
311 2596 361 2632 τῆς
382 2596 556 2632 δικαιοσύνης
575 2597 752 2631 ἀναφανεῖται
776 2595 888 2629 γνῶσις.

103 2644 183 2675 Σύνες
193 2643 221 2670 δὲ
233 2643 274 2670 ὅτι
287 2643 485 2678 συμμετρεῖται
509 2643 558 2678 μὲν
572 2642 607 2670 τὰ
623 2644 652 2670 ὲν
662 2643 748 2678 νόμῳ,
764 2643 812 2669 καὶ
827 2643 889 2678 ὅρον

103 2690 158 2724 ἔχει
173 2689 223 2725 τὴν
237 2687 422 2724 δικαιοσύνην,
434 2688 546 2715 πλουτεῖ
556 2687 585 2714 δὲ
599 2688 628 2714 τὸ
641 2688 745 2724 μεῖζον,
762 2687 809 2714 καὶ
821 2687 888 2714 πολὺ

103 2737 133 2772 δὴ
150 2736 210 2762 λίαν
229 2735 358 2762 ἐπέκεινα
376 2734 468 2770 τρέχει
486 2734 522 2760 τὰ
541 2734 586 2761 διὰ
599 2734 728 2770 Χριστοῦ.
745 2734 819 2769 Πέρα
835 2734 889 2769 γὰρ

103 2783 205 2809 δικαίου
218 2781 247 2809 τὸ
257 2781 367 2815 ἀγαθὸν,
378 2781 510 2812 τουτέστι,
525 2781 575 2814 τῆς
586 2781 615 2806 ὲν
625 2780 735 2816 Χριστῷ
753 2779 889 2811 πολιτείας

103 2830 119 2865 ἡ
131 2829 206 2862 δόξα.

133 2877 153 2892 ⁸¹
170 2876 180 2904 1
194 2877 258 2904 (lor.
275 2883 330 2906 xm,
343 2875 399 2902 3-8.
439 2875 460 2890 ’θ’
469 2875 550 2902 Prov.
566 2882 620 2906 xvr,
636 2875 661 2901 5.

264 2922 397 2952 Pyrum.
414 2922 472 2952 Gn.
491 2920 631 2950 LXVIII.

947 944 1096 980 telligatur,
1108 949 1135 972 et
1150 945 1177 972 in
1186 945 1293 980 Iustitia
1307 953 1357 973 nos
1368 946 1526 979 constituit;
1543 948 1659 985 25,531
1671 958 1737 977 vero

946 991 1100 1026 evangelica
1114 991 1258 1027 disciplina
1278 1000 1360 1027 supra
1381 992 1434 1019 hoc
1453 998 1585 1028 praeterea
1599 996 1734 1030 perducit.

947 1036 1016 1063 Sunt
1031 1042 1122 1065 autem
1136 1038 1248 1074 justitite
1264 1046 1374 1074 genera,
1388 1039 1507 1074 primum
1522 1040 1632 1075 quidem
1647 1042 1737 1070 honor

946 1087 974 1110 et
988 1090 1065 1110 amor
1078 1091 1142 1120 erga
1156 1092 1230 1117 eum,
1242 1085 1289 1119 qui
1299 1093 1370 1112 unus
1384 1093 1415 1113 ac
1426 1090 1523 1113 natura
1535 1087 1606 1114 Deus
1620 1093 1677 1121 est;
1692 1090 1735 1116 γί-

946 1128 1026 1155 ciuus
1037 1133 1089 1159 est,
1107 1134 1134 1156 et
1146 1130 1211 1157 huic
1225 1130 1366 1164 proximus
1380 1131 1426 1158 ille
1443 1139 1520 1158 amor
1538 1132 1565 1159 in
1584 1132 1692 1166 fratres,
1707 1140 1735 1162 ct

946 1172 1068 1206 ejusdem
1081 1175 1190 1209 generis
1206 1175 1341 1209 homines,
1355 1177 1391 1203 ita
1407 1181 1508 1210 tamen,
1523 1182 1552 1205 ut
1565 1178 1591 1205 in
1607 1186 1736 1214 parente:

946 1219 1101 1246 reverentia
1116 1219 1223 1247 cmteris
1242 1226 1425 1255 praeponatur.
1449 1222 1629 1252 Conrcnienti
1652 1226 1734 1262 igitur

945 1265 1042 1292 ordine
1053 1264 1195 1300 Scriptura
1207 1266 1391 1302 progreditur,
1407 1275 1468 1294 cum
1485 1273 1547 1303 post
1559 1269 1687 1303 pietatem
1706 1271 1733 1297 in

945 1310 1041 1342 Deum,
1067 1315 1094 1338 et
1117 1320 1180 1347 erga
1202 1317 1335 1351 parentes.
1351 1315 1545 1348 reverentiam,
1568 1316 1596 1344 in
1620 1321 1734 1345 Caeteros

944 1364 1053 1391 quoque
1065 1357 1190 1385 homines
1205 1359 1342 1393 specimen
1356 1360 1503 1394 probitatis
1513 1370 1563 1389 nos
1571 1362 1653 1391 edere
1665 1372 1736 1398 pra:-

944 1403 1020 1437 cipit.
1035 1403 1142 1430 Etenim
1159 1404 1261 1439 ubique
1284 1404 1328 1432 lex
1348 1413 1442 1433 curam
1457 1408 1620 1442 azqualitatis
1640 1409 1733 1442 habol,

944 1451 970 1475 et
981 1452 1136 1476 accuratam
1150 1449 1264 1484 iustitiae
1277 1450 1411 1479 rationem
1421 1452 1574 1481 habendam
1588 1462 1648 1482 esse
1656 1463 1734 1491 aper-

946 1498 970 1521 Ic
987 1493 1120 1522 decernit.
1142 1495 1279 1531 Scriptum
1294 1502 1336 1525 est
1351 1498 1424 1525 enim
1446 1498 1472 1526 in
1495 1500 1707 1529 Deuteronomio
1725 1511 1731 1529 :

948 1549 957 1564 ι
975 1539 1035 1567 Non
1050 1540 1103 1568 erit
1120 1541 1149 1568 in
1160 1542 1270 1569 sacculo
1282 1546 1327 1570 tuo
1343 1543 1450 1579 pondus
1469 1552 1595 1580 magnum
1609 1550 1656 1574 aut
1669 1555 1733 1582 par-

945 1593 1007 1612 vum
1022 1595 1027 1612 :
1041 1586 1148 1621 pondus
1161 1595 1257 1615 verum
1273 1589 1413 1624 etjustum
1432 1590 1467 1616 sit
1482 1590 1543 1623 tibi,
1562 1595 1590 1618 ct
1606 1599 1733 1620 mensura

946 1640 1009 1659 vera
1022 1636 1050 1660 ct
1058 1633 1131 1667 justa
1143 1633 1179 1660 sit
1191 1632 1252 1666 tibi,
1265 1638 1296 1661 ut
1307 1634 1445 1670 longaevus
1457 1636 1494 1663 sis
1506 1636 1533 1663 in
1545 1640 1629 1670 terra,
1651 1646 1733 1673 quam

945 1677 1076 1705 Dominus
1091 1678 1163 1706 Deus
1179 1682 1242 1707 tuus
1257 1679 1303 1707 dat
1322 1680 1370 1707 tibi
1391 1680 1418 1708 in
1438 1682 1648 1715 possessionem,
1669 1684 1733 1719 quia

944 1722 1110 1752 abominatio
1120 1729 1161 1752 est
1172 1726 1287 1753 Domino
1297 1726 1352 1754 Deo
1363 1730 1411 1753 tuo
1422 1727 1520 1759 omnis,
1533 1728 1579 1763 qui
1589 1729 1654 1756 facit
1663 1730 1731 1760 haec.

944 1771 1043 1802 omnis,
1057 1772 1102 1807 qui
1121 1772 1293 1808 iniquitatem
1308 1773 1373 1800 facit
1386 1773 1416 1800 ".
1442 1784 1451 1799 ι
1466 1774 1500 1802 Ει
1513 1774 1612 1802 iterum
1634 1776 1662 1803 in
1679 1775 1732 1803 Lc—

943 1816 1027 1844 vitico
1043 1827 1049 1843 :
1067 1827 1074 1843 ι
1094 1818 1123 1846 In
1141 1819 1290 1851 mensuris,
1311 1823 1338 1846 et
1357 1819 1535 1854 ponderibus,
1557 1825 1584 1848 et
1604 1823 1730 1854 stateris;

944 1867 1052 1890 staterae
1068 1864 1157 1899 justze,
1178 1868 1205 1891 et
1221 1865 1343 1899 pondera
1361 1865 1444 1900 justa,
1466 1870 1494 1893 et
1511 1874 1638 1894 mensura
1657 1868 1731 1903 jus-ta

944 1908 999 1936 sint
1011 1909 1061 1936 tihi
1071 1909 1102 1936 ".
1120 1919 1128 1935 ι
1147 1909 1282 1938 Mensuris
1293 1910 1377 1946 igitur
1388 1915 1415 1938 et
1427 1911 1594 1947 ponderibus
1608 1917 1634 1940 et
1651 1918 1731 1941 state-

944 1955 983 1982 ris
998 1955 1142 1991 diligenter
1157 1964 1315 1991 comparare
1328 1957 1441 1992 justitiaa
1454 1965 1552 1993 genera
1572 1958 1686 1991 studuit,
1704 1964 1731 1987 ct

943 1999 1052 2034 quidem
1066 1999 1167 2035 optime
1178 2009 1184 2033 ;
1197 2000 1305 2028 animus
1319 2000 1391 2028 enim
1408 2006 1501 2029 rectus
1519 2007 1546 2030 et
1556 2002 1622 2038 justi
1636 2011 1730 2031 amans

943 2044 1072 2079 appendit
1086 2045 1286 2079 quodammodo
1310 2050 1337 2072 ct
1359 2046 1472 2072 metitur
1495 2053 1588 2083 rerum
1608 2051 1729 2078 naturas,

942 2094 970 2117 et
981 2090 1143 2125 aequalitatis
1157 2091 1290 2118 rationem
1314 2091 1443 2118 subtilius
1462 2096 1490 2119 et
1510 2092 1665 2120 accuratius
1682 2100 1730 2119 ex-

942 2135 1037 2170 quirit,
1049 2143 1129 2171 quam
1145 2136 1163 2163 ii
1176 2136 1264 2163 facere
1276 2141 1416 2172 putantur,
1431 2135 1477 2172 qui
1491 2137 1519 2164 in
1530 2137 1608 2165 lance
1621 2141 1648 2165 et
1660 2137 1730 2165 libra

942 2183 1086 2217 pecuniam
1101 2183 1228 2218 probant,
1242 2188 1270 2210 ct
1287 2183 1400 2218 singulis
1412 2183 1504 2215 rebus,
1523 2190 1591 2217 quas
1605 2186 1730 2210 contem-

944 2228 1043 2262 platur,
1061 2228 1126 2264 quid
1143 2229 1259 2256 maxime
1281 2228 1385 2260 deccat,
1405 2221 1561 2262 admolitur,
1580 2235 1669 2264 neque
1684 2236 1729 2256 re-

943 2274 1093 2302 dundantia
1125 2275 1288 2310 mqualitatis
1315 2274 1458 2310 exquisita:
1494 2273 1727 2309 pulchritudinem

942 2320 1109 2355 corrumpit;
1126 2328 1214 2355 neque
1227 2327 1322 2347 rursus
1333 2320 1526 2348 imminutione
1539 2320 1565 2347 id
1578 2320 1726 2348 adultorari

942 2366 1017 2398 sinit,
1034 2366 1107 2401 quod
1118 2371 1161 2394 est
1171 2366 1334 2401 mqualitatis
1345 2367 1450 2393 ratione
1463 2366 1539 2394 satis.
1557 2366 1617 2393 Sint
1635 2367 1727 2402 itaque

942 2417 1051 2440 staterm
1063 2417 1090 2439 et
1107 2413 1227 2448 pondera
1237 2413 1321 2448 justa,
1337 2416 1365 2439 ct
1380 2419 1507 2440 mensura
1525 2413 1608 2448 justa,
1630 2412 1728 2448 inquit.

943 2458 1005 2486 Haec
1016 2463 1118 2490 autem,
1132 2462 1160 2486 ut
1170 2459 1278 2494 opinor,
1287 2462 1416 2492 tanquam
1428 2457 1519 2493 ﬁgurae
1532 2458 1654 2493 quaedam
1666 2464 1730 2485 sunt

942 2507 970 2529 et
991 2502 1113 2538 exempla
1136 2503 1289 2537 perspicua,
1312 2509 1373 2536 quae
1397 2501 1492 2529 modos
1512 2502 1593 2529 nobis
1613 2502 1728 2529 demon-

943 2551 1041 2579 strant,
1056 2556 1106 2583 per
1126 2555 1195 2582 quos
1210 2555 1225 2574 a
1236 2547 1316 2574 nobis
1334 2550 1468 2575 accuratae
1480 2546 1644 2582 tequalitatis
1661 2547 1730 2573 ratio

943 2593 1114 2627 exquiratur,
1134 2596 1160 2619 et
1177 2592 1289 2627 justitia:
1307 2591 1426 2627 cognitio
1443 2595 1581 2626 appareat.
1598 2590 1729 2618 Animad—

943 2644 1020 2666 verte
1037 2643 1128 2666 autem
1140 2646 1181 2671 ea,
1196 2646 1256 2673 quae
1270 2641 1334 2664 sunt
1351 2637 1377 2664 in
1391 2637 1450 2672 lege
1463 2637 1630 2670 mensurari,
1646 2637 1729 2672 etju-

943 2685 1016 2712 stitia
1031 2689 1158 2720 tanquam
1173 2684 1225 2711 line
1241 2683 1397 2716 terminari;
1410 2690 1468 2710 esse
1480 2687 1571 2710 autem
1586 2683 1728 2718 ampliora.

929 2734 1003 2766 'quze
1023 2739 1071 2765 per
1090 2730 1228 2757 Christum
1249 2729 1346 2757 tradita
1368 2731 1441 2759 sunt,
1466 2733 1494 2756 et
1516 2727 1595 2763 longe
1614 2726 1731 2754 ulterius

944 2777 1084 2812 progredi;
1102 2784 1165 2804 nam
1181 2776 1218 2808 id,
1232 2776 1304 2811 quod
1321 2776 1425 2811 justum
1440 2778 1492 2806 est,
1505 2781 1519 2800 a
1532 2773 1614 2806 bono,
1632 2771 1658 2799 id
1677 2776 1729 2804 est,
1766 2810 1769 2815 _

942 2832 956 2851 a
974 2823 1136 2851 Christianae
1147 2822 1363 2850 conversationis
1376 2821 1459 2856 gloria
1470 2841 1476 2852 ,
1489 2819 1641 2848 cxceditur.

698 2876 719 2890 ³³
736 2875 814 2901 Deut.
837 2879 898 2900 xxv.
911 2872 1001 2899 13-16.
1031 2871 1051 2887 ""
1069 2871 1155 2898 Levit.
1170 2877 1225 2901 XIX,
1238 2870 1281 2897 Si}.

1557 2913 1588 2943 Π
