1939 3041
191 167 243 196 525

227 227 325 256 PALL.
339 225 471 254 Praeclare
486 223 525 251 ais
538 232 544 249 ε
560 221 671 250 memini
684 221 757 248 enim
771 221 815 253 iis,
826 220 873 256 qui
889 220 917 247 in
931 219 983 247 ﬁde
999 221 1022 250 Δ

190 273 331 310 iustiﬁcati
344 275 432 303 erant,
449 269 592 297 Christum
607 272 700 303 aperte
719 267 840 294 dixisse:
861 276 870 292 ‹
889 266 986 298 Arnen,

192 327 272 348 amen
285 318 347 346 dico
361 316 449 348 vobis,
465 315 518 342 nisi
531 313 612 351 245
629 312 926 349 abundaveritjustitia
942 320 988 340 ve—

191 371 248 394 stra
263 364 326 400 plus
336 370 418 398 quam
430 361 590 389 Scribarum
602 364 629 387 et
642 358 855 392 Pharisaeorum,
874 365 928 385 non
942 358 985 385 in-

192 411 299 438 trabitis
319 409 347 437 in
361 415 476 444 regnum
488 406 622 434 caelorum
633 405 667 432 ".
685 415 694 431 ι

225 456 304 484 CYR.
319 454 372 482 Sed
384 454 442 482 haec
454 453 564 488 quidem
581 451 614 479 ad
626 451 700 478 hunc
711 450 824 478 modum
836 448 986 477 constituta

191 503 255 530 sint.
267 502 326 530 Jam
338 522 346 534 ,
358 501 381 528 si
397 499 435 527 ita
455 499 565 527 videtur
576 518 584 531 ,
600 497 725 525 Mosaicae
743 496 891 532 probitatis
908 503 986 522 men—

190 556 300 581 suram,
324 551 352 575 et
373 546 488 582 iustitia:
509 543 660 573 secundum
682 543 770 578 legem
790 542 905 578 gloriam
924 550 987 577 per-

189 594 373 629 vestigemus:
386 591 433 627 qui
446 590 519 618 enim
530 589 643 626 justiti-aa
654 588 840 623 cognitionem
852 587 985 622 consequi

190 643 264 667 recte
276 638 384 670 studet,
397 641 480 672 atque
493 636 519 663 in
530 635 677 672 diligendis
688 634 822 662 fratribus
831 655 838 667 ,
850 634 986 663 excellere

190 692 319 722 mag-num
338 688 431 720 putat,
446 691 510 711 eum
531 682 640 709 ﬁrmum
654 689 686 709 ac
698 680 823 708 stabilem
836 701 842 713 ,
867 680 985 716 denique

191 733 288 764 talem,
300 731 390 767 qualis
412 737 508 758 revera
520 732 577 761 est,
593 727 713 764 spectari
725 727 820 760 decet,
837 735 892 755 non
906 727 985 754 inﬁr-

190 785 267 805 mum
280 785 312 805 ac
323 777 412 804 levem
422 797 430 809 ,
447 783 536 810 neque
559 774 651 802 fucata
664 773 800 810 probitate
814 772 960 809 praeditum
975 795 983 807 ,

190 833 222 852 ac
232 824 317 852 veluti
330 823 390 851 ovis
411 823 482 858 pelle
502 821 558 856 lupi
572 820 689 849 formam
711 823 918 855 contegentem,
935 819 983 847 sed

190 869 285 905 potius
296 868 365 902 niti,
387 873 417 896 ut
431 867 534 895 nudam
547 871 575 894 et
596 866 821 901 reprehensionis
841 870 982 900 expertem

191 902 305 944 suorum
317 921 425 942 morum
444 912 600 941 libertatem
614 912 746 944 retineat;
760 911 876 946 ideoque
897 911 986 946 inquit
1003 902 1023 929 Β

191 962 255 989 lex:
275 971 283 987 ι
298 961 357 989 Non
382 959 537 988 ambulabis
557 957 650 986 dolose
670 958 698 985 in
719 962 798 993 gente
812 962 873 990 tua,
896 965 985 993 neque

190 1004 284 1032 oderis
305 1003 418 1031 fratrem
443 1007 519 1030 tuum
541 1002 570 1030 in
593 1001 678 1030 corde
703 1006 749 1029 tuo
772 1001 804 1028 “.
821 1012 830 1027 ›
855 1002 986 1030 Eumde

190 1058 299 1086 quoque
322 1057 379 1077 rem
403 1049 484 1077 aliter
503 1049 603 1084 ponit:
630 1057 639 1073 ι
664 1048 697 1075 Ει
720 1053 812 1080 veste,
835 1048 986 1084 inquit,ex

191 1096 300 1124 duobus
323 1100 396 1123 texta
417 1103 471 1122 non
497 1094 622 1122 indueris
634 1094 666 1121 ⁸⁷.
683 1103 690 1118 ι
707 1093 740 1121 Et
763 1102 877 1121 rursus:
896 1104 904 1119 ‹
925 1094 984 1122 Νοη

191 1143 288 1170 indues
310 1141 491 1170 adulteratam
510 1145 614 1168 vestem
631 1148 664 1166 ex
686 1140 746 1167 lana
768 1140 880 1174 linoque
903 1139 984 1166 simul

190 1187 342 1215 confectam
357 1186 388 1213 ⁸³.
405 1196 413 1212 ι
429 1185 626 1214 Gravissimum
639 1184 712 1212 enim
731 1191 795 1211 sane
808 1183 912 1212 crimen
926 1188 985 1216 est,

190 1239 217 1262 et
232 1233 276 1260 cui
300 1232 374 1260 nulla
402 1231 582 1267 reprehensio
602 1231 638 1258 sit
657 1229 740 1262 satis,
758 1229 803 1256 illa
816 1229 843 1256 in
856 1229 985 1264 opinione

191 1279 337 1314 probitatis
359 1277 466 1305 fallacia
482 1281 510 1305 et
522 1277 617 1310 dolus;
641 1284 728 1311 caque
750 1283 795 1302 res
816 1279 858 1302 est
877 1275 933 1302 Deo
956 1274 985 1302 in

191 1325 287 1359 primis
300 1324 395 1351 odiosa
406 1343 414 1356 ,
427 1328 455 1350 et
466 1322 674 1358 cognatamfere
686 1329 796 1357 semper
807 1321 891 1348 habet
902 1321 986 1348 animi

190 1370 397 1405 duplicitatem,
414 1374 443 1396 et
458 1368 526 1396 illud
549 1367 692 1395 sententia‘
716 1372 844 1402 tanquam
869 1366 985 1394 biforme

190 1416 352 1452 variumque
386 1419 562 1450 portentum;
585 1414 687 1450 quibus
720 1413 804 1440 rebus
837 1421 916 1441 mens
939 1413 985 1441 illa

191 1462 283 1490 divina
295 1466 322 1489 et
335 1461 498 1489 immortalis
509 1460 543 1488 ad
562 1461 630 1488 iram
655 1460 773 1487 maxime
784 1464 984 1488 commovetur.

190 1509 265 1536 Dixit
285 1508 358 1536 enim
382 1511 457 1535 certe
473 1507 507 1535 de
530 1506 696 1541 quibusdam
712 1515 719 1533 ε
736 1516 745 1532 ‹
762 1506 865 1542 Sagitta
887 1506 984 1534 vulne-

192 1562 257 1581 rans
276 1554 368 1589 lingua
390 1560 488 1581 eorum
502 1561 508 1579 :
522 1552 616 1580 dolosa
641 1552 715 1580 enim
739 1556 802 1579 sunt
820 1552 904 1580 verba
928 1552 986 1579 oris

191 1606 304 1631 eorum;
317 1597 443 1633 proximo
463 1605 514 1625 suo
539 1597 663 1632 loquitur
676 1597 806 1633 paciﬁca,
819 1602 847 1624 et
859 1597 930 1625 intra
955 1605 984 1625 se

192 1645 276 1672 habet
287 1644 456 1672 inimicitias.
479 1643 609 1679 Nunquid
628 1651 710 1680 super
722 1643 765 1672 his
778 1652 833 1672 non
845 1644 985 1672 visitabo?

193 1689 260 1717 dicit
279 1689 428 1721 Dominus,
446 1691 493 1716 aut
516 1689 544 1716 in
569 1688 671 1724 populo
694 1688 740 1716 tali
760 1696 815 1716 non
836 1689 985 1717 ulciseetur

193 1736 283 1762 anima
305 1742 366 1763 mea
386 1735 428 1762 “‘i
443 1745 452 1761 ι
480 1734 667 1762 Ascensurum
683 1742 793 1770 quoque
814 1735 842 1762 in
865 1740 985 1763 montem

194 1781 242 1811 Dei
257 1782 348 1816 inquit
360 1781 445 1808 David
457 1801 465 1813 ,
489 1781 665 1809 innocentem
687 1781 815 1809 manibus
824 1801 831 1815 ,
843 1786 872 1809 et
883 1782 987 1810 mundo

193 1827 296 1860 corde,
310 1827 357 1863 qui
378 1835 434 1854 non
455 1827 521 1855 fecit
540 1827 633 1855 dolum
654 1827 682 1854 in
704 1827 797 1864 lingua
810 1835 875 1860 sua,
896 1836 987 1863 neque

195 1873 259 1901 fecit
279 1873 405 1910 proximo
425 1881 474 1901 suo
496 1873 599 1909 malum
613 1873 647 1900 ⁵ο.
661 1873 742 1901 Vetat
763 1873 847 1909 igitur
869 1874 913 1901 lex
926 1879 986 1902 tan-

194 1927 277 1955 quam
290 1927 348 1948 rem
362 1920 549 1956 turpissimam
560 1940 568 1953 ,
580 1923 609 1947 et
619 1919 647 1947 in
665 1919 762 1954 primis
775 1919 922 1948 absurdam
932 1941 939 1953 ,
953 1929 986 1948 ne

194 1966 257 2000 quis
275 1965 303 1992 in
324 1965 388 1993 dolo
409 1965 550 1998 ambulet,
573 1965 600 1992 id
622 1969 681 1999 est,
705 1973 740 1993 ne
759 1965 886 1993 callidam
905 1970 987 2001 atque

194 2014 313 2038 astutam
325 2011 389 2038 vitae
404 2011 538 2039 rationem
550 2011 732 2046 amplectatur
741 2031 748 2044 ,
760 2016 788 2039 et
799 2019 861 2040 cum
876 2012 988 2048 justitize

194 2056 315 2091 speciem
326 2055 453 2089 simulet,
474 2055 639 2091 contemptis
650 2055 793 2084 charitatis
804 2057 920 2092 legibus,
932 2057 988 2084 fra-

194 2107 252 2129 tres
262 2101 351 2129 laedat.
367 2102 477 2130 Vestem
500 2105 634 2137 prmterea
646 2109 697 2130 nos
716 2102 817 2131 habere
829 2111 884 2131 non
897 2104 962 2131 sinit
974 2111 989 2131 e

195 2147 304 2176 duobus
327 2152 499 2181 contextam;
514 2156 567 2183 qua
589 2148 617 2175 in
641 2156 671 2176 re
695 2148 809 2184 ﬁgurate
832 2149 965 2185 signiﬁcat
981 2170 988 2182 ,

195 2194 348 2222 cavendum
360 2202 420 2222 esse
432 2202 467 2222 nc
487 2195 570 2222 veluti
583 2195 772 2230 duplicitatem
789 2197 936 2231 quamdam
961 2198 988 2224 in

700 161 728 190 S.
749 160 887 189 CYRILLI
905 159 1140 188 ALEXANDRINI
1159 159 1318 187 ARCIIIEP.

1773 158 1830 186 εει

1040 221 1042 225 ’
1070 219 1175 246 ΠΑΛΛ.
1191 217 1228 246 Εὖ
1241 208 1339 252 λέγεις.
1359 216 1542 253 Μεμνὴσομαι
1554 217 1607 254 γὰρ
1623 218 1678 249 τοῖς
1689 217 1718 244 ἐν
1736 217 1831 243 πίστει

1039 264 1258 300 δεδικαιωμένοις
1281 263 1430 295 διειπόντος
1445 263 1578 298 Χριστοῦ-
1600 272 1609 289 ι
1634 263 1729 298 Ἀμὴν,
1741 263 1829 297 ἀμὴν,

1038 311 1110 345 λέγω
1129 311 1205 346 ὑμῖν,
1227 304 1273 337 ἐὰν
1293 309 1331 346 μὴ
1351 309 1519 346 περισσεύσῃ
1538 310 1554 345 ἡ
1572 309 1730 345 δικαιοσύνη
1751 309 1832 343 ὑμῶν

1038 356 1121 384 πλέον
1134 355 1188 383 τῶν
1201 355 1391 391 Γραμματέων
1405 356 1452 382 καὶ
1465 355 1631 392 Φαρισαίων,
1645 355 1675 382 ού
1687 355 1725 391 μὴ
1741 355 1833 381 εἰσέλ-

1037 403 1101 439 θητε
1118 404 1157 436 εἰς
1172 402 1221 438 τὴν
1234 402 1371 438 βασιλείαν
1383 401 1437 428 τῶν
1452 401 1584 438 οὐρανῶν.
1600 411 1610 427 ι

1072 447 1153 475 ΚΥΡ.
1176 447 1246 474 Ἀλλ’
1264 444 1315 474 ὧδε
1333 448 1381 482 μὲν
1395 448 1462 483 ἡμῖν
1478 447 1564 483 ἐχέτω
1579 448 1672 475 ταυτί·
1690 449 1835 484 πολυπρα-

1037 492 1183 528 γμονῶμεν
1203 493 1242 526 δὲ,
1267 493 1291 519 εί
1311 492 1395 524 δοκεῖ,
1419 485 1468 529 τῆς
1497 493 1650 529 Μωᾱαῖκῆς
1674 494 1834 527 ἐπιεικείας

1037 538 1069 565 τὺ
1095 538 1204 575 μέτρον,
1229 538 1275 565 καὶ
1301 538 1350 574 τῆς
1377 538 1449 566 κατά
1471 538 1552 573 νόμον
1588 539 1765 575 δικαιοσύνης
1782 539 1834 576 τὴν

1036 584 1115 617 δόξαν
1125 593 1131 600 ·
1147 585 1193 612 τὸν
1209 586 1305 620 γάρτοι
1319 584 1474 622 φιλοθηρεῖν
1491 584 1538 612 τοῦ
1561 585 1736 621 δικαίου’την
1757 586 1830 620 γνῶ-

1037 639 1078 657 σιν
1099 630 1233 667 ὀρθότατα
1254 631 1478 664 διεσπουδακότα,
1505 632 1552 659 καὶ
1580 631 1633 669 μὴν
1653 633 1700 660 καὶ
1722 633 1754 661 τὸ
1771 634 1834 661 δια-

1036 676 1151 712 πρέπειν
1177 677 1206 703 ἐν
1232 677 1371 713 ἀγαπήσει
1399 678 1480 714 τυχὸν
1507 680 1540 714 τῇ
1571 679 1638 714 πρὸς
1654 679 1788 714 ἀδελφοὺς
1804 681 1834 706 ἐν

1035 723 1107 759 λόγῳ
1133 725 1329 760 πεποιημένον,
1354 726 1463 761 ἀσφαλῆ
1486 735 1515 752 τε
1538 727 1585 753 καὶ
1609 726 1757 763 βεϐηκότα,
1786 729 1834 754 καὶ

1035 771 1104 806 ὅπερ
1119 771 1193 798 ἐστὶν
1209 771 1328 807 ἀληθῶς,
1343 771 1458 808 ὁρᾶσθαι
1475 772 1585 808 πρέπει,
1606 773 1656 800 οὐκ
1669 774 1835 801 εὐκατάσει-

1035 825 1106 850 στον,
1125 817 1183 844 οὐδὲ
1202 817 1329 853 ἐλαφρὸν,
1347 818 1378 845 ού
1391 818 1581 846 κατάπλαστον
1603 818 1700 855 ἔχοντα
1716 820 1747 847 τὺ
1762 829 1833 856 χρη-

1035 862 1106 895 στὸν,
1120 864 1166 890 καὶ
1180 863 1274 900 ὥσπερ
1288 864 1343 897 δῖος
1357 864 1396 900 τῷ
1407 865 1496 901 κωδίῳ
1510 865 1690 898 κατασκιάζει
1704 866 1834 894 ἐθέλοντα

1037 909 1085 944 τὴν
1097 909 1180 936 λύκου
1197 910 1314 946 μορφὴν,
1333 910 1434 946 μᾶλλον
1454 911 1482 938 δὲ
1500 912 1607 948 γυμνὴν
1629 913 1677 939 καὶ
1698 912 1833 949 ἀνεπίλη-

1038 964 1104 983 πτον
1122 956 1192 992 ἔχειν
1209 957 1370 992 ἐπείγεσθαι
1383 958 1429 984 τοῦ
1451 957 1514 985 ἰδίου
1526 958 1630 994 τρόπου
1644 959 1694 995 τὴν
1717 959 1832 986 ἐλευθε-

1038 1002 1108 1037 ρίαν.
1135 1003 1280 1038 Τοιγάρτοι
1300 1003 1382 1039 φησιν
1397 1005 1411 1031 ὁ
1425 1004 1521 1040 νόμος”
1543 1014 1552 1030 ι
1566 1005 1603 1032 Οὐ
1619 1005 1739 1041 πορεύσῃ
1763 1005 1834 1041 δόλῳ

1036 1050 1065 1075 ὲν
1080 1049 1118 1076 τῶ
1140 1049 1210 1076 ἔθνει
1230 1057 1287 1081 σου,
1303 1050 1350 1076 καὶ
1374 1049 1404 1076 οὒ
1431 1051 1557 1085 μισήσεις
1574 1051 1620 1079 τὸν
1640 1052 1756 1086 ἀδελφόν
1784 1061 1833 1078 σου

1035 1095 1068 1129 τῇ
1087 1095 1186 1129 καρδίᾳ
1204 1101 1261 1120 σου.
1276 1103 1286 1120 ι
1308 1093 1407 1129 Τίθησί
1423 1103 1452 1121 τε
1470 1095 1518 1122 καὶ
1531 1096 1633 1131 ἑτέρως
1648 1098 1730 1124 αὐτό·
1747 1106 1756 1122 ι
1775 1098 1834 1124 Καὶ

1038 1138 1144 1173 ἱμάτιον
1169 1138 1233 1174 γὰρ.
1259 1139 1352 1174 φησιν,
1377 1140 1409 1166 ὲκ
1423 1139 1470 1166 δύο
1492 1139 1646 1176 ὑφασμένον
1666 1141 1717 1168 οὐκ
1733 1142 1832 1169 ἐπιϐα-

1036 1184 1091 1217 λεῖς
1121 1184 1237 1220 σεαυτῷ
1256 1195 1265 1210 ι
1285 1185 1332 1212 καὶ
1355 1185 1452 1212 πάλιν·
1480 1196 1490 1212 ι
1508 1188 1565 1214 Οὐκ
1582 1187 1679 1224 ἐνδύσῃ
1703 1188 1834 1225 κίϐδηλον

1035 1230 1108 1265 ἔριον
1131 1231 1178 1258 καὶ
1194 1231 1265 1258 λίνον
1282 1232 1311 1258 ὲν
1327 1231 1365 1266 τῷ
1384 1231 1467 1267 αὐτῷ.
1485 1242 1494 1258 ι
1515 1232 1658 1261 Πάνδεινον
1676 1234 1731 1270 γὰρ
1762 1235 1832 1272 ἀλη-

1036 1276 1090 1308 Θῶς
1107 1277 1151 1304 κα*
1179 1276 1275 1313 μώμου
1295 1276 1396 1309 παντὸς
1410 1277 1549 1311 ἐπέκεινα,
1568 1279 1624 1310 τοῖς
1640 1279 1669 1306 ὲν
1689 1280 1825 1316 ὑπολήψει

1035 1324 1219 1359 χρηστότητος
1233 1324 1325 1360 ἀπάτη
1347 1324 1394 1351 καὶ
1406 1324 1480 1358 δόλος
1497 1332 1503 1340 ·
1530 1325 1576 1352 καὶ
1602 1325 1660 1353 ἐστι
1684 1326 1715 1353 τὸ
1735 1327 1833 1362 χρῆμα

1035 1369 1091 1396 τῶν
1114 1370 1184 1405 ἄγαν
1208 1370 1283 1406 παρὰ
1304 1370 1365 1406 Θεῷ
1388 1370 1648 1406 κατεστυγημένων,
1673 1372 1720 1399 καὶ
1747 1373 1832 1400 ἀδελ-

1038 1415 1093 1452 φὴν
1111 1415 1172 1452 ἔχον
1195 1416 1238 1443 ἀεί
1255 1425 1313 1448 πως
1340 1417 1389 1453 τὴν
1409 1416 1544 1452 διψυχίαν,
1564 1418 1611 1445 καὶ
1630 1419 1661 1445 τὸ
1683 1419 1765 1446 οἱονεὶ
1782 1419 1832 1454 τῆς

1036 1462 1149 1497 γνώμης
1168 1462 1261 1498 διφυές
1287 1471 1316 1489 τε
1339 1463 1387 1494 καὶ
1410 1457 1637 1498 ἀλλοπρόσαλλον,
1658 1466 1701 1499 ἐφ’
1719 1462 1760 1498 οἷς
1787 1467 1831 1493 ὅτι

1038 1509 1155 1543 μάλιστα
1187 1508 1376 1544 καταθήγεται
1398 1509 1467 1545 πρὸς
1485 1510 1571 1546 ὀργὰς
1594 1512 1609 1538 δ
1635 1511 1706 1544 θεῖός
1730 1521 1761 1539 τε
1785 1512 1834 1540 καὶ

1037 1555 1174 1590 ἀκήρατος
1193 1554 1264 1587 νοῦς.
1288 1555 1360 1590 Ἔφη
1375 1555 1428 1592 γάρ
1446 1565 1497 1583 που
1520 1557 1584 1592 περί
1600 1565 1681 1584 τινων
1693 1566 1700 1574 ·
1729 1567 1739 1584 ι
1754 1558 1832 1591 Beli;

1037 1600 1226 1637 τιτρώσκουσα
1243 1601 1260 1636 ὴ
1287 1601 1399 1635 γλῶσσα
1421 1601 1511 1629 αὐτῶν
1526 1610 1532 1617 ·
1550 1603 1625 1630 δόλια
1643 1603 1699 1639 γὰρ
1723 1603 1758 1631 τὰ
1783 1605 1832 1640 ῥή-

1039 1655 1112 1682 ματα
1138 1646 1185 1673 τοῦ
1210 1646 1344 1681 στόματος
1369 1646 1459 1674 αὐτῶν
1474 1656 1481 1663 ³
1507 1647 1547 1684 τῷ
1564 1648 1678 1684 πλησίον
1688 1649 1772 1677 αὑτοῦ
1785 1650 1833 1677 λα-

1037 1692 1079 1720 λεῖ
1100 1691 1134 1719 τὰ
1160 1692 1296 1728 εἰρηνικὰ,
1317 1693 1363 1720 καὶ
1386 1693 1414 1720 έν
1445 1694 1534 1731 ἑαυτῷ
1563 1695 1619 1730 ἔχει
1644 1695 1694 1730 τὴν
1718 1695 1832 1731 ἔχθραν.

1037 1738 1083 1774 Μὴ
1101 1737 1148 1765 ἐπὶ
1162 1738 1268 1770 τούτοις
1284 1739 1334 1766 οὐκ
1362 1740 1562 1777 ὲπισκέψομαι;
1578 1741 1652 1776 λέγει
1678 1741 1792 1777 Κύριος,
1814 1742 1833 1777 ἦ

1038 1785 1067 1811 ὲν
1080 1783 1137 1820 λαῷ
1153 1785 1265 1822 τοιούτῳ
1277 1787 1327 1813 οὐκ
1338 1787 1477 1823 ἐκδικήσει
1491 1789 1509 1824 ἡ
1518 1787 1591 1824 ψυχή
1607 1797 1674 1824 μου;
1695 1798 1704 1815 ι
1716 1789 1834 1824 Ἀναϐη-

1039 1830 1137 1858 σεσθοιι
1151 1831 1178 1859 δὲ
1192 1833 1239 1860 καὶ
1255 1833 1295 1865 εὶς
1307 1833 1337 1860 τὸ
1350 1833 1412 1868 ὅρος
1429 1832 1475 1860 τοῦ
1491 1834 1595 1869 Κυρίου
1611 1835 1693 1870 φησιν
1707 1835 1721 1862 ό
1737 1835 1832 1868 Δαεῖιδ,

1037 1875 1084 1904 τὸν
1105 1876 1195 1904 ἀθῶον
1219 1879 1308 1914 χερσὶ.
1336 1879 1384 1906 καὶ
1398 1879 1517 1916 καθαρὸν
1543 1881 1576 1916 τῇ
1601 1881 1711 1916 καρδίᾳ,
1724 1880 1754 1913 ὃς
1781 1881 1833 1908 οὐκ

1039 1921 1167 1949 ὲδόλωσεν
1187 1924 1216 1950 ὲν
1228 1922 1348 1959 ,γλώσσῃ
1370 1923 1464 1957 αὺτοῦ,
1482 1924 1543 1951 οὐδὲ
1564 1925 1677 1961 ἐποίησε
1692 1925 1732 1961 τῷ
1762 1925 1832 1961 πλη-

1041 1969 1097 1996 σίον
1119 1969 1202 1996 αὑτοῦ
1230 1970 1324 1997 κακόν.
1351 1971 1518 2006 ⁷Αποφάσκει
1539 1971 1571 2007 δὴ
1583 1969 1630 1999 οὖν
1645 1973 1659 1999 ό
1683 1972 1766 2008 νόμος
1794 1973 1833 2005 ὡς

1040 2015 1183 2051 αἴσχιστόν
1200 2024 1229 2042 τε
1248 2015 1295 2043 καὶ
1317 2017 1433 2052 ἀπηχὲς,
1456 2017 1540 2044 τὸέν
1559 2018 1627 2054 δόλῳ
1653 2019 1832 2055 πορεύεσθαι,

1039 2061 1172 2094 τουτέστι,
1189 2061 1219 2089 τὸ
1251 2062 1414 2098 πανούργως
1438 2063 1546 2091 ἑλέσθαι
1576 2063 1663 2099 βιοῦν,
1687 2065 1735 2092 καὶ
1759 2065 1829 2092 ὑπο-

1041 2108 1206 2136 πλάττεσθαι
1227 2109 1277 2144 μὲν
1301 2109 1351 2144 τῆς
1367 2109 1540 2146 δικαιοσύνης
1550 2110 1581 2138 τὸ
1595 2111 1697 2147 σχῆμα,
1717 2112 1833 2139 κατασίο

1040 2153 1134 2180 νεσθαι
1152 2154 1180 2181 δὲ
1200 2154 1341 2189 ἀδελφοὺς,
1362 2155 1417 2182 τῶν
1447 2156 1497 2191 τῆς
1517 2157 1627 2193 ἀγάπης
1639 2157 1729 2193 νόμων
1755 2159 1834 2194 ὴφει-

1041 2200 1143 2236 δηκότα
1156 2199 1168 2217 ·”
1181 2200 1284 2237 ἀμφιόν
1302 2210 1334 2236 γε
1351 2202 1404 2238 μὴν
1420 2202 1493 2238 ἔχειν
1516 2203 1590 2239 ἡμᾶς
1614 2203 1665 2231 οὐκ
1684 2204 1717 2239 ἐᾷ
1746 2205 1777 2231 τὸ
1801 2206 1834 2231 ὲκ

193 2239 316 2267 animum
351 2238 545 2272 admittamus;
569 2239 651 2276 25.6
682 2240 872 2276 duplicitatem
904 2246 986 2278 porro

1041 2247 1114 2274 δυοῖν
1125 2247 1290 2283 ὑφασμένον,
1310 2248 1425 2285 αἴνιγμά
1440 2258 1491 2277 που
1508 2238 1542 2277 τὸν
1558 2250 1654 2286 χρῆμα
1672 2238 1770 2284 τιθεὶς,
1785 2251 1833 2278 τοῦ

195 2286 333 2313 internam
349 2293 381 2312 ac
395 2285 566 2319 spiritualem
583 2293 643 2313 esse
665 2286 776 2322 inquam
787 2308 794 2319 ,
818 2287 893 2315 illam
913 2296 991 2316 exsc-

194 2331 325 2358 crabilem
358 2330 518 2358 hominibus
551 2331 675 2366 placendi
707 2333 903 2369 cupiditatem,
929 2343 991 2370 qua:

194 2375 271 2402 velut
290 2383 323 2402 ex
338 2374 446 2402 duobus
467 2375 600 2403 intexitur
616 2377 731 2410 studiis,
745 2386 800 2405 non
813 2379 991 2408 mediocriter

195 2419 267 2446 inter
283 2427 313 2447 se
333 2419 534 2447 differentibus.
556 2421 621 2454 Qum
639 2423 713 2450 enim
733 2423 856 2458 qualisve
877 2429 919 2452 est
938 2425 991 2453 alia

184 2464 399 2506 7hypocritarum
414 2465 486 2498 vita.
507 2467 577 2500 nisi,
601 2473 632 2495 ut
650 2469 679 2496 in
703 2474 851 2504 conspectu
878 2470 989 2505 quidem

195 2511 337 2540 hominum
368 2512 432 2540 boni
452 2514 504 2541 viri
522 2520 671 2550 appareant
694 2523 726 2543 ac
748 2516 892 2544 videantur
913 2526 989 2550 esse,

195 2565 249 2586 non
261 2557 317 2586 sint
328 2563 421 2587 tamen
434 2568 530 2588 revera
543 2561 644 2596 probi?

229 2698 328 2726 PALL.
343 2699 414 2728 Sane
425 2709 501 2729 vero.

227 2743 306 2772 CYR.
319 2745 391 2782 Ergo
402 2747 527 2784 duplices
542 2755 606 2778 sunt
618 2751 698 2779 nobis
712 2760 804 2781 mores
816 2761 831 2780 e
843 2753 985 2783 dissimili-

193 2789 245 2818 bus
264 2792 451 2822 voluntatibus
473 2797 604 2824 contexti.
628 2797 663 2825 At
693 2807 759 2826 vero
780 2800 878 2828 beatus
901 2801 986 2830 David

226 2881 249 2897 “
263 2882 357 2912 Matth.
371 2884 449 2917 v,20.
485 2886 507 2903 ⁵⁸
535 2886 623 2915 Levit.
642 2896 694 2921 χιχ,
713 2889 756 2916 Π.

1043 2293 1080 2330 μὴ
1105 2293 1258 2329 ἀνέχεσθαι.
1287 2295 1399 2331 διπλόην
1415 2296 1509 2332 ὥσπερ
1527 2297 1599 2332 ἔχειν
1625 2299 1666 2330 εἰς
1696 2299 1777 2325 νοῦν·
1793 2299 1833 2325 διε

1041 2339 1126 2374 πλόην
1150 2339 1178 2366 δὲ
1208 2337 1278 2367 εἷναί
1311 2350 1397 2376 φημι,
1423 2342 1473 2378 τὴν
1501 2342 1554 2369 ἔσω
1577 2343 1624 2369 καὶ
1649 2344 1757 2379 νοητὴν.
1785 2344 1834 2379 τὴν

1041 2385 1179 2421 ἐπάρατον
1215 2386 1492 2423 ἀνθρωπαρέσκειαν,
1529 2389 1545 2424 ἦ
1572 2389 1604 2415 ὲκ
1634 2389 1705 2416 δυοῖν
1739 2390 1834 2426 ὥσπερ

1041 2432 1223 2460 ἀναπλέκεται
1249 2433 1468 2469 σπουδασμάτοιν
1482 2455 1489 2468 ,
1514 2435 1563 2471 τὴν
1584 2436 1623 2468 είς
1649 2436 1752 2472 ἄλληλα
1775 2437 1834 2464 δια-

1041 2477 1143 2514 φθορὰν
1159 2478 1190 2505 οὐ
1204 2479 1318 2514 μετρίαν
1337 2479 1568 2515 ὴρῤωστηκότοιν.
1586 2481 1634 2513 Τίς
1656 2481 1711 2517 γὰρ
1726 2481 1744 2518 ἦ
1758 2483 1833 2514 ποῖος

1040 2524 1094 2551 τῶν
1113 2525 1268 2562 ὑποκριτῶν
1294 2526 1308 2551 ὁ
1331 2525 1406 2561 βίος;
1438 2524 1482 2562 ἄρ’
1505 2527 1564 2563 οὐχὶ
1587 2528 1617 2554 τὸ
1647 2529 1676 2555 ὲν
1698 2529 1759 2564 ὕψει
1785 2530 1834 2564 μὲν

1041 2571 1191 2607 ἀνθρώπων
1219 2571 1333 2607 ὁρᾶσθαι
1366 2574 1512 2608 χρηστοὺς,
1541 2575 1587 2601 καὶ
1601 2574 1631 2601 τὸ
1666 2575 1756 2603 δοκεῖν
1786 2576 1836 2611 μὲν

1041 2615 1122 2650 εἶναι,
1142 2617 1180 2653 μὴ
1206 2617 1259 2653 μὴν
1277 2617 1317 2644 ἔτι
1341 2618 1389 2645 καὶ
1418 2618 1487 2646 εἶναι
1515 2620 1586 2646 κατὰ
1611 2621 1743 2656 ἀλήθειαν
1769 2630 1835 2657 χρη-

1043 2671 1121 2694 στους
1134 2671 1141 2696 ;

1077 2709 1181 2736 ΠΔΛΛ.
1209 2709 1264 2736 Καὶ
1279 2709 1360 2744 μάλα.

1078 2755 1160 2781 ΚΥΡ.
1183 2756 1274 2788 Διττὸς
1299 2755 1347 2784 οὖν
1364 2758 1378 2784 ό
1400 2759 1498 2795 τρόπος
1515 2759 1543 2793 te
1561 2760 1696 2795 ἀνομοίων
1713 2760 1778 2795 ἡμῖν
1792 2759 1836 2786 θε-

1039 2801 1168 2836 λημάτων
1197 2801 1392 2838 ἐξυφασμένος.
1415 2806 1484 2832 Ἀλλ’
1508 2807 1522 2833 ὅ
1538 2815 1570 2841 γε
1595 2806 1738 2838 θεσπέσιος
1755 2806 1838 2834 Δαὸὶδ

809 2891 906 2918 "ibid.
922 2892 964 2920 i9.
1005 2894 1115 2931 “Deut.
1133 2903 1198 2929 xxn,
1298 2898 1320 2914 δ’
1347 2898 1401 2926 Jer.
1424 2908 1459 2934 rx,
1478 2900 1504 2928 8.
1548 2901 1570 2917 "
1586 2900 1746 2935 Psalmmv,
1762 2902 1790 2935 5,
1809 2901 1835 2930 ιθ.
