1939 3041
114 165 167 195 525

450 166 494 193 DE
510 166 732 195 ADORATIONE
751 167 784 194 lN
806 165 939 195 SPlRlTU
960 165 1003 193 ET
1023 166 1205 197 VERITATE.
1225 168 1288 196 LIB.
1308 169 1363 198 ΥΠ.

1699 168 1752 197 5‘26

115 223 277 257 ἀποδέχεται
303 221 349 249 τὸν
376 222 541 258 μονότροπον
569 224 615 250 καὶ
640 224 746 257 φειδοῦς
771 223 900 257 ἀξιοῦσθαι

964 225 1096 261 approbat
1108 226 1190 254 unius
1202 228 1287 255 moris
1298 227 1387 255 virum
1397 247 1404 259 ,
1417 234 1534 262 eumque
1553 234 1671 262 superna
1686 234 1751 261 pro—

115 277 182 304 φησι
203 268 254 305 τῆς
275 268 378 296 ἄνωθεν
391 277 398 284 ”
430 269 555 305 (Κύριος
569 270 624 306 γὰρ
652 270 803 303 κατοικίζει
830 279 908 305 μονο-

114 316 242 352 τρόπους,
266 317 358 352 φησὶν,
385 317 413 344 ἐν
437 316 515 352 οἴκῳ.
534 327 542 343 ι
575 318 784 354 Διασκορπίζειν
810 319 838 345 δὲ
866 319 908 345 λέ-

114 371 194 397 γεται
216 364 262 389 καὶ
278 364 292 389 ὸ
319 364 387 395 Θεὸς
409 364 477 390 ὀστᾶ
505 355 767 401 ἀνθρὼπαρέσκων·
784 373 909 400 καταμυ-

115 409 245 436 σάττεται
257 409 284 435 δὲ
299 410 330 436 τὺ
348 410 442 445 χρῆμα
462 410 509 436 καὶ
522 411 537 436 ὁ
548 410 663 443 Παῦλος,
676 411 762 445 λέγων
778 418 785 425 ·
798 420 808 436 ι
829 411 908 446 ’Ἄρτι

115 455 170 490 γὰρ
184 454 346 491 ἀνθρώπους
358 455 456 486 πείθω,
472 455 488 490 ἢ
506 455 551 482 τδν
568 455 652 489 Θεόν;
677 456 693 491 ἢ
711 456 784 491 ζητῶ
801 456 906 491 ἀνθρώ-

114 509 178 532 ποις
189 501 333 537 ἀρέσκειν;
357 502 380 527 εί
405 501 444 527 ἔτι
462 501 617 537 ἀνθρώποις
640 502 767 538 ἥρεσκον,
786 501 905 538 Χριστοῦ

113 547 209 579 δοῦλος
223 548 273 574 οὐκ
290 547 323 574 ἂν
341 548 425 583 ήμην.
440 557 448 573 ι

152 594 253 620 ΠΑΛΛ.
274 593 329 619 Καὶ
348 594 400 620 τίνι
426 593 479 621 τῶν
510 594 596 622 ὄντων
616 595 667 622 οὐκ
681 595 849 631 ἀσυμφανὲς,
869 596 907 627 ὡς

112 638 230 666 ἔκτοπον
243 639 350 675 ἀληθῶς
368 639 413 665 καὶ
436 639 486 674 τῆς
511 640 642 676 ἀκριϐοῦς
668 640 814 677 ὀρθότητος
831 642 907 668 ἀπω-

113 685 191 712 τάτω
205 685 236 711 τὸ
250 685 373 720 διψυχεῐν
388 694 417 712 τε
433 686 480 712 καὶ
499 686 711 721 ὑποκρίνεσθαι;

150 731 233 758 ΚΥΡ.
258 731 379 767 ’Λγάπης
397 729 444 758 οὖν
463 732 516 766 ἄρα
539 732 644 767 καρπὸς
667 732 716 767 τῆς
748 732 907 767 ἀμωμήτως

113 775 320 811 δςκευασμένης
338 776 385 803 καὶ
405 776 481 811 ἀνδρὶ
498 776 656 812 πρεπούσης
683 777 780 812 δικαίῳ
806 777 906 803 τεοκαὶ

113 821 220 856 ἀγαθῷ,
234 822 264 848 τὸ
278 822 448 857 ἀπηλλάχθαι
462 822 548 849 δόλου.
565 822 621 849 Καὶ
636 822 714 849 τοῦδε
727 822 782 848 δεῖν
801 822 832 857 δή
852 831 905 857 φη-

114 869 188 894 σι·ιό
209 868 300 904 νόμος,
328 869 372 895 τόν
406 877 438 903 γε
461 868 499 900 ὡς
524 868 632 904 ἀληθῶς
656 869 706 904 τῆς
732 868 905 903 δικαιοσύνης

961 270 1082 298 videntis
1102 270 1216 307 dignum
1227 272 1322 300 luberi
1342 267 1428 300 dicit:
1447 282 1456 299 ι
1471 273 1619 305 Dominus,
1643 272 1750 308 inquit,

961 315 1116 345 inhabitare
1132 317 1198 345 facit
1210 319 1292 345 unius
1306 318 1392 346 moris
1410 319 1436 345 in
1449 318 1530 346 domo
1542 318 1574 345 δι.
1587 328 1597 344 ι
1612 318 1751 353 Dissipare

959 361 1043 389 etiam
1071 363 1143 391 Deus
1162 363 1265 390 dicitur
1289 372 1350 391 ossa
1370 364 1528 392 hominibus
1558 364 1747 399 placentium:

960 407 1032 436 idem
1044 417 1153 444 quoque
1172 410 1270 437 vitium
1281 410 1381 438 Paulus
1397 415 1574 443 exsecratur,
1588 418 1650 438 cum
1663 410 1747 437 dicit:

963 464 972 480 ‹
988 455 1067 482 Modo
1079 456 1154 483 enim
1168 456 1327 484 hominibus
1339 457 1440 484 suadeo
1449 477 1457 490 ,
1470 465 1505 484 an
1525 456 1597 484 Deo?
1609 465 1645 483 an
1657 464 1749 491 quaero

959 500 1117 529 hominibus
1138 502 1264 536 placere?
1275 504 1297 529 si
1316 502 1407 530 adhuc
1425 502 1584 530 hominibus
1595 503 1746 537 placerem,

958 547 1063 575 Christi
1076 556 1173 576 servus
1183 557 1241 576 non
1250 557 1338 577 essem
1353 550 1385 576 ⁵³.
1399 559 1408 574 ι

993 592 1091 620 PALL.
1103 593 1153 621 Cui
1164 601 1229 621 vero
1238 602 1292 621 non
1301 594 1337 621 sit
1344 594 1490 622 obscurum
1501 614 1508 627 ,
1521 594 1587 629 quin
1595 594 1747 622 absurdum

958 646 1023 665 sane
1039 641 1066 665 et
1088 647 1103 665 a
1127 639 1280 666 rectissima
1302 639 1413 666 vivendi
1434 640 1527 674 regula
1548 639 1747 667 alienissimum

958 684 1060 719 duplici
1073 686 1164 712 animo
1175 693 1235 713 esse
1243 706 1249 718 ,
1266 694 1298 713 ac
1309 686 1459 713 simulare?

994 730 1072 757 CYR.
1086 731 1215 758 Per-lectae
1238 731 1320 766 igitur
1339 731 1498 762 cbaritatis,
1511 734 1539 757 et
1561 737 1622 764 quae
1642 730 1745 765 justum

957 776 1115 811 bonumque
1123 778 1213 804 virum
1223 777 1328 810 deceat,
1340 777 1447 805 fructus
1458 781 1510 810 est,
1528 785 1543 804 a
1553 776 1616 803 dolo
1625 777 1745 805 alienum

956 830 1027 850 esse.
1045 822 1090 849 Ait
1103 823 1196 857 itaque
1209 824 1251 850 lex
1266 824 1406 851 hominem
1417 824 1530 858 justitiae
1548 825 1628 859 plane
1639 825 1746 852 studio-

959 876 1019 895 sum
1032 873 1059 896 et
1073 869 1201 896 fraterna:
1216 869 1358 897 charitatis
1371 873 1509 897 amantem
1520 870 1676 898 existimare
1696 871 1745 898 de-

113 914 293 950 ὲπιμε).ητὴν,
313 915 360 943 καὶ
375 915 486 950 ἀγάπης
506 916 556 950 τῆς
573 916 612 947 εὶς
629 915 759 949 ἀδελφοὺς
774 914 901 950 ἐραστὴν,

957 915 1039 948 bere,
1060 916 1097 943 ita
1119 916 1178 951 ejus
1200 917 1240 943 rei
1260 916 1374 951 gloriam
1387 924 1448 943 esse
1461 916 1624 951 perfectam,
1647 917 1670 944 si
1691 924 1747 944 non

112 960 204 994 ὀρθῶς
223 960 295 995 ἔχειν
314 960 418 987 οἴεσθαι
432 960 481 996 τὴν
498 960 545 986 ἐπὶ
556 960 623 995 τῷδε
640 960 729 993 δόξαν,
747 960 798 986 οὐκ
823 960 904 995 εἴπερ

114 1007 196 1038 αὑτός
218 1016 248 1033 τε
270 1008 316 1034 καὶ
335 1008 414 1043 μόνος
434 1009 592 1043 παραιτοῖτο
608 1007 719 1038 ἀδικεῖν,
734 1006 791 1034 ὰλλ⁴
805 1007 829 1033 εἰ
856 1008 904 1034 καὶ

113 1053 221 1087 γένοιτο
244 1053 392 1088 παιδευτὴς
423 1055 470 1079 καὶ
492 1053 547 1080 τῶν
577 1052 650 1080 κατὰ
673 1052 751 1086 γένος
777 1052 902 1084 οἰκείων,

112 1099 198 1133 ἤγουν
221 1098 281 1124 καθ’
308 1098 402 1131 ἕτερόν
427 1105 487 1124 τινα
505 1097 607 1131 τρόπον
634 1097 718 1130 ἐγγὺς
740 1096 902 1129 γεγονότων,

112 1144 160 1170 καὶ
177 1143 207 1170 τὸ
234 1144 283 1179 τῆς
298 1143 366 1179 πρὸς
385 1143 464 1169 αὐτὸν
483 1143 650 1177 οἰκειότητος
669 1142 758 1176 ὄνομα
784 1141 903 1168 πεπλου-

112 1191 247 1226 τηκότων.
272 1191 419 1225 Παρεγγυᾷ
433 1189 462 1216 δὲ
484 1189 532 1216 καὶ
545 1190 559 1215 ὁ
575 1188 680 1219 Παῦλος
704 1188 751 1215 τὸν
768 1186 903 1223 ἐπιμελη-

114 1236 228 1270 σόμενον
248 1235 421 1271 Ἐκκλησίας,
451 1235 535 1262 τέκνα
558 1234 630 1270 ἔχειν
653 1234 682 1260 ὲν
704 1234 838 1269 ὑποταγῇ,
856 1234 903 1260 καὶ

113 1280 251 1314 ἀπόδειξιν
266 1281 296 1307 τὸ
322 1281 442 1316 πρᾶγμα
454 1281 503 1316 τῆς
528 1280 641 1315 ἐνούσης
660 1279 735 1315 αὐτῷ
752 1280 903 1312 ἐπιεικείας

113 1327 162 1353 καὶ
181 1327 229 1362 μὴ,
248 1328 364 1353 ποιεῖται
380 1327 467 1361 λέγων
481 1335 489 1362 j
505 1334 517 1353 α
534 1326 567 1353 Et
580 1326 608 1353 δέ
622 1335 662 1359 τις
677 1326 723 1353 τοῦ
744 1326 809 1353 ἰδίου
827 1327 902 1353 οτκου

113 1372 266 1408 προστῆναι
282 1372 333 1399 οὐκ
349 1370 414 1404 οἶδε,
431 1373 488 1403 πῶς
507 1371 671 1408 Ἐιιχλησίας
681 1371 749 1398 Θεοῦ
768 1371 901 1407 ἐπιμελή-

114 1427 192 1445 σεται
204 1427 211 1451 ;
228 1427 237 1443 ι
254 1418 304 1446 Διὰ
314 1417 393 1445 τοῦτό
404 1426 485 1453 φησιν
499 1419 513 1444 ό
522 1417 603 1453 νόμος
614 1418 652 1450 ὡς
668 1418 697 1444 ἐν
711 1417 902 1453 παραδείγμα-

113 1474 159 1497 τος
175 1465 280 1501 τρόπῳ,
296 1464 342 1492 καὶ
365 1463 498 1499 ὲναργοῦς
512 1464 616 1496 εἰκόνος
626 1472 633 1479 ·
663 1474 672 1490 ι
698 1464 759 1490 Ἐὰν
777 1464 805 1490 δὲ
818 1473 902 1499 κεραμ-

112 1511 175 1546 τίσῃ
199 1510 300 1546 ταῦρος
323 1510 407 1546 ἄνδρα
423 1510 439 1546 ἦ
455 1510 583 1544 γυναῖκα,
601 1510 648 1537 καὶ
666 1510 800 1546 ἀποθάνῃ,
817 1510 902 1542 λίθοις

112 1557 354 1592 λιθοϐοληθήσεται
379 1557 393 1583 ό
414 1555 524 1592 ταῦρος,
543 1556 591 1583 καὶ
612 1556 643 1583 οὺ
669 1556 840 1592 βρωθήσεται
868 1556 902 1584 τὰ

114 1604 184 1638 κρέα
195 1603 289 1635 αὑτοῦ,
303 1603 317 1629 ό
333 1602 361 1629 δὲ
379 1602 474 1638 κύριος
495 1602 542 1629 τοῦ
559 1602 661 1638 ταύρου
690 1603 778 1634 ἀθῶος
806 1603 900 1629 ἔσται⁴

115 1649 163 1676 ἐὰν
178 1649 207 1675 δὲ
221 1649 236 1675 ό
254 1648 354 1684 ταῦρος
366 1648 530 1683 κερατιστὴς
581 1648 634 1684 πρὸ
648 1648 699 1684 τῆς
713 1648 776 1684 χθὲς
790 1649 838 1675 καὶ
850 1649 903 1684 πρδ

113 1696 165 1730 τῆς
184 1695 292 1731 τρίτης,
314 1695 361 1721 καὶ
386 1694 625 1731 διαμαρτύρωνται
646 1695 686 1730 τῷ
707 1695 795 1730 κυρίῳ
809 1694 901 1728 αὐτοῦ,

114 1741 214 1777 καὶμὴ
227 1741 345 1776 ἀφανίσῃ
367 1741 458 1773 αὑτὸν,
485 1742 569 1777 ἀνέλῃ
583 1741 611 1768 δὲ
636 1741 720 1777 ἄνδρα
735 1742 751 1776 ἣ
775 1743 901 1776 γυναῖκα,

113 1789 128 1814 ὁ
139 1787 241 1823 ταῦρος
260 1787 510 1823 λιθοϐοληθήσεται,
526 1788 573 1815 καὶ
587 1788 601 1814 ὁ
620 1788 714 1823 κύριος
723 1787 805 1815 αὑτοῦ
819 1797 902 1824 προσ-

114 1834 292 1861 αποθανεῐται
306 1842 312 1848 ·
328 1833 377 1860 ἐὰν
397 1834 426 1860 δὲ
451 1834 536 1869 λὺτρα
560 1834 694 1870 ὲπιδληθῇ
718 1834 803 1870 αὐτῷ,
823 1834 903 1861 δώσει

113 1880 201 1916 λύτρα
211 1881 261 1915 τῆς
278 1879 477 1915 ψυχῆςαύτοῦ,
492 1881 542 1907 ὅσα
568 1880 615 1907 ἐὰν
633 1880 799 1908 ἐπιϐάλωσιν
816 1881 901 1917 αὐτῷ.

120 1925 184 1952 Ἐὰν
203 1926 231 1953 δὲ
247 1926 303 1953 υἱὸν
319 1926 336 1962 ἢ
359 1926 497 1962 θυγατέρα
520 1926 652 1963 κερατίσῃ
666 1927 680 1952 ό
707 1927 817 1962 ταῦρος,
833 1927 904 1953 κατὰ

114 1972 145 1998 τὸ
161 1972 299 2007 δικαίωμα
315 1972 393 1999 τοῦτο
414 1973 571 2007 ποιήσουσιν
587 1972 672 2008 αὐτῷ,
696 1972 758 1999 Ἐὰν
774 1972 802 1998 δὲ
820 1972 903 1999 παῖδα

115 2019 273 2054 κερατίσῃῆ
290 2018 446 2053 παιδίσκην,
461 2019 594 2054 ἀργυρίου
606 2019 755 2053 τριάκοντα
767 2018 903 2054 δίδραχμα

113 2064 197 2091 δώσει
208 2064 247 2099 τῷ
260 2064 345 2099 κυρίῳ
361 2063 461 2097 αὐτῶν,
475 2064 522 2090 καὶ
547 2065 562 2091 ό
575 2063 675 2099 ταῦρος
698 2063 904 2100 λιθοὸοληθήσε-

114 2118 171 2137 ται.
189 2121 198 2137 ι
217 2108 291 2145 *Αρά
303 2118 344 2137 σοι
357 2111 441 2146 σαφὲς
454 2110 486 2137 τὸ
497 2110 704 2146 χρησμῴδημας

151 2199 257 2228 ῙῘΑΛΛ.
271 2202 308 2228 Οὐ
321 2201 433 2236 σφόδρα.

955 960 1013 995 ipse
1035 962 1168 989 duntaxat
1185 962 1264 994 vitet,
1275 969 1310 989 ne
1327 962 1405 989 alteri
1421 965 1532 995 noceat;
1546 962 1594 989 sed
1612 963 1697 990 etiam
1713 970 1747 990 ea

954 1006 982 1033 in
991 1014 1020 1034 re
1033 1007 1140 1034 caneris
1152 1007 1282 1042 magister
1299 1008 1349 1040 sit,
1363 1008 1410 1042 qui
1429 1008 1472 1035 vel
1494 1016 1593 1044 genere
1606 1009 1747 1044 conjuncti

955 1058 1034 1087 sunt,
1046 1055 1089 1082 vel
1112 1054 1166 1082 alio
1178 1055 1276 1089 quovis
1294 1055 1376 1082 modo
1388 1055 1464 1083 illum
1488 1056 1643 1091 attingunt,
1657 1060 1684 1083 et
1705 1056 1745 1083 illi

954 1104 1019 1127 sunt
1033 1100 1245 1127 necessitudinis
1256 1101 1367 1128 nomine
1378 1101 1508 1129 devincti.
1522 1102 1650 1137 Praecipit
1662 1102 1746 1129 etiam

954 1144 1071 1178 Paulus,
1088 1146 1137 1178 ut;
1153 1146 1201 1181 qui
1219 1147 1349 1174 Ecclesia
1370 1154 1463 1174 curam
1482 1151 1524 1175 est
1539 1147 1700 1181 habiturus,
1715 1148 1746 1175 li-

953 1189 1005 1218 lios
1021 1190 1122 1225 habeat
1140 1192 1331 1227 subjectos,et
1344 1201 1376 1220 ea
1390 1201 1421 1222 re
1435 1198 1563 1229 tanquam
1585 1198 1745 1230 argumento

953 1236 1055 1269 utitur;
1076 1244 1131 1271 quo
1142 1237 1274 1271 probetur
1284 1257 1291 1270 ,
1312 1238 1383 1266 sitne
1395 1239 1423 1266 in
1437 1246 1470 1266 eo
1479 1246 1586 1267 morum
1604 1241 1726 1275 probitas
1736 1261 1744 1274 ,

954 1290 1059 1315 necne,
1083 1290 1146 1310 cum
1166 1283 1233 1310 dicit
1253 1292 1260 1310 :
1292 1293 1301 1309 ι
1324 1283 1351 1311 Si
1376 1284 1439 1319 quis
1460 1290 1550 1313 autem
1567 1285 1661 1313 domui
1688 1295 1745 1315 suae

954 1336 1070 1364 pmesse
1088 1329 1194 1362 nescit,
1210 1329 1349 1364 quomodo
1367 1330 1496 1358 Ecclesiae
1515 1332 1563 1359 Dei
1575 1332 1745 1367 diligentiam

953 1374 1067 1403 habebit
1078 1375 1118 1401 5’?
1134 1384 1143 1401 ι
1172 1375 1265 1410 Itaque
1280 1376 1325 1403 lex
1341 1376 1377 1403 ob
1397 1383 1458 1404 eam
1481 1385 1602 1412 causam,
1616 1383 1744 1414 tanquam

953 1420 987 1448 ad
1003 1420 1192 1448 similitudinis
1214 1426 1243 1449 et
1263 1421 1398 1449 evidentis
1412 1422 1538 1458 imaginis
1553 1424 1681 1458 modum,
1699 1425 1744 1453 in-

952 1467 1012 1502 quit
1026 1476 1033 1494 :
1052 1476 1060 1492 ι
1078 1467 1106 1494 Si
1121 1475 1206 1495 cornu
1229 1468 1397 1503 percusserit
1412 1472 1505 1497 taurus
1519 1470 1610 1497 virum
1626 1472 1670 1498 vel
1682 1479 1744 1498 mu-

952 1513 1107 1546 lierem,'et
1121 1514 1270 1547 occiderit,
1286 1514 1426 1549 lapidibus
1446 1515 1578 1543 obruetur
1591 1519 1699 1549 taurus,
1717 1522 1745 1544 et

953 1568 1050 1588 carnes
1068 1561 1128 1597 ejus
1142 1568 1196 1588 non
1213 1560 1410 1594 comedentur,
1426 1562 1555 1590 dominus
1567 1568 1659 1591 autem
1674 1565 1744 1591 tauri

955 1607 1088 1635 innocens
1104 1607 1174 1640 erit;
1195 1607 1218 1634 si
1239 1611 1331 1635 autem
1351 1611 1447 1636 taurus
1470 1614 1619 1644 cornupeta
1643 1610 1742 1643 fuerit,

953 1658 1017 1681 ante
1040 1654 1202 1682 hesternum
1212 1657 1241 1681 et
1251 1657 1316 1682 ante
1330 1654 1442 1681 tertium
1454 1654 1527 1682 diem
1536 1675 1545 1687 ,
1559 1660 1587 1683 et
1601 1657 1743 1691 protestati

953 1698 1056 1726 fuerint
1069 1698 1180 1726 domino
1195 1698 1272 1733 ejus,
1285 1702 1313 1726 et
1324 1706 1377 1726 non
1387 1699 1564 1727 absconderit
1576 1708 1651 1734 eum,
1660 1702 1745 1729 inter-

952 1745 1050 1773 fecerit
1073 1750 1165 1774 autem
1185 1744 1277 1774 vinum
1295 1745 1339 1772 vel
1365 1745 1523 1778 mulierem,
1543 1746 1623 1782 247
1650 1751 1744 1774 taurus

953 1791 1138 1826 lapidabitur,
1163 1796 1191 1819 et
1214 1790 1342 1819 dominus
1359 1791 1419 1826 ejus
1441 1791 1555 1826 insuper
1585 1792 1741 1820 morietur:

954 1837 1026 1872 quod
1040 1838 1063 1865 si
1074 1837 1192 1872 pretium
1204 1845 1254 1873 pro
1269 1837 1458 1872 redemptione
1474 1844 1523 1865 sua
1539 1838 1565 1865 ei
1584 1838 1744 1872 impositum

953 1883 1053 1916 fuerit,
1074 1883 1151 1911 dabit
1173 1884 1292 1918 pretium
1308 1891 1359 1918 pro
1383 1884 1473 1911 anima
1489 1891 1548 1916 sua,
1561 1884 1744 1920 quodcunque

954 1928 1136 1963 imposuerint
1157 1929 1205 1956 illi.
1226 1928 1305 1965 Quod
1324 1928 1348 1955 si
1361 1928 1446 1956 ﬁlium
1457 1932 1506 1956 aut
1520 1928 1602 1959 ﬁliam
1614 1930 1745 1959 cornibus

955 1975 1067 2009 petierit
1087 1977 1190 2006 taurus,
1210 1974 1364 2002 secundum
1383 1974 1507 2001 eamdem
1521 1974 1743 2009 justiﬁeationem

954 2020 1055 2048 facient
1070 2020 1116 2047 ei:
1131 2020 1204 2054 quod
1226 2020 1250 2047 si
1275 2027 1385 2047 servum
1408 2020 1538 2049 cornibus
1560 2021 1671 2056 petierit
1699 2022 1744 2052 vel

954 2066 1096 2098 ancillam,
1117 2065 1195 2093 dabit
1213 2065 1324 2093 domino
1342 2073 1439 2094 eorum
1461 2067 1573 2102 triginta
1592 2068 1673 2097 siclos
1696 2077 1743 2097 ειη

955 2111 1047 2147 genti,
1063 2115 1091 2139 et
1111 2115 1204 2138 taurus
1222 2111 1431 2146 lapidabitur“.
1448 2123 1457 2138 )
1475 2113 1545 2141 Num
1561 2119 1686 2149 apertum
1701 2121 1744 2143 est

955 2158 1005 2185 tibi
1031 2158 1084 2185 hoc
1101 2157 1150 2185 Dei
1170 2159 1348 2192 responsum?

990 2203 1087 2231 PALL.
1100 2203 1159 2231 Non
1173 2203 1320 2231 admodum
1334 2211 1409 2231 sane.

151 2247 235 2274 ΚΥΡ.
253 2246 346 2283 Ἀθρει
369 2247 401 2283 δὴ
422 2244 469 2274 οὖν
491 2248 505 2274 ὃ
529 2255 611 2282 φημι,
640 2247 687 2274 καὶ
711 2248 764 2284 πρό
793 2256 824 2281 γι
848 2248 901 2274 τῶν

988 2248 1066 2276 CYR.
1080 2248 1197 2276 Attende
1214 2249 1311 2284 igitur,
1324 2248 1395 2284 quod
1410 2249 1534 2277 dicturus
1553 2257 1628 2282 sum,
1640 2255 1668 2278 et
1680 2256 1743 2278 ante

117 2292 205 2320 ἄλλων
227 2293 267 2325 εἰς
282 2292 344 2320 νοῦν
355 2293 400 2327 ἔχε
426 2294 471 2320 τὸν
490 2292 636 2329 ἱερώτατον
660 2293 775 2325 Παῦλον,
789 2294 838 2320 ὡδὶ
856 2303 902 2329 γε-

117 2339 261 2374 γραφότα·
277 2347 288 2364 σ
310 2339 356 2374 Μὴ
372 2338 426 2366 τῶν
453 2339 520 2374 βοῶν
549 2339 625 2374 μέλει
650 2339 690 2375 τῷ
712 2339 790 2375 Θεῷ;
815 2341 851 2367 Ἢ
869 2340 902 2366 δι’

117 2385 192 2420 ἡμᾶς
205 2385 314 2416 πάντως
325 2386 416 2419 λέγει;
434 2395 443 2411 ι
463 2385 562 2421 Ταύρῳ
580 2386 611 2420 δὴ
623 2384 669 2412 οὖν
686 2385 847 2422 παρεικάζει
858 2387 903 2414 τὸν

119 2431 249 2467 ὑϐριστὴν
261 2441 291 2458 τε
305 2433 351 2459 καὶ
364 2431 490 2465 ἀλαζόνα,
506 2432 552 2459 καὶ
567 2432 737 2459 πλεονεκτεῖν
758 2434 884 2468 ἰσχύοντα
894 2453 901 2460 .

118 2479 223 2514 Γαῠρον
249 2478 304 2514 γὰρ
324 2478 366 2505 ἀεί
387 2478 444 2510 πώς
464 2479 523 2505 ἐστι
541 2478 589 2505 καὶ
612 2479 751 2514 ἀγέρωχον
772 2479 803 2505 τὸ
822 2478 902 2511 ζῶον,

118 2526 165 2552 καὶ
195 2525 336 2552 πάνδεινον
364 2525 403 2557 είς
428 2524 524 2561 ἀλκὴν,
549 2525 596 2552 καὶ
620 2524 759 2552 δύσοιστον
776 2525 832 2560 ἔχει
854 2525 903 2559 τὴν

119 2572 222 2607 ἔφοδον.
237 2572 290 2598 Τὴν
305 2572 337 2606 δὴ
360 2570 489 2604 τοιοῦτον,
506 2572 530 2598 εἰ
543 2571 659 2606 γένοιτο,
686 2572 776 2606 φησὶν,
794 2573 902 2604 οἰκεῖος,

119 2619 166 2645 καὶ
180 2618 260 2644 οἱονεί
281 2626 339 2649 πως
363 2617 579 2652 κατεζευγμένος
603 2617 657 2643 τῶν
669 2617 821 2652 ὸσιουργείν
840 2618 905 2652 ᾑρη.

122 2663 210 2698 μένων
232 2664 295 2693 τινὶ,
320 2662 486 2698 παραλύσειέ
506 2671 546 2694 τε,
574 2662 673 2697 μᾶλλον
700 2662 728 2689 δὲ
751 2664 797 2689 καὶ
816 2663 904 2689 ἀνέλοι

122 2710 190 2740 τινὰ,
210 2710 385 2743 καταχωννυς
401 2709 471 2744 τάχα
490 2717 541 2735 που
562 2710 621 2740 ταῖς
644 2708 820 2740 πλεονεξίαις,
835 2708 904 2734 ἀπο-

122 2754 240 2782 τιννῠναι
263 2755 341 2790 δίκην
362 2755 412 2790 τὴν
429 2755 471 2781 ἐπ’
491 2754 565 2790 αὺτῷ
581 2755 689 2790 θανάτῳ
715 2754 881 2790 προστέταχε
896 2762 903 2770 ·

122 2799 220 2835 χρῆναι
246 2800 299 2834 ἔφη
323 2800 492 2827 λιθόλευστον
516 2800 655 2835 τελευτᾷν.
679 2799 859 2826 ’Υποκλέπτει
876 2798 904 2825 δὲ

955 2295 1008 2323 alia
1037 2295 1223 2323 animadverte
1252 2295 1326 2323 beati
1355 2296 1431 2323 Pauli
1454 2296 1536 2324 verba
1568 2296 1741 2325 scribentis:

960 2350 969 2366 ‹
989 2340 1118 2375 Nunquid
1135 2340 1168 2368 de
1181 2340 1271 2368 bobus
1287 2349 1352 2368 cura
1367 2345 1408 2368 est
1422 2341 1478 2369 Deo
1490 2342 1500 2368 ?
1513 2342 1556 2369 An
1566 2347 1678 2377 propter
1691 2350 1743 2370 nos

956 2388 1068 2415 omnino
1085 2388 1152 2415 dicit
1166 2388 1207 2414 "‘I
1218 2398 1227 2413 ι
1241 2388 1332 2415 Tauro
1345 2388 1429 2422 igitur
1442 2392 1582 2423 comparat
1605 2389 1743 2417 hominem

955 2434 1183 2462 contumeliosum
1201 2437 1230 2461 et
1255 2437 1440 2468 arrogantem,
1457 2439 1486 2461 et
1503 2435 1550 2469 qui
1564 2435 1619 2462 vim
1643 2435 1744 2463 inferre

956 2481 1061 2516 possit:
1079 2480 1228 2515 superbum
1246 2484 1288 2507 est
1304 2479 1377 2506 enim
1399 2479 1456 2506 fere
1478 2484 1506 2507 et
1531 2482 1666 2510 tumidum
1692 2482 1745 2510 hoc

957 2526 1071 2558 animal,
1086 2530 1115 2552 et
1126 2525 1160 2552 ad
1178 2533 1295 2560 pugnam
1308 2525 1523 2552 valentissimum
1533 2545 1540 2557 ,
1552 2527 1664 2561 ejusque
1691 2528 1744 2555 im~

956 2576 1037 2607 pctus
1059 2572 1169 2599 diﬂicile
1199 2570 1327 2598 sustineri
1351 2574 1449 2605 potest.
1482 2571 1622 2606 Ejusmodi
1652 2572 1743 2607 itaque

957 2617 1112 2649 hominem,
1134 2617 1235 2651 inquit,
1252 2616 1274 2643 si
1298 2616 1463 2644 domesticus
1485 2615 1584 2648 fuerit,
1608 2620 1637 2643 et
1657 2617 1743 2644 veluti

958 2665 1098 2699 subjectus
1110 2664 1189 2691 alicui
1200 2664 1245 2698 pio
1261 2663 1390 2698 justoque
1407 2662 1467 2690 viro
1477 2683 1484 2695 ,
1499 2670 1530 2690 ac
1540 2662 1725 2691 debilitaverit
1734 2684 1741 2694 ,

958 2710 1014 2738 imo
1029 2718 1096 2738 vero
1114 2710 1197 2737 etiam
1210 2709 1341 2737 occiderit
1363 2709 1517 2744 quempiam
1528 2729 1535 2741 ,
1547 2709 1668 2737 obruens
1680 2717 1744 2737 eum

958 2754 1051 2789 iniqua
1081 2758 1229 2790 potestate,
1253 2753 1400 2782 admissum
1424 2754 1526 2782 crimen
1556 2758 1644 2782 morte
1668 2754 1746 2782 luero

955 2798 1055 2835 jussit:
1066 2800 1203 2835 lapidibus
1211 2807 1328 2834 namque
1340 2799 1408 2827 mori
1421 2806 1483 2828 eum
1500 2804 1628 2835 oportere
1643 2799 1744 2834 inquit.

156 2894 177 2909 "
193 2893 262 2920 Psal.
276 2901 355 2926 vau,
373 2894 398 2920 'l.
432 2893 463 2929 _"
476 2891 562 2920 Galat.
575 2899 594 2924 ι,
609 2891 650 2918 l0.
681 2891 703 2907 ⁵³
715 2890 803 2918 lTim.
815 2890 887 2923 n1,5.

957 2891 1032 2919 Exod.
1047 2899 1101 2923 xxi,
1118 2890 1209 2917 Ξ8-52.
1257 2891 1373 2918 "lCor.
1385 2899 1422 2924 ix,
1437 2891 1464 2924 9,
1489 2892 1531 2919 10.
