1939 3041
196 172 247 201 5‘27

709 172 736 200 S.
757 170 894 199 CYRILLI
913 170 1148 199 ALEXANDRINI
1168 171 1328 201 ARCHIEP.

1776 169 1828 199 5'13

196 229 339 258 Subtrabit
350 232 441 256 autem
455 227 488 255 ab
508 227 558 255 hac
570 234 650 263 poma
663 234 860 263 possessorem,
872 227 896 254 si
914 226 981 254 illius

1039 228 1087 263 τῆς
1097 228 1182 264 ὀργῆς
1198 229 1243 255 τὸν
1256 226 1435 264 κεκτημένον,
1451 227 1475 254 εί
1495 227 1531 263 μὴ
1552 228 1601 263 τῆς
1617 226 1774 260 πλεονεξίας
1795 229 1830 255 xi-

196 277 304 312 iuiquos
317 283 407 302 mores
423 273 578 310 ignorabat,
594 278 622 302 et
633 268 761 308 nequitiae
772 273 863 300 socius
874 273 985 300 minime

195 321 277 349 fuisse
289 319 510 355 deprehendatur
524 328 530 345 :
544 326 633 353 neque
644 317 718 345 enim
733 317 850 345 aliorum
868 317 985 345 crimina

195 370 287 393 nostra
300 369 379 398 sunt,
393 365 414 393 si
426 365 496 392 clam
509 365 589 392 nobis
600 364 789 392 admittantur.
802 363 881 392 V'esci
893 368 986 391 autem

196 412 266 438 lauri
283 411 412 438 carnibus
429 415 523 438 vetat:
537 411 564 438 in
576 418 632 446 quo
650 418 705 438 non
721 415 849 445 oportere
869 409 986 436 aliorum

194 456 360 492 impuritatis
384 463 446 484 esse
465 460 625 488 consortes,
648 455 700 483 sub
721 455 850 483 vescendi
873 455 986 490 partici-

194 502 330 537 pandique
355 501 441 537 ligura
463 502 582 529 latenter
598 501 734 537 signiﬁcat
750 510 756 528 :
774 508 865 528 annon
893 504 988 536 aperte

193 548 244 575 hoc
267 547 334 575 illud
354 553 418 575 est:
441 557 449 573 ι
465 547 503 575 Te
517 548 607 582 ipsum
622 552 729 575 castum
752 546 875 579 custodi,
897 550 925 574 et
952 554 987 574 ne

192 593 439 622 communicaveris
457 593 577 628 peccatis
589 593 688 621 alienis
699 593 739 620 "?
751 603 760 619 ι

228 637 326 666 PALL.
341 638 456 666 Maxime
467 646 543 666 vero.

227 684 304 712 ΟΥΕ.
325 684 412 712 Simul
429 689 520 712 autem
536 692 598 712 cum
621 690 701 712 tauro
722 684 864 712 dominum
877 691 988 720 quoque

192 730 315 758 damnari
333 729 471 763 decernit,
495 730 518 758 si
535 731 665 766 injuriam
687 722 791 758 illatam
811 731 940 763 sciverit,
960 735 988 758 et

193 776 267 804 illius
291 775 466 811 iniquitatem
484 784 539 804 non
561 777 700 813 ignorasse
723 782 889 813 coarguatur
904 786 910 804 :
925 785 988 805 nam

192 830 272 857 posse
286 823 396 858 quidem
409 823 519 858 iniquos
531 832 623 852 mores
637 831 766 852 coercere
775 844 782 856 ,
795 828 823 851 et
842 825 876 852 ab
888 825 988 860 injuria

193 869 272 896 facile
291 869 450 904 prohibere,
463 870 511 898 sed
527 871 616 898 facere
631 870 703 897 nolle
713 891 720 903 ,
741 870 824 906 idque
836 871 987 906 praesertim

1038 274 1094 310 δείη
1110 278 1155 302 τὸν
1167 275 1279 311 τρόπον,
1295 275 1361 310 μηδὲ
1382 274 1432 310 τῆς
1465 275 1569 302 ἐκείνου
1591 274 1759 309 φαυλότητος
1773 274 1830 301 ἀλί-

1039 329 1131 348 σκοιτο
1144 321 1271 353 κοινωνός
1281 329 1287 337 ·
1297 322 1328 347 οὺ
1338 321 1393 357 γὰρ
1400 320 1478 356 ἡμῶν
1495 320 1579 356 ἱγκλή
1584 329 1656 356 ματα
1668 321 1702 348 τὰ
1716 321 1759 348 ὲτέ
1763 329 1830 356 ρων,

1037 368 1062 394 ει
1072 367 1189 404 λαθραῖα
1201 368 1306 403 γένοιτο
1319 368 1409 403 τυχόν.
1431 367 1548 394 Ἐσθίειν
1560 367 1583 394 δ’
1594 367 1644 394 οὐκ
1659 367 1691 402 ἰᾷ
1702 366 1751 393 τοῦ
1763 366 1829 393 ταὺ-

1039 422 1086 449 ρου
1098 414 1132 441 τὰ
1147 415 1227 450 κρέα,
1239 414 1270 440 τό
1283 422 1324 440 τοι
1342 413 1380 449 μὴ
1395 414 1491 448 χρῆναι
1511 412 1674 448 μεταλαχεῖν
1698 413 1747 447 τῆς
1770 411 1830 438 ἑτέ-

1039 468 1094 495 ρων
1107 459 1285 495 ἁκαθαρσίας,
1301 459 1339 491 ὡς
1353 460 1382 485 ὲν
1399 458 1477 494 τύπῳ
1498 458 1538 494 τῷ
1553 457 1624 485 κατὰ
1649 457 1699 492 τὴν
1726 456 1830 492 βρῶσιν

1038 505 1084 532 καὶ
1091 505 1139 541 τὴν
1151 505 1232 532 οἱονεὶ
1244 504 1352 540 μέθεξιν
1362 503 1518 531 ὑποτυπῶν·
1532 501 1575 538 ἆρ’
1586 503 1648 538 οὐχὶ
1661 501 1740 529 τοῦτό
1755 502 1829 528 ἔστιν

1037 551 1170 587 ἐναργῶς⁷
1188 550 1228 583 τὸ,
1248 560 1256 576 ι
1274 549 1389 577 Σεαυτδν
1403 549 1485 584 ἁγνὸν
1504 549 1594 585 τήρει,
1614 549 1660 576 καὶ
1677 547 1714 584 μὴ
1732 546 1829 574 κοινώ-

1037 605 1077 624 νει
1094 595 1243 631 ἁμαρτίαις
1256 595 1425 630 ἀλλοτρίαις;
1441 604 1451 620 ι

1075 642 1178 669 ΠᾹΛΛ.
1192 641 1266 669 Πάνυ
1281 641 1331 677 μὲν
1345 638 1403 668 οὖν.

1074 687 1156 715 ΚΥΡ.
1172 687 1458 721 Συγκαταδικάςεσθαι
1469 687 1498 713 δὲ
1508 685 1546 721 τῷ
1562 685 1654 721 μόσχῳ
1667 684 1828 712 διδικαίωκι

1037 733 1081 760 τὸν
1096 733 1240 768 δεσπότην,
1258 733 1337 768 ειπερ
1349 732 1432 767 εἰδείη
1444 732 1475 758 τὸ
1491 730 1695 767 πλημμεληθὲν,
1711 730 1759 757 καὶ
1776 738 1830 765 μα-

1038 778 1249 814 θὼν’ὲλέγχοιτο
1272 778 1322 814 τὴν
1343 778 1498 811 πλεονεξίαν
1514 785 1521 793 ·
1547 777 1576 805 τὸ
1602 777 1656 813 γὰρ
1683 777 1829 812 ἀπείργειν

1037 824 1167 854 δύνασθαι
1176 824 1225 859 τῆς
1237 823 1343 855 ἀδικίας
1355 823 1419 855 τοὺς
1429 823 1557 859 τρόπους,
1574 823 1621 848 καὶ
1636 821 1829 848 κατακωλύειν

1038 868 1068 897 εὖ
1086 870 1158 906 μάλα
1171 870 1201 896 τὸ
1215 869 1386 905 πλημμελὲς,
1409 867 1470 896 εἶτα
1490 868 1569 895 τοῦτο
1585 867 1650 903 δρᾷν
1661 867 1711 894 οὐκ
1731 867 1829 902 ἀνέχε-

191 923 225 942 ex
251 915 401 948 industria,
429 917 629 951 propemodum
659 916 762 944 indicat
793 917 932 944 hominem
958 917 981 943 in

1039 916 1111 948 σθαι,
1121 918 1168 944 καὶ
1178 917 1236 943 λίαν
1247 915 1485 950 ἐσπουδασμένως,
1502 914 1642 950 μονονουχὶ
1655 914 1702 941 καὶ
1718 921 1829 948 συνειρ-

192 961 316 989 faciendo
329 962 434 990 socium
449 962 546 995 fuisse,
562 967 590 990 et
609 962 682 998 quod
699 962 734 989 ad
753 962 939 995 voluntatem,
957 968 985 990 et

192 1015 336 1036 commune
352 1008 498 1036 consilium
512 1009 648 1044 pertinet,
662 1016 725 1036 cum
744 1009 793 1041 iis,
814 1009 862 1044 qui
888 1014 984 1036 contra

191 1055 231 1082 ias
241 1054 380 1090 quidpiam
395 1055 568 1083 committere
584 1055 670 1083 velint
682 1075 689 1087 ,
709 1062 821 1090 operam
834 1063 943 1090 quoque
957 1055 985 1082 in

191 1109 222 1129 ea
236 1109 265 1128 re
276 1105 354 1129 suam
362 1102 488 1130 conferre
500 1102 630 1129 voluisse.
643 1101 784 1138 Ejusmodi
797 1102 880 1137 igitur
891 1101 983 1133 homo,

192 1147 295 1181 inquit,
311 1151 400 1174 morh
421 1147 567 1179 multetur,
588 1146 642 1174 nisi
666 1146 784 1181 pretium
796 1150 825 1173 et
844 1153 893 1180 pro
909 1146 985 1180 ejus-

191 1192 265 1220 modi
287 1193 451 1220 criminibus
475 1192 604 1220 admissis
623 1191 738 1218 multam
765 1191 873 1226 iudices
895 1191 985 1226 impo-

191 1239 306 1267 suerint.
323 1239 406 1275 248
423 1239 534 1274 Spectat
543 1238 619 1266 enim
633 1238 677 1266 lex
700 1237 734 1265 ad
754 1238 926 1265 clementiam
938 1257 945 1270 ,
957 1240 985 1264 et

191 1284 339 1313 voluntatis
355 1285 382 1312 in
393 1284 533 1320 peccando
545 1285 703 1312 societatem
712 1304 719 1316 ,
735 1287 763 1310 et
774 1284 860 1311 solius
870 1290 984 1310 consen-

191 1331 277 1359 sionis
287 1338 462 1359 concursum.
480 1340 489 1357 ι
501 1330 602 1358 Levius
613 1331 702 1366 punit,
716 1329 863 1365 siquidem,
877 1329 982 1364 inquit,

188 1377 296 1412 jndices
316 1378 352 1405 ita
371 1378 541 1406 censuerint.
558 1387 566 1403 ι
583 1377 643 1405 Jam
659 1376 771 1412 ﬁguram
783 1376 876 1411 accipe
893 1379 984 1403 trans~

191 1424 272 1450 latam
284 1423 317 1451 ad
329 1424 454 1452 veritatis
464 1423 705 1459 signiﬁcationem:
719 1423 765 1450 ille
776 1423 849 1450 enim
862 1422 984 1449 omnium

188 1470 273 1505 judex
294 1470 454 1505 gravissima
479 1470 594 1497 crimina
623 1474 710 1499 morte
736 1469 873 1503 vindicat;
899 1467 986 1496 mittit

191 1522 282 1544 tamen
308 1523 357 1543 eos
377 1516 424 1551 qui
446 1516 601 1552 peccarint,
620 1516 643 1543 si
660 1515 750 1551 pretia
771 1515 904 1548 oﬁ‘erant,
921 1515 984 1550 qui-

191 1563 244 1590 bus
257 1566 368 1598 peccata
382 1562 540 1595 solvantur,
555 1562 690 1598 lacrymas
705 1561 834 1589 nimirum
847 1561 984 1596 pmniten-

1036 961 1171 997 γασμένον
1187 961 1331 995 ἀποφαίνει
1350 960 1395 986 τδν
1420 959 1573 995 ἄνθρωπον,
1600 959 1647 985 καὶ
1669 959 1731 985 ὅσον
1760 955 1829 994 ἧκεν

1036 1008 1076 1039 είς
1087 1007 1196 1042 Θέλησιν
1206 1007 1252 1033 καὶ
1262 1005 1457 1033 ταυτοϐουλιαν
1466 1007 1522 1037 τοῖς
1532 1005 1672 1032 ἐθέλουσιν
1685 1005 1830 1038 ἀνοσιουρ-

1035 1055 1095 1087 γεϊν
1109 1054 1156 1080 καὶ
1183 1053 1358 1080 συνεκπονεῖν
1379 1052 1527 1088 ᾑρημένον.
1556 1051 1684 1079 Τεθνάτω
1703 1051 1736 1086 δὴ
1753 1048 1801 1077 οὖν
1814 1051 1829 1076 ό

1035 1099 1148 1129 τοιόσδε,
1165 1099 1256 1132 φησιν,
1286 1096 1355 1132 πλὴν
1379 1097 1402 1122 εί
1428 1096 1465 1131 μὴ
1482 1095 1566 1131 λύτρα
1591 1096 1638 1124 καὶ
1668 1097 1718 1128 τὰς
1742 1095 1771 1122 ἐν
1797 1103 1828 1129 γε

1033 1142 1139 1174 τούτοις
1154 1142 1256 1178 ζημίας
1270 1142 1389 1169 ὲπιθεϊεν
1401 1142 1425 1168 οι
1441 1141 1542 1177 κριταί.
1558 1141 1657 1168 Βλέπει
1675 1141 1703 1168 δὲ
1718 1141 1732 1167 ὁ
1747 1140 1829 1175 νόμος

1035 1189 1104 1224 πρὸς
1120 1189 1150 1215 τδ
1165 1188 1293 1224 χρηστὸν,
1308 1189 1356 1215 καὶ
1374 1187 1535 1224 συνθέλησιν
1551 1188 1602 1223 τὴν
1620 1189 1660 1219 εἰς
1678 1187 1828 1223 ἁμαρτίαν,

1036 1235 1082 1261 καὶ
1106 1233 1144 1266 ὡς
1168 1235 1198 1260 ὲν
1220 1233 1284 1269 ψιλῇ
1308 1234 1461 1261 συναινέσει
1489 1233 1650 1269 συνδρομήν.
1684 1243 1693 1259 ι
1711 1233 1828 1266 Κολάξει

1035 1280 1090 1316 γὰρ
1112 1279 1305 1315 μετριώτερον,
1321 1279 1401 1315 εἴπερ
1415 1279 1528 1310 ἕλοιντο,
1545 1279 1637 1313 φησὶν,
1656 1279 1680 1305 οἱ
1696 1278 1797 1315 κριταί.
1815 1288 1825 1304 ι

1035 1326 1091 1352 Καὶ
1105 1325 1183 1360 δέχου
1201 1325 1247 1352 τὸν
1259 1325 1345 1351 τύπον
1370 1325 1410 1356 εις
1426 1323 1555 1360 ἀλήθειαν
1571 1332 1578 1339 ·
1596 1323 1759 1359 κατακρίνει
1778 1324 1828 1358 μὲν

1035 1372 1089 1407 γὰρ
1118 1371 1225 1407 θανάτῳ
1239 1370 1274 1398 τὰ
1295 1370 1459 1407 παγχάλεπα
1485 1371 1539 1397 τῶν
1554 1369 1798 1406 πλημμελημάτων
1813 1371 1828 1396 ὁ

1035 1417 1144 1445 πάντων
1157 1418 1265 1454 κριτὴς,
1289 1417 1360 1453 πλὴν
1375 1417 1517 1453 προσίεται
1533 1417 1595 1449 τοὺς
1616 1416 1826 1452 ἡμαρτηκότας,

1035 1463 1084 1491 καὶ
1095 1464 1180 1500 λύτρα
1202 1463 1419 1500 προσφέροντας,
1436 1463 1471 1490 τὰ
1485 1463 1534 1498 τῆς
1557 1462 1694 1498 ἁμαρτίας
1716 1462 1826 1492 λυτικὰ.

1034 1509 1066 1536 τδ
1085 1510 1118 1537 he
1141 1509 1286 1545 μετανοίας
1299 1509 1426 1546 δάκρυον,
1448 1509 1493 1536 τὸν
1507 1509 1554 1535 ἐπὶ
1566 1510 1626 1541 ταῖς
1639 1507 1828 1544 μεταγνώσεσι

1037 1558 1128 1591 πόνον,
1140 1559 1189 1594 τῆς
1205 1557 1390 1593 δλεημοσύνης
1410 1557 1474 1589 τοὺς
1492 1556 1612 1592 τρόπους
1623 1564 1630 1571 ·
1649 1565 1659 1582 ι
1674 1556 1826 1583 Κατακαυ-

191 1609 253 1640 tim,
274 1608 450 1643 laboremque
469 1607 672 1639 conversionis,
689 1611 716 1635 et
731 1607 911 1642 eleemosynae
926 1614 981 1634 mo-

1039 1604 1120 1639 χᾱται
1149 1603 1204 1639 γὰρ
1233 1603 1307 1634 nso;
1339 1602 1469 1638 κρίσεως,
1486 1611 1495 1627 ι
1525 1601 1597 1628 κατὰ
1620 1600 1670 1632 τὰς
1697 1600 1717 1627 Γ
1720 1600 1826 1636 ραφάς.

191 1653 241 1681 dos
254 1663 259 1680 :
279 1663 288 1678 ι
300 1653 490 1688 Superexaltat
502 1653 577 1680 enim
585 1652 773 1681 misericordia
784 1652 919 1688 judicium
930 1653 980 1685 ⁸’,›

189 1701 264 1735 juxta
285 1699 452 1734 Scripturas.
475 1699 605 1735 Diligenti
625 1706 735 1734 quoque
753 1699 912 1726 discrimine
940 1699 984 1726 lex

190 1744 333 1780 distinguit
343 1752 391 1772 eos
401 1745 448 1780 qui
462 1745 561 1780 injuria
570 1745 625 1772 sint
637 1743 727 1772 all‘ecti
736 1753 743 1771 :
751 1752 812 1772 nam
823 1764 831 1777 ,
843 1744 866 1772 si
878 1743 964 1772 illium
974 1765 982 1778 ,

191 1792 294 1826 inquit,
308 1795 355 1818 aut
369 1790 452 1818 filiam
473 1796 572 1818 taurus
587 1790 737 1823 occiderit,
764 1791 916 1824 moriatur,
933 1799 984 1820 nec

191 1837 262 1864 ullus
269 1837 306 1864 sit
318 1836 488 1864 miserationi
499 1837 592 1864 locus:
605 1837 648 1864 sin
661 1844 770 1864 servum
784 1841 831 1864 aut
844 1838 982 1871 ancillam,

189 1886 333 1916 argentum
345 1889 395 1917 pro
411 1881 467 1909 illis
481 1882 616 1917 exigatur.
635 1881 781 1910 Rationem
801 1882 885 1918 igitur
901 1882 983 1919 hujus

189 1927 356 1956 discriminis
378 1928 519 1963 inquirere
541 1921 589 1962 qui
607 1927 668 1955 tleri
687 1932 778 1963 potest
796 1932 826 1956 ut
840 1927 982 1964 indignum

189 1973 232 2003 sit.
257 1980 321 2001 cum
343 1972 496 2008 praesertim
516 1972 597 2001 liberi
618 1973 745 2007 servique
771 1972 929 2001 differentia
955 1973 982 2001 in

189 2018 270 2046 nobis
284 2026 339 2046 non
351 2023 456 2046 naturae
468 2018 568 2046 vitium
583 2018 637 2051 sit,
651 2018 740 2054 qualis
758 2022 800 2046 est
819 2018 916 2054 procul
928 2019 981 2046 du—

191 2065 237 2092 bio
252 2064 321 2093 mala
334 2065 479 2098 valetudo,
493 2065 541 2093 sed
554 2073 588 2093 ex
602 2065 788 2100 potentiorum
804 2065 981 2101 oppressione

190 2112 340 2139 nascatur?
360 2121 370 2138 ι
393 2111 468 2139 idem
483 2119 604 2147 namque
631 2119 682 2140 nos
701 2111 824 2140 condidit
845 2113 932 2145 Deus,
953 2118 981 2140 et

190 2165 261 2184 unus
279 2162 322 2184 est
338 2157 460 2184 omnium
477 2157 558 2185 Pater
575 2158 611 2190 “,
634 2168 643 2183 ι
674 2159 752 2194 juxta
772 2158 914 2193 prophetat
933 2166 981 2186 vo-

188 2209 257 2228 cem.
274 2202 346 2229 Num
371 2202 454 2237 igitur
474 2202 606 2231 Conditor
631 2208 725 2231 noster
742 2204 883 2232 nonnullis
895 2204 978 2232 etiam

188 2247 350 2274 servitutem
373 2255 422 2283 pro
445 2248 562 2275 crimine
581 2248 710 2276 ascribit?
725 2257 790 2276 num
804 2249 877 2284 apud
890 2250 977 2285 ipsum

187 2301 297 2328 quoque
315 2294 424 2322 servilis
442 2294 563 2322 conditio
581 2294 651 2322 nihil
665 2295 808 2330 penditur,
823 2300 851 2324 et
867 2296 979 2324 libertas

188 2340 290 2375 majore
313 2340 400 2375 gloria
424 2340 532 2375 pollet?
554 2340 665 2368 Minime
688 2349 773 2369 vero:
790 2351 799 2367 ι
819 2341 849 2369 In
868 2341 978 2370 Christo

186 2385 260 2412 cnim
270 2384 334 2412 Jesu
349 2392 405 2411 non
422 2390 464 2412 est
481 2393 593 2417 servus,
610 2393 699 2421 neque
712 2386 782 2413 liber
795 2387 829 2414 ‘9.
850 2398 858 2411 ι
876 2387 975 2422 Igitur,

186 2431 250 2466 quia
269 2431 313 2458 lex
332 2431 428 2459 umbra
446 2436 501 2463 est,
520 2440 569 2467 per
591 2431 677 2460 {ilium
696 2441 729 2461 ac
751 2432 834 2460 tiliam
855 2433 975 2461 liberum

185 2482 341 2504 sanctorum
356 2477 498 2504 hominum
509 2485 594 2512 genus
605 2478 790 2514 signiﬁcatur;
805 2487 854 2514 per
865 2487 974 2507 servum

186 2530 251 2549 vero
267 2527 294 2550 et
305 2522 430 2550 ancillam
450 2523 516 2551 illud
532 2524 622 2552 adhuc
639 2525 738 2552 servile
756 2533 857 2560 genus,
871 2529 900 2552 et
911 2533 975 2560 pec-

185 2570 237 2596 cati
251 2570 316 2604 jugo
336 2569 499 2604 subjectum.
524 2570 582 2598 Non
596 2575 638 2598 est
658 2571 742 2606 igitur
758 2579 808 2606 par
827 2571 926 2607 injuria
945 2572 973 2599 in

184 2619 291 2642 sanctos
317 2618 398 2650 atque
415 2616 442 2642 in
469 2622 627 2651 peccatores
655 2617 740 2649 facta,
761 2625 850 2653 neque
877 2618 973 2646 eadem

185 2668 310 2687 mensura
323 2661 480 2695 plectuntur
490 2667 602 2697 peccata
619 2663 647 2690 in
659 2667 790 2698 utrosque
803 2664 949 2691 commissa
965 2673 972 2690 :

183 2712 246 2731 nam
257 2713 317 2732 esse
329 2706 439 2740 quidem
453 2711 510 2735 tum
525 2708 589 2740 hos,
602 2713 660 2735 tum
672 2708 733 2735 illos
744 2713 842 2736 natura
855 2708 972 2742 fratres,

181 2750 309 2778 omnibus
323 2751 424 2787 liquet;
448 2753 495 2780 sed
512 2758 601 2781 tamen
619 2758 777 2782 sanctorum
794 2755 917 2782 conditio
930 2759 973 2783 est

181 2795 317 2830 spirituali
324 2797 498 2831 excellentia,
511 2803 539 2825 et
551 2798 682 2826 virtutum
701 2799 869 2828 sublimitate
883 2808 970 2836 supe-

1041 1647 1156 1684 ’Δκριϐῆ
1182 1647 1212 1675 δὲ
1236 1648 1250 1674 ό
1266 1647 1349 1683 νόμος
1370 1647 1417 1673 καὶ
1448 1646 1498 1682 τὴν
1518 1646 1566 1672 ἐπὶ
1589 1647 1644 1677 τοῖς
1677 1645 1826 1672 πεπονθόσι

1035 1695 1153 1721 ποιεῖται
1177 1693 1319 1729 διαστολήν
1332 1702 1338 1709 ·
1355 1694 1380 1720 ει
1407 1692 1458 1729 μὲν
1484 1693 1540 1728 γὰρ
1561 1692 1618 1719 υἱὸν
1637 1692 1654 1728 ἡ
1673 1691 1825 1727 θυγατέρα,

1034 1741 1127 1776 φησὶν,
1142 1741 1156 1766 ό
1176 1740 1275 1776 μόσχος
1291 1739 1384 1776 ἀνέλῃ,
1404 1739 1526 1766 τεθνάτω
1541 1739 1588 1765 καὶ
1614 1738 1824 1775 ἀφιλοικτιρμό-

1033 1796 1087 1819 νως
1102 1795 1109 1802 ·
1125 1788 1149 1813 εἰ
1172 1786 1202 1813 δὲ
1216 1786 1300 1814 παῖδα
1321 1786 1338 1822 ἢ
1359 1785 1517 1820 παιδίσκην,
1543 1785 1676 1821 ἀργύριον
1700 1785 1771 1812 ἔστω
1793 1786 1824 1812 τὸ

1034 1833 1105 1869 ὑπὲρ
1119 1833 1208 1860 αὐτῶν
1221 1833 1397 1870 ζητούμενον.
1416 1832 1464 1864 Τίς
1484 1829 1531 1858 οὖν
1550 1833 1564 1859 δ
1588 1831 1677 1866 λόγος,
1692 1831 1751 1863 πῶς
1773 1831 1824 1858 οὐκ

1033 1878 1108 1912 ἄξιον
1121 1879 1204 1912 ίδεῖνς
1221 1879 1309 1906 καίτοι
1333 1877 1365 1905 τὸ
1391 1877 1534 1914 ἄλεύϐερόν
1554 1885 1583 1904 τε
1606 1877 1653 1905 καὶ
1679 1876 1774 1904 δοῦλον
1793 1879 1824 1904 ὲν

1032 1926 1111 1961 ἡμῖν,
1127 1925 1159 1952 ὲκ
1183 1924 1343 1957 πλεονεξίας
1366 1925 1414 1952 καὶ
1436 1925 1487 1952 οὐκ
1508 1924 1680 1960 ἀρρώστημα
1701 1924 1822 1959 φύσεως,

1033 1971 1160 2008 καθάπερ
1186 1970 1282 2007 ἀμέλει
1307 1971 1355 1998 καὶ
1375 1971 1407 1999 τὸ
1433 1971 1540 1998 νοσεῖν·
1568 1979 1578 1997 ι
1601 1967 1648 2002 Εἷς
1667 1969 1723 2006 γὰρ
1746 1970 1822 2005 ἡμᾶς

1033 2017 1123 2044 εκτισε
1135 2016 1213 2049 Θεὸς,
1229 2017 1276 2044 καὶ
1286 2013 1348 2049 εἶςό
1358 2017 1468 2044 πάντων
1484 2016 1607 2052 Ilum,»
1624 2015 1696 2043 κατὰ
1710 2015 1759 2052 τὴν
1774 2015 1821 2042 τοῦ

1032 2064 1174 2100 προφήτου
1192 2064 1294 2100 φωνήν.
1306 2061 1368 2100 Ἀρ*
1383 2061 1430 2091 οὖν
1444 2063 1482 2096 ὡς
1501 2063 1627 2098 ἔγκλημα
1638 2062 1685 2090 καὶ
1697 2061 1820 2089 δουλείαν

1031 2109 1203 2146 καταγράφει
1213 2109 1297 2137 τινῶν
1309 2110 1325 2136 ὸ
1336 2109 1525 2146 Δημωυργὸς;
1539 2106 1594 2146 ἆρα
1606 2109 1653 2136 καὶ
1667 2109 1733 2145 παρ’
1745 2110 1822 2146 αὐτῷ

1030 2157 1061 2183 τὸ
1077 2156 1169 2183 δοῦλον
1184 2158 1214 2184 ὲν
1239 2157 1338 2192 μείοσι,
1358 2157 1406 2184 καὶ
1433 2155 1495 2192 δόξῃ
1515 2157 1672 2184 πλεονεκτεῖ
1689 2157 1720 2183 τὺ
1741 2156 1820 2184 ἐλεύ-

1031 2201 1124 2238 θερον;
1147 2203 1186 2229 Οὐ
1207 2203 1256 2238 μὲν
1271 2201 1327 2230 οὖν.
1345 2212 1354 2228 ι
1380 2201 1425 2229 Ἐν
1447 2202 1502 2239 γὰρ
1523 2201 1635 2239 Χριστῷ
1658 2202 1744 2238 Ἰησοῦ
1769 2204 1819 2232 οὐκ

1031 2247 1069 2275 ἔνι
1088 2248 1190 2281 δοῦλος,
1209 2248 1271 2276 οὔτε
1293 2248 1446 2285 ἐλεύθερος.
1464 2259 1474 2275 ι
1495 2249 1611 2280 Οὐκοῦν,
1638 2248 1702 2276 σκιὰ
1726 2249 1782 2284 γὰρ
1805 2250 1820 2276 ὀ

1031 2295 1122 2330 νόμος,
1139 2295 1183 2322 διὰ
1204 2295 1254 2330 μὲν
1269 2295 1328 2322 υἱοῦ
1345 2304 1374 2322 τε
1392 2295 1440 2322 καὶ
1457 2295 1602 2331 θύγατρος.
1617 2294 1649 2322 τὺ
1674 2294 1818 2330 ἐλεύθερον

1028 2341 1083 2368 τῶν
1095 2341 1180 2376 ἁγίων
1191 2342 1353 2377 σημαίνεται
1378 2341 1456 2376 γένος
1469 2349 1476 2357 ·
1497 2341 1542 2368 διὰ
1566 2340 1595 2368 δέ
1618 2349 1651 2376 γε
1671 2340 1766 2373 παιδός
1787 2348 1818 2367 τε

1029 2387 1075 2414 καὶ
1089 2387 1246 2422 παιδίσκης,
1263 2388 1294 2414 τὸ
1313 2386 1404 2414 δοῦλον
1419 2387 1460 2414 in
1485 2387 1533 2414 καὶ
1552 2387 1605 2414 ὑπὸ
1622 2387 1704 2421 ζυγὸν
1724 2386 1817 2423 ἁμαρ-

1027 2431 1096 2464 τίας.
1120 2432 1198 2459 Ἔστι
1214 2432 1242 2458 δὲ
1256 2432 1286 2459 οὐ
1301 2433 1409 2465 ταυτὸν,
1424 2433 1455 2459 τὸ
1471 2432 1643 2468 πλημμελεῖν
1667 2433 1708 2463 εἰς
1722 2432 1817 2466 ἁγίους

1027 2477 1241 2514 ἢὰμαρτωλοὺς.
1260 2477 1450 2510 Κολάξεταιδὲ
1462 2478 1512 2513 οὐκ
1537 2479 1565 2505 ὲν
1595 2478 1645 2512 ῐσῳ
1670 2476 1763 2513 μέτρῳ
1782 2477 1817 2503 τὰ

1027 2523 1070 2549 ἐπ’
1086 2524 1188 2559 ἀμφοῖν
1203 2533 1208 2539 ·
1226 2524 1267 2550 ὅτι
1294 2524 1345 2559 μὲν
1373 2524 1429 2560 γὰρ
1454 2524 1564 2558 ἀδελφοὶ
1580 2524 1630 2560 τὴν
1649 2523 1741 2558 φύσιν,
1761 2523 1814 2549 οἵδε

1027 2577 1056 2596 τε
1072 2569 1204 2602 κάκεῖνοι,
1219 2570 1300 2596 παντί
1317 2579 1356 2605 τῳ
1378 2569 1479 2604 σαφές·
1496 2569 1552 2596 ἀλλ’
1578 2569 1637 2596 ἔστι
1663 2569 1695 2595 τὺ
1724 2569 1812 2603 ἅγιον,

1025 2616 1055 2642 ἐν
1069 2616 1188 2652 ὑπεροχῇ
1204 2617 1236 2652 τῇ
1251 2618 1432 2652 πνευματικῇ,
1448 2617 1494 2643 καὶ
1514 2618 1543 2643 ὲν
1558 2617 1615 2648 τοῖς
1638 2617 1688 2651 τῆς
1714 2615 1814 2650 ἀρετῆς

1026 2661 1154 2698 ὑψώμασι
1168 2671 1174 2678 ·
1191 2664 1238 2689 καὶ
1253 2663 1328 2699 παρὰ
1344 2663 1382 2698 τῷ
1397 2663 1456 2698 Θεῷ
1475 2663 1576 2698 τίμιον,
1589 2663 1627 2694 ὼς
1640 2663 1688 2689 καὶ
1701 2663 1729 2688 ὲν
1753 2661 1813 2687 υίοῦ

1024 2709 1100 2742 τάξει
1113 2708 1240 2744 γενέσθαι
1255 2711 1301 2736 καὶ
1318 2709 1465 2746 θύγατρος,
1480 2709 1527 2736 καὶ
1542 2709 1573 2736 τδ
1598 2707 1770 2744 ἀνθρώπινόν
1784 2715 1811 2733 τε

1024 2755 1073 2782 καὶ
1089 2755 1271 2791 δουλοπρεπὲς
1281 2756 1484 2792 ὑπερφέρεσθαι
1507 2756 1618 2792 μέτρον.
1645 2755 1812 2790 ὀσιουργεῖν

1024 2801 1051 2828 δὲ
1065 2801 1078 2827 ὁ
1091 2801 1173 2837 νόμος
1193 2802 1240 2829 καὶ
1261 2802 1373 2838 ἀγάπης
1396 2802 1505 2838 (χεσϐαι
1534 2802 1582 2838 τῆς
1606 2803 1646 2834 είς
1668 2800 1810 2835 ἀδελφοὺς,

203 2885 224 2902 ⁸⁸
237 2886 329 2916 l‘Tim.
344 2896 369 2923 ι’,
386 2888 429 2916 ῗὶ.
462 2889 484 2905 ⁸⁷
499 2888 592 2917 Jacob.
606 2897 634 2922 ιι,
648 2889 673 2916 5.
705 2890 728 2906 "
742 2888 856 2918 Malach.
875 2897 904 2923 ιι,
922 2888 963 2916 io.

1033 2888 1117 2916 Galat.
1131 2897 1170 2921 ιιι,
1189 2889 1234 2917 28.
