1939 3041
117 162 172 190 529

460 163 502 190 DE
522 162 742 192 ADORATIONE
760 163 793 192 1N
814 163 948 192 SPIRITU
968 163 1012 191 ΕΤ
1032 162 1215 191 VERITATE.
1236 161 1300 188 LIB.
1321 159 1377 187 ΥΠ.

1697 156 1750 185 530

118 222 167 249 καί
184 221 245 248 καθ’
262 221 372 258 ἑτέρους
394 221 461 257 ἡμῖν
488 221 639 258 εἰσηγεῖται
653 222 780 257 τρόπους,
794 221 841 254 οὓς
864 222 906 249 καὶ

963 221 1034 254 rior,
1047 225 1077 249 et
1091 221 1147 248 Deo
1163 220 1232 248 adeo
1246 218 1322 246 chari
1335 221 1412 250 sunt,
1432 220 1462 243 ut
1476 216 1503 243 in
1517 216 1565 243 ﬁlii
1577 219 1605 243 et
1620 214 1681 242 ﬁliae
1690 215 1750 244 loco

118 268 292 303 παραθέντες
316 268 426 304 ἑφεξῆς,
445 268 476 295 τὺ
493 269 533 300 εἰς
551 267 613 295 νοῦν
639 266 707 304 ἧκον
733 269 776 303 ἐφ’
803 268 910 304 ἑκάστῳ

118 313 248 349 ἐροῦμεν.
266 314 339 350 Ἔφη
365 314 419 350 γὰρ
440 314 542 341 πάλιν’
573 324 582 340 ι
608 314 671 342 Ἐὰν
693 314 721 341 δέ
747 323 789 346 τις
817 314 909 350 ἀνοίξῃ

117 357 233 390 λάκκον,
249 359 266 395 ἢ
283 359 423 395 λατομήσῃ
434 359 548 391 λάκκον,
572 360 619 386 καὶ
633 360 670 396 μὴ
689 359 796 395 καλύψῃ
817 359 908 391 αὐτὸν,

118 404 168 431 καὶ
182 405 289 440 ἐμπέσῃ
310 406 369 431 ἐκεῖ
384 405 494 440 μόσχος,
510 405 526 440 ἢ
541 405 610 437 ὄνος,
627 406 642 431 ὁ
663 405 757 441 κύριος
771 404 819 431 τοῦ
841 404 907 432 λάκη

118 459 168 476 κου
186 450 320 483 ἀποτίσει.
342 450 473 487 ἀργύριον
484 451 565 477 δώσει
585 451 624 486 τῷ
651 451 738 487 κυρίῳ
752 451 852 483 αὐτῶν,
880 450 910 478 τὸ

117 495 147 523 δὲ
159 496 358 532 τετελευτηκὸς
383 496 458 531 αὐτῷ
474 497 562 524 ἔσται.
583 506 592 523 ι
610 497 695 524 Τοῦτο
708 497 735 522 δέ
751 497 825 523 ἐστιν
838 497 909 523 αἰνι-

117 541 283 577 γματωδῶς,
308 542 339 569 τὸ
364 542 400 577 μὴ
429 542 724 578 τιθέναιηπρόσκομμα
745 542 784 577 τῷ
803 542 909 577 ἀδελφῷ

118 587 135 624 ἢ
155 588 316 620 σκάνδαλον,
331 589 420 615 καὶτὸ
440 588 555 622 ὠφελεῖν
569 589 690 624 πεφυκὸς
704 590 753 616 οὐκ
766 590 812 625 ὲᾷν
823 589 909 625 ἄχρη-

118 641 183 660 στον
193 633 320 668 γενέσθαι
333 635 414 666 τισὶν,
427 633 489 660 οὔτε
507 634 560 669 μὴν
571 634 630 660 ὁδὸν
643 634 756 669 ὁρᾶσθαι
773 634 842 670 πρὸς
862 634 909 661 θά-

117 687 211 712 νατον,
231 679 266 706 τὰ
280 681 346 715 ἡμῖν
363 688 393 706 τε
407 680 455 706 καὶ
469 680 572 715 ἑτέροις
583 680 720 714 ἀναγκαῖα
736 680 805 716 πρὸς
820 680 904 716 ζωήν.

117 725 155 751 ’Ἡ
168 726 223 762 γὰρ
251 726 311 761 οὐχὶ
333 725 432 752 λάκκον
451 734 493 757 τις
508 725 633 760 ἀνοίγων,
649 726 666 762 ἢ
690 726 825 761 λατομῶν,
846 727 910 753 ὲαυ-

116 770 157 806 τῷ
177 779 202 797 τι
224 772 272 799 καὶ
296 772 399 808 ἑτέροις
421 772 557 808 χρήσιμόν
567 780 597 798 τε
614 772 660 799 καὶ
680 773 829 807 ἀναγκαῖον
843 773 909 799 ἀπο-

116 817 206 850 πλεῖ;
227 817 307 844 Ἀλλὰ
321 818 358 853 μὴ
375 818 455 851 ἔστω,
473 819 550 854 φησι,
564 818 687 846 κινδύνου
697 820 833 854 πρόφασις
847 819 907 846 ἐτέ-

118 871 160 898 ρῳ
177 862 212 890 τὰ
229 863 273 890 σά.
285 874 293 890 ι
305 864 336 891 Ἦ
350 865 403 900 γὰρ
418 865 522 900 ἀγάπη,
537 874 545 891 ι
562 864 634 892 καθᾶ
645 873 727 900 φησιν
738 865 905 898 δθεσπέσιος

962 268 1130 298 habeantur,
1159 271 1187 294 et
1208 266 1355 293 humanam
1385 263 1567 298 servilemque
1592 269 1750 290 mensuram

963 313 1126 341 transiliam.
1141 312 1273 339 Pietatem
1285 318 1370 346 porro
1387 309 1487 342 colere,
1507 312 1536 335 et
1546 307 1705 336 cbaritatem
1722 307 1751 335 in

960 360 1060 387 fratres
1081 358 1218 389 retinere,
1244 357 1288 384 lex
1303 356 1366 384 aliis
1388 362 1498 390 quoque
1521 353 1610 381 modis
1631 353 1750 385 suadet,

961 413 1030 441 quos
1044 405 1137 437 etiam,
1154 403 1200 430 ubi
1217 403 1347 437 deinceps
1360 400 1593 436 proposuerimus,
1609 400 1643 427 de
1659 399 1752 434 singu-

960 451 1003 483 lis,
1013 451 1086 486 quod
1096 450 1123 477 in
1136 453 1254 478 mentem
1269 448 1386 481 venerit,
1399 448 1532 475 dicemus.
1547 446 1590 473 Ait
1602 446 1675 473 enim
1692 453 1752 472 rur-

960 505 1025 525 sus:
1043 507 1051 523 ι
1068 496 1146 530 Quod
1157 496 1178 523 si
1193 495 1255 530 quis
1272 494 1414 530 aperuerit
1434 493 1534 525 lacum,
1547 497 1596 520 aut
1617 491 1751 520 exciderit

959 544 1060 575 lacum,
1072 551 1162 578 neque
1175 550 1237 570 eum
1248 540 1400 577 operuerit,
1414 544 1443 568 et
1457 539 1588 567 ceciderit
1600 539 1665 566 illuc
1676 538 1750 565 vitu-

959 590 1003 617 lus
1019 594 1066 617 aut
1079 589 1183 620 asinus,
1200 588 1330 615 dominus
1346 587 1398 615 laci
1418 586 1530 618 reddet,
1544 589 1688 620 argentum
1702 583 1751 610 da-

959 636 999 663 bit
1009 635 1121 663 domino
1129 634 1210 670 249
1221 634 1341 666 illorum,
1350 637 1378 660 et
1385 635 1524 660 mortuum
1532 630 1585 658 erit
1593 630 1678 664 ipsius
1685 629 1731 655 δι’.
1738 639 1747 654 ι

940 716 942 719 Ι
959 680 1017 708 Hoc
1027 687 1094 707 vero
1108 679 1222 714 ﬁgurate
1234 677 1300 705 illud
1314 681 1375 710 est,
1389 685 1444 704 non
1453 683 1557 712 ponere
1569 674 1750 702 offensionem

958 726 1036 754 fratri
1052 729 1100 753 aut
1120 724 1278 752 scandalum
1292 743 1299 756 ,
1315 731 1404 758 neque
1417 723 1490 758 pati,
1508 726 1539 748 ut
1558 721 1632 756 quod
1654 724 1751 755 suapte

957 775 1056 799 natura
1071 770 1136 797 utile
1147 775 1200 802 est,
1220 769 1359 804 aliquibus
1370 769 1468 797 inutile
1483 768 1546 800 liat;
1566 774 1655 801 neque
1673 774 1751 793 com-

958 817 1068 844 mittere
1086 820 1133 848 ut,
1153 817 1213 850 qua
1229 815 1309 842 nobis
1321 814 1436 849 aliisque
1450 811 1606 840 necessaria
1628 816 1694 838 sunt
1717 811 1752 838 ad

959 864 1053 896 vitam,
1065 871 1098 891 ea
1113 862 1186 890 viam
1199 861 1232 888 ad
1245 865 1361 888 mortem
1378 860 1484 895 aperire
1504 858 1650 886 videantur
1663 866 1669 884 :
1682 865 1752 885 nun-

117 909 224 941 Παῦλος
239 929 246 942 ,
267 919 276 935 ι
296 911 327 937 οὑ
346 910 424 947 ζητεῖ
439 912 473 938 τὰ
485 911 593 947 ἑαυτῆς,
610 920 619 938 ι
640 911 778 946 λογίζεται
794 911 822 938 δὲ
835 912 906 948 μᾶλ-

959 910 1025 946 quid
1037 910 1110 937 enim
1120 929 1128 941 ,
1142 909 1189 944 qui
1201 909 1292 935 lacum
1305 907 1395 942 aperit
1417 909 1465 933 aut
1475 905 1545 933 fodit
1555 925 1562 937 ,
1576 912 1631 931 non
1651 904 1704 931 sibi
1720 911 1752 931 ac

116 954 164 981 λον
184 956 275 983 καὶτὰ
290 957 402 994 ἐτέρων.

959 956 1067 985 caeteris
1088 955 1156 983 utile
1178 953 1319 989 quidpiam
1340 960 1372 980 ac
1391 951 1578 980 necessarium
1590 949 1690 978 allicit?
1711 949 1752 977 Ne

115 1002 290 1036 committas,
310 1004 414 1038 inquit,
433 1007 520 1031 utres
541 1007 594 1032 tum
613 1004 690 1032 alteri
703 1005 876 1032 occasionem
893 1004 1009 1040 periculi
1029 1003 1160 1030 aﬂ‘eraut:
1177 1010 1186 1027 ι
1203 1000 1330 1028 Charitas
1341 1000 1416 1027 enim
1427 1019 1435 1032 ,
1453 1008 1461 1024 I
1478 1002 1509 1025 ut
1521 998 1559 1025 ait
1571 997 1669 1024 beatus
1678 997 1752 1024 Pau—

116 1050 176 1080 lus,
193 1058 202 1074 ι
217 1056 273 1076 non
286 1053 383 1084 quaerit
395 1057 455 1084 quae
476 1058 526 1076 sua
540 1054 604 1075 sunt
615 1051 668 1082 "';
688 1059 697 1075 ι
714 1051 816 1084 cogitat
838 1055 930 1078 autem
948 1050 1042 1085 potius
1054 1049 1136 1076 etiam
1147 1054 1208 1082 quae
1223 1050 1288 1074 sunt
1299 1046 1428 1073 aliorum.

152 1095 256 1122 ΠΔΛΛ.
273 1095 328 1122 Καὶ
345 1096 386 1126 τίς
402 1095 415 1121 ὁ
428 1095 530 1122 λάκκον
554 1096 670 1130 ἀνοίγων
686 1096 703 1131 ἢ
720 1096 906 1132 λατομῶν,,τίς

117 1141 146 1167 δὲ
162 1141 176 1167 ό
195 1140 306 1173 λάκκος,
320 1140 435 1177 ἐθέλοιμ’
447 1141 479 1168 ἂν
494 1141 594 1168 ειδέναι
609 1141 710 1176 σαφῶς.

153 1226 235 1254 ΚΥΡ.
252 1226 289 1253 Τδ
307 1227 355 1262 μὲν
370 1224 416 1254 οὖν
431 1227 462 1253 ἐκ
477 1227 524 1262 τῆς
540 1226 664 1263 ῑστορίας
679 1227 907 1262 ὑποδηλούμενον,

116 1271 167 1298 οὐκ
185 1272 361 1308 ἀσυμφανές·
376 1273 474 1308 χρῆναι
492 1273 547 1309 γάρ
569 1282 636 1309 φησι
650 1272 907 1300 κατακαλύπτεσθαι

117 1317 227 1351 λάκκον,
244 1318 288 1346 ἵνα
308 1319 345 1355 μή
360 1327 387 1346 τι
416 1319 514 1355 βλάϐος
540 1320 677 1356 συμὸαίνῃ
706 1319 787 1346 τισίν.
805 1319 908 1354 Ἤγουν

118 1363 193 1395 ἵστω,
221 1364 316 1398 φησὶν,
332 1365 347 1391 ὁ
366 1364 403 1400 μὴ
425 1365 504 1391 τοῦτο
528 1365 690 1401 πεπραχὼς,
715 1365 754 1397 ὡς
779 1365 858 1401 εἶπερ
882 1373 908 1392 τι

117 1410 490 1447 κατολισθήσειενβργύριον
501 1411 636 1438 ἀποδώσει
650 1411 689 1447 τῷ
711 1411 798 1447 κυρίῳ
813 1411 907 1443 αὑτοῦ,

115 1456 146 1483 τὸ
162 1456 191 1483 δὲ
214 1456 345 1492 τεθνηκὸς
369 1457 445 1485 ἔσται
470 1458 554 1494 αὐτῷ.
578 1457 813 1493 Ἀναθρώσκοντες
831 1458 859 1484 δὲ
878 1457 909 1484 τὺ

115 1502 166 1537 τῆς
187 1502 308 1538 ιστορίας
327 1503 457 1538 ἐμφανὲς,
475 1504 522 1531 καὶ
537 1505 576 1536 είς
595 1503 711 1539 θεωρίαν
728 1503 911 1539 ἀναγαγόντες
925 1499 947 1529 C

114 1548 146 1576 τὸ
172 1549 267 1585 χρῆμα
300 1550 498 1586 πνευματικὴν,
530 1550 619 1576 ἐκεῖνο
644 1550 781 1586 ἐροῦμεν·
800 1549 909 1577 Λάκκον

115 1595 204 1623 ῑοικεν
219 1596 363 1631 ὀνομάζειν
374 1596 445 1632 ,ἡμῖν
463 1596 493 1624 ἐν
504 1596 609 1628 τούτοις
625 1597 639 1623 ὁ
655 1597 748 1632 νόμος,
775 1597 825 1631 τῆς
851 1596 912 1623 Oso-

114 1641 248 1668 πνεύστου
264 1641 374 1677 Γραφῆς
385 1642 434 1676 τὴν
445 1642 546 1677 γνῶσιν
556 1662 564 1675 ,
578 1642 678 1669 καὶτὸν
691 1643 754 1678 περὶ
766 1642 815 1677 τῆς
830 1643 910 1677 ἁγίας

115 1688 163 1714 καὶ
185 1689 328 1723 ὁμοουσιου
349 1688 463 1724 Τριάδος
484 1689 571 1723 λόγον,
585 1689 631 1715 καὶ
644 1688 693 1715 τοῦ
708 1689 780 1715 κατὰ
793 1688 910 1724 Χριστὸν

116 1735 267 1770 μυστηρίου
283 1734 332 1770 τὴν
355 1735 475 1770 εἴδησιν·
503 1736 590 1761 κεῖται
611 1735 664 1771 γὰρ
682 1734 775 1771 ὥσπερ
790 1736 818 1761 ὲν
832 1735 907 1770 βάθει

114 1781 204 1812 ταυτὶ,
217 1781 263 1807 καὶ
280 1780 410 1812 ζωοποιὸν
427 1779 482 1816 ἔχει
497 1781 546 1815 τὴν
562 1780 687 1815 δύναμιν·
706 1781 753 1808 καὶ
765 1782 907 1817 μαρτυρή-

116 1825 258 1860 σειλέγων
272 1826 352 1858 αὐτὸς
367 1827 382 1852 δ
396 1826 492 1862 Σωτήρ
510 1834 516 1840 ·
544 1836 553 1853 ι
570 1826 644 1862 Αὕτη
660 1828 688 1854 δέ
710 1827 783 1854 ἐστιν
806 1829 822 1863 ἡ
841 1828 908 1855 αῑώ-

115 1880 172 1903 νιος
187 1871 255 1906 ζωὴ,
273 1871 317 1898 ἴνα
328 1871 483 1906 γινώσκωσι
495 1880 525 1898 σε
539 1872 584 1898 τὸν
595 1873 674 1908 μόνον
688 1872 814 1908 ἀληθινὸν
826 1873 905 1906 Θεὸν,

115 1917 164 1944 καὶ
177 1916 207 1943 ὃν
221 1916 382 1948 ἀπέστειλας
402 1916 505 1951 Ἰησοῦν
520 1917 647 1953 Χριστόν.
663 1926 672 1943 ι
691 1917 795 1944 Οὐκοῦν
808 1919 822 1944 ὁ
840 1926 906 1952 συγ-

115 1963 261 1999 γράμμασι
279 1962 328 1998 μὲν
347 1964 403 1994 τοῖς
420 1963 607 1998 ἀρχαιοτέροις
632 1962 769 1998 ἐντυχὼν,
788 1964 835 1989 καὶ
859 1963 907 1990 σὺν

115 2009 192 2044 πόνῳ
208 2008 446 2045 πολυπραγμονῶν
461 2010 511 2044 τῆς
522 2008 701 2035 θεοπνεύστου
717 2008 829 2044 Γραφῆς
842 2009 906 2040 τοὺς

115 2054 222 2089 λόγους,
237 2055 284 2082 καὶ
298 2055 346 2091 τὴν
356 2054 456 2090 ἀκριϐῆ
470 2063 500 2081 τε
508 2056 553 2081 καὶ
567 2054 713 2090 ἀκίϐδηλον
725 2054 825 2089 γνῶσιν
839 2055 905 2081 ἁνα-

115 2101 216 2136 ζητῶν,
228 2100 326 2136 πολλὴν
343 2100 375 2128 ἂν
395 2101 451 2136 ἔχοι
470 2101 520 2136 τὴν
543 2101 691 2136 ἐμφέρειαν
712 2100 781 2136 πρός
806 2108 838 2134 γε
860 2101 906 2126 τὸν

114 2147 260 2184 ὀρύττοντα
279 2147 395 2174 λάκκον-
424 2147 500 2182 ζητεῖ
516 2147 570 2182 γὰρ
598 2146 671 2182 ὕδωρ
701 2146 842 2179 ζωοποιδν,
860 2147 906 2173 καὶ

114 2195 207 2229 πηγὴν
224 2194 433 2229 ἐὺφραίνουσαν,
452 2194 499 2221 καὶ
511 2194 680 2229 χειμάρρουν
691 2194 797 2229 τρυφῆς
809 2201 817 2209 ·
837 2193 851 2219 ὁ
875 2193 902 2220 δέ
919 2183 942 2213 D

113 2249 146 2276 γε
163 2241 202 2272 είς
212 2239 290 2268 τοῦτο
303 2240 395 2267 λοιπὸν
411 2240 547 2272 συνέσεως
561 2240 722 2275 ἀφιγμένος,
735 2239 774 2272 ὡς
787 2240 833 2266 καὶ
850 2239 903 2275 ἰδίᾳ.

112 2287 244 2314 δύνασθαι
267 2287 433 2323 παραδοῦναι
451 2288 594 2323 συγγραφῇ
618 2286 665 2313 τοῦ
689 2286 842 2322 μυστηρίου
857 2285 903 2312 τὸν

112 2333 203 2367 λόγον,
224 2333 337 2368 λατομεϊ
355 2333 455 2359 λάκκον
466 2341 472 2348 ·
502 2334 662 2369 καινουργεῖ
675 2333 730 2368 γὰρ
756 2332 851 2368 ὥσπερ
866 2333 898 2359 οὐ

112 2380 170 2411 τοῖς
189 2378 289 2414 ἑτέρων
308 2371 422 2414 ἱδρῶσιν
441 2378 639 2414 ὲποικοδομῶν,
654 2378 721 2405 ἀλλὰ
746 2379 802 2410 τοϊς
829 2377 905 2409 ἰδίοις

113 2425 208 2451 ἑαυτόν
224 2433 253 2451 τε
270 2425 318 2452 καὶ
335 2425 445 2460 ἐτέρους
465 2424 587 2459 ὠφελῶν.
614 2424 770 2460 Ὀρύττουσι
784 2424 813 2451 δὲ
834 2424 903 2452 λάκε

112 2479 177 2502 κους
187 2471 443 2506 συντετριμμένους,
455 2470 526 2498 κατὰ
537 2471 584 2507 τὴν
595 2470 642 2498 τοῦ
652 2472 792 2506 προφήτου
800 2471 901 2506 φωνὴν,

113 2517 161 2543 καὶ
176 2517 200 2543 οἱ
216 2518 266 2552 τῆς
278 2517 454 2553 ψευδωνύμου
471 2516 597 2552 γνώσεως
607 2517 721 2553 ἐρασταί
738 2525 743 2531 ·
763 2517 790 2544 εί
798 2526 840 2550 τις
852 2517 903 2543 τοί-

112 2571 160 2589 νυν
179 2562 285 2598 ὁρέξειε
298 2563 408 2596 λάκκον,
435 2563 642 2598 ἁσφαλιζέσθω,
671 2563 763 2599 φησὶν,
783 2563 821 2600 μὴ
849 2563 902 2600 ἄρα

111 2607 184 2634 τισὶν
200 2608 312 2644 ὀλέθρου
332 2609 438 2643 γένοιτο
459 2609 569 2645 τρόπος,
585 2610 615 2636 τὸ
640 2609 732 2642 καλῶς
757 2610 901 2646 εἰργάσθαι

112 2653 207 2680 δοκοῦν
219 2660 225 2666 ·
242 2654 283 2680 δεῖ
295 2654 350 2689 γὰρ
371 2655 445 2690 ἡμᾶς
457 2655 544 2690 ὀρθῶς
562 2663 592 2681 τε
606 2656 653 2682 καὶ
665 2656 902 2692 ἀπηκρισωμένως

111 2697 158 2725 τὸν
174 2699 238 2735 περὶ
257 2699 325 2726 Θεοῦ
341 2699 474 2726 ποιεῖσθαι
499 2700 586 2734 λόγον,
606 2701 645 2733 ὡς
668 2701 762 2737 μηδενὶ
777 2702 902 2736 γενέσθαι

113 2744 261 2771 σκανδάλου
277 2745 487 2781 πρόφασιν.Καὶ
497 2745 584 2777 τοῦτο,
595 2744 681 2782 οἶμαι,
698 2747 756 2773 ἐστὶ
777 2747 807 2773 τὸ
819 2747 902 2783 πῶμα

112 2789 266 2817 ἐπικεῖσθαι
289 2791 328 2827 τῷ
348 2791 453 2827 λάκκῳ,
477 2791 508 2818 τὸ
536 2792 586 2827 τῆς
614 2792 787 2828 καθηκούσης
814 2794 902 2827 ἀσφα-

143 2851 176 2892 ’ξ
186 2849 271 2892 Esod.
285 2851 395 2892 “1137:,
416 2852 459 2880 3i.
478 2853 532 2892 __"‘
547 2854 624 2882 Rom.
637 2864 688 2892 ιμ’,
704 2857 730 2883 7.
762 2855 796 2871 Μ’
811 2857 819 2883 ι
844 2858 906 2884 (.Lor.
922 2865 977 2889 un,
991 2857 1015 2883 :‘i.

112 2886 143 2918 5;
153 2885 223 2915 Psal.
237 2894 314 2921 xxxv,
329 2888 360 2921 9;
373 2888 428 2915 Jcr.
437 2896 464 2922 ιι,
476 2888 516 2916 15.

990 1096 1089 1123 PALL.
1105 1081 1172 1128 Quis
1193 1101 1260 1121 vero
1273 1093 1318 1120 ille
1340 1097 1392 1125 est,
1411 1091 1458 1127 qui
1479 1091 1569 1118 lacum
1588 1081 1687 1125 aperit,
1705 1093 1754 1116 aut

955 1142 1061 1174 eﬂ'odit,
1076 1142 1137 1176 quis
1149 1140 1232 1168 etiam
1246 1139 1333 1172 lacus,
1356 1138 1437 1166 velim
1455 1136 1584 1173 equidem
1606 1135 1753 1171 perspicue

956 1195 1038 1216 110556
1043 1209 1048 1214 .

992 1233 1072 1261 CYIt.
1085 1232 1145 1260 Non
1157 1233 1307 1261 obscurum
1318 1235 1360 1258 cst
1379 1228 1446 1265 quid
1462 1228 1579 1256 historia
1597 1226 1733 1262 signiﬁcet
1744 1246 1753 1259 ,

957 1279 1138 1314 operiendum
1150 1279 1251 1313 quippe
1269 1277 1358 1304 lacum
1373 1283 1434 1303 esse
1445 1274 1544 1309 inquit,
1554 1281 1589 1301 ne
1601 1272 1675 1308 quod
1688 1271 1752 1299 inde

957 1323 1088 1351 damnum
1106 1323 1244 1359 aliquibus
1259 1322 1416 1356 contingat:
1440 1324 1489 1347 aut
1510 1319 1588 1352 sciat,
1612 1317 1711 1353 inquit,
1729 1317 1752 1344 is

958 1369 1006 1404 qui
1017 1370 1070 1397 hoc
1079 1369 1170 1397 facere
1181 1367 1343 1403 neglexerit,
1356 1366 1379 1393 si
1393 1366 1460 1400 quid
1473 1365 1600 1399 illapsum
1617 1363 1710 1395 fuerit,
1723 1369 1753 1390 se

958 1415 1019 1451 ejus
1037 1415 1078 1442 rei
1093 1414 1205 1442 domino
1215 1417 1369 1448 argentum
1378 1411 1581 1446 persoluturum
1592 1417 1599 1442 ;
1612 1413 1752 1436 mortuum

957 1469 1024 1489 vero
1031 1461 1149 1489 cadaver
1157 1460 1244 1494 ipsius
1253 1459 1389 1486 futurum.
1396 1457 1442 1490 At,
1455 1456 1477 1484 si
1486 1463 1518 1483 ea
1526 1463 1587 1490 quae
1599 1455 1627 1482 in
1638 1454 1752 1482 historia

962 1512 1055 1544 aperta
1066 1512 1131 1534 sunt
1144 1506 1347 1541 reliquerimus,
1362 1504 1449 1539 idque
1456 1502 1559 1530 factum
1576 1500 1752 1529 transtuleri-

961 1562 1023 1582 mus
1033 1554 1066 1582 ad
1078 1553 1250 1589 spiritualem
1262 1551 1481 1587 intelligentiam,
1500 1549 1568 1577 illud
1579 1548 1633 1576 dici
1646 1556 1661 1575 ιι
1673 1547 1754 1576 nobis

961 1600 1071 1636 poterit,
1081 1601 1170 1627 lacum
1183 1599 1212 1626 in
1223 1599 1266 1626 his
1276 1597 1370 1626 verbis
1378 1596 1465 1624 videri
1476 1595 1557 1623 nobis
1567 1602 1583 1622 ιι
1593 1594 1651 1629 lege
1661 1593 1757 1628 appel-

960 1647 1012 1674 lari
1030 1647 1179 1681 Scriptura:
1198 1645 1331 1672 divinitus
1347 1643 1486 1678 inspirata:
1508 1639 1692 1676 cognitionem
1707 1640 1753 1673 “',

960 1702 992 1721 ac
1004 1694 1036 1721 dc
1050 1697 1143 1720 sancta
1156 1696 1184 1720 et
1195 1689 1425 1719 consubstantiali
1437 1688 1569 1715 Trinitate
1588 1687 1754 1722 disputatio-

960 1748 1033 1773 nem,
1047 1744 1128 1774 atque
1146 1738 1248 1766 Christi
1271 1736 1392 1773 mysterii
1414 1735 1576 1762 scientiam:
1599 1734 1658 1761 hate
1678 1733 1753 1760 enim

960 1792 1089 1822 tanquam
1113 1785 1140 1812 in
1159 1783 1296 1820 profundo
1315 1782 1404 1817 posita
1428 1785 1492 1809 sunt
1512 1780 1624 1814 vimque
1640 1779 1753 1807 vitalem

960 1833 1078 1866 habent;
1095 1833 1174 1867 cujus
1191 1831 1229 1858 rei
1246 1830 1322 1858 testis
1338 1833 1380 1856 est
1402 1829 1460 1863 ipse
1483 1827 1619 1858 Salvator,
1634 1825 1730 1853 dicens
1744 1834 1752 1852 :

963 1889 972 1904 ι
993 1879 1056 1906 llaec
1067 1883 1109 1906 est
1123 1883 1215 1905 autem
1229 1877 1285 1904 vita
1301 1880 1413 1907 mtema,
1433 1878 1464 1901 ut
1479 1877 1644 1909 cognoscant
1666 1876 1694 1899 te
1706 1879 1752 1899 so-

959 1926 1016 1953 lum
1040 1932 1136 1952 verum
1157 1924 1255 1955 Deum,
1274 1927 1301 1949 et
1324 1929 1406 1956 quem
1429 1920 1539 1951 misisti,
1560 1918 1653 1946 Jesum
1670 1916 1753 1945 Chri-

959 1976 1031 1999 stum
1045 1971 1089 1997 δι’.
1106 1980 1114 1996 ι
1131 1970 1226 2005 igitur,
1239 1969 1284 2004 qui
1298 1972 1392 1995 vetera
1406 1966 1506 2001 scripta
1518 1964 1593 1999 legit,
1613 1967 1641 1991 et
1651 1963 1753 1991 divinae

959 2018 1108 2053 Scriptura
1127 2017 1212 2044 verba.
1222 2023 1278 2043 non
1290 2014 1349 2042 sine
1360 2013 1455 2041 labore
1474 2011 1652 2047 pervestigat,
1665 2014 1694 2037 et
1704 2017 1750 2037 ac-

959 2068 1082 2091 curatam
1109 2063 1353 2096 incorruptamque
1373 2058 1557 2094 cognitionem
1576 2056 1708 2091 exquirit,
1728 2056 1753 2084 is

958 2113 1000 2137 est
1015 2107 1130 2136 fodienti
1143 2108 1234 2134 lacum
1246 2112 1380 2141 perquam
1391 2104 1499 2136 similis,
1517 2110 1614 2138 aquam
1626 2102 1700 2130 enim
1711 2102 1751 2129 vl-

959 2155 1040 2183 talem
1063 2155 1171 2190 quazrit,
1186 2158 1214 2180 et
1228 2153 1331 2180 fontem
1353 2151 1546 2182 lmtiﬁcantem,
1560 2152 1589 2176 et
1602 2152 1751 2176 torrentem

954 2201 1103 2236 voluptatis
1114 2200 1147 2215 "‘
1160 2208 1166 2226 :
1180 2203 1217 2231 at,
1233 2198 1279 2234 qui
1298 2197 1332 2225 ad
1348 2204 1409 2224 eam
1423 2195 1598 2231 prudentiam
1615 2193 1748 2229 pervenit,

957 2252 987 2275 ut
1001 2248 1060 2274 suis
1075 2246 1175 2274 litteris
1187 2244 1319 2272 mandare
1334 2247 1416 2279 queat
1436 2243 1496 2278 ejus
1519 2241 1642 2276 mysterii
1654 2240 1749 2275 dispu-

956 2293 1098 2324 tationem,
1115 2292 1139 2319 is
1153 2292 1244 2318 lacum
1256 2290 1363 2326 aperit;
1376 2288 1440 2316 novi
1453 2288 1527 2315 enim
1539 2286 1666 2314 nonnihil
1679 2285 1749 2316 edit.

955 2346 1010 2366 non
1029 2339 1060 2365 in
1078 2338 1195 2365 aliorum
1212 2335 1361 2364 sudoribus
1384 2331 1596 2369 supermdiﬁcat,
1621 2331 1670 2359 sed
1692 2331 1750 2359 suis

956 2385 1013 2419 ipse
1025 2383 1176 2415 laboribus,
1192 2385 1220 2410 et
1231 2389 1260 2409 se
1272 2385 1300 2409 et
1312 2383 1426 2408 caeteros
1434 2380 1522 2415 juvat.
1535 2378 1654 2405 Fodiunt
1665 2378 1749 2406 etiam

957 2430 1032 2458 lacus
1045 2429 1186 2461 contritos,
1197 2428 1274 2472 juxta
1293 2426 1435 2462 prophetae
1448 2432 1554 2456 vocem,
1567 2424 1627 2452 falsi
1639 2431 1749 2459 quoque

956 2475 1076 2503 nominis
1088 2468 1214 2502 scientié
1223 2476 1375 2505 amatores;
1390 2471 1515 2506 quisquis
1533 2469 1615 2505 igitur
1628 2468 1699 2496 fodit
1711 2468 1750 2496 la.

956 2529 1029 2553 cum,
1044 2524 1147 2551 caveat,
1167 2518 1267 2554 inquit,
1289 2524 1334 2549 ne,
1359 2515 1432 2551 quod
1448 2515 1533 2551 probe
1547 2514 1675 2541 effectum
1688 2521 1748 2541 esse

955 2567 1075 2599 videtur,
1099 2566 1192 2601 aliquo
1209 2564 1290 2591 modo
1305 2562 1455 2598 perniciem
1468 2560 1609 2588 nonnullis
1625 2560 1723 2588 aﬁ‘crat
1739 2568 1745 2586 :

955 2613 1088 2641 debemus
1104 2612 1177 2640 cnim
1191 2614 1266 2638 recte
1284 2613 1311 2637 et
1322 2609 1468 2643 diligenter
1479 2607 1513 2635 de
1528 2607 1584 2635 Deo
1605 2605 1688 2634 verba
1705 2605 1746 2631 fa-

955 2667 1033 2692 cere,
1056 2659 1104 2690 ita,
1123 2663 1154 2685 ut
1174 2657 1277 2684 nemini
1292 2655 1465 2683 occasionem
1485 2653 1607 2682 acandali
1624 2650 1745 2687 pradica-

955 2712 1017 2731 mus
1029 2713 1035 2730 :
1050 2702 1132 2738 25o
1142 2702 1224 2737 idque
1234 2706 1287 2734 est,
1300 2700 1408 2735 opinor,
1420 2699 1583 2735 operculum
1589 2696 1745 2732 impositum

955 2757 1014 2777 esse
1027 2749 1096 2776 laeui
1111 2757 1116 2774 :
1130 2755 1228 2782 nempe
1241 2753 1396 2774 sermonem
1409 2753 1464 2772 non
1479 2752 1540 2772 esse
1554 2743 1667 2772 cautela
1678 2749 1744 2769 con-

956 2794 1091 2822 venientis
1103 2797 1253 2828 expertem.
1267 2791 1332 2819 Nam
1344 2791 1366 2818 si
1379 2791 1438 2819 bos.
1452 2791 1500 2821 ait,
1514 2795 1563 2818 aut
1572 2789 1664 2817 asinus
1675 2786 1746 2814 ceci-

1064 2856 1096 2871 “‘
1113 2856 1267 2883 10.1mm",
1288 2853 1313 2880 5.
1345 2851 1376 2866 "‘
1391 2850 1470 2878 Joan.
1487 2858 1523 2882 iv,
1539 2849 1578 2881 li,
1601 2846 1669 2876 Psal.
1684 2852 1745 2879 ην,
