1939 3041
190 172 239 200 551

711 172 739 201 ε.
759 172 898 202 CYRILLI
913 174 1149 203 ALEXANDRINI
1169 175 1328 204 ARCHIEP.

1772 180 1827 207 532
1834 192 1837 195 -

189 232 272 264 derit,
286 231 334 266 qui
347 231 482 258 laboravit
499 230 527 258 in
542 231 709 259 exstruendo
720 232 792 264 lacu,
806 232 864 267 ipse
878 222 980 268 persol-

1035 233 1110 265 λείας
1126 233 1164 268 μὴ
1179 234 1303 268 ἀμοιρεῖν
1318 233 1364 261 τὸν
1376 233 1463 269 λόγον.
1487 234 1551 262 Ἐὰν
1572 235 1627 271 γὰρ
1647 236 1728 273 πέσῃ.
1745 237 1826 272 φησι,

189 282 249 311 vet‘;
262 278 360 306 bovem
372 285 437 305 vero
448 281 476 305 et
486 277 594 305 asinum
610 286 666 305 non
679 278 841 313 simpliciter
853 279 981 314 appellat,

189 323 236 352 sed
249 323 340 351 abdita
352 323 456 351 ratione
470 333 476 350 :
489 331 522 352 ac
540 324 638 352 bovem
651 324 761 360 quidem
774 324 873 360 inquit,
892 329 922 352 ut
939 326 983 352 in-

189 370 295 405 telligas
307 377 416 398 sacrum
429 377 460 397 ne
477 378 578 405 purum
593 370 736 399 hominum
750 379 852 408 genus;
873 371 982 399 asinum

188 421 264 446 vero,
282 419 313 441 ut
328 414 472 449 profanum
483 419 512 443 et
524 415 680 451 impurum;
692 425 781 452 neque
793 417 868 445 enim
886 418 942 445 Deo
954 417 982 445 in

189 457 354 487 sacriftbium
368 459 484 487 offertur
498 469 506 487 Ζ
518 468 627 488 sacrum
641 469 724 497 porro
735 469 821 498 genus
833 469 865 489 ac
880 470 982 497 purum

188 513 248 533 esse
259 505 376 533 dicimus
387 513 445 539 eos,
454 507 501 541 qui
511 508 566 542 jam
579 515 627 542 per
638 508 719 536 (idem
731 508 891 536 sanetilicati
903 513 981 541 sunt;

188 552 333 586 profanum
344 556 372 580 et
385 553 525 587 impurum
538 561 596 586 eos,
610 555 657 589 qui
676 555 798 582 nondum
811 560 874 583 sunt
887 559 983 582 sancto

189 598 353 634 baptismate
364 600 487 634 purgati,
499 600 546 627 sed
560 601 664 635 peccati
678 601 799 628 maculas
815 601 906 629 adhuc
917 601 982 628 inu-

188 648 244 672 stas
257 645 369 672 habent.
381 645 498 672 Perinde
511 645 594 680 igitur
605 651 658 679 est,
671 655 703 674 ac
711 647 734 674 si
749 647 864 679 diceret,
877 647 905 675 Si
916 647 983 682 quid

187 690 320 718 acciderit
331 690 424 717 damni
437 691 519 718 alicui
531 699 565 718 ex
578 692 621 723 iis.
634 693 680 727 qui
694 692 749 727 jam
764 692 893 727 baptizati
907 696 981 725 sunt,

187 741 216 764 et
226 743 275 771 per
286 737 401 772 gratiam
412 737 446 764 ad
457 737 679 773 conjunctionem
687 746 749 766 cum
761 739 817 766 Deo
833 739 981 766 ineundam

188 781 298 817 signati,
324 786 372 809 aut
392 790 426 810 ex
449 783 483 810 iis
503 787 588 815 certe,
611 784 659 819 qui
676 784 799 812 nondum
818 785 886 812 tales
904 790 980 818 sunt,

187 827 247 862 ejus
258 828 379 856 scandali
396 833 495 857 auctor
513 830 606 857 multae
617 830 754 858 obnoxius
765 831 828 864 erit,
842 835 870 858 et
883 831 917 859 ad
939 832 982 866 ip-

187 881 248 900 sum
263 873 415 908 pertinebit
428 875 555 903 exanime
577 875 705 909 cadaver,
729 876 757 903 id
777 881 830 908 est,
853 877 913 912 ejus
927 877 982 904 erit

1035 278 1099 314 βοῦς
1115 279 1132 314 ἢ
1151 279 1226 311 ὄνος,
1249 280 1264 305 ὁ
1288 279 1451 315 πεπονηκὼς
1474 280 1610 308 ἀποτίσει.
1635 280 1704 308 Βοῦν
1725 282 1755 308 δὲ
1780 283 1830 310 xui

1033 326 1093 353 ὄνον
1107 325 1234 361 ὀνομάζει
1251 327 1332 354 πάλιν
1341 327 1391 362 οὺχ
1401 326 1506 359 ἁπλῶς,
1521 327 1579 354 ἀλλ’
1594 327 1633 360 ὡς
1647 329 1677 355 ὲν
1690 328 1761 364 λόγῳ
1776 328 1828 364 βα-

1033 372 1093 399 θεῖ’
1118 373 1165 400 xui
1194 372 1257 408 βοῦν
1283 373 1333 408 μέν
1357 382 1450 409 φησιν,
1473 374 1516 400 ἵνα
1533 374 1632 410 νοήσῃς
1653 374 1683 401 τὺ
1705 375 1778 410 ἱερόν
1796 383 1828 402 τε

1033 419 1080 447 καὶ
1093 419 1213 455 καθαρόν
1227 420 1316 454 γένος·
1328 419 1388 446 ὄνον
1400 420 1438 453 δὲ,
1449 420 1492 447 ἴνα
1505 421 1599 456 συνῇς,
1611 420 1642 447 τὸ
1655 420 1764 456 ἀνίερον
1777 421 1829 448 xui

1033 465 1188 502 ἀκάθαρτον
1201 475 1210 482 σ
1223 466 1254 492 οὐ
1272 467 1327 502 γὰρ
1344 467 1512 502 προσάγεται
1528 467 1600 494 κατὰ
1618 468 1700 502 νόμον
1714 468 1755 499 εἰς
1779 467 1828 494 θυ-

1035 512 1095 538 σίαν
1105 511 1165 547 Θεῷ
1182 511 1210 538 τὸ
1225 511 1398 547 ἀκάθαρτον·
1422 513 1492 549 ἱερὸν
1511 512 1539 539 δὲ
1560 512 1638 545 γένος
1665 513 1713 539 καὶ
1739 512 1830 539 καθα.-

1034 557 1080 593 ρὸν
1095 555 1163 584 εἶναί
1179 566 1280 593 φαμεν,
1297 558 1360 590 τοὺς
1375 558 1561 593 ήγιασμένους
1583 558 1633 594 ἧὸη
1651 558 1696 585 διὰ
1717 560 1768 594 τῆς
1783 558 1830 585 πί-

1034 612 1120 636 στεως
1135 612 1142 618 ο
1157 603 1264 638 ἀνίερον
1275 603 1303 630 δὲ
1324 603 1373 630 xui
1387 603 1554 639 ἀκάθαρτον,
1572 604 1636 636 τοὺς
1649 603 1726 631 οὔπω
1744 612 1831 631 κεκα-

1034 649 1188 685 θαρμένους
1207 649 1252 676 διὰ
1270 649 1316 676 τοῦ
1344 649 1423 684 ἁγίου
1452 649 1652 685 βαπτίσματος,
1677 649 1734 676 ἀλλ’
1754 651 1830 676 ἐντε-

1034 695 1170 731 τηγμένον
1190 695 1298 731 ἔχοντες
1315 695 1357 722 ἔτι
1379 695 1430 730 τῆς
1452 696 1591 732 ἁμαρτίας
1611 695 1656 723 τὸν
1678 695 1829 731 μολυσμόν.

1034 742 1146 777 Ὅμοιον
1170 739 1217 769 οὖν
1238 741 1276 774 ὡς
1303 742 1326 768 εί
1351 741 1436 776 λέγοι,
1459 742 1495 768 Εἴ
1509 751 1536 769 τι
1553 742 1660 777 γένοιτο
1681 741 1791 778 βλάϐος,
1810 742 1829 777 ἢ

1034 787 1098 823 περί
1117 795 1178 814 τινα
1205 786 1260 814 τῶν
1277 787 1329 822 ήδη
1353 786 1579 822 βεϐαπτισμένων
1599 787 1647 814 xui
1673 795 1831 822 κατεσφρα-

1033 833 1172 868 γισμένων
1193 832 1238 859 διὰ
1257 832 1307 867 τῆς
1327 832 1439 868 χάριτος
1471 833 1513 864 είς
1538 833 1694 868 οἰκειότητα
1716 832 1766 868 τὴν
1791 831 1831 864 ὡς

1034 879 1103 914 πρὸς
1118 878 1195 910 Θεὸν,
1213 879 1298 914 ἦγουν
1311 878 1352 910 εἷς
1370 886 1431 905 τινα
1449 878 1532 913 τυχὸν
1559 878 1614 905 τῶν
1639 877 1717 906 οὔπω
1740 877 1830 904 τοιού-

188 926 263 946 mors
279 919 362 951 illius,
375 920 423 955 qui
437 921 568 948 damnum
582 926 624 949 est
638 929 744 956 passus.
760 923 853 957 itaque
866 931 980 958 praemo-

1036 933 1100 956 των,
1119 924 1232 960 ὀφλήσει
1249 924 1328 960 δίκην
1347 925 1361 950 ό
1382 923 1429 952 τοῦ
1445 924 1597 951 σκανδάλου
1621 924 1763 959 πρόξενος,
1781 923 1831 950 xui

187 967 234 992 net
246 971 298 991 nos
312 964 369 1000 ipse
379 973 490 1000 quoque
501 965 635 998 Salvator,
648 967 743 994 dicens
756 976 762 994 :
779 977 789 993 ι
803 967 855 1001 Qui
866 967 989 1000 scanda-,

187 1010 311 1038 liuverit
331 1019 416 1038 unum
431 1019 466 1039 ex
477 1012 584 1047 pusillis
602 1012 673 1045 istis,
685 1014 733 1048 qui
750 1014 779 1041 in
793 1022 837 1042 me
851 1014 979 1046 credunt,

186 1057 298 1092 expedit
322 1058 359 1090 ei,
382 1062 413 1084 ut
434 1057 619 1093 suspendatur
640 1059 711 1086 mola
733 1060 852 1088 asinaria
866 1061 894 1087 in
910 1061 982 1088 collo

185 1103 254 1138 eius,
267 1107 295 1130 et
310 1103 484 1139 demergatur
496 1104 524 1131 in
535 1104 702 1139 profundum
714 1105 799 1132 maris
810 1105 853 1132 "‘.
870 1115 879 1131 ι

1035 968 1109 1004 αὐτῷ
1124 971 1199 1004 μενεῖ
1216 969 1246 996 τὸ
1267 969 1408 1004 τεθνηκὸς,
1433 969 1583 1001 τουτέστιν,
1601 969 1684 996 αὑτοῦ
1714 969 1830 1004 γενήσε-

1035 1024 1079 1042 ται
1099 1015 1146 1042 τοῦ
1164 1014 1297 1047 παθόντος
1317 1016 1331 1042 ὁ
1346 1014 1470 1047 θάνατος.
1495 1014 1686 1050 ’Δσφαλίζεταί
1709 1023 1743 1049 γε
1762 1013 1830 1049 γοῦν

1035 1060 1084 1087 xui
1101 1060 1181 1092 αὐτὸς
1195 1060 1208 1086 ὁ
1221 1059 1316 1094 Σωτὴρ
1330 1060 1405 1094 ἡμᾶς
1421 1059 1524 1092 λέγων’
1543 1069 1552 1084 ι
1571 1060 1619 1090 Ὃς
1642 1059 1691 1086 ὲὰν
1712 1059 1831 1086 σκανδαο

1035 1105 1098 1140 λίσῃ
1113 1106 1162 1131 ἕνα
1178 1103 1233 1131 τῶν
1249 1103 1355 1140 μικρῶν
1378 1103 1481 1130 τούτων
1504 1103 1559 1130 τῶν
1573 1105 1769 1131 ,πιστευόντων
1788 1105 1828 1134 εἰς

185 1150 248 1186 uti.
272 1151 408 1186 συμφέρει
431 1151 516 1186 αὐτῷ.
538 1151 582 1178 ἵνα
608 1152 753 1187 κρεμασθῇ
780 1152 863 1188 μύλος
887 1152 977 1184 ὸνικδς
1014 1153 1079 1188 περὶ
1098 1152 1143 1178 τὸν
1163 1151 1299 1187 τράχηλον
1320 1150 1404 1178 αὐτοῦ
1437 1151 1485 1178 xui
1513 1152 1714 1188 καταποντισθῇ
1743 1153 1772 1180 ιν
1791 1153 1832 1188 τῷ

185 1198 298 1232 πελάγει
309 1199 359 1234 τῆς
372 1198 520 1233 θαλάσσης.
533 1207 544 1224 ι

218 1242 319 1271 PALL.
332 1243 415 1271 Recte
429 1243 510 1271 dicis.

219 1290 298 1318 ΟΥΕ.
312 1290 403 1317 Facile
413 1294 506 1317 autem
517 1289 633 1322 videbis,
648 1290 710 1318 aliis
727 1291 810 1318 etiam
826 1290 922 1326 ﬁguris
936 1290 980 1317 in-

184 1335 277 1364 dicare
290 1336 389 1371 legem,
403 1342 485 1370 quam
499 1335 685 1370 periculosum
698 1337 732 1364 sit
744 1344 870 1371 peccare,
885 1340 915 1363 et
927 1336 981 1363 hoc

186 1383 213 1410 in
225 1382 326 1410 fratres
337 1391 346 1409 :
356 1390 419 1410 nam
433 1383 461 1409 in
472 1389 516 1414 eo,
530 1382 603 1417 quod
614 1383 786 1418 percutimus
797 1390 894 1410 eorum
905 1382 982 1409 iuiir-

186 1435 258 1456 mam
270 1427 479 1460 conscientiam,
492 1432 588 1455 nostra
601 1428 705 1455 odensa
719 1428 754 1455 ad
767 1427 909 1456 Christum
919 1435 982 1462 per-

186 1475 256 1502 tinet
267 1473 310 1501 "‘.
323 1474 443 1509 Ideoque
454 1474 511 1501 ait:
528 1484 537 1500 ι
553 1474 631 1507 Quod
646 1475 669 1502 si
682 1482 810 1510 egressus
823 1474 894 1510 ignis
906 1474 983 1501 inve-

185 1521 259 1549 nerit
270 1520 374 1556 spinas,
392 1524 421 1548 et
435 1521 517 1548 simul
531 1521 706 1549 succenderit
719 1529 806 1553 areas,
820 1525 868 1548 aut
880 1521 980 1556 spicas,

1069 1243 1174 1271 HAAA.
1198 1242 1302 1278 Ὀρθῶς
1317 1242 1396 1278 ἔφης.

1067 1291 1150 1317 ΚΥΡ.
1173 1289 1252 1321 ’Ἱδοις
1265 1289 1287 1315 δ’
1299 1289 1332 1315 ἂν
1345 1288 1466 1319 εὐκόλως
1482 1288 1530 1315 xui
1545 1287 1579 1315 δι’
1590 1288 1691 1324 ἐτέρων
1707 1289 1772 1324 ἡμῖν
1787 1289 1830 1315 ui-

1032 1336 1173 1371 νιγμάτων
1186 1334 1395 1370 παραδηλοῦντα
1407 1334 1452 1360 τὸν
1473 1334 1556 1369 νόμον
1571 1334 1717 1369 σφαλερόν,
1733 1334 1776 1361 ὅτι
1798 1334 1830 1361 τὸ

1033 1382 1203 1418 πλημμελεῖν
1220 1382 1268 1409 καὶ
1281 1381 1360 1409 τοῦτο
1373 1382 1412 1413 είς
1424 1380 1567 1416 ἀδελφούς
1587 1381 1617 1407 τὸ
1635 1381 1689 1416 γὰρ
1715 1380 1830 1408 τύπτειν

1032 1428 1122 1456 αὐτῶν
1139 1427 1306 1454 ἀσθενοῦσαν
1320 1427 1370 1462 τὴν
1388 1426 1552 1462 συνείδησιν,
1564 1425 1603 1458 είς
1617 1426 1638 1452 Χ
1644 1426 1735 1462 ριστὸν
1748 1424 1830 1462 ἡμῶν

1033 1476 1165 1512 ἀναφέρει
1185 1476 1216 1503 τὸ
1242 1475 1416 1512 πλημμελές.
1447 1475 1521 1510 Ἔφη
1551 1473 1659 1500 τοίνυν
1687 1482 1697 1499 ‹
1715 1473 1779 1499 Ὲάν
1796 1474 1828 1502 δὲ

1033 1523 1140 1556 ἐξελθὸν
1153 1522 1209 1558 πῦρ
1228 1522 1297 1559 εὕρῃ
1325 1522 1447 1554 ἀκάνθας
1465 1521 1512 1548 καὶ
1531 1520 1736 1556 προσεμπρὴσῃ
1758 1519 1830 1546 6.1m—

185 1573 233 1596 aut
251 1575 389 1603 campum,
405 1568 540 1600 exsolvet,
555 1567 603 1603 qui
625 1567 716 1602 ignem
735 1567 893 1595 accenderit
905 1566 949 1592 μ’.
967 1576 976 1592 ι

1033 1555 1081 1601 νας
1097 1569 1112 1605 ἢ
1131 1555 1297 1604 στάῇιαςξή-
1316 1568 1416 1599 πεδίον.
1434 1555 1558 1595 ἀποτίσει
1572 1567 1602 1593 τὸ
1619 1555 1674 1602 πῦρ
1694 1566 1708 1592 ὁ
1723 1566 1828 1600 ἐγκαύ-

184 1615 246 1642 Non
266 1614 341 1642 enim
363 1614 501 1647 convenit,
524 1617 554 1640 ut
569 1613 650 1640 simul
666 1620 729 1640 cum
746 1613 791 1645 iis,
813 1621 873 1647 quae
885 1616 981 1647 suapte

184 1663 284 1688 natura
299 1658 412 1691 laedunt,
426 1659 509 1686 etiam
524 1659 598 1693 quod
612 1658 672 1685 usui
693 1662 745 1691 est,
764 1661 872 1692 pereat;
891 1665 981 1692 neque

185 1713 248 1734 eum
259 1706 434 1734 silvestribus
446 1705 528 1733 simul
551 1708 739 1736 consumatur,
754 1703 828 1738 quod
840 1703 981 1730 excultum

220 1799 320 1827 PALL.
336 1798 397 1832 Quo
409 1799 520 1826 tandem
534 1798 608 1826 istud
625 1797 731 1826 modo?

219 1845 298 1873 ΟΥΕ.
322 1845 422 1872 Annon
440 1845 527 1880 spinis
549 1844 688 1872 montanis
711 1848 793 1879 atque
807 1843 982 1872 silvestribus

185 1891 444 1919 convenientissime
453 1891 606 1926 comparari
615 1894 730 1926 possunt
740 1890 887 1925 impiorum
895 1891 982 1919 haere—

186 1938 303 1965 deorum
315 1938 428 1972 scripta,
441 1942 468 1966 et
481 1937 625 1973 gentilium
644 1937 803 1972 dogmatum
817 1937 982 1972 praestigiae?

185 1991 248 2011 nam
271 1992 332 2019 quae
353 1984 417 2011 inde
431 1985 535 2011 utilitas
551 1984 578 2011 in
596 1984 703 2011 animos
715 1984 857 2010 hominum
871 1992 980 2019 perma—

184 2037 252 2057 nare
264 2030 370 2065 possit'l
384 2030 439 2057 imo
451 2037 528 2061 vero,
541 2036 602 2063 quae
616 2036 671 2055 non
684 2028 821 2063 pernicies
835 2028 868 2056 iis
880 2028 980 2056 aliera-

185 2080 241 2108 tur,
264 2077 310 2111 qui
330 2076 375 2104 illa
398 2077 425 2103 in
445 2076 567 2103 animum
581 2075 728 2103 admittere
740 2075 982 2110 voluerint?lgnis

184 2123 258 2150 enim
280 2122 413 2150 duntaxat
432 2122 542 2149 altrices
555 2125 618 2149 sunt
632 2121 717 2156 spinae
730 2125 758 2148 et
768 2121 883 2149 flamma:
895 2122 981 2156 pabu-

184 2169 260 2201 lum;
274 2167 397 2196 ﬂammas
412 2168 507 2195 itidem
524 2168 604 2194 nobis
616 2167 771 2195 accendunt
785 2168 980 2202 sempiternas,

184 2216 264 2251 251
277 2223 340 2243 cum
353 2224 422 2242 vana
434 2215 586 2243 errantium
597 2215 733 2250 dogmata,
743 2219 801 2242 tum
814 2223 879 2242 vero
895 2215 980 2242 idolo-

184 2263 319 2290 latrarum
330 2263 418 2290 aniles
430 2262 546 2290 fabulazz
562 2262 637 2297 spica
649 2269 733 2296 porro
744 2265 772 2289 et
782 2261 904 2289 triticum
916 2270 980 2290 sua-

184 2309 314 2336 vissimus
321 2314 363 2336 est
376 2309 464 2341 cibus,
473 2313 501 2336 et
509 2308 667 2336 hominibus
675 2309 708 2336 ad
716 2309 881 2336 vescendum
891 2309 978 2344 aptis-

184 2356 280 2388 simus,
293 2361 322 2384 et
340 2356 374 2383 ad
395 2363 474 2383 usum
494 2355 680 2388 necessarius;
695 2356 819 2382 continet
832 2355 908 2382 enim
928 2362 980 2382 nos

184 2404 213 2430 in
227 2403 301 2435 vita;
319 2406 346 2430 et
368 2402 454 2438 ﬁgura
473 2410 534 2429 esse
554 2402 656 2436 poterit
673 2402 830 2438 dogmatum
842 2402 977 2434 veritatis,

184 2456 234 2483 per
249 2456 310 2483 quae
324 2456 384 2479 nos,
397 2447 443 2482 qui
459 2446 606 2479 credimus,
623 2447 743 2480 Christo,
758 2451 888 2482 tauquam
907 2454 979 2482 pane

185 2494 289 2521 viventi
303 2501 335 2521 ac
351 2500 428 2525 vero,
447 2492 596 2528 poscimur.
619 2493 725 2521 Rursus
741 2501 854 2528 campus
864 2497 906 2520 cst
919 2493 979 2528 pls-

184 2547 247 2571 nus,
261 2543 288 2567 et
300 2538 413 2566 minime
425 2546 505 2573 asper
517 2538 560 2570 iis,
574 2539 620 2574 qui
635 2544 710 2567 recte
727 2547 776 2574 per
789 2539 867 2566 illum
883 2538 980 2566 ambu-

184 2585 242 2612 lare
259 2588 372 2616 norunt,
385 2584 529 2620 Scriptura
542 2585 674 2612 divinitus
688 2584 820 2620 inspirata
833 2594 839 2611 :
856 2594 865 2610 ι
880 2584 978 2612 Omnia

183 2631 257 2658 enim
277 2629 304 2657 in
322 2635 468 2666 prOSpectu
488 2635 552 2658 sunt
567 2631 610 2663 iis,
629 2631 677 2666 qui
694 2630 905 2666 intelligunt"',
922 2640 930 2657 ι
949 2634 980 2658 ut

184 2677 318 2711 scriptum
328 2681 384 2708 est,
399 2686 409 2703 ‹
423 2681 450 2704 et
462 2681 536 2704 recta
549 2676 753 2704 invenientibus
763 2677 906 2704 scientiam
919 2677 950 2704 “.
964 2688 973 2703 ι

183 2723 269 2758 Igitur
285 2724 363 2758 spina
375 2724 487 2758 quidem
501 2727 542 2750 est
562 2723 607 2750 illa
624 2731 816 2758 perversurum
833 2724 977 2751 hominum

1032 1624 1091 1647 σας.
1110 1625 1118 1640 ι
1138 1615 1175 1642 Οὐ
1191 1615 1246 1650 γάρ
1266 1624 1307 1642 τοι
1333 1615 1467 1650 προσήκει
1487 1615 1544 1645 τοῖς
1561 1613 1665 1640 ἀδικεῖν
1690 1611 1830 1646 πεφυκόσι

1033 1661 1234 1689 συνδιόλλυσθαι
1255 1660 1287 1688 τὸ
1299 1660 1428 1696 χρηστὸν,
1441 1660 1502 1687 οὐδὲ
1523 1661 1579 1692 τοῖς
1599 1659 1706 1694 ἀγρίοις
1731 1657 1814 1685 συνδα

1031 1707 1170 1735 πανᾶσθαι
1183 1707 1213 1735 τὸ
1223 1708 1339 1744 ἥμερον.

1067 1796 1172 1823 ΠΑΛΛ.
1186 1795 1248 1828 Πῶς
1261 1795 1328 1830 ἔφης
1340 1803 1347 1827 ;
1717 1828 1723 1831 _

1067 1843 1149 1870 ΚΥΡ.
1174 1843 1209 1868 ’Ἡ
1225 1842 1280 1877 γὰρ
1296 1841 1356 1876 οὐχὶ
1367 1841 1427 1872 ταῖς
1437 1841 1466 1868 ὲν
1479 1840 1554 1877 δρεσί
1569 1849 1599 1867 τε
1614 1840 1662 1867 καὶ
1687 1840 1717 1868 ὲν
1729 1840 1827 1876 ἀγροῖς

1031 1879 1165 1921 ἀκάνθαις
1189 1888 1386 1924 παρεικάζοιτο
1415 1887 1448 1914 ἃν
1462 1888 1574 1920 εἰκότως
1587 1888 1620 1915 τὰ
1634 1887 1688 1914 τῶν
1710 1887 1827 1914 ἀνοσίων

1033 1935 1179 1972 αίρετικῶν
1197 1935 1414 1972 συγγράμματα,
1438 1935 1486 1961 xui
1510 1935 1526 1970 ὴ
1555 1935 1610 1961 τῶν
1624 1934 1689 1970 παρ’
1711 1933 1828 1969 Ἕλλησι

1032 1982 1176 2018 δογμάτων
1187 1982 1314 2018 τερθρεία
1326 1991 1332 2013 ;
1349 1981 1392 2013 τίς
1404 1981 1459 2017 γὰρ
1473 1981 1505 2008 ἂν
1520 1981 1626 2015 γένοιτο
1637 1982 1697 2012 ταῖς
1713 1980 1769 2007 τῶν
1782 1980 1827 2007 ἀν-

1033 2028 1149 2064 θρώπων
1166 2029 1265 2063 ψυχαῖς
1287 2028 1391 2055 ἐκεῖθεν
1407 2029 1422 2063 ἡ
1449 2027 1554 2063 ὄνησις,
1573 2027 1671 2063 μᾶλλον
1686 2027 1715 2054 δὲ
1749 2028 1826 2054 ποῖον

1031 2075 1081 2101 οὑκ
1096 2074 1172 2101 ἔσται
1188 2074 1287 2109 βλάϐος
1299 2075 1355 2106 τοῖς
1370 2074 1411 2105 είς
1422 2074 1485 2100 νοῦν
1506 2073 1644 2100 ἐθέλουσιν
1661 2074 1754 2100 ἐκεῖνα
1774 2073 1824 2099 λα-

1032 2121 1106 2155 ϐεῖν;
1119 2121 1210 2156 ῐῐυρὺς
1221 2121 1313 2148 τοίνυν
1324 2120 1405 2156 μόνου
1419 2120 1529 2156 τροφὸς,
1541 2121 1558 2155 ἡ
1571 2119 1687 2153 ἄκανθα,
1698 2119 1746 2146 καὶ
1759 2119 1824 2153 φλο-

1031 2167 1079 2202 γὸς
1093 2167 1237 2203 διατροφή.
1259 2167 1474 2194 Ἀνακαίουσιδὲ
1495 2166 1542 2194 xui
1563 2167 1666 2200 φλόγας
1687 2167 1754 2201 ἡμῖν
1775 2166 1824 2197 τὰς

1033 2215 1071 2245 είς
1097 2212 1183 2240 αἰῶνα
1204 2213 1251 2240 xui
1271 2213 1327 2241 τῶν
1345 2213 1562 2248 πεπλανημένων
1577 2212 1611 2240 τά
1633 2212 1742 2248 ἐξίτηλα
1763 2213 1826 2246 δόγο

1033 2268 1116 2296 ματα,
1137 2260 1184 2286 xui
1203 2259 1238 2286 τὰ
1252 2259 1306 2287 τῶν
1321 2258 1524 2295 είδωλολατρῶν
1543 2259 1708 2294 γραοπρεπῆ
1737 2258 1824 2293 μυθά-

1032 2314 1087 2342 ρια·
1109 2306 1229 2341 ἄσταχυς
1244 2306 1272 2333 δὲ
1288 2307 1335 2333 xui
1354 2307 1437 2340 σῖτος,
1455 2305 1622 2342 ἡμερωτάτη
1646 2305 1745 2341 τροφὴ,
1776 2305 1824 2332 xui

1030 2352 1184 2388 ἀνθρώποις
1212 2353 1341 2388 ἐδώδιμα,
1370 2353 1418 2379 καὶ
1446 2353 1582 2387 ἀναγκαῖα
1608 2351 1676 2387 πρὸς
1708 2352 1822 2388 ὄνησιν·

1031 2399 1140 2434 συνέχει
1157 2399 1211 2434 γὰρ
1229 2400 1303 2434 ἡμᾶς
1316 2400 1355 2431 είς
1380 2399 1463 2434 ζωὴν,
1477 2399 1524 2425 καὶ
1542 2399 1627 2430 τύπος
1647 2398 1681 2425 ἆν
1704 2399 1748 2434 είη
1767 2397 1823 2424 τῶν

1031 2446 1080 2481 τῆς
1095 2446 1224 2481 ἀληθείας
1239 2446 1393 2481 δογμάτων,
1409 2446 1442 2473 δι’
1458 2443 1496 2473 ὧν
1511 2447 1536 2473 oi
1548 2445 1765 2476 πεπιστευκότες
1785 2445 1823 2477 ὡς

1029 2492 1104 2528 ἄρτῳ
1128 2492 1210 2525 ζῶντι
1231 2492 1392 2528 τρεφόμεθα
1417 2493 1466 2520 xui
1486 2492 1617 2528 ἀληθινῷ,
1640 2492 1678 2528 τῷ
1698 2491 1821 2528 Χριστῷ.

1030 2539 1109 2566 Ἔστι
1122 2539 1150 2566 δὲ
1168 2537 1200 2566 αὖ
1219 2539 1310 2566 πεδίον
1321 2539 1393 2566 λεῖον
1408 2539 1503 2574 ὥσπερ
1518 2548 1544 2565 τι
1563 2539 1609 2566 xui
1632 2538 1750 2574 ἄτραχυ,
1766 2539 1822 2570 τοῖς

1027 2585 1191 2621 διαστείχειν
1199 2585 1296 2612 εἰδόσιν
1305 2585 1394 2620 ὀρθῶς
1402 2587 1418 2620 ἡ
1428 2585 1605 2616 θεότΝευστ-ος
1613 2585 1721 2620 Γραφή·
1731 2595 1740 2609 ί
1751 2584 1822 2611 Πάν-

1027 2641 1062 2659 τα
1083 2631 1137 2668 γὰρ
1157 2632 1274 2659 ἐνώπιον
1296 2633 1353 2663 τοῖς
1378 2631 1524 2664 συνιοῦσι,ι
1552 2630 1624 2658 κατά
1652 2631 1680 2657 τὸ
1697 2639 1821 2666 γεγραμ-

1031 2679 1111 2714 μένον
1123 2688 1130 2695 ·
1153 2689 1162 2704 ι
1175 2680 1223 2707 καὶ
1236 2678 1370 2715 όρθάτοῖς
1386 2679 1544 2714 εὑρίσκουσι
1557 2677 1669 2713 γνῶσιν.
1688 2687 1697 2704 ι
1716 2677 1820 2704 Οὐκοῦν

1029 2725 1135 2753 ἄκανθα
1150 2725 1200 2761 μὲν
1228 2727 1244 2761 ἡ
1269 2725 1453 2761 μυσαρωτάτη
1467 2725 1514 2751 καὶ
1535 2723 1648 2760 βέϐηλος
1672 2724 1820 2759 ἀθυροστο-

183 2769 357 2798 exsecrabilis
368 2771 486 2798 maxime
499 2775 526 2798 et
541 2770 655 2805 profana
667 2771 819 2806 loquacitas
832 2781 838 2798 ς
853 2771 976 2799 triticum

1033 2771 1080 2806 μία
1100 2771 1154 2798 τῶν
1174 2771 1399 2807 διεστραμμένων
1412 2780 1419 2787 ·
1450 2772 1522 2802 σῖτος
1545 2770 1574 2796 δὲ
1602 2770 1650 2796 xui
1667 2770 1786 2805 ἄσταχυς
1805 2769 1822 2796 ὸ

183 2823 249 2844 vero
261 2819 289 2844 ct
306 2816 380 2852 spica
398 2823 490 2844 sermo
502 2815 639 2848 veritatis,
656 2816 703 2852 qui
717 2817 815 2845 animis
828 2817 977 2846 utilitatem

1033 2817 1192 2852 ζκυχωφελής
1213 2825 1243 2843 τε
1269 2817 1317 2844 xui
1336 2816 1543 2852 τροφιμώτατος
1560 2817 1609 2852 τῆς
1624 2815 1755 2852 ἀληθείας
1774 2815 1818 2842 λό-

234 2906 268 2922 ”⁶“
283 2907 379 2935 Matth.
395 2915 468 2940 mu,
484 2907 509 2935 ϐ.
542 2908 574 2925 ⁵⁷·
593 2907 674 2936 lCor.
691 2916 747 2942 \‘lll,
769 2908 809 2936 l2.
839 2910 871 2925 "‘
882 2908 968 2938 Exod.

1040 2928 1045 2941 ,
1067 2908 1092 2934 6.
1131 2909 1160 2922 η’
1175 2907 1240 2942 Sap.
1260 2916 1296 2939 ιχ,
1317 2908 1356 2934 l6.
1384 2908 1498 2935 "‘l‘rov.
1516 2915 1573 2940 nu,
1583 2907 1611 2935 9.
