1939 3041
108 148 167 177 535

458 151 502 178 DE
522 149 744 179 ADORATIONE
763 150 798 179 IN
819 149 955 179 SPIRITU
975 147 1020 176 ET
1036 148 1221 176 VERITATE.
1242 149 1306 176 LlB.
1328 143 1395 177 VIII.

1698 151 1755 180 535.

109 214 163 240 γος
176 215 185 222 ι
199 205 278 240 ψιλὸν
292 207 320 234 δὲ
344 207 443 242 πεδίον,
463 209 479 244 ἡ
499 208 677 242 θεόπνευστος
690 210 796 246 Γραφῇ.
822 209 904 237 Ὅταν

957 207 1048 240 ail‘ert,
1059 211 1087 234 et
1096 206 1131 234 ad
1141 207 1320 235 nutriendum
1330 211 1372 235 est
1384 208 1542 243 aptissimus
1552 208 1561 241 ζ
1575 207 1672 243 planus
1683 216 1749 236 vero

110 251 207 279 τοίνυν
221 251 267 280 οἷά
281 261 334 289 περ
344 253 480 290 φλόγες,ἢ
497 255 552 291 πῦρ
563 257 619 287 τοῖς
634 255 688 283 τῶν
701 255 863 292 ἑτεροδόξων
876 265 906 283 τε

112 299 163 325 καὶ
179 299 312 335 Ἑλλήνων
322 301 498 336 φενακισμοῖς
512 302 537 328 οἱ
551 301 605 329 τῶν
621 302 706 336 ἁγίων
719 303 908 337 μυσταγωγῶν

112 345 276 379 ὲπιφύθιντο
300 345 384 380 λόγοι,
403 347 460 379 τοῖς
476 347 525 382 τῆς
547 347 676 382 ἀληθείας
695 348 908 384 συνηγοροῦντες

111 391 246 426 δόγμασι,
262 393 309 419 καὶ
323 392 357 419 τὰ
371 393 441 420 κατὰ
466 393 549 428 μόνης
567 393 660 420 ἰόντων
681 393 803 430 ἀκάνθης
824 395 902 430 φησὶ,

113 437 165 464 καὶ
184 438 410 474 καταφλεγόντων
440 439 490 475 μὲν
510 439 547 472 ὡς
566 439 704 476 ἄχρηστον
729 440 776 467 καὶ
807 440 907 476 ἀγρίαν

112 483 194 519 ὕλην,
213 484 248 511 τὰ
280 485 344 521 παρ’
366 485 480 518 ἐκείνοις
508 487 722 522 συγγράμματα,
742 486 779 522 μὴ
805 486 907 514 συναδι-

113 530 240 557 κούντων
261 530 290 558 δὲ
304 532 378 558 σῖτον
402 532 419 568 ἢ
436 533 567 568 ἇσταχυν,
585 532 733 566 τουτέστιν,
748 533 906 569 νηφέτωσαν

111 577 138 602 οἱ
154 578 340 612 μυσταγωγοὶ,
355 578 393 613 μὴ
414 578 468 614 ἄρα
482 587 509 606 τι
535 580 766 615 καταπημήνειαν
786 579 842 607 τῶν
858 580 907 615 τῆς

111 621 246 657 ἀληθείας
261 623 413 658 δογμάτων·
429 624 445 659 ἢ
463 624 539 656 ἵστω,
559 625 651 660 φησὶν,
667 626 681 652 ό
698 626 746 652 σὺν
771 625 905 662 ἀσφαλείᾳ

112 668 195 694 τοῦτο
216 669 283 704 δρᾷν
302 669 352 696 οὐκ
381 670 555 706 ἀνεχόμενος,
569 671 607 703 ὼς
639 670 720 708 εἴπερ
745 680 771 698 τι
801 672 906 706 γένοιτο

114 714 388 751 συγκαταφλεχθῆναι
407 718 462 748 τοῖς
475 717 587 752 φαύλοις
610 717 665 744 τῶν
684 718 841 753 ἀναγκαίων
865 719 906 750 είς

112 760 219 796 όνησιν,
233 761 356 789 ἀποτίσει
370 762 421 798 τῆς
430 762 596 799 ἀπροσεξίας
608 764 671 795 τοὺς
687 763 791 798 λόγους.
806 764 906 791 Δίσθά-

112 814 148 842 νῃ
165 806 198 842 δὴ
208 804 255 834 οὗν
266 807 416 844 ὃσηνήμᾶς
427 809 563 836 ποιεῖσθαι
578 809 627 845 τὴν
640 809 804 845 ὲπιτήρησιν
817 818 904 846 προσ-

113 853 228 889 τέταχεν
249 854 264 880 ὸ
283 854 446 890 νομοθετῶν,
461 855 511 890 τῆς
530 856 571 886 εις
595 855 727 890 ἀδελφοὺς
744 855 853 891 ἀγάπης
873 856 904 883 τὸ

113 898 260 934 εἱλικρινὲς
274 899 407 928 ἀθόλωτον
424 900 573 934 ἀποσώζων
589 901 732 937 πανταχῆ;

148 944 254 972 ΠΔΔΛ.
270 945 351 982 Συνίη
356 954 397 981 μι.

959 260 1072 288 campus
1082 253 1176 280 divina
1185 252 1337 288 Scriptura.
1346 253 1416 282 Cum
1426 254 1508 290 igitur
1518 254 1546 281 in
1556 253 1748 283 haereticorum

958 300 1157 335 gentiliumque
1175 299 1304 334 ﬁgmenta
1321 304 1479 328 sanctorum
1493 300 1636 328 doctorum
1652 301 1747 334 verba.

958 345 1093 381 dogmatis
1103 345 1229 372 veritatis
1240 346 1423 380 patrocinium
1433 346 1560 380 ferentia,
1575 347 1749 375 ﬂammarum

958 396 1005 419 aut
1016 391 1086 427 ignis
1099 391 1196 424 instar,
1210 391 1343 426 impetum
1356 391 1483 424 fecerint,
1500 400 1549 428 per
1567 393 1660 428 spinas
1675 393 1748 421 dun-

959 441 1033 465 taxat
1046 437 1207 470 decurrant,
1220 437 1321 472 inquit,
1333 441 1362 464 et
1376 437 1485 465 illorum
1499 438 1602 473 scripta
1618 442 1746 474 tanquam

957 482 1082 510 inutilem
1102 483 1311 518 silvestremque
1331 483 1474 511 materiam
1493 484 1672 518 comburam;
1691 491 1748 512 non

956 533 1049 557 autem
1065 529 1148 557 simul
1161 529 1282 557 triticum
1296 533 1345 557 aut
1359 529 1448 564 spicas
1465 530 1575 563 laedant,
1596 530 1624 558 id
1638 535 1690 563 est,
1704 528 1754 563 ξεν-κ

957 574 1072 602 tendant
1083 575 1220 608 doctores,
1234 583 1269 602 ne
1283 575 1348 610 quid
1361 576 1492 604 violente
1502 575 1636 612 dogmatis
1647 564 1754 604 verita-I

956 622 991 649 tis
1007 629 1015 648 :
1032 625 1080 649 aut
1091 621 1169 654 sciat,
1185 622 1286 657 inquit,
1298 622 1357 657 qui,
1371 623 1398 650 id
1415 626 1445 650 ut
1462 627 1542 650 caute
1560 623 1674 656 faceret,
1691 630 1748 650 non

955 668 1100 701 laboravit,
1124 669 1147 696 si
1165 668 1231 704 quid
1247 676 1354 702 eorum,
1372 677 1433 704 quae
1450 669 1483 696 ad
1497 677 1578 696 usum
1591 669 1748 696 necessaria

955 719 1030 748 sunt,
1050 716 1132 743 simul
1152 722 1216 743 cum
1235 716 1341 744 vitiosis
1358 715 1526 751 conﬂagrare
1543 715 1699 750 contigerit,
1718 723 1756 756 seq

954 769 1051 798 poenas
1062 763 1253 797 imprudentiae
1264 763 1403 790 daturum.
1415 762 1546 798 Advenis
1555 762 1649 798 igitur,
1661 769 1748 797 quan-

955 813 1010 836 tam
1023 816 1074 837 nos
1084 808 1217 837 adhibere
1227 810 1382 837 cautionem
1395 809 1507 845 jusserit
1523 809 1673 844 legislator,
1686 808 1748 836 ubi-

954 863 1008 890 que
1020 855 1164 882 charitatis
1174 855 1203 882 in
1214 855 1315 883 fratres
1328 855 1514 883 sinceritatem
1533 863 1630 890 puram
1649 858 1679 883 et
1693 854 1746 882 im-

954 901 1144 936 perturbatam
1164 901 1297 929 servans?

990 946 1090 974 PALL.
1108 946 1244 982 Intelligo.
1295 963 1304 980 ,

112 1052 1738 1069 Μ

396 1146 593 1210 ΠΕΡΙ
642 1146 812 1211 ΤΗΣ
865 1147 904 1209 Ε

957 1147 968 1209 l
1026 1143 1468 1213 ΠΝΕΥΜΑΤΙ

738 1275 836 1321 ΚΑΙ
873 1275 1118 1339 ΑΑΗΘΕΙΑ

326 1386 937 1445 ΠΡΟΣΚΥΝΗΣΕΩΣ
975 1386 1113 1443 ΚΑΙ
1160 1383 1532 1444 ΔΑΤΡΕΙΑΣ

701 1506 885 1551 ΛΟΓΟΣ
924 1506 1159 1551 ΟΓΔΟΟΣ.

178 1671 269 1729 DE
324 1669 786 1729 ADORATIONE
833 1672 925 1729 ET
974 1672 1215 1731 GULTU
1271 1672 1344 1732 IN
1403 1673 1694 1735 SPIRITU

692 1805 775 1856 ET
823 1802 1154 1858 VEBITATE

663 1925 843 1967 LIBER
893 1927 1194 1969 OCTAVUS.

904 2019 942 2027 .—

116 2081 179 2108 Ἔτι
196 2081 263 2120 περὶ
287 2080 408 2120 ἀγάπης
434 2081 489 2115 τῆς
511 2082 554 2120 αις
581 2081 742 2120 ἀδξλφοὺς,
758 2082 808 2109 καὶ
827 2082 902 2110 κατὰ

957 2083 1021 2111 Item
1038 2084 1070 2110 de
1089 2083 1219 2110 charitale
1234 2084 1263 2120 ἱιι
1274 2083 1380 2118 fratrer,
1400 2087 1426 2110 et
1439 2083 1470 2111 de
1482 2091 1512 2111 eo
1523 2084 1569 2120 qui
1582 2084 1688 2119 {uratur
1705 2084 1753 2114 υἰέ

202 2116 255 2159 τοῦ
276 2115 460 2150 κλέπτοντας
484 2118 605 2152 μόσχον
619 2117 638 2152 ἢ
655 2115 813 2157 πρόϐατον.

150 2172 322 2208 Πανταχόθεν
347 2173 379 2209 δὴ
407 2171 464 2206 οὖν,
479 2169 502 2200 ὧ
515 2173 658 2208 Παλλάδιε,
675 2175 750 2210 πάρα
765 2184 806 2202 σοι
820 2176 902 2208 νοεῖν,

113 2219 153 2252 ὡς
168 2219 265 2256 ὀρθούς
287 2228 318 2246 τε
342 2219 390 2246 καὶ
411 2220 536 2255 ἀκριῦεῖς
550 2220 619 2254 ἄγαν
638 2221 774 2248 ποιεῖσθαι
796 2220 904 2248 κελεύει

114 2266 164 2301 τῆς
182 2265 376 2302 μυσταγωγίας
396 2267 459 2298 τοὺς
483 2266 581 2301 λόγους
597 2267 645 2294 καὶ
669 2267 683 2293 ὁ
708 2267 795 2295 πάλαι
809 2268 902 2303 νόμος.

116 2313 174 2340 Οὐκ
187 2312 304 2348 ἀζήμιον
318 2312 347 2339 δὲ
363 2313 422 2344 τοῖς
445 2312 583 2348 ὲξαπατᾷν
604 2312 711 2340 είωθόσι
731 2313 785 2341 τῶν
809 2313 903 2341 ἁπλου-

117 2359 220 2395 στέρων
234 2359 309 2391 τινὰς
325 2359 356 2385 τὺ
372 2361 466 2395 χρῆμα
483 2359 580 2392 τιθεὶς,
599 2359 650 2396 ἔφη
663 2360 743 2386 πάλιν
753 2369 759 2376 ·
778 2370 787 2386 ι
800 2360 861 2387 Ἐὰν
875 2360 904 2387 δέ

116 2413 159 2436 τις
171 2404 257 2440 κλέψῃ
281 2405 380 2440 μόσχον
397 2405 414 2441 ἢ
428 2406 574 2441 πρόϐατον,
590 2406 638 2433 καὶ
655 2406 743 2442 σφάξῃ
758 2406 774 2442 ἢ
790 2406 901 2433 ἀποδῶ-

116 2460 172 2484 ται,
190 2451 271 2478 πέντε
299 2452 415 2487 μόσχους
434 2452 560 2479 ἀποτίσει
586 2452 646 2479 ἀντὶ
667 2452 713 2480 τοῦ
730 2453 841 2488 μόσχου,
857 2453 905 2480 καὶ

117 2497 237 2533 τέσσαρα
252 2497 377 2533 πρόϐατα
392 2498 453 2525 ἀντὶ
471 2498 519 2525 τοῦ
533 2498 682 2533 προϐάτου.
703 2497 767 2525 Ἐὰν
783 2498 812 2525 δὲ
826 2499 855 2525 ὲν
866 2498 905 2534 τῷ

117 2543 279 2579 διορύγματι
290 2543 389 2579 εὑρεθῇ
408 2545 422 2570 ό
440 2544 568 2579 κλέπτης,
583 2544 630 2572 καὶ
642 2544 756 2579 πληγεὶς
770 2544 904 2581 ἀποθάνῃ,

118 2589 168 2615 οὐκ
181 2588 254 2616 ἔστιν
268 2589 343 2625 αὑτῷ
362 2589 441 2624 φόνος
454 2598 460 2604 ·
480 2590 526 2617 ἐὰν
541 2590 568 2617 δὲ
588 2590 716 2626 ἀνατείλῃ
738 2591 752 2616 ό
773 2590 848 2626 ἥλιος
863 2589 906 2617 ἐπ’

119 2634 202 2670 αὐτῷ,
228 2635 319 2671 ἔνοχος
341 2635 429 2668 ἔσται,
447 2636 685 2663 ἀνταποθανεῖται.
719 2635 784 2664 Ἐὰν
812 2636 840 2662 δὲ
869 2635 906 2672 μὴ

121 2681 229 2718 ὑπάρχῃ
251 2681 338 2716 αὐτῷ,
361 2682 495 2718 πραθήτω
516 2683 576 2709 ἀντὶ
596 2682 642 2709 τοῦ
665 2682 821 2718 κλέμματος
834 2690 841 2698 ·
858 2682 906 2709 ἐὰν

119 2727 148 2755 δὲ
161 2727 321 2764 καταληφθῇ
338 2729 385 2755 καὶ
396 2728 496 2764 εὑρεθῇ
508 2728 536 2755 ὲν
551 2730 584 2764 τῇ
601 2729 671 2765 χειρὶ
687 2728 770 2755 αὑτοῦ
783 2727 905 2764 κλέμμα,

121 2775 175 2803 ἀπό
190 2783 220 2801 τε
238 2774 299 2802 όνου
314 2775 360 2802 καὶ
383 2775 436 2807 ἕως
456 2775 592 2810 προϐάτου
618 2776 718 2810 ζῶντα,
735 2775 818 2802 διπλᾶ
838 2775 904 2802 ἀπο-

123 2820 191 2848 τίσει
205 2821 283 2849 αὐτά.
299 2831 308 2846 ι

156 2877 177 2894 ⁴¹
187 2879 272 2907 Exod.
287 2887 352 2912 xxu,
367 2880 464 2915 lseqq.

1223 2118 1318 2152 tutum,
1332 2122 1380 2146 aut
1391 2127 1473 2146 ovem.

988 2175 1068 2213 252
1082 2176 1208 2212 Undique
1221 2175 1315 2212 igitur,
1338 2176 1452 2211 Palladi,
1473 2177 1630 2213 perspicere
1647 2182 1737 2213 potes,

953 2230 1036 2258 quam
1046 2226 1120 2250 recte
1130 2217 1163 2250 ac
1175 2222 1321 2258 diligenter
1332 2222 1366 2250 de
1376 2227 1535 2251 nostrorum
1549 2223 1743 2259 mysteriorum

953 2268 1059 2296 ratione
1067 2268 1203 2296 disserere
1214 2268 1304 2304 prisca
1315 2276 1424 2304 quoque
1437 2269 1481 2296 lex
1491 2269 1596 2304 jubeat.
1604 2269 1662 2297 1am
1675 2276 1743 2296 vero

954 2315 988 2343 iis
994 2315 1041 2350 qui
1049 2314 1231 2350 simpliciores
1245 2314 1378 2350 quosdam
1392 2314 1519 2349 decipere
1529 2319 1742 2347 consueverunt,

954 2370 1015 2389 eam
1028 2369 1087 2390 rem
1100 2369 1156 2389 non
1171 2360 1288 2388 inultam
1299 2367 1361 2388 esse
1379 2360 1482 2393 sinens,
1496 2368 1594 2388 rursus
1611 2361 1650 2388 ait
1664 2369 1670 2388 :
1686 2370 1695 2386 ‹
1715 2360 1744 2388 Si

954 2407 1017 2442 quis
1027 2406 1134 2434 furatus
1147 2405 1232 2433 fuerit
1244 2405 1341 2433 bovem
1353 2409 1402 2432 aut
1411 2412 1500 2437 ovem,
1514 2409 1543 2432 et
1553 2406 1684 2433 occiderit
1696 2412 1745 2434 aut

954 2452 1120 2485 vendiderit,
1138 2451 1259 2486 quinque
1273 2451 1374 2479 vitulos
1387 2451 1524 2486 persolvet
1537 2459 1587 2486 pro
1605 2451 1702 2484 vitulo,
1716 2456 1745 2480 et

955 2503 1073 2534 quatuor
1085 2506 1151 2526 oves
1161 2505 1212 2532 pro
1227 2505 1296 2524 ove:
1309 2497 1381 2532 quod
1401 2496 1423 2524 si
1443 2496 1600 2531 perlodiens
1617 2496 1746 2525 inventus

955 2544 1039 2572 fuerit
1048 2544 1103 2576 fur,
1117 2547 1144 2571 et
1155 2549 1304 2578 percussus
1320 2545 1447 2570 mortuus
1458 2541 1553 2574 fuerit,
1572 2549 1628 2569 non
1645 2546 1687 2569 est
1700 2543 1745 2570 ille

957 2598 1021 2618 rcus
1032 2589 1114 2618 caedis
1129 2598 1136 2616 ε
1148 2589 1191 2616 sin
1204 2591 1281 2615 ortus
1290 2587 1375 2615 fuerit
1386 2587 1426 2615 sol
1438 2595 1520 2622 super
1531 2595 1605 2620 eum,
1618 2595 1682 2616 reus
1692 2588 1746 2615 erit

956 2644 1007 2672 pro
1018 2636 1102 2669 caede,
1114 2635 1246 2662 morietur
1264 2632 1359 2669 :'quod
1376 2633 1399 2661 si
1419 2641 1476 2660 non
1496 2633 1568 2661 adsit
1579 2633 1604 2661 ei
1616 2633 1745 2661 substan-

958 2684 1006 2717 tia,
1025 2682 1104 2718 253
1118 2681 1253 2710 vendatur
1270 2688 1321 2716 pro
1336 2679 1410 2707 furto
1423 2688 1429 2706 ε
1442 2679 1490 2706 sed
1512 2679 1535 2707 si
1553 2680 1694 2707 inventum
1713 2687 1747 2707 ac

960 2729 1162 2766 deprehensum
1177 2728 1260 2756 fuerit
1273 2727 1379 2756 furtum
1391 2726 1418 2753 in
1432 2733 1515 2753 manu
1530 2726 1600 2761 ejus,
1617 2725 1651 2752 ab
1667 2723 1747 2753 asino

960 2780 988 2804 et
999 2783 1085 2810 usque
1099 2774 1132 2802 ad
1144 2781 1233 2807 ovem,
1247 2772 1377 2805 viventia,
1390 2770 1472 2806 dupla
1484 2778 1515 2798 ea
1530 2770 1650 2799 exsolvet
1661 2768 1692 2796 “.
1710 2778 1719 2795 ι
