1939 3041
178 136 232 165 835

693 136 722 164 S.
740 136 877 164 CYﬂlLLl
898 136 1133 164 ALEXANDRIM
1153 137 1312 167 ARCUIEI’.
1332 145 1336 149 ’

1757 135 1816 165 536

212 195 309 223 PALL.
329 193 406 222 Haud
419 201 484 221 sane
501 193 662 227 perspicuus
676 198 718 220 est
736 193 782 220 hic
798 193 894 221 locus:
915 194 967 221 ita-

1055 194 1160 221 ΠΑΛΛ.
1180 195 1218 221 Οὐ
1243 194 1344 231 σφόδρα
1370 195 1457 230 σαφὴς
1483 196 1497 221 ὁ
1522 195 1608 229 λόγος.
1635 195 1671 222 Σὺ
1699 194 1729 221 δὲ
1749 195 1764 221 ὃ
1786 193 1814 220 τί

176 250 230 277 que
241 242 357 273 enitere,
370 244 400 267 ut
412 239 479 267 mihi
493 239 624 274 explices,
635 239 702 274 quid
713 239 824 268 tandem
834 240 908 268 istud
920 241 965 272 sit,

175 287 249 322 quod
262 295 310 322 per
324 286 438 321 aenigma
450 285 544 314 divino
558 286 610 314 hoc
624 293 756 322 responso
769 287 937 321 praecipitur.

209 332 288 360 CYR.
307 331 419 359 Multam
433 331 504 359 haud
524 332 559 359 ab
580 340 610 360 re
627 333 771 361 constituit
791 333 844 366 lex,
864 334 887 360 si
907 333 969 368 quis

176 386 272 414 rapere
291 377 433 413 quidpiam
450 378 572 410 tentarit,
592 383 620 406 et
636 379 748 407 cohibet
766 379 969 414 quodammodo

174 424 354 459 impotentem
370 432 467 452 earum
479 432 571 452 rerum
584 425 773 461 cupiditatem,
790 434 858 461 quas
870 430 918 454 aut
929 426 969 454 vi-

175 469 266 501 cinus,
290 474 340 496 aut
357 469 443 497 frater
460 470 553 502 habet,
577 471 613 498 ita
628 475 669 503 ut,
689 471 796 499 etiamsi
816 472 966 507 contingat,

175 516 275 551 inquit,
289 515 318 543 in
331 516 391 550 ipso
406 515 481 543 furto
489 516 577 544 occidi
591 525 665 548 eum,
677 517 724 551 qui
738 517 791 544 hoc
802 517 905 545 crimen
919 518 968 545 ad-

175 561 269 594 mittit,
283 561 310 589 id
323 561 413 589 fraudi
425 569 481 590 uon
492 562 528 590 sit
539 562 582 593 iis,
595 562 642 597 qui
657 562 809 590 occiderint
821 572 828 589 :
840 562 968 590 eumdem

175 608 325 643 ignominia
337 616 447 644 quoque
464 613 552 641 notat,
566 616 629 636 cum
646 609 771 637 decernit
787 609 869 636 vendi
884 617 969 644 opor-

176 659 243 686 tere,
273 654 295 681 si
321 654 389 682 adeo
413 654 504 682 tenuis
524 659 576 686 est,
594 659 624 682 ut
645 655 726 689 pretii
752 655 969 690 persolutioncm

174 701 247 728 {errc
267 708 322 728 non
344 700 446 735 possit:
466 705 497 728 ut
517 700 550 727 ad
572 700 657 727 vitam
679 705 752 727 recte
773 700 968 728 instituendam

177 751 251 774 metu
263 747 418 782 compellat.
437 746 555 774 Interior
574 754 657 781 porro
677 754 774 774 sensus
795 746 918 774 historia:
934 747 969 774 ab

179 792 231 820 hoc
255 792 336 827 longe
354 791 482 819 diversus
505 795 547 818 est
569 791 700 826 quidem:
716 791 842 826 proinde,
859 796 890 819 ut
908 791 968 820 ﬁeri

176 843 276 873 potest,
296 838 399 873 Optime
415 838 593 874 explicemus.
610 837 663 865 Bos
675 845 740 873 ergo
751 842 780 865 et
790 837 849 865 ovis
863 837 968 865 anima-

175 886 212 913 lia
225 884 328 912 munda
342 889 406 912 sunt
420 884 502 912 ambo
519 888 546 912 et
561 892 650 916 sacra,
671 889 699 911 et
720 885 776 911 Deo
800 884 829 912 in
851 884 966 912 odorem

176 931 320 960 suavitatis
330 931 496 958 oﬂ‘eruntur.
510 931 563 958 Sed
576 931 626 958 bos
639 930 751 966 quidem
767 931 908 965 praestanti
925 935 968 958 est

177 986 331 1014 magnoque
355 985 482 1013 corpore,
504 977 570 1005 illud
593 985 659 1005 vero
675 977 792 1005 alterum
812 985 897 1012 pecus
912 985 967 1005 non

177 1025 243 1053 item
259 1033 265 1051 :
283 1032 347 1052 nam
369 1024 440 1052 bove
458 1025 549 1052 minor
567 1029 610 1052 est
634 1024 703 1052 ovis.
730 1024 817 1052 Boum
839 1024 922 1059 igitur
939 1029 968 1052 et

176 1071 280 1103 ovium,
305 1075 334 1098 et
350 1070 518 1097 mundorum
543 1069 748 1105 quodammodo
771 1077 968 1104 sacrorumque

176 1117 337 1146 animalium
353 1117 439 1145 instar
453 1121 496 1145 est
513 1116 559 1144 illa
571 1116 713 1143 hominum
733 1124 781 1151 per
792 1115 873 1144 ﬁdem
884 1115 966 1151 justi-

177 1165 320 1192 ﬁcatorum
338 1168 433 1191 sancta
449 1162 607 1195 multitudo,
621 1167 650 1190 et
669 1161 777 1190 ﬁndunt
792 1162 922 1198 ungulam
939 1167 968 1190 et

177 1212 331 1244 ruminant,
355 1211 432 1246 juxta
459 1211 557 1246 legem,
580 1213 608 1236 et
631 1209 802 1236 excultorum
826 1209 967 1236 fructuum

177 1263 240 1286 sunt
253 1258 374 1293 operarii
388 1266 394 1284 :
410 1257 459 1284 bos
474 1257 548 1284 enim
568 1261 671 1284 terram
686 1256 803 1289 excolit;
825 1255 885 1284 ovis
897 1263 967 1291 quo-

176 1313 229 1341 que
251 1305 392 1332 fructuosa
413 1309 455 1331 est
473 1313 478 1331 :
501 1296 585 1338 atque
605 1303 651 1331 ille
672 1303 784 1338 quidem
808 1307 968 1330 vocatorum

176 1359 242 1386 grex
258 1350 286 1378 in
299 1350 400 1378 divinis
410 1349 498 1380 caulis
508 1349 632 1378 inclusus
645 1353 697 1382 est,
710 1349 737 1376 in
751 1348 876 1376 ecclesiis
889 1356 967 1376 nem-

177 1405 228 1432 pc;
246 1396 294 1425 sed
310 1396 467 1432 complures
481 1396 521 1424 illi
536 1395 611 1423 fures
635 1395 812 1427 insidiantur,
830 1395 877 1430 qui
899 1394 968 1423 efro—

177 1442 258 1470 diunt
274 1445 302 1468 et
315 1441 417 1469 sensim
431 1442 565 1476 irrepant,
585 1449 617 1470 ac
635 1441 719 1469 variis
734 1440 969 1469 iudiﬁcationibus

176 1487 283 1514 animas
295 1487 438 1514 hominum
449 1487 649 1522 simpliciorum
661 1487 820 1520 extrahunt,
832 1495 874 1520 ac,
883 1495 969 1522 prope

1021 239 1087 265 ποτέ
1103 240 1161 265 ἐστι
1173 239 1202 266 τὸ
1219 239 1256 271 ὼς
1272 240 1301 266 ὲν
1316 239 1459 275 αἰνίγματι
1478 239 1737 276 χρησμῳδούμενον,
1751 247 1814 265 πει-

1023 286 1061 321 ρῶ
1075 294 1120 320 μοι
1138 285 1238 320 λέγειν.
1407 310 1414 314 .

1056 332 1136 359 ΚΥΡ.
1158 333 1265 368 Ζημίαν
1283 334 1297 360 ὸ
1323 333 1404 368 νόμος
1428 333 1569 370 καθορίζει
1593 333 1739 369 χρησίμως
1763 333 1813 358 τοῦ

1021 379 1191 406 πλεονεκτεῖν
1208 379 1358 412 ἐθέλοντος,
1376 380 1424 407 καὶ
1440 380 1614 416 ἀνασειράζει
1630 380 1730 415 τρόπον
1750 379 1815 406 τινὰ

1019 426 1065 452 τὸν
1080 425 1232 453 ἀκάθεκτον
1256 427 1297 458 εἰς
1319 427 1480 463 ἐπιθυμίαν,
1504 424 1542 454 ὧν
1564 427 1597 455 ἂν
1618 426 1676 462 ἔχοι
1695 427 1777 462 τυχὸν
1793 425 1812 460 ἦ

1021 472 1129 506 γείτων,
1147 472 1163 508 ἢ
1187 472 1314 507 ἀδελφὸς,
1328 473 1399 500 ὥστε
1420 473 1472 500 κᾶν
1491 473 1514 499 εί
1541 472 1656 508 γένοιτο,
1670 472 1763 508 φησὶν,
1781 472 1814 498 ὲν

1020 518 1094 554 αὑτῷ
1110 518 1236 546 τεθνάναι
1251 518 1290 554 τῷ
1304 519 1431 546 κλέπτειν
1441 519 1488 546 τὸν
1505 519 1553 545 ἐπὶ
1575 518 1642 553 τῷδε
1669 526 1813 551 κατεγνιυ‹

1021 565 1234 600 σμένον,οὐδένα
1249 565 1462 602 τοῖςάνῃρηκόσι
1474 564 1685 600 προστρίὸεσθαι
1703 563 1812 599 μῶμον.

1027 612 1125 647 ’Λτιμᾷ
1138 612 1167 638 δὲ
1191 611 1238 639 κα)⁸
1253 612 1351 646 λέγων,
1367 613 1409 639 ὅτι
1429 613 1564 648 προσήκει
1580 611 1749 646 πιπράσκειν
1763 610 1814 636 αὑ-

1019 657 1074 689 τὸν,
1090 659 1115 684 εί
1135 657 1173 693 μὴ
1193 657 1261 693 πρὸς
1279 657 1384 693 λύτρων
1405 658 1515 693 ἀντέχοι
1538 656 1703 692 καταϐολὴν,
1721 657 1763 687 εἷς
1778 664 1813 689 γε

1019 704 1049 730 τὺ
1063 703 1161 739 χρῆναι
1178 703 1254 738 βιοῦν
1271 703 1378 731 ἑλέσθαι
1395 704 1488 735 καλῶς
1504 703 1675 730 συνελαύνων
1690 703 1747 733 τοῖς
1759 701 1814 728 δεί-

1021 758 1098 785 μασι.
1115 749 1186 781 Νοῦς
1203 758 1234 783 γε
1246 749 1300 785 μὴν
1316 750 1365 785 τῆς
1383 749 1504 784 ἱστορίας
1519 749 1533 776 6
1545 747 1737 784 κεκρυμμένος
1753 747 1815 773 ἓτε-

1021 803 1067 831 ρος
1083 796 1116 822 ἂν
1140 795 1183 832 εἴη
1206 795 1282 831 παρὰ
1308 794 1402 822 τοῦτον
1421 795 1500 827 πολὺ,
1522 794 1570 821 καὶ
1595 794 1635 820 δεῖ
1657 793 1704 820 καὶ
1721 792 1815 826 λέγειν

1021 843 1094 877 ἡμᾶς
1110 841 1148 874 ὡς
1170 842 1211 868 ἔνι
1226 842 1327 874 καλῶς.
1341 842 1452 877 Μόσχος
1467 841 1516 876 μὲν
1536 840 1568 876 δὴ
1595 840 1644 867 καὶ
1663 839 1813 875 πρόϐατον.

1019 889 1127 924 καθαρά
1145 897 1174 916 τε
1200 889 1284 925 ἄμφω
1307 889 1355 916 καὶ
1379 887 1450 924 ἱερὰ.
1471 887 1519 914 καὶ
1536 888 1576 919 είς
1592 885 1680 922 ὀσμὴν
1695 886 1815 916 εὐωδίας

1018 935 1236 970 ἁνακομιζόμενα
1249 934 1288 970 τῷ
1298 933 1367 969 Θεῷ.
1386 933 1455 960 Ἀλλ’
1470 933 1485 960 ὸ
1503 932 1552 968 μὲν
1570 931 1668 967 μόσχος
1683 931 1711 956 ὲν
1727 931 1814 964 ὑπερ-

1017 983 1065 1016 οχῇ
1086 982 1133 1008 καὶ
1155 981 1264 1016 μεγέθει
1285 979 1425 1015 σώματος·
1451 978 1564 1014 θάτερόν
1596 985 1628 1012 γε
1658 976 1732 1012 μὴν,
1762 975 1814 1009 οὐχ

1017 1026 1098 1053 οὕτω.
1117 1027 1226 1061 Μόσχου
1248 1025 1304 1060 γὰρ
1325 1026 1400 1059 μεῖον
1417 1024 1450 1050 τὸ
1471 1024 1620 1059 πρόϐατον.
1648 1022 1754 1057 Μόσχοι
1778 1020 1814 1055 δὴ

1017 1070 1063 1099 οὖν
1076 1073 1122 1099 καὶ
1131 1071 1253 1107 πρόϐατα
1270 1070 1365 1106 ὥσπερ
1380 1070 1441 1097 τινὰ
1452 1070 1509 1101 ζῶα
1523 1068 1632 1104 καθαρά
1641 1076 1670 1094 τε
1681 1067 1728 1094 καὶ
1737 1065 1815 1101 ἱερώ-

1017 1127 1095 1150 τατα,
1117 1117 1172 1145 τῶν
1190 1116 1234 1143 διὰ
1250 1116 1369 1148 πίστεως
1386 1114 1606 1150 δεδικαιωμένων
1627 1114 1644 1149 ἡ
1662 1113 1728 1148 ἁγία
1743 1112 1816 1146 πλη-

1018 1165 1078 1198 θὺς,
1108 1164 1156 1192 καὶ
1180 1163 1352 1199 διχηλοῦντες
1370 1162 1467 1198 ὁπλὴν,
1493 1161 1542 1188 καὶ
1569 1159 1743 1196 μηρυκισμδν
1766 1159 1816 1185 ἀν-

1018 1213 1141 1247 άγοντες.
1153 1211 1223 1238 κατὰ
1243 1210 1289 1237 τὸν
1304 1210 1396 1245 νόμον,
1410 1209 1458 1236 καὶ
1474 1208 1590 1244 καρπῶν
1603 1207 1714 1242 ἡμέρων
1728 1205 1814 1241 ἐργά-

1018 1266 1076 1284 ται·
1089 1257 1204 1291 γηπονεῖ
1217 1255 1271 1291 γὰρ
1287 1256 1301 1282 ὀ
1315 1255 1414 1290 μόσχος
1424 1263 1430 1270 ·
1447 1254 1587 1289 ἔγκαρπον
1600 1253 1629 1279 δὲ
1641 1252 1688 1279 καὶ
1701 1252 1732 1278 τδ
1745 1250 1814 1286 πρό-

1019 1302 1110 1334 ϐατον,
1132 1301 1178 1328 καὶ
1205 1301 1404 1336 ἑνσεσήκασται
1431 1299 1481 1335 μὲν
1508 1300 1567 1330 ταῖς
1590 1298 1677 1330 θείαις
1704 1297 1812 1329 αὐλαῖς,

1018 1347 1167 1380 τουτέστιν,
1183 1347 1212 1374 ἐν
1227 1347 1389 1382 ἐκκλησίαις
1406 1347 1424 1382 ἡ
1438 1345 1491 1372 τῶν
1509 1344 1685 1381 κεκλημένων
1701 1343 1788 1380 ἀγέλη
1803 1351 1810 1359 ·

1020 1394 1112 1421 πολλοὶ
1128 1393 1157 1421 δὲ
1170 1393 1230 1420 λίαν
1244 1394 1268 1421 οἱ
1284 1393 1399 1420 κλέπται
1427 1392 1491 1427 περὶ
1515 1391 1610 1427 αὐτὴν,
1628 1389 1815 1434 διορύττοντές

1020 1450 1049 1468 τε
1063 1441 1109 1468 καὶ
1121 1439 1358 1476 παρεισδύνοντες,
1375 1439 1423 1466 καὶ
1437 1438 1619 1474 πολυτρόποις
1633 1436 1813 1472 φενακισμοῖς

1021 1488 1071 1521 τὰς
1084 1488 1139 1515 τῶν
1157 1487 1351 1523 ἁπλουστέρων
1370 1486 1459 1522 ψυχὰς
1472 1485 1638 1519 ὲξέλκοντες,
1653 1483 1701 1510 καὶ
1718 1490 1813 1518 μονον-

177 1533 305 1565 dixerim,
323 1532 530 1560 exterminatori
546 1532 652 1560 Satanae
669 1531 792 1560 vendunt
806 1541 812 1559 :
828 1537 968 1565 ueterum,

1022 1535 1081 1571 ουχὶ
1108 1534 1383 1569 καταπιπράσκοντες
1412 1531 1452 1568 τῷ
1481 1530 1654 1566 ὀλοθρεὺοντι
1678 1529 1787 1563 Σατανᾷ.
1803 1535 1812 1543 ο

177 1579 224 1614 qui
238 1578 292 1605 tale
305 1577 448 1613 quidpiam
462 1578 554 1609 audet,
566 1577 688 1612 quinque
702 1577 796 1610 boves,
810 1577 909 1612 inquit,
921 1586 970 1613 pro

177 1633 234 1652 uno
246 1624 399 1660 persolvet;
413 1628 532 1659 quatuor
550 1624 628 1656 item,
643 1631 693 1659 pro
708 1631 773 1655 una,
788 1631 853 1651 oves
868 1633 873 1650 :
888 1624 969 1658 quin-

179 1679 232 1706 que
248 1671 322 1699 enim
335 1670 462 1706 partibus
477 1669 612 1706 majorem
630 1677 681 1704 pro
698 1669 767 1697 bove
782 1669 907 1703 multam.
921 1678 971 1705 pro

180 1723 233 1743 una
246 1723 343 1743 rursus
357 1723 419 1748 ove,
434 1715 614 1750 quadruplum
634 1714 688 1742 furi
703 1722 764 1742 esse
785 1715 969 1750 irrogandam,

179 1761 269 1795 inquit
287 1770 294 1787 :
316 1761 344 1788 in
365 1768 430 1796 quo.
454 1766 485 1788 ut
503 1768 562 1788 mea
579 1760 632 1788 fert
648 1760 752 1795 opinio,
773 1768 824 1795 pro
842 1768 971 1788 mensura

180 1807 332 1842 spiritualis
346 1807 373 1834 in
386 1807 488 1834 virtute
506 1806 712 1842 magnitudinis,
729 1813 811 1841 quam
825 1807 871 1842 qui
883 1807 972 1842 perie-

179 1857 246 1880 runt
264 1852 412 1885 habebant,
431 1853 545 1879 multam
567 1852 709 1886 imposuit.
730 1851 778 1879 Est
801 1856 892 1879 autem
916 1860 971 1880 non

180 1899 298 1927 absurde
313 1899 399 1934 ﬁgura
412 1903 440 1926 et
455 1898 553 1925 umbra
567 1898 639 1925 illius
654 1898 682 1924 in
695 1898 795 1925 virtute
811 1898 973 1932 quantitatis

181 1947 239 1974 hzec
258 1953 390 1980 corporea
401 1944 578 1980 magnitudo;
595 1952 713 1979 namque
734 1944 865 1979 majorem
883 1945 972 1972 mino~

180 2000 272 2019 rcmve
282 1991 447 2026 probitatem
460 1990 487 2018 in
498 1990 532 2018 iis
543 1995 628 2022 certe,
640 1990 686 2025 qui
698 1990 886 2022 crediderunt,
900 1990 972 2018 haud

180 2037 290 2065 ditiicile
305 2041 348 2065 est
364 2036 459 2064 videre
474 2046 480 2063 2
495 2044 586 2071 neque
604 2036 678 2064 enim
693 2044 770 2072 atqua
789 2041 831 2064 est
845 2037 974 2065 omnibus

181 2091 312 2111 mensura
329 2092 335 2110 :
357 2082 438 2119 254
455 2093 463 2108 ι
483 2083 537 2111 Sed
551 2083 739 2119 unusquisque
761 2087 887 2111 nostrum
908 2092 972 2118 pro—

181 2130 271 2164 prium
293 2129 378 2157 habet
398 2129 500 2156 donum
525 2137 558 2156 ex
571 2129 627 2156 Deo
646 2138 652 2156 :
673 2129 719 2157 hic
738 2129 848 2164 quidem
862 2130 911 2162 sic,
929 2130 974 2158 ille

182 2183 249 2203 vero
263 2175 303 2203 sic
315 2176 346 2202 ".
363 2186 372 2202 ι
388 2175 416 2203 Si
431 2175 513 2211 igitur
526 2175 623 2208 furari,
635 2175 778 2210 perfodere
791 2180 975 2211 prmterea,.et

1021 1582 1090 1618 πλὴν
1109 1583 1123 1609 ό
1138 1580 1276 1617 δεδρακώς
1296 1588 1323 1606 τι
1340 1577 1472 1610 τοιοῦτον,
1493 1577 1574 1604 πέντε
1600 1576 1717 1612 μόσχους
1742 1575 1813 1601 ἁπο-

1020 1627 1102 1660 τίσει,
1122 1627 1215 1662 φησιν,
1231 1625 1289 1653 ἀνθ’
1305 1625 1374 1657 ἐνὸς,
1396 1623 1443 1651 καὶ
1462 1623 1584 1659 τέσσαρα
1609 1621 1734 1657 πρόῦατα
1751 1619 1814 1646 ἀντὶ

1020 1673 1067 1701 τοῦ
1081 1673 1228 1710 προῦάτοψ
1241 1671 1461 1699 πενταπλασίονα
1473 1670 1522 1704 μὲν
1533 1669 1587 1704 γὰρ
1598 1669 1644 1695 ἐπὶ
1656 1667 1694 1702 τῷ
1707 1667 1812 1703 μόσχῳ,

1021 1721 1059 1756 τῷ
1078 1719 1222 1753 κεκλοφότι
1244 1718 1293 1755 τὴν
1317 1717 1409 1753 δίκην,
1428 1715 1644 1752 τετραπλασίονα
1660 1714 1688 1741 δὲ
1702 1714 1757 1756 δεῖν
1770 1713 1813 1744 ἐφ’

1022 1755 1062 1792 ἑνὶ
1074 1765 1202 1801 προϐάτῳ
1218 1762 1345 1798 γενέσθαι
1363 1762 1440 1797 φησὶ,
1459 1760 1531 1787 κατὰ
1552 1759 1581 1786 τὸ
1610 1759 1717 1794 μέτρον,
1735 1755 1814 1792 οἶμαί

1023 1821 1086 1844 που,
1107 1813 1157 1847 τῆς
1171 1809 1362 1845 πνευματικῆς
1384 1808 1444 1834 κατ’
1459 1807 1559 1843 ἀρετὴν
1583 1806 1743 1840 ποσότητος.
1759 1803 1813 1830 τῶν

1022 1857 1217 1893 ἀπολλυμένων
1240 1856 1344 1887 ἐπιθεὶς
1368 1854 1416 1890 τὴν
1442 1854 1561 1881 κόλασιν.
1576 1852 1667 1883 Τύπος
1685 1851 1707 1878 δ’
1721 1851 1755 1877 ἂν
1770 1850 1813 1884 εῐη

1022 1905 1069 1931 mi
1089 1903 1153 1931 σκιὰ
1173 1903 1222 1938 τῆς
1239 1904 1268 1929 ὲν
1290 1903 1374 1937 ἀρετῇ
1399 1900 1558 1936 ποσότητος,
1575 1900 1591 1935 ὴ
1608 1897 1767 1933 σωματική-
1783 1896 1814 1923 τὺ

1023 1951 1118 1986 γάρτοι
1134 1948 1255 1984 μεῖξονῆ
1276 1949 1351 1983 μεῖον
1378 1948 1407 1974 ὲν
1426 1945 1600 1977 ὲπιεικείαις,
1621 1943 1813 1978 ἀταλαίπωρον

1025 1997 1088 2023 ίδεῐν
1104 1995 1132 2022 ἒν
1148 2004 1179 2029 γε
1194 1995 1251 2026 τοῖς
1266 1992 1488 2024 πεπιστευκόσιν,
1505 1991 1565 2017 ἐπεὶ
1582 1991 1619 2026 μὴ
1637 1991 1665 2016 ὲν
1679 1989 1730 2024 ἴσῳ
1746 1988 1815 2015 πάν-

1024 2051 1069 2074 τες
1079 2041 1159 2076 τυχόν
1171 2050 1177 2056 ⁸
1195 2050 1205 2066 ‹
1229 2040 1297 2067 Ἀλλ’
1314 2040 1429 2070 ἕκαστος
1444 2037 1522 2074 ἡμῶν
1534 2037 1599 2064 ἴδιον
1616 2035 1672 2072 ἔχει
1689 2036 1814 2071 χάρισμα

1024 2089 1056 2115 ὲκ
1066 2087 1145 2119 Θεοῦ,
1154 2088 1167 2113 ὁ
1177 2087 1225 2122 μὲν
1234 2086 1329 2118 οὕτως,
1341 2087 1354 2112 ὁ
1367 2085 1394 2112 δὲ
1411 2084 1521 2115 οὕτως.)
1533 2083 1564 2109 Ei
1572 2082 1599 2109 δὲ
1610 2081 1642 2117 δὴ
1651 2081 1774 2108 κλέπτων
1785 2088 1813 2107 τε

1025 2131 1071 2158 καὶ
1081 2130 1224 2166 διορύττων
1237 2130 1287 2162 ἔτι,
1297 2130 1343 2156 κα)⁴
1358 2129 1391 2155 τὰ
1406 2128 1456 2163 τῆς
1468 2127 1594 2163 λῃστείας
1610 2126 1676 2162 ἔργα
1692 2125 1814 2160 πληρῶν,

1025 2176 1063 2207 ὡς
1079 2177 1107 2202 ὲν
1123 2175 1200 2202 νυκτί
1218 2184 1248 2202 τε
1266 2176 1313 2202 καὶ
1332 2175 1419 2209 σκότῳ
1436 2172 1658 2208 καταφωραθείη,
1673 2172 1749 2207 φησὶ,
1767 2171 1814 2198 καὶ

181 2221 250 2249 furis
267 2229 382 2249 munera
392 2222 502 2257 explere
518 2221 552 2249 de
563 2225 642 2249 nocte
657 2226 684 2249 et
700 2221 728 2249 in
741 2222 862 2250 tenebris
874 2223 969 2258 depre-

1025 2222 1177 2249 ὲκτεϐνάτω
1192 2221 1266 2248 τότε”
1286 2221 1333 2248 καὶ
1352 2220 1382 2247 τὸ
1403 2221 1507 2256 χρῆμα,
1528 2219 1558 2245 οὺ
1579 2219 1667 2252 φόνος,
1693 2217 1754 2244 οὐδὲ
1775 2216 1815 2252 τῷ

182 2268 286 2295 hensus
306 2267 399 2300 fuerit,
414 2267 514 2302 inquit.
534 2272 590 2294 tum
609 2275 674 2294 vero
686 2267 767 2295 liceat
785 2268 928 2301 occidere;
945 2274 974 2297 et

181 2322 213 2342 ea
225 2322 270 2342 res
282 2322 336 2342 non
355 2319 398 2342 est
410 2314 508 2346 caedes,
528 2321 618 2349 neque
639 2313 752 2346 faciens.
770 2314 893 2342 criminis
909 2323 973 2342 reus

182 2361 247 2388 erit;
262 2361 317 2388 Fur
332 2360 405 2389 enim
418 2364 488 2391 erat,
502 2360 548 2395 qui
567 2360 666 2387 cecidit
679 2364 706 2388 et
718 2360 773 2387 vim
786 2360 931 2393 inferebat,
947 2366 975 2388 et

182 2407 246 2434 belli
259 2407 321 2442 jure
335 2414 421 2434 caesus
436 2410 478 2434 est
492 2414 496 2432 :
513 2411 550 2437 at,
563 2406 620 2433 sole
633 2407 688 2441 jam
702 2411 774 2438 orto,
788 2411 869 2442 atque
881 2407 974 2443 elapso

182 2453 291 2480 furandi
303 2457 437 2487 tempore,
450 2452 560 2479 cohibet
570 2452 750 2487 percutientis
761 2460 882 2486 manum,
893 2450 973 2488 idque

182 2499 290 2527 facinus
302 2500 442 2527 homicidii
457 2500 561 2528 crimen
575 2507 634 2527 esse
647 2500 751 2528 definit.
763 2500 832 2527 Dum
845 2500 917 2528 enim
931 2501 974 2528 fur

182 2546 344 2580 spiritualis,
359 2547 477 2574 animam
490 2547 629 2575 credentis
643 2547 669 2574 in
681 2547 823 2574 Christum
835 2547 974 2583 depraeda-

185 2595 238 2622 tur,
256 2597 283 2619 et
301 2600 315 2618 a
335 2592 468 2620 cbaritate
483 2592 532 2620 Dei
551 2593 696 2623 abstrahit,
715 2592 737 2620 si
754 2593 782 2620 in
796 2593 855 2628 ipso
870 2594 974 2621 scelere

184 2636 374 2671 deprehensus
394 2637 491 2670 fuerit,
512 2646 567 2665 non
591 2638 690 2674 injuria
714 2643 800 2666 morte
819 2639 972 2666 multatur:

184 2681 303 2709 animam
316 2683 389 2710 enim
401 2684 511 2716 occidit,
524 2692 583 2719 qua:
598 2685 772 2720 prmstantior
784 2690 827 2713 est
837 2693 951 2721 corpore
965 2695 971 2713 :

185 2732 213 2755 at
231 2736 307 2761 vero,
329 2737 391 2757 cum
413 2730 440 2758 in
456 2731 514 2766 ejus
533 2739 643 2767 quoque
663 2737 782 2760 mentem
803 2733 841 2760 sol
863 2737 974 2761 exortus

185 2771 278 2806 fuerit,
293 2781 408 2811 eamque
425 2784 489 2804 vera
508 2778 638 2813 cognitio,
656 2778 726 2806 lucis
748 2787 778 2806 ac
801 2779 854 2806 diei
876 2779 972 2811 instar,

239 2862 260 2878 "
275 2862 355 2890 lCur.
373 2871 419 2898 vn,
434 2864 458 2890 ’1.

1025 2269 1154 2303 δράσαντι
1178 2269 1282 2303 γραφή.
1305 2267 1471 2301 Πλεονέκτης
1495 2265 1548 2300 γὰρ
1569 2265 1615 2291 καὶ
1636 2263 1721 2299 βίαιος
1738 2265 1753 2290 ὁ
1767 2271 1815 2289 πι-

1028 2315 1092 2347 σὼν,
1109 2316 1155 2341 καὶ
1170 2314 1289 2350 πολέμου
1307 2313 1441 2348 τέτρωται
1457 2312 1533 2347 νόμῳ
1547 2319 1553 2325 ·
1571 2311 1646 2347 ἡλίου
1665 2310 1693 2337 δὲ
1708 2309 1815 2336 ἀνατεί-

1027 2362 1133 2394 λαντος,
1149 2362 1195 2388 καὶ
1211 2360 1412 2396 παρελάσαντος
1427 2359 1476 2394 ἠδη
1492 2359 1539 2385 τοῦ
1551 2359 1600 2393 τῆς
1617 2357 1743 2393 λῃστείας
1754 2365 1814 2382 και-

1030 2407 1089 2444 ροῦ,
1103 2407 1153 2442 τὴν
1180 2406 1227 2432 τοῦ
1253 2405 1414 2441 πλήττοντος
1440 2403 1527 2438 εἴργει
1551 2404 1640 2438 χεῖρα,
1659 2402 1706 2428 καὶ
1734 2401 1813 2435 φόνου

1029 2453 1136 2489 γραφὴν
1160 2450 1297 2488 καθαρίζει
1310 2450 1357 2477 τοῦ
1379 2449 1560 2485 τολμήματος.
1574 2449 1647 2479 Ἕως
1670 2448 1719 2483 μὲν
1730 2447 1784 2482 γὰρ
1801 2447 1814 2473 ό

1028 2500 1148 2533 κλέπτης
1162 2500 1176 2526 ὁ
1191 2498 1294 2534 νοητὸς,
1307 2498 1356 2533 τὴν
1367 2497 1414 2523 τοῦ
1432 2495 1625 2526 πιστεύσαντος
1639 2495 1679 2525 εἰς
1698 2494 1814 2528 Χριστὸν

1029 2546 1219 2575 mmmam
1245 2545 1343 2580 ψυχὴν,
1370 2543 1417 2570 καὶ
1440 2542 1550 2576 ἀγάπης
1581 2541 1684 2573 ὲξέλκει
1707 2539 1757 2574 τῆς
1777 2540 1815 2570 είς

1029 2594 1104 2625 Θεὸν,
1122 2594 1146 2620 εἰ
1164 2593 1192 2618 ὲν
1208 2592 1299 2622 αὐτοῖς
1317 2589 1392 2626 ἁλοίη
1417 2590 1474 2621 τοῖς
1490 2588 1719 2623 πλημμελήμασι,
1735 2586 1814 2613 πάθοι

1029 2640 1062 2668 ἂν
1080 2639 1129 2666 οὐκ
1146 2638 1245 2670 ἀδίκως
1259 2637 1306 2664 καὶ
1329 2636 1360 2662 τὸ
1381 2635 1539 2663 ὲκτεϐνάναι
1561 2634 1615 2660 δεῖν
1627 2642 1634 2648 ·
1655 2632 1743 2667 ψυχὴν
1762 2631 1814 2666 γὰρ

1028 2686 1182 2716 ἀπέκτεινε,
1198 2683 1248 2720 τὴν
1269 2682 1373 2719 ἀμείνω
1397 2681 1540 2717 σώματος·
1564 2680 1640 2715 ἡλίου
1659 2679 1686 2705 δὲ
1709 2677 1813 2705 ἀνατείι

1028 2732 1122 2764 λαντος
1140 2731 1185 2758 καὶ
1200 2729 1272 2765 αὐτῷ
1284 2729 1354 2756 κατὰ
1368 2727 1439 2759 νοῦν,
1457 2728 1503 2754 καὶ
1522 2725 1721 2761 ὂιαυγαζοὺσης
1734 2725 1772 2756 ὡς
1786 2723 1813 2750 ὲν

1027 2778 1101 2811 τάξει
1128 2777 1215 2813 φωτὸς
1241 2777 1286 2803 καὶ
1309 2776 1425 2811 ἡμέρας,
1456 2775 1505 2809 τῆς
1531 2773 1646 2809 ἀληθοῦς
1677 2772 1812 2807 γνώσεως,
