1939 3041
71 153 121 184 537

408 155 452 184 DE
470 156 690 185 ADORA'I‘IONE
710 157 743 185 IN
761 157 896 186 SPIRITU
916 157 962 185 ET
980 157 1163 186 VERITATE.
1185 157 1248 186 LIB.
1263 157 1329 186 VIII.

1649 155 1701 184 5'58

70 211 239 240 κινδυνεύειν
254 213 305 240 οὐκ
321 214 363 249 ιᾷ,
385 213 529 246 κολάζεται
546 213 602 250 γὰρ
626 213 660 240 τὰ
678 214 774 246 νυκτὸς
791 214 858 251 ἔργα

911 214 1099 248 illustraverit,
1113 215 1263 250 periclitari
1276 223 1331 242 non
1342 214 1425 243 sinit:
1438 223 1501 242 nam
1513 222 1599 250 opera
1610 216 1702 244 noctis

69 259 117 286 καὶ
128 259 254 292 σκότους,
265 260 301 286 τὰ
314 260 342 287 δὲ
354 259 392 291 ὡς
406 260 436 286 ὲν
449 261 518 295 φωτὶ
531 260 632 294 λοιπὸν,
648 261 698 287 οὐκ
711 260 762 288 ἔτι.
781 261 862 288 Ἀνεῖ-

69 306 134 333 σθαι
142 305 172 332 δὲ
182 305 237 333 τῶν
253 306 374 341 ἀρχαίων
391 306 583 342 ἐγκλημάτων,
598 308 644 334 καὶ
658 307 713 334 τῶν
724 307 753 334 ἐν
765 308 861 343 ἀγνοίᾳ

68 352 118 378 καὶ
136 352 236 387 σκότῳ,
254 351 413 379 δεδικαίωκε
435 351 510 384 Θεὸς.
537 353 592 379 Καὶ
616 353 648 388 δὴ
669 353 715 380 καὶ
740 352 860 388 λεγέσθω

67 399 126 429 τοῖς
151 397 182 431 ἐξ
208 398 346 434 ἁμαρτίας
371 398 411 430 εἰς
436 397 494 432 φῶς
522 398 685 433 ἀφιγμένοις
703 398 733 425 τὸ
755 399 859 433 νοητὸν,

70 453 79 469 ι
99 441 173 471 Ἦτέ
190 453 255 471 ποτε
272 444 378 476 σκότος,
396 443 454 471 νυνὶ
470 444 499 470 δὲ
512 444 571 478 φῶς
591 446 620 471 ὲν
633 444 739 480 Κυρίῳ.
755 454 764 471 ι
782 444 860 471 Οὕτω

66 489 245 517 δεδικαίωκεν
256 491 270 517 ὁ
287 489 390 526 Κύριος
408 491 455 517 καὶ
467 490 512 516 τὸν
531 491 674 518 θεσπέσιον
685 491 801 522 Παῦλον,
815 491 860 518 τὸν

66 535 205 572 πρότερον
224 536 288 563 ὄντα
305 536 475 572 βλάσφημον,
492 537 539 564 καὶ
559 536 687 572 διώκτην,
709 537 755 564 καὶ
780 537 860 573 ὕϐρι-

67 582 154 618 στήν·
181 582 241 609 καθ’
265 582 416 619 ὑπερϐολὴν
436 583 491 619 γὰρ
511 583 606 611 ἐδίωκε
627 583 675 620 τὴν
697 584 861 620 Ἐκκλησίαν

64 627 115 653 τοῦ
128 627 209 660 Θεοῦ,
223 627 270 654 καὶ
286 627 397 664 ἐπόρθει
411 629 506 663 αὐτήν.

102 717 210 744 ΠΑΛΛ.
227 717 342 752 Ἀριστα
355 717 434 752 ἔφης.

101 762 189 789 ΚΥΡ.
217 763 279 789 Ἐὰν
298 763 327 790 δὲ
346 763 383 798 μὴ
404 762 527 799 δύνηται,
549 764 625 799 φησὶ,
644 763 724 790 πέντε
743 763 859 798 μόσχους

65 807 126 835 ἀνθ’
145 807 216 840 ἑνὸς,
234 808 280 834 καὶ
296 808 420 843 πρόσατα
431 808 551 844 τέσσαρα
568 808 626 836 ἀνθ’
646 809 715 841 ένδς,
728 809 859 844 πραθήτω

63 852 128 879 ἀντὶ
142 852 190 879 τοῦ
203 852 368 888 κλέμματος,
387 853 467 888 Ὁρᾷς
478 853 553 885 ὅπως
565 853 677 889 ἀτιμίαν
691 854 705 880 ὁ
717 853 798 888 νόμος
809 853 859 889 τὴν

911 267 943 287 ac
969 260 1147 288 tenebrarum
1167 261 1334 296 puniuntur;
1352 268 1413 296 qua:
1433 265 1525 289 autem
1548 261 1577 289 in
1597 261 1701 289 lumine

911 305 991 338 ﬁunt,
1008 313 1063 333 non
1082 306 1166 334 item:
1187 306 1338 334 condonari
1355 310 1447 334 autem
1466 312 1558 334 vetera
1579 307 1698 335 crimina

910 355 938 379 et
955 352 984 378 in
999 352 1106 380 inscitia
1118 359 1150 380 ac
1162 353 1286 380 tenebris
1301 352 1428 385 admissa,
1442 360 1550 388 aequum
1564 360 1625 380 esse
1636 361 1701 381 cen-

911 396 966 423 suit
978 397 1058 424 Deus.
1072 397 1165 432 ltaque
1179 397 1286 426 dicatur
1296 398 1340 430 iis,
1352 398 1400 433 qui
1415 398 1449 426 de
1460 400 1574 433 peccato
1595 398 1629 425 ad
1642 399 1699 433 spi-

911 443 1009 470 rituale
1026 443 1119 471 lumen
1137 448 1322 478 pervenerunt
1336 453 1342 470 :
1362 453 1371 469 ι
1389 443 1478 472 Eratis
1495 444 1642 479 aliquando
1657 448 1699 472 te-

910 488 1019 522 nebras;
1036 497 1109 516 nunc
1125 493 1216 517 autem
1236 490 1282 516 lux
1301 489 1329 517 in
1349 490 1464 517 Domino
1480 490 1510 516 ⁸³.
1534 499 1543 515 ι
1560 490 1606 517 Sic
1617 490 1699 525 justi-

910 533 1001 560 ﬁcavit
1020 534 1152 561 Dominus
1172 534 1256 562 etiam
1278 534 1388 561 beatum
1410 534 1536 566 Paulum,
1555 534 1602 569 qui
1623 535 1700 569 prius

909 578 999 607 fuerat
1009 579 1196 614 blasphemus,
1210 584 1238 607 et
1248 584 1418 615 persecutor,
1430 584 1458 608 et
1467 581 1697 614 contumeliosus;

909 632 992 660 supra
1006 626 1117 653 modum
1133 626 1207 653 enim
1229 626 1446 662 persequebatur
1466 626 1616 655 Ecclesiam
1638 627 1698 660 Dei,

909 676 937 699 et
949 672 1112 699 devastabat
1124 672 1197 699 illam
1212 672 1244 699 “.

944 718 1042 745 PALL.
1058 718 1168 753 Optime
1181 719 1261 746 dicis.

944 763 1022 791 CYR.
1041 763 1144 797 Quodsi
1159 772 1213 791 non
1234 765 1349 799 poterit,
1363 765 1464 801 inquit,
1481 766 1604 801 quinque
1615 766 1700 794 boves

909 817 958 844 pro
980 817 1047 843 uno,
1066 813 1183 844 quatuor
1198 811 1280 837 etiam
1299 819 1365 838 oves
1383 819 1434 846 pro
1455 819 1509 839 una
1530 812 1698 846 persolvere,

909 855 1044 882 vendatur
1055 862 1105 889 pro
1124 854 1208 882 furto.
1222 855 1305 883 Vides
1319 860 1350 883 ut
1367 856 1410 883 lex
1423 856 1599 892 ignominiam
1613 858 1699 885 servi-

63 897 241 934 δουλοπρεπῆ
267 898 442 934 καταγράφει
470 898 564 934 σαφῶς
590 898 644 926 τῶν
670 899 782 934 διηνεκῆ
809 899 857 926 καὶ

911 901 960 928 lem
969 904 1063 935 aperte
1074 901 1194 928 sanxerit
1207 901 1234 928 in
1245 908 1302 933 eos,
1315 901 1372 936 qui,
1383 909 1445 928 cum
1456 902 1564 929 assidue
1574 907 1699 937 peccent,

65 944 230 972 ἁνέκνιτιτον
247 944 363 980 ἐχόντων
387 943 437 980 τὴν
461 944 613 979 ἁμαρτίαν,
634 945 680 971 καὶ
702 944 782 980 μηδ“,’
795 945 856 971 ὅσον

65 990 165 1022 εἰπεῖν,
188 988 298 1025 λύτροις
318 989 519 1024 ἀποκρούεσθαι
539 989 573 1016 τὰ
596 989 758 1025 ἐγκλήματα
777 989 857 1015 δυνα-

66 1034 168 1069 μένων,
183 1034 227 1061 διά
238 1043 267 1062 τε
278 1035 309 1061 τὸ
320 1035 370 1070 τῆς
379 1035 491 1070 γνώμης
505 1034 617 1067 ἀσθενὲς
627 1035 676 1062 οὐκ
686 1035 857 1071 ἀνεχομένων

66 1080 160 1116 ιδροῦν
170 1080 212 1112 εἰς
228 1081 408 1116 μετάγνωσιν,
427 1081 474 1107 καὶ
487 1080 532 1106 διὰ
545 1080 600 1106 τῶν
616 1081 656 1112 είς
672 1080 751 1106 τοῦτο
768 1081 859 1108 πόνων

65 1125 287 1160 ὲκμειλίττεσθαι
300 1125 384 1157 Θεόν;
400 1125 608 1160 Πιπράσκεσθαι
628 1126 660 1160 δὴ
676 1123 723 1152 οὖν
742 1123 772 1152 εὖ
786 1126 858 1161 μάλα

65 1171 159 1207 φησίν.
178 1171 399 1208 Ἐναριθμεῖσθαι
411 1171 466 1206 γὰρ
481 1171 531 1198 οὐκ
550 1172 583 1207 ἐᾷ
596 1173 651 1203 τοῖς
664 1171 709 1198 διὰ
720 1171 769 1207 τῆς
783 1171 858 1204 θείας

64 1219 179 1254 χάριτος
194 1217 437 1253 ὴλευθερωμένοις,
453 1218 517 1249 τοὺς
531 1217 602 1244 οὕτω
625 1217 858 1254 μεμολυσμένους.

71 1264 272 1300 Ὲξωθούμενοι
290 1264 318 1291 δὲ
333 1265 383 1299 τῆς
399 1266 455 1296 τοῖς
469 1264 621 1300 ἐλευθέροις
644 1264 802 1300 πρεπούσης
822 1274 860 1292 τι·

68 1311 133 1346 μῆς,
142 1310 306 1338 ἀκούσονται
318 1311 364 1337 καὶ
375 1310 452 1338 αὐτοί
461 1317 469 1326 ο
482 1320 491 1336 ι
504 1311 568 1338 Ἰδοὺ
576 1312 636 1342 ταῖς
645 1309 772 1346 ἀνομίαις
781 1312 859 1347 ὑμῶν

67 1357 219 1393 ὲπράθητε.
232 1367 241 1383 ι
258 1357 289 1384 Εἰ
299 1357 476 1392 δεκεκλοφὼς
490 1357 537 1393 μὲν
547 1357 633 1392 ἁλοίη,
643 1358 735 1393 φησὶν,
745 1357 821 1384 οὔπω
830 1357 859 1384 δὲ

67 1403 182 1436 ἀνελὼν,
194 1402 345 1436 τουτέστιν,
355 1403 378 1430 εί
390 1403 558 1438 φενακισμοῦ
567 1403 615 1430 καὶ
621 1404 730 1440 ἀπάτης
738 1403 860 1439 ἀρξάμε-

67 1458 111 1481 νος
119 1449 170 1485 τῆς
178 1450 217 1481 εἰς
224 1449 332 1486 ἑτέρους
343 1449 576 1485 καταλαμϐάνοιτό
586 1459 628 1481 τις
635 1450 689 1477 τῶν
695 1450 860 1486 ἑτεροδοξεῖν

68 1496 216 1528 εἰωθότων,
229 1496 379 1532 νενικηκὼς
394 1496 423 1523 δὲ
446 1496 522 1523 οὔπω
548 1497 595 1523 καὶ
614 1497 801 1532 κατακομίσας
819 1498 860 1529 είς

907 953 962 973 non
977 949 1070 972 tamen
1087 946 1194 980 peccati
1210 946 1333 973 maculas
1351 946 1478 979 abluunt,
1494 955 1593 983 neque,
1616 952 1646 975 ut
1663 948 1700 976 ita

907 991 1007 1023 dicam,
1025 991 1115 1026 pretio
1127 991 1202 1024 dato,
1213 996 1328 1026 possunt
1338 992 1453 1020 crimina
1464 992 1616 1028 depellere:
1627 993 1700 1029 quod

907 1036 1007 1063 mentis
1027 1036 1188 1064 inﬁrmitate
1210 1037 1325 1065 sudores
1344 1038 1514 1072 pmnitentire
1526 1039 1659 1073 perferre,
1672 1043 1700 1067 et

907 1081 994 1109 Deum
1009 1081 1145 1117 ejusmodi
1158 1082 1300 1110 laboribus
1313 1083 1422 1118 placare
1433 1085 1541 1112 nolint?
1551 1085 1638 1113 Vendi
1651 1085 1700 1121 igi-

910 1131 954 1154 tur
965 1134 1013 1154 eos
1024 1127 1179 1155 rectissime
1189 1128 1268 1163 jubet
1280 1137 1286 1155 :
1305 1136 1396 1163 neque
1407 1129 1480 1157 enim
1494 1130 1619 1158 homines
1630 1131 1700 1159 adeo

908 1173 1067 1208 inquinatos
1077 1173 1214 1208 permittit
1224 1174 1296 1201 inter
1306 1182 1354 1202 eos
1364 1176 1516 1208 numerari,
1532 1177 1578 1212 qui
1592 1185 1642 1212 per
1651 1177 1700 1205 Dei

908 1218 1023 1253 gratiam
1041 1217 1124 1245 liberi
1139 1216 1204 1244 facti
1221 1221 1294 1244 sunt.
1311 1218 1424 1254 Expulsi
1445 1224 1537 1247 autem
1555 1220 1589 1248 ab
1604 1227 1638 1247 eo
1651 1219 1701 1247 ho-

909 1272 986 1297 nore,
1000 1264 1047 1299 qui
1058 1265 1154 1292 liberis
1164 1265 1303 1296 convenit,
1316 1265 1429 1292 audient
1442 1266 1523 1293 etiam
1538 1266 1589 1301 ipsi
1604 1275 1610 1293 :
1627 1275 1636 1292 ‹
1649 1266 1700 1294 Ec-

909 1319 939 1338 ce
951 1311 978 1338 in
992 1310 1186 1345 iniquitatibus
1200 1311 1299 1338 vestris
1309 1312 1414 1339 venditi
1425 1312 1492 1339 estis
1505 1313 1538 1339 '5.
1559 1322 1568 1337 ›
1584 1312 1661 1345 Quod
1676 1313 1700 1340 si

909 1356 1012 1384 furtum
1024 1358 1135 1392 quidem
1146 1358 1244 1387 fecisse
1256 1362 1413 1394 compertus
1422 1358 1515 1391 fuerit,
1527 1358 1648 1385 nondum
1660 1362 1700 1386 ta-

909 1410 972 1430 men
988 1403 1131 1436 oceidisse,
1146 1404 1173 1431 id
1187 1408 1238 1438 est,
1256 1404 1337 1439 255
1355 1404 1378 1431 si
1393 1404 1456 1439 quis
1473 1404 1553 1431 aliter
1566 1404 1698 1436 sentiens,

909 1456 990 1484 quam
1008 1448 1076 1477 ﬁdes
1087 1454 1162 1478 recta
1181 1450 1345 1484 praescribit,
1360 1449 1453 1477 fallere
1466 1449 1578 1484 quidem
1589 1453 1617 1476 et
1627 1449 1701 1477 deci-

909 1502 976 1530 pere
986 1501 1100 1523 caateros
1116 1496 1228 1523 molitus
1246 1503 1308 1523 esse
1325 1495 1558 1531 deprehendatur,
1576 1494 1699 1522 nondum
1755 1516 1759 1520 .

67 1542 179 1578 ὕλεθρον
194 1543 257 1574 τοὺς
271 1543 474 1578 ἀκροωμένους,
489 1543 612 1570 ἀποτίσει
627 1543 718 1569 διπλᾶ.
742 1543 856 1579 Ἀναλή-

912 1545 1002 1568 tamen
1017 1541 1116 1569 vicisse
1129 1546 1177 1569 aut
1190 1542 1223 1569 ad
1235 1542 1386 1577 perniciem
1397 1542 1537 1569 auditores
1554 1541 1700 1576 perduxis-

66 1587 148 1622 ψεται
167 1587 224 1623 γάρ
236 1587 267 1614 τὸ
283 1588 381 1614 οἰκεῖον
392 1588 406 1614 ό
430 1589 478 1623 τῆς
493 1588 595 1623 ἀγέλης
608 1588 752 1623 δεσπότης,
772 1597 858 1624 προσ-

67 1633 279 1669 εξαιτηθήσεται
293 1633 321 1660 δὲ
335 1635 382 1660 καὶ
390 1634 486 1668 λόγους
501 1635 515 1661 ὀ
528 1633 681 1669 βωμολόχος
690 1643 697 1649 ·
712 1634 791 1661 τοῦτο
804 1635 858 1670 γὰρ

66 1679 100 1706 ἂν
127 1680 172 1716 εἴη
193 1680 224 1706 τδ
248 1680 278 1706 ὲν
298 1680 399 1716 διπλῷ·
417 1680 464 1707 καλ⁸
481 1679 582 1715 ζημίαν
598 1680 729 1715 ὑπομενεῖ
744 1680 793 1716 τὴν
819 1681 859 1712 είς

67 1726 196 1753 θάνατον.
215 1727 247 1753 Ὃ
262 1727 316 1762 γὰρ
339 1726 457 1762 ἠθέλησε
483 1727 550 1763 δρᾷν
575 1727 615 1758 εἰς
639 1726 760 1762 ἑτέρους,
777 1727 859 1754 πάθοι

67 1773 100 1800 ἂν
112 1772 196 1802 αὐτὸς
207 1773 254 1799 καὶ
273 1772 345 1808 μάλα
359 1773 483 1805 είκότως.

104 1819 212 1846 ΠΔΛΛ.
240 1819 282 1851 Ὠς
295 1819 414 1855 ὀλέθριόν
427 1827 455 1846 τε
470 1818 517 1846 καὶ
532 1819 671 1846 πάνδεινον
686 1818 792 1854 ἀληθῶς
805 1818 859 1845 τῶν

67 1865 197 1899 ipsudwa
219 1864 250 1892 τὺ
272 1865 375 1901 χρῆμα,
396 1865 461 1900 περὶ
473 1861 510 1892 ὧν
523 1863 601 1900 οἶμαι
623 1873 674 1891 που
698 1865 744 1891 καὶ
777 1864 859 1891 αὐτὸν

69 1908 275 1944 προαγορεῦσαι
292 1909 423 1945 Χριστόν·
443 1918 452 1935 ι
474 1909 626 1945 Προσέχετε
640 1909 695 1936 ἀπὸ
712 1909 768 1936 τῶν
782 1911 860 1946 ἐρχο-

69 1956 162 1990 μένων
179 1956 248 1992 πρὸς
261 1956 333 1991 ὑμᾶς
352 1956 380 1982 ἐν
396 1955 525 1991 ἐνδύμασι
542 1955 696 1992 προϐάτων,
711 1955 811 1983 έσωοεν
831 1956 860 1982 δέ

68 2003 123 2028 εἰσι
137 2001 216 2028 λύκοι
230 2002 363 2038 ἅρπαγες.
385 2011 394 2027 ι

104 2047 189 2074 ΚΥΡ,
216 2046 318 2082 Ὀρθῶς
341 2044 386 2073 οὖν
405 2047 418 2073 ὁ
432 2046 513 2082 νόμος
527 2046 565 2078 ὡς
581 2046 672 2082 θηρῶν
695 2047 808 2082 ἀγρίων,
828 2047 859 2074 τὸ

69 2091 231 2119 ικτεθνάναι
248 2091 303 2118 δεῖν
325 2091 424 2123 παντὸς
441 2090 543 2118 τοιοῦδε
564 2091 792 2126 καταψηφίζεται.
809 2091 859 2118 Γέ-

69 2144 194 2172 γραπται
207 2135 260 2171 γὰρ
280 2136 308 2162 ὲν
325 2135 375 2171 μὲν
401 2137 434 2171 τῇ
466 2135 578 2171 Ἐξόδῳ·
600 2145 610 2161 ε
635 2135 698 2162 Ἐὰν
717 2136 805 2172 κλέψῃ
819 2136 860 2168 τίς

69 2190 132 2209 τινα
146 2181 201 2209 τῶν
217 2181 284 2208 υἱῶν
306 2181 423 2217 Ἰσραὴλ,
438 2181 486 2208 καὶ
504 2180 757 2213 καταδυναστεύσας
778 2181 860 2209 αὑτὸν

70 2228 220 2260 ἀποδῶται,
238 2228 285 2254 καὶ
297 2226 394 2263 εὑρεθῇ
411 2228 439 2254 ἑν
456 2226 541 2262 αὐτῷ,
559 2226 665 2262 θανάτῳ
678 2227 855 2254 τελευτάτω.)
876 2246 897 2273 D

76 2274 121 2301 Ἐν
149 2273 179 2300 δέ
204 2282 235 2308 γε
263 2273 301 2309 τῷ
325 2272 540 2308 Δευτερονομίῳ·
564 2281 574 2298 ι
605 2272 667 2299 Ἐὰν
688 2272 717 2299 δὲ
737 2272 795 2308 άλῷ
813 2273 859 2300 ἀν-

71 2320 181 2357 θρωπος
201 2319 326 2347 κλέπτων
340 2319 429 2355 ψυχὴν
443 2320 475 2346 ὲκ
489 2319 543 2346 τῶν
558 2318 679 2353 ἀδελφῶν
696 2319 860 2352 abso-3,16»:

70 2367 137 2394 υίῶν
161 2367 279 2403 Ἰσραὴλ,
291 2366 339 2393 καὶ
351 2365 604 2397 καταδυναστεύσας
619 2365 698 2393 αὑτὸν
712 2364 860 2398 ἀποδῶται,

70 2412 247 2440 ἀποθανεῖται
264 2412 278 2438 ὁ
301 2411 421 2446 κλέπτης
439 2412 552 2442 ἐκεῖνος.
571 2420 580 2438 ι
600 2411 636 2437 Οὐ
657 2411 711 2446 γάρ
727 2420 767 2437 τοι
781 2411 860 2446 θέμις

70 2458 100 2484 τὺ
115 2457 187 2493 ἱερὸν
200 2458 230 2484 ὲν
247 2457 357 2493 Χριστῷ
373 2455 574 2492 καταδῃοῦσθαι
585 2456 671 2490 γένος,
684 2457 731 2483 καὶ
746 2457 786 2488 είς
801 2457 861 2483 δου-

71 2505 145 2532 λείαν
157 2505 209 2531 οὐκ
225 2505 336 2540 ὲντρισῆ
355 2503 586 2539 κατακομίζεσθαί
607 2512 653 2531 ποι
667 2503 744 2539 παρά
759 2512 792 2538 γε
804 2503 859 2530 τῶν

70 2549 150 2577 τοῦτο
171 2550 240 2586 δρᾷν
261 2549 412 2577 είωθότων·
440 2549 534 2585 ὥσπερ
562 2549 616 2585 γὰρ
637 2550 662 2576 ot
678 2550 712 2576 τά
729 2550 860 2586 μειράκια

72 2595 274 2629 φενακίζοντες,
294 2594 397 2627 πόλεώς
417 2604 446 2622 τε
463 2596 510 2623 καὶ
527 2595 621 2623 οἰκιῶν
635 2596 858 2631 άπονοσφίξουσι,

73 2641 118 2668 καὶ
139 2641 308 2676 αὐχημάτων
331 2641 401 2669 αὐτὰ
413 2641 468 2668 τῶν
489 2641 639 2677 ἐλευθέρων
659 2642 857 2678 ἐκπέμποντες,

73 2688 126 2718 τοῖς
139 2687 190 2722 τῆς
207 2687 358 2722 ἀναγκαίας
374 2687 494 2719 δουλείας
513 2687 678 2724 ὐποφέρουσι
696 2688 799 2722 ζυγοῖς·
815 2688 860 2716 τὸν

74 2732 162 2765 αὑτὸν,
171 2732 259 2768 οἶμαι,
272 2734 384 2768 τρόπον,
399 2734 493 2765 οἱτοῦς
505 2733 572 2769 ὀρθὰ
581 2736 689 2769 φρονεῖν
703 2735 857 2770 ἑλομένους,

75 2778 117 2804 καὶ
131 2777 177 2804 τὸν
191 2778 344 2814 ἐλευθέροις
360 2779 498 2814 πρέποντα
511 2779 563 2814 βίον
579 2779 794 2815 ἐπιτηδεύοντας,
810 2782 857 2808 ἐπὶ

909 1595 949 1620 se,
970 1587 1084 1622 duplum
1105 1588 1262 1622 persolvet:
1278 1596 1342 1615 nam
1374 1588 1502 1615 dominus
1516 1588 1605 1623 gregis
1619 1595 1699 1615 suum

908 1632 1033 1667 recipiet,
1051 1637 1080 1660 et
1105 1633 1152 1660 ille
1173 1641 1284 1668 quoque
1304 1633 1448 1660 insidiator
1467 1641 1562 1668 premas
1582 1633 1639 1661 luet
1661 1633 1700 1669 (id

907 1678 982 1705 enim
990 1683 1033 1705 est
1044 1678 1180 1713 duplum),
1194 1686 1226 1705 ac
1238 1678 1333 1705 mortis
1345 1686 1425 1713 paena
1438 1677 1609 1705 multabitur.
1621 1677 1699 1711 Quod

908 1724 981 1751 enim
999 1723 1059 1751 aliis
1078 1723 1169 1752 facere
1188 1724 1290 1757 voluit,
1310 1723 1338 1751 id
1355 1724 1413 1759 ipse
1434 1724 1496 1759 jure
1518 1724 1622 1759 optimo
1649 1731 1699 1759 pa-

908 1769 1004 1797 tietur.

944 1816 1041 1844 PALL.
1066 1817 1256 1845 Perniciosum
1268 1824 1333 1844 sane
1354 1824 1387 1844 ac
1410 1823 1492 1852 grave
1501 1819 1544 1842 est
1566 1815 1698 1850 decepto-

909 1871 970 1890 rum
983 1863 1099 1896 crimen,
1127 1863 1161 1891 de
1185 1863 1286 1898 quibus
1308 1863 1397 1898 ipsum
1426 1869 1536 1897 quoque
1557 1861 1697 1888 Christum

909 1909 1069 1944 prmdixisse
1089 1913 1172 1944 puto:
1190 1919 1198 1935 ι
1214 1908 1356 1936 Attendite
1368 1909 1402 1936 ab
1415 1909 1448 1935 iis
1464 1908 1511 1943 qui
1528 1907 1645 1935 veniunt
1662 1907 1697 1935 ad

908 1962 957 1982 vos
971 1955 999 1981 in
1011 1955 1184 1982 vestimentis
1212 1955 1322 1986 ovium,
1342 1954 1510 1981 intrinsecus
1524 1957 1616 1980 autem
1633 1956 1698 1980 sunt

909 2001 966 2036 lupi
979 2009 1093 2036 rapaces
1104 2001 1136 2028 °'.
1149 2011 1158 2027 ι

944 2046 1024 2073 CYR.
1035 2047 1120 2074 Recte
1133 2046 1216 2081 igitur
1226 2046 1270 2073 lex
1277 2045 1310 2073 de
1316 2044 1474 2080 hujusmodi
1485 2044 1624 2077 omnibus,
1635 2048 1698 2072 tan-

911 2099 992 2126 quam
1004 2091 1038 2119 de
1054 2090 1121 2118 feris
1133 2091 1242 2123 belluis,
1270 2094 1424 2118 extremum
1442 2089 1611 2124 supplicium
1633 2097 1697 2117 san-

910 2138 958 2165 xit.
973 2137 1113 2172 Scriptum
1125 2141 1168 2165 est
1184 2137 1259 2164 enim
1272 2137 1299 2164 in
1311 2136 1405 2163 Exodo
1418 2136 1548 2171 quidem:
1568 2145 1578 2161 ‹
1593 2135 1621 2163 Si
1636 2136 1698 2170 quis

910 2185 1018 2212 furatus
1031 2184 1116 2212 fuerit
1127 2184 1245 2218 aliquem
1257 2183 1291 2211 de
1312 2182 1376 2210 ﬁliis
1400 2182 1495 2215 Israel,
1507 2186 1535 2210 et
1551 2183 1578 2210 vi
1602 2182 1697 2217 oppri-

912 2239 989 2258 mens
1008 2238 1072 2258 cum
1092 2229 1266 2262 vendiderit,
1278 2233 1306 2257 et
1326 2229 1456 2256 inventus
1478 2228 1561 2256 fuerit
1583 2228 1611 2255 in
1626 2228 1697 2263 ipso,

912 2282 1000 2306 morte
1017 2277 1152 2304 moriatur
1166 2277 1199 2304 ".
1211 2285 1220 2302 ›
1246 2276 1278 2303 In
1304 2274 1519 2303 Deuteronomio
1539 2281 1605 2301 vero
1619 2282 1625 2300 :
1643 2284 1651 2300 ‹
1667 2273 1696 2301 Si

912 2327 1004 2351 autem
1026 2323 1215 2358 deprehensus
1227 2321 1313 2349 fuerit
1326 2321 1409 2348 homo
1421 2320 1508 2348 furari
1525 2319 1642 2347 animam
1664 2326 1698 2346 ex

910 2367 1042 2395 fratribus
1053 2367 1121 2399 suis,
1136 2367 1200 2394 ﬁliis
1211 2366 1307 2398 Israel,
1320 2370 1347 2393 et
1364 2366 1389 2392 vi
1412 2365 1582 2400 opprimens,
1606 2363 1696 2398 ipsum

912 2414 1087 2446 vendiderit,‘
1100 2413 1235 2440 morietur
1250 2412 1294 2439 fur
1305 2412 1351 2439 ille
1363 2411 1397 2438 ⁸⁸.
1414 2421 1422 2436 ι
1437 2411 1497 2438 Non
1509 2410 1582 2438 enim
1595 2409 1637 2437 fas
1654 2413 1697 2436 est

912 2459 980 2487 illud
1003 2466 1112 2487 sacrum
1137 2459 1164 2485 in
1185 2458 1297 2485 Christo
1319 2464 1406 2492 genus
1419 2456 1518 2491 przedae
1541 2455 1696 2490 expositum

911 2506 1018 2538 esse,’et
1029 2505 1063 2532 ad
1075 2504 1236 2532 servitutem
1250 2504 1386 2530 insuetam
1399 2501 1433 2529 ab
1447 2502 1481 2529 iis
1500 2501 1602 2536 quibus
1613 2500 1640 2527 id
1653 2500 1696 2527 fa—

911 2559 974 2579 cere
985 2551 1072 2579 moris
1084 2554 1137 2582 est,
1149 2549 1285 2585 pertrahi.
1298 2549 1334 2577 Ut
1350 2548 1425 2575 enim
1437 2547 1484 2582 qui
1510 2554 1612 2582 pueros
1622 2546 1698 2573 deci»

911 2598 1002 2633 piunt,
1016 2605 1065 2625 eos
1076 2605 1091 2624 a
1104 2596 1216 2624 civitate
1229 2600 1257 2623 et
1281 2594 1410 2623 domibus
1428 2594 1486 2621 suis
1507 2592 1657 2624 abducunt,
1669 2596 1698 2618 ct

912 2645 1082 2672 ornamentis
1094 2643 1231 2671 libertatis
1251 2641 1427 2677 exspoliatos,
1441 2644 1543 2668 coactae
1554 2638 1697 2666 servitutis

910 2691 976 2726 jugo
989 2690 1152 2726 subjiciunt,
1166 2689 1275 2722 eodem,
1286 2692 1319 2716 ut
1330 2689 1441 2723 opinor,
1456 2686 1549 2717 modo,
1562 2685 1609 2719 qui
1624 2685 1696 2711 mul-

900 2737 1052 2772 itiplicibus
1063 2739 1281 2764 commentorum
1294 2741 1406 2762 suorum
1420 2731 1630 2766 deccptionibns
1650 2738 1698 2758 eos

911 2784 956 2818 qui
971 2787 1046 2811 recte
1060 2782 1195 2814 sentiunt,
1219 2786 1247 2808 et
1261 2781 1324 2807 vitae
1347 2786 1432 2814 genus
1451 2777 1580 2805 excolunt
1600 2775 1698 2803 liberis

125 2872 338 2908 "Ephes.v,8.
376 2871 534 2904 “I‘iim.r,
555 2872 595 2899 15.
627 2871 746 2905 "13.1.1,
772 2872 793 2899 l.
819 2871 859 2900 “l

911 2871 946 2898 Ih.
963 2879 1007 2899 ιιι.
1025 2871 1066 2898 I5.
1103 2871 1123 2887 ’τ
1138 2869 1222 2898 Exod.
1235 2878 1290 2901 xxv.
1310 2869 1351 2897 l6.
1378 2869 1398 2884 "
1413 2869 1492 2896 Deut.
1508 2869 1613 2901 κυνῆ.
