1939 3041
230 131 282 160 559

739 127 768 155 S.
788 127 926 156 CYRILLI
945 124 1360 155 ALEXAN‘DRINLABCHIEP.

1815 121 1866 149 διο

232 186 391 215 hominibus
403 184 528 221 dignum,
543 184 577 213 ad
589 193 666 213 suam
689 185 882 213 stultissimam
904 188 1019 212 sentcn-

1072 184 1102 211 τὺ
1130 184 1221 219 σφίσιν
1242 183 1334 214 αὐτοῖς
1357 179 1525 216 ἀνοητότατα
1549 178 1658 212 δοκοῦν,
1684 177 1867 210 πολυπλόκοις

231 233 298 261 tiam
309 231 459 265 adducunt,
472 231 505 259 de
526 231 602 259 furto
613 239 646 260 ac
676 231 821 260 latrocmxo
838 232 1021 259 humanarum

230 280 384 307 animarum
396 278 437 306 rei
448 278 549 306 merito
564 278 641 311 ﬁent,
654 286 806 314 poenasque
819 283 943 306 extremo
954 286 1021 313 sup-

231 323 315 358 plicio
329 323 418 351 luent.
446 323 612 359 Hujusmodi
637 324 798 352 hominibus
822 332 912 358 neque
942 333 950 349 (
965 323 1021 351 Ave

232 368 359 396 dixeritis
372 369 406 401 θ’,
423 378 432 394 ι
458 368 550 404 inquit
573 369 723 396 Salvatoris
740 369 828 396 nostri
850 368 1020 403 discipulus:

231 421 288 441 non
300 413 374 448 quod
386 413 545 442 inhumanis
558 421 609 441 nos
620 422 682 442 esse
698 414 824 442 moribus
850 413 958 446 doceat,
972 413 1021 441 sed

231 460 306 495 quod
317 460 350 488 ad
362 461 529 489 commercia
554 469 618 489 cum
645 461 710 499 lupo
731 461 863 494 ineunda,
877 461 971 496 inepta
983 461 1020 489 sit

230 507 303 539 ovis,
328 511 357 534 et
382 507 456 534 inter
471 515 530 540 eos,
556 508 603 543 qui
624 507 850 535 animi‘sensibus
879 506 1019 539 differunt.

231 554 308 581 nulla
319 554 466 581 conventio
478 561 539 581 esse
554 554 641 589 possit
654 563 660 581 :
680 563 689 579 ι
702 553 767 586 Qua:
782 553 857 580 enim
871 561 933 588 pars
947 553 1021 580 tichi

229 606 294 626 cum
306 598 457 626 inﬁdeli"?
467 608 476 624 ι
490 599 628 626 Praaterea
639 606 702 626 cum
714 598 928 626 fornicatorihus
940 598 1022 633 hujus

230 643 327 670 mundi
338 651 394 670 non
406 643 580 670 commisceri
591 643 791 671 scribitbeatus
803 643 915 671 Paulus.
939 643 1022 679 256

228 689 270 716 Ne
282 689 329 724 qui
353 690 437 725 igitur
451 694 581 724 tanquam
597 698 612 717 e
631 690 729 725 patriis
748 689 820 717 focis
840 698 872 718 ex
895 690 1019 718 Ecclesia

231 735 279 763 Dei
300 736 454 771 rapiantur,
471 740 500 763 et
524 736 552 763 in
576 736 707 764 ecclesias
724 737 933 772 malignantium
945 736 1021 764 defe-

231 786 338 815 rantur,
355 781 421 809 dum
437 781 471 809 ad
491 782 607 810 vitiosos
629 790 720 810 mores
743 783 920 810 divertendos
939 790 1020 810 suum

231 827 353 855 animum
360 826 564 863 quodammodo
575 828 713 856 vendunt:
729 839 738 855 ‹
749 829 936 864 Corrumpunt
945 830 1020 857 enim

231 878 323 899 mores
347 872 435 900 bonos
460 873 597 908 colloquia
621 874 692 901 mala
706 874 743 901 “2
762 884 770 900 ι
787 874 885 902 mortis
911 883 1020 910 poenam

231 916 277 944 lex
287 918 431 946 constituit
442 919 471 946 in
482 927 531 946 eos
543 919 592 954 qui
615 919 645 947 id
655 919 748 948 facere
762 921 866 948 nefarie
878 921 939 949 ausi
959 921 1021 949 fue-

232 963 298 990 rint.
314 963 405 993 Facile
419 968 510 992 autem
522 965 616 993 videas
629 965 683 993 hoc
695 966 785 1001 ipsum
807 967 919 1001 oblique
940 967 1022 994 nobis

232 1009 287 1036 alio
301 1017 410 1045 quoque
424 1018 558 1046 responso
568 1011 657 1047 legem
673 1020 770 1040 rursus
792 1013 932 1041 indicare:
956 1021 1021 1040 nam

232 1056 369 1091 apertiore
379 1057 498 1092 quadam
519 1058 711 1094 intelligentia,
727 1064 755 1087 et
768 1067 830 1095 qua:
842 1068 858 1087 a
875 1060 1021 1094 quibusvis

233 1101 312 1129 facile
324 1103 428 1138 percipi
440 1103 539 1138 possit,
553 1111 597 1132 res
618 1105 753 1133 humanas
773 1106 925 1140 componit,
938 1110 966 1133 et
986 1105 1021 1133 ad

232 1152 340 1175 rectum
353 1152 455 1176 statum
477 1155 603 1178 revocat:
617 1158 707 1185 neque
729 1151 804 1178 enim
826 1151 970 1179 historiam
992 1152 1020 1179 in

231 1194 266 1222 iis
276 1199 354 1222 certe
378 1203 439 1230 qua:
451 1196 572 1223 maximo
583 1197 647 1225 nsui
659 1200 733 1230 sunt,
747 1201 878 1232 tanquam
890 1198 1020 1233 frigidam

230 1247 263 1267 ac
276 1244 398 1268 veterem
417 1242 545 1270 tollemus
561 1251 567 1269 :
581 1243 657 1270 utilis
669 1249 713 1272 est
725 1244 800 1272 enim
822 1252 1022 1281 nonnunquam

231 1286 406 1315 auditoribus
415 1288 473 1323 ipsa
485 1297 596 1324 quoque
621 1290 726 1323 littera,
739 1291 787 1318 sed
801 1298 833 1318 ea
856 1295 947 1319 tamen
960 1295 1022 1319 tan-

232 1339 315 1366 quam
328 1332 357 1360 in
375 1333 512 1368 profundo
522 1335 646 1362 continet
668 1343 714 1364 res
734 1336 902 1371 spirituales,
914 1341 943 1364 et
953 1337 1021 1364 sub-

232 1375 354 1404 tiliorum
367 1385 498 1406 sensuum
510 1379 566 1407 vim
584 1383 714 1415 tanquam
729 1380 758 1408 in
772 1381 901 1409 tenuibus
916 1382 1021 1410 umbris

232 1423 434 1458 complectitur.
447 1424 522 1452 Dixit
531 1425 616 1460 igitur
627 1426 656 1452 in
667 1426 762 1455 Exodo
774 1435 887 1455 rursus:
905 1428 948 1456 «Si
959 1430 1022 1464 quis

174 1501 179 1505 ~
231 1476 298 1496 vero
312 1468 452 1505 deceperit
462 1471 598 1507 virginem
620 1479 676 1499 non
698 1472 903 1507 desponsatam,
916 1478 945 1503 et
955 1474 1021 1503 dor-

232 1513 391 1542 mieritcum
402 1522 444 1548 ea,
457 1515 520 1544 dole
531 1516 704 1544 dotabiteam
712 1517 764 1544 sibi
775 1518 802 1545 in
810 1526 922 1547 uxorem
934 1520 1021 1554 :quod

231 1559 254 1586 si
267 1567 388 1588 renuens
407 1564 516 1593 renuat,
529 1565 557 1588 et.
580 1561 649 1589 nolit
668 1566 747 1596 pater
769 1562 844 1590 illius
869 1563 935 1591 dare
947 1564 1021 1592 illam

231 1605 284 1633 sibi
301 1614 426 1640 uxorem,
452 1596 595 1642 articulum
620 1609 710 1636 solvet
735 1609 807 1643 patri
831 1610 909 1644 juxta
929 1610 1021 1638 dotem

231 1652 372 1688 virginum
385 1653 418 1681 ⁷³.
435 1663 445 1680 ι
472 1654 530 1681 Hoc
542 1654 590 1682 Dei
603 1659 771 1690 prmceptum
785 1655 903 1684 dilatans
924 1656 1022 1685 beatus

232 1698 337 1734 Moyses
360 1700 388 1727 in
409 1700 641 1734 Deuteronomio,
666 1701 772 1736 inquit:
789 1711 798 1727 ι
814 1701 843 1730 Si
861 1707 952 1730 autem
979 1703 1022 1730 in-

230 1748 331 1772 ventus
342 1745 425 1773 fuerit
435 1746 518 1774 homo
529 1746 671 1775 dormiens
688 1755 751 1775 cum
767 1747 870 1776 femina
888 1749 1020 1778 collocata

230 1789 301 1824 viro,
319 1791 452 1819 occidetis
464 1793 570 1825 ambos,
586 1793 679 1820 virum
698 1794 881 1823 dormientem
903 1804 966 1823 cum
978 1796 1019 1824 fe—

231 1835 315 1868 mina,
328 1841 357 1864 et
373 1837 516 1865 mulierem
529 1838 615 1873 ipsam
628 1848 634 1866 :
648 1844 677 1866 et
693 1840 802 1868 auferes
824 1842 926 1870 malum
941 1843 976 1870 de
986 1843 1020 1870 fi-

231 1880 275 1908 liis
286 1881 378 1909 lsrael.
393 1881 421 1909 Si
433 1883 627 1912 autem-fuerit
647 1886 739 1920 puella
760 1887 837 1922 virgo
856 1887 1020 1922 desponsata

230 1927 302 1960 viro,
318 1932 346 1955 et
360 1928 505 1956 inveniens
517 1937 578 1958 cam
592 1931 675 1959 homo
688 1932 716 1959 in
736 1932 857 1966 civitate,
875 1934 1020 1962 dormierit

230 1980 293 1999 cum
312 1973 385 2008 ipsa:
399 1973 523 2003 educetis
538 1976 634 2004 ambos
646 1978 680 2005 ad
692 1982 799 2013 portam
813 1980 934 2008 civitatis
944 1981 1020 2016 ipso~

231 2027 304 2052 rum,
317 2024 345 2046 et
357 2020 496 2055 lapidibus
507 2021 672 2056 obruentur,
685 2029 713 2052 et
731 2026 886 2053 morientur
898 2035 905 2059 ;
924 2026 1019 2054 adole-

230 2065 395 2099 scentulam,
418 2067 482 2101 quia
503 2076 558 2096 non
578 2069 707 2098 clamavit
722 2071 751 2098 in
767 2072 896 2105 civitate;
915 2076 944 2100 et
965 2073 1018 2100 ho-

230 2111 343 2144 minem,
369 2112 435 2147 quia
452 2113 608 2142 humiliavit
631 2124 745 2144 uxorem
768 2117 885 2152 proximi
907 2118 965 2145 sui:
991 2123 1020 2146 et

229 2156 360 2185 auferetis
371 2158 592 2188 malumavobis
605 2162 682 2197 ipsis.
707 2162 756 2189 Sin
781 2167 873 2191 autem
899 2164 927 2191 in
952 2172 1019 2200 agro

1035 1540 1055 1569 C

1073 230 1180 258 twoth
1205 229 1323 259 ἀπάταις
1345 225 1570 262 ὰποκομίζοντες,
1598 224 1728 260 λῃστείας
1754 224 1867 256 εἰκότως

1072 276 1121 311 τῆς
1138 276 1184 303 ἐπὶ
1197 275 1296 310 ψυχαῖς
1313 272 1475 308 ἀνθρώπων,
1496 270 1662 306 ὑπομενοῦσι
1677 270 1727 305 τὴν
1743 269 1866 304 γραφήν·

1073 321 1151 357 ποινὴ
1164 322 1191 348 δὲ
1206 322 1297 352 αὐτοῖς
1307 321 1321 347 ὁ
1331 319 1453 350 θάνατος.
1468 318 1529 348 Τοῖς
1541 317 1680 349 τοιούτοις,
1695 315 1765 351 μηδὲ
1777 324 1787 340 ι
1803 315 1870 341 Χαί-

1073 377 1130 404 ρειν
1145 367 1250 402 λέγετε,
1270 376 1279 393 ι
1299 365 1366 401 φησὶ
1381 364 1427 391 τοῦ
1443 363 1569 399 Σωτῆρος
1581 363 1595 389 ὁ
1610 361 1746 398 μαθητὴς,
1763 361 1817 387 οὐκ
1831 361 1870 391 εἰς

1071 415 1179 451 τρόπων
1203 414 1277 449 ἡμᾶς
1301 412 1452 448 ἀγριότητα
1477 409 1671 444 παιδαγωγῶν,
1688 407 1747 435 ἀλλ’
1765 407 1809 433 ὅτι
1832 406 1872 442 τῷ

1071 461 1146 496 λύκῳ
1169 461 1200 488 τὸ
1226 459 1362 495 πρόϐατον
1390 458 1431 490 είς
1457 457 1590 488 διαθέσεις
1613 455 1664 482 οὐκ
1693 454 1870 490 ἐπιτήδειον·

1072 505 1217 542 ἀσύμϐατα
1241 505 1269 532 δὲ
1293 504 1388 539 ὥσπερ
1410 502 1546 538 ἀλλήλοιν,
1570 500 1605 528 τὰ
1635 498 1871 535 ἐτερογνωμονείν

1071 552 1193 579 εἰωθότα·
1214 560 1223 577 ‹
1243 549 1291 582 Τίς
1315 549 1369 585 γὰρ
1399 549 1477 584 μερὶς
1495 546 1584 582 πιστῷ
1602 545 1671 582 μετὰ
1695 544 1835 576 antistat);
1858 552 1869 568 ι
1898 582 1902 585 ι

1071 598 1126 624 Καὶ
1150 597 1216 632 πρός
1241 605 1273 630 γε
1289 596 1321 631 δὴ
1341 595 1455 627 τούτοις,
1479 595 1535 626 τοῖς
1559 593 1670 628 πόρνοις
1692 591 1741 618 τοῦ
1770 591 1870 622 αἰῶνος

1070 642 1165 669 τούτου
1179 642 1216 678 μὴ
1235 639 1486 668 συναναπλέκεσθαι
1499 639 1565 670 δεῖν,
1578 639 1591 666 ὁ
1604 638 1749 669 θεσπέσιος
1760 637 1871 668 Παῦλος

1071 688 1183 724 γράφει.
1205 687 1263 715 Ἵνα
1275 687 1365 714 τοίνυν
1381 687 1418 721 μὴ
1438 685 1565 720 καθάπερ
1578 685 1609 711 ἐκ
1627 683 1760 719 πατρῴας
1773 682 1871 714 ἑστίας

1070 735 1120 769 τῆς
1141 734 1303 770 Ἐκκλησίας
1325 732 1373 760 τοῦ
1389 731 1456 759 Θεοῦ
1479 730 1696 767 καθαρπὰξοιντό
1721 738 1807 762 τινες,
1822 729 1872 756 καὶ

1071 782 1111 813 είς
1135 779 1282 816 ἐκκλησίας
1305 778 1486 814 ἁποφέροιντο
1502 777 1737 813 πονηρευομένων,
1751 777 1814 807 ταῖς
1828 776 1871 807 είς

1071 827 1227 862 φαυλότητα
1245 826 1436 862 παρατροπαῖς
1456 824 1501 851 τὸν
1517 824 1617 850 οἰκεῖον
1631 823 1726 858 ὥσπερ
1745 830 1870 849 καταπι-

1074 874 1242 910 πράσιιοντες
1262 871 1336 904 νοῦν,
1354 881 1363 897 ι
1381 870 1523 906 Φθείρουσι
1546 869 1600 904 γὰρ
1612 869 1664 904 ἢθη
1680 867 1790 904 χρηστὰ
1803 868 1869 903 ὁμι-

1074 921 1127 947 λίαι
1143 919 1236 950 κακαὶ,
1256 927 1265 943 ι
1287 918 1400 945 θάνατον
1414 916 1500 952 ὁρίζει
1518 915 1567 951 τὴν
1586 915 1663 950 δίκην
1678 916 1692 942 ὁ
1711 915 1796 949 νόμος
1810 915 1871 945 τοῖς

1073 966 1151 993 τοῦτο
1175 965 1240 1001 δρᾷν
1263 963 1431 991 ἀνοσιώτατα
1454 961 1716 998 προτεθυμημένοις.
1741 959 1823 992 Ἴδοις
1845 959 1870 986 δ’

1074 1012 1106 1039 ἃν
1118 1011 1184 1039 αὐτο
1195 1010 1317 1045 πλαγίως
1330 1011 1395 1044 ἡμῖν
1412 1008 1594 1042 ὑποφαίνοντα
1611 1007 1693 1034 πάλιν
1706 1006 1802 1042 νόμον,
1819 1005 1870 1032 καὶ

1073 1059 1106 1085 δι’
1122 1058 1216 1094 ἐτέρου
1243 1056 1491 1092 χρησμῳδήματος.
1514 1053 1721 1090 Καταρυθμίζει
1742 1053 1800 1088 γὰρ
1821 1053 1871 1079 ἐπὶ

1074 1105 1104 1132 τὸ
1118 1104 1178 1139 ἔχον
1202 1103 1290 1139 ὀρθῶς
1312 1102 1346 1129 τὰ
1362 1103 1390 1128 ὲν
1404 1101 1499 1136 κόσμῳ
1516 1101 1677 1136 πράγματα,
1693 1099 1737 1127 διὰ
1751 1099 1804 1135 τῆς
1819 1100 1870 1135 ἐμ.-

1075 1150 1242 1185 φανεστέρας
1256 1149 1304 1176 καὶ
1317 1147 1428 1183 ἑτοίμης
1445 1147 1515 1173 ἑλεῖν
1528 1148 1583 1178 τοῖς
1595 1146 1718 1172 ἐθέλουσι
1734 1145 1868 1181 θεωρίας.

1075 1197 1111 1224 Οὐ
1126 1197 1180 1231 γάρ
1189 1204 1231 1222 τοι
1242 1194 1290 1230 τὴν
1301 1193 1420 1228 ἱστορίαν
1433 1192 1460 1220 ἐν
1471 1201 1503 1227 γε
1516 1194 1572 1224 τοῖς
1583 1193 1623 1219 ὅτι
1638 1191 1757 1227 μάλιστα
1769 1190 1869 1226 χρησι-

1075 1250 1136 1277 μοις
1149 1241 1187 1273 ὡς
1200 1241 1282 1268 ἕωλον
1304 1240 1498 1276 ἀναιρήσομεν.
1527 1239 1634 1273 Ὀνήσει
1660 1238 1715 1274 γὰρ
1739 1236 1799 1264 ἐσθ’
1822 1237 1869 1263 ὅτε

1075 1289 1122 1315 καὶ
1148 1287 1213 1314 αὐτὸ
1233 1287 1265 1314 τὸ
1286 1287 1404 1322 γράμμα
1425 1285 1489 1317 τοὺς
1508 1285 1713 1321 ἀκροωμένους,
1729 1283 1822 1311 ὠδίνει
1836 1284 1867 1310 δὲ

1074 1334 1168 1369 ὥσπερ
1182 1334 1211 1361 ἐν
1226 1332 1303 1368 βάθει
1313 1332 1348 1360 τὰ
1362 1332 1546 1366 πνευματικὰ,
1563 1331 1609 1358 καὶ
1629 1330 1684 1357 τῶν
1700 1330 1869 1365 ίσχνοτέρων

1074 1378 1183 1406 ὲννοιῶν
1197 1379 1246 1414 τὴν
1256 1378 1369 1413 δύναμιν
1380 1378 1417 1409 ὡς
1431 1378 1460 1403 ἐν
1474 1377 1562 1409 σκιαῖς
1575 1376 1632 1412 ἔχει
1647 1375 1770 1407 λεπταῖς.
1790 1375 1866 1410 Ἔφη

1075 1425 1103 1452 δὲ
1118 1426 1148 1452 ἐν
1164 1427 1197 1461 τῇ
1219 1424 1316 1461 Ἐξόδῳ
1329 1424 1420 1451 ’πάλιν⁴
1437 1432 1446 1449 ι
1472 1423 1534 1450 Ἐὰν
1551 1423 1580 1449 δέ
1594 1431 1636 1454 τις
1650 1422 1781 1457 ἀπατήσῃ
1793 1429 1866 1457 παρ-

1075 1471 1149 1498 θένον
1164 1470 1361 1506 ἀμνήστευτον,
1384 1469 1430 1496 καὶ
1447 1468 1565 1504 κοιμηθῇ
1584 1468 1643 1503 μετ’
1664 1467 1761 1503 αὐτῆς,
1778 1467 1865 1502 ῳερνῇ

1075 1518 1181 1553 φερνιεί
1206 1516 1290 1552 αὐτὴν
1315 1515 1405 1551 ἐαυτῷ
1433 1516 1559 1550 γυναῖκα.
1594 1514 1656 1541 Ἐὰν
1676 1513 1704 1541 δὲ
1723 1512 1866 1540 ἀνανεύων

1072 1563 1222 1600 ὰνανεύσῃ,
1239 1563 1287 1590 καὶ
1307 1562 1345 1599 μὴ
1367 1562 1495 1598 βούληται
1521 1563 1535 1589 ὁ
1557 1561 1650 1597 πατὴρ
1664 1559 1750 1594 αὐτῆς
1771 1559 1865 1586 δοῦναι

1072 1610 1158 1646 αὐτὴν
1182 1609 1258 1645 αὑτῷ
1273 1610 1401 1644 γυναῖκα,
1414 1608 1546 1645 ἀργύριον
1571 1607 1695 1634 ἀποτίσει
1713 1605 1753 1640 τῷ
1778 1605 1866 1640 πατρὶ

1072 1654 1131 1681 καθ’
1145 1655 1207 1682 ὅσον
1229 1655 1303 1681 ἐστὶν
1326 1655 1343 1690 ἡ
1363 1654 1449 1690 φερνὴ
1465 1654 1518 1682 τῶν
1533 1652 1685 1689 παρθένων,
1702 1661 1711 1677 ι
1733 1651 1865 1686 Ἀνευρύο

1071 1710 1124 1728 νων
1149 1701 1177 1728 δὲ
1197 1700 1292 1736 ὥσπερ
1308 1701 1373 1736 ἡμῖν
1395 1701 1445 1737 τὴν
1460 1699 1535 1727 θείαν
1549 1698 1669 1735 ἐντολὴν.
1684 1699 1698 1725 ὁ
1718 1697 1865 1729 θεσπέσιος

1071 1747 1174 1782 Μωσῆς
1190 1747 1220 1774 ὲν
1238 1747 1277 1783 τῷ
1300 1748 1501 1784 Δευτερονομίῳ
1522 1747 1620 1783 φησίν·
1651 1757 1660 1773 ι
1684 1746 1747 1774 Ἐὰν
1769 1746 1799 1773 δὲ
1816 1746 1864 1772 εύ-

1073 1793 1136 1829 ρεθῇ
1161 1793 1303 1830 ἄνθρωπος
1334 1794 1505 1830 κοιμώμενος
1551 1794 1621 1830 μετὰ
1647 1793 1776 1828 γυναικὸς
1798 1801 1860 1819 aw-

1070 1839 1226 1874 ῳκισμένης
1238 1839 1325 1875 ἀνδρὶ,
1341 1841 1514 1867 ἀποκτενεῖτε
1523 1840 1705 1875 ἀμφοτέρους,
1716 1839 1762 1866 τὸν
1776 1839 1861 1874 ἄνδρα

1070 1888 1115 1914 τὸν
1127 1887 1298 1922 κοιμώμενον
1311 1885 1380 1922 μετὰ
1394 1887 1442 1921 τῆς
1457 1887 1596 1920 γυναικὸς,
1609 1886 1657 1913 καὶ
1666 1886 1716 1921 τὴν
1731 1887 1860 1920 γυναῖκα.

1071 1934 1118 1961 καὶ
1140 1933 1247 1970 ὲξαρεῖς
1268 1933 1299 1959 τὸ
1319 1933 1437 1968 πονηρὸν
1461 1932 1491 1965 ἐξ
1519 1932 1584 1959 υἱῶν
1601 1932 1720 1968 Ἰσραήλ.
1743 1932 1809 1959 Ἐὰν
1833 1931 1861 1958 δὲ

1070 1980 1181 2014 γένηται
1195 1979 1331 2014 παρθένος
1349 1979 1577 2014 μεμνηστευμένη
1602 1978 1689 2014 ἀνδρὶ,
1709 1979 1757 2005 καὶ
1773 1977 1860 2013 εὑρὼν

1070 2027 1154 2062 αὐτὴν
1167 2025 1309 2061 ἄνθρωπος
1324 2026 1353 2052 ἐν
1374 2025 1465 2057 πόλει,
1484 2025 1602 2060 κοιμηθῇ
1618 2025 1674 2060 μετ’
1701 2024 1799 2059 αὐτῆς,
1817 2024 1859 2056 ἑξ-

1070 2071 1147 2105 άξετε
1162 2071 1334 2107 ἀμφοτέρους
1344 2071 1390 2098 ἐπὶ
1411 2071 1460 2106 τὴν
1474 2070 1561 2106 πύλην
1578 2070 1627 2105 τῆς
1639 2069 1744 2101 πόλεως
1755 2069 1857 2101 αὐτῶν,

1070 2119 1117 2145 καὶ
1130 2118 1386 2153 λιθοϐοληθήσονται
1405 2118 1434 2145 ὲν
1453 2117 1547 2150 λίθοις,
1569 2117 1616 2144 καὶ
1638 2115 1855 2143 ἀτωθανοῦνταιι

1069 2165 1118 2201 τὴν
1134 2164 1234 2194 νεάνιν.
1246 2165 1288 2191 ὃτι
1301 2164 1350 2191 οὑκ
1364 2164 1476 2199 ἐϐόησεν
1490 2164 1518 2190 tv
1533 2165 1566 2199 τῇ
1587 2162 1673 2195 πόλει,
1690 2162 1737 2189 καὶ
1754 2162 1801 2189 τὸν
1813 2162 1857 2188 ἄν-

230 2202 368 2231 invenerit
380 2203 462 2232 homo
474 2206 593 2240 puellam
609 2207 813 2242 desponsatam,
838 2213 867 2236 et
882 2210 908 2236 vi
925 2211 1019 2245 oppri-

1071 2212 1190 2247 θρωπον,
1218 2211 1259 2238 ὅτι
1285 2211 1452 2247 ἐταπείνωσε
1471 2210 1521 2245 τὴν
1543 2210 1661 2244 γυναῖκα
1675 2208 1723 2235 τοῦ
1744 2208 1857 2243 πλησίον

229 2255 309 2276 mens
335 2249 480 2278 dormierit
501 2260 565 2280 cum
582 2261 624 2286 ea,
643 2254 776 2281 occidetis
798 2255 946 2289 hominem,
970 2258 1019 2291 qui

229 2295 362 2324 dormivit
376 2304 438 2325 cum
451 2306 495 2332 ea,
517 2299 667 2333 duntaxat;
696 2300 907 2330 adolescentulze
927 2308 1019 2331 autem

230 2341 299 2369 nihil
328 2342 449 2372 facietis:
474 2353 529 2373 non
560 2346 614 2372 erit
643 2346 856 2376 adolescentulae
877 2355 1018 2383 peccatum

229 2388 341 2423 mortis;
355 2391 420 2425 quia
441 2391 514 2418 sicut
539 2391 562 2419 si
575 2392 638 2427 quis
657 2393 784 2429 insurgat
806 2394 889 2423 homo
913 2396 941 2423 in
954 2405 1019 2432 pro-

229 2435 336 2463 simum
357 2445 438 2466 suum
451 2458 458 2470 ,
472 2442 501 2466 et
515 2439 624 2466 occidat
636 2440 696 2475 ejus
707 2441 838 2474 animam,
859 2442 899 2470 sic
910 2443 963 2471 hoc
976 2444 1015 2472 fa-

228 2486 321 2516 ctum;
337 2484 403 2518 quia
417 2485 445 2511 in
457 2492 524 2519 agro
536 2485 643 2513 invenit
669 2495 740 2520 eam,
764 2488 893 2516 clamavit
921 2490 1016 2518 adole-

229 2529 355 2556 scentula
377 2529 554 2564 desponsata,
581 2535 610 2558 et
634 2539 690 2559 non
717 2533 779 2566 fuit,
801 2535 849 2569 qui
874 2536 1017 2571 adjuvaret

227 2581 289 2601 eam
299 2575 332 2602 ⁷³.
350 2585 359 2600 ι
374 2575 453 2610 257
480 2576 559 2609 Quod
572 2577 655 2613 igitur
667 2578 700 2606 ad
719 2579 862 2608 historiam
885 2583 1015 2616 pertinet,

228 2621 313 2652 nulla,
331 2624 362 2647 ut
376 2621 484 2655 opinor,
509 2623 680 2658 expositione
704 2625 819 2661 indiget,
833 2631 864 2654 ut
885 2628 1014 2663 cuiquam

228 2665 372 2700 perspicua
385 2666 446 2694 fiat:
460 2673 554 2703 aperta
565 2674 630 2698 sunt
641 2671 714 2698 enim
727 2673 818 2700 omnia
829 2677 911 2708 atque
925 2676 1013 2702 mani—

228 2711 311 2739 festa:
337 2714 516 2747 quamobrem
541 2715 610 2750 haec,
634 2721 665 2744 ut
686 2718 754 2746 mihi
786 2719 906 2753 videtur,
931 2721 1014 2749 nobis

228 2756 379 2785 omittenda
400 2764 464 2787 sunt
488 2760 522 2787 ad
551 2769 682 2796 praesens,
698 2767 725 2789 et
739 2771 788 2798 per
808 2764 970 2792 interiorem
983 2766 1014 2793 il-

1068 2256 1168 2284 αὑτοῦ·
1193 2257 1240 2284 καὶ
1255 2255 1377 2292 ὲξαρεῖτε
1402 2255 1432 2283 τδ
1457 2255 1574 2291 πονηρὸν
1599 2254 1629 2287 ἐξ
1654 2253 1732 2290 ὑμῶν
1757 2254 1854 2282 αὐτῶν.

1074 2304 1136 2330 Ἐὰν
1149 2303 1177 2330 δὲ
1189 2304 1218 2330 tv
1236 2303 1318 2338 πεδίῳ
1331 2302 1398 2338 εὕρῃ
1418 2302 1561 2338 ἄνθρωπος
1577 2301 1627 2336 τὴν
1648 2301 1856 2336 μεμνηστευμέ-

1069 2357 1126 2383 νην,
1147 2349 1195 2375 καὶ
1216 2347 1380 2383 βιασάμενος
1401 2346 1519 2382 κοιμηθῇ
1545 2346 1605 2381 μετ’
1628 2345 1723 2380 αὐτῆς,
1740 2346 1855 2372 ἀποκτε-

1069 2395 1137 2421 νεῖτε
1159 2394 1204 2420 τὸν
1229 2394 1383 2429 ἄνθρωπον,
1411 2393 1458 2420 τὸν
1481 2391 1653 2428 κοιμώμενον
1677 2392 1737 2427 μετ’
1760 2392 1854 2426 αὐτῆς,

1072 2441 1165 2476 μόνον·
1195 2442 1228 2475 τῇ
1242 2440 1270 2466 δὲ
1289 2439 1389 2466 νεάνιδι
1409 2439 1538 2474 ποιήσετε
1559 2438 1645 2470 οὐδὲν,
1663 2438 1714 2464 οὐκ
1733 2437 1811 2464 ἔσται
1823 2438 1852 2472 τῇ

1069 2478 1168 2513 νεανιδι
1184 2485 1336 2521 ἁμάρτημα
1352 2484 1480 2517 θανάτου,
1496 2485 1537 2510 ὃτι
1556 2483 1593 2515 ὼς
1612 2483 1639 2510 εί
1659 2491 1702 2515 τις
1719 2483 1852 2517 ἐπαναστῇ

1070 2532 1210 2569 ἄνθρωπος
1227 2531 1273 2558 ἐπὶ
1294 2530 1340 2558 τὸν
1361 2530 1476 2565 πλησίον
1498 2528 1591 2560 αὑτοῦ,
1611 2529 1659 2555 καὶ
1678 2527 1796 2563 φονεύσῃ
1807 2528 1852 2554 αύ-

1069 2580 1116 2607 τοῦ
1134 2580 1183 2615 τὴν
1203 2579 1302 2614 ψυχὴν,
1322 2578 1409 2610 οὕτως
1427 2579 1458 2605 τὸ
1480 2578 1596 2614 πρᾶγμα
1615 2576 1703 2608 τοῦτο,
1717 2577 1758 2602 ὅτι
1773 2576 1802 2602 tv
1817 2575 1852 2610 τῷ

1070 2626 1148 2661 ἀγρῷ
1161 2622 1241 2661 εὗρεν
1254 2625 1349 2660 αὐτὴν,
1364 2625 1476 2660 ἐϐόησεν
1498 2625 1514 2660 ἡ
1529 2623 1619 2655 νεάνις
1639 2624 1656 2658 ὴ
1685 2630 1852 2658 μεμνηστευ-

1070 2673 1150 2708 μὲνη,
1166 2672 1213 2699 καὶ
1223 2673 1237 2698 ὁ
1250 2671 1391 2707 βοηθήσων
1401 2671 1451 2697 οὐκ
1464 2668 1499 2705 ἦν
1514 2670 1593 2705 αὐτῇ,
1615 2678 1624 2695 ι
1636 2669 1672 2695 Τὸ
1688 2668 1736 2704 μὲν
1752 2665 1797 2694 οὖν
1807 2667 1850 2702 τῆς

1069 2709 1197 2753 ἱστορίας,
1208 2717 1313 2749 οὐδενὸς
1327 2715 1404 2752 οἶμαι
1418 2725 1467 2743 που
1479 2716 1624 2751 δεήσεσθαι
1639 2715 1730 2750 λόγου,
1745 2714 1812 2750 πρὸς
1823 2713 1850 2740 τὸ

1069 2765 1187 2792 συνιέναι
1206 2762 1333 2790 δύνασθαί
1349 2771 1404 2789 τισι
1416 2771 1423 2778 ·
1442 2763 1514 2797 σαφῆ
1529 2762 1584 2797 γὰρ
1600 2761 1658 2788 λίαν
1671 2760 1718 2787 καὶ
1740 2759 1847 2795 ἐναργῆ.

281 2847 301 2863 ⁶⁹
315 2848 346 2883 ll,
360 2849 492 2886 Joanle.
525 2851 548 2867 ⁷⁰
561 2851 583 2878 ll
599 2851 662 2879 Cor.
674 2860 708 2886 Vl,
733 2853 772 2880 15.
804 2855 823 2870 ⁷¹
841 2855 926 2882 lCor.
942 2864 985 2888 xv,
999 2855 1042 2883 35.
1068 2856 1089 2872 ⁷²
1109 2855 1194 2883 Exod.
1208 2863 1274 2888 xxii,
1292 2854 1332 2888 lG,
1354 2855 1394 2882 l7.
1428 2855 1450 2872 ⁷³
1462 2855 1541 2882 Deut.
1556 2862 1622 2888 xm,
1634 2853 1669 2882 22
1685 2860 1763 2890 seqq.
