1939 3041
38 159 114 186 511'

410 159 453 187 DE
472 160 691 188 ADORATIONE
710 161 744 188 lN
764 160 900 190 SPIRITU
920 161 964 189 ET
986 162 1170 190 VERITATE.
1192 163 1255 191 LIB.
1276 164 1344 192 Vill.

1633 166 1686 194 512

38 218 97 242 Δεῖ
112 216 142 243 δὲ
159 216 247 252 ἡμᾶς,
265 215 303 248 ὥς
317 214 400 248 ἔοικε,
411 215 491 242 ταυτὶ
509 215 640 250 μεθέντας
650 216 689 248 είς
703 216 734 242 τὸ
751 216 848 252 παρὸν,

910 226 953 245 am
967 218 1203 253 occultioremqne
1232 219 1358 247 semitam
1391 213 1684 257 est-ingrediendum.

37 262 100 298 τὴν
117 262 177 289 ἔσω
189 270 220 289 τε
241 262 288 288 καὶ
307 261 503 296 κεκρυμμένην
516 261 585 288 ἰέναι
603 260 705 297 τρίῦον.

84 309 196 335 ΠΔΛΛ.
210 307 284 334 Πάνυ
299 307 346 343 μὲν
360 305 417 334 οὖν.

83 355 175 382 ΚΥΡ.
194 354 267 389 Φημὶ
282 354 313 389 δὴ
331 351 389 387 οὖν,
406 353 446 380 ὅτι
461 353 556 389 ὥσπερ
570 354 599 380 ὲν
616 354 671 386 τοῖς
682 354 723 385 είς
732 354 848 388 γυναῖκα

42 400 291 436 πλημμελήμασι,
313 399 345 425 τὸ
371 399 481 426 πάντων
507 398 539 426 ἂν
556 399 598 434 εἴη
624 399 812 434 παγχάλεπον,
830 401 847 435 ή

45 446 187 480 μοιχεία,ξ
201 445 247 473 τὸν
268 444 361 480 ἑτέρου
388 444 460 476 τινὸς
484 444 659 480 παραλύουσα
679 445 778 480 γάμον,
803 444 849 471 καὶ

41 491 108 518 τῶν
136 492 188 527 ἤδη
208 491 388 526 συνημμένων
404 490 518 517 ποιοῦσα
543 490 689 524 διάζευξιν,
715 491 786 517 κατὰ
803 491 849 518 τὸν

43 538 150 570 αὑτὸν,
172 536 259 573 οἶμαι,
276 537 382 564 τουτονὶ
406 537 518 572 τρόπον,
541 536 594 564 τῶν
615 538 655 569 εἰς
677 537 850 573 ἀνθρωπίνας

43 584 146 620 ψυχὰς
171 585 351 620 αῐτιαμάτων,
369 583 400 610 τὸ
414 583 523 610 πάντων
547 583 666 618 μάλιστά
684 585 742 610 ὲοτι
757 584 850 610 δυσσε-

45 630 188 666 ϐέστερόν
202 639 233 657 τε
256 630 302 657 καὶ
316 629 528 665 ἀφορητότερον,
551 629 581 656 τὸ
602 629 779 665 ἐπιτηδεῦσαι
798 629 850 664 τὴν

45 676 248 712 παραφθορὰν,
269 676 319 702 οὐκ
341 676 381 706 εἰς
391 675 441 711 τὴν
457 675 590 710 τυχοῦσαν
605 675 707 708 ἁπλῶς,
725 675 793 702 ἀλλὰ
811 676 850 706 εἰς

45 721 104 757 τὴν
126 721 179 756 ἤδη
204 721 305 756 τρόπον
328 720 390 746 τινὰ
413 720 620 756 συνῳκισμένην
633 720 681 747 καὶ
705 719 850 746 ἑνωθεῖσαν

46 766 179 803 Χριστῷ,
196 766 235 801 τῷ
247 766 349 793 ἄνωθέν
361 774 391 792 τε
404 765 451 792 καὶ
464 765 493 798 ἐξ
505 765 619 801 οὐρανοῦ
632 766 741 801 νυμφίῳ
752 774 758 780 ·
775 764 850 792 ἑνού-

49 813 130 848 μεθα
151 812 208 848 γὰρ
229 812 304 848 αὐτῷ
329 811 373 839 διά
393 821 423 839 τε
437 812 488 847 τῆς
511 811 639 844 πίστεως,
662 811 709 838 καὶ
726 810 848 846 προσέτι,

47 858 103 885 τοῦ
119 858 286 894 μεταλαχεῖν
300 857 378 892 ἁγίου
394 857 553 893 Πνεύματος
565 865 572 874 δ
592 867 601 883 ι
629 857 659 884 '0
674 857 728 893 γάρ
748 855 849 884 κολλώ-

933 308 1031 336 PALL.
1045 308 1117 336 Sane
1130 309 1252 344 quidem.

932 354 1012 382 ΟΥΕ.
1036 355 1166 382 Arbitror
1184 355 1269 391 igitur
1289 360 1319 396 ut
1335 356 1408 384 inter
1432 362 1542 392 peccata
1551 358 1584 385 'in
1605 358 1685 387 femi-

898 408 962 427 nam
990 400 1110 428 admissa
1132 402 1325 436 gravissimum
1346 406 1390 430 est
1414 403 1589 435 adulterium.
1612 405 1686 440 quod

899 445 1008 481 nuptias
1016 446 1130 474 alterius
1143 447 1237 480 violet,
1252 451 1280 474 et
1292 448 1348 483 jam
1360 449 1664 486 conjunctosdisjungat
1678 459 1685 483 ;

899 492 940 520 sic
952 501 1065 527 prorsus
1076 493 1224 520 criminum
1237 494 1265 520 in
1277 494 1410 521 humanas
1427 495 1533 522 animas
1547 500 1687 531 perpetra-

901 542 992 564 torum
1004 538 1127 565 omnium
1153 538 1270 565 maxime
1293 539 1442 572 nefarium,
1462 547 1493 566 ac
1517 541 1630 568 minime
1645 542 1684 569 fe-

900 583 1017 611 rendum
1033 591 1104 617 esse,
1119 584 1210 611 moliri
1220 585 1414 620 corruptelam,
1429 593 1483 612 non
1497 586 1525 612 in
1537 587 1688 621 quamlibet

900 629 1019 657 animam
1033 634 1147 662 temere,
1157 630 1204 658 sed
1218 631 1245 657 in
1257 639 1316 658 eam
1337 639 1397 666 quae
1406 632 1462 666 jam
1476 632 1557 659 modo
1569 634 1686 667 quodam

899 676 1033 703 collocata
1055 680 1114 703 erat
1133 680 1161 703 et
1181 676 1326 711 conjuncta
1348 676 1458 704 Christo
1472 698 1479 710 ,
1504 686 1625 713 superno
1647 679 1687 705 illi

904 721 1065 756 emlcstique
1077 729 1194 756 sponso:
1206 721 1347 758 iungimur
1359 727 1451 750 autem
1464 722 1504 749 illi
1526 731 1576 758 per
1588 723 1669 750 iidem
1680 743 1688 756 ,

900 773 927 795 et
941 772 1074 802 praeterea
1091 776 1141 802 per
1168 768 1287 803 Spiritus
1313 769 1399 797 sancti
1425 769 1688 805 participationem:

905 823 914 839 ι
929 813 980 847 Qui
992 813 1066 840 enim
1078 814 1199 841 adhaeret
1213 815 1339 847 Domino,
1361 823 1433 843 unus
1447 816 1562 850 spiritus
1577 816 1660 846 est".
1676 825 1686 842 ν

901 860 1052 887 secundum
1061 860 1295 895 ScripturasJure
1303 861 1394 896 itaque
1402 862 1444 888 lex
1453 862 1534 889 simul
1542 870 1604 889 cum
1610 862 1692 890 adul-

51 913 139 940 μενος
153 905 193 940 τῷ
211 905 315 940 Κυρίῳ,
331 904 359 931 ἓν
376 904 484 940 πνεῦμά
499 906 567 938 ἐστι,
589 914 599 931 υ
616 904 687 931 κατὰ
709 904 759 935 τὰς
779 904 849 938 Γρα-

908 909 1007 932 erante
1013 905 1194 933 adulteratam
1203 913 1312 941 quoque
1320 911 1407 933 morte
1419 907 1518 934 multat
1528 916 1534 934 τ
1548 907 1624 934 illum
1631 907 1691 943 qui-

50 951 122 985 φάς.
142 950 257 986 Θανάτῳ
278 950 310 985 δὴ
326 947 372 977 οὖν
387 950 401 976 ό
423 950 506 985 νόμος
528 951 642 985 τιμᾶται
657 950 768 981 δικαίως
782 949 850 985 ὁμοῦ

50 996 95 1032 τῷ
107 996 281 1033 μοιχεύσαντι
305 996 354 1032 τὴν
370 996 605 1032 πεπορνευμένην,
620 995 667 1023 καὶ
684 996 730 1023 τὸν
744 995 792 1031 μὲν
813 995 851 1026 ὼς

52 1042 168 1069 ὲνιέντα
187 1043 238 1077 τῆς
251 1042 364 1078 ἑνούσης
378 1042 453 1077 αὐτῷ
465 1041 627 1073 δυσσεϐείας
643 1041 678 1068 τὰ
694 1041 850 1076 σπέρματα,

51 1092 108 1127 τὴν
123 1092 164 1124 δὲ,
185 1092 225 1118 an
239 1091 284 1118 τὸν
303 1091 354 1126 τῆς
370 1091 546 1126 γνησιότητος
563 1089 735 1125 άτιμάζουσα
758 1089 851 1124 νόμον,

53 1138 147 1173 ἑτέρῳ
157 1137 263 1172 γέγονε,
276 1137 324 1164 καὶ
332 1138 392 1169 ταῖς
405 1135 510 1163 ἐκείνου
525 1135 718 1171 παραφθοραῗς
729 1134 853 1162 άπλοῦσα

53 1185 104 1213 τὸν
120 1185 196 1219 νοῦν,
210 1185 257 1212 τὸν
270 1184 299 1218 ta
315 1183 494 1220 ἀνθρωπίνων
516 1183 681 1219 εὑρημάτων
699 1181 853 1216 εἰσεδέξατο

57 1231 212 1266 μολυσμόν.

94 1277 203 1304 ΠΔΛΛ.
224 1274 338 1307 Πιθανὺς
352 1276 366 1302 ὁ
379 1274 470 1308 λόγος.

94 1322 178 1348 ΚΥΡ.
199 1321 311 1348 Γυναικὶ
337 1320 386 1356 μὲν
404 1319 461 1352 οῦν,
480 1319 558 1356 άνδρὶ
574 1318 646 1346 κατὰ
665 1318 764 1354 νόμους
789 1325 854 1344 συν-

57 1367 214 1404 ῳκισμένῃ,
237 1366 434 1402 παρεικαστέον
458 1363 487 1392 εὖ
503 1365 577 1400 μάλα
596 1364 647 1399 τὴν
671 1363 716 1390 διὰ
736 1362 854 1395 πίστεώς

57 1423 88 1441 τε
103 1413 323 1448 κα¹ι11νεύματος
335 1411 446 1448 Χριστῷ
463 1411 667 1447 συνῳκισμένην
683 1410 730 1437 καὶ
747 1409 855 1437 ἑνωθεϊ-

60 1469 111 1487 σαν
126 1460 229 1495 ψυχήν.
246 1458 384 1495 Παρθένον
401 1458 429 1485 δὲ
451 1455 521 1484 εἶναι
544 1457 788 1493 μμνηστευμὲνην
811 1455 855 1482 λο-

58 1506 208 1543 γιούμεθα,
226 1506 276 1542 τὴν
299 1505 472 1541 κεκλημένην
487 1505 527 1536 εἰς
541 1503 629 1540 ἀρχὰς
646 1503 772 1538 γνώσεως
786 1502 854 1538 άλη-

60 1553 135 1585 θοῦς,
154 1551 233 1579 οὔπω
250 1552 279 1578 δὲ
293 1550 423 1583 ὁλοτελῶς
440 1551 588 1577 ἐνωθεῖσαν
602 1549 722 1585 Χριστῷ,
740 1548 855 1584 περιμέ-
868 1565 889 1594 c

60 1599 162 1626 νουσάν
184 1606 214 1625 τε
240 1598 280 1624 ἔτι
303 1597 429 1632 καθάπερ
452 1596 515 1624 τινὰ
527 1595 616 1631 γάμον
637 1596 686 1623 καὶ
707 1594 855 1629 συναφείας

60 1645 163 1682 τρόπον
181 1644 228 1671 τὸν
252 1643 440 1679 ἀληθέστερον,
456 1643 505 1678 τὴν
526 1642 569 1669 διὰ
586 1641 634 1669 τοῦ
663 1642 741 1676 ἁγίου
760 1641 857 1676 βαπτί-

62 1699 167 1726 σματος
187 1690 277 1725 χάριν,
291 1689 339 1716 καὶ
350 1688 399 1724 τὴν
413 1687 460 1715 τοῦ
475 1688 551 1722 ἁγίου
565 1687 634 1714 Πνεὺ
639 1695 723 1723 ματος
735 1685 856 1722 μέθεξιν,

61 1735 214 1772 ἀρραϐῶνα
236 1743 268 1769 γε
293 1734 356 1770 μὴν,
378 1733 426 1760 καὶ
446 1733 554 1768 ὁμιλίας
574 1732 668 1767 ὣσπερ
689 1732 787 1767 ἀρχὴν,
811 1731 857 1758 τὸν

62 1783 111 1817 τῆς
129 1782 312 1817 κατηχήσεως
326 1781 404 1814 λόγον
427 1779 642 1814 εἱσδεδεγμένην.
660 1778 738 1805 Οὕτω
762 1778 811 1813 τὴν
827 1777 858 1810 ἐξ

63 1827 149 1853 ἐθνῶν
170 1825 334 1861 Ἐκκλησίαν
347 1827 360 1852 ὁ
377 1825 447 1856 θεῖος
462 1825 527 1860 ἡμῖν
544 1825 733 1860 μυσταγωγὸς,
751 1823 857 1855 Παῦλος

63 1873 91 1900 δὲ
106 1870 196 1905 οὗτος,
219 1872 387 1908 παρεκόμισε
400 1872 439 1907 τῷ
454 1871 565 1907 Χριστῷ
575 1880 582 1886 ·
603 1872 699 1907 γράφει
719 1870 773 1906 γὰρ
786 1867 837 1897 ὧδε
848 1878 855 1885 ·

67 1929 78 1946 ι
102 1920 288 1955 Ἦρμοσάμην
301 1919 357 1954 γὰρ
376 1919 448 1954 ὑμᾶς
464 1918 503 1945 ἑνὶ
523 1917 611 1953 ἀνδρὶ,
626 1917 761 1952 παρθένον
773 1916 857 1951 ἁγνὴν

65 1966 243 2002 παραστῆσαι
257 1965 295 2000 τῷ
314 1965 433 2000 Χριστῷ.
450 1974 458 1991 ι
476 1964 530 1991 Καὶ
547 1964 626 1995 αὐτὸς
641 1964 668 1990 δέ
680 1963 730 1990 πού
744 1971 826 1998 φησιν
843 1964 858 1990 ό

64 2011 194 2048 Νυμφίος
208 2011 252 2039 διά
267 2011 360 2046 φωνῆς
374 2010 521 2046 προφητῶν
531 2019 538 2026 ο
557 2019 566 2036 ι
584 2010 639 2036 Καὶ
655 2009 857 2045 μνηστεύσομαι

65 2069 95 2087 σε
120 2059 233 2095 ἐμαυτῷ
256 2059 295 2090 εἰς
324 2058 369 2084 τὸν
389 2057 489 2089 αἰῶνα,
518 2058 547 2084 ὲν
572 2056 741 2092 δικαιοσύνῃ,
761 2056 808 2082 καὶ
829 2056 858 2082 ὲν

65 2107 196 2143 κρίματιι
212 2105 259 2132 καὶ
279 2105 307 2130 ἐν
322 2103 400 2138 ἐλέῳ,
424 2104 470 2130 καὶ
485 2103 514 2130 ὲν
529 2103 696 2138 οἰκτιρμοῖς·
719 2102 767 2128 καίι
788 2109 857 2136 μνη-

68 2151 220 2187 στεύσομαί
236 2160 264 2178 σε
278 2151 307 2178 ὲν
319 2150 420 2182 πίστει,
435 2150 483 2176 καὶ
499 2147 637 2185 ὲπιγνώσῃ
651 2149 697 2176 τὸν
714 2147 825 2183 Κύριον.
846 2157 855 2174 ι

68 2199 99 2225 ΕΞ
115 2198 206 2225 τοίνυν
227 2197 341 2232 γένοιτο,
360 2197 436 2232 φησι,
453 2196 503 2231 τῆς
518 2195 697 2231 παραφθορᾶς
708 2194 743 2222 τὰ
758 2193 857 2230 ἐγκλή-

70 2253 155 2280 ματα,
170 2243 217 2271 καὶ
240 2243 286 2270 ἐπί
301 2251 353 2270 τινι
368 2242 457 2278 τοιᾷδε
478 2241 563 2278 ψυχῇ,
581 2242 690 2277 μοιχείᾳ
710 2240 859 2276 γεγράφθω
874 2234 896 2262 Ῑ)

67 2292 98 2318 τὺ
124 2291 236 2326 χρῆμα-
255 2289 397 2325 ὑπόχρεως
417 2288 471 2323 γὰρ
499 2289 515 2324 ὴ
548 2287 785 2323 μεμνηστευμένη,
813 2287 860 2314 καὶ

69 2336 124 2365 ὐτοδ
143 2338 222 2372 χεῖρα
234 2336 326 2363 λοιπὸν
335 2335 382 2362 τοῦ
403 2335 472 2371 μετὰ
486 2335 572 2371 βραχὺ
590 2333 718 2370 νυμφίου.
743 2333 814 2360 Ἀλλ’
835 2333 859 2359 εἰ

70 2384 121 2420 μὲν
132 2385 161 2411 ὲν
175 2384 250 2410 πόλει
263 2383 366 2417 γένοιτο
382 2382 412 2409 τὸ
428 2382 560 2417 ἀδίκημα,
581 2382 658 2417 φησι,
672 2381 821 2412 τουτέστιν,
841 2379 859 2415 ἢ

69 2430 99 2456 ὲν
121 2428 270 2463 Ἐκκλησία
282 2427 412 2463 Χριστοῦ,
426 2427 473 2454 καὶ
487 2427 516 2453 ὲν
527 2426 604 2453 πόλει
622 2425 690 2453 Θεοῦ
704 2425 812 2457 ζῶντος,
826 2425 860 2460 ἢν

70 2474 245 2503 κατοικοῦσιν
268 2474 391 2509 ἄγγελοι,
413 2475 461 2501 καὶ
477 2473 572 2509 ἄνδρες
595 2473 678 2507 ἅγιοι,
704 2471 862 2506 καθηγηταὶ

72 2523 119 2549 καὶ
145 2521 300 2548 διδάσκαλοι
314 2522 370 2552 τοῖς
391 2520 585 2552 κινδυνεύουσι,
604 2519 651 2546 καὶ
671 2518 862 2554 άπατωμένοις

72 2567 222 2602 ἐπαμύνειν
238 2564 289 2593 οἷοί
306 2575 346 2599 τε,
364 2565 589 2593 συναποτεθνάτω
607 2564 646 2601 τῷ
669 2564 766 2598 φένακι
784 2564 861 2599 καὶή

73 2611 199 2639 πιθοῦσα
211 2611 355 2647 παρθένος.
381 2611 456 2642 Ἐξὸν
468 2611 521 2646 γὰρ
533 2610 649 2645 ἑτοίμως
662 2610 802 2645 διαδράναι
812 2608 862 2644 τὴν

75 2658 265 2694 παραφθορὰν,
283 2658 307 2685 εί
321 2659 377 2690 τοῖς
392 2657 534 2689 διασώζειν
549 2658 631 2684 εἰδόσι
648 2657 862 2692 καταμεμήνυκε

74 2705 251 2737 διδασκάλοις,
271 2704 424 2732 ἐθελούσιον
447 2703 610 2740 ἠρρώστησεν,
630 2703 660 2729 τὺ
686 2702 795 2734 παθεῖν,
816 2702 863 2729 καὶ

75 2751 123 2778 οὐκ
136 2751 166 2783 ἐξ
180 2751 304 2786 ἀνάγκης
319 2750 374 2785 ἔχει
383 2750 431 2785 τὴν
444 2752 483 2783 εἰς
495 2750 525 2776 τὸ
536 2750 636 2785 φαῦλον
651 2749 811 2784 ἀπαγωγήν.
831 2748 864 2775 Εἰ

76 2795 103 2822 δὲ
125 2796 157 2831 δὴ
183 2796 221 2831 μὴ
242 2796 363 2830 γένοιτο,
395 2796 486 2832 φησιν,
516 2796 544 2822 ἐν
570 2795 728 2830 Ἐκκλησία,
750 2794 818 2830 μηδὲ
835 2795 864 2821 ὲν

102 2886 272 2919 "lCor.\'I,
295 2885 334 2912 Π.
370 2886 495 2914 7"llCor.
513 2885 587 2918 xr,2.
621 2885 770 2918 "05cc.u,
793 2884 877 2917 l9,20.

901 951 975 983 dem,
992 955 1023 978 ut
1045 951 1095 987 qui
1117 951 1268 986 impietatis
1291 952 1396 979 semina
1419 959 1480 987 qua:
1494 953 1547 980 sibi
1569 953 1689 985 inerant,

901 997 1050 1024 infuderit:
1063 997 1138 1024 illam
1149 1005 1226 1029 vero,
1241 997 1306 1033 quia
1319 998 1484 1033 contemptis
1495 997 1635 1025 ﬁdelitatis
1650 997 1691 1025 le-

902 1042 992 1078 gibus,
1005 1043 1086 1070 alteri
1101 1043 1195 1078 juncta
1213 1043 1258 1075 sit,
1285 1042 1414 1078 illiusque
1434 1043 1599 1078 corruptelis
1612 1050 1691 1070 men—

903 1091 957 1114 tem
977 1088 1117 1122 aperiens,
1145 1095 1180 1115 ex
1204 1088 1332 1115 humanis
1344 1088 1507 1116 commentis
1534 1088 1624 1116 labem
1641 1087 1691 1116 ad-

903 1133 1022 1161 miserit.

939 1276 1037 1304 PALL.
1049 1276 1204 1304 Probabilis
1222 1277 1321 1304 oratio.

939 1323 1019 1351 CYB.
1032 1323 1140 1350 Mulieri
1156 1323 1249 1358 igitur,
1262 1324 1323 1351 viro
1340 1325 1493 1352 secundum
1508 1324 1583 1358 leges
1604 1321 1691 1350 collo-

904 1367 1138 1403 catte,persimilis
1149 1372 1193 1395 est
1206 1376 1238 1395 ea
1252 1369 1344 1396 anima
1365 1369 1489 1404 putanda
1511 1375 1571 1403 quae
1592 1376 1641 1404 per
1659 1367 1693 1396 θ-

904 1414 966 1442 dem
977 1421 1008 1441 ac
1021 1413 1155 1449 Spiritum
1179 1413 1290 1442 Christo
1301 1419 1342 1442 est
1372 1415 1504 1443 collocata
1524 1418 1605 1450 atque
1629 1422 1695 1441 con-

902 1460 1008 1496 juncta.
1040 1460 1236 1494 Desponsatam
1259 1467 1327 1487 vero
1357 1460 1493 1495 virginem
1520 1459 1693 1495 putabimus,

905 1513 966 1540 qua:
982 1505 1015 1533 ad
1035 1504 1114 1532 initia
1133 1512 1205 1532 verte
1218 1505 1384 1541 cognitionis
1397 1509 1492 1533 vocata
1518 1509 1560 1532 est
1574 1504 1620 1532 illa
1632 1505 1694 1540 qui-

906 1551 979 1585 dem,
992 1559 1047 1578 non
1061 1555 1152 1578 tamen
1166 1551 1256 1579 adhuc
1267 1551 1390 1586 perfecte
1402 1551 1512 1579 Christo
1537 1553 1693 1588 conjuncta,

907 1597 955 1625 sed
976 1597 1066 1624 adhuc
1079 1597 1166 1624 sancti
1192 1596 1366 1632 baptismatis
1390 1597 1525 1632 gratiam,
1553 1597 1696 1632 sanctique

907 1643 1026 1679 Spiritus
1042 1643 1264 1671 communionem
1277 1648 1407 1679 tanquam
1422 1643 1534 1678 nuptias
1551 1643 1694 1678 quasdam,

906 1688 1096 1722 verioremque
1108 1687 1312 1722 conjunctionis
1327 1689 1439 1715 modum
1459 1692 1617 1723 exspectat:
1639 1689 1696 1723 jam

908 1737 998 1761 tamen
1009 1734 1086 1768 quasi
1105 1733 1289 1761 arrliabonem
1314 1738 1342 1761 et
1363 1733 1576 1761 consuetudinis
1596 1733 1696 1761 futurae

907 1780 1027 1813 initium,
1041 1780 1196 1809 cateehesis
1207 1788 1363 1808 sermonem
1374 1780 1490 1814 accepit.
1504 1779 1550 1807 Sic
1571 1780 1646 1806 illam
1664 1788 1696 1807 ex

907 1826 1034 1861 gentibus
1050 1826 1203 1854 Ecclesiam
1219 1826 1330 1854 divinus
1340 1825 1385 1853 ille
1397 1829 1492 1853 nester
1503 1825 1695 1862 mysteriorum

908 1873 1015 1906 doctor,
1027 1873 1139 1905 Paulus,
1149 1873 1272 1907 inquam,
1282 1872 1396 1900 adduxit
1411 1872 1445 1899 ad
1455 1871 1613 1899 Christum:
1627 1873 1697 1899 scri-

908 1919 948 1946 bit
960 1918 1033 1946 enim
1046 1918 1081 1945 ad
1091 1918 1166 1945 hunc
1174 1919 1305 1946 modum:
1325 1929 1333 1944 (
1343 1919 1482 1954 Despondi
1500 1918 1574 1944 enim
1588 1925 1638 1944 vos
1649 1917 1698 1944 uni

908 1965 978 1997 viro,
1003 1965 1137 2000 virginem
1162 1969 1265 1993 castam
1293 1965 1425 1993 exhibere
1447 1964 1557 1992 Christo
1585 1964 1638 1991 ⁷⁵.»
1664 1963 1700 1991 Et

909 2009 966 2044 ipse
990 2009 1114 2044 Sponsus
1138 2014 1212 2038 certe
1240 2019 1291 2046 per
1308 2018 1403 2038 vocem
1424 2011 1620 2046 prophetarum
1642 2009 1696 2036 ait:

913 2065 921 2080 ‹
933 2055 967 2082 Et
979 2055 1154 2090 desponsabo
1170 2060 1195 2083 te
1207 2056 1274 2082 mihi
1288 2056 1339 2091 ipsi
1352 2056 1379 2082 in
1391 2059 1534 2088 ueternum,
1547 2055 1697 2090 injustitia,

909 2104 937 2127 et
948 2100 975 2126 in
986 2100 1102 2135 judicio,
1115 2101 1184 2128 etin
1207 2101 1413 2133 misericordia,
1429 2105 1457 2128 et
1470 2101 1498 2128 in
1516 2101 1701 2128 miserationi-

909 2148 975 2182 bus;
987 2148 1196 2183 etdesponsabo
1213 2151 1239 2175 te
1252 2147 1318 2181 mihi
1336 2147 1364 2174 in
1385 2148 1449 2179 ﬁde,
1466 2151 1493 2174 et
1513 2147 1583 2174 scies
1603 2147 1700 2174 Domi-

912 2203 978 2222 num
990 2196 1023 2222 ⁷⁶.
1035 2205 1045 2221 ι
1067 2194 1150 2229 258
1162 2193 1190 2221 Si
1205 2194 1288 2229 igitur
1307 2194 1334 2221 in
1359 2194 1450 2229 aliqua
1467 2193 1624 2228 hujusmodi
1638 2193 1701 2220 ani-

911 2249 954 2268 ma
972 2241 1135 2275 corruptela
1168 2240 1283 2272 crimen,
1305 2239 1405 2274 inquit,
1433 2239 1583 2266 admissum
1605 2239 1698 2271 fuerit,

912 2287 1047 2322 ejusmodi
1061 2286 1163 2314 factum
1187 2290 1218 2313 ut
1232 2286 1399 2313 adulterium
1421 2285 1576 2312 habeatur:
1599 2285 1700 2312 obstriv

912 2338 954 2361 cta
969 2334 1041 2360 enim
1059 2337 1102 2361 est
1121 2333 1284 2367 desponsata
1299 2332 1411 2363 femina,
1433 2335 1461 2358 et
1474 2331 1528 2366 jam
1554 2330 1605 2358 sub
1626 2331 1701 2358 illius

912 2383 1047 2417 potestate
1070 2379 1117 2414 qui
1127 2386 1191 2406 mox
1201 2382 1243 2406 est
1256 2386 1372 2413 sponsus
1386 2377 1505 2404 futurus.
1518 2376 1663 2409 Cancrum,
1677 2375 1700 2403 si

912 2427 940 2454 in
958 2427 1027 2454 urbe
1039 2426 1091 2453 hoc
1111 2426 1147 2453 sit
1157 2425 1262 2452 crimen
1275 2425 1436 2456 admissum,
1454 2423 1481 2450 id
1499 2426 1550 2454 est,
1566 2422 1593 2449 in
1606 2422 1701 2450 Eccle-

913 2474 953 2501 sia
966 2472 1068 2501 Christi
1079 2476 1107 2499 et
1119 2473 1147 2499 in
1156 2471 1268 2498 civitate
1288 2471 1337 2499 Dei
1349 2471 1477 2502 viventis,
1500 2469 1529 2497 in
1550 2476 1603 2503 qua
1621 2467 1701 2495 habi-

915 2522 973 2546 tant
984 2518 1083 2554 angeli,
1099 2522 1127 2545 et
1139 2517 1191 2545 viri
1205 2517 1304 2549 sancti,
1321 2517 1446 2551 magistri
1456 2519 1484 2543 et
1504 2515 1640 2545 doctores,
1653 2513 1700 2548 qui

914 2565 948 2592 iis
970 2565 1017 2599 qui
1040 2563 1231 2599 periclitantur
1268 2567 1296 2589 et
1323 2562 1493 2589 seducuntur
1523 2567 1602 2595 opem
1630 2559 1702 2586 ferro

914 2611 1051 2645 possunt:
1071 2609 1154 2636 simul
1173 2615 1235 2635 cum
1255 2607 1400 2634 seductore
1416 2607 1493 2642 virgo
1518 2612 1626 2641 quoque
1645 2603 1703 2631 vio-

915 2658 969 2685 lata
982 2657 1134 2684 moriatur:
1158 2663 1222 2683 nam
1247 2662 1310 2682 cum
1339 2654 1436 2681 liceret
1455 2653 1585 2688 perfacile
1605 2659 1702 2679 corru-

915 2703 1036 2739 ptionem
1048 2703 1181 2738 eﬂ'ugere,
1199 2702 1222 2729 si
1236 2700 1374 2736 magistris
1399 2699 1526 2726 servandi
1540 2698 1636 2734 peritis
1645 2704 1702 2724 rem

916 2749 1073 2781 indicasset,
1085 2747 1239 2776 voluntarie
1251 2746 1426 2774 violationem
1438 2752 1568 2779 perpessa
1581 2747 1632 2775 est,
1649 2750 1702 2770 non

916 2799 1009 2822 coacte
1020 2795 1052 2822 ad
1065 2794 1272 2829 improbitatem
1289 2792 1416 2820 adducta.
1436 2789 1586 2818 Sinaatem
1604 2788 1629 2815 id
1648 2796 1702 2814 non
