1939 3041
239 137 295 168 545

742 144 770 171 S.
791 143 928 172 CYRILLI
949 143 1182 172 ALEXANDRINI
1201 124 1370 173 ARCHIEP.‘

1813 140 1866 170 5ιὸ

240 196 268 223 in
280 195 402 224 Ecclesia
409 196 564 232 contigerit,
577 206 665 234 neque
678 199 706 227 in
719 200 828 228 civitate
839 201 888 229 Dei
897 201 1022 234 viventis,

1078 202 1153 229 πόλει
1163 201 1229 229 Θεοῦ
1243 201 1352 235 ζῶντος,
1364 201 1423 228 ἀλλ’
1435 201 1528 237 ὥσπερ
1540 202 1569 228 ἐν
1583 201 1666 236 πεδίῳ
1676 200 1724 228 καὶ
1734 201 1764 227 ὲν
1776 200 1865 235 ἀγρῷ,

239 241 289 269 sed
304 242 331 268 in
344 249 441 277 campo
452 246 535 278 atque
549 244 576 271 in
589 253 663 280 agro,
677 245 724 273 ubi
733 246 872 282 magister,
886 247 932 282 qui
945 254 1025 282 opem

238 286 335 319 ferret,
351 289 443 317 nullus
459 293 530 323 erat,
548 290 577 318 in
597 298 696 326 magna
722 291 870 320 solitudine
882 292 1024 320 hominum

238 334 286 368 qui
304 334 338 361 ad
355 335 497 363 meliorem
512 337 673 364 sententiam
685 338 829 366 traducere
852 342 974 373 possent,
997 343 1026 366 et

241 383 369 414 tanquam
382 381 410 407 in
427 381 540 415 penuria
558 382 766 418 paedagogorum
791 384 867 411 fraus
885 388 927 411 est
952 392 1027 411 com-

239 424 337 452 missa:
351 425 396 452 ille
409 426 541 454 duntaxat
565 428 592 455 in
616 429 768 463 periculum
781 430 883 460 veniat,
908 430 955 465 qui
969 430 1024 457 vim

240 468 346 496 intulit:
360 478 421 498 nam
435 479 479 499 res
503 477 578 507 gesta
591 481 640 507 per
664 475 870 508 oppressionem
886 474 946 507 fuit,
968 483 1026 502 ma-

237 515 350 550 lumque
377 517 451 551 quod
473 525 505 545 ea
528 526 657 554 perpessa
680 525 723 547 est
746 521 882 555 ejusmodi
902 521 966 553 fuit,
996 525 1026 548 ut

238 561 378 592 subveniri
391 563 430 590 illi
453 571 509 591 non
528 570 634 599 posset:
660 566 753 600 itaque
768 567 810 594 vis
831 567 922 599 allata,
946 568 1027 602 cujus

237 606 354 634 vitandae
373 608 447 636 nulla
472 608 587 637 facultas
608 610 670 642 fuit,
699 611 830 638 amolitur
859 612 974 639 crimen.
1006 612 1048 639 An

1074 246 1104 275 οὗ
1124 248 1302 283 μυσταγωγὸς
1319 250 1333 275 ὁ
1347 247 1494 284 ἐπαμύνων
1508 247 1558 274 οὐκ
1578 245 1623 283 ἦν,
1639 247 1686 274 καὶ
1703 247 1759 273 τῶν
1781 255 1865 282 μετα-

1074 293 1178 320 πείθειν
1197 293 1244 320 ὲπὶ
1260 293 1290 320 τὸ
1307 293 1418 328 ἄμεινον
1433 292 1568 320 εἰωθότων
1586 291 1688 327 ἐρημία
1704 290 1802 326 πολλὴ,
1820 291 1867 316 καὶ

1073 337 1112 370 ὼς
1128 339 1157 363 Iw
1170 337 1265 364 σπάνει
1276 337 1458 372 παιδαγωγῶν
1470 338 1484 364 ὸ
1497 337 1672 372 φενακισμὸς,
1684 335 1868 363 κινδυνευέτω

1076 384 1157 419 μόνος
1166 385 1180 410 ὁ
1198 383 1361 419 βιασάμενος
1373 391 1380 397 ·
1395 382 1536 414 πλεονεξία
1548 383 1601 418 γὰρ
1615 383 1664 418 ἤδη
1679 383 1710 408 τὸ
1722 381 1868 417 δρώμενον

1075 429 1123 456 καὶ
1139 429 1225 461 πάθος
1238 428 1463 464 ἀνεπικούρητον,
1478 428 1526 455 καὶ
1537 429 1644 462 ἀνάγκη
1659 435 1701 459 τις
1715 426 1868 460 δυσδιὰφυ-

1075 483 1150 507 κτος,
1164 473 1386 511 παρακρούσεται
1402 474 1450 510 τὴν
1463 473 1588 509 γραφήν·
1603 473 1620 508 ἢ
1634 474 1690 504 τοῖς
1704 472 1868 506 ἀϐουλήτως

1075 521 1301 556 ἐπενηνεγμένοις
1323 520 1361 552 ὡς
1379 519 1527 552 ἁκουσίοις,
1545 519 1674 554 ἐπιτιμᾷν
1690 519 1722 545 οὐ
1736 518 1868 552 περιττὸν

1075 566 1143 594 εἶναι
1159 568 1295 602 φήσομεν;

1076 619 1153 644 vero,
1173 620 1235 646 quae
1258 615 1358 647 praeter
1378 611 1547 639 voluntatem
1568 618 1619 638 nos
1637 610 1810 647 opprimunt,
1835 617 1870 637 ea

237 653 351 688 perinde
362 661 394 681 ac
409 654 431 681 si
439 655 593 683 voluntarie
607 656 726 684 admissa
740 657 804 689 sint,
822 665 963 690 accusare,
983 666 1037 686 non
1055 658 1138 685 nimis
1157 658 1286 685 acerbum
1301 666 1362 686 esse
1370 657 1514 685 dicemus?

272 700 371 730 PALL.
385 702 442 730 lmo
460 711 526 731 vero
539 712 653 739 prorsus
664 714 669 731 :
679 706 753 741 justa
772 710 815 733 est
828 706 902 733 enim
914 706 967 733 lex.

265 748 352 784 ωσι.
369 748 454 776 Recte
477 749 557 776 dicis.
576 749 722 777 Subtiliori
734 751 825 786 itaque
839 752 964 778 examine
983 751 1023 778 fa-

238 797 281 820 cta
292 793 436 828 dijudicat,
449 799 478 822 et
488 803 538 830 pro
550 803 679 823 mensura
690 801 866 831 peccatorum
876 797 1024 824 vindictam

240 839 372 867 adhibet:
386 840 434 873 ita,
447 846 478 868 ut
489 849 579 876 neque
601 842 628 869 in
641 842 726 869 rebus
748 843 898 870 levioribus
921 843 1024 871 admis-
1042 856 1065 887 Β

237 891 298 910 sum
311 889 455 919 peceatum
475 887 588 914 omnino
612 887 759 920 condonet,
771 889 919 923 quominus
931 889 1027 923 punia-

238 934 300 964 tur;
315 939 406 966 neque
417 940 516 959 rursus
529 933 704 967 gravioribus
719 938 860 969 exmquet;
873 935 920 963 sed
933 942 1027 970 parem

237 976 401 1004 criminibus
412 978 544 1005 ultionem
555 979 680 1014 rependit
691 989 696 1006 :
708 981 745 1007 ait
756 980 829 1008 enim
842 980 941 1008 iterum
955 990 962 1007 :
979 991 988 1006 ι
998 981 1027 1008 Si

239 1026 332 1050 autem
359 1023 499 1051 invenerit
519 1025 655 1059 quispiam
671 1026 791 1060 puellam
809 1027 943 1062 virginem
966 1034 1027 1062 qua:

237 1073 291 1093 non
311 1067 348 1094 sit
359 1067 533 1102 desponsata,
549 1073 578 1096 et
604 1070 764 1104 opprimens
786 1079 858 1103 eam,
883 1071 1027 1099 dormierit

236 1119 299 1140 cum
311 1120 353 1145 ea,
371 1117 399 1141 et
421 1113 550 1142 inventus
571 1115 664 1148 fuerit,
690 1116 767 1143 dabit
787 1117 869 1144 homo
894 1116 942 1151 qui
960 1116 1025 1144 dor-

237 1158 328 1185 mierit
340 1166 403 1186 cum
416 1167 458 1192 ea,
475 1160 548 1195 patri
563 1161 661 1195 puellae
677 1161 875 1197 quinquaginta
888 1162 970 1189 siclos
982 1169 1026 1189 ar-

236 1204 319 1239 genti,
340 1208 367 1232 et
380 1205 433 1232 erit
448 1206 534 1240 ipsius
555 1214 640 1239 uxor;
656 1214 707 1242 pro
717 1215 750 1234 eo
767 1207 843 1242 quod
866 1207 1024 1234 humiliavit

236 1249 326 1277 illam:
343 1258 397 1278 non
409 1251 512 1285 poterit
525 1251 664 1279 dimittere
676 1260 737 1280 eam
748 1253 823 1280 omni
841 1253 1020 1288 tempore".n

236 1295 320 1330 Igitur
331 1296 459 1324 adulterii
474 1297 589 1324 crimine
605 1298 693 1325 teneri
706 1298 805 1326 statuit
825 1299 950 1333 quisquis
961 1306 1024 1326 eum

236 1342 401 1377 desponsata
420 1350 584 1378 congressus
597 1342 691 1377 fuerit,
707 1344 741 1377 iis
756 1348 846 1372 tamen
869 1344 968 1377 modis,
979 1344 1024 1372 ni-

237 1389 347 1422 mirum,
361 1397 430 1424 quos
442 1390 524 1418 modo
541 1390 670 1418 diximus.
695 1390 748 1418 Sed
766 1391 789 1418 si
808 1391 913 1418 nemini
934 1391 1025 1418 adhuc

236 1434 410 1469 conjunctam
423 1435 507 1463 fuisse
520 1439 636 1468 constet,
651 1436 770 1463 necdum
781 1436 892 1463 Christo
904 1436 1023 1471 despon-

237 1483 323 1507 satam
336 1488 385 1515 per
401 1480 493 1513 ﬁdem,
505 1486 632 1516 tanquam
656 1482 747 1516 specie
762 1482 876 1517 virginis
893 1482 1022 1515 animam,

1111 706 1214 732 ΠΛΛΛ.
1237 706 1396 732 Παντάπασι
1415 706 1466 740 μὲν
1477 703 1538 732 οὖν·
1555 705 1628 736 ὅσιος
1643 704 1696 740 γὰρ
1707 705 1722 731 ὁ
1736 705 1832 739 νόμος.

1111 751 1193 778 ΚΥΡ.
1205 749 1241 778 Εὖ
1253 751 1351 785 λέγεις·
1365 751 1522 786 ίσχνοτέραν
1531 751 1558 778 δὲ
1571 750 1625 777 τῶν
1636 751 1786 786 δρωμένων
1795 751 1871 777 ποιεῖ

1076 796 1125 832 τὴν
1142 796 1267 832 βάσανον,
1286 797 1335 823 καὶ
1352 797 1496 832 ὲπιμετρεῖ
1512 796 1612 832 τρόπον
1629 796 1688 823 τινὰ
1702 798 1760 827 τοῖς
1775 796 1870 830 πλημ-

1079 841 1145 876 μελή
1151 849 1216 876 μασι
1225 841 1273 873 τὰς
1288 841 1384 877 ὀργὰς,
1400 841 1461 868 οὕτε
1472 841 1519 869 τοῦ
1532 841 1693 873 κολάζεσθαι
1708 842 1765 868 δεῖν
1778 841 1871 869 ἁπαλ-

1077 887 1180 914 λάττων
1194 887 1312 915 εἰσάπαν
1328 888 1359 914 τὺ
1377 888 1423 914 ἐπὶ
1440 889 1497 920 τοῖς
1511 888 1600 924 μείοσι
1616 887 1787 923 πλημμελὲς,
1804 887 1869 914 οὔτε

1078 934 1132 969 μὴν
1155 935 1184 961 ἐν
1207 935 1256 969 ἴσῳ
1271 936 1328 966 τοῖς
1353 935 1422 970 ὑπὲρ
1442 935 1521 961 τοῦτο
1541 934 1640 968 τιθεὶς,
1665 934 1812 970 ίσομεγέθη
1838 935 1887 961 δὲί

1075 979 1170 1015 ὥσπερ
1191 980 1247 1010 τοῖς
1269 980 1431 1014 αἰτιάμασιν
1453 979 1642 1015 ἀποτορνεύων
1666 979 1715 1015 τὴν
1745 979 1865 1020 κίνησιν.

1077 1026 1149 1060 Ἔφη
1161 1025 1216 1060 γὰρ
1233 1025 1312 1052 πάλιν
1323 1032 1329 1040 ·
1351 1034 1361 1050 ‹
1385 1024 1448 1051 Ἐὰν
1465 1025 1493 1051 δέ
1515 1034 1557 1057 τις
1568 1025 1635 1062 εὕρῃ
1651 1026 1700 1061 τὴν
1716 1026 1800 1052 παῖδα
1817 1026 1869 1061 τὴν

1075 1070 1227 1106 παρθένον,
1250 1070 1312 1104 ἥτις
1329 1070 1360 1097 οὐ
1386 1071 1606 1106 μεμνήστευται,
1624 1071 1672 1098 καὶ
1698 1072 1868 1107 βιασάμενος

1074 1116 1160 1149 αὐτὴν
1178 1115 1296 1152 κοιμηθῇ
1312 1115 1370 1150 μετ’
1393 1115 1488 1150 αὐτῆς,
1503 1117 1549 1142 καὶ
1565 1116 1676 1152 εὑρεθῇ,
1689 1117 1772 1143 δώσει
1788 1119 1803 1144 ὁ
1821 1118 1868 1144 ἂν·

1074 1161 1182 1197 θρωπος
1194 1162 1208 1188 ὁ
1223 1162 1365 1197 κοιμηθεὶς
1382 1162 1440 1197 μετ’
1457 1162 1542 1197 αὐτῆς
1555 1163 1594 1198 τῷ
1609 1163 1692 1197 πατρὶ
1707 1163 1758 1198 τῆς
1774 1163 1867 1190 νεάνις

1073 1207 1117 1239 δος
1136 1208 1306 1243 πεντήκοντα
1321 1207 1458 1242 δίδραχμα
1472 1208 1614 1244 ἀργυρίου,
1629 1209 1677 1236 καὶ
1688 1209 1774 1236 αὐτοῦ
1788 1209 1869 1236 ἔσται

1073 1253 1152 1288 γυνὴ,
1172 1253 1231 1280 ἀνθ’
1257 1250 1295 1281 ὧν
1320 1254 1503 1281 ἐταπείνωσεν
1527 1255 1631 1290 αὑτήν·
1663 1255 1694 1281 οὺ
1719 1255 1867 1290 δυνήσεται

1073 1298 1262 1330 ἐξαποστεῖλαι
1285 1298 1370 1335 αὐτὴν
1394 1299 1441 1326 τὸν
1459 1299 1566 1326 ἅπαντα
1586 1300 1691 1335 χρόνον.
1713 1309 1722 1326 ι
1748 1300 1867 1335 Μοιχεία

1075 1343 1125 1380 μὲν
1147 1341 1193 1371 οὖν
1217 1345 1343 1380 ὑπὸχρεω
1361 1345 1546 1380 κατεστήσατο
1561 1345 1606 1372 τὸν
1626 1345 1739 1372 συνόντα
1759 1353 1868 1381 μεμνηο

1074 1391 1220 1426 στευμένῃ,
1236 1391 1305 1417 κατὰ
1317 1390 1433 1426 τρόπους
1452 1390 1479 1416 δὲ
1493 1390 1614 1425 δηλονότι
1630 1390 1694 1423 τοὺς
1706 1391 1757 1427 ἤδη
1771 1399 1866 1426 προει-

1074 1437 1219 1472 ρημένους.
1231 1437 1263 1464 Et
1275 1437 1490 1473 Gsehpalvouo,
1506 1438 1584 1473 φησὶ,
1596 1437 1647 1474 διαί
1656 1436 1799 1472 ὰσυναιρὴς
1812 1435 1868 1469 ἔτι,

1074 1482 1291 1518 κατεγγυηθεῖσα
1315 1483 1344 1510 δὲ
1369 1482 1448 1510 οὔπω
1468 1482 1586 1518 Χριστῷ
1600 1483 1644 1509 διὰ
1666 1482 1716 1517 τῆς
1732 1482 1865 1513 πίστεως,

236 1526 318 1562 259
340 1526 440 1554 deinde
451 1527 586 1563 quispiam
607 1528 701 1556 verbis
719 1528 753 1555 ad
777 1527 945 1562 impietatem
957 1535 1021 1562 per-

1076 1529 1109 1561 ὡς
1126 1531 1154 1556 ὲν
1169 1529 1234 1556 εῖδει
1250 1529 1385 1565 παρθένου
1400 1529 1484 1564 ψυχὴ,
1507 1526 1569 1555 εῑτά
1587 1536 1629 1560 τις
1648 1527 1733 1562 αὐτὴν
1748 1528 1807 1558 τοῖς
1824 1529 1864 1558 είς

237 1572 403 1600 ducentibus
424 1581 484 1601 eam
504 1574 663 1609 inquinasse
685 1573 874 1608 deprehensus
887 1573 932 1605 sit,
950 1577 1023 1602 etex

237 1626 293 1646 uno
304 1627 399 1646 errore
411 1619 445 1646 ad
462 1619 579 1647 alterum
603 1619 767 1652 traduxisse,
790 1623 821 1646 ut
842 1619 963 1646 haeretici
981 1619 1023 1646 fa-

237 1664 324 1696 ciunt,
333 1665 379 1699 qui
394 1666 539 1694 nonnullos
552 1674 585 1693 ex
597 1666 725 1701 gentibus
735 1668 981 1700 nonnunquam,et
989 1672 1023 1692 ex

235 1710 339 1738 Iudaeis
359 1711 481 1746 rapiunt,
504 1717 543 1745 et,
564 1717 594 1740 ut
615 1717 780 1748 sequantur,
802 1711 983 1748 persuadent:
999 1711 1022 1740 is

235 1757 347 1791 quidem
361 1765 417 1785 non
427 1758 481 1785 erit
493 1766 555 1786 eam
572 1767 629 1786 rem
640 1759 751 1793 impune
769 1766 871 1792 ausus;
885 1759 1023 1794 persolvet

235 1802 309 1830 enim
321 1804 392 1838 patri
403 1804 561 1839 spirituum,
575 1805 602 1832 id
615 1809 668 1837 est.
679 1805 744 1837 Deo,
753 1805 794 1832 sui
803 1805 906 1839 peccati
917 1812 1021 1840 poenas,

235 1856 296 1883 qu:e
311 1853 440 1884 tanquam
457 1850 484 1877 in
497 1859 529 1878 ea
548 1850 670 1885 pecnnize
682 1851 768 1878 multa
787 1858 842 1878 non
860 1850 979 1878 absurde
993 1851 1023 1878 li-

235 1899 379 1930 gurantur.
403 1895 473 1923 Illud
502 1893 584 1932 porro
608 1906 614 1923 :
639 1897 728 1932 Ipsius
754 1897 810 1924 erit
837 1904 916 1929 uxor,
939 1897 1022 1924 etiam

233 1940 311 1974 juxta
323 1940 467 1968 historiam
484 1942 550 1969 utile
562 1945 613 1969 est.

272 1985 370 2012 PALL.
382 1986 507 2021 Intelligo
519 1994 584 2013 sane
600 1986 674 2020 quod
686 1985 770 2014 dicis:
783 1985 886 2020 duplex
893 1989 934 2013 est
949 1986 1021 2013 enim

235 2031 288 2064 lex,
301 2033 419 2060 carnalis
433 2041 464 2060 ac
475 2033 636 2068 spiritualis.

270 2078 348 2107 CYR.
375 2079 428 2107 Sed
455 2080 536 2107 velim
566 2079 697 2107 observes
721 2087 755 2107 ne
783 2080 885 2108 veteris
911 2079 1021 2115 quidem

235 2125 356 2152 mandati
367 2134 521 2153 sermonem
532 2126 682 2161 ignorasse,
706 2125 780 2161 quod
804 2126 931 2154 Christus
953 2126 1022 2153 dixit

235 2171 270 2198 de
294 2171 353 2199 viro
374 2175 454 2206 atque
478 2171 611 2198 muliere:
643 2170 739 2203 «Quod
768 2171 842 2198 Deus
867 2171 1019 2206 conjunxit,

236 2217 318 2244 homo
329 2225 385 2244 non
396 2220 504 2251 separet
515 2217 546 2243 ⁷⁸.
560 2226 569 2242 ι
585 2216 673 2251 Ipsius
684 2217 768 2248 enim,
783 2216 882 2251 inquit,
892 2216 928 2244 sit
940 2224 1018 2248 uxor,

235 2271 286 2297 pro
301 2271 333 2291 eo
344 2263 417 2298 quod
442 2262 598 2290 humiliavit
610 2263 703 2289 illam:
728 2271 783 2289 non
805 2263 907 2298 poterit
926 2263 1020 2290 dimit-

236 2313 293 2336 tere
309 2316 369 2336 eam
381 2308 455 2336 omni
467 2312 598 2342 tempore.
610 2308 677 2335 Illud
690 2313 821 2343 praeterea
835 2309 918 2336 velim
931 2308 1019 2336 anim-

235 2353 371 2385 advertas,
389 2357 491 2387 quanta
508 2353 544 2380 sit
556 2353 733 2380 sanctissimae
747 2353 911 2388 virginitatis
927 2353 1021 2388 gloriae

235 2398 405 2426 sublimitas:
425 2407 488 2426 nam
500 2399 572 2427 illius
583 2399 799 2432 deﬂorationem,
811 2407 896 2427 sacrae
909 2399 1022 2426 divina:-

234 2453 288 2479 que
304 2445 413 2473 Litterae
426 2452 481 2472 non
503 2445 590 2472 solum
612 2453 671 2473 esse
684 2446 902 2473 humiliationem
924 2452 1019 2472 sense-

235 2496 311 2525 runt,
328 2491 375 2519 sed
387 2491 469 2519 etiam
484 2493 673 2527 appellandam
686 2497 856 2520 censuerunt
870 2492 949 2527 quasi
972 2499 1018 2519 ve-

235 2537 385 2565 nerationis
395 2537 540 2572 quamdam
553 2538 739 2566 amissionem.

269 2582 367 2610 PALL.
381 2583 464 2611 Recte
479 2583 556 2611 dicis.

268 2629 346 2656 ΟΥΕ.
365 2629 433 2656 Cum
461 2630 552 2664 itaque
582 2630 775 2658 haereticorum
794 2630 820 2657 in
848 2631 1017 2666 decipiendis

235 2674 392 2702 hominibus
411 2675 545 2703 fallaciam
562 2680 689 2710 tanquam
716 2676 770 2703 Deo
799 2684 909 2703 exosum
923 2685 955 2704 ac
970 2685 1016 2704 re-

234 2728 298 2747 vera
326 2720 467 2755 nefariam,
494 2725 522 2748 et
555 2729 651 2748 contui
681 2721 727 2756 qui
753 2726 828 2749 recte
859 2722 1016 2750 incedentes

233 2773 409 2801 corrumpere
425 2771 638 2799 consueverunt,
662 2766 783 2794 studium
805 2768 945 2795 avertendi
963 2777 1015 2797 ete-

285 2857 305 2871 "
317 2856 396 2884 Deut.
413 2856 581 2890 “11,28,29-
611 2857 632 2873 ⁷⁸
647 2857 727 2884 Marc.
745 2865 770 2890 x,
781 2858 807 2885 9.

1072 1575 1231 1602 8wo£6£tav
1246 1574 1337 1609 λόγοις
1354 1575 1524 1610 καταμιάνας
1539 1573 1605 1608 ἁλῷ,
1625 1573 1672 1600 καὶ
1686 1573 1868 1608 παρενεγκὼν

1072 1621 1104 1647 ἐκ
1117 1620 1220 1656 πλάνης
1236 1622 1275 1653 εἰς
1290 1620 1433 1656 πλάνησιν,
1450 1619 1540 1647 ὁποῖόν
1551 1628 1577 1645 τι
1591 1617 1691 1653 δρῶσιν
1715 1619 1862 1654 αίρετιχοὶ,

1072 1665 1136 1697 τοὺς
1157 1665 1188 1698 ἐξ
1203 1665 1288 1693 ἐθνῶν
1311 1665 1368 1692 ἔσθ’
1386 1665 1430 1691 ὅτε
1450 1664 1498 1692 καὶ
1525 1663 1659 1690 Ἰουδαίων
1680 1663 1865 1698 ἁρπάζοντες,

1073 1711 1187 1738 ἕπεσθαί
1203 1721 1232 1738 τε
1246 1712 1337 1747 σφίσιν
1353 1711 1445 1742 αὐτοῖς
1461 1710 1662 1741 ἀναπείθοντες,
1680 1709 1731 1735 οὐκ
1744 1709 1863 1744 ἀζήμιον

1073 1757 1186 1792 εὑρήσει
1197 1757 1227 1784 τὸ
1239 1757 1399 1792 ἐγχείρημα.
1422 1756 1561 1783 Ἀποτίσει
1578 1755 1632 1791 γὰρ
1651 1754 1690 1790 τῷ
1706 1756 1792 1790 πατρὶ
1808 1755 1862 1781 τῶν

1074 1803 1246 1836 πνευμάτων,
1274 1802 1410 1834 τουτέστι,
1434 1801 1473 1838 τῷ
1496 1801 1565 1837 Θεῷ,
1594 1801 1645 1836 τῆς
1672 1800 1863 1836 πλημμελείας

1072 1850 1135 1881 τοὺς
1150 1849 1256 1884 λόγους,
1269 1849 1306 1880 ὠς
1323 1849 1351 1875 ἐν
1367 1849 1454 1884 ζημίᾳ
1467 1848 1614 1884 χρημάτων
1634 1847 1862 1882 ὑποτυπουμένης

1073 1893 1103 1922 εὗ
1120 1895 1202 1930 μάλα.
1219 1895 1255 1921 Τὸ
1270 1895 1308 1928 δὶ,
1329 1894 1417 1922 Αὐτοῦ
1433 1894 1509 1921 ἔσται
1523 1893 1602 1929 γυνὴ,
1616 1895 1650 1929 τῇ
1666 1893 1772 1930 ἱστορίᾳ
1793 1894 1862 1929 χρή-

1073 1949 1099 1967 σι
1103 1949 1164 1976 μον.

1107 1987 1211 2014 (IAM.
1237 1987 1352 2022 Συνίημι
1377 1987 1391 2014 ὃ
1418 1987 1490 2022 φής’
1513 1985 1622 2017 διπλοῦς
1646 1985 1700 2020 γὰρ
1725 1986 1740 2012 ὁ
1757 1984 1858 2020 νόμον

1073 2033 1204 2069 σαρκικός
1222 2041 1251 2060 τε
1271 2033 1318 2060 καὶ
1330 2031 1524 2068 πνευματικός.

1107 2079 1188 2106 ΚΥΡ.
1209 2079 1348 2115 Ἐπιτήρει
1365 2078 1403 2112 δὲ,
1421 2078 1496 2110 ὅπως
1513 2077 1575 2104 οὐδὲ
1594 2078 1608 2104 ὁ
1620 2077 1669 2112 τῆς
1683 2076 1800 2112 ἀρχαίας
1816 2076 1858 2103 ὲν-

1071 2125 1151 2160 τολῆς
1169 2124 1288 2160 ἠγνόησε
1305 2124 1393 2158 λόγος,
1409 2124 1479 2159 ὅπερ
1500 2124 1553 2159 ἔφη
1576 2123 1704 2159 Χριστὸς,
1715 2122 1812 2158 ἀνδρός
1830 2130 1858 2148 τε

1072 2172 1134 2207 πέρι
1152 2171 1198 2198 καὶ
1211 2170 1340 2205 γυναικός
1352 2178 1358 2184 ·
1386 2180 1395 2196 ι
1418 2171 1450 2196 Ὃ
1465 2167 1511 2196 οὖν
1529 2169 1593 2201 Θεὸς
1615 2168 1775 2201 συνέζευξεν
1787 2187 1794 2200 ,
1810 2168 1857 2194 ἇν-

1071 2216 1178 2252 θρωπος
1189 2215 1225 2252 μὴ
1238 2215 1387 2251 χωριζέτω.
1406 2223 1416 2239 ι
1430 2214 1516 2241 Αὐτοῦ
1525 2214 1579 2249 γὰρ
1591 2213 1660 2240 ἔστω
1668 2213 1747 2248 γυνὴ,
1765 2212 1857 2247 φησὶν,

1071 2261 1129 2288 ἀνθ’
1149 2258 1186 2288 ὦν
1203 2261 1385 2288 ἐταπείνωσεν
1409 2260 1510 2295 αὑτήνι
1536 2260 1566 2286 οὐ
1589 2260 1733 2296 δυνήσεται
1758 2258 1857 2291 ἐξαπο-

1072 2307 1172 2334 στεῖλαι
1195 2307 1280 2342 αὑτὴν
1306 2306 1351 2333 τὸν
1376 2305 1483 2333 ἅπαντα
1510 2305 1616 2341 χρόνον.
1654 2305 1708 2332 Καὶ
1735 2305 1804 2340 πρός
1826 2313 1856 2339 γε

1070 2353 1175 2389 τούτῳ,
1192 2351 1299 2380 διανοοῦ
1325 2353 1375 2388 τῆς
1401 2351 1539 2386 πανάγνου
1567 2351 1735 2387 παρθενίας,
1759 2351 1856 2378 ὁπόσον

1072 2400 1130 2427 ἐστὶ
1146 2399 1176 2426 τὸ
1193 2399 1232 2431 ὡς
1253 2399 1282 2425 ὲν
1307 2399 1462 2434 αὐχήμασιν
1486 2398 1604 2434 ὑψηλόν·
1621 2398 1787 2425 ταπείνωσιν
1805 2398 1856 2432 γὰρ

1070 2443 1123 2472 οἶδέ
1141 2453 1170 2471 τε
1184 2445 1231 2472 καὶ
1245 2443 1387 2479 ὀνομάζειν
1402 2443 1472 2476 ἁξιοί
1487 2444 1536 2479 τῆς
1553 2443 1730 2470 θεοπνεύστου
1747 2443 1855 2478 Γραφῆς

1069 2493 1083 2518 ὁ
1099 2491 1186 2525 λόγος,
1203 2492 1253 2526 τὴν
1277 2489 1512 2524 διαπαρθένευσιν,
1533 2491 1580 2517 καὶ
1596 2490 1677 2516 οἱονεὶ
1692 2490 1741 2524 τῆς
1759 2489 1854 2524 σεμνὸι

1070 2544 1149 2571 τητος
1164 2535 1211 2570 τὴν
1228 2527 1369 2563 ἀπόθεσιν.

1106 2582 1209 2609 “AM.
1231 2580 1333 2616 Ὀρθῶς
1350 2581 1429 2618 ἔφης.

1105 2629 1187 2654 ΚΥΡ.
1213 2627 1369 2663 ’Δποφήσας
1383 2629 1415 2663 δὴ
1435 2624 1481 2655 οὖν
1497 2627 1534 2658 ὡς
1549 2625 1662 2661 θεομισῆ
1680 2626 1727 2652 καὶ
1751 2624 1854 2651 ἀνόσιον

1070 2674 1178 2710 ἀληθῶς
1191 2674 1236 2700 τὸν
1251 2674 1305 2700 τῶν
1321 2673 1482 2710 ἑτεροδόξων
1496 2672 1675 2708 φενακισμὸν,
1691 2671 1738 2697 καὶ
1753 2670 1803 2706 τὴν
1817 2671 1852 2702 εἰς

1071 2721 1225 2756 φαυλότητα
1238 2720 1418 2756 παρατροπὴν
1431 2719 1486 2747 τῶν
1501 2718 1699 2754 παραφθείρειν
1721 2716 1854 2744 εἰωθότων

1070 2768 1132 2799 τοὺς
1147 2766 1301 2803 ὀρθοποόεῐν
1322 2766 1487 2802 ᾑρημένους,
1503 2766 1550 2793 καὶ
1569 2764 1617 2800 τὴν
1631 2764 1671 2798 ἐφ’
1686 2763 1705 2791 ἃ
1721 2762 1760 2799 μὴ
1776 2769 1855 2797 προσ-α
