1939 3041
71 140 121 170 543

408 140 453 169 DE
472 140 691 169 ADORA'I'IONE
711 141 745 169 IN
764 139 899 169 SPIRITU
918 140 963 169 ET
981 142 1164 172 VERITATE.
1185 145 1249 172 LIB.
1270 145 1337 173 VIII.

1648 145 1699 175 548

74 200 142 234 ἧκεν
157 196 323 234 ἀπαγωγὴν,
342 197 500 233 ἑπινενὸηκέ
515 208 539 225 τι
555 199 602 226 καὶ
625 200 728 235 ἕτερον,
744 199 759 225 ὂ
775 199 806 234 δὴ
819 207 851 225 κα

917 204 991 227 teros
1001 200 1034 227 ad
1050 201 1264 235 improbitatem,
1285 207 1312 229 et
1329 202 1362 229 ad
1390 210 1420 229 ea
1446 210 1507 236 quae
1526 210 1580 229 non
1597 210 1698 230 conve-

67 244 150 275 αὐτὸς
163 244 229 279 ἡμῖν
243 245 257 270 ὁ
271 243 415 275 Θεσπέσιος
434 243 541 276 Παῦλος
566 244 738 280 μαθημάτων
751 244 860 280 ἄριστον

31 325 35 330 _
66 290 197 321 ἐποιεῖτο,
217 289 320 324 λέγων’
341 299 351 315 ι
372 289 419 325 Μὴ
439 289 602 325 λογομαχεῖν
620 291 664 317 ἐπ’
689 290 777 317 οὐδενὶ
792 298 861 325 χρη-

66 336 152 370 σίμῳ,
169 336 185 370 ἢ
204 336 250 362 ἐπὶ
265 336 440 371 καταστροφῇ
460 335 514 362 τῶν
529 336 692 363 ἀκουόντων.
719 345 728 362 ›
753 336 786 361 Αἱ
805 335 860 370 γὰρ

66 383 197 418 περιτταὶ
213 382 347 414 διαλέξεις
361 402 368 414 ,
385 383 432 409 καὶ
454 381 485 408 τὸ
507 382 658 416 φιλόνεικον
675 382 774 417 κομιδῇ
796 382 860 417 περὶ

65 428 218 464 ζητήσεις,
243 429 293 455 οὐκ
320 428 473 462 ἀναγκαίας
487 428 604 463 γεννῶσι
625 428 733 464 μάχας,
753 428 799 455 καὶ
815 428 859 454 τὸν

63 473 120 499 τῶν
133 473 319 509 ἀκροωμένων
332 473 464 499 τύπτουσι
477 472 539 499 νοῦν
551 481 557 487 ·
577 473 600 499 οἱ
616 473 664 507 μὲν
678 472 742 507 γὰρ,
754 472 782 505 ὲξ
796 472 859 498 ὲ).α‹

65 520 152 555 φρῑας
164 540 171 551 ,
185 520 216 546 τὸ
233 520 272 555 μὴ
287 519 375 555 ὀρθῶς
392 519 453 554 ἔχον
468 527 499 545 τε
517 518 564 545 καὶ
578 519 722 554 εἰρημένον
744 518 800 545 ἔσθ’
814 519 858 545 ὅτε

63 565 196 601 προαλῶς
209 574 239 591 τε
252 566 300 592 καὶ
315 564 428 600 ἀμαθῶς
452 565 620 600 είσδέχονταί
634 573 662 591 τε
674 567 720 591 καὶ
738 565 858 591 ἐπαινεῖν

64 612 266 644 σπουδάζουσιν
278 619 285 626 ·
300 612 324 638 οῖ
339 611 376 644 δὲ,
392 612 448 643 τοῖς
461 611 584 646 ἀρίστοις
597 611 645 646 τὴν
660 611 756 646 αἰσχίω
769 611 857 646 ψῆφον

68 658 234 692 ἐπάγοντες,
249 658 298 693 τὴν
313 658 373 692 ῐσην
386 658 439 688 τοῖς
449 656 540 688 ἄλλοις
553 657 761 693 ὴῤῥωστηκότες
775 657 858 683 ἁπαι-

65 705 191 735 δευσίαν,
209 704 298 731 ἁλοῖεν
316 704 364 730 ἄν·
381 702 465 737 ὀλίγοι
481 703 509 729 δὲ
522 703 660 734 παντελῶς
673 704 698 729 οἱ
711 702 857 738 διακρίνειν

61 751 175 782 εἰδότες,
191 751 239 777 κα)⁵
253 749 299 777 τοῦ
317 749 509 777 κατασίνεσθαι
530 749 681 784 πεφυκότος
696 749 856 784 προτάττειν

61 797 93 823 τὸ
115 796 251 831 ὠφελοῦν.
276 795 404 830 ’Δπληγα
417 795 444 821 δὲ
461 794 507 821 τὸν
527 794 590 821 νοῦν
611 792 683 822 οὗτοι
697 794 855 830 διατηροῦσι

63 842 144 878 μόλις
167 844 196 868 ὲν
220 843 279 873 ταῖς
297 840 350 867 τῶν
365 840 465 876 ἐτέρων
486 840 674 876 λογομαχίαις.
698 840 802 867 Οὐκοῦν
816 840 854 872 ὡς

59 889 140 915 ἔσται
160 888 190 914 τὸ
214 887 308 923 χρῆμα
332 889 386 919 τοῖς
411 887 477 922 δρᾷν
493 886 628 913 ἐθέλουσιν
652 887 701 913 οὐκ
725 886 851 921 ἀζήμιον,

62 934 251 961 ὗπαινίττεται
264 933 345 960 πάλιν
354 934 418 968 ἡμῖν
429 934 444 959 ὁ
453 933 543 967 νόμος,
557 932 653 967 λέγων·
664 942 673 959 ι
685 933 746 959 Ἐὰν
761 932 788 958 δὲ
803 933 854 967 μά-

58 986 165 1013 χωνται
184 977 230 1004 δύο
246 976 350 1012 ἄνδρες,
367 977 414 1003 καὶ
429 975 569 1008 πατάξωσι
580 978 697 1010 γυναῖκα
709 976 737 1002 ὲν
753 975 852 1011 ’γαστρὶ

59 1023 190 1058 ἔχουσαν,
208 1023 255 1049 καὶ
272 1022 368 1058 ἐξέλθῃ
384 1022 414 1048 τὸ
435 1022 541 1048 παιδίον
568 1022 654 1057 αὐτῆς
671 1022 708 1057 μὴ
728 1022 853 1054 ὲξεικονι-

60 1069 174 1104 σμένον,
191 1067 335 1104 ἐπιζήμιον
349 1067 564 1103 ζημιωθήσεται,
580 1067 675 1094 καθότι
687 1067 720 1094 ἂν
736 1068 853 1103 emam

57 1115 73 1140 ὁ
96 1114 170 1149 ἀνὴρ
194 1114 243 1149 τῆς
260 1113 389 1147 γυναικὸς
401 1133 407 1144 ,
431 1114 478 1139 καὶ
497 1112 578 1139 δώσει
597 1112 666 1148 μετὰ
686 1113 851 1148 ἀξιώματος.

65 1161 132 1187 Ἐὰν
145 1161 173 1186 δὲ
188 1159 403 1194 ὲξεικονισμένον
414 1157 442 1196 ᾖ,
457 1158 536 1185 δώσει
549 1159 637 1195 ψυχὴν
651 1159 710 1186 ἀντὶ
724 1159 822 1195 ψυχῆς.
839 1168 849 1186 ι

58 1208 147 1242 Λόγος
165 1208 213 1243 μὲν
226 1205 288 1240 οὖν,
304 1208 333 1233 ὲν
349 1208 442 1243 μήτρᾳ
461 1206 490 1233 τὸ
506 1206 634 1243 ἔμϐρυον,
653 1206 851 1241 ἀνθρωποειδὲς

57 1254 177 1289 ὁρᾶσθαι
197 1254 291 1289 μόλις,
313 1254 359 1280 καὶ
378 1254 418 1284 εἰς
436 1253 520 1280 τύπον
537 1252 605 1279 ἰέναι
627 1252 675 1279 τοῦ
700 1252 761 1279 καθ’
778 1254 851 1289 ἡμᾶς

60 1301 191 1336 σώματος
207 1300 283 1331 τότε,
306 1300 350 1326 ὅτε
370 1300 417 1327 καὶ
434 1299 549 1335 ἀριθμὸς
569 1300 612 1325 ἐπ’
627 1298 701 1335 αὑτῷ
717 1307 851 1336 τεσσαρα-

59 1346 276 1381 κοστῆςήμέρας
288 1345 500 1381 διαπεραίνεται.
517 1345 650 1382 Ταύτῃτοι
671 1353 737 1380 φασι
750 1346 850 1372 Μωσέα

62 1393 115 1429 μὲν
129 1393 176 1419 τὸν
192 1392 359 1429 πανάριστον
370 1392 402 1419 ὲκ
415 1391 464 1427 τῆς
479 1392 507 1418 ὲν
519 1390 651 1426 Αἰγύπτῳ
666 1391 770 1426 πλάνης
782 1392 850 1418 οἱον-

60 1438 86 1465 εί
103 1447 163 1470 πως
179 1437 342 1465 ἀνωδίνοντὰ
359 1446 388 1464 τε
399 1437 446 1464 καὶ
459 1436 668 1472 ἀναμορφοῦντα
677 1436 722 1464 τὸν
741 1437 850 1473 Ἰσραὴλ

60 1486 101 1516 εις
117 1484 168 1520 τὴν
183 1485 213 1511 ὲν
227 1483 302 1519 νόμῳ
315 1483 398 1519 ζωὴν,
412 1483 504 1510 σιτίων
522 1482 672 1518 ἀπέχεσθαι
684 1483 731 1510 καὶ
743 1483 832 1509 ποτῶν
841 1492 848 1498 ·

62 1541 72 1557 ι
98 1532 199 1567 Ἀρτον
214 1530 278 1566 γὰρ,
302 1530 395 1565 φησὶν,
421 1530 470 1556 οὐκ
491 1529 602 1564 ἔφαγον,
628 1529 675 1556 καὶ
702 1528 774 1564 ὕδωρ
800 1529 850 1555 οὐκ
863 1549 885 1580 c

60 1579 138 1606 ἔπιον
152 1577 360 1614 τεσσαράκοντα
375 1577 491 1613 ἡμέρας.
511 1585 520 1603 ›
539 1577 594 1604 Καὶ
615 1577 655 1608 είς
671 1576 743 1612 ἡμᾶς
757 1576 784 1603 δὲ
801 1576 851 1602 αὑ.

58 1625 143 1656 τοὺς,
162 1623 349 1658 ὐποτοτι-ητέον
372 1622 470 1658 δράσαι
494 1630 523 1648 τε
541 1621 617 1648 τοῦτο
635 1622 683 1648 καὶ
707 1622 850 1657 ὑπομεῖναι

60 1669 188 1706 Χριστόν.
211 1668 410 1704 ’Δνεμορφοῦτο
426 1667 479 1704 γὰρ
496 1668 526 1694 ὲν
537 1666 612 1703 αὐτῷ
631 1667 698 1703 πρὸς
714 1666 850 1702 ἀγιασμὺν

58 1716 91 1743 δι’
117 1715 286 1751 ἐγκρατείας
309 1715 326 1750 ἡ
345 1714 443 1750 φύσις,
468 1713 498 1746 ἐξ
518 1713 656 1749 ἀκρατοῦς
683 1713 800 1748 ὀρέξεως
821 1714 850 1740 ἐν

58 1763 161 1798 ἀρχαῖς
187 1762 218 1788 ἐν
233 1761 272 1795 τῷ
296 1760 505 1796 πρωτοπλάστῳ
519 1760 565 1787 τὸν
580 1761 620 1792 εὶς
643 1759 782 1795 ἁμαρτίαν
804 1759 850 1786 καὶ

60 1807 220 1842 παράὃασιν
237 1806 437 1841 ἀῤῥωστήσασα
455 1805 602 1841 μολυσμόν.
619 1804 704 1831 Ταυτὶ
718 1805 766 1839 μὲν
776 1806 849 1840 ἡμᾶς

58 1855 110 1881 οὐκ
124 1853 258 1881 ἀπίθανον
277 1853 378 1879 ἐννοεῖν
391 1860 398 1867 ·
421 1852 500 1887 πλὴν,
518 1852 591 1883 ὃπως
606 1851 666 1878 ποτ’
684 1850 717 1878 ἂν
733 1850 788 1886 ἔχοι
801 1851 850 1885 Ιτῆς

60 1900 184 1935 ἱστορίας
198 1901 212 1926 ό
227 1899 316 1934 λόγος,
328 1897 469 1935 παρείσθω
484 1898 543 1925 νυνί
553 1907 560 1914 ·
577 1897 635 1930 πῶς
650 1897 673 1925 δ’
684 1897 717 1925 ἂν
729 1897 848 1925 νοεῖσθαι

58 1946 179 1982 πρέποι,
193 1946 224 1972 τὸ
237 1946 355 1980 γυναῖκα
371 1944 537 1980 πλήττεσθαι
555 1945 604 1980 τὴν
619 1945 648 1971 ιν
659 1943 759 1979 γαστρὶ
776 1943 849 1979 έχου-

59 2000 121 2025 σαν,
140 1991 210 2028 πρὸς
225 1990 280 2017 τῶν
299 1990 434 2017 εἰωθότων
444 1990 619 2025 λογομαχεῖν,
637 1988 703 2025 φέρε
720 1989 764 2025 δὴ.
780 1988 847 2024 φέρε

57 2036 288 2072 διασκεπτώμεθα
297 2045 304 2052 ·
322 2036 353 2063 τὺ
363 2036 417 2072 γάρ
429 2044 470 2062 τοι
480 2036 541 2063 λίαν
554 2034 726 2070 ἰσχνομυθεῖν
736 2034 764 2061 έν
774 2043 805 2069 γε
815 2034 848 2069 δὴ

56 2081 184 2114 τούτοις,
204 2082 254 2108 οὐκ
276 2080 405 2116 ἀτερπές.
429 2078 534 2106 Οὐκοῦν
558 2078 663 2114 καρπὸς
686 2077 718 2105 ἂν
742 2078 785 2112 εἴη
800 2078 848 2104 καὶ

57 2127 156 2162 κύημα
172 2126 229 2160 νοῦ,
247 2127 338 2159 πίστις
354 2127 371 2162 ἡ
391 2126 431 2158 εἰς
447 2124 574 2161 Χριστὸν,
588 2125 622 2151 δι’
637 2123 758 2155 ἐντελοῦς
775 2124 848 2159 ἡμᾶς

58 2172 188 2207 γνώσεως
213 2172 421 2200 ἀναπλάττουσα
443 2172 511 2207 πρὸς
530 2170 629 2203 αὑτὸν,
655 2170 701 2197 καὶ
723 2171 763 2202 εις
778 2169 848 2196 Θεῖον

912 247 993 273 niunt
1012 246 1178 280 abducendi,
1193 248 1392 282 prohibuisset,
1408 248 1482 276 aliud
1497 248 1628 283 quiddam
1648 257 1698 277 ex-

912 293 1051 328 cogitavit,
1066 293 1139 328 quod
1153 294 1242 328 ipsum
1260 294 1357 321 beatus
1381 301 1490 329 quoque
1508 293 1618 325 Paulus,
1637 299 1698 325 tan-

911 347 993 374 quam
1023 339 1154 374 optimam
1183 339 1263 366 nobis
1291 339 1464 373 disciplinam
1488 339 1616 366 tradidit:
1639 339 1698 366 «Ne

910 392 1062 420 pugnemus
1076 384 1179 417 verbis,
1197 392 1270 419 quae_
1279 384 1313 411 ad
1328 384 1448 411 nihilum
1464 384 1566 416 valent,
1585 384 1640 411 nisi
1663 384 1698 412 ad

909 430 1119 458 subversionem
1150 429 1322 457 audientium
1341 430 1396 457 ⁷⁸.»
1423 430 1492 457 Nam
1521 437 1697 465 supervacuae

910 475 963 503 illae
976 475 1188 511 disputationes,
1205 479 1234 502 et
1257 476 1342 502 nimia
1372 475 1444 502 circa
1461 476 1628 510 quaestiones
1643 476 1696 502 mi~

909 521 982 548 nime
991 521 1160 548 necessarias
1173 521 1324 554 contentio,
1338 525 1596 556 generantpugnas,
1609 525 1637 548 et
1648 529 1697 548 auo

908 567 1043 594 dientium
1060 567 1166 594 animos
1191 567 1313 594 feriunt:
1332 575 1346 594 e
1363 567 1466 602 quibus
1485 567 1609 594 nonnulli
1635 567 1698 602 qui-

907 611 969 640 dem
985 620 1019 639 ex
1033 612 1153 644 levitate,
1177 611 1249 647 quod
1272 619 1363 646 neque
1392 616 1467 639 recte
1497 612 1590 644 habet,
1605 618 1696 646 neque

907 658 1012 685 dictum
1027 663 1079 690 est,
1094 662 1197 685 temere
1217 661 1245 685 et
1270 658 1370 685 inscite
1395 665 1593 692 nonnunquam
1618 658 1695 684 excio

906 704 995 739 piunt.
1007 708 1035 731 et
1048 704 1175 731 laudibus
1195 704 1312 731 tollunt:
1338 704 1384 731 alii
1400 711 1497 731 rursus
1523 704 1557 731 de
1583 704 1695 738 optimis

905 750 973 787 viris
986 753 1065 785 turpe
1081 750 1217 785 judicium
1231 750 1374 783 facientes,
1403 750 1510 781 eadem,
1529 757 1583 784 qua
1599 750 1693 783 primi,

906 794 1016 821 inscitia
1049 794 1176 822 laborare
1196 795 1464 830 deprehenduntur:
1491 795 1571 829 pauci
1600 799 1694 821 autem

905 840 1052 867 admodum
1065 840 1199 876 judicare,
1214 844 1242 867 et
1257 840 1340 868 rebus
1356 840 1446 868 noxiis
1470 840 1547 867 utilia
1564 840 1694 875 praeferre

906 887 1015 919 sciunt,
1043 887 1145 921 vixque
1159 887 1178 913 ii
1204 886 1337 913 duntaxat
1361 886 1389 913 in
1416 887 1533 914 aliorum
1550 887 1694 914 hominum

906 932 1054 959 verborum
1076 931 1175 967 pugnis
1195 931 1399 959 invulneratum
1423 932 1544 959 animum
1570 937 1691 960 servant.

906 978 1001 1013 Itaque
1019 978 1047 1005 id
1060 977 1228 1005 facientibus
1245 986 1301 1005 non
1321 977 1487 1013 impunitum
1505 977 1564 1005 fore
1589 978 1693 1005 indicat

906 1031 1015 1051 rursum
1031 1023 1084 1055 lex,
1100 1031 1163 1050 cum
1176 1022 1260 1050 dicit:
1284 1033 1293 1049 ι
1307 1023 1335 1051 Si
1348 1031 1414 1050 vero
1434 1023 1489 1050 duo
1504 1024 1557 1050 viri
1570 1031 1694 1059 pugnan-

907 1074 948 1097 tes
974 1069 1161 1104 percusserint
1188 1069 1333 1097 mulierem
1363 1070 1390 1097 in
1427 1074 1506 1097 utero
1532 1069 1691 1100 habentem.

906 1115 988 1150 260
1015 1119 1042 1142 et
1064 1116 1163 1143 exierit
1189 1116 1279 1143 infans
1296 1116 1365 1151 ejus,
1395 1115 1518 1142 nondum
1546 1114 1690 1147 formatus,

905 1163 990 1189 multa
1004 1162 1175 1195 multabitur,
1198 1166 1331 1197 quantum
1355 1161 1485 1188 indixerit
1508 1161 1550 1188 vir
1569 1160 1692 1188 mulieris

901 1201 989 1240 illius,
1003 1212 1030 1234 et
1039 1207 1115 1234 dabit
1130 1215 1193 1234 cum
1205 1207 1407 1242 postulatione;
1425 1207 1467 1234 sin
1478 1207 1613 1234 formatus
1629 1207 1691 1234 fue-

905 1254 950 1287 rit,
962 1254 1038 1281 dabit
1061 1254 1180 1281 animam
1209 1261 1260 1288 pro
1278 1254 1369 1280 anima
1393 1254 1425 1280 ⁸⁸.
1441 1263 1449 1278 ι
1475 1253 1578 1280 Ferunt
1607 1253 1691 1288 igitur

904 1299 990 1328 fetum
1004 1300 1033 1327 in
1049 1305 1130 1328 utero
1138 1300 1184 1328 vix
1198 1300 1310 1327 tandem
1339 1299 1373 1327 ad
1403 1299 1552 1326 humanam
1570 1300 1690 1334 speciem

904 1346 1023 1374 eﬁictum
1040 1346 1138 1380 videri,
1156 1351 1184 1374 et
1199 1346 1233 1373 ad
1256 1345 1370 1381 ﬁguram
1392 1345 1478 1372 nostri
1498 1344 1624 1379 corporis
1639 1352 1686 1371 ac-

904 1391 1012 1424 cedere,
1023 1399 1140 1419 numero
1156 1391 1336 1427 quadraginta
1350 1389 1458 1417 dierum
1476 1389 1584 1423 expleto
1613 1388 1688 1415 ideo-

903 1444 956 1472 que
976 1437 1054 1464 aiunt
1073 1436 1297 1472 Moysen,virum
1324 1435 1468 1470 optimum,
1495 1442 1557 1461 cum
1584 1433 1690 1461 Israelis

904 1480 1036 1516 populum
1049 1488 1083 1508 ex
1100 1481 1147 1507 illo
1157 1479 1265 1515 Egypti
1281 1486 1376 1506 errore
1389 1478 1423 1505 ad
1437 1477 1521 1505 vitam
1537 1475 1688 1504 secundum

903 1527 990 1562 legem
1003 1526 1157 1554 ducendam
1186 1527 1286 1554 iterum
1316 1523 1518 1560 quodammodo
1540 1522 1690 1558 parturiret

902 1582 933 1602 ac
950 1574 1122 1606 reformaret,
1140 1573 1203 1601 cibo
1217 1576 1246 1599 et
1270 1575 1338 1606 potu
1359 1570 1548 1598 abstinuisse:
1566 1579 1574 1595 ι
1586 1569 1689 1596 Panem

901 1621 986 1653 enim,
998 1619 1097 1655 inquit,
1114 1626 1170 1646 non
1183 1617 1300 1651 comedi,
1312 1621 1340 1644 et
1353 1624 1452 1651 aquam
1472 1623 1528 1643 non
1551 1615 1610 1643 bibi
1622 1623 1689 1650 qua-

901 1667 1027 1702 draginta
1054 1666 1153 1694 diebus
1175 1666 1208 1692 ⁸¹.
1228 1675 1237 1691 ι
1269 1664 1343 1691 Idem
1365 1670 1474 1698 quoque
1499 1666 1612 1697 propter
1639 1669 1689 1688 nos

901 1713 975 1748 ipsos
999 1712 1212 1740 existimandum
1240 1714 1282 1738 est
1309 1714 1336 1737 et
1360 1708 1468 1741 fecisse,
1483 1713 1512 1736 et
1541 1707 1688 1743 pertulisse

900 1757 1040 1785 Christum
1051 1766 1057 1784 :
1070 1755 1273 1785 reformabatur
1285 1754 1359 1782 enim
1374 1755 1403 1780 in
1420 1761 1453 1781 eo
1477 1752 1512 1780 ad
1530 1751 1688 1780 sanctiﬁca-

901 1803 1003 1831 tionem
1019 1811 1068 1838 per
1077 1801 1285 1837 temperantiam
1314 1804 1408 1827 nostra
1437 1803 1545 1830 natura,
1568 1805 1629 1832 qua:
1653 1797 1688 1824 ab

901 1847 979 1874 initio
991 1846 1018 1873 in
1034 1846 1146 1873 homine
1159 1846 1279 1881 primum
1294 1844 1422 1877 formato,
1432 1851 1481 1878 per
1503 1843 1686 1877 intemperan-

901 1897 956 1921 tem
973 1892 1137 1928 appetitum,
1152 1891 1258 1927 peccati
1274 1889 1555 1924 transgressionisquo
1580 1889 1687 1916 macula

899 1940 991 1968 fuerat
1001 1939 1152 1974 inquinata.
1166 1938 1255 1973 Atque
1280 1936 1339 1964 haec
1354 1944 1370 1963 a
1391 1935 1471 1963 nobis
1492 1935 1604 1970 quidem
1631 1942 1686 1962 non

900 1986 1120 2023 improbabiliter
1142 1984 1359 2019 excogitantur:
1386 1986 1489 2014 tamen,
1521 1988 1686 2016 quocunque

899 2033 981 2061 modo
999 2040 1028 2060 se
1042 2031 1143 2059 habeat
1157 2030 1280 2058 historiae
1297 2028 1378 2059 ratio,
1407 2026 1441 2054 ad
1466 2034 1587 2062 praesens
1603 2026 1685 2053 omit-

899 2084 986 2107 tatur:
1007 2077 1144 2113 quomodo
1171 2079 1263 2104 autem
1287 2072 1403 2108 intelligi
1429 2072 1575 2100 conveniat
1604 2071 1684 2102 illud.

899 2124 1044 2152 mulierem
1070 2123 1098 2149 in
1119 2126 1199 2150 utero
1222 2120 1371 2147 habentem
1398 2117 1433 2145 ab
1449 2117 1483 2145 iis
1509 2117 1557 2152 qui
1580 2124 1686 2152 pugnas

898 2169 1049 2198 verborum
1065 2174 1193 2195 exercere
1206 2162 1546 2198 consueverunt,percuti,
1560 2169 1608 2197 age
1628 2162 1685 2197 jam

57 2218 247 2254 διαμορφοῦσα.
264 2219 363 2246 τύπονσ
380 2218 428 2245 καὶ
447 2217 512 2251 γοῦν
527 2217 551 2243 οἱ
576 2216 787 2248 πεπιστευκότες
802 2215 846 2242 διὰ

903 2214 1117 2243 consideremus:
1131 2219 1193 2239 nam
1224 2210 1362 2238 subtiliter
1381 2208 1527 2236 admodum
1545 2207 1684 2235 disserere

59 2266 153 2298 φωνῆς
174 2265 296 2297 Ἡσαΐου,
309 2264 399 2295 τοῦτο,
415 2261 492 2299 οἶμαί
505 2272 569 2295 που,
586 2263 847 2298 κατασημαενοντες,

58 2308 89 2337 εὖ
108 2310 182 2346 μάλα
197 2310 420 2346 κατακεκράγασι
433 2318 440 2325 ·
459 2319 469 2335 ι
488 2309 538 2336 Διὰ
553 2309 599 2335 τὸν
615 2308 696 2343 φόϐον
713 2317 760 2335 σου
770 2330 777 2339 ,
792 2308 849 2335 Κύ-

61 2365 124 2392 ριε,
142 2356 171 2382 ἐν
197 2356 295 2392 γαστρὶ
322 2356 454 2391 ἐλάϐομεν
469 2376 475 2388 ,
502 2356 549 2382 καὶ
585 2354 776 2390 ὠδινήσαμεν,
801 2354 848 2380 καὶ

59 2402 205 2437 ὲτέκομεν,
231 2401 339 2437 πνεῦμα
366 2401 504 2437 σωτηρίας
530 2409 577 2427 σου
606 2401 775 2435 ἐποιήσαμεν
801 2400 847 2426 ἐπὶ

58 2447 109 2482 τῆς
123 2446 187 2481 γῆς.
203 2456 213 2472 ι
231 2447 335 2474 Οὐκοῦν
350 2447 456 2483 καρπδς
469 2446 503 2473 ἂν
516 2446 560 2481 εἴη
571 2447 618 2473 καὶΙ
638 2446 733 2481 κύημα
752 2445 797 2472 νοῦ
815 2445 845 2473 τδ

59 2492 247 2527 πνευματικὸν
263 2493 310 2519 καὶ
327 2493 471 2529 σωτήριον,
493 2493 583 2524 πίστις
597 2493 613 2528 ἡ
627 2493 667 2523 εὶς
686 2491 812 2528 Χριστὸν,
828 2491 845 2526 ἥ

61 2539 108 2565 καὶ
132 2538 197 2570 τοὺς
231 2538 320 2571 θείους
345 2539 412 2574 ήμῐν
440 2539 618 2575 χαρακτῆρας
641 2538 843 2573 ἄνσημαίνεται.

60 2583 123 2614 Τοῖς
143 2583 209 2617 γοῦν
235 2583 267 2609 ὲκ
286 2583 453 2619 τελεωτέρας
473 2582 600 2617 γνώσεως
631 2582 845 2618 μετερῤυηκόσιν

61 2630 174 2664 ἀμαθῶς
187 2630 227 2661 εις
247 2630 297 2665 τὴν
319 2630 388 2665 μείω
402 2638 431 2655 τε
450 2630 497 2656 καὶ
512 2628 692 2664 ἀτελεστέραν
705 2649 712 2661 ,
728 2628 847 2655 Γαλάται

61 2675 87 2701 δὲ
115 2672 189 2702 οὗτοι
203 2695 210 2707 ,
228 2674 398 2711 προσεφώνει
422 2675 508 2709 λέγων
527 2676 542 2701 ὁ
557 2675 697 2706 θεσπέσιος
722 2674 826 2706 Παῦλος
839 2681 845 2688 ·

65 2729 73 2745 ι
98 2721 199 2748 Τεκνία
216 2730 279 2757 μου,
292 2721 338 2754 οὓς
352 2721 431 2749 πάλιν
448 2722 535 2748 ὠδίνω
546 2741 554 2753 ,
570 2722 648 2757 ἄχρις
667 2718 697 2747 οὗ
716 2720 846 2756 μορφωθῇ

63 2766 180 2798 Χριστὸς
196 2767 226 2794 ὲν
239 2767 314 2802 ὑμῖν.
334 2776 342 2793 ι
366 2765 557 2801 Ἐναρξάμενοι
569 2766 623 2801 γὰρ
645 2765 789 2800 πνεύματι,
800 2764 848 2800 τὴν

93 2860 151 2898 ⁷⁵⁵11
165 2860 237 2888 Tim.
248 2868 277 2893 n,
291 2860 334 2888 LI.
365 2860 387 2876 "
400 2859 487 2888 Exod.
504 2867 557 2891 ut,
571 2859 614 2892 2'2,
631 2860 675 2887 25.
705 2859 725 2875 "
743 2859 821 2886 Deut.
837 2865 873 2885 ix.

901 2261 929 2288 in
940 2260 984 2287 his
998 2263 1073 2287 certe
1085 2258 1178 2289 rebus,
1196 2264 1251 2289 non
1264 2254 1443 2290 injucundum
1460 2258 1511 2281 est.
1530 2253 1578 2280 Est
1602 2253 1685 2288 igitur

903 2303 1010 2331 fructus
1024 2309 1058 2330 ac
1081 2302 1156 2329 fetus
1173 2300 1283 2331 mentis,
1300 2299 1368 2326 ﬁdes
1392 2299 1419 2325 in
1449 2298 1600 2330 Christum,
1623 2305 1684 2333 quae

900 2356 953 2375 nos
977 2347 1099 2383 perfecta
1125 2345 1281 2380 cognitione
1307 2343 1341 2371 ad
1373 2343 1447 2370 illius
1475 2343 1683 2370 similitudinem

899 2394 1012 2429 eﬁingit,
1026 2397 1054 2421 et
1066 2392 1101 2420 ad
1116 2392 1229 2427 ﬁguram
1256 2389 1376 2430 divinam
1405 2389 1550 2416 reformat:
1568 2389 1684 2424 ideoque

900 2439 996 2467 ﬁdeles
1009 2445 1058 2473 per
1080 2437 1156 2464 Isaiae
1182 2442 1277 2462 vocem
1299 2434 1362 2467 hoc,
1375 2438 1406 2461 ut
1419 2433 1527 2469 opinor,
1552 2433 1631 2468 plane
1645 2434 1684 2461 si-

900 2483 1069 2520 gniﬁcantes,
1082 2482 1216 2509 clamant:
1234 2489 1242 2505 (
1254 2480 1369 2514 Propter
1389 2479 1516 2506 timorem
1530 2482 1618 2509 tuum,
1632 2477 1685 2505 Do.

901 2530 985 2562 mine,
999 2529 1028 2556 in
1055 2531 1151 2555 ventre
1178 2526 1349 2561 accepimus,
1373 2528 1401 2552 et
1426 2522 1683 2559 parturivimus,et

899 2575 1059 2611 peperimus
1078 2573 1205 2608 spiritum
1231 2572 1326 2599 salutis
1357 2575 1419 2603 tuae,
1438 2577 1498 2605 qua:
1523 2569 1638 2596 fecimus
1655 2568 1683 2596 in

900 2627 976 2650 terra
991 2622 1024 2649 ".
1038 2631 1047 2647 ι
1067 2621 1183 2648 Fructus
1198 2619 1282 2654 igitur
1298 2617 1400 2645 mentis
1416 2624 1448 2643 ac
1466 2615 1537 2643 fetus
1550 2615 1680 2650 spiritua-

898 2669 933 2697 Iis
947 2673 1029 2703 atque
1043 2667 1172 2695 salutaris
1184 2670 1226 2694 est
1240 2665 1307 2693 ﬁdes
1320 2665 1347 2692 in
1361 2663 1513 2694 Christum,
1539 2670 1599 2697 quae
1614 2661 1683 2689 divi-

898 2722 949 2743 nos
965 2721 1075 2749 quoque
1086 2713 1113 2740 in
1127 2713 1208 2740 nobis
1222 2712 1394 2740 characteres
1423 2709 1563 2745 imprimit.
1589 2708 1682 2742 Itaque

899 2768 947 2789 eos
957 2763 1032 2787 certe
1045 2758 1092 2793 qui
1112 2766 1127 2785 e
1141 2757 1299 2792 perfectiori
1325 2755 1480 2792 cognitione
1493 2754 1525 2782 ad
1547 2754 1682 2781 minorem

900 2857 941 2885 18,
974 2855 995 2871 ⁸⁵
1016 2853 1206 2886 Isa.xxvt,18.
