1939 3041
272 158 323 187 547

766 156 793 185 S.
814 157 951 185 CYRILLI
971 155 1205 184 ALEXANDRINI
1224 155 1384 184 ARCHIEP.

1845 155 1902 187 ,ωε

272 218 300 241 et
326 213 558 249 lmperfectiorem
581 212 663 240 stulte
691 212 864 241 deduxerant
884 212 997 249 (Galatae
1027 211 1055 238 lii

1109 211 1179 238 κατὰ
1195 210 1283 246 σάρκα
1300 211 1438 238 τελείωσιν
1452 209 1625 245 ἐπετήδευον,
1640 209 1681 242 εις
1695 209 1745 246 τὴν
1756 209 1806 238 τοῦ
1820 211 1903 246 νόμου

271 260 373 294 erant),
392 259 586 296 alloquebatur
595 258 694 286 beatus
706 258 818 292 Paulus,
845 259 941 286 dicens
956 267 960 284 :
988 267 996 283 ι
1011 257 1056 284 Fi-

273 305 328 332 lioli
351 305 422 336 mei,
450 311 521 339 quos
553 304 654 331 iterum
685 303 819 338 parturio,
847 302 935 330 donec
955 301 1057 329 fornic-

273 357 318 380 tur
328 353 455 380 Christus
474 352 501 379 in
529 352 608 379 vobis
637 352 670 379 ⁸⁸.
686 361 695 377 ι
721 351 791 380 Cum
813 351 887 379 enim
912 351 1059 386 coepissent

271 397 381 433 spiritu,
394 396 486 425 carnis
496 396 695 431 perfectionem
709 396 743 423 ad
755 396 869 431 legalem
884 396 989 423 cultum
1004 400 1059 423 tra-

270 441 357 473 ducti,
370 441 556 473 sectabantur,
566 441 602 467 ob
617 448 732 475 eamque
740 448 850 468 causam
861 439 1015 468 efﬁciebant
1029 445 1060 467 ut

270 488 300 514 in
317 487 416 522 seipsis
428 487 475 514 illa
488 487 591 514 Christi
609 486 737 514 formatio
757 485 792 514 ad
805 486 888 514 ﬁnem
914 487 1060 521 perfectio-

270 541 389 568 nemque
402 533 516 560 minime
528 533 698 568 perveniret,
714 533 818 560 bonum
845 532 912 559 illud
932 532 1006 567 quod
1031 533 1059 560 in

270 578 339 614 ipsis
351 582 481 613 tanquam
497 579 525 606 in
554 582 632 606 utero
647 579 768 614 positum
793 583 863 611 erat,
879 579 956 606 velut
976 579 1060 606 abor—

270 624 381 651 tientes.
397 624 482 658 Igitur
500 623 545 650 illa
567 623 732 658 cognitionis
759 623 901 658 perfectio,
928 628 957 652 et
980 625 1058 660 261

271 668 414 704 integritas
432 668 505 702 ﬁdei,
528 669 679 696 Salvatoris
706 669 795 696 nostri
822 669 1012 698 formationem
1032 671 1060 697 in

270 719 379 742 nostros
394 714 517 741 omnium
529 715 635 742 animos
663 714 786 748 inducet,
801 722 888 749 eaque
911 723 955 742 res
981 715 1060 743 nobis

271 761 359 787 instar
374 760 460 788 divini
485 760 628 795 cujusdam
652 760 766 788 seminis
790 761 853 788 erit.
877 761 947 789 Cum
977 762 1061 797 igitur

269 806 452 841 quorumdam
490 806 637 834 verborum
670 807 896 834 contentionibus
936 807 1059 834 nonnulli

270 852 508 885 scandalizantur;
525 852 624 879 deinde
640 853 732 879 anima
758 853 785 880 id
810 861 955 888 perpessa,
984 853 1057 880 illam

1109 256 1237 292 λατρείαν
1258 255 1501 292 μετενηνεγμένοι·
1523 255 1653 290 ταύτῃτοι
1682 255 1730 282 καὶ
1754 255 1904 290 ἀτελεσφό-

1110 310 1192 337 ρητον
1203 303 1232 329 ὲν
1248 303 1354 333 ἑαυτοῖς
1371 301 1421 338 τὴν
1433 301 1481 328 τοῦ
1504 300 1622 337 Χριστοῦ
1641 302 1785 337 μόρφωσιν
1800 302 1903 329 ἀπετέο

1109 349 1182 381 λουν,
1207 349 1289 375 οἱονεί
1306 357 1363 380 πως
1386 347 1625 383 ἁπαμὸλίσκοντες
1647 348 1678 375 τὺ
1697 348 1727 375 ἐν
1753 356 1786 383 γε
1810 349 1904 383 σφίσιν

1109 395 1201 426 αὐτοῖς
1214 395 1252 426 ὡς
1273 395 1302 421 ἐν
1329 393 1406 429 νηδύϊ
1429 394 1554 430 κείμενον
1568 393 1681 428 ἀγαθόν.
1704 394 1812 421 Οὐκοῦν
1826 395 1858 421 τὸ
1876 396 1904 421 ὲν

1108 438 1209 474 γνώσει
1229 439 1332 466 τέλειον
1357 439 1405 466 καὶ
1433 439 1464 466 τὸ
1488 439 1638 475 ἀκραιφνὲς
1661 441 1701 472 εἰς
1726 440 1830 473 πίστιν,
1857 440 1904 466 τοῦ

1110 485 1234 520 Σωτῆρος
1248 485 1298 520 τὴν
1311 485 1451 521 μόρφωσιν
1462 487 1520 517 ταῖς
1535 485 1663 512 ἁπάντων
1675 486 1755 521 ἡμῶν
1764 487 1902 514 εἰσοικιεῖ-

1109 538 1154 556 ται
1173 529 1286 565 ψυχαῖς,
1310 530 1455 557 καὶτοῦτο
1481 531 1509 557 ὲν
1529 532 1596 567 ἡμῖν
1619 531 1657 563 ὡς
1683 531 1744 558 θεία
1768 541 1811 563 τις
1826 531 1904 559 ἔσται

1111 576 1209 611 σπορὰ.
1234 575 1318 602 Ὅταν
1333 576 1422 603 τοίνυν
1437 576 1475 608 ὡς
1499 576 1553 603 ἀπό
1569 584 1601 610 γε
1617 577 1666 612 τῆς
1681 585 1762 604 τινων
1784 577 1902 612 λογομα-

1110 621 1172 657 χίας
1198 621 1415 654 σκανδαλίζοιντό
1440 630 1529 654 τινεςο
1551 620 1612 650 εἶτα
1635 623 1652 658 ἡ
1678 622 1758 650 τοῦτο
1777 622 1903 649 παθοῦσα

1109 668 1193 703 ψυχὴ,
1209 668 1258 704 τὴν
1278 668 1315 698 ὡς
1335 668 1364 695 ἐν
1380 667 1457 695 dia-Im.
1477 668 1620 703 κειμένην,
1641 668 1688 695 καὶ
1706 669 1746 700 εἰς
1767 668 1831 695 νοῦν
1850 668 1903 694 ἔσω

1112 713 1377 748 τεθησαυρισμένην,
1401 713 1589 746 ἀπαμϐλίσκοι
1606 714 1698 740 πίστιν
1720 722 1750 740 τε
1770 714 1820 740 καὶ
1833 713 1903 748 γνῶ-

1112 769 1164 793 σιν,
1183 760 1207 786 εί
1223 760 1270 795 μὲν
1294 760 1347 795 εἴη,
1368 760 1444 794 φησὶ,
1463 759 1500 794 μὴ
1512 759 1726 795 ἐξεικονισμένη,
1746 759 1899 791 τουτέστιν,

1112 807 1136 832 εἰ
1163 805 1262 840 ἀτελὴς
1284 805 1324 832 ἔτι
1345 806 1392 832 καὶ
1419 805 1607 841 ἀκαλλεστέρα
1621 826 1628 838 ,
1649 805 1751 841 ζημίαν
1770 807 1903 842 ὑπομενεί

1114 852 1202 887 πάντη
1223 860 1252 877 τε
1270 851 1316 878 καὶ
1334 850 1442 882 πάντως
1468 851 1481 877 ό
1498 850 1545 877 τοῦ
1571 850 1719 877 σκανδάλου
1738 851 1901 886 παραίτιος,

268 905 352 932 quam
366 897 393 924 in
407 901 487 924 utero
501 898 634 933 gestabat,
657 901 685 925 et
698 898 726 925 in
745 899 837 926 animo
849 899 945 926 intime
961 907 1055 926 recon-

1111 899 1147 934 ἢν
1160 899 1193 925 ἂν
1205 898 1333 933 ἐπιϐάλῃ,
1351 898 1442 932 φησὶν,
1458 898 1473 923 ό
1490 897 1590 932 ταύτης
1610 897 1724 933 νυμφίος
1736 919 1743 931 ,
1760 897 1900 929 τουτέστι,

269 943 356 970 ditam
373 943 504 975 habebat,
530 943 611 971 ﬁdem
628 947 657 971 et
670 945 855 979 cognitionem
883 944 1055 977 abortiverit,

269 988 416 1023 siquidem,
442 989 540 1024 inquit,
558 990 680 1017 nondum
706 990 821 1018 formata
848 991 940 1023 fuerit,
959 991 986 1018 id
1005 995 1055 1023 est,

269 1035 360 1061 adhuc
383 1034 544 1069 imperfecta
571 1039 599 1062 et
625 1035 771 1068 informis,
804 1036 919 1063 multam
944 1036 1057 1063 omnino

268 1080 427 1114 sustinebit,
441 1081 489 1116 qui
509 1081 632 1109 scandali
645 1090 756 1109 causam
776 1083 867 1115 dedit,
886 1091 968 1118 quam
986 1083 1058 1110 indi-

268 1127 350 1159 xerit,
366 1127 467 1162 inquit,
489 1127 564 1154 illius
591 1135 720 1163 sponsus,
746 1137 845 1164 nempe
859 1129 1005 1163 Christus;
1029 1134 1057 1158 et

267 1171 344 1198 dabit
356 1179 418 1198 cum
431 1172 629 1206 postulatione,
645 1173 745 1208 inquit,
763 1173 791 1201 id
801 1178 853 1207 est,
872 1175 974 1210 gratias
985 1178 1055 1210 aget,

268 1215 341 1250 quod
362 1223 417 1243 non
436 1216 525 1251 plena:
543 1217 709 1251 perditionis
724 1225 833 1253 poenam
854 1219 999 1247 sustineat.
1024 1220 1058 1247 At

268 1261 291 1288 si
304 1260 456 1296 spiritualis
467 1261 554 1288 animi
584 1261 657 1290 fetus
671 1263 831 1290 eﬁ‘ormatns
853 1263 948 1296 fuerit,
960 1264 988 1292 id
1004 1268 1056 1296 est,

266 1305 291 1332 si
306 1306 426 1341 cognitio
441 1313 474 1333 ac
498 1305 566 1334 ﬁdes
587 1306 781 1336 formationem
795 1308 898 1336 Christi
918 1309 1056 1342 habuerit,

267 1356 393 1379 extremo
419 1352 556 1387 supplicio
572 1353 734 1389 snbjacebit,
753 1359 784 1382 ut
813 1355 860 1389 qui
881 1355 938 1390 jam
970 1355 1058 1383 homi-

268 1398 328 1425 cida
344 1398 395 1426 sit:
409 1406 472 1426 nam
486 1399 600 1434 integrae
616 1399 678 1427 ﬁdei
691 1401 812 1432 amissio,
824 1405 853 1428 et
875 1401 1058 1436 perfectch-

268 1444 399 1480 gnitionis
409 1445 528 1481 jactura,
542 1453 616 1473 mors
638 1450 681 1473 est
693 1447 801 1474 animae.
825 1447 920 1482 Itaque
944 1447 1056 1481 partici-

268 1498 330 1526 pem
344 1498 404 1518 esse
430 1491 597 1519 nefariarum
611 1493 832 1527 persuasiOnum,
857 1501 888 1520 ac
901 1501 1057 1521 sermonum

1114 944 1232 980 Χριστός
1241 952 1248 960 ·
1267 944 1314 971 καὶ
1327 943 1407 970 δώσει
1422 944 1492 979 μετά
1506 943 1658 979 ἀξιώματος
1671 965 1679 978 ,
1692 943 1818 970 τουτέστι
1830 965 1839 977 ,
1854 944 1900 970 καὶ

1108 989 1276 1024 όμολογείτω
1294 990 1385 1025 χάριν,
1403 989 1440 1024 μὴ
1459 989 1509 1024 τὴν
1522 990 1562 1020 εἰς
1579 989 1689 1025 ὀλεθρον
1703 989 1824 1025 παντελῆ
1838 998 1900 1016 ποι-

1109 1035 1156 1070 νὴν
1168 1035 1296 1066 ὑποστάς.
1311 1035 1343 1061 Εἰ
1357 1034 1385 1061 δὲ
1398 1034 1439 1070 εἴη
1449 1054 1456 1065 ,
1471 1035 1563 1070 φησὶν,
1581 1035 1796 1070 ὲξεικονισμένον
1807 1035 1839 1062 τὸ
1853 1035 1903 1070 τῆς

1107 1080 1198 1115 ψυχῆς
1224 1080 1319 1114 κύημα
1334 1079 1439 1114 νοητὸν,
1458 1079 1608 1112 τουτέστιν,
1633 1081 1657 1107 εί
1673 1080 1776 1114 γνῶσις
1795 1079 1840 1115 εἴη
1854 1081 1903 1107 καὶ

1109 1125 1199 1157 πίστις
1219 1125 1266 1152 τοῦ
1286 1125 1404 1160 Χριστοῦ
1428 1125 1548 1160 φοροῦσα
1577 1125 1728 1161 μόρφωσιν,
1752 1127 1809 1157 τοῖς
1837 1126 1902 1161 περὶ

1109 1171 1164 1198 τῶν
1177 1171 1299 1206 ἐσχάτων
1323 1170 1498 1197 ὑποκείσεται
1524 1170 1631 1204 λόγοις,
1652 1171 1690 1203 ὡς
1709 1171 1760 1206 ήδη
1777 1172 1827 1198 καὶ
1851 1179 1900 1206 φοο

1108 1216 1200 1251 νευτή.
1214 1217 1309 1251 Ψυχῆς
1320 1216 1374 1252 γὰρ
1388 1216 1512 1248 θάνατος,
1522 1217 1539 1251 ἡ
1553 1216 1603 1252 τῆς
1618 1217 1770 1252 ἀμωμήτου
1783 1217 1901 1248 πίστεως

1107 1262 1247 1293 ἀπόθεσις.
1263 1262 1310 1288 καὶ
1326 1262 1374 1297 τῆς
1389 1262 1493 1298 ἀρτίως
1505 1262 1621 1298 ἐχούσης
1635 1262 1762 1297 γνώσεως
1773 1263 1789 1298 ἡ
1802 1262 1899 1298 ζημία.

1108 1308 1252 1342 Τοιγάρτοι
1266 1307 1297 1334 τὸ
1313 1309 1409 1343 χρῆναι
1426 1308 1589 1343 μεταλαχετν
1606 1308 1723 1335 ἀνοσίων
1737 1309 1897 1343 είσηγημά-

1107 1364 1173 1388 των,
1194 1354 1242 1382 καὶ
1260 1351 1298 1382 ὧν
1313 1353 1347 1381 ἃν
1361 1355 1464 1380 ποιοῖτο
1475 1353 1573 1388 λόγων,
1585 1354 1664 1389 ἀνὴρ,
1680 1353 1803 1388 γεγονὼς
1820 1354 1900 1381 κατά.

1109 1401 1207 1436 ὃρωμα
1229 1399 1394 1433 διαϐολικὸν,
1416 1400 1528 1435 καὶτῆς
1551 1399 1606 1427 τῶν
1628 1400 1778 1436 δαιμονίων
1799 1400 1899 1437 ἀγέλης

1107 1447 1187 1474 οἱονεί
1203 1455 1261 1478 πως
1275 1445 1374 1482 τροφὴ,
1391 1446 1529 1482 μολυσμὸν
1544 1444 1616 1474 εἶναί
1633 1455 1717 1482 φησιθ
1730 1447 1779 1474 καὶ
1791 1447 1898 1481 ἀποφὰ-

1109 1503 1169 1521 σκει
1184 1494 1275 1526 πάλιν,
1288 1493 1372 1525 ὡς’ὲν
1387 1493 1528 1529 αἰνίγματι
1540 1493 1637 1528 λέγων,
1656 1503 1665 1520 ι
1684 1494 1740 1520 Καὶ
1755 1494 1842 1529 κρέας
1856 1494 1898 1530 θη-

267 1543 337 1571 quos
349 1537 513 1565 habueritis
543 1538 590 1572 qui
615 1545 678 1566 esca
706 1538 842 1566 diabolica
864 1538 951 1566 factus
962 1544 1014 1572 est,
1030 1545 1055 1566 et

1110 1541 1240 1577 ριάλωτον
1256 1540 1306 1567 οὐκ
1326 1539 1435 1567 ἔδεσθε·
1454 1539 1494 1575 τῷ
1515 1541 1575 1567 κυνὶ
1593 1540 1767 1576 ἀπορρίψατε
1792 1541 1870 1567 αὑτό.
1887 1550 1895 1565 ο

268 1581 422 1609 daemonum
433 1583 523 1618 gregis
540 1583 624 1610 vcluti
650 1584 739 1616 cibus,
764 1592 821 1611 rem
839 1584 975 1619 impuram
993 1593 1054 1613 esse

268 1628 322 1655 ait:
337 1628 418 1663 idque
438 1629 567 1664 prohibet
584 1638 704 1662 rursum,
718 1635 847 1665 tanquam
871 1637 921 1666 per
939 1632 1054 1667 aenigma

267 1673 378 1702 dicens:
396 1684 405 1701 ι
417 1675 450 1702 Et
462 1682 572 1703 carnem
581 1680 689 1710 captam
704 1683 720 1702 a
735 1676 823 1703 bestia
846 1684 903 1703 non
924 1677 1053 1705 comede—

267 1719 303 1746 tis
320 1729 326 1746 :
341 1720 404 1748 cani
426 1721 552 1756 projicite
574 1721 648 1748 illam
660 1720 693 1747 °‘.
711 1730 721 1746 )
743 1721 801 1749 Mos
822 1725 864 1749 est
888 1723 962 1749 enim
980 1722 1055 1750 Scri-

267 1770 354 1800 ptor-.2
380 1773 475 1793 canem
498 1767 637 1801 appellare
657 1766 845 1801 impudentem
863 1772 891 1795 et
914 1769 1053 1804 impurum

266 1811 424 1838 hominem:
439 1813 608 1840 conveniens
618 1817 660 1839 est
675 1817 767 1843 autem
789 1813 924 1848 ejusmodi
936 1815 1051 1847 homini,

265 1857 415 1892 utopinor,
429 1858 521 1892 quivis
544 1866 635 1886 sermo
660 1858 786 1893 impurus
796 1866 828 1886 ac
841 1859 952 1892 fetidus,
969 1864 996 1887 et
1017 1862 1051 1888 ab

266 1903 327 1937 ipso
339 1902 493 1930 Beelzebub
501 1903 680 1938 compositus,
692 1907 821 1938 tanquam
836 1912 851 1931 a
874 1904 931 1932 fera
949 1906 1050 1939 bellua,

264 1957 326 1983 quae
341 1949 478 1977 subditam
491 1949 543 1976 sibi
567 1953 594 1977 et
605 1949 632 1977 in
645 1957 677 1977 ea
690 1957 720 1977 re
727 1950 925 1985 obsequentem
933 1953 1051 1980 animam

265 1997 343 2020 vorat
357 2002 364 2020 :
379 2003 388 2018 ι
404 1994 490 2021 Nemo
506 1993 579 2020 enim
590 1993 667 2026 dicit,
680 1993 833 2022 Anathema
849 1995 939 2028 Jcsus,
953 1997 1010 2024 nisi
1024 1997 1051 2024 in

264 2038 418 2066 Beelzebub
442 2040 497 2066 ".v
527 2039 550 2066 Α
573 2039 675 2068 sanctis
705 2044 798 2067 autem
829 2041 897 2068 viris
915 2043 1051 2077 ejusmodi

1108 1587 1184 1614 Κύνα
1201 1587 1249 1621 μὲν
1267 1586 1331 1622 γὰρ⁷
1349 1586 1394 1612 τὸν
1409 1586 1506 1620 ἀναιδῆ
1519 1586 1566 1612 καὶ
1582 1586 1736 1621 ἀκάθαρτον
1754 1586 1897 1621 ἄνθρωπον

1107 1633 1249 1668 ὀνομάζειν
1262 1633 1322 1665 ἔθος
1340 1635 1374 1668 τῇ
1389 1632 1450 1668 θείᾳΙ
1465 1633 1572 1668 Γραφῇ.
1598 1633 1707 1669 Πρέπον
1720 1633 1742 1659 δ’
1759 1633 1794 1659 ἂν
1808 1633 1851 1668 εἴη
1862 1633 1897 1668 τῷ

1105 1679 1198 1713 τοιῷδε
1210 1679 1301 1714 τυχὸν,
1312 1679 1383 1711 ἄπας
1394 1688 1435 1710 τις
1450 1677 1507 1712 οὖν,
1518 1676 1606 1714 οἶμαι,
1616 1679 1694 1713 λόγος
1709 1679 1838 1715 βδελυρὸς
1854 1680 1896 1706 καὶ

1106 1724 1236 1760 δυσώδης,
1250 1727 1296 1752 καὶ
1316 1725 1346 1758 ἐξ
1359 1725 1441 1753 αὐτοῦ
1457 1726 1636 1760 συγκείμενος
1651 1726 1699 1753 τοῦ
1720 1726 1895 1758 Βεελζεὸοὺλ,

1107 1770 1145 1802 ὡς
1169 1771 1252 1806 θηρὸς
1277 1771 1374 1807 ἀγρίου
1401 1772 1611 1808 κατεδηδοκότος
1632 1772 1682 1808 τὴν
1706 1773 1897 1799 ὑποπεσοῦσαν

1106 1816 1180 1851 αὐτῷ
1193 1817 1239 1844 καὶ
1252 1817 1441 1853 ὑπηρετοῦσιν
1456 1819 1495 1849 εις
1507 1817 1586 1844 τοῦτο
1599 1817 1687 1854 ψυχήν
1697 1827 1704 1834 ·
1725 1828 1733 1844 ι
1750 1819 1836 1853 Λέγει
1848 1818 1897 1853 γὰρ

1106 1862 1202 1895 οὐδεὶς,
1224 1863 1358 1899 ’Λνάθσμα
1385 1863 1504 1899 Ἰησοῦς,
1523 1865 1548 1890 εἰ
1567 1864 1604 1900 μὴ
1627 1865 1658 1891 ἐν
1682 1863 1860 1897 Βαλζεὸούλ.
1887 1875 1895 1891 ι

1112 1908 1213 1943 ’Λγίοις
1232 1918 1264 1943 γε
1290 1911 1345 1945 μὴν
1360 1909 1392 1936 τὸ
1414 1910 1443 1937 ὲν
1466 1909 1575 1946 μεθέξει
1591 1910 1719 1945 γενέσθαι
1739 1911 1796 1938 τῶν
1812 1911 1897 1943 οὕτως

1105 1954 1228 1990 αἰσχρῶν
1241 1955 1258 1990 ἢ
1279 1955 1530 1991 κεκιϐδηλευμένων
1550 1956 1658 1983 ἑννοιῶν
1674 1963 1703 1983 τε
1729 1957 1777 1983 καὶ
1799 1957 1897 1991 λόγων,

1105 2000 1275 2035 ἀνάρμοστον
1296 2001 1404 2037 κομιδῇ,
1425 2010 1435 2027 ι
1463 2002 1598 2029 Κοινωνία
1615 2001 1670 2038 γὰρ
1691 2002 1806 2038 οὐδεμία
1831 2003 1899 2038 φωτὶ

1106 2047 1174 2082 πρὸς
1186 2048 1290 2078 σκότος.
1311 2057 1320 2074 θ

264 2085 386 2119 turpium
409 2092 440 2112 ac
478 2084 609 2113 falsarum
636 2086 835 2113 sententiarum
856 2087 938 2115 simul
963 2092 1045 2123 atque
1082 2098 1238 2120 sermonum
1269 2093 1446 2128 participatio
1467 2100 1582 2129 prorsus
1599 2097 1642 2121 est
1665 2093 1772 2122 aliena:
1790 2104 1800 2119 ι
1815 2094 1897 2122 Nulla

262 2134 306 2157 est
322 2131 395 2158 enim
407 2130 553 2158 conventio
567 2130 638 2158 lucis
649 2131 683 2158 ad
697 2132 825 2159 tenebras
841 2133 873 2160 “.
887 2143 896 2158 ι

300 2176 396 2205 PALL.
421 2175 460 2203 ita
470 2180 521 2203 est.

297 2221 376 2249 CYB.
398 2221 466 2248 Esse
489 2225 582 2248 autem
607 2222 642 2249 iis
672 2222 840 2258 vigilandum
862 2225 909 2259 qui
932 2225 1054 2261 magistri

263 2268 346 2296 creati
370 2268 425 2295 sint
440 2272 467 2295 et
491 2267 576 2294 duces
597 2276 724 2304 gregum,
749 2277 848 2298 rursus
870 2271 965 2298 edixit.
988 2271 1055 2305 Quis

261 2318 354 2341 autem
372 2313 399 2340 in
417 2321 449 2340 ea
464 2321 494 2341 re
512 2314 659 2348 probitatis
677 2315 776 2343 modus
798 2324 813 2343 a
831 2317 912 2344 nobis
930 2319 1054 2352 praestari

261 2359 371 2391 debeat,
389 2359 507 2390 latenter
531 2359 634 2386 indicat
650 2360 677 2387 in
692 2359 825 2395 Levitico,
837 2361 932 2390 dicens
952 2372 957 2389 :
983 2373 991 2389 ι
1002 2364 1054 2391 Pe-

261 2404 346 2431 cudes
370 2408 431 2430 tuas
457 2411 512 2431 non
537 2412 676 2440 suppones
697 2405 807 2434 diverso
830 2408 923 2442 generi
941 2417 947 2434 :
965 2413 993 2436 et
1012 2409 1053 2435 vi-

262 2456 341 2476 neam
373 2453 446 2475 tuam
475 2457 530 2476 non
560 2457 635 2477 seres
667 2450 785 2479 diversis
814 2453 965 2481 seminibus
996 2455 1052 2481 δ’.»

264 2494 342 2529 262
356 2493 490 2529 Gregibus
506 2495 579 2522 enim
592 2504 738 2531 caprarum
753 2502 781 2525 et
793 2498 896 2531 ovium,
910 2504 957 2527 aut
970 2501 1056 2529 vinea:

261 2540 410 2576 persimilis
435 2549 495 2568 esse
515 2542 597 2576 plane
611 2543 748 2571 censenda
761 2549 803 2572 est
829 2546 945 2581 subjecti
962 2548 1055 2583 populi

261 2584 417 2612 multitudo.
431 2585 539 2613 Dictum
562 2591 603 2614 est
622 2588 695 2615 enim
712 2589 793 2616 beato
811 2590 893 2618 Petro
912 2600 918 2618 :
937 2601 946 2617 ι
960 2592 1054 2620 Simon

258 2629 345 2662 Jonn,
369 2630 461 2666 diligis
483 2632 546 2659 me?
567 2639 646 2667 pasce
669 2641 753 2669 agnos
767 2642 860 2668 meos,
885 2645 966 2672 pasce
985 2646 1049 2666 oves

259 2684 334 2703 meas
345 2677 377 2704 ³⁸.
394 2687 403 2702 ι
423 2678 557 2706 Prazterea
580 2679 613 2706 de
639 2680 702 2708 ﬁliis
715 2681 795 2709 israel
817 2683 950 2718 propheta
966 2685 1049 2712 Isaias

258 2721 328 2749 dixit
344 2732 350 2748 :
371 2733 380 2748 ι
392 2723 477 2752 Vinea
491 2724 564 2752 enim
583 2725 690 2753 Domini
704 2727 838 2761 Sabaoth,
857 2729 954 2758 domus
964 2731 1046 2758 Israel

256 2770 316 2799 est;
330 2772 357 2794 et
380 2768 463 2796 homo
478 2769 547 2797 Iuda
558 2790 565 2803 ,
579 2778 691 2806 germen
711 2772 840 2801 dilectum
852 2774 884 2802 ‘9.
902 2785 909 2800 ι
928 2776 1047 2804 Pastoris

311 2838 340 2885 ξς,
348 2838 558 2885 Galagt.'iv,f9._
577 2841 599 2858 “
614 2842 700 2871 Exod.
711 2852 774 2879 xxu,
791 2847 834 2874 5i.
874 2848 896 2864 ⁸⁸
913 2848 922 2875 l
942 2848 1005 2876 Cor.
1021 2857 1067 2883 xu,
1088 2850 1114 2877 5.
1148 2851 1170 2866 “
1184 2851 1205 2879 ll
1219 2851 1282 2880 Cor.
1297 2861 1333 2885 vr,
1350 2853 1392 2880 15.

247 2871 298 2920 .ίῦ
309 2873 351 2901 Π.
396 2875 419 2891 ⁸⁹
432 2871 483 2903 182.
494 2883 520 2908 v,
542 2877 566 2903 7.

1074 2185 1100 2215 Ι)
1147 2182 1250 2208 ΠΑΛΛ.
1281 2181 1402 2217 Ἀληθές.

1142 2227 1224 2254 ΚΥΡ.
1243 2223 1438 2263 Ἐγρηγορὲναι
1448 2227 1476 2254 δὲ
1487 2228 1527 2254 ὅτι
1543 2228 1677 2263 προσήκει
1691 2229 1754 2260 τοὺς
1767 2228 1899 2265 καθηγεῖ-

1106 2272 1167 2299 σθαι
1181 2272 1312 2308 λαχόντας
1324 2292 1332 2304 ,
1349 2273 1396 2300 καὶ
1417 2273 1585 2308 ἡγουμένους
1598 2273 1742 2310 ποιμνίων.
1758 2282 1897 2310 κατεχρη-

1106 2319 1232 2354 σμῴδησε
1254 2319 1346 2347 πάλιν.
1369 2319 1417 2350 Τίς
1437 2319 1460 2346 δ’
1475 2319 1509 2348 ἂν
1531 2319 1637 2354 γένοιτο
1660 2320 1710 2355 τῆς
1729 2321 1799 2356 πρὸς
1818 2321 1896 2357 ἡμῶν

1105 2364 1255 2403 ἐπιεικείας
1273 2365 1313 2396 εἰς
1327 2364 1405 2392 τοῦτο
1421 2365 1538 2401 τρόπος,
1559 2365 1738 2401 ὑπεμφαίνει,
1762 2366 1853 2401 λέγων
1868 2367 1895 2393 ὲν

1105 2409 1144 2445 τῷ
1160 2410 1309 2446 Λευῖτικῷ·
1327 2420 1334 2436 ι
1351 2411 1390 2437 Τὰ
1401 2411 1487 2446 κτήνη
1504 2419 1550 2437 σου
1559 2410 1589 2438 οὺ
1607 2410 1787 2446 κατοχεὺσεις
1800 2412 1894 2447 ἑτερου

1105 2457 1196 2492 ζύγῳ,
1211 2457 1258 2484 καὶ
1280 2457 1325 2483 τὸν
1341 2457 1489 2492 ἀμπελῶνά
1506 2466 1552 2484 σου
1578 2457 1608 2484 οὐ
1630 2459 1817 2494 κατασπερεῖς
1837 2458 1894 2485 διά-

1108 2511 1200 2540 φορον.
1220 2513 1229 2529 ι
1242 2502 1332 2530 Πὼεσι
1345 2503 1393 2538 μὲν
1404 2503 1459 2539 γὰρ
1471 2503 1557 2537 αἰγῶν
1574 2503 1621 2530 καὶ
1636 2503 1793 2539 προϐάτιον,
1810 2504 1893 2539 ἤγουν

1106 2549 1247 2584 ἀμπελῶνι
1279 2550 1476 2585 παρεικαστέον
1499 2548 1529 2576 εὖ
1554 2549 1628 2585 μάλα
1652 2550 1701 2585 τὴν
1732 2551 1785 2576 ὑπὸ
1818 2552 1892 2586 χεῖρα

1105 2595 1220 2630 πληθύν.
1242 2595 1343 2622 "Hamus
1360 2596 1410 2630 μὲν
1423 2597 1477 2632 γὰρ
1497 2597 1512 2623 ό
1527 2595 1669 2628 θεσπέσιος
1684 2596 1788 2631 Πέτρος
1799 2604 1806 2610 ·
1824 2606 1834 2623 ι
1853 2595 1891 2622 Σε-

1107 2649 1166 2675 μων
1200 2641 1278 2667 Ἰωνᾶ
1297 2661 1304 2674 ,
1333 2641 1421 2676 φιλεῖς
1452 2650 1504 2677 μη
1532 2642 1614 2677 βόσκε
1645 2642 1681 2668 τὰ
1709 2641 1794 2677 ἀρνία
1819 2651 1888 2678 μου,

1104 2686 1231 2720 ποίμαινε
1248 2687 1283 2714 τὰ
1299 2687 1421 2723 πρόϐατά
1436 2697 1497 2724 μου.
1514 2698 1524 2714 ι
1543 2689 1610 2724 Περὶ
1624 2688 1653 2715 δέ
1670 2697 1702 2722 γε
1722 2689 1777 2715 τῶν
1791 2689 1822 2722 ἐξ
1842 2689 1888 2715 ‘1:-

1104 2732 1182 2768 ραὴλ,
1198 2734 1212 2760 ό
1228 2735 1368 2769 προφήτης
1381 2734 1498 2768 ἔφασκεν
1514 2735 1641 2766 Ἡσαΐας·
1657 2744 1666 2760 ι
1690 2735 1718 2761 ’0
1728 2735 1783 2770 γὰρ
1799 2735 1887 2770 ἀμπε-

1101 2778 1154 2804 λὼν
1171 2780 1273 2814 Κυρίου
1297 2780 1428 2814 Σαϐαὼθ,
1447 2779 1521 2814 οἶκος
1541 2781 1588 2808 τοῦ
1615 2781 1723 2817 Ἰσραήλ
1740 2782 1800 2807 ἐστι
1815 2801 1822 2812 ,
1843 2780 1885 2807 καὶ

1427 2853 1549 2881 ⁸⁷1.‹ινὶι.
1562 2854 1661 2886 xn‘,l9.
1702 2855 1724 2870 ⁸⁸
1736 2855 1817 2882 Joan.
1832 2861 1884 2886 ut,
