1939 3041
53 156 113 184 549

426 161 470 188 DE
489 160 711 189 ADORATIONE
726 162 760 189 IN
778 161 912 190 SPIRITU
934 162 977 189 ET
996 161 1179 190 VERITATE.
1199 161 1262 190 LIB.
1285 163 1351 190 VIII.

1652 165 1705 196 550

55 215 214 252 ἄνθρωπος
227 219 275 245 τοῦ
295 219 399 252 Ἰούδα,
418 221 546 256 νεόφυτον
566 223 754 260 ἠγαπημένον.
771 233 780 250 ›
799 222 848 262 ῐζοι

915 222 998 258 igitur
1011 222 1099 249 virtus
1110 224 1151 250 cst
1165 222 1263 250 ovibus
1273 231 1329 250 non
1343 223 1488 251 admittere
1501 223 1602 251 diversi
1620 231 1704 260 gene-

57 264 150 298 μένος
167 264 200 299 δὴ
213 262 261 291 οὖν
277 264 373 300 ἀρετὴ,
386 265 416 291 τὸ
433 266 470 301 μὴ
482 266 628 301 ἐπαφιέναι
644 268 789 304 προϐάτοις
804 270 862 296 ἐτε-

55 309 171 346 ροειδές
189 318 216 336 τι
231 309 312 343 ζῶον,
327 310 365 343 ὡς
378 312 438 343 τ;ἵς
455 312 561 339 ὀθνείου
575 313 657 348 τυχὸν
674 314 777 350 ὀχείαις
795 316 860 342 ὐπο-

54 357 176 388 πεσεῖν,
203 356 247 384 ἵνα
272 356 308 392 μὴ
331 358 477 393 έτεροφυὲς
500 358 578 396 τέκῃ,
603 360 650 387 καὶ
677 360 727 396 τῆς
747 361 860 398 ἐνούσης

54 403 136 438 αὖτῷ
156 404 274 440 φυσικῆς
291 405 430 440 εὐγενείας
450 407 625 440 ὲκνενευκός·
646 409 815 445 ἀμπελώνων
831 410 859 438 δὲ

53 450 69 476 ὁ
89 450 258 485 μελεδωνδς,
269 451 348 487 εἴπερ
359 451 403 487 είη
412 453 550 489 νουνεχὴς,
560 455 605 481 καὶ
615 457 744 490 γηπονεῐν
760 456 859 492 ἄριστα

56 497 265 533 μεμελετηκὼς
276 518 283 530 ,
305 499 354 526 οὐκ
371 499 404 526 ἂν
422 500 565 537 ἀνάσχοιτο
580 511 644 529 ποτε
665 504 699 529 τά
720 503 789 539 ξηρὰ
803 504 857 532 τῶν

56 544 234 579 σπερμάτων
257 545 303 572 ὑπ’
330 546 426 579 αὐταῖς
443 547 559 582 φύεσθαι
581 551 640 581 ταῖς
656 550 800 585 ἀμπέλοις,
813 551 856 578 ἵνα

57 588 98 624 μὴ
110 589 313 627 δαπανωμένης
321 592 415 624 αὑταῖς
430 593 479 628 τῆς
489 594 601 629 ἰκμάδος
611 596 650 628 είς
661 596 691 623 τὸ
705 597 854 632 ἀλλότριον,

55 635 234 672 ὑστερίζοιεν
249 634 329 664 αὗται
347 639 409 674 περὶ
424 640 454 666 τὸ
471 640 580 667 οἰκεῖον.
598 641 650 668 Ἴοι
662 642 693 678 δὴ
710 640 756 670 οὖν
771 643 809 675 ὡς
825 643 855 675 ἐξ

55 682 169 714 εἰκόνος
190 683 241 719 ἤδη
267 685 341 717 πως,
359 687 406 712 ἐπὶ
421 687 465 714 τὸν
486 688 688 723 πνευματικὸν,
709 689 743 715 τὰ
758 689 854 723 λογικά

55 727 221 764 θρέμματα,
237 730 274 765 μὴ
291 731 347 762 τοῖς
364 731 417 758 τῶν
437 732 683 768 ἐτεροδιδασκάλων
700 734 852 768 ὑπάγεσθαι

55 774 250 811 συγχωρῶμεν
266 777 380 809 ἀνοσίως
395 777 488 814 ὥσπερ
503 781 731 815 σπερματισμοῖς,
749 782 853 816 νοητοῖς

53 820 192 856 δηλονότι,
209 823 256 848 καὶ
268 824 328 854 ταῖς
342 824 380 855 ὡς
395 825 423 850 ἐν
436 824 509 860 λόγῳ
523 825 716 862 εἰσηγήσεσιν·
733 827 852 864 ἀκαλλὴς

54 867 110 903 γὰρ
128 868 189 894 λίαν
204 869 217 895 ὁ
231 868 260 901 ἐξ
286 870 414 905 ἀνομοίου
430 872 536 906 καρπὸς
553 872 680 908 γνώμηξ,
698 873 744 899 καὶ
759 874 782 900 ot
797 872 851 900 τῶν

912 268 950 295 ris
967 268 1067 295 animal
1077 288 1083 300 ,
1097 267 1135 295 ita
1154 272 1184 295 ut
1197 269 1292 296 aliena:
1309 269 1422 303 pecudis
1436 269 1629 305 congressibus
1638 277 1705 305 sup-

911 318 1064 349 ponantur,
1076 321 1113 341 ne
1128 314 1194 349 quid
1216 314 1373 350 ambiguum
1388 315 1512 350 pariant,
1525 319 1553 342 et
1572 315 1606 342 ab
1622 315 1705 343 insila

910 360 1029 386 naturali
1055 359 1147 387 indole
1163 359 1322 387 diversum:
1338 362 1425 388 cultor
1437 365 1528 389 autem
1548 361 1702 394 vinearum,

910 406 932 433 si
955 406 1036 434 modo
1060 406 1182 442 prudens
1203 407 1303 440 fuerit,
1324 411 1352 435 et
1370 409 1472 443 optime
1496 412 1597 436 terram
1620 413 1702 436 CXCO-

908 451 966 479 lere
992 452 1147 485 studuerit,
1169 460 1310 488 nunquam
1334 453 1470 488 patietur,
1488 457 1518 480 ut
1535 453 1703 482 exsiccantia

908 498 1013 526 semina
1025 498 1076 526 sub
1088 499 1155 534 ipsis
1165 499 1268 526 vitibus
1282 503 1445 532 nascantur;
1458 506 1492 526 ne
1508 499 1622 533 humor,
1635 500 1701 527 dum

907 544 989 572 alieni
1002 546 1132 580 germinis
1156 546 1251 574 usibus
1266 546 1455 578 consumitur,
1469 545 1529 573 illas
1550 546 1658 574 deficiat
1672 547 1700 574 in

907 591 973 619 suis.
987 591 1073 627 Perge
1096 592 1244 628 igitur-jam
1258 596 1386 627 tanquam
1402 599 1436 619 ex
1455 591 1572 627 imagine
1584 593 1618 620 ad
1635 601 1700 620 sen—

905 645 965 664 sum
981 638 1151 672 spiritualcm
1163 658 1169 670 ,
1186 645 1221 665 ne
1243 638 1390 665 rationales
1402 646 1480 671 oves,
1506 639 1700 674 magistrorum

905 683 1013 711 diversa
1026 684 1183 711 docentium
1198 684 1308 712 nefariae
1322 685 1510 718 seminationi,
1524 685 1698 713 intellectua-

905 729 923 756 li
937 750 943 762 ,
960 730 1072 765 inquam
1082 751 1089 762 ,
1103 734 1130 757 et
1142 731 1231 765 qualis
1251 731 1278 757 in
1300 731 1475 758 sermonibus
1494 735 1575 765 atque
1588 738 1700 766 persua-

904 775 1028 803 sionibus
1051 783 1110 803 esse
1137 776 1298 808 consuevit,
1321 776 1451 812 subjungi
1485 777 1699 811 patiamurzcst

903 821 976 848 enim
994 821 1072 856 plane
1095 821 1226 849 deformis
1247 822 1338 849 editus
1355 831 1389 850 ex
1411 822 1538 849 dissimili
1562 823 1698 850 sententia

903 867 1010 896 fructus
1021 889 1028 901 ,
1041 875 1068 896 et
1082 870 1224 897 hominum
1240 869 1268 896 in
1280 869 1333 896 ﬁde
1346 869 1522 897 dissimilium
1539 877 1698 902 sermones,

54 913 105 947 οὐχ
121 913 283 948 ὁμοπίστων
295 914 379 949 λόγοι,
395 915 503 949 φαύλων
520 917 553 943 ἂν
564 917 683 951 γένοιντο
702 919 848 953 κυημάτων

903 913 937 941 iis
956 914 1002 948 qui
1024 914 1084 942 illos
1106 914 1270 947 admittunt,
1290 922 1390 949 pravos
1411 918 1506 949 partus
1527 915 1696 942 conciliant:

55 957 187 993 πρόξενοι
203 960 260 991 τοῖς
279 960 494 996 εἰσδεδεγμένοις
513 962 611 994 αὐτούς
622 971 629 977 ·
645 963 810 998 ἀμπελῶνας
824 963 850 990 δὲ

55 1005 139 1037 ὃντας
153 1006 240 1041 ἡμᾶς,
254 1007 302 1033 καὶ
314 1007 342 1033 ὲν
352 1007 475 1043 ὀρχάτων
488 1008 563 1042 τάξει
577 1009 731 1045 κειμένους,
747 1019 851 1045 μονοει-

54 1051 97 1077 δεῖ
116 1052 218 1087 τρόπον
232 1052 293 1078 τινὰ
307 1054 441 1088 προσήκει
461 1054 660 1088 στεφανοῦσθαι
675 1056 785 1091 καρπῷ,
804 1058 850 1084 καὶ

54 1097 101 1123 τὸν
113 1097 198 1132 δειρυᾶ
213 1098 405 1133 παραιτεῖσθαι
419 1098 529 1134 τρόπον.
541 1099 628 1133 Λόγος
641 1099 695 1136 γὰρ
707 1101 795 1134 οὐδεὶς
811 1102 850 1134 εἰς

54 1143 206 1178 ὁμοιότητα
222 1143 350 1179 φυσικὴν,
373 1144 438 1180 σίτῳ
457 1145 504 1171 καὶ
526 1145 663 1182 βότρυσιν.
691 1147 850 1184 Ἀλλοτρίων

57 1187 90 1223 δὴ
113 1187 162 1215 οὖν
179 1190 344 1224 σπερμάτων
359 1189 450 1226 μηδεὶς
463 1190 541 1226 ἡμῶν
556 1190 624 1218 ἔστω
634 1192 726 1224 τόπος.

92 1234 196 1261 ΠΑΑΛ.
218 1233 255 1262 Εὖ
268 1235 368 1270 λέγεις.

92 1281 177 1307 ΚΥΡ.
192 1281 246 1308 Καὶ
261 1282 322 1308 καθ’
339 1282 433 1318 ἕτερον
447 1282 475 1310 δὲ
489 1284 589 1320 τρόπον
606 1283 644 1320 (Ι)
663 1285 788 1323 ἀσυναφῆ
802 1286 848 1313 καὶ

56 1327 204 1363 ἀσύμῦατα
217 1349 224 1361 ,
242 1329 351 1364 καὶτῆς
369 1331 436 1365 πρὸς
454 1331 556 1367 ἄλληλα
586 1332 731 1364 κοινωνίας
750 1331 849 1368 διεσχι-

57 1374 144 1410 σμένα
165 1374 199 1402 τὰ
210 1375 441 1412 ὲτεροτροποῦντα
458 1377 584 1410 δεικνύει,
600 1378 734 1415 παραθεὶς
752 1379 791 1411 είς
803 1378 849 1406 τύ-

56 1429 106 1447 πον
123 1420 173 1456 τὴν
194 1422 387 1458 ὲκτοπωτάτην
408 1423 455 1451 καὶ
472 1424 617 1453 ἀλλόκοτον
635 1425 734 1461 κομιδῇ
748 1425 796 1452 τοῦ
809 1425 848 1452 λο-

57 1467 133 1501 γικοῦ
150 1467 220 1500 ζὼου
236 1468 355 1501 σύνοδον,
372 1470 441 1505 πρὸς
460 1471 490 1497 τὸ
503 1471 540 1506 μὴ
553 1470 684 1504 τοιοῦτον,
700 1472 848 1507 ἑτεροειδὲς

57 1513 83 1539 δὲ
100 1514 147 1540 καὶ
163 1513 290 1548 ἔκφυλον.
307 1514 361 1542 Καὶ
376 1515 408 1552 δὴ
419 1515 465 1544 καί
477 1524 559 1552 φησιν
572 1517 601 1544 ὲν
619 1517 668 1552 μὲν
683 1518 715 1553 τῇ
736 1516 846 1553 Ἐξόδῳ·

60 1561 124 1591 «³ος
140 1558 173 1586 ἂν
190 1560 308 1596 κοιμηθῇ
327 1560 396 1596 μετὰ
409 1562 534 1597 κτήνους,
552 1561 658 1598 θανάτῳ
673 1562 847 1590 ἀποκτενεῖτε
862 1577 883 1606 C

56 1604 163 1632 αὐτόν.)
177 1606 348 1642 Σαφὲστερον
361 1606 390 1633 δὲ
406 1606 487 1634 πάλιν
502 1608 530 1634 ὲν
549 1607 588 1643 τῷ
602 1607 748 1643 Δευῖτικῷ·
766 1619 774 1634 ι
793 1609 847 1636 Καὶ

56 1650 85 1682 ὃς
107 1651 157 1678 ἐὰν
180 1651 217 1686 δῷ
235 1651 375 1679 κοιτασίαν
393 1651 475 1679 αὑτοῦ
501 1653 530 1679 ὲν
553 1652 717 1687 τετράποδι,
740 1652 848 1690 θανάτῳ

57 1696 242 1729 θανατούσθω,
254 1698 301 1724 καὶ
313 1697 343 1724 τὸ
356 1697 507 1733 τετράπουν
520 1698 706 1726 ἀποκτενεῖτε
720 1699 767 1726 καὶ
778 1700 846 1736 γυνὴ

55 1743 115 1777 ἥτις
127 1743 340 1778 προσελεύσεται
351 1743 420 1779 πρὸς
431 1745 485 1771 πᾶν
495 1743 594 1779 κτῆνος
609 1743 752 1780 βιασθῆναι
762 1745 846 1781 αὐτὴν

55 1789 101 1815 ὑπ’
115 1788 199 1816 αὑτοῦ
211 1810 218 1821 ,
237 1789 411 1816 ἀποκτενεῖτε
424 1790 474 1826 τὴν
485 1791 613 1825 γυναῖκα,
628 1790 675 1817 καὶ
686 1791 716 1817 τὺ
733 1791 843 1827 κτῆνος

56 1833 164 1869 θανάτῳ
186 1834 425 1862 θανατούσθωσαν·
447 1835 533 1871 ἔνοχοί
556 1836 634 1863 εἰσιν.
651 1845 660 1862 ι
683 1836 802 1873 Ὁμιλίαι
816 1845 845 1864 τε

54 1879 120 1915 γὰρ,
137 1880 184 1906 καὶ
200 1880 282 1906 οἱονεὶ
294 1880 380 1916 μίξεις
390 1881 418 1908 αἱ
433 1882 527 1917 νοηταὶ
540 1882 587 1909 καὶ
603 1881 722 1915 σύνοδοι,
736 1883 764 1910 αί
777 1882 845 1919 πρὸς

55 1925 102 1957 οὓς
116 1925 149 1952 ἂν
160 1926 262 1962 ἥκιστα
285 1927 396 1963 πρέποι,
411 1928 459 1954 καὶ
474 1925 515 1959 οἷς
532 1927 749 1964 κατηῤῥώστησε
776 1928 844 1965 πρὸς

56 1972 167 2007 ἀλογίαν
184 1973 198 1999 ὁ
213 1971 275 2004 νοῦς
293 1973 343 2008 τὴν
361 1973 496 2010 ἐσχάτην,
513 1973 629 2002 θανάτου
647 1974 784 2010 πρόξενοι,
797 1975 844 2001 καὶ

56 2019 148 2050 αὐτοῖς
163 2020 219 2051 τοῖς
230 2019 459 2055 παραφθείρουσι,
474 2020 520 2047 καὶ
536 2022 591 2053 τοῖς
605 2021 759 2050 ἐθελούσιον
777 2022 844 2049 ὑπο-

58 2064 168 2099 μένουσι
180 2065 229 2102 τὴν
240 2067 432 2104 παραφθοράν,

92 2155 195 2182 ΠΑΛΛ.
226 2155 375 2192 Ὀρθότατά
394 2165 424 2183 τε
445 2157 493 2184 καὶ
520 2157 591 2193 μάλα
616 2157 698 2190 ὁσίως
722 2158 736 2184 ό
762 2158 843 2194 νόμος

57 2208 134 2235 φησι.

93 2246 173 2272 ΚΥΡ.
191 2245 352 2281 Θαυμάσαις
366 2246 390 2273 δ’
409 2247 442 2274 ἂν
463 2246 504 2274 ἔτι
527 2248 574 2274 καὶ
587 2248 646 2275 τόδε
660 2257 666 2263 ·
684 2247 721 2286 ἦν,
739 2245 794 2285 γὰρ
811 2250 841 2286 δή
859 2259 881 2287 D

59 2291 107 2318 πού
131 2300 217 2325 τινας,
234 2292 272 2324 ὡς
287 2291 317 2325 ἐξ
339 2293 477 2329 ἀφορήτου
501 2294 668 2328 πλεονεξίας,
687 2296 733 2322 καὶ
756 2296 780 2322 εί
806 2295 843 2332 μὴ

60 2337 192 2373 βούλοιντο
213 2339 294 2374 τυχὸν
317 2339 366 2375 τὴν
388 2339 419 2373 ἐξ
441 2340 587 2376 ὀρθότητος
611 2341 721 2369 ἐννοιῶν
742 2343 789 2370 ἐπὶ
813 2343 843 2370 τὸ

59 2385 178 2419 πλαγίως
196 2384 257 2420 ἔχον
273 2386 417 2421 ὑπομεῖναι
432 2387 622 2423 παραφθορὰν,
646 2389 694 2416 καὶ
717 2389 843 2426 καθάπερ

59 2431 86 2464 ἐξ
98 2431 230 2465 ἀνάγκης,
243 2432 293 2458 οὐκ
308 2431 439 2468 ἀδακρυτὶ
449 2433 519 2468 τάχα
536 2441 586 2460 που
599 2433 697 2460 παθεῖν
712 2434 762 2470 τὴν
775 2435 843 2461 πλά-

59 2485 143 2512 νησιν.
159 2477 216 2503 οὐκ
236 2477 452 2513 ἀνεπικούρητον
469 2478 560 2506 τοίνυν
575 2479 589 2505 ὁ
608 2479 691 2515 νόμος
713 2482 843 2517 περιορᾷν

60 2522 132 2557 ἠξίου
151 2523 199 2550 καὶ
214 2523 245 2550 τὸ
254 2523 373 2550 τοιοῦτον
386 2524 474 2558 γένος.

94 2652 194 2679 ΠΑΛΔ.
211 2651 248 2679 Τὸ
266 2653 379 2689 ποῖόν-τι
392 2653 474 2690 cm“!

95 2742 172 2768 ΚΥΡ.
190 2742 228 2769 Τδ
251 2742 325 2778 ζυγῷ
341 2742 464 2775 δουλείας
480 2745 698 2780 κατεσφιγμένον
718 2747 764 2773 καὶ
783 2748 844 2780 ταῖς

62 2787 111 2815 τῶν
125 2789 286 2824 πριαμένων
301 2789 436 2822 ἐξουσίαις
451 2791 674 2826 κατησχοιμένον.

110 2843 131 2859 ’⁸
145 2844 232 2872 Exod.
250 2845 370 2878 “11,19.
417 2846 439 2862 ⁹¹
456 2845 544 2874 Levit.
561 2847 661 2880 xx,15,
677 2848 721 2877 16.

96 2889 131 2925 (1)
146 2889 214 2917 Cod.
231 2890 329 2924 Vatic.,
342 2891 431 2924 τόκον,
448 2892 583 2927 biformem
600 2898 717 2929 partum.

901 960 949 986 sed
967 967 1029 987 eum
1050 961 1120 988 vites
1138 969 1187 988 nos
1207 960 1259 996 ipsi
1285 960 1386 993 simus,
1403 964 1431 987 et
1448 960 1605 988 vinctorum
1624 961 1699 988 vices

902 1007 1060 1038 teneamus,
1077 1005 1160 1032 unius
1173 1005 1248 1032 modi
1271 1004 1390 1040 quodam
1403 1004 1485 1032 modo
1501 1005 1592 1032 fructu
1605 1005 1698 1033 ornari

895 1044 1051 1083 convenit,
1075 1055 1103 1078 et
1127 1050 1259 1078 biformes
1286 1057 1377 1078 mores
1399 1050 1504 1084 vitare;
1531 1051 1601 1078 nihil
1623 1051 1697 1078 enim

902 1097 994 1124 tritico
1010 1101 1038 1124 et
1060 1097 1139 1129 uvis,
1154 1097 1228 1132 quod
1251 1097 1285 1124 ad
1309 1097 1463 1124 naturalem
1487 1097 1697 1125 similitudinem

900 1143 1051 1178 pertineat,
1065 1151 1211 1171 commune
1233 1147 1286 1171 est.
1300 1143 1397 1171 Nullus
1421 1143 1504 1178 igitur
1517 1145 1546 1171 in
1568 1143 1649 1173 nobis
1660 1145 1698 1173 sit

900 1189 998 1217 alienis
1016 1190 1169 1217 seminibus
1186 1191 1272 1217 locus.

935 1235 1034 1262 I’ALL.
1050 1235 1134 1263 Recte
1147 1236 1228 1263 dicis.

934 1281 1012 1308 CYR.
1026 1282 1085 1309 Alia
1099 1290 1208 1317 quoque
1222 1282 1330 1310 ratione
1343 1292 1398 1311 non
1412 1285 1551 1313 cohaerere
1564 1284 1636 1312 inter
1647 1293 1676 1313 se
1686 1305 1694 1317 ,

899 1336 989 1364 neque
1001 1329 1149 1356 convenire
1173 1336 1267 1364 posse,
1293 1337 1354 1364 qua:
1380 1329 1498 1358 diversis
1516 1330 1629 1366 praedita
1640 1331 1696 1358 sint

899 1374 1038 1408 moribus,
1058 1380 1086 1402 et
1097 1368 1195 1402 mutua
1208 1375 1281 1402 inter
1296 1383 1325 1403 se
1339 1377 1531 1405 communione
1548 1377 1695 1414 disiuncta,

899 1419 1084 1452 demonstrat,
1106 1420 1141 1448 ad
1164 1421 1223 1456 ejus
1243 1421 1283 1448 rei
1301 1420 1417 1457 ﬁgurata
1436 1429 1594 1458 proponens
1617 1423 1696 1451 illum

901 1466 1099 1493 alienissimum
1118 1487 1125 1499 ,
1156 1470 1183 1493 et
1215 1466 1296 1501 plane
1328 1471 1518 1502 portentosum
1554 1468 1696 1496 rationalis

899 1512 1047 1540 animantis
1065 1520 1127 1539 cum
1149 1520 1183 1540 eo
1207 1520 1400 1548 congressum,
1415 1514 1488 1549 quod
1510 1515 1570 1549 ejus
1589 1519 1696 1549 natura:

899 1567 954 1586 non
968 1559 1021 1591 sit,
1041 1559 1089 1586 sed
1103 1559 1206 1587 diversi
1228 1560 1354 1595 generis,
1367 1563 1395 1587 et
1411 1564 1583 1587 extraneum.
1600 1560 1696 1595 Itaque

900 1604 927 1633 in
941 1605 1036 1632 Exodo
1051 1604 1090 1632 ait
1104 1614 1110 1631 :
1130 1614 1138 1630 ι
1161 1603 1292 1639 Omnem,
1311 1605 1358 1640 qui
1373 1605 1472 1633 coierit
1486 1614 1547 1633 cum
1571 1607 1694 1641 pecude,

899 1656 989 1678 morte
1001 1649 1125 1679 allieictis
1136 1659 1200 1678 eum
1212 1651 1247 1679 “.
1263 1661 1272 1678 ι
1288 1652 1400 1679 Planius
1412 1657 1503 1679 autem
1517 1652 1544 1679 in
1556 1652 1694 1680 Levitico:

904 1706 912 1721 ‹
928 1697 961 1723 Et
974 1696 1099 1732 quisquis
1121 1696 1230 1724 dederit
1244 1696 1419 1724 cubationem
1442 1705 1520 1725 suam
1532 1697 1560 1725 in
1575 1698 1695 1733 quadru-

898 1742 968 1777 pede
981 1763 987 1775 ,
1003 1747 1091 1770 morte
1105 1742 1257 1776 moriatur;
1273 1746 1302 1770 et
1319 1743 1476 1779 quadrupes
1488 1744 1671 1772 interﬁcietur
1685 1754 1693 1778 ;

899 1792 926 1815 et
945 1788 1044 1815 mulier
1067 1795 1238 1824 quaecunque
1263 1789 1411 1816 accesserit
1433 1789 1467 1816 ad
1490 1797 1571 1817 omne
1593 1798 1693 1825 pecus,

898 1838 929 1861 ut
941 1833 975 1862 ab
988 1841 1021 1861 eo
1037 1833 1224 1867 inseendatur,
1242 1834 1415 1862 interﬁcietis
1432 1835 1578 1863 mulierem
1595 1840 1624 1863 et
1643 1845 1692 1872 pe—

899 1888 962 1913 cus;
981 1885 1069 1908 morte
1082 1880 1298 1914 interficiantur;
1312 1880 1353 1907 rei
1367 1881 1474 1909 sunt“.
1491 1891 1500 1908 ›
1524 1882 1604 1918 263
1623 1882 1695 1910 Con-

898 1926 1059 1954 suetudines
1077 1927 1179 1960 animi,
1202 1931 1230 1954 et
1251 1926 1335 1954 veluti
1361 1927 1544 1956 admistiones
1562 1928 1694 1964 spiritua-

897 1973 938 2001 les
959 1977 987 2000 et
1005 1980 1182 2008 congressus,
1196 1981 1258 2000 cum
1285 1973 1386 2008 quibus
1409 1974 1522 2002 minime
1547 1977 1644 2008 decet,
1665 1980 1694 2002 et

896 2027 1013 2054 quorum
1043 2019 1151 2046 animus
1172 2018 1413 2047 irrationabilitate
1438 2027 1545 2047 summa
1569 2020 1693 2055 laborat,

895 2065 994 2092 mortis
1015 2072 1097 2091 causa
1119 2067 1183 2091 sunt
1212 2068 1268 2091 tum
1292 2063 1359 2099 ipsis
1381 2065 1610 2101 corruptoribus,
1633 2070 1692 2094 tum

896 2110 977 2136 etiam
996 2109 1029 2136 iis
1046 2109 1091 2144 qui
1108 2117 1136 2137 se
1151 2113 1247 2145 sponte
1263 2110 1403 2145 corrumpi
1415 2111 1570 2146 patiuntur.

932 2154 1029 2183 PALL.
1043 2155 1205 2183 Rectissime
1215 2176 1222 2188 ,
1236 2160 1263 2183 et
1285 2155 1437 2192 justissime
1450 2156 1494 2184 lex
1505 2156 1638 2185 decrevit.

931 2243 1008 2272 CYR.
1031 2243 1101 2272 Illud
1122 2244 1195 2271 enim
1209 2244 1391 2273 admiratione
1413 2245 1527 2281 dignum
1551 2251 1690 2280 est;con-

895 2289 1001 2326 tingere
1022 2290 1097 2318 enim
1121 2290 1216 2326 utique
1238 2295 1360 2327 poterat,
1377 2296 1407 2319 ut
1424 2292 1549 2320 nonnulli
1573 2293 1691 2321 aliorum

895 2336 922 2363 vi
935 2341 964 2364 et
974 2336 1097 2372 potentia
1108 2344 1164 2363 non
1176 2336 1288 2364 ferenda
1299 2338 1439 2372 superati,
1455 2338 1563 2369 etiamsi
1577 2339 1691 2367 minime

895 2382 1010 2410 fortasse
1032 2382 1148 2415 vellent,
1163 2390 1179 2409 a
1202 2387 1278 2410 recto
1301 2391 1385 2410 sensu
1397 2384 1432 2411 ad
1444 2384 1584 2420 obliquam
1607 2390 1691 2421 atque

895 2436 1054 2464 perversam
1074 2429 1232 2464 opinionem
1253 2430 1375 2464 corrupti
1398 2432 1644 2465 pertraherentur,
1659 2440 1691 2459 ac

897 2474 981 2503 veluti
994 2474 1098 2507 coacti,
1110 2482 1164 2502 non
1187 2475 1245 2502 sine
1258 2475 1385 2511 lacrymis
1397 2475 1514 2504 fortasse
1526 2478 1554 2505 in
1566 2485 1690 2506 errorem

897 2521 1106 2549 seducerentur.
1121 2521 1180 2548 Non
1199 2521 1290 2557 itaque
1312 2522 1354 2549 lcx
1371 2523 1424 2550 hoc
1448 2531 1535 2558 genus
1546 2524 1690 2553 hominum

897 2569 956 2597 sine
980 2570 1042 2597 ullis
1065 2570 1174 2598 auxiliis
1207 2571 1418 2606 relinquendum
1441 2580 1473 2600 ac
1494 2573 1690 2609 negligentiam

898 2615 1014 2642 censuit.

931 2660 1029 2688 PALL.
1054 2661 1139 2695 Quale
1170 2662 1280 2691 tandem
1312 2664 1386 2692 istud
1414 2672 1500 2700 genus
1527 2669 1586 2697 est,
1613 2665 1688 2699 quod

898 2705 984 2734 dicis?

933 2751 1011 2780 ΟΥΕ.
1026 2754 1095 2782 Illud
1117 2757 1249 2784 nimirum
1260 2755 1403 2784 servitutis
1411 2756 1477 2791 iugo
1490 2757 1668 2785 constrictum
1677 2774 1688 2791 ,

898 2802 926 2825 et
940 2799 1112 2829 dominorum
1127 2802 1243 2838 imperio
1255 2807 1465 2839 praegravatum.
