1939 3041
236 132 284 161 851

273 187 370 216 PALL.
384 187 440 221 Qua
458 187 565 214 ratione
578 186 612 214 iis
623 186 667 214 lex
680 194 760 222 opem
774 187 855 214 tulit?
1040 189 1063 217 Δ

270 283 349 310 CYR.
366 270 454 309 Solvit
469 281 543 308 enim
562 280 680 308 vinculis
699 285 727 308 et
743 280 884 308 coactione
894 300 901 312 ,
916 279 938 307 si
951 279 1026 306 dam-

237 337 303 356 num
326 328 360 355 ad
380 328 498 355 animam
518 327 670 362 pertineat,
691 334 723 354 ac
744 326 876 353 violatum
896 325 1027 361 aufugere

238 375 260 401 si
285 374 368 406 velit,
386 373 496 400 nemine
522 373 704 407 impediente,
727 372 901 407 apertissime
926 371 1025 398 sanxit.

239 420 285 448 Sic
295 420 366 447 enim
388 419 500 454 oblique
521 418 590 446 dixit
602 418 631 445 in
643 417 758 445 Exodo:
775 427 782 443 ι
799 417 827 444 Si
841 417 902 452 quis
914 424 1027 452 percus-

238 466 305 494 serit
317 465 426 494 oculum
440 465 512 492 servi
526 464 569 491 sui
581 485 588 496 ,
601 464 644 492 vel
666 464 776 491 Oculum
790 463 896 490 ancillae
919 470 989 496 suae,
1001 466 1029 490 et

238 511 416 539 excaecaverit
425 531 432 543 ,
447 510 551 537 liberos
563 509 683 537 dimittet
699 516 809 549 eospro
821 509 900 536 oculo
911 516 1006 535 eorum
1021 517 1027 534 :

238 558 261 584 si
273 561 364 584 autem
378 558 488 583 dentem
503 555 576 584 servi
600 555 661 588 sui,
674 555 717 582 vel
730 555 840 582 dentem
853 555 958 582 ancilla
974 562 1030 582 suae

238 601 408 633 excusserit,
422 601 525 628 liberos
536 600 657 627 dimittet
663 607 711 627 eos
719 607 769 634 pro
777 600 858 627 dente
872 607 968 626 eorum
977 600 1010 625 ".
1018 609 1026 624 ι

238 647 316 683 Quod
335 646 408 673 enim
427 646 460 673 ad
484 645 665 680 conspicuum
683 651 809 676 sensum,
832 648 861 671 et
877 645 1038 679 expositam.

239 697 415 728 apertamque
429 690 637 726 intelligentiam
656 690 794 725 pertinet,
806 690 934 725 prohibet
945 690 1030 717 auda-

239 739 330 770 ciam,
354 742 382 765 et
404 737 580 765 dominorum
604 736 653 764 ira:
678 735 790 763 modum
817 736 918 770 ponit,
942 744 1031 772 neque

239 792 360 819 eousque
371 783 499 819 progredi
512 783 586 814 vult,
612 781 685 810 unde
701 787 902 817 consequatur,
916 787 962 815 ut,
984 783 1031 818 qui

239 832 305 856 sunt
316 836 412 856 eorum
436 828 590 855 dominatui
612 828 744 864 subjecti,
765 828 900 856 naturalis
917 829 1031 864 integri-

241 874 305 901 tatis
323 874 457 909 iacturam
480 874 621 908 patiantur
638 883 644 900 :
663 882 752 909 neque
780 875 835 902 ullo
865 875 947 902 modo
970 863 1032 910 per-
1047 863 1068 890 Β

240 920 339 952 mittit,
365 924 394 947 ut
417 920 496 947 furor
514 920 647 948 effrenate
670 919 792 953 feratur,
817 925 1034 956 exerceaturque

238 969 294 1003 jam
308 967 335 994 in
349 967 410 1002 ipsa
428 971 544 999 natura,
559 967 638 1003 cujus
650 967 696 994 ille
715 967 848 995 duntaxat
861 975 922 995 esse
940 969 1034 995 Domi-

241 1021 293 1040 nus
304 1013 480 1048 intelligitur,
495 1013 541 1048 qui
554 1013 666 1040 creavit.
681 1013 749 1041 Nam
763 1014 898 1046 servitus,
912 1018 955 1046 et,
974 1022 1035 1049 quze

241 1059 267 1085 in
281 1066 313 1086 ea
335 1059 477 1094 sequitur,
499 1059 640 1087 calamitas
660 1059 774 1086 minimc
792 1059 836 1086 illa
860 1059 970 1094 quidem
993 1063 1036 1087 est

241 1108 347 1132 natura:
369 1104 499 1137 morbus,
523 1104 570 1132 sed
594 1104 739 1139 iniquitate
759 1105 976 1140 opprimentium
991 1106 1034 1132 in-

241 1154 347 1177 vectus.
360 1149 390 1176 In
402 1149 514 1177 Christo
527 1149 610 1184 igitur
623 1149 695 1176 Deus
705 1157 738 1177 ac
759 1150 839 1176 Pater
851 1153 936 1177 totam
949 1150 1036 1177 conti-

242 1204 297 1223 nuo
320 1200 447 1223 naturam
470 1195 504 1223 ad
529 1203 593 1223 eum
618 1200 719 1222 statum
751 1192 898 1228 reformat,
922 1204 977 1231 quo
1000 1196 1035 1224 ab

242 1241 319 1269 initio
330 1242 429 1269 fuerat.
446 1252 455 1267 ι
471 1241 499 1269 Si
510 1241 573 1276 quis
580 1241 654 1268 enim
667 1241 695 1268 in
702 1240 813 1269 Christo
823 1262 830 1274 ,
843 1249 913 1269 nova
924 1247 1035 1270 creatu-

243 1295 273 1315 ra
286 1288 318 1314 ".
336 1297 345 1313 ›
360 1287 453 1322 Itaque
467 1288 573 1315 tollitur
596 1287 710 1315 omnino
729 1287 872 1315 servitutis
893 1287 1013 1315 dedecus
1027 1297 1034 1315 :

245 1333 342 1361 scribit
362 1333 436 1360 enim
447 1333 549 1360 Paulus
564 1342 570 1360 :
589 1343 598 1359 ι
613 1333 643 1360 ln
655 1333 765 1361 Christo
778 1333 843 1362 Iesu
856 1340 911 1360 non
923 1337 965 1361 est
976 1342 1036 1361 ser-

240 1387 308 1417 lvus,
332 1387 421 1414 neque
438 1379 508 1406 liber
535 1380 567 1406 ".
587 1389 595 1405 ι
620 1379 702 1415 264
724 1379 838 1406 Interim
875 1383 965 1408 tamen
991 1380 1035 1407 lex

244 1423 340 1459 puerili
354 1424 432 1459 prius
443 1424 616 1451 institutione
630 1432 679 1451 nos
690 1424 723 1451 ad
736 1424 933 1462 perfectionem
944 1425 1034 1452 dedu-

243 1477 323 1501 cens,
351 1469 441 1496 aufert
467 1469 697 1505 intemperantem
721 1477 803 1497 usum
826 1471 983 1505 potestatis,
1006 1476 1035 1499 et

243 1512 382 1540 licentiam
391 1534 398 1545 ,
411 1521 472 1549 quae
489 1513 560 1541 ultra
573 1513 686 1540 modum
698 1514 907 1542 convenientem
919 1523 1033 1551 progre-
1048 1531 1069 1560 ο

244 1558 336 1591 ditur,
358 1559 528 1594 multamque
550 1560 638 1587 sancit
668 1559 696 1586 in
719 1563 922 1596 contemptores
949 1561 1034 1596 legis,

243 1604 374 1631 nimirum
399 1605 486 1640 ipsam
499 1612 597 1632 eorum
609 1605 656 1640 qui
669 1605 763 1632 violati
788 1610 868 1639 sunt,
883 1607 1035 1635 manumis-

244 1649 360 1677 sionem.
374 1651 477 1678 Verum
490 1651 548 1678 hare
559 1651 671 1686 quidem
684 1651 717 1678 de
737 1651 823 1687 figura
835 1655 863 1679 et
884 1652 982 1680 umbra
992 1673 999 1682 ,
1012 1653 1036 1680 si

244 1696 288 1724 cui
307 1696 391 1724 libeat
413 1697 465 1724 hac
488 1704 597 1732 quoque
616 1697 724 1724 ratione
745 1697 918 1733 intelligere:
933 1698 981 1726 sed
997 1699 1034 1731 si,

244 1742 317 1778 quod
335 1746 440 1777 spectat
463 1742 522 1774 lex,
544 1742 570 1769 id
597 1742 778 1777 spiritualiter
803 1743 1035 1779 interpretemur,

244 1788 298 1815 alio
310 1796 419 1823 quoque
432 1787 513 1814 modo
524 1808 531 1819 ,
554 1787 672 1820 Palladi,
687 1788 721 1815 ad
735 1788 808 1816 illius
826 1789 1037 1824 contemplatio-

244 1841 308 1860 nem
335 1833 467 1860 accedere
501 1833 626 1867 poteris:
644 1833 715 1861 hanc
745 1834 846 1869 quippe
870 1834 1038 1861 mundanam

245 1879 335 1907 lucem
348 1879 472 1914 corporis
484 1879 571 1906 oculis
583 1879 736 1914 excipimus
747 1884 775 1907 et
787 1881 956 1908 admiramur
971 1890 976 1907 :
991 1881 1038 1908 lux

245 1929 337 1952 autem
352 1925 397 1951 illa
409 1923 625 1960 intelligibilisin
638 1925 741 1953 nostris
753 1926 884 1954 cordibus
895 1927 1036 1954 exoritur:

245 1970 371 2004 corporis
390 1970 456 1997 item
470 1970 549 1998 cibus
566 1970 695 1998 dentibus
714 1971 859 1999 conﬁcitur
870 1992 876 2004 ,
899 1976 1038 2007 estqueea

246 2023 292 2042 res
303 2015 337 2041 ad
359 2015 443 2042 vitam
456 2016 586 2043 tuendam
598 2017 642 2044 via
658 2025 663 2043 :
678 2017 726 2044 sed
739 2016 894 2045 divinarum
914 2022 1038 2046 contem-

247 2059 400 2094 plationum
423 2060 549 2087 soliditas
571 2065 652 2096 atque
679 2061 825 2089 ditﬁcultas
846 2063 946 2090 mentis
969 2064 1038 2091 viri-

247 2106 299 2133 bus
320 2109 449 2140 tanquam
466 2106 595 2134 dentibus
613 2107 811 2142 propemodum
826 2109 1037 2142 comminuitur,

247 2155 276 2178 et
297 2150 384 2185 pascit
402 2151 640 2187 animum.ltaque
653 2152 791 2187 Sapientia
815 2153 897 2182 nobis
919 2154 1037 2183 divinam

729 127 757 155 S.
779 126 916 156 CYRlLLl
935 124 1170 154 ALEXANDRINI
1191 123 1348 152 ARCHIEP.

1815 118 1869 148 55?.

1113 185 1217 212 ΠΑΛΛ.
1232 182 1390 219 samem
1402 179 1431 207 δὲ
1441 179 1501 206 τίνα
1520 172 1553 215 δὴ
1567 178 1621 214 ἄρα
1632 179 1734 214 τρόπον
1749 179 1796 206 και
1806 180 1868 208 τού·

1076 240 1134 263 τοις
1150 232 1164 257 ό
1180 230 1261 265 νόμος
1271 238 1279 262 ;

1114 276 1196 304 ΚΥΡ.
1218 275 1323 310 ’Δνίησι
1338 273 1392 310 γὰρ
1403 272 1503 308 δεσμοῦ
1515 272 1560 299 καὶ
1572 272 1706 308 ἀνάγκης,
1720 272 1745 298 εί
1756 271 1788 300 τδ
1807 272 1870 308 βλά-

1080 322 1127 354 σος
1143 321 1186 357 εῐη
1210 320 1275 356 περὶ
1292 319 1392 355 ψυχὴν,
1408 318 1457 345 καὶ
1481 316 1643 353 ἀποτρέχειν
1658 318 1682 344 εί
1704 317 1827 353 βούλοιτο
1841 317 1872 345 ab

1078 367 1243 404 ἠδικημένον
1278 364 1509 402 παραποδίζοντος
1541 364 1666 397 οὐδενὸς,
1693 364 1872 392 δεδικαίωκεν

1079 413 1214 450 ἐναργῶς.
1243 412 1316 448 Ἔφη
1343 412 1398 448 γὰρ
1419 407 1471 438 ὧδε
1494 410 1618 445 πλαγίως
1637 411 1666 437 ὲν
1688 412 1722 446 τῇ
1751 410 1867 444 Ἐξόδῳ·

1082 470 1093 487 ι
1119 461 1182 488 Ἐὰν
1203 460 1232 487 δὲ
1256 468 1298 492 τις
1323 458 1433 495 πατάξῃ
1455 458 1500 486 τὸν
1524 457 1664 493 ὀφθαλμὸν
1688 456 1736 484 τοῦ
1764 458 1873 485 οἰκέτου

1081 507 1175 538 αὑτοῦ,
1196 507 1213 541 ἢ
1232 505 1277 532 τὸν
1298 504 1437 540 ὀφθαλμὸν
1459 504 1508 539 τῆς
1522 503 1690 540 θεραπαίνης
1705 503 1801 535 αὑτοῦ,
1825 504 1874 530 καὶ

1081 551 1260 588 ὲκτυφλὼσῃ,
1286 551 1457 587 ἐλευθερίους
1476 549 1653 583 ὲξαποστελεῐ
1675 550 1785 582 αὐτοὺς,
1810 550 1874 576 ἀντὶ

1080 599 1127 626 τοῦ
1149 598 1291 634 ὀφθαλμοῦ
1313 598 1419 625 αὐτῶν·
1443 597 1490 624 ὲὰν
1504 597 1532 623 δὲ
1549 596 1596 624 τὸν
1613 596 1709 623 ὀδόντα
1723 596 1774 632 τῆς
1791 596 1875 631 θερα-

1082 647 1182 682 παίνης
1199 645 1281 672 αὐτοῦ
1298 645 1413 680 ἐκκόψῃ,
1430 644 1446 679 ἢ
1466 644 1511 671 τὸν
1526 643 1620 671 ὀδόντα
1636 643 1683 670 τοῦ
1701 643 1808 670 οἰκέτου
1826 643 1876 669 αὐ-

1081 692 1140 724 τοῦ,
1154 691 1312 726 ἐλευθέρους
1320 691 1496 725 ὲξαποστελεῖ
1506 690 1616 722 αὐτοὺς,
1631 691 1691 717 ἀντὶ
1705 689 1751 716 τοῦ
1766 689 1876 721 ὀδόντες

1082 737 1184 764 αὐτῶν.
1209 746 1218 763 ι
1236 737 1319 763 Ὅσον
1336 736 1385 772 μὲν
1406 737 1458 772 γὰρ
1472 734 1540 772 ἧκεν
1555 737 1595 768 είς
1614 735 1731 772 θεωρίαν
1745 735 1875 770 ὲξωφανῆ

1082 784 1130 811 καὶ
1145 783 1290 820 πρόχειρον
1305 782 1379 815 νοῦν,
1393 781 1564 809 κατακωλύει
1577 782 1607 809 τὸ
1621 781 1730 818 θράσος,
1739 781 1788 808 καὶ
1805 789 1837 807 συ
1842 789 1876 815 μ-

1086 830 1203 865 μέτρους
1215 828 1344 856 ἀποτελεῖ
1360 829 1410 860 τὰς
1424 828 1479 856 τῶν
1502 829 1681 864 κτησαμένων
1703 827 1802 864 ὀργὰς,
1826 829 1876 855 καὶ

1085 875 1115 901 οὐ
1132 874 1230 910 μέχρις
1245 874 1357 901 ἐκείνων
1373 875 1440 901 ἱέναι
1456 873 1590 909 βούλεται,
1606 873 1640 900 δι’
1651 870 1689 901 ὧν
1705 873 1737 900 ἂν
1754 873 1877 908 γένοιτο.

1084 921 1133 954 τὴν
1149 921 1189 951 εἰς
1202 919 1232 946 τὸ
1248 917 1276 946 εὖ
1290 917 1359 946 εἶναι
1370 918 1473 954 ζημίαν
1488 919 1551 950 τοὺς
1565 919 1796 954 ὑπεζευγμένους,
1809 919 1880 945 ἁπο-

1085 965 1191 1000 στῆναι.
1215 965 1325 1001 Ἐφίησι
1340 965 1368 991 δὲ
1385 965 1511 1000 οὐδαμῶς
1533 964 1668 1004 ἀχαλίνως
1694 965 1762 992 ἰέναι
1786 965 1823 991 τὰ
1846 966 1880 991 ἐκ

1086 1010 1184 1047 θυμοῦ,
1200 1011 1248 1038 καί¹
1264 1012 1304 1043 εις
1319 1011 1403 1047 αὐτὴν
1417 1011 1467 1047 ἤδη
1485 1010 1653 1047 πράττεσθαι
1667 1011 1716 1047 τὴν
1736 1010 1830 1045 φύσιν,
1843 1009 1880 1048 ἧς

1085 1056 1118 1083 ἂν
1133 1058 1218 1083 νοοῖτο
1248 1057 1327 1092 μόνος
1344 1057 1474 1092 ὑπάρχων
1496 1057 1634 1092 Δεσπότης
1656 1057 1670 1084 ό
1683 1058 1860 1093 Δημιουργός
1871 1066 1877 1072 ⁸

1085 1102 1190 1130 δουλεία
1205 1103 1260 1138 γὰρ
1275 1103 1366 1130 καὶτὸ
1387 1104 1434 1130 ἐπὶ
1453 1103 1516 1139 τῇδε
1536 1102 1621 1134 πάθος
1636 1102 1685 1130 οὐκ
1705 1103 1880 1140 ἀρρώστημα

1086 1149 1209 1184 φυσικὸν,
1227 1150 1284 1176 ἀλλ’
1299 1149 1454 1184 εἰσποιητὸν
1468 1150 1499 1176 ἐκ
1515 1148 1681 1182 πλεονεξίας.
1698 1150 1742 1176 Ἐν
1765 1150 1881 1186 Χριστῷ

1089 1196 1138 1231 μὲν
1161 1193 1207 1222 οὖν
1226 1197 1240 1223 ὁ
1255 1195 1321 1227 Θεὸς
1345 1196 1391 1223 καὶ
1413 1195 1506 1231 Πατὴρ
1528 1195 1592 1231 ὃλην
1608 1196 1773 1223 ἀναπλάττει
1795 1196 1880 1228 εὐθὺς

1088 1243 1156 1278 πρὸς
1172 1242 1202 1269 τὸ
1211 1243 1239 1269 ἐν
1252 1243 1350 1277 ἀρχαῖς
1360 1241 1409 1278 τὴν
1426 1242 1515 1277 φύσιν.
1529 1251 1538 1267 ι
1551 1242 1584 1268 Et
1593 1251 1634 1274 τις
1642 1243 1696 1279 γὰρ
1711 1243 1740 1270 ὲν
1751 1243 1878 1279 Χριστῷ,

1086 1289 1166 1324 καινὴ
1175 1289 1273 1320 κτίσις.
1287 1298 1296 1314 ι
1315 1289 1479 1323 ’Δναιρείται
1496 1288 1523 1314 δὲ
1538 1288 1675 1321 παντελῶς
1689 1289 1738 1324 τῆς
1752 1289 1879 1321 δουλείας

1085 1335 1116 1361 τὸ
1129 1333 1225 1370 αἶσχος
1236 1344 1242 1351 ·
1263 1334 1365 1369 γράφει
1380 1334 1434 1369 γὰρ
1447 1335 1460 1361 ὁ
1475 1334 1591 1368 Παῦλος,
1607 1335 1649 1361 δτι
1668 1344 1678 1360 ‹
1705 1335 1749 1362 Ἐν
1766 1336 1879 1371 Χριστῷ

1094 1381 1193 1417 Ἰησοῦ,
1205 1381 1256 1408 οὐκ
1271 1381 1310 1407 ἔνι
1321 1380 1423 1413 δοῦλος,
1437 1381 1497 1408 οὐδὲ
1511 1380 1662 1417 ἐλεύθερος.
1679 1391 1688 1408 ι
1704 1382 1878 1419 Ἀφαιρεῖται

1085 1427 1114 1454 δὲ
1131 1427 1199 1458 τέως
1213 1427 1226 1453 ὁ
1241 1427 1322 1462 νόμος
1344 1427 1598 1463 προσπαιδαγωγῶν
1624 1428 1663 1459 εἰς
1683 1428 1712 1454 τὸ
1729 1428 1834 1455 τέλειον
1848 1429 1879 1455 τὸ

1085 1474 1135 1509 τῆς
1158 1472 1284 1506 ἐξουσίας
1314 1473 1476 1506 ἀκάθεκτον.
1506 1474 1555 1500 καὶ
1575 1473 1605 1501 τὺ
1624 1474 1753 1501 ἐπέκεινα
1776 1475 1878 1511 μέτρου

1085 1519 1132 1546 τοῦ
1147 1519 1328 1555 καθήκοντος,
1354 1519 1456 1555 ζημίαν
1485 1520 1615 1552 ἐπιτιθεὶς
1634 1522 1692 1553 τοῖς
1713 1520 1879 1557 ὀλιγωροῦσι

1086 1565 1132 1593 τοῦ
1153 1566 1248 1602 νόμου,
1261 1566 1316 1594 τῶν
1327 1567 1498 1602 ἠδικημένων
1512 1567 1561 1603 τὴν
1577 1568 1683 1602 ἄφεσιν.
1703 1568 1786 1595 Ἀλλὰ
1798 1569 1879 1595 ταυτὶ

1088 1611 1138 1646 μὲν
1154 1611 1194 1643 είς
1210 1611 1329 1647 γράμμα
1343 1612 1390 1638 καὶ
1401 1611 1490 1646 σκιὰν¹
1507 1613 1587 1648 εἴπερ
1600 1612 1687 1639 ἓλοιτό
1698 1621 1740 1645 τις
1755 1614 1804 1640 καὶ
1815 1614 1877 1648 τῇδε

1086 1658 1173 1685 νοεῖν·
1195 1658 1219 1684 εί
1237 1657 1264 1684 δὲ
1282 1658 1314 1694 δὴ
1336 1657 1542 1694 διερμηνεύοιτο
1572 1659 1766 1695 πνευματικῶς
1791 1661 1806 1686 ὁ
1831 1661 1878 1687 τοῦ

1087 1703 1171 1738 νόμου
1194 1703 1306 1735 σκοπὸς,
1333 1703 1514 1738 προσδάλλοις
1540 1703 1583 1737 ἃν,
1608 1701 1631 1731 ὧ
1658 1704 1808 1736 Παλλάδιε,
1832 1706 1880 1731 καὶ

1088 1749 1150 1776 καθ’
1172 1749 1264 1785 ἕτερον
1283 1749 1384 1784 τρόπον
1399 1750 1454 1781 τοῖς
1471 1749 1500 1775 ἐν
1525 1749 1599 1786 αὐτῷ
1623 1749 1802 1786 θεωρήμασι·
1820 1753 1879 1786 φῶς

1090 1795 1139 1830 μὲν
1152 1795 1206 1831 γὰρ
1218 1795 1295 1822 τουτὶ
1307 1795 1337 1822 τὺ
1347 1795 1493 1830 ὲγκόσμιον
1508 1796 1564 1827 τοῖς
1575 1796 1621 1823 τοῦ
1637 1795 1764 1832 σώματος
1779 1797 1879 1832 ὀρρθαῖ-

1089 1842 1150 1876 μοῖς
1180 1840 1358 1876 εἰσδεχόμεοά
1378 1849 1408 1867 τε
1433 1840 1479 1867 καὶ
1500 1841 1690 1877 θαυμάζομεν·
1716 1842 1775 1877 φῶς
1801 1843 1831 1869 δὲ
1850 1844 1880 1870 τὸ

1088 1885 1158 1912 θεῖον
1174 1885 1220 1913 καὶ
1235 1885 1330 1921 νοητὸν
1348 1886 1375 1912 ὲν
1390 1886 1451 1916 ταῖς
1463 1886 1611 1922 ἡμετέραις
1620 1886 1724 1922 ἀνίσχει
1734 1887 1878 1923 καρδίαις·

1089 1931 1136 1957 καὶ
1151 1931 1238 1967 τροφὴ
1252 1932 1301 1966 μὲν
1316 1933 1331 1966 ἡ
1347 1931 1393 1959 τοῦ
1407 1930 1543 1967 σώματος,
1554 1931 1643 1958 ὀδοῦσι
1658 1931 1879 1964 καταλεαίνεται,

1089 1977 1136 2003 καὶ
1152 1977 1229 2003 ἔσται
1242 1977 1273 2003 τὸ
1290 1977 1384 2013 χρῆμα
1405 1977 1472 2013 πρὸς
1491 1977 1563 2013 ζωὴν
1577 1977 1650 2009 ὁδός·
1668 1977 1702 2004 τὰ
1718 1977 1747 2004 δέ
1766 1987 1799 2012 γε
1826 1978 1881 2005 τῶν

1089 2022 1168 2049 θείων
1181 2022 1378 2058 θεωρημάτων,
1397 2023 1512 2059 σκληρὰ,
1528 2024 1575 2050 καὶ
1585 2023 1733 2057 δυσέφικτα
1750 2023 1882 2060 καθάπερ

1089 2068 1176 2095 ὀδόντι
1237 2070 1287 2104 τῆς
1296 2069 1415 2102 διανοίας
1433 2069 1506 2104 ίσχύῖ
1523 2069 1663 2105 μονονουχὶ
1679 2069 1882 2105 συνϐρύπτεται

1089 2114 1135 2139 καὶ
1155 2113 1305 2148 ἀποτρέψει
1320 2114 1420 2149 ψυχήν.
1437 2115 1493 2142 Καὶ
1515 2114 1580 2149 γοῦν
1599 2115 1616 2150 ἡ
1637 2114 1723 2148 Σοφία
1737 2115 1786 2149 τὴν
1805 2114 1882 2141 θείαν

1090 2159 1156 2194 ἡμῖν
1168 2159 1216 2186 καὶ
1229 2161 1418 2196 πνευματικὴν
1427 2159 1550 2199 ἁπλοῦσα
1558 2160 1708 2195 τράπεζαν,
1727 2169 1736 2185 ε
1753 2159 1878 2192 Ἕλθετε,

249 2197 473 2232 spiritualemque
497 2205 621 2225 mensam
641 2207 797 2234 apponens,
810 2199 848 2226 ait
865 2209 871 2227 :
896 2210 904 2226 ι
919 2201 1016 2230 Venite
1030 2223 1034 2235 ,

1092 2204 1194 2239 φάγετε
1215 2205 1261 2231 τὸν
1283 2205 1349 2240 ἐμὸν
1375 2205 1468 2240 ἄρτον,
1492 2215 1501 2231 ι
1529 2197 1622 2241 φησιν.
1649 2205 1752 2232 Οὐκοῦν
1778 2206 1831 2233 κᾶν
1855 2207 1879 2233 ει

247 2242 322 2269 edite
345 2250 444 2277 panem
461 2251 552 2270 meum
566 2244 599 2270 ".
617 2253 626 2268 ι
642 2244 745 2279 Igitur,
763 2246 870 2274 etiamsi
892 2255 972 2275 servo
982 2248 1040 2276 for-

249 2292 321 2315 tasse
335 2288 363 2314 in
380 2287 538 2322 huiusmodi
557 2289 641 2316 rebus
654 2289 757 2324 aliquid
771 2290 862 2318 damni
875 2293 1038 2328 contigerit,

248 2333 402 2360 insaniente
422 2333 544 2366 domino,
558 2339 639 2369 atque
662 2340 775 2370 cogente
792 2342 822 2364 ut
835 2338 914 2366 simul
927 2348 942 2367 a
963 2345 1037 2368 recta

248 2376 404 2412 dogmatum
422 2379 515 2413 regula
537 2378 571 2405 ad
586 2379 722 2408 absurdos
742 2389 853 2411 errores
875 2384 1036 2419 delabatur,

247 2423 384 2456 solvatur,
409 2424 514 2459 inquit,
538 2431 641 2457 nexus,
664 2429 692 2453 et
715 2427 772 2462 jugi
804 2430 929 2463 servilis,
953 2436 1034 2467 atque

247 2477 297 2504 per
310 2469 365 2496 vim
379 2469 516 2504 impositi,
530 2470 605 2497 nulla
625 2472 695 2498 ratio
717 2473 860 2502 habeatur.
885 2476 1036 2512 Abjieiatur

247 2516 329 2542 etiam
352 2515 496 2549 potestatis
517 2519 622 2547 metus,
645 2524 732 2552 eoque
756 2525 851 2555 pergat
873 2521 918 2549 ille
938 2523 1035 2550 alienae

247 2560 374 2595 potestati
387 2560 540 2596 subjectus,
554 2562 710 2598 ubicunque
723 2565 781 2593 sine
793 2573 849 2594 sua:
870 2568 1036 2603 integritatis

245 2605 413 2632 detrimento
424 2613 453 2633 se
466 2614 526 2633 esse
539 2614 618 2641 posse
639 2611 772 2644 repererit
786 2620 792 2644 ;
816 2612 905 2640 anima
918 2622 1035 2650 namque

247 2652 419 2685 praestantius
433 2651 500 2678 nihil
523 2656 564 2679 est
578 2662 583 2679 :
597 2661 678 2688 quam
692 2660 721 2683 ut
735 2661 842 2690 servet,
866 2667 880 2686 a
902 2661 1035 2689 servitute

247 2696 376 2723 solvatur.
391 2697 462 2724 Vera
476 2702 566 2725 autem
575 2700 658 2728 verba
676 2702 733 2729 haec
745 2711 820 2736 esse,
834 2713 922 2740 eaque
934 2707 1037 2735 nostris

247 2740 336 2768 adhuc
349 2742 518 2776 temporibus
531 2743 636 2779 impleri
649 2767 655 2778 ,
670 2746 747 2775 facile
759 2753 800 2776 est
820 2750 913 2778 videre
928 2760 934 2777 :
947 2759 1037 2786 neque

1090 2250 1184 2285 οἰκέτῃ
1197 2250 1340 2285 συμϐαίνοι
1353 2250 1433 2286 τυχὸν
1443 2250 1506 2287 περῖ
1519 2259 1545 2277 τι
1559 2251 1614 2277 τῶν
1624 2250 1751 2278 τοιούτων
1767 2251 1878 2286 βλάϐος,

1091 2295 1293 2331 παραπαίοντος
1309 2295 1440 2322 δεσπότου
1456 2296 1503 2323 καὶ
1520 2295 1694 2331 παρολισθείν
1708 2297 1879 2331 ἀναγκάζον-

1088 2349 1133 2373 τος
1150 2341 1178 2374 ὲΞ
1202 2341 1347 2377 ὀρθότητος
1365 2342 1508 2377 δογμάτων
1528 2343 1568 2373 εις
1594 2341 1709 2368 ἔκτοπον
1732 2342 1878 2378 πλάνησιν.

1089 2386 1220 2417 λελύσθω,
1245 2386 1337 2421 φησιν,
1357 2386 1371 2412 ὁ
1386 2386 1494 2421 δεσμὸς,
1517 2386 1564 2412 καὶ
1583 2386 1661 2420 λόγος
1690 2385 1761 2412 ἔστω
1786 2386 1879 2421 μηδεὶς

1089 2433 1238 2467 ἀναγκαίου
1257 2431 1350 2466 ζυγοῦ.
1368 2431 1521 2467 Διεῤῥίφθω
1531 2432 1559 2457 δέ
1575 2440 1620 2458 ποι
1633 2431 1680 2458 καὶ
1692 2431 1742 2466 τῆς
1753 2431 1879 2464 ἔξουσίας

1088 2479 1120 2505 τὺ
1137 2478 1228 2514 δεῖμα.
1247 2479 1296 2505 ἴτω
1315 2487 1342 2505 τε
1360 2479 1453 2505 λοιπὸν
1477 2479 1491 2504 ὁ
1517 2477 1746 2513 κατεζευγμένος,
1762 2479 1878 2513 ὅποιπερ

1089 2523 1122 2550 ἂν
1137 2523 1211 2558 αὐτῷ
1238 2523 1267 2550 τὸ
1282 2523 1430 2558 ἁλωδήτως
1440 2522 1512 2557 ἔχειν
1530 2516 1697 2558 εὑρίσκοιτο·
1718 2522 1811 2557 ψυχῆς
1826 2522 1878 2557 γὰρ

1087 2569 1197 2604 ἄμεινον
1206 2569 1282 2595 οὐδὲν
1296 2567 1339 2604 ἦν.
1359 2569 1413 2595 Kal.
1428 2569 1471 2595 ἵνα
1488 2568 1573 2604 σώσῃ,
1591 2569 1684 2604 φησὶν,
1701 2567 1877 2595 ἁπολελὺσϐω

1087 2614 1221 2646 δουλείας.
1234 2615 1314 2646 Ἴδοις
1324 2615 1346 2641 δ’
1358 2614 1391 2641 ἂν
1401 2614 1488 2649 ἀληθῆ
1503 2614 1549 2640 τὸν
1563 2614 1652 2648 λόγον.
1664 2614 1711 2640 καὶ
1726 2615 1756 2639 ἐν
1771 2614 1876 2649 καιροῖς

1088 2661 1127 2687 ἔτι
1141 2663 1197 2693 τοῖς
1211 2660 1270 2688 καθ’
1286 2662 1360 2696 ἡμᾶς
1382 2660 1586 2695 πληρούμενον·
1612 2659 1642 2686 οὐ
1662 2659 1716 2694 γὰρ
1736 2659 1874 2694 ἀνέχονται

1088 2707 1225 2733 δεσποτῶν
1237 2707 1340 2734 οἰκέται
1357 2707 1602 2742 παρακομιζόντων
1617 2706 1656 2737 είς
1668 2705 1814 2739 πλάνησιν,
1828 2705 1875 2740 τῆς

1089 2753 1194 2788 ἑπηρτη
1200 2753 1283 2788 μένης
1292 2753 1384 2784 αὐτοῖς
1395 2752 1518 2784 ἐξουσίας
1530 2751 1749 2786 ὑπεξαγαγόντες
1761 2750 1874 2785 γενικῶς

298 2833 413 2860 "Exod.
428 2843 480 2869 un,
498 2836 542 2870 26,
557 2837 600 2864 ‘27.
646 2840 669 2856 ’³
683 2839 703 2866 ll
713 2839 774 2867 Cor.
791 2848 816 2871 ν,
834 2840 873 2866 17.
912 2840 1047 2868 "Coloss.
1064 2850 1103 2870 Ill.
1124 2843 1150 2868 ll
1205 2839 1314 2870 “Prov,
1330 2845 1402 2876 μηδ.
