1939 3041
85 186 138 213 535

460 189 503 215 DE
522 189 741 218 ADORATlONE
762 191 794 218 IN
814 191 947 219 SPlRlTU
968 193 1011 220 ET
1032 194 1213 221 VERITATE.
1235 195 1367 223 LlB.\'lll.

1659 202 1711 231 554

83 245 115 269 τὸ
130 243 159 269 ξν
174 251 206 277 γε
219 244 307 278 τούτῳ
317 243 456 280 πειθήνιον
466 253 472 260 ”
487 245 564 280 ἄχθει
581 247 629 281 μὲν
639 246 740 283 γὰρτῷ
754 247 865 279 δουλείας

923 249 997 276 enim
1009 251 1081 277 servi
1103 251 1239 279 sustinent
1261 252 1387 280 dominos
1408 257 1441 280 ad
1465 261 1588 282 errorem
1600 260 1709 291 pertra-

83 286 130 313 τὺν
154 287 202 314 τοῦ
230 288 354 323 σώματος
381 290 576 324 ὐπενεγκόντες
601 292 711 327 αὐχένα,
742 293 872 328 τηροῦσιν

83 332 220 360 ἀθόλωτον
245 335 274 360 ἐν
295 335 464 371 ἑαυτοίςρτὸν
480 335 553 367 νοῦν,
579 338 624 364 καὶ
645 338 676 364 τὸ
698 338 753 364 δεῖν
771 339 870 365 ειδέναι

83 379 180 413 σαφῶς
190 388 220 406 τε
238 380 285 406 καὶ
295 380 423 413 ἀπλανῶς
437 382 482 408 τὸν
494 383 558 418 περὶ
571 383 619 418 τῆς
629 384 745 419 ἀληθοῦς
754 385 870 417 πίστεως

82 425 173 459 λόγον,
191 425 288 452 πολλοῦ
313 427 345 462 δὴ
360 427 430 461 λίαν,
455 428 554 463 μᾶλλον
573 429 603 455 δὲ
625 429 671 456 τοῦ
689 430 788 462 παντὸς
801 429 870 457 εἶναι

82 471 159 504 ἄξιον
178 471 388 504 πεπιστεύκασι.
403 473 450 500 καὶ
463 474 565 509 τροφὴν
581 475 611 501 τὸ
622 477 716 510 χρῆμα
730 475 869 503 ποιοῦνται

83 518 284 553 πνευματικὴν,
304 516 348 545 οἷά
371 527 424 554 περ
437 519 524 546 ὀδόντι
543 520 582 555 τῷ
607 520 644 556 νῷ
660 521 870 557 κατατρίόοντες

81 563 113 589 τὸ
129 565 169 595 εἰς
185 561 230 595 οὖς
243 564 402 599 ἐρχόμενον,
418 565 466 591 καὶ
485 565 535 600 τὴν
548 566 603 592 τῶν
626 567 705 594 θείων
727 567 870 603 νοημάτων

80 610 296 646 ἀναμασώμενοι
312 611 434 646 δύναμιν.

120 746 225 773 ΠΑΛΛ.
255 746 300 777 Ὠς
326 746 414 781 σαφής
437 753 468 772 τε
497 746 574 781 ἡμῖν,
601 746 648 772 καὶ
669 745 757 781 ὀρθῶς
774 745 868 781 ἐχωνό

80 792 173 826 λόγος.

119 839 203 866 ΚΥΡ.
220 838 380 874 Προσεθίζει
393 838 421 865 δὲ
435 838 482 865 καὶ
501 838 602 874 ἑτέρως
613 838 628 864 ὁ
640 838 722 873 νόμος
741 839 816 873 ἡμᾶς
829 840 869 870 εἰς

80 885 280 920 φιλαλληλίαν,
300 886 382 920 τιμᾷν
409 885 564 912 ἀναπείθων
586 885 617 911 τὸ
638 885 868 919 συγκαθίστασθαι

922 295 1034 328 hentes,
1052 300 1080 324 et
1100 304 1133 324 ex
1157 297 1283 332 imposita
1305 299 1356 326 sibi
1380 299 1552 328 dominorum
1575 307 1710 336 potestate

921 341 1087 369 subtrahunt
1106 342 1225 377 ingenue
1245 344 1273 370 in
1289 344 1339 371 hac
1360 353 1389 372 re
1402 352 1476 373 certe
1498 347 1615 375 otlicium
1629 349 1710 376 obse-

921 387 1040 421 quendi;
1055 395 1132 420 nam,
1146 395 1208 415 cum
1221 397 1290 416 onus
1314 390 1455 418 servitutis
1467 393 1571 420 cervice
1585 395 1710 429 corporis

920 433 1052 466 subeant,
1076 442 1176 469 purum
1204 435 1233 461 in
1256 435 1354 470 seipsis
1376 437 1497 464 animum
1522 439 1657 473 retinent,
1681 446 1710 468 et

920 478 1000 513 plane
1011 486 1043 506 ac
1055 479 1172 507 ﬁrmiter
1182 487 1262 508 nosse
1272 489 1345 508 verm
1367 481 1430 509 ﬁdei
1452 483 1586 511 rationem
1597 485 1708 520 plurimi

919 522 1039 556 faciunt,
1052 524 1107 552 imo
1121 532 1187 552 vero
1200 525 1229 552 in
1241 533 1275 553 eo
1287 534 1421 554 summam
1433 532 1516 555 totam
1531 537 1591 557 esse
1607 532 1710 559 consti-

921 573 1013 602 tuunt,
1032 577 1148 606 eamque
1168 579 1226 598 rem
1238 571 1266 598 in
1279 572 1371 599 cibum
1395 574 1565 608 spiritualem
1578 581 1707 610 vertunt,

920 619 947 642 et
958 615 1031 650 quod
1043 617 1157 644 auribus
1173 621 1354 652 acceperunt,
1375 623 1466 647 mente
1481 624 1609 656 tanquam
1627 623 1708 650 dente

919 661 1127 695 comminuunt,
1151 663 1363 698 divinorumque
1380 672 1510 693 sensuum
1522 667 1577 693 vim
1599 675 1709 696 reman-

919 706 998 734 dunt.

955 751 1053 779 PALL.
1068 753 1218 788 Perspicua
1235 762 1300 782 sane
1313 758 1371 787 est,
1390 763 1422 783 ac
1444 760 1517 784 recte
1530 747 1613 785 habet
1623 767 1708 794 expo-

920 797 995 824 sitio.

953 842 1031 870 ΟΥΕ.
1052 843 1137 871 Aliter
1149 853 1257 880 quoque
1280 846 1324 874 lex
1335 854 1386 873 nos
1408 847 1569 881 assuefacit,
1593 853 1624 876 ut
1637 848 1709 877 inter

919 897 971 917 nos
994 898 1135 923 amemus,
1158 899 1221 918 cum
1243 892 1334 920 colere
1355 893 1453 921 suadet
1464 895 1634 928 societatem,
1655 905 1709 932 qua

79 931 139 961 τοῖς
152 930 246 964 ἐγγὺς,
260 931 381 962 καὶτοὺς
390 931 439 966 τῆς
455 930 614 964 ἀνισότητος
628 931 865 966 καταμυσαττόμε-

919 943 979 962 cum
1001 937 1134 971 proximis
1155 939 1348 973 congruimus,
1362 944 1390 967 et
1412 940 1582 975 inaequaliter
1599 942 1708 970 vivendi

78 975 127 1007 νὸς
143 984 173 1001 τε
188 976 236 1002 καὶ
251 975 372 1008 κολάζων
387 976 515 1012 τρόπους.

115 1022 221 1048 ΠΑΛΛ.
232 1022 293 1054 Πῶς
308 1023 339 1058 δὴ
353 1023 423 1058 ets;

115 1070 200 1096 ΚΥΡ.
221 1070 322 1096 ’Ἄκουε
336 1070 383 1105 δή·
400 1070 501 1105 γράφει
515 1070 570 1105 γὰρ
583 1070 665 1096 πάλιν
677 1078 684 1085 ο
706 1079 715 1095 ε
738 1069 801 1096 Ἐὰν
822 1078 868 1096 κε-

79 1115 181 1152 patriar)
202 1116 272 1147 τινὸς
296 1117 396 1151 ταῦρος
415 1116 460 1143 τὸν
482 1115 582 1151 ταῦρον
604 1115 651 1142 τοῦ
673 1115 797 1151 πλησίον,
823 1116 869 1142 καὶ

77 1159 239 1197 τελευτήσῃ,
259 1160 444 1187 ἁποδώσονται
462 1161 508 1188 τὸν
523 1161 623 1197 ταῦρον
640 1161 686 1187 τὸν
704 1160 804 1194 ζῶντα,
821 1161 868 1188 καὶ

76 1206 230 1233 διελοῦνται
254 1206 284 1233 τδ
301 1207 431 1242 ἀργύριον
453 1206 548 1239 αὑτοῦ,
564 1208 611 1234 καὶ
635 1207 681 1234 τὸν
703 1207 803 1242 ταῦρον
823 1207 878 1234 τὸν.

77 1253 229 1288 τεθνηκότα
246 1253 406 1280 διελοῦνται.
429 1253 491 1280 Ἐὰν
506 1253 534 1280 δὲ
553 1253 721 1289 γνωρίζηται
735 1254 749 1280 ὁ
767 1253 867 1289 ταῦρος

76 1301 118 1327 ὅτι
137 1301 300 1337 κερατιστής
316 1301 373 1327 ἐστι
386 1300 436 1336 πρὸ
451 1301 501 1336 τῆς
511 1300 573 1336 χθὲς
586 1301 633 1328 καὶ
646 1302 698 1335 np?)
711 1300 760 1335 τῆς
773 1300 866 1336 τρίτης

78 1346 200 1381 ἡμέρας-
223 1346 270 1372 καὶ
284 1346 576 1382 διαμεμαρτυρημένοι
591 1343 641 1373 ὦσι
656 1345 695 1382 τῷ
716 1346 802 1381 κυρίῳ
819 1345 868 1373 αὐ-

78 1392 137 1423 τοῦ,
152 1392 256 1427 καὶμὴ
271 1391 391 1428 ἀφανίσῃ
414 1392 507 1424 αὑτὸν,
530 1392 653 1418 ἀποτίσει
680 1392 781 1428 ταῦρον
806 1391 866 1419 ἀντὶ

77 1439 189 1475 ταύρου,
202 1441 217 1466 ό
231 1439 259 1466 δὲ
270 1438 472 1474 τετελευτηκὼς
485 1439 559 1474 αὐτῷ
569 1438 656 1467 ἔσται.
672 1448 681 1464 ›
691 1439 772 1475 ’θρᾷς
785 1439 815 1465 τὸ
824 1438 866 1465 ai-

78 1493 176 1519 νιγμα,
194 1484 390 1515 καὶοίονείπως
403 1485 468 1519 ἡμῖν
479 1485 512 1510 ἐκ
523 1484 743 1519 παραδείγματος
755 1485 866 1518 ἐναργε-

79 1531 178 1558 στάτου
195 1530 264 1566 πρὸς
277 1530 307 1557 τὸ
319 1530 383 1557 εὐθὺ
396 1530 583 1565 διαστείχοντα
600 1529 645 1556 τὸν
665 1529 712 1556 ἐπὶ
736 1530 804 1563 τῷδε
823 1529 866 1556 λό-

77 1586 143 1611 γον;
159 1577 192 1604 Εἰ
214 1577 269 1613 γὰρ
291 1577 397 1611 γένοιτο
417 1576 555 1608 τεθνάναι,
581 1577 658 1611 φησι,
671 1577 716 1603 τὸν
729 1576 776 1602 τοῦ
791 1575 865 1603 δεῖνα

77 1623 187 1659 ταῦρον,
213 1624 259 1650 καὶ
277 1624 321 1658 ὑφ’
344 1623 438 1658 ἐτέρου
464 1623 565 1658 ταύρου
587 1624 690 1656 πεσεῖν,
713 1622 863 1649 διελοῦνται

75 1670 122 1697 τὸν
146 1670 250 1706 ταῦρον
271 1670 317 1697 τὸν
338 1670 436 1703 ζῶντα,
455 1670 501 1696 καὶ
526 1671 627 1705 ἀμφοῖν
650 1669 727 1696 ἔσται
749 1669 828 1696 πάλιν
849 1669 864 1696 ὁ

75 1716 228 1752 τεθνηκὼς,
244 1717 392 1748 τουτέστιν,
414 1718 438 1743 εί
463 1716 619 1748 πλεονεξίας
643 1715 793 1750 ἐπιγένοιτο
818 1715 864 1742 καὶ

75 1763 185 1794 ἀδικίας
211 1763 312 1798 τρόπος
325 1762 389 1799 παρ’
407 1762 457 1797 οὐχ
475 1762 582 1793 ἑκόντος
605 1761 677 1792 τινὸς
702 1761 741 1792 εἰς
759 1761 862 1795 ἕτερον,

74 1808 250 1844 ὲντρυφάτω.
263 1808 354 1843 φησὶν,
367 1809 380 1833 ὁ
395 1807 558 1843 ἠδικημένος
568 1809 625 1839 τοῖς
634 1807 680 1834 τοῦ
694 1807 864 1843 λυπήσαντος

75 1854 202 1888 ἀγαθοῖς,
219 1855 266 1881 καὶ
282 1853 373 1885 κοινὰς
386 1853 471 1888 ἐχέτω
484 1853 533 1884 τὰς
547 1852 690 1888 θυμηδίας.
701 1853 786 1878 Τοῦτο
798 1852 862 1886 γὰρ,

75 1899 166 1936 οἶμαι,
191 1899 261 1932 ἔστι,
291 1900 322 1926 τὸ
338 1899 472 1926 διελέσθαι
497 1900 542 1926 τὸν
567 1899 667 1934 ταῦρον
691 1898 736 1925 τὸν
756 1897 861 1930 ζῶνται

76 1946 179 1978 Κοινὰς
201 1946 229 1972 δὲ
247 1945 367 1978 ποιείτω,
391 1945 467 1981 φησὶ,
486 1945 532 1972 καὶ
553 1945 721 1980 ἀνεθελὴτως
745 1953 863 1980 προσκε-

77 1992 206 2028 κρουκὼς
220 1993 270 2024 τὰς
284 1992 331 2018 τοῦ
355 1992 520 2023 πεπονθότος
545 1991 702 2027 συμφοράς·
718 1991 794 2017 τουτὶ
809 1991 864 2026 γὰρ

75 2037 154 2073 οἶμαι
169 2038 353 2073 παραδηλοῦν,
363 2038 392 2064 τὸ
406 2036 540 2064 διελέσθαι
550 2037 595 2063 τὸν
606 2037 765 2072 τεθνηκότα.
783 2036 863 2071 Ὁρᾷς

75 2081 122 2110 οὖν
146 2084 223 2114 ὅπως
236 2084 250 2110 ὀ
272 2083 353 2118 νόμος
369 2082 576 2116 αἰνιγματωδῶς
591 2082 632 2108 ἔτι
647 2081 699 2108 καὶ
719 2089 863 2108 κατεσκια-

77 2129 186 2165 σμένως
199 2129 245 2156 τὸν
258 2129 417 2164 φιλάλληλον
430 2129 579 2163 εἰσηγεῖται
589 2129 702 2163 τρόπον;
715 2128 749 2154 Ἢ
761 2127 820 2162 οὐχὶ⁸
831 2127 863 2161 δὴ

75 2177 157 2202 τοῦτό
173 2176 231 2202 ἐστι
244 2177 284 2208 τὸ,
303 2185 311 2201 ι
324 2175 438 2211 Χαίρειν
453 2176 521 2211 μετὰ
531 2175 691 2210 χαιρόντων,
706 2174 753 2200 καὶ
761 2172 863 2199 κλαίειν

79 2223 149 2258 μετὰ
167 2222 314 2249 κλαιόντων
323 2230 331 2254 ;
351 2232 360 2247 ι

112 2269 217 2296 ΠΛΛΔ.
236 2269 338 2296 Ἕοικε.

111 2315 196 2341 ΚΥΡ.
209 2315 240 2341 Et
254 2315 283 2341 δὲ
296 2314 338 2349 δὴ,
351 2314 443 2349 φησὶν,
453 2315 467 2341 ὁ
482 2314 648 2341 πλεονεκτῶν
660 2315 742 2350 εἰδείη
758 2315 860 2350 σαφῶς,

76 2364 116 2390 ὅτι
133 2363 260 2389 πείσεταί
276 2371 302 2388 τι
320 2362 406 2389 δεινὸν
422 2364 436 2388 ὁ
457 2362 551 2394 πέλας,
570 2361 624 2388 τῶν
639 2361 688 2396 τῆς
707 2361 863 2394 πλεονεξίας

77 2411 187 2446 τρόπων
213 2411 262 2437 οὐκ
281 2409 482 2445 ἀνῃρημένων,
500 2408 602 2443 ζημίαν
623 2408 704 2439 αὐτὸς
724 2408 773 2444 τὴν
803 2408 863 2442 inv

78 2457 221 2492 ὑπομενεῖ,
239 2457 287 2483 καὶ
307 2457 355 2491 τὴν
375 2455 424 2482 τοῦ
450 2455 583 2486 παθόντος
608 2454 750 2490 συμφορὰν
778 2455 862 2481 ὲπαν-

75 2504 169 2539 τλήσει
186 2503 256 2539 μόνῃ
267 2504 299 2538 τῇ
318 2503 371 2538 ἰδίᾳ
385 2502 470 2537 ψυχῇ.
480 2501 565 2528 Τοῦτο
578 2501 632 2536 γὰρ
643 2500 860 2536 αἰνιγματωδῶς,

76 2551 116 2582 τὸ,
135 2560 144 2576 ‹
165 2549 302 2576 ’Δποτίσει
314 2549 413 2584 ταῦρον
429 2548 489 2575 ἀντὶ
505 2548 617 2582 ταύρου,
632 2548 646 2573 ὁ
659 2547 687 2573 δὲ
705 2547 859 2582 τετελευτη-

78 2595 132 2627 κὼς
146 2595 229 2622 αὑτοῦ
245 2594 332 2620 ἔσται.
351 2603 360 2619 ι
387 2594 424 2620 Οὐ
444 2594 497 2629 γὰρ
517 2594 597 2628 μέχρι
622 2592 668 2619 τοῦ
688 2593 742 2620 τῶν
755 2593 862 2619 οἰκείων

78 2640 187 2674 ἀγαθῶν
201 2641 350 2666 ἀποπεσεῖν
364 2640 418 2671 τοῖς
435 2639 572 2666 ἀδικοῦσιν
586 2641 600 2666 ό
614 2639 701 2673 λόγος,
722 2639 779 2665 ἀλλ’
794 2639 862 2666 ἰδίαν

77 2686 164 2719 ἕξουσι
183 2686 339 2721 συμφορὰν,
356 2686 402 2712 καὶ
416 2685 505 2712 αὐτῶν
520 2685 596 2712 ἔσται
608 2686 702 2718 πάθος,
716 2685 747 2711 τὸ
760 2685 799 2720 τῷ
812 2685 862 2712 πέ-

78 2732 125 2764 λας
142 2732 324 2768 συμϐεϐηκός.

113 2822 214 2848 ΠΑΛΛ.
238 2822 281 2853 Ὠς
295 2819 324 2848 εὖ
339 2830 369 2855 γε
385 2821 450 2856 ἡμῖν
464 2823 478 2848 ὁ
496 2821 573 2855 λόγος
589 2822 653 2857 ἔχει.

132 2880 422 2913 "Exod.xxt.55,56.
460 2881 480 2896 '7
499 2880 577 2907 Rom.
605 2888 652 2912 τη,
679 2881 719 2909 15.
760 2882 782 2898 ⁸³
803 2881 887 2909 Exod.

233 2928 372 2958 ΡΛΤιιοι.
396 2928 452 2958 GR.
478 2928 606 2957 LXVIII.

879 1605 900 1632 ϐ

920 988 1011 1008 mores
1022 981 1174 1009 detestatur
1186 990 1218 1010 ac
1228 983 1317 1018 punit.

954 1027 1035 1062 265
1047 1027 1146 1055 PALL.
1162 1028 1222 1062 Quo
1236 1029 1346 1057 tandem
1360 1030 1432 1058 istud
1447 1031 1546 1060 modo!

953 1071 1031 1099 CYR.
1061 1072 1161 1108 Accipe
1185 1074 1260 1109 jam;
1283 1075 1380 1102 scribit
1407 1076 1480 1103 enim
1508 1085 1606 1104 rursus
1626 1086 1631 1103 :
1650 1087 1658 1102 ι
1679 1077 1708 1105 Si

919 1125 1005 1145 cornu
1022 1120 1190 1153 percusserit
1202 1120 1318 1155 alicujus
1341 1125 1436 1149 taurus
1459 1126 1569 1150 taurum
1590 1124 1707 1158 proximi

919 1163 972 1194 sui.
997 1168 1025 1191 et
1047 1169 1174 1191 mortuus
1187 1165 1280 1197 fuerit,
1293 1165 1415 1193 vendent
1435 1171 1543 1194 taurum
1557 1168 1706 1201 viventem,

918 1213 947 1235 et
957 1208 1080 1237 divident
1092 1209 1212 1244 pretium
1225 1211 1284 1246 ejus
1299 1219 1305 1243 ;
1323 1214 1430 1238 taurum
1445 1219 1553 1247 quoque
1567 1217 1706 1240 mortuum

919 1255 1052 1283 divident.
1066 1256 1143 1289 Quod
1158 1257 1180 1284 si
1193 1257 1333 1292 cognitum
1347 1248 1440 1290 fuerit,
1454 1259 1525 1294 quod
1539 1263 1634 1287 taurus
1646 1267 1708 1287 cor-

918 1305 1019 1336 nupeta
1032 1306 1106 1329 esset
1121 1306 1184 1329 ante
1197 1303 1357 1330 hesternum
1376 1308 1405 1331 et
1418 1308 1479 1331 ante
1493 1305 1604 1331 tertium
1621 1305 1704 1337 diem,

917 1352 945 1375 et
959 1348 1094 1375 testiﬁcati
1109 1348 1213 1376 fuerint
1224 1349 1336 1376 domino
1347 1349 1416 1384 ejus,
1428 1353 1455 1376 et
1467 1357 1521 1377 non
1529 1350 1706 1379 absconderit

917 1401 980 1421 eum
992 1415 999 1423 .
1019 1393 1116 1422 reddet
1128 1397 1236 1421 taurum
1255 1402 1305 1430 pro
1319 1399 1414 1428 tauro,
1431 1399 1459 1422 et
1477 1400 1603 1422 mortuus
1620 1396 1706 1430 ipsius

916 1439 1013 1466 erit".
1038 1449 1046 1464 ι
1068 1439 1151 1466 Vides
1175 1439 1301 1474 aenigma,
1327 1443 1355 1466 et
1378 1439 1525 1474 Scriptum
1550 1439 1601 1467 hac
1617 1440 1651 1480 de
1674 1448 1705 1468 re

917 1485 1002 1512 verba
1018 1485 1220 1520 quodammodo
1239 1493 1272 1512 ex
1292 1484 1501 1512 evidentissima
1523 1485 1647 1520 exemplo
1670 1486 1705 1514 ad

917 1531 945 1558 id
966 1531 1089 1565 tendere,
1104 1531 1178 1566 quod
1194 1535 1298 1558 rectum
1311 1531 1372 1558 est?
1384 1531 1411 1558 Si
1423 1531 1508 1563 enim,
1524 1531 1622 1566 inquit,
1637 1539 1704 1559 con-

919 1576 1010 1612 tigerit
1028 1578 1098 1604 mori
1110 1577 1263 1612 cujuspiam
1279 1582 1399 1611 taurum,
1412 1582 1440 1605 et
1453 1578 1487 1605 ab
1499 1578 1613 1606 alterius
1626 1583 1704 1606 tauro

917 1623 1016 1655 occidi,
1032 1623 1155 1651 divident
1167 1624 1305 1651 viventem
1321 1628 1441 1656 taurum,
1454 1629 1482 1652 et
1494 1624 1637 1652 amborum
1659 1625 1704 1652 iti-

915 1670 976 1697 dem
989 1670 1041 1696 erit
1051 1670 1168 1701 occisus,
1183 1670 1209 1696 id
1217 1674 1258 1697 est
1271 1679 1277 1696 :
1291 1670 1313 1697 si
1326 1670 1398 1704 quod
1415 1670 1600 1705 oppressionis
1611 1675 1639 1697 et
1652 1670 1705 1697 ini-

914 1716 1027 1750 quitatis
1040 1724 1125 1751 genus
1137 1716 1170 1743 ab
1181 1716 1273 1751 aliquo
1285 1724 1338 1743 non
1350 1717 1470 1747 volente,
1485 1717 1512 1743 in
1525 1717 1641 1744 alterum
1653 1717 1703 1744 de-

914 1764 1032 1790 rivatum
1046 1763 1091 1795 sit,
1104 1763 1173 1798 ejus,
1192 1762 1290 1798 inquit.
1314 1762 1394 1790 bonis
1415 1763 1462 1797 qui
1481 1763 1605 1795 oﬁ‘endit,
1621 1763 1643 1789 is
1656 1763 1703 1798 qui

914 1809 1033 1835 violatus
1069 1812 1122 1839 est,
1150 1807 1323 1842 perfruatur.
1349 1811 1377 1834 et
1402 1807 1555 1834 communia
1586 1807 1704 1834 habeant

914 1854 1056 1881 commoda
1068 1859 1150 1888 atque
1164 1853 1269 1880 solatia.
1293 1853 1350 1880 lloc
1369 1853 1442 1880 enim
1465 1858 1516 1885 est,
1537 1853 1645 1888 opinor,
1659 1853 1703 1881 di-

914 1900 1008 1927 videre
1031 1900 1168 1927 viventem
1193 1903 1301 1926 taurum
1322 1908 1328 1925 :
1352 1906 1565 1934 communesque
1584 1900 1702 1933 habeat,

915 1946 1013 1980 inquit,
1026 1946 1073 1980 qui
1089 1946 1133 1973 vel
1151 1945 1247 1972 nolens
1268 1944 1393 1977 oﬁ'endit,
1413 1945 1473 1980 ejus
1485 1945 1530 1980 qui
1545 1945 1644 1973 damno
1662 1951 1704 1973 cst

913 1993 1038 2024 allectus,
1054 1991 1222 2019 calamitates
1236 2000 1244 2018 :
1267 1991 1294 2018 id
1305 1991 1380 2018 enim
1392 1998 1426 2018 ex
1437 1998 1472 2018 eo
1489 1991 1641 2025 signiﬁcari
1660 1999 1705 2018 ar-

914 2038 1013 2070 bitror,
1041 2037 1115 2072 quod
1140 2037 1227 2064 dividi
1247 2036 1361 2072 jubetur
1377 2036 1496 2063 oecisus.
1520 2036 1602 2063 Vides
1621 2036 1704 2071 igitur

916 2088 946 2110 ut
967 2083 1011 2109 lex
1025 2081 1170 2116 mnigmata
1182 2085 1210 2108 et
1221 2081 1333 2108 umbras
1346 2080 1379 2107 ad
1392 2084 1494 2108 mutuae
1507 2080 1704 2108 benevolentize

915 2135 1005 2155 mores
1026 2127 1173 2155 hortetur?
1196 2135 1286 2154 annon
1305 2127 1358 2154 hoc
1377 2126 1445 2153 illud
1464 2129 1526 2153 est:
1551 2136 1559 2151 ι
1576 2126 1702 2154 Gaudere

915 2181 977 2201 cum
991 2173 1184 2209 gaudentibus,
1197 2177 1226 2200 et
1238 2173 1303 2200 ﬁere
1315 2180 1377 2200 cum
1389 2172 1518 2199 ﬂentibus
1527 2172 1566 2200 I’7?
1585 2182 1594 2198 ι

882 2276 902 2302 D
950 2274 1049 2302 PALL.
1070 2275 1109 2301 lla
1126 2274 1245 2301 videtur.

949 2320 1027 2347 (ΝΒ.
1050 2320 1079 2347 Si
1099 2328 1164 2347 vero
1182 2321 1228 2347 ille
1242 2327 1388 2355 oppressor
1409 2319 1488 2354 plane
1510 2319 1593 2351 norit,
1607 2319 1629 2346 si
1644 2318 1701 2353 ipse

914 2366 1100 2401 oppressimus
1122 2373 1177 2392 sua:
1192 2372 1283 2392 mores
1306 2372 1361 2391 non
1391 2364 1556 2396 cohibuerit,
1577 2364 1702 2399 proximo

913 2412 1017 2446 aliquid
1040 2410 1206 2438 incommodi
1227 2411 1362 2442 futurum,
1385 2410 1444 2444 pari
1462 2410 1562 2437 damno
1572 2410 1701 2438 multabi-

915 2463 970 2489 tur,
985 2462 1014 2484 et
1026 2457 1086 2492 ejus
1099 2457 1295 2484 detrimentum
1316 2456 1364 2490 qui
1378 2456 1497 2483 violatus
1509 2455 1560 2483 esti
1574 2465 1630 2483 sua:
1642 2457 1702 2483 ani-

915 2513 964 2532 ma:
992 2504 1078 2531 solius
1106 2503 1230 2538 periculo
1263 2502 1418 2529 exhauriet.
1451 2502 1509 2529 Hoc
1534 2502 1606 2529 cnim
1635 2503 1702 2529 illud

914 2551 1028 2585 aenigma
1053 2549 1187 2583 signiﬁcat
1211 2558 1217 2576 ι
1243 2559 1252 2574 ι
1280 2548 1384 2576 Reddet
1406 2553 1515 2575 taurum
1538 2556 1588 2582 pro
1606 2552 1700 2580 tauro;

914 2602 1039 2624 mortuus
1049 2601 1140 2624 autem
1157 2595 1243 2631 ipsius
1255 2595 1308 2623 erit
1319 2595 1353 2621 ’⁸.
1372 2605 1380 2620 ι
1391 2594 1484 2628 Neque
1495 2594 1569 2621 enim
1584 2601 1645 2621 eum
1657 2594 1700 2626 iis,

914 2644 961 2678 qui
976 2643 1103 2678 injuriam
1121 2642 1251 2673 inferunt,
1272 2642 1309 2668 ita
1327 2641 1461 2668 duntaxat
1479 2644 1585 2675 agetur,
1606 2644 1636 2667 ut
1652 2648 1701 2666 sua

915 2687 996 2715 modo
1020 2687 1090 2714 bona
1112 2687 1247 2716 amittant,
1267 2686 1313 2713 sed
1339 2684 1449 2720 propria
1469 2684 1578 2712 illorum
1591 2684 1644 2712 erit
1655 2691 1701 2711 ca-

915 2733 1023 2760 lamitas
1041 2741 1047 2758 2
1069 2737 1095 2759 et
1109 2731 1159 2766 ipsi
1173 2731 1274 2758 malum
1288 2731 1340 2758 hoc
1352 2731 1497 2765 patientur,
1513 2729 1587 2765 quod
1608 2729 1702 2764 proxi-

915 2787 959 2805 mo
975 2778 1099 2813 contigit.

951 2823 1049 2851 PALL.
1067 2824 1198 2851 Prmclare
1211 2831 1275 2850 sane
1293 2831 1321 2850 se
1337 2823 1419 2849 labet
1431 2821 1531 2849 oratio.

912 2890 964 2912 XXI,
988 2882 1021 2909 56
1032 2902 1038 2909 .

1526 2922 1561 2952 18
