1939 3041
255 204 307 232 535

755 200 781 228 S.
803 199 939 228 CYRILL‘I
960 199 1193 228 ALEXANDRINI
1209 199 1367 228 ARCHIEP.

1816 197 1860 227 556

285 259 363 287 CYR.
377 257 609 293 Sapientissimam
625 263 708 291 porro
729 256 810 284 nobis
824 260 926 284 mutua;
947 256 1028 283 charii

1128 257 1209 284 ΚΥΡ.
1235 257 1321 291 Σοφὸν
1341 256 1370 283 δὲ
1391 257 1456 292 ἡμῖν
1476 257 1525 291 τῆς
1551 257 1591 287 είς
1617 256 1746 291 ἀλλήλους
1764 257 1858 294 ἀγάπης

254 305 317 331 latis
342 304 429 339 legem
451 302 514 330 tulit
536 302 632 329 beatus
657 302 776 334 Paulus,
803 309 866 329 cum
889 302 926 329 ita
947 301 1038 328 dixit:

257 361 265 375 ι
281 350 341 377 Νοιι
360 357 420 384 qua:
438 353 530 376 vestra
550 348 673 383 ipsorum
696 351 761 375 sunt
778 352 942 383 quaerentes,
954 347 1001 374 sed
1012 351 1041 374 et

252 403 312 430 qua:
322 395 438 422 aliorum
448 395 470 410 ³³
481 403 488 428 ;
500 404 509 420 ι
520 394 639 422 Charitas
650 394 723 422 enim
735 401 790 421 non
801 394 909 428 quarrit,
921 401 981 428 qua:
991 400 1039 420 sua

252 445 316 468 sunt
325 441 370 473 "‘,
385 440 432 468 sed
450 441 542 475 potius
555 440 711 468 considerat
722 440 806 467 etiam
817 447 877 475 quae
890 442 954 467 sunt
969 439 1038 466 alio—

253 494 324 519 rum,
337 491 365 514 et
376 491 407 513 nt
418 495 478 522 quae
498 491 561 514 sunt
579 485 705 519 fratrum,
718 486 788 513 bene
801 493 830 514 se
842 486 970 513 habeant.
982 486 1039 513 Hoc

252 539 341 568 Ipsum
354 531 447 559 itidem
459 535 566 558 veteres
576 530 686 558 Litterae
698 530 767 558 clam
781 529 912 561 indicant,
926 537 987 564 qua:
998 529 1038 556 sic

251 578 353 605 habent
371 585 377 604 :
403 586 411 603 ι
427 577 455 604 Si
472 577 602 611 depastus
621 576 682 611 quis
708 575 793 603 fuerit
821 583 915 610 agrum
936 579 983 602 aut
998 574 1039 601 vi-

250 631 339 656 neam,
361 627 389 651 et
413 622 549 650 dimiserit
564 622 719 657 jumentum
734 629 824 653 suum,
846 621 927 656 266
944 625 974 648 ut
991 620 1038 648 de-

249 674 376 704 pascatur
395 676 489 704 agrum
505 667 636 700 alienum,
655 667 751 694 reddet
763 674 796 694 ex
808 674 873 702 agro
892 674 942 694 suo
959 667 1036 702 juxta

249 715 369 743 fructum
387 715 463 750 ejus;
485 714 508 741 si
527 718 619 741 autem
635 720 744 740 omnem
761 720 856 748 agrum
880 713 939 747 ejus
951 712 1046 746 depa-’

249 764 321 787 stum
336 759 430 790 fuerit,
444 758 547 794 optima
566 758 624 793 agri
642 758 696 790 sui,
713 761 742 785 et
756 758 859 792 optima
873 757 959 784 vinea:
980 764 1036 784 sua:

250 805 376 833 reddet’.
393 815 401 830 ι
419 805 487 832 Nam
504 804 552 839 qui
577 804 651 840 agris
673 803 773 831 alienis
788 811 868 830 suum
879 803 1035 838 jumentum

248 850 382 882 immittit,
396 850 441 877 ille
455 850 512 877 suis
524 849 635 884 quidem
649 849 732 876 rebus
745 848 891 876 utilitatem
904 847 992 880 affert,
1007 851 1035 875 et

247 902 295 922 sua
309 893 512 930 quodammodo
527 893 635 928 quaerit,
657 901 711 920 non
728 897 819 920 tamen
831 899 862 919 ea
882 899 911 918 re
923 891 1031 926 qumrit,

1091 301 1173 328 ἐτίθει
1191 302 1273 337 νόμον
1288 302 1336 329 καὶ
1351 303 1365 328 ὁ
1381 301 1522 333 θεσπέσιος
1534 302 1649 334 Παῦλος,
1669 301 1754 337 ὼδίπη
1769 302 1856 336 λέγων·

1095 358 1104 373 ι
1118 348 1163 382 Μὴ
1178 349 1213 374 τὰ
1232 348 1338 375 ἑαυτῶν
1352 347 1508 382 ζητοῦντες,
1525 347 1594 374 ἀλλά
1614 349 1661 374 καὶ
1679 347 1713 374 τὰ
1732 348 1832 384 ἐτέρων.
1847 356 1857 374 ι

1090 394 1127 420 Οὐ
1143 394 1220 428 ζητεῖ
1235 395 1289 429 γὰρ
1301 395 1318 429 ὴ
1334 394 1428 429 ἀγάπη
1445 393 1479 420 τὰ
1491 393 1605 428 ἑαυτῆς·
1621 393 1824 429 περισκέπτεται
1835 392 1859 420 δὲ

1092 438 1192 474 μᾶλλον
1207 439 1254 465 καὶ
1273 438 1307 464 τὰ
1316 438 1427 473 ἐτέρων,
1441 437 1488 464 καὶ
1502 437 1576 468 ὅπως
1590 437 1622 464 ἂν
1637 437 1692 472 ἔχοι
1707 437 1741 463 τὰ
1753 436 1860 471 ἀδελφῶν

1089 482 1129 511 εὖ.
1153 484 1238 511 Τοῦτό
1257 493 1298 511 τοι
1317 484 1399 511 πάλιν
1423 484 1453 511 τὸ
1475 485 1587 520 ἀρχαῖον
1603 485 1669 519 ἡμῖν
1689 483 1860 509 ὑπαινίττεται

1088 531 1215 566 Γράμμα·
1235 530 1291 566 ἔχει
1305 530 1334 556 δὲ
1348 530 1434 562 οὕτως
1445 539 1452 545 ⁸
1467 540 1476 556 ι
1496 530 1559 556 Ἐὰν
1571 529 1599 556 δὲ
1614 529 1803 565 καταὸοσκὴσῃ
1823 536 1860 559 τις

1088 578 1172 612 ἀγρὸν
1191 578 1208 613 ἢ
1224 577 1382 613 ἀμπελῶνα,
1397 578 1444 605 καὶ
1459 578 1514 613 ἀφῇ
1529 578 1559 604 τὺ
1575 578 1673 613 κτῆνος
1687 577 1779 609 αὑτοῦ,
1790 585 1861 603 κατα-

1088 623 1224 658 ϐοσκῆσαι
1237 623 1322 660 ἀγρὸν
1334 623 1437 659 ἕτερον,
1445 623 1570 650 ἀποτίσει
1582 624 1614 650 ὲκ
1627 622 1673 649 τοῦ
1691 622 1775 658 ἀγροῦ
1788 622 1860 650 αὑτοῦ

1088 669 1157 696 κατὰ
1178 669 1209 696 τὸ
1230 670 1353 705 γέννημα
1376 669 1479 696 αὑτοῦ·
1502 669 1549 696 ἐὰν
1566 669 1594 696 δὲ
1611 670 1700 696 πάντα
1720 669 1766 695 τὸν
1787 669 1862 704 ἁγρόν

1087 713 1291 749 καταδοσκήσῃ.
1309 713 1343 741 τὰ
1361 713 1487 748 βέλτιστα
1502 713 1548 740 τοῦ
1564 713 1649 749 ἀγροῦ
1663 713 1755 746 αὑτοῦ,
1779 714 1821 740 καὶ
1832 714 1862 740 τὰ

1088 758 1213 793 βέλτιστα
1229 759 1276 785 τοῦ
1298 759 1460 794 ἀμπελῶνος
1478 758 1560 785 αὑτοῦ
1582 758 1715 786 ἀποτίσει.
1737 768 1746 784 ι
1770 759 1795 785 '0
1819 759 1863 793 μὲν

1086 804 1139 839 γὰρ
1150 805 1244 840 ἀγροῖς
1260 805 1361 840 ἑτέρων
1373 805 1403 832 τὺ
1422 805 1487 831 ἴδιον
1501 805 1600 839 κτῆνος
1619 805 1755 840 ἐπαφιεὶς,
1769 805 1863 839 ὀνίνησι

1087 849 1137 884 μὲν
1154 849 1188 876 τὰ
1203 849 1264 876 καθ’
1279 851 1386 882 ἑαυτὸν,
1406 849 1453 876 καὶ
1466 849 1544 884 ζητεῖ
1555 858 1613 881 πως
1632 849 1667 876 τὰ
1680 849 1785 881 ἑαυτοῦ,
1800 849 1864 884 πλὴν

1085 894 1134 921 οὐκ
1153 895 1182 928 ἐξ
1205 892 1242 921 ὧν
1264 896 1278 921 ὁ
1303 895 1400 929 γείτων
1423 895 1609 930 εὐφραὶνεται,
1637 895 1697 922 οὐδὲ
1714 895 1757 930 ἐφ’
1777 893 1814 927 οἷς
1834 895 1864 922 ἂν

247 940 320 968 unde
332 941 400 968 alter
412 940 531 972 laetetur,
540 943 587 966 aut
600 938 673 966 unde
685 938 826 973 proximus
840 938 973 973 gaudeat,
986 937 1028 964 sed

1085 940 1172 974 ἧδοιτό
1187 949 1228 972 τις
1243 940 1296 966 τῶν
1314 941 1408 973 πέλας,
1419 941 1477 967 ἀλλ’
1488 941 1517 974 ἐξ
1532 938 1569 967 ὧν
1581 941 1613 967 ἂν
1626 940 1767 967 λυπεῖσθαί
1779 949 1807 967 τε
1821 942 1865 968 καὶ

247 986 319 1013 unde
345 993 409 1014 eum
432 985 534 1012 offendi
555 992 587 1012 ac
612 984 673 1012 la:di
689 984 837 1019 contingat.
852 983 1034 1016 Quaerendum

245 1037 286 1060 est
300 1032 383 1068 igitur
395 1031 469 1066 quod
489 1030 568 1058 nobis
581 1031 678 1066 prosit,
692 1031 745 1058 hoc
756 1035 809 1062 est,
822 1030 895 1065 quod
909 1033 1033 1057 nostrum

244 1083 296 1110 est,
321 1086 375 1106 non
398 1078 468 1105 alios
490 1077 683 1112 opprimendo,
714 1077 761 1104 sed
785 1077 818 1103 iis
845 1076 961 1107 artibus,
984 1083 1034 1110 per

244 1132 312 1160 quas
322 1124 418 1151 eodem
432 1122 586 1158 pervenire,
604 1123 672 1150 nihil
692 1123 797 1157 peccati
810 1121 992 1153 admittendo,
1005 1125 1033 1148 et

243 1170 356 1198 alterius
367 1169 450 1197 animi
463 1169 689 1204 tranquillitatem
708 1168 853 1199 servando,
873 1168 1010 1203 possimus
1024 1175 1030 1193 :

243 1216 270 1243 id
281 1215 355 1243 enim
367 1215 446 1250 plane
461 1218 504 1242 est
516 1221 639 1248 quaerere
653 1213 735 1241 etiam
748 1221 807 1248 qum
821 1218 886 1240 sunt
896 1213 1011 1240 alierum
1023 1220 1030 1245 ;

242 1261 344 1296 alioqui
362 1261 446 1293 sciat,
470 1261 493 1288 si
516 1259 585 1287 nihil
606 1263 694 1291 cavet,
720 1266 754 1285 ne
779 1258 879 1286 fratres
898 1257 1031 1289 offendat,

243 1315 331 1343 neque
350 1306 405 1334 ulla
427 1310 469 1334 est
495 1306 534 1333 illi
558 1305 591 1333 de
610 1305 734 1340 proximo
755 1312 831 1337 cura,
857 1304 933 1336 dum,
957 1303 1031 1338 quod

242 1360 322 1380 suum
337 1357 389 1384 est,
404 1352 536 1379 duntaxat
549 1355 663 1386 spectet,
679 1358 708 1378 se
719 1359 770 1386 par
781 1351 910 1378 damnum
926 1350 1032 1378 subitu-

243 1406 314 1430 rum,
328 1403 356 1425 et
378 1398 452 1425 illam
469 1397 543 1424 falsae
569 1397 696 1424 utilitatis
721 1397 841 1433 speciem
859 1395 1031 1424 charissimis

243 1444 326 1471 rebus
349 1443 492 1470 interitum
511 1443 668 1470 allaturum.
697 1443 725 1469 ld
749 1443 823 1470 enim
847 1447 889 1469 est
911 1441 1028 1476 opinor:

246 1499 255 1514 ε
273 1488 382 1516 Reddet
399 1488 502 1523 optima
517 1487 573 1523 agri
589 1487 631 1514 sui
653 1491 682 1514 et
693 1487 779 1514 vinea:
796 1494 862 1514 sum.
875 1495 883 1511 ι
898 1486 1031 1513 Convenit

241 1535 335 1568 etiam,
351 1534 459 1561 ntmilii
477 1533 588 1568 quidem
602 1533 722 1565 videtur,
746 1532 949 1568 propositorum
968 1539 1029 1559 ver-

242 1581 339 1608 borum
351 1580 393 1607 vis
407 1579 435 1606 in
453 1579 588 1606 haeresum
610 1578 786 1611 inventores;
808 1585 926 1612 quorum
939 1578 1028 1612 impu-

242 1626 341 1655 rissimi
361 1633 392 1653 ac
415 1624 569 1652 stultissimi
588 1623 725 1659 discipuli,
746 1624 890 1650 brutorum
903 1623 1027 1650 animan—

242 1673 309 1700 tium
324 1673 420 1704 instar,
433 1674 539 1706 segetes
551 1678 583 1698 ac
595 1670 689 1697 vineas
703 1669 854 1697 dominicas
873 1670 1027 1704 depascun—

241 1724 294 1751 tnr,
313 1718 341 1745 in
364 1725 458 1745 eorum
484 1716 619 1752 judicium
638 1720 720 1750 atque
741 1715 900 1747 vindictam,
921 1715 968 1750 qui
984 1723 1028 1742 er-

240 1772 317 1792 rores
336 1765 519 1794 invenerunt;
543 1762 684 1797 continget
707 1761 781 1788 enim
809 1761 863 1788 illis
885 1764 916 1787 ut
944 1760 1027 1788 rebus

239 1809 482 1846 praestantissimis,
501 1807 528 1834 id
545 1812 597 1839 est,
610 1807 696 1842 ipsius
713 1806 811 1833 animae
826 1805 937 1832 interitu
958 1805 1027 1832 rnnl-

239 1861 346 1884 tentur:
363 1855 442 1882 vinea
456 1854 531 1882 enim
546 1861 582 1883 ac
598 1856 699 1888 segete,
719 1856 746 1879 et
761 1851 874 1878 omnino
890 1850 1026 1878 universis

239 1902 331 1934 rebus,
345 1909 406 1937 qum
417 1900 489 1936 apud
504 1907 564 1932 nos,
577 1898 750 1934 praestantior
760 1901 802 1925 est
819 1897 918 1924 anima.

272 1989 370 2017 PALL.
390 1989 518 2016 Fructum
539 1987 622 2023 igitur
638 1994 670 2014 ac
687 1993 787 2013 munus
806 1985 948 2014 eharitatis
963 1993 1022 2013 esse

237 2036 371 2068 dicemus,
388 2041 511 2070 qumrere
532 2041 564 2060 ea
584 2040 645 2067 qnze
667 2032 784 2059 aliorum
802 2036 875 2063 sunt,
899 2039 953 2058 non
973 2039 1021 2058 sua

237 2083 359 2117 ipsorum
370 2081 512 2108 duntaxat.

271 2127 349 2155 (ΝΒ.
363 2127 479 2154 Prorsus
503 2126 541 2153 ita
564 2130 617 2157 est,
633 2124 735 2152 Palladi
753 2133 759 2150 :
783 2128 810 2151 et
831 2124 944 2158 implere
962 2123 1021 2157 qui-

235 2174 298 2201 dem
314 2173 478 2200 charitatem
503 2171 531 2198 in
549 2170 658 2203 fratres,
685 2170 741 2197 Deo
766 2177 831 2197 sane
849 2168 1020 2204 jucundissi-

236 2226 310 2246 mum
328 2222 370 2245 est
383 2226 390 2250 ;
403 2217 512 2244 onerari
527 2223 592 2243 vero
606 2224 622 2243 a
636 2215 716 2242 nobis
732 2214 878 2242 immodico
891 2222 922 2241 ae
934 2213 1018 2241 nimio

235 2265 322 2291 abusu
343 2262 504 2290 charitatem
527 2261 643 2296 sapienti
658 2260 772 2288 consilio
787 2267 842 2287 non
862 2259 1016 2294 permittit:

235 2318 297 2336 nam
321 2308 398 2336 facile
414 2307 498 2335 etiam
520 2308 590 2335 bene
609 2307 717 2334 firmum
741 2306 861 2333 animum
881 2305 1017 2336 concutit,

233 2355 359 2390 quamvis
374 2354 420 2381 ille
433 2353 465 2380 ad
478 2354 634 2388 prtcclaram
648 2352 675 2380 in
690 2359 799 2387 quoque
816 2357 914 2385 genere
933 2350 1019 2377 virtu-

235 2407 288 2429 tem
307 2399 474 2435 pervenerit,
490 2406 658 2434 quaecunque
675 2398 718 2425 vis
733 2397 851 2432 impulsu
869 2396 942 2423 haud
957 2403 1017 2423 me-

232 2447 330 2479 diocri,
345 2446 393 2475 sed
407 2447 497 2481 potius
508 2446 622 2481 impetu,
638 2445 682 2472 cui
698 2443 794 2471 obsisti
809 2451 863 2470 non
880 2443 975 2477 possit,
989 2443 1016 2470 in

233 2494 309 2520 illum
332 2492 470 2528 irrumpit.

266 2538 362 2566 PALL.
383 2538 453 2572 Quid
480 2537 553 2565 istud
583 2535 690 2568 tandem
706 2539 757 2567 est,
776 2535 849 2570 quod
875 2534 937 2562 ais?
960 2542 1015 2562 non

231 2584 305 2611 enim
325 2583 391 2611 satis
409 2583 541 2618 intelligo.

264 2630 341 2658 (ΝΒ.
363 2630 403 2657 An
418 2634 447 2657 tu
464 2629 576 2656 minime
595 2627 690 2655 fateris
705 2635 766 2655 esse
777 2627 918 2659 virtutem,
935 2634 1014 2654 man-

228 2675 402 2703 suetudinem
416 2680 499 2709 atque
517 2674 700 2709 patientiam?

263 2722 360 2749 PALL.
377 2721 479 2754 Quidni
498 2720 608 2747 fatear?

1084 985 1236 1012 ἀδικεῖσθαι
1263 986 1415 1021 συμϐαίνοι.
1442 987 1576 1022 Ζητητέον
1597 986 1644 1014 οὖν
1668 987 1723 1022 ἄρα
1743 987 1772 1013 τὸ
1795 989 1865 1023 ἡμᾶς

1083 1031 1215 1065 ὠφελοῦν,
1237 1032 1369 1063 τουτέστι,
1382 1032 1412 1058 τὸ
1425 1032 1539 1064 ἑαυτῶν,
1551 1033 1581 1059 οὺ
1594 1032 1637 1059 διὰ
1648 1033 1696 1068 τῆς
1709 1033 1749 1064 είς
1761 1033 1866 1068 ἐτέρους

1084 1074 1248 1108 πλεονεξίας,
1266 1075 1333 1102 ἀλλὰ
1349 1076 1382 1102 δι’
1395 1073 1432 1103 ὧν
1448 1076 1481 1103 ἂν
1497 1076 1601 1110 γένοιτο
1615 1077 1683 1112 πρὸς
1695 1077 1774 1104 τοῦτο
1789 1079 1865 1110 ἰέναι,

1083 1121 1309 1157 πλημμελοῦντας
1320 1123 1407 1155 οὐδὲν,
1423 1124 1470 1150 καὶ
1479 1124 1528 1158 τῆς
1543 1123 1590 1150 τοῦ
1607 1124 1727 1158 γείτονος
1738 1125 1867 1160 εὐθυμίας

1083 1169 1204 1203 ἑστώσης
1214 1169 1312 1204 ὀρθῶς.
1331 1169 1416 1196 Τοῦτο
1433 1169 1487 1205 γὰρ
1501 1169 1535 1196 ἂν
1551 1170 1593 1205 εῐη
1608 1170 1713 1205 σαφῶς.
1732 1170 1764 1197 τὸ
1778 1170 1868 1205 ζητεῖν

1083 1214 1129 1241 καὶ¹
1144 1214 1178 1241 τὰ
1204 1213 1316 1250 ἑτέρων.
1335 1215 1369 1241 Ἢ
1385 1215 1451 1241 ἵστω
1472 1223 1523 1246 τις,
1542 1215 1636 1249 φησὶν,
1659 1216 1683 1242 εί
1706 1215 1869 1250 ἀφυλάκτοις

1081 1260 1168 1287 ἕλοιτο
1190 1260 1357 1287 κατα).υπείν
1377 1260 1519 1295 ἀδελφοὺς,
1542 1261 1590 1286 καὶ
1615 1261 1790 1296 ἀπρονοήτως
1814 1261 1869 1295 ἔχοι

1082 1306 1128 1333 τοῦ
1145 1305 1239 1339 πέλας,
1251 1306 1291 1338 είς
1312 1305 1391 1342 μόνον
1405 1305 1476 1341 τάχα
1488 1313 1540 1332 που
1559 1302 1590 1332 τὸ
1605 1306 1670 1333 ῐδιον
1687 1305 1803 1341 βλέπων,
1820 1307 1870 1341 τὴν

1082 1354 1143 1388 ῐσην
1160 1352 1306 1388 ὑπομενεῖν
1327 1351 1441 1388 ζημίαν,
1459 1353 1505 1379 καὶ
1520 1351 1565 1379 τὸν
1586 1352 1636 1387 τῆς
1647 1351 1781 1388 δοκούσης
1797 1351 1871 1385 ὡφε-

1081 1397 1155 1430 λείας
1175 1397 1287 1433 τρόπον,
1308 1397 1362 1424 τῶν
1383 1398 1424 1424 ὅτι
1450 1397 1568 1432 μάλιστα
1597 1397 1763 1432 ᾳιλαιτάτων
1794 1397 1871 1432 αὑτῷ

1081 1443 1254 1478 προξενήσων
1273 1443 1322 1478 τὴν
1343 1442 1490 1469 ἀπώλειαν.
1506 1440 1592 1477 ,Τουτὶ
1607 1441 1673 1478 γὰρ,
1694 1440 1784 1477 οἶμαι,
1809 1441 1870 1468 ἔστι

1080 1489 1120 1522 τὺ,
1133 1498 1143 1515 ι
1166 1489 1303 1516 ’Δποτίσει
1317 1488 1351 1515 τὰ
1365 1488 1490 1524 βέλτιστα
1501 1488 1548 1515 τοῦ
1558 1488 1645 1524 ἀγροῦ
1659 1487 1753 1519 αὐτοῦ,
1766 1487 1814 1514 καὶ
1825 1486 1870 1513 τοῦ

1080 1535 1239 1570 ἀμπελῶνος
1257 1534 1350 1562 αὑτοῦ.
1370 1544 1378 1561 ι
1401 1535 1529 1571 Ἀρμόζει
1544 1535 1565 1561 δ’
1579 1535 1624 1568 ἂν,
1640 1534 1678 1566 ὥς
1693 1534 1725 1569 γέ
1741 1543 1789 1569 μοι
1805 1534 1871 1569 φαίι

1081 1589 1167 1614 νεται,
1182 1581 1235 1608 τῶν
1257 1581 1446 1616 προκειμένων
1459 1582 1475 1616 ἡ
1491 1581 1604 1617 δύναμις
1619 1581 1665 1607 καὶ
1679 1581 1736 1612 τοῖς
1751 1580 1808 1606 τῶν
1826 1580 1871 1606 al—

1080 1627 1180 1663 ρέσεων
1195 1628 1329 1662 εὑρεταῖς,
1345 1625 1383 1656 ὧν
1397 1629 1421 1654 οἱ
1435 1627 1558 1663 βδελυροὶ
1573 1627 1619 1653 καὶ
1631 1626 1794 1654 ἀνούστατοι
1817 1635 1871 1661 μα.-

1079 1673 1168 1708 Θηταὶ,
1185 1673 1292 1710 κτηνῶν
1305 1674 1410 1708 ἀλόγων
1422 1674 1508 1708 δίκην,
1524 1673 1587 1709 λήῖά
1597 1682 1626 1700 τε
1642 1673 1688 1700 καὶ
1703 1673 1872 1708 ἀμπελῶνας

1078 1720 1276 1754 κατανέμονται
1287 1720 1350 1751 τοὺς
1365 1720 1550 1751 δεσποτικοὺς,
1564 1721 1603 1751 εἰς
1620 1719 1708 1756 κρίμα
1723 1719 1772 1745 καὶ
1787 1719 1872 1746 κόλα-

1078 1773 1119 1791 σιν
1145 1766 1198 1792 τῶν
1221 1766 1272 1801 τῆς
1294 1766 1428 1801 αἱρέσεως
1448 1765 1586 1802 εὑρετῶν·
1618 1765 1791 1800 συμϐήσεται
1814 1765 1872 1799 γὰρ

1076 1810 1190 1842 ἐκείνοις
1213 1810 1299 1846 ὴτῶν
1318 1810 1467 1837 καλλίστων
1481 1810 1578 1846 ζημία,
1596 1810 1747 1841 τουτέστιν,
1770 1809 1785 1835 ὁ
1805 1809 1872 1844 περὶ

1075 1855 1160 1891 αὐτὴν
1184 1855 1293 1892 ὄλεθρος
1315 1857 1365 1892 τὴν
1385 1856 1484 1892 ψυχήν·
1507 1853 1667 1891 ἀμπελῶνος
1689 1855 1755 1890 γὰρ,
1782 1855 1873 1890 ἤγουν

1075 1900 1152 1936 ληΐου
1166 1901 1258 1936 τυχὸν,
1277 1902 1324 1928 καὶ
1342 1902 1394 1929 ἀνὰ
1411 1902 1494 1937 μέρος
1508 1902 1623 1929 ἑκάστου
1637 1901 1690 1928 τῶν
1708 1900 1772 1928 καθ’
1792 1902 1872 1935 ἡμᾶς

1074 1947 1227 1982 νοουμένων
1240 1947 1271 1974 τὺ
1285 1948 1313 1974 ὲν
1327 1947 1400 1983 αὑτῷ
1419 1948 1557 1983 βέλτιστον
1570 1948 1586 1982 ἡ
1598 1947 1670 1982 ψυχή
1687 1946 1737 1982 (1).

1108 1993 1213 2020 ΙΙΑΔΛ.
1231 1994 1345 2029 Καρπὸν
1357 1992 1404 2021 οὖν
1425 1995 1478 2030 ἄρα
1491 1995 1539 2030 τῆς
1562 1994 1671 2029 ἀγάπης
1688 1991 1759 2020 εἷναί
1774 2001 1875 2028 φαμεν

1072 2038 1102 2065 τὸ
1119 2038 1217 2074 χρῆναι
1239 2039 1330 2075 ζητεῖν
1346 2040 1380 2067 τὰ
1398 2040 1510 2075 ἐτέρων,
1532 2039 1578 2066 καὶ
1601 2039 1662 2074 οὐχὶ
1681 2039 1715 2074 δὴ
1733 2039 1821 2073 μόνον
1837 2039 1875 2066 τὰ

1072 2083 1185 2110 ἑαυτῶν.

1106 2128 1188 2156 ΚΥΡ.
1206 2129 1280 2156 Πάνυ
1298 2131 1348 2165 μὲν
1361 2128 1417 2162 οὖν,
1433 2128 1456 2158 ὧ
1473 2131 1616 2164 Παλλάδιε,
1628 2131 1675 2157 καὶ
1690 2130 1719 2158 τὺ
1733 2131 1786 2166 μὲν
1799 2131 1875 2167 χρῆ-

1071 2182 1115 2201 ναι
1132 2175 1252 2211 πληροῦν
1267 2175 1316 2211 τὴν
1333 2177 1373 2208 εἰς
1388 2177 1519 2211 ἀδελφοὺς
1536 2177 1686 2212 ἀγάπησιν,
1700 2176 1739 2209 ὡς
1751 2177 1876 2212 ἥδιστον

1070 2218 1107 2254 τῷ
1118 2218 1188 2253 Θεῷ,
1201 2220 1450 2254 καταφορτίζεσθαι
1465 2221 1493 2246 δὲ
1506 2220 1554 2255 τὴν
1566 2221 1675 2256 ἀγάπην
1690 2221 1729 2256 τῷ
1739 2221 1874 2256 περιττῷ

1071 2264 1117 2290 καὶ
1132 2264 1235 2290 πλείονι
1254 2265 1304 2300 τῆς
1318 2265 1386 2300 πρὸς
1407 2265 1486 2300 ἡμῶν
1499 2256 1705 2301 καταχρήσεως,
1721 2267 1875 2302 οίκονομι-

1072 2309 1129 2342 κῶς
1148 2310 1198 2336 οὑκ
1223 2311 1270 2345 ἑᾷ·
1292 2311 1467 2337 κατασίνεται
1485 2312 1537 2347 γὰρ
1561 2311 1678 2343 εὐκόλως
1702 2313 1750 2338 καὶ
1766 2312 1821 2338 τὸν
1841 2310 1876 2339 εὖ

1073 2355 1208 2390 βεόηκότα
1227 2355 1299 2386 νοῦν,
1323 2355 1375 2383 κᾶν
1395 2357 1419 2382 εἰ
1436 2358 1464 2383 ἐν
1481 2357 1557 2392 καλῷ
1579 2357 1683 2392 γένοιτο
1705 2358 1793 2392 τυχὸν
1817 2358 1876 2393 τῆς

1070 2402 1112 2436 ἐφ’
1127 2402 1180 2436 ὅτῳ
1194 2400 1240 2428 οὖν
1254 2402 1364 2437 ἀρετῆς,
1379 2403 1409 2429 τὸ
1422 2403 1458 2438 μὴ
1469 2404 1586 2439 μετρίως
1596 2403 1680 2438 αὐτῷ,
1698 2404 1876 2439 δυσαντήτῳ

1069 2447 1096 2474 δὲ
1110 2449 1210 2482 μᾶλλον
1221 2449 1391 2483 ὲπιθρῶσκον
1408 2450 1490 2484 ὁρμῇ.

1105 2538 1209 2564 ΙΙΑΔΛ.
1243 2537 1326 2565 Ὅσον
1347 2539 1379 2574 δὴ
1403 2539 1429 2565 τί
1453 2540 1522 2574 φής;
1547 2540 1577 2566 οὐ
1599 2540 1653 2575 γάρ
1674 2545 1717 2566 τοι
1745 2540 1875 2576 συνίημι

1069 2583 1172 2617 σαφῶς.

1104 2629 1187 2656 ΚΥΡ.
1205 2630 1239 2656 Ἣ
1253 2631 1302 2657 οὐκ
1318 2631 1419 2666 ἀρετὴν
1434 2629 1504 2658 εἶναι
1525 2632 1589 2667 φὴς,
1605 2633 1635 2658 τὺ
1657 2631 1746 2668 πρᾶόν
1762 2641 1799 2659 τε
1820 2635 1875 2660 καὶ

1068 2674 1229 2708 ἀνεξίκακον
1239 2684 1246 2708 ;

1103 2721 1206 2747 ΠΑΛΛ.
1225 2721 1287 2753 Πῶς
1301 2722 1353 2758 γὰρ
1373 2723 1420 2754 οὓς

264 2801 285 2816 ³⁹
302 2798 419 2833 Philipp.
440 2806 468 2829 ιι,
482 2798 513 2825 21
528 2807 534 2831 ;
550 2797 571 2824 ll
583 2797 645 2824 Cor.
670 2805 716 2829 χιι,
735 2798 774 2824 H.
815 2798 836 2812 νε
850 2799 857 2806 ⁸
872 2797 881 2824 l
898 2797 962 2829 Cor,
979 2805 1025 2824 xm

1099 2797 1206 2824 ‘Exod.
1228 2806 1292 2828 xxn.
1312 2799 1338 2825 5.

260 2878 296 2912 (ἰ)
314 2877 388 2904 Hanc
401 2876 563 2912 sententiam
575 2875 615 2912 dad
636 2875 710 2912 hunc
727 2875 838 2912 modum
862 2875 944 2912 habet
959 2883 1007 2912 co-

223 2910 274 2940 dex
288 2913 448 2939 Vaticanus.
466 2910 636 2947 ’Λμπελῶνος
655 2910 708 2945 γὰρ
726 2910 809 2944 ἠγουν
826 2910 902 2945 ληΐου
914 2910 1004 2944 τυχὸν,

1063 2875 1107 2917 καὶ
1119 2875 1254 2917 ἀναμέρος
1266 2876 1381 2917 ἑκάστου
1393 2877 1453 2917 τῶν.
1464 2879 1523 2905 καθ’
1537 2879 1609 2914 ἡμᾶς
1624 2881 1784 2916 νοουμένων
1800 2881 1874 2917 μελε

1060 2911 1157 2936 τίστωι
1173 2911 1333 2946 τιμιώτερον
1350 2913 1366 2947 ἡ
1386 2912 1468 2948 ψυχή.
