  <div class='ocr_page' id='page_1' title='image "/cluster/home/n/w/nwhite01/storage/ocr_20150623/68/njp.32101077772711/341.png"; bbox 0 0 1939 3041; ppageno 0'>
   <div class='ocr_carea' id='block_1_1' title="bbox 249 170 302 200">
    <p class='ocr_par' dir='ltr' id='par_1_1' title="bbox 249 170 302 200">
     <span class='ocr_line' id='line_1_1' title="bbox 249 170 302 200; baseline 0 0"><span class='ocrx_word' id='word_1_1' title='bbox 249 170 302 200; x_wconf 70' lang='grc'><strong>359</strong></span> 
     </span>
    </p>
   </div>
   <div class='ocr_carea' id='block_1_2' title="bbox 756 167 1369 197">
    <p class='ocr_par' dir='ltr' id='par_1_2' title="bbox 756 167 1369 197">
     <span class='ocr_line' id='line_1_2' title="bbox 756 167 1369 197; baseline -0.002 0"><span class='ocrx_word' id='word_1_2' title='bbox 756 169 783 197; x_wconf 88' lang='lat' dir='ltr'><strong>S.</strong></span> <span class='ocrx_word' id='word_1_3' title='bbox 804 167 941 197; x_wconf 82' lang='lat' dir='ltr'><strong>CYRILLI</strong></span> <span class='ocrx_word' id='word_1_4' title='bbox 960 168 1193 196; x_wconf 75' lang='lat' dir='ltr'><strong>ALEXANDRINI</strong></span> <span class='ocrx_word' id='word_1_5' title='bbox 1212 169 1369 197; x_wconf 81' lang='lat' dir='ltr'><strong>ARClllEP.</strong></span> 
     </span>
    </p>
   </div>
   <div class='ocr_carea' id='block_1_3' title="bbox 1822 169 1872 198">
    <p class='ocr_par' dir='ltr' id='par_1_3' title="bbox 1822 169 1872 198">
     <span class='ocr_line' id='line_1_3' title="bbox 1822 169 1872 198; baseline 0.04 -2"><span class='ocrx_word' id='word_1_6' title='bbox 1822 169 1872 198; x_wconf 67' lang='lat'><strong>560</strong></span> 
     </span>
    </p>
   </div>
   <div class='ocr_carea' id='block_1_4' title="bbox 247 225 1025 263">
    <p class='ocr_par' dir='ltr' id='par_1_4' title="bbox 247 226 1025 263">
     <span class='ocr_line' id='line_1_4' title="bbox 247 226 1025 263; baseline -0.004 -7"><span class='ocrx_word' id='word_1_7' title='bbox 247 228 386 263; x_wconf 82' lang='lat' dir='ltr'><strong>Scriptum</strong></span> <span class='ocrx_word' id='word_1_8' title='bbox 414 230 456 254; x_wconf 85' lang='lat' dir='ltr'><strong>est</strong></span> <span class='ocrx_word' id='word_1_9' title='bbox 481 226 554 254; x_wconf 89' lang='lat' dir='ltr'><strong>enim</strong></span> <span class='ocrx_word' id='word_1_10' title='bbox 575 226 602 253; x_wconf 92' lang='lat' dir='ltr'><strong>in</strong></span> <span class='ocrx_word' id='word_1_11' title='bbox 619 226 831 254; x_wconf 88' lang='lat' dir='ltr'><strong>Deuteronomio</strong></span> <span class='ocrx_word' id='word_1_12' title='bbox 847 236 852 253; x_wconf 95' lang='lat'>:</span> <span class='ocrx_word' id='word_1_13' title='bbox 870 237 879 252; x_wconf 79' lang='grc' dir='ltr'><strong>ι</strong></span> <span class='ocrx_word' id='word_1_14' title='bbox 899 227 926 254; x_wconf 90' lang='lat' dir='ltr'><strong>Si</strong></span> <span class='ocrx_word' id='word_1_15' title='bbox 940 231 1025 254; x_wconf 85' lang='lat' dir='ltr'><strong>auten</strong></span> 
     </span>
    </p>
   </div>
   <div class='ocr_carea' id='block_1_5' title="bbox 1080 225 1869 263">
    <p class='ocr_par' dir='ltr' id='par_1_5' title="bbox 1083 225 1869 262">
     <span class='ocr_line' id='line_1_5' title="bbox 1083 225 1869 262; baseline 0 -10"><span class='ocrx_word' id='word_1_16' title='bbox 1083 227 1294 262; x_wconf 85' lang='grc' dir='ltr'>Δευτερονομίῳ·</span> <span class='ocrx_word' id='word_1_17' title='bbox 1314 236 1323 252; x_wconf 77' lang='grc' dir='ltr'><strong>ι</strong></span> <span class='ocrx_word' id='word_1_18' title='bbox 1336 225 1398 253; x_wconf 84' lang='grc' dir='ltr'><strong>Ἐὰν</strong></span> <span class='ocrx_word' id='word_1_19' title='bbox 1419 225 1447 251; x_wconf 82' lang='grc' dir='ltr'><strong>δὲ</strong></span> <span class='ocrx_word' id='word_1_20' title='bbox 1467 225 1636 260; x_wconf 75' lang='grc' dir='ltr'>συναντήσῃς</span> <span class='ocrx_word' id='word_1_21' title='bbox 1653 225 1748 260; x_wconf 81' lang='grc' dir='ltr'>νοσσιᾷ</span> <span class='ocrx_word' id='word_1_22' title='bbox 1772 225 1869 260; x_wconf 82' lang='grc' dir='ltr'>ὀρνέων</span> 
     </span>
    </p>
   </div>
   <div class='ocr_carea' id='block_1_6' title="bbox 247 273 1033 308">
    <p class='ocr_par' dir='ltr' id='par_1_6' title="bbox 247 273 1033 308">
     <span class='ocr_line' id='line_1_6' title="bbox 247 273 1033 308; baseline -0.003 -6"><span class='ocrx_word' id='word_1_23' title='bbox 247 274 401 302; x_wconf 86' lang='lat' dir='ltr'><strong>occurreris</strong></span> <span class='ocrx_word' id='word_1_24' title='bbox 419 274 484 301; x_wconf 89' lang='lat' dir='ltr'><strong>nido</strong></span> <span class='ocrx_word' id='word_1_25' title='bbox 499 274 591 300; x_wconf 79' lang='lat' dir='ltr'><strong>avium</strong></span> <span class='ocrx_word' id='word_1_26' title='bbox 619 277 681 301; x_wconf 90' lang='lat' dir='ltr'><strong>ante</strong></span> <span class='ocrx_word' id='word_1_27' title='bbox 704 279 880 308; x_wconf 86' lang='lat' dir='ltr'><strong>conspectum</strong></span> <span class='ocrx_word' id='word_1_28' title='bbox 905 278 980 300; x_wconf 90' lang='lat' dir='ltr'><strong>tuum</strong></span> <span class='ocrx_word' id='word_1_29' title='bbox 1004 273 1033 299; x_wconf 88' lang='lat' dir='ltr'><strong>in</strong></span> 
     </span>
    </p>
   </div>
   <div class='ocr_carea' id='block_1_7' title="bbox 247 317 1032 353">
    <p class='ocr_par' dir='ltr' id='par_1_7' title="bbox 247 317 1032 353">
     <span class='ocr_line' id='line_1_7' title="bbox 247 317 1032 353; baseline -0.004 -7"><span class='ocrx_word' id='word_1_30' title='bbox 247 321 301 352; x_wconf 83' lang='lat' dir='ltr'><strong>via,</strong></span> <span class='ocrx_word' id='word_1_31' title='bbox 321 319 363 352; x_wconf 80' lang='lat' dir='ltr'><strong>vel</strong></span> <span class='ocrx_word' id='word_1_32' title='bbox 383 319 411 346; x_wconf 93' lang='lat' dir='ltr'><strong>in</strong></span> <span class='ocrx_word' id='word_1_33' title='bbox 431 319 505 346; x_wconf 88' lang='lat' dir='ltr'><strong>omni</strong></span> <span class='ocrx_word' id='word_1_34' title='bbox 533 319 643 350; x_wconf 87' lang='lat' dir='ltr'><strong>arbore,</strong></span> <span class='ocrx_word' id='word_1_35' title='bbox 656 319 698 346; x_wconf 97' lang='lat' dir='ltr'><strong>vel</strong></span> <span class='ocrx_word' id='word_1_36' title='bbox 720 326 802 353; x_wconf 83' lang='lat' dir='ltr'><strong>super</strong></span> <span class='ocrx_word' id='word_1_37' title='bbox 817 322 929 350; x_wconf 81' lang='lat' dir='ltr'><strong>terram,</strong></span> <span class='ocrx_word' id='word_1_38' title='bbox 950 317 1032 352; x_wconf 81' lang='lat' dir='ltr'><strong>pullis</strong></span> 
     </span>
    </p>
   </div>
   <div class='ocr_carea' id='block_1_8' title="bbox 246 364 1030 401">
    <p class='ocr_par' dir='ltr' id='par_1_8' title="bbox 246 364 1030 401">
     <span class='ocr_line' id='line_1_8' title="bbox 246 364 1030 401; baseline -0.004 -7"><span class='ocrx_word' id='word_1_39' title='bbox 246 368 289 394; x_wconf 90' lang='lat' dir='ltr'><strong>vel</strong></span> <span class='ocrx_word' id='word_1_40' title='bbox 303 367 372 399; x_wconf 87' lang='lat' dir='ltr'><strong>ovis,</strong></span> <span class='ocrx_word' id='word_1_41' title='bbox 389 371 417 394; x_wconf 91' lang='lat' dir='ltr'><strong>et</strong></span> <span class='ocrx_word' id='word_1_42' title='bbox 427 370 514 394; x_wconf 87' lang='lat' dir='ltr'><strong>mater</strong></span> <span class='ocrx_word' id='word_1_43' title='bbox 530 365 603 394; x_wconf 83' lang='lat' dir='ltr'><strong>fovet</strong></span> <span class='ocrx_word' id='word_1_44' title='bbox 613 374 695 401; x_wconf 86' lang='lat' dir='ltr'><strong>super</strong></span> <span class='ocrx_word' id='word_1_45' title='bbox 703 365 796 401; x_wconf 89' lang='lat' dir='ltr'><strong>pullis,</strong></span> <span class='ocrx_word' id='word_1_46' title='bbox 809 365 852 392; x_wconf 85' lang='lat' dir='ltr'><strong>vel</strong></span> <span class='ocrx_word' id='word_1_47' title='bbox 872 372 954 400; x_wconf 95' lang='lat' dir='ltr'><strong>super</strong></span> <span class='ocrx_word' id='word_1_48' title='bbox 961 364 1030 396; x_wconf 91' lang='lat' dir='ltr'><strong>ovis,</strong></span> 
     </span>
    </p>
   </div>
   <div class='ocr_carea' id='block_1_9' title="bbox 245 409 1030 447">
    <p class='ocr_par' dir='ltr' id='par_1_9' title="bbox 245 409 1030 447">
     <span class='ocr_line' id='line_1_9' title="bbox 245 409 1030 447; baseline -0.004 -7"><span class='ocrx_word' id='word_1_49' title='bbox 245 420 301 440; x_wconf 85' lang='lat' dir='ltr'><strong>non</strong></span> <span class='ocrx_word' id='word_1_50' title='bbox 330 413 448 447; x_wconf 90' lang='lat' dir='ltr'><strong>accipies</strong></span> <span class='ocrx_word' id='word_1_51' title='bbox 467 417 581 440; x_wconf 83' lang='lat' dir='ltr'><strong>matrem</strong></span> <span class='ocrx_word' id='word_1_52' title='bbox 611 419 673 439; x_wconf 88' lang='lat' dir='ltr'><strong>eum</strong></span> <span class='ocrx_word' id='word_1_53' title='bbox 691 411 775 443; x_wconf 83' lang='lat' dir='ltr'><strong>ﬁliis;</strong></span> <span class='ocrx_word' id='word_1_54' title='bbox 803 409 966 438; x_wconf 81' lang='lat' dir='ltr'><strong>dimittenda</strong></span> <span class='ocrx_word' id='word_1_55' title='bbox 987 410 1030 437; x_wconf 92' lang='lat' dir='ltr'><strong>di-</strong></span> 
     </span>
    </p>
   </div>
   <div class='ocr_carea' id='block_1_10' title="bbox 245 456 1030 492">
    <p class='ocr_par' dir='ltr' id='par_1_10' title="bbox 245 456 1030 492">
     <span class='ocr_line' id='line_1_10' title="bbox 245 456 1030 492; baseline -0.003 -7"><span class='ocrx_word' id='word_1_56' title='bbox 245 458 338 486; x_wconf 87' lang='lat' dir='ltr'><strong>mittes</strong></span> <span class='ocrx_word' id='word_1_57' title='bbox 357 463 483 490; x_wconf 86' lang='lat' dir='ltr'><strong>matrem,</strong></span> <span class='ocrx_word' id='word_1_58' title='bbox 503 458 574 486; x_wconf 85' lang='lat' dir='ltr'><strong>filios</strong></span> <span class='ocrx_word' id='word_1_59' title='bbox 588 464 678 486; x_wconf 86' lang='lat' dir='ltr'><strong>autem</strong></span> <span class='ocrx_word' id='word_1_60' title='bbox 700 457 819 492; x_wconf 86' lang='lat' dir='ltr'><strong>accipies</strong></span> <span class='ocrx_word' id='word_1_61' title='bbox 837 456 895 488; x_wconf 88' lang='lat' dir='ltr'><strong>tibi,</strong></span> <span class='ocrx_word' id='word_1_62' title='bbox 916 461 947 484; x_wconf 92' lang='lat' dir='ltr'><strong>ut</strong></span> <span class='ocrx_word' id='word_1_63' title='bbox 961 456 1030 483; x_wconf 87' lang='lat' dir='ltr'><strong>bene</strong></span> 
     </span>
    </p>
   </div>
   <div class='ocr_carea' id='block_1_11' title="bbox 243 503 657 539">
    <p class='ocr_par' dir='ltr' id='par_1_11' title="bbox 243 503 657 539">
     <span class='ocr_line' id='line_1_11' title="bbox 243 503 657 539; baseline -0.005 -7"><span class='ocrx_word' id='word_1_64' title='bbox 243 503 280 532; x_wconf 85' lang='lat' dir='ltr'><strong>sit</strong></span> <span class='ocrx_word' id='word_1_65' title='bbox 293 504 353 537; x_wconf 87' lang='lat' dir='ltr'><strong>tibi,</strong></span> <span class='ocrx_word' id='word_1_66' title='bbox 368 509 396 531; x_wconf 90' lang='lat' dir='ltr'><strong>et</strong></span> <span class='ocrx_word' id='word_1_67' title='bbox 411 504 551 539; x_wconf 79' lang='lat' dir='ltr'><strong>longaevus</strong></span> <span class='ocrx_word' id='word_1_68' title='bbox 563 504 601 532; x_wconf 86' lang='lat' dir='ltr'><strong>sis</strong></span> <span class='ocrx_word' id='word_1_69' title='bbox 612 504 631 530; x_wconf 82' lang='grc'><strong>³.</strong></span> <span class='ocrx_word' id='word_1_70' title='bbox 648 514 657 530; x_wconf 70' lang='grc' dir='ltr'><strong>ι</strong></span> 
     </span>
    </p>
   </div>
   <div class='ocr_carea' id='block_1_12' title="bbox 278 548 1030 584">
    <p class='ocr_par' dir='ltr' id='par_1_12' title="bbox 278 548 1030 584">
     <span class='ocr_line' id='line_1_12' title="bbox 278 548 1030 584; baseline -0.004 -6"><span class='ocrx_word' id='word_1_71' title='bbox 278 550 375 578; x_wconf 83' lang='lat' dir='ltr'><strong>PALL.</strong></span> <span class='ocrx_word' id='word_1_72' title='bbox 388 550 458 584; x_wconf 86' lang='lat' dir='ltr'><strong>Quid</strong></span> <span class='ocrx_word' id='word_1_73' title='bbox 473 550 582 578; x_wconf 83' lang='lat' dir='ltr'><strong>tandem</strong></span> <span class='ocrx_word' id='word_1_74' title='bbox 598 550 669 577; x_wconf 83' lang='lat' dir='ltr'><strong>istud</strong></span> <span class='ocrx_word' id='word_1_75' title='bbox 689 550 752 577; x_wconf 86' lang='lat' dir='ltr'><strong>est?</strong></span> <span class='ocrx_word' id='word_1_76' title='bbox 767 557 856 584; x_wconf 86' lang='lat' dir='ltr'><strong>neque</strong></span> <span class='ocrx_word' id='word_1_77' title='bbox 872 549 947 576; x_wconf 90' lang='lat' dir='ltr'><strong>enim</strong></span> <span class='ocrx_word' id='word_1_78' title='bbox 961 548 1030 576; x_wconf 89' lang='lat' dir='ltr'><strong>mihi</strong></span> 
     </span>
    </p>
   </div>
   <div class='ocr_carea' id='block_1_13' title="bbox 242 596 676 632">
    <p class='ocr_par' dir='ltr' id='par_1_13' title="bbox 242 596 676 632">
     <span class='ocr_line' id='line_1_13' title="bbox 242 596 676 632; baseline -0.005 -8"><span class='ocrx_word' id='word_1_79' title='bbox 242 596 419 632; x_wconf 87' lang='lat' dir='ltr'><strong>perspicuum</strong></span> <span class='ocrx_word' id='word_1_80' title='bbox 434 597 539 624; x_wconf 78' lang='lat' dir='ltr'><strong>esthoc</strong></span> <span class='ocrx_word' id='word_1_81' title='bbox 552 596 676 631; x_wconf 63' lang='lat' dir='ltr'><strong>aenigma.</strong></span> 
     </span>
    </p>
   </div>
   <div class='ocr_carea' id='block_1_14' title="bbox 279 641 1029 677">
    <p class='ocr_par' dir='ltr' id='par_1_14' title="bbox 279 641 1029 677">
     <span class='ocr_line' id='line_1_14' title="bbox 279 641 1029 677; baseline -0.003 -6"><span class='ocrx_word' id='word_1_82' title='bbox 279 643 358 671; x_wconf 83' lang='lat' dir='ltr'><strong>CYR.</strong></span> <span class='ocrx_word' id='word_1_83' title='bbox 373 642 463 676; x_wconf 86' lang='lat' dir='ltr'><strong>Quid?</strong></span> <span class='ocrx_word' id='word_1_84' title='bbox 484 649 576 670; x_wconf 87' lang='lat' dir='ltr'><strong>nonne</strong></span> <span class='ocrx_word' id='word_1_85' title='bbox 593 642 645 670; x_wconf 84' lang='lat' dir='ltr'><strong>hoc</strong></span> <span class='ocrx_word' id='word_1_86' title='bbox 659 647 752 677; x_wconf 89' lang='lat' dir='ltr'><strong>aperte</strong></span> <span class='ocrx_word' id='word_1_87' title='bbox 768 641 918 676; x_wconf 82' lang='lat' dir='ltr'><strong>intelligis?</strong></span> <span class='ocrx_word' id='word_1_88' title='bbox 930 648 1029 676; x_wconf 87' lang='lat' dir='ltr'><strong>nempe</strong></span> 
     </span>
    </p>
   </div>
   <div class='ocr_carea' id='block_1_15' title="bbox 242 687 1026 723">
    <p class='ocr_par' dir='ltr' id='par_1_15' title="bbox 242 687 1026 723">
     <span class='ocr_line' id='line_1_15' title="bbox 242 687 1026 723; baseline -0.004 -7"><span class='ocrx_word' id='word_1_89' title='bbox 242 689 265 716; x_wconf 87' lang='lat' dir='ltr'><strong>si</strong></span> <span class='ocrx_word' id='word_1_90' title='bbox 281 688 343 723; x_wconf 89' lang='lat' dir='ltr'><strong>quis</strong></span> <span class='ocrx_word' id='word_1_91' title='bbox 368 688 472 723; x_wconf 81' lang='lat' dir='ltr'><strong>ceperit</strong></span> <span class='ocrx_word' id='word_1_92' title='bbox 495 687 588 722; x_wconf 88' lang='lat' dir='ltr'><strong>pullis,</strong></span> <span class='ocrx_word' id='word_1_93' title='bbox 605 692 653 715; x_wconf 87' lang='lat' dir='ltr'><strong>aut</strong></span> <span class='ocrx_word' id='word_1_94' title='bbox 670 687 729 715; x_wconf 86' lang='lat' dir='ltr'><strong>ovis</strong></span> <span class='ocrx_word' id='word_1_95' title='bbox 742 687 921 714; x_wconf 89' lang='lat' dir='ltr'><strong>incubantem</strong></span> <span class='ocrx_word' id='word_1_96' title='bbox 938 694 1026 719; x_wconf 85' lang='lat' dir='ltr'><strong>avem,</strong></span> 
     </span>
    </p>
   </div>
   <div class='ocr_carea' id='block_1_16' title="bbox 241 733 1029 761">
    <p class='ocr_par' dir='ltr' id='par_1_16' title="bbox 241 733 1029 761">
     <span class='ocr_line' id='line_1_16' title="bbox 241 733 1029 761; baseline -0.003 0"><span class='ocrx_word' id='word_1_97' title='bbox 241 735 321 761; x_wconf 89' lang='lat' dir='ltr'><strong>liceat</strong></span> <span class='ocrx_word' id='word_1_98' title='bbox 355 733 393 761; x_wconf 89' lang='lat' dir='ltr'><strong>illi</strong></span> <span class='ocrx_word' id='word_1_99' title='bbox 421 733 596 761; x_wconf 88' lang='lat' dir='ltr'><strong>commodum</strong></span> <span class='ocrx_word' id='word_1_100' title='bbox 624 737 652 760; x_wconf 89' lang='lat' dir='ltr'><strong>et</strong></span> <span class='ocrx_word' id='word_1_101' title='bbox 681 734 897 760; x_wconf 82' lang='lat' dir='ltr'><strong>emolumentum</strong></span> <span class='ocrx_word' id='word_1_102' title='bbox 928 740 963 760; x_wconf 82' lang='lat' dir='ltr'><strong>ex</strong></span> <span class='ocrx_word' id='word_1_103' title='bbox 985 733 1029 760; x_wconf 90' lang='lat' dir='ltr'><strong>his</strong></span> 
     </span>
    </p>
   </div>
   <div class='ocr_carea' id='block_1_17' title="bbox 241 777 1026 813">
    <p class='ocr_par' dir='ltr' id='par_1_17' title="bbox 241 777 1026 813">
     <span class='ocr_line' id='line_1_17' title="bbox 241 777 1026 813; baseline -0.001 -8"><span class='ocrx_word' id='word_1_104' title='bbox 241 778 393 813; x_wconf 87' lang='lat' dir='ltr'><strong>percipere,</strong></span> <span class='ocrx_word' id='word_1_105' title='bbox 411 786 473 813; x_wconf 62' lang='lat' dir='ltr'><strong>qua:</strong></span> <span class='ocrx_word' id='word_1_106' title='bbox 503 785 538 804; x_wconf 78' lang='lat' dir='ltr'><strong>ex</strong></span> <span class='ocrx_word' id='word_1_107' title='bbox 568 777 614 804; x_wconf 88' lang='lat' dir='ltr'><strong>illa</strong></span> <span class='ocrx_word' id='word_1_108' title='bbox 630 781 691 804; x_wconf 81' lang='lat' dir='ltr'><strong>orta</strong></span> <span class='ocrx_word' id='word_1_109' title='bbox 712 781 791 810; x_wconf 86' lang='lat' dir='ltr'><strong>sunt;</strong></span> <span class='ocrx_word' id='word_1_110' title='bbox 819 777 894 804; x_wconf 83' lang='lat' dir='ltr'><strong>illam</strong></span> <span class='ocrx_word' id='word_1_111' title='bbox 925 781 1026 810; x_wconf 85' lang='lat' dir='ltr'><strong>tamen,</strong></span> 
     </span>
    </p>
   </div>
   <div class='ocr_carea' id='block_1_18' title="bbox 241 823 745 855">
    <p class='ocr_par' dir='ltr' id='par_1_18' title="bbox 241 823 745 855">
     <span class='ocr_line' id='line_1_18' title="bbox 241 823 745 855; baseline -0.002 -4"><span class='ocrx_word' id='word_1_112' title='bbox 241 825 317 852; x_wconf 89' lang='lat' dir='ltr'><strong>nullo</strong></span> <span class='ocrx_word' id='word_1_113' title='bbox 333 824 432 852; x_wconf 91' lang='lat' dir='ltr'><strong>damno</strong></span> <span class='ocrx_word' id='word_1_114' title='bbox 461 823 597 855; x_wconf 70' lang='lat' dir='ltr'><strong>affectam,</strong></span> <span class='ocrx_word' id='word_1_115' title='bbox 616 823 745 851; x_wconf 82' lang='lat' dir='ltr'><strong>dimittat.</strong></span> 
     </span>
    </p>
   </div>
   <div class='ocr_carea' id='block_1_19' title="bbox 275 869 1028 905">
    <p class='ocr_par' dir='ltr' id='par_1_19' title="bbox 275 869 1028 905">
     <span class='ocr_line' id='line_1_19' title="bbox 275 869 1028 905; baseline -0.001 -7"><span class='ocrx_word' id='word_1_116' title='bbox 275 870 372 898; x_wconf 82' lang='lat' dir='ltr'><strong>PALL.</strong></span> <span class='ocrx_word' id='word_1_117' title='bbox 391 870 429 897; x_wconf 82' lang='lat' dir='ltr'><strong>Ita</strong></span> <span class='ocrx_word' id='word_1_118' title='bbox 451 874 513 898; x_wconf 85' lang='lat' dir='ltr'><strong>est:</strong></span> <span class='ocrx_word' id='word_1_119' title='bbox 528 877 590 896; x_wconf 85' lang='lat' dir='ltr'><strong>nam</strong></span> <span class='ocrx_word' id='word_1_120' title='bbox 612 870 664 897; x_wconf 90' lang='lat' dir='ltr'><strong>hoc</strong></span> <span class='ocrx_word' id='word_1_121' title='bbox 682 873 724 896; x_wconf 87' lang='lat' dir='ltr'><strong>est</strong></span> <span class='ocrx_word' id='word_1_122' title='bbox 741 869 890 905; x_wconf 70' lang='lat' dir='ltr'><strong>Scriptum</strong></span> <span class='ocrx_word' id='word_1_123' title='bbox 905 871 1028 905; x_wconf 89' lang='lat' dir='ltr'><strong>proposi-</strong></span> 
     </span>
    </p>
   </div>
   <div class='ocr_carea' id='block_1_20' title="bbox 242 923 308 944">
    <p class='ocr_par' dir='ltr' id='par_1_20' title="bbox 242 923 308 944">
     <span class='ocr_line' id='line_1_20' title="bbox 242 923 308 944; baseline -0.015 0"><span class='ocrx_word' id='word_1_124' title='bbox 242 923 308 944; x_wconf 88' lang='lat' dir='ltr'><strong>tum.</strong></span> 
     </span>
    </p>
   </div>
   <div class='ocr_carea' id='block_1_21' title="bbox 272 961 1028 997">
    <p class='ocr_par' dir='ltr' id='par_1_21' title="bbox 272 961 1028 997">
     <span class='ocr_line' id='line_1_21' title="bbox 272 961 1028 997; baseline -0.003 -7"><span class='ocrx_word' id='word_1_125' title='bbox 272 963 351 990; x_wconf 75' lang='lat' dir='ltr'><strong>CYR.</strong></span> <span class='ocrx_word' id='word_1_126' title='bbox 385 962 482 997; x_wconf 83' lang='lat' dir='ltr'><strong>Aspice</strong></span> <span class='ocrx_word' id='word_1_127' title='bbox 511 962 594 997; x_wconf 80' lang='lat' dir='ltr'><strong>igitur</strong></span> <span class='ocrx_word' id='word_1_128' title='bbox 621 962 668 993; x_wconf 90' lang='lat' dir='ltr'><strong>id,</strong></span> <span class='ocrx_word' id='word_1_129' title='bbox 699 961 771 996; x_wconf 88' lang='lat' dir='ltr'><strong>quod</strong></span> <span class='ocrx_word' id='word_1_130' title='bbox 789 961 912 988; x_wconf 89' lang='lat' dir='ltr'><strong>abditum</strong></span> <span class='ocrx_word' id='word_1_131' title='bbox 931 966 982 994; x_wconf 89' lang='lat' dir='ltr'><strong>est,</strong></span> <span class='ocrx_word' id='word_1_132' title='bbox 999 965 1028 989; x_wconf 81' lang='lat' dir='ltr'><strong>et</strong></span> 
     </span>
    </p>
   </div>
   <div class='ocr_carea' id='block_1_22' title="bbox 240 1006 1026 1042">
    <p class='ocr_par' dir='ltr' id='par_1_22' title="bbox 240 1006 1026 1042">
     <span class='ocr_line' id='line_1_22' title="bbox 240 1006 1026 1042; baseline -0.003 -7"><span class='ocrx_word' id='word_1_133' title='bbox 240 1008 316 1042; x_wconf 86' lang='lat' dir='ltr'><strong>quasi</strong></span> <span class='ocrx_word' id='word_1_134' title='bbox 328 1008 438 1035; x_wconf 89' lang='lat' dir='ltr'><strong>evoluto</strong></span> <span class='ocrx_word' id='word_1_135' title='bbox 455 1007 559 1034; x_wconf 66' lang='lat' dir='ltr'><strong>umbrm</strong></span> <span class='ocrx_word' id='word_1_136' title='bbox 575 1007 718 1039; x_wconf 82' lang='lat' dir='ltr'><strong>velamine,</strong></span> <span class='ocrx_word' id='word_1_137' title='bbox 735 1006 879 1034; x_wconf 86' lang='lat' dir='ltr'><strong>considera</strong></span> <span class='ocrx_word' id='word_1_138' title='bbox 894 1007 1026 1041; x_wconf 88' lang='lat' dir='ltr'><strong>spiritua—</strong></span> 
     </span>
    </p>
   </div>
   <div class='ocr_carea' id='block_1_23' title="bbox 239 1052 1026 1087">
    <p class='ocr_par' dir='ltr' id='par_1_23' title="bbox 239 1052 1026 1087">
     <span class='ocr_line' id='line_1_23' title="bbox 239 1052 1026 1087; baseline -0.003 -6"><span class='ocrx_word' id='word_1_139' title='bbox 239 1055 303 1081; x_wconf 89' lang='lat' dir='ltr'><strong>liter</strong></span> <span class='ocrx_word' id='word_1_140' title='bbox 318 1054 472 1081; x_wconf 81' lang='lat' dir='ltr'><strong>veritatem.</strong></span> <span class='ocrx_word' id='word_1_141' title='bbox 489 1053 557 1080; x_wconf 82' lang='lat' dir='ltr'><strong>Nam</strong></span> <span class='ocrx_word' id='word_1_142' title='bbox 571 1060 740 1087; x_wconf 84' lang='lat' dir='ltr'><strong>unaquaeque</strong></span> <span class='ocrx_word' id='word_1_143' title='bbox 758 1052 846 1079; x_wconf 86' lang='lat' dir='ltr'><strong>virtus</strong></span> <span class='ocrx_word' id='word_1_144' title='bbox 868 1052 954 1079; x_wconf 90' lang='lat' dir='ltr'><strong>veluti</strong></span> <span class='ocrx_word' id='word_1_145' title='bbox 968 1060 1026 1079; x_wconf 89' lang='lat' dir='ltr'><strong>ma-</strong></span> 
     </span>
    </p>
   </div>
   <div class='ocr_carea' id='block_1_24' title="bbox 241 1098 1027 1134">
    <p class='ocr_par' dir='ltr' id='par_1_24' title="bbox 241 1098 1027 1134">
     <span class='ocr_line' id='line_1_24' title="bbox 241 1098 1027 1134; baseline -0.004 -7"><span class='ocrx_word' id='word_1_146' title='bbox 241 1105 281 1128; x_wconf 88' lang='lat' dir='ltr'><strong>ter</strong></span> <span class='ocrx_word' id='word_1_147' title='bbox 299 1104 379 1127; x_wconf 86' lang='lat' dir='ltr'><strong>estet</strong></span> <span class='ocrx_word' id='word_1_148' title='bbox 397 1099 474 1134; x_wconf 77' lang='lat' dir='ltr'><strong>origo</strong></span> <span class='ocrx_word' id='word_1_149' title='bbox 488 1106 582 1126; x_wconf 87' lang='lat' dir='ltr'><strong>eorum</strong></span> <span class='ocrx_word' id='word_1_150' title='bbox 604 1098 749 1129; x_wconf 86' lang='lat' dir='ltr'><strong>bonorum,</strong></span> <span class='ocrx_word' id='word_1_151' title='bbox 765 1105 825 1132; x_wconf 74' lang='lat' dir='ltr'><strong>qua:</strong></span> <span class='ocrx_word' id='word_1_152' title='bbox 837 1106 871 1125; x_wconf 70' lang='lat' dir='ltr'><strong>ex</strong></span> <span class='ocrx_word' id='word_1_153' title='bbox 888 1098 946 1132; x_wconf 85' lang='lat' dir='ltr'><strong>ipsa</strong></span> <span class='ocrx_word' id='word_1_154' title='bbox 963 1105 1027 1133; x_wconf 88' lang='lat' dir='ltr'><strong>pro-</strong></span> 
     </span>
    </p>
   </div>
   <div class='ocr_carea' id='block_1_25' title="bbox 239 1142 1026 1179">
    <p class='ocr_par' dir='ltr' id='par_1_25' title="bbox 239 1142 1026 1179">
     <span class='ocr_line' id='line_1_25' title="bbox 239 1142 1026 1179; baseline -0.003 -7"><span class='ocrx_word' id='word_1_155' title='bbox 239 1145 413 1176; x_wconf 80' lang='lat' dir='ltr'><strong>ficiscuntur,</strong></span> <span class='ocrx_word' id='word_1_156' title='bbox 438 1144 514 1171; x_wconf 75' lang='lat' dir='ltr'><strong>verbi</strong></span> <span class='ocrx_word' id='word_1_157' title='bbox 538 1143 636 1179; x_wconf 78' lang='lat' dir='ltr'><strong>gratia,</strong></span> <span class='ocrx_word' id='word_1_158' title='bbox 658 1142 831 1178; x_wconf 81' lang='lat' dir='ltr'><strong>benignitas,</strong></span> <span class='ocrx_word' id='word_1_159' title='bbox 859 1143 980 1171; x_wconf 86' lang='lat' dir='ltr'><strong>charitas</strong></span> <span class='ocrx_word' id='word_1_160' title='bbox 996 1143 1026 1170; x_wconf 86' lang='lat' dir='ltr'><strong>in</strong></span> 
     </span>
    </p>
   </div>
   <div class='ocr_carea' id='block_1_26' title="bbox 239 1189 1026 1226">
    <p class='ocr_par' dir='ltr' id='par_1_26' title="bbox 239 1189 1026 1226">
     <span class='ocr_line' id='line_1_26' title="bbox 239 1189 1026 1226; baseline -0.003 -8"><span class='ocrx_word' id='word_1_161' title='bbox 239 1198 384 1226; x_wconf 84' lang='lat' dir='ltr'><strong>pauperes,</strong></span> <span class='ocrx_word' id='word_1_162' title='bbox 400 1189 592 1221; x_wconf 86' lang='lat' dir='ltr'><strong>mansuetudo,</strong></span> <span class='ocrx_word' id='word_1_163' title='bbox 615 1189 756 1224; x_wconf 85' lang='lat' dir='ltr'><strong>patientia.</strong></span> <span class='ocrx_word' id='word_1_164' title='bbox 773 1189 820 1216; x_wconf 85' lang='lat' dir='ltr'><strong>Est</strong></span> <span class='ocrx_word' id='word_1_165' title='bbox 837 1190 909 1216; x_wconf 90' lang='lat' dir='ltr'><strong>enim</strong></span> <span class='ocrx_word' id='word_1_166' title='bbox 927 1198 981 1217; x_wconf 88' lang='lat' dir='ltr'><strong>non</strong></span> <span class='ocrx_word' id='word_1_167' title='bbox 998 1190 1026 1217; x_wconf 94' lang='lat' dir='ltr'><strong>in</strong></span> 
     </span>
    </p>
   </div>
   <div class='ocr_carea' id='block_1_27' title="bbox 239 1233 1027 1270">
    <p class='ocr_par' dir='ltr' id='par_1_27' title="bbox 239 1233 1027 1270">
     <span class='ocr_line' id='line_1_27' title="bbox 239 1233 1027 1270; baseline -0.003 -7"><span class='ocrx_word' id='word_1_168' title='bbox 239 1244 268 1263; x_wconf 82' lang='lat' dir='ltr'><strong>se</strong></span> <span class='ocrx_word' id='word_1_169' title='bbox 284 1235 431 1270; x_wconf 86' lang='lat' dir='ltr'><strong>quisquam</strong></span> <span class='ocrx_word' id='word_1_170' title='bbox 447 1234 531 1269; x_wconf 72' lang='lat' dir='ltr'><strong>magis</strong></span> <span class='ocrx_word' id='word_1_171' title='bbox 548 1233 694 1268; x_wconf 83' lang='lat' dir='ltr'><strong>benignus,</strong></span> <span class='ocrx_word' id='word_1_172' title='bbox 712 1241 794 1268; x_wconf 88' lang='lat' dir='ltr'><strong>quam</strong></span> <span class='ocrx_word' id='word_1_173' title='bbox 809 1233 837 1260; x_wconf 85' lang='lat' dir='ltr'><strong>in</strong></span> <span class='ocrx_word' id='word_1_174' title='bbox 855 1238 977 1267; x_wconf 63' lang='lat' dir='ltr'><strong>caeteros,</strong></span> <span class='ocrx_word' id='word_1_175' title='bbox 998 1239 1027 1261; x_wconf 82' lang='lat' dir='ltr'><strong>et</strong></span> 
     </span>
    </p>
   </div>
   <div class='ocr_carea' id='block_1_28' title="bbox 238 1279 1024 1315">
    <p class='ocr_par' dir='ltr' id='par_1_28' title="bbox 238 1279 1024 1315">
     <span class='ocr_line' id='line_1_28' title="bbox 238 1279 1024 1315; baseline -0.001 -6"><span class='ocrx_word' id='word_1_176' title='bbox 238 1289 271 1309; x_wconf 78' lang='lat' dir='ltr'><strong>ex</strong></span> <span class='ocrx_word' id='word_1_177' title='bbox 282 1281 415 1309; x_wconf 86' lang='lat' dir='ltr'><strong>charitate</strong></span> <span class='ocrx_word' id='word_1_178' title='bbox 435 1287 499 1315; x_wconf 83' lang='lat' dir='ltr'><strong>erga</strong></span> <span class='ocrx_word' id='word_1_179' title='bbox 519 1287 654 1315; x_wconf 87' lang='lat' dir='ltr'><strong>pauperes</strong></span> <span class='ocrx_word' id='word_1_180' title='bbox 675 1279 694 1306; x_wconf 91' lang='lat' dir='ltr'><strong>ii</strong></span> <span class='ocrx_word' id='word_1_181' title='bbox 720 1279 840 1306; x_wconf 88' lang='lat' dir='ltr'><strong>fructum</strong></span> <span class='ocrx_word' id='word_1_182' title='bbox 859 1280 1024 1314; x_wconf 89' lang='lat' dir='ltr'><strong>percipiunt,</strong></span> 
     </span>
    </p>
   </div>
   <div class='ocr_carea' id='block_1_29' title="bbox 237 1325 1026 1363">
    <p class='ocr_par' dir='ltr' id='par_1_29' title="bbox 237 1325 1026 1363">
     <span class='ocr_line' id='line_1_29' title="bbox 237 1325 1026 1363; baseline 0.001 -9"><span class='ocrx_word' id='word_1_183' title='bbox 237 1328 285 1363; x_wconf 87' lang='lat' dir='ltr'><strong>qui</strong></span> <span class='ocrx_word' id='word_1_184' title='bbox 300 1327 432 1362; x_wconf 84' lang='lat' dir='ltr'><strong>indigent,</strong></span> <span class='ocrx_word' id='word_1_185' title='bbox 452 1331 481 1354; x_wconf 88' lang='lat' dir='ltr'><strong>et</strong></span> <span class='ocrx_word' id='word_1_186' title='bbox 501 1327 598 1354; x_wconf 88' lang='lat' dir='ltr'><strong>eodem</strong></span> <span class='ocrx_word' id='word_1_187' title='bbox 617 1325 697 1354; x_wconf 90' lang='lat' dir='ltr'><strong>modo</strong></span> <span class='ocrx_word' id='word_1_188' title='bbox 712 1334 745 1354; x_wconf 71' lang='lat' dir='ltr'><strong>ex</strong></span> <span class='ocrx_word' id='word_1_189' title='bbox 760 1326 972 1355; x_wconf 88' lang='lat' dir='ltr'><strong>mansuetudine</strong></span> <span class='ocrx_word' id='word_1_190' title='bbox 993 1335 1026 1356; x_wconf 90' lang='lat' dir='ltr'><strong>ae</strong></span> 
     </span>
    </p>
   </div>
   <div class='ocr_carea' id='block_1_30' title="bbox 239 1372 1025 1409">
    <p class='ocr_par' dir='ltr' id='par_1_30' title="bbox 239 1372 1025 1409">
     <span class='ocr_line' id='line_1_30' title="bbox 239 1372 1025 1409; baseline -0.001 -8"><span class='ocrx_word' id='word_1_191' title='bbox 239 1374 378 1408; x_wconf 86' lang='lat' dir='ltr'><strong>patientia.</strong></span> <span class='ocrx_word' id='word_1_192' title='bbox 399 1373 572 1407; x_wconf 74' lang='lat' dir='ltr'><strong>Unaquaeque</strong></span> <span class='ocrx_word' id='word_1_193' title='bbox 592 1372 674 1408; x_wconf 78' lang='lat' dir='ltr'><strong>igitur</strong></span> <span class='ocrx_word' id='word_1_194' title='bbox 693 1373 781 1400; x_wconf 86' lang='lat' dir='ltr'><strong>virtus</strong></span> <span class='ocrx_word' id='word_1_195' title='bbox 810 1377 896 1400; x_wconf 87' lang='lat' dir='ltr'><strong>mater</strong></span> <span class='ocrx_word' id='word_1_196' title='bbox 912 1373 1025 1409; x_wconf 80' lang='lat' dir='ltr'><strong>intelligi</strong></span> 
     </span>
    </p>
   </div>
   <div class='ocr_carea' id='block_1_31' title="bbox 239 1418 1025 1454">
    <p class='ocr_par' dir='ltr' id='par_1_31' title="bbox 239 1418 1025 1454">
     <span class='ocr_line' id='line_1_31' title="bbox 239 1418 1025 1454; baseline 0 -8"><span class='ocrx_word' id='word_1_197' title='bbox 239 1423 338 1454; x_wconf 83' lang='lat' dir='ltr'><strong>potest,</strong></span> <span class='ocrx_word' id='word_1_198' title='bbox 351 1424 378 1446; x_wconf 89' lang='lat' dir='ltr'><strong>et</strong></span> <span class='ocrx_word' id='word_1_199' title='bbox 392 1419 469 1454; x_wconf 86' lang='lat' dir='ltr'><strong>quasi</strong></span> <span class='ocrx_word' id='word_1_200' title='bbox 490 1418 599 1445; x_wconf 90' lang='lat' dir='ltr'><strong>initium</strong></span> <span class='ocrx_word' id='word_1_201' title='bbox 615 1426 710 1445; x_wconf 89' lang='lat' dir='ltr'><strong>eorum</strong></span> <span class='ocrx_word' id='word_1_202' title='bbox 725 1418 870 1451; x_wconf 90' lang='lat' dir='ltr'><strong>bonorum,</strong></span> <span class='ocrx_word' id='word_1_203' title='bbox 887 1427 948 1453; x_wconf 63' lang='lat' dir='ltr'><strong>quae</strong></span> <span class='ocrx_word' id='word_1_204' title='bbox 968 1423 1025 1446; x_wconf 90' lang='lat' dir='ltr'><strong>tum</strong></span> 
     </span>
    </p>
   </div>
   <div class='ocr_carea' id='block_1_32' title="bbox 239 1463 1024 1500">
    <p class='ocr_par' dir='ltr' id='par_1_32' title="bbox 239 1463 1024 1500">
     <span class='ocr_line' id='line_1_32' title="bbox 239 1463 1024 1500; baseline 0 -8"><span class='ocrx_word' id='word_1_205' title='bbox 239 1465 289 1500; x_wconf 82' lang='lat' dir='ltr'><strong>ipsi</strong></span> <span class='ocrx_word' id='word_1_206' title='bbox 315 1465 419 1497; x_wconf 84' lang='lat' dir='ltr'><strong>insunt,</strong></span> <span class='ocrx_word' id='word_1_207' title='bbox 440 1469 498 1492; x_wconf 92' lang='lat' dir='ltr'><strong>tum</strong></span> <span class='ocrx_word' id='word_1_208' title='bbox 515 1473 549 1492; x_wconf 82' lang='lat' dir='ltr'><strong>ex</strong></span> <span class='ocrx_word' id='word_1_209' title='bbox 563 1471 594 1491; x_wconf 91' lang='lat' dir='ltr'><strong>ea</strong></span> <span class='ocrx_word' id='word_1_210' title='bbox 610 1463 823 1499; x_wconf 82' lang='lat' dir='ltr'><strong>proficiscuntur</strong></span> <span class='ocrx_word' id='word_1_211' title='bbox 840 1473 845 1490; x_wconf 94' lang='lat'><strong>:</strong></span> <span class='ocrx_word' id='word_1_212' title='bbox 861 1464 918 1491; x_wconf 89' lang='lat' dir='ltr'><strong>nidi</strong></span> <span class='ocrx_word' id='word_1_213' title='bbox 931 1470 1024 1492; x_wconf 88' lang='lat' dir='ltr'><strong>autem</strong></span> 
     </span>
    </p>
   </div>
   <div class='ocr_carea' id='block_1_33' title="bbox 238 1510 1025 1546">
    <p class='ocr_par' dir='ltr' id='par_1_33' title="bbox 238 1510 1025 1546">
     <span class='ocr_line' id='line_1_33' title="bbox 238 1510 1025 1546; baseline 0 -8"><span class='ocrx_word' id='word_1_214' title='bbox 238 1511 440 1546; x_wconf 82' lang='lat' dir='ltr'><strong>quodammodo</strong></span> <span class='ocrx_word' id='word_1_215' title='bbox 455 1510 587 1538; x_wconf 86' lang='lat' dir='ltr'><strong>virtutum</strong></span> <span class='ocrx_word' id='word_1_216' title='bbox 601 1510 699 1537; x_wconf 62' lang='lat' dir='ltr'><strong>anima;</strong></span> <span class='ocrx_word' id='word_1_217' title='bbox 711 1513 785 1542; x_wconf 88' lang='lat' dir='ltr'><strong>sunt,</strong></span> <span class='ocrx_word' id='word_1_218' title='bbox 801 1518 862 1544; x_wconf 70' lang='lat' dir='ltr'><strong>quae</strong></span> <span class='ocrx_word' id='word_1_219' title='bbox 876 1511 936 1538; x_wconf 90' lang='lat' dir='ltr'><strong>illas</strong></span> <span class='ocrx_word' id='word_1_220' title='bbox 950 1518 1025 1538; x_wconf 90' lang='lat' dir='ltr'><strong>com-</strong></span> 
     </span>
    </p>
   </div>
   <div class='ocr_carea' id='block_1_34' title="bbox 239 1556 1059 1597">
    <p class='ocr_par' dir='ltr' id='par_1_34' title="bbox 239 1556 1059 1597">
     <span class='ocr_line' id='line_1_34' title="bbox 239 1556 1059 1597; baseline 0 -13"><span class='ocrx_word' id='word_1_221' title='bbox 239 1557 404 1592; x_wconf 84' lang='lat' dir='ltr'><strong>plectuntur,</strong></span> <span class='ocrx_word' id='word_1_222' title='bbox 425 1560 452 1584; x_wconf 91' lang='lat' dir='ltr'><strong>et</strong></span> <span class='ocrx_word' id='word_1_223' title='bbox 466 1557 536 1584; x_wconf 91' lang='lat' dir='ltr'><strong>intra</strong></span> <span class='ocrx_word' id='word_1_224' title='bbox 552 1556 655 1591; x_wconf 82' lang='lat' dir='ltr'><strong>seipsas</strong></span> <span class='ocrx_word' id='word_1_225' title='bbox 668 1556 811 1583; x_wconf 89' lang='lat' dir='ltr'><strong>continent</strong></span> <span class='ocrx_word' id='word_1_226' title='bbox 834 1565 840 1582; x_wconf 91' lang='lat'>:</span> <span class='ocrx_word' id='word_1_227' title='bbox 857 1564 926 1591; x_wconf 89' lang='lat' dir='ltr'><strong>opus</strong></span> <span class='ocrx_word' id='word_1_228' title='bbox 942 1557 1024 1592; x_wconf 82' lang='lat' dir='ltr'><strong>igitur</strong></span> <span class='ocrx_word' id='word_1_229' title='bbox 1038 1569 1059 1597; x_wconf 72' lang='grc' dir='ltr'><strong>ο</strong></span> 
     </span>
    </p>
   </div>
   <div class='ocr_carea' id='block_1_35' title="bbox 237 1602 1025 1638">
    <p class='ocr_par' dir='ltr' id='par_1_35' title="bbox 237 1602 1025 1638">
     <span class='ocr_line' id='line_1_35' title="bbox 237 1602 1025 1638; baseline 0 -8"><span class='ocrx_word' id='word_1_230' title='bbox 237 1611 297 1631; x_wconf 85' lang='lat' dir='ltr'><strong>esse</strong></span> <span class='ocrx_word' id='word_1_231' title='bbox 321 1604 364 1632; x_wconf 82' lang='lat' dir='ltr'><strong>lex</strong></span> <span class='ocrx_word' id='word_1_232' title='bbox 386 1604 424 1631; x_wconf 90' lang='lat' dir='ltr'><strong>ait</strong></span> <span class='ocrx_word' id='word_1_233' title='bbox 437 1611 496 1636; x_wconf 86' lang='lat' dir='ltr'><strong>eos,</strong></span> <span class='ocrx_word' id='word_1_234' title='bbox 516 1603 563 1638; x_wconf 91' lang='lat' dir='ltr'><strong>qui</strong></span> <span class='ocrx_word' id='word_1_235' title='bbox 584 1604 610 1630; x_wconf 92' lang='lat' dir='ltr'><strong>in</strong></span> <span class='ocrx_word' id='word_1_236' title='bbox 629 1603 755 1630; x_wconf 85' lang='lat' dir='ltr'><strong>homines</strong></span> <span class='ocrx_word' id='word_1_237' title='bbox 772 1602 909 1635; x_wconf 88' lang='lat' dir='ltr'><strong>incidunt,</strong></span> <span class='ocrx_word' id='word_1_238' title='bbox 922 1603 950 1630; x_wconf 92' lang='lat' dir='ltr'><strong>in</strong></span> <span class='ocrx_word' id='word_1_239' title='bbox 961 1604 1025 1638; x_wconf 85' lang='lat' dir='ltr'><strong>qui-</strong></span> 
     </span>
    </p>
   </div>
   <div class='ocr_carea' id='block_1_36' title="bbox 238 1648 1026 1683">
    <p class='ocr_par' dir='ltr' id='par_1_36' title="bbox 238 1648 1026 1683">
     <span class='ocr_line' id='line_1_36' title="bbox 238 1648 1026 1683; baseline -0.001 -5"><span class='ocrx_word' id='word_1_240' title='bbox 238 1650 289 1678; x_wconf 87' lang='lat' dir='ltr'><strong>bus</strong></span> <span class='ocrx_word' id='word_1_241' title='bbox 314 1650 368 1677; x_wconf 82' lang='lat' dir='ltr'><strong>sint</strong></span> <span class='ocrx_word' id='word_1_242' title='bbox 392 1650 506 1677; x_wconf 84' lang='lat' dir='ltr'><strong>virtutes</strong></span> <span class='ocrx_word' id='word_1_243' title='bbox 533 1653 662 1683; x_wconf 89' lang='lat' dir='ltr'><strong>tanquam</strong></span> <span class='ocrx_word' id='word_1_244' title='bbox 693 1648 721 1675; x_wconf 89' lang='lat' dir='ltr'><strong>in</strong></span> <span class='ocrx_word' id='word_1_245' title='bbox 744 1648 811 1676; x_wconf 91' lang='lat' dir='ltr'><strong>nido</strong></span> <span class='ocrx_word' id='word_1_246' title='bbox 829 1649 1026 1682; x_wconf 51' lang='lat' dir='ltr'><strong>collocatae;</strong></span> 
     </span>
    </p>
   </div>
   <div class='ocr_carea' id='block_1_37' title="bbox 238 1694 1024 1730">
    <p class='ocr_par' dir='ltr' id='par_1_37' title="bbox 238 1694 1024 1730">
     <span class='ocr_line' id='line_1_37' title="bbox 238 1694 1024 1730; baseline -0.001 -6"><span class='ocrx_word' id='word_1_247' title='bbox 238 1703 333 1724; x_wconf 90' lang='lat' dir='ltr'><strong>eorum</strong></span> <span class='ocrx_word' id='word_1_248' title='bbox 353 1695 489 1723; x_wconf 88' lang='lat' dir='ltr'><strong>fructibus</strong></span> <span class='ocrx_word' id='word_1_249' title='bbox 506 1695 721 1722; x_wconf 85' lang='lat' dir='ltr'><strong>emolumentum</strong></span> <span class='ocrx_word' id='word_1_250' title='bbox 744 1694 899 1730; x_wconf 89' lang='lat' dir='ltr'><strong>percipere,</strong></span> <span class='ocrx_word' id='word_1_251' title='bbox 916 1703 970 1723; x_wconf 91' lang='lat' dir='ltr'><strong>non</strong></span> <span class='ocrx_word' id='word_1_252' title='bbox 983 1700 1024 1723; x_wconf 88' lang='lat' dir='ltr'><strong>ta-</strong></span> 
     </span>
    </p>
   </div>
   <div class='ocr_carea' id='block_1_38' title="bbox 238 1739 1023 1774">
    <p class='ocr_par' dir='ltr' id='par_1_38' title="bbox 238 1739 1023 1774">
     <span class='ocr_line' id='line_1_38' title="bbox 238 1739 1023 1774; baseline 0 -5"><span class='ocrx_word' id='word_1_253' title='bbox 238 1750 298 1769; x_wconf 87' lang='lat' dir='ltr'><strong>men</strong></span> <span class='ocrx_word' id='word_1_254' title='bbox 324 1742 468 1774; x_wconf 70' lang='lat' dir='ltr'><strong>virtutem,</strong></span> <span class='ocrx_word' id='word_1_255' title='bbox 492 1746 566 1768; x_wconf 89' lang='lat' dir='ltr'><strong>recte</strong></span> <span class='ocrx_word' id='word_1_256' title='bbox 588 1739 722 1768; x_wconf 81' lang='lat' dir='ltr'><strong>factorum</strong></span> <span class='ocrx_word' id='word_1_257' title='bbox 748 1744 874 1773; x_wconf 84' lang='lat' dir='ltr'><strong>matrem,</strong></span> <span class='ocrx_word' id='word_1_258' title='bbox 900 1741 1023 1769; x_wconf 72' lang='lat' dir='ltr'><strong>laedere:</strong></span> 
     </span>
    </p>
   </div>
   <div class='ocr_carea' id='block_1_39' title="bbox 237 1785 1026 1820">
    <p class='ocr_par' dir='ltr' id='par_1_39' title="bbox 237 1785 1026 1820">
     <span class='ocr_line' id='line_1_39' title="bbox 237 1785 1026 1820; baseline 0 -6"><span class='ocrx_word' id='word_1_259' title='bbox 237 1787 354 1815; x_wconf 85' lang='lat' dir='ltr'><strong>violatur</strong></span> <span class='ocrx_word' id='word_1_260' title='bbox 375 1791 466 1814; x_wconf 88' lang='lat' dir='ltr'><strong>autem</strong></span> <span class='ocrx_word' id='word_1_261' title='bbox 483 1787 518 1814; x_wconf 87' lang='lat' dir='ltr'><strong>ab</strong></span> <span class='ocrx_word' id='word_1_262' title='bbox 533 1786 625 1820; x_wconf 87' lang='lat' dir='ltr'><strong>aliquo</strong></span> <span class='ocrx_word' id='word_1_263' title='bbox 641 1785 730 1813; x_wconf 82' lang='lat' dir='ltr'><strong>virtus</strong></span> <span class='ocrx_word' id='word_1_264' title='bbox 746 1794 879 1814; x_wconf 86' lang='lat' dir='ltr'><strong>concussa</strong></span> <span class='ocrx_word' id='word_1_265' title='bbox 896 1787 929 1815; x_wconf 91' lang='lat' dir='ltr'><strong>iis</strong></span> <span class='ocrx_word' id='word_1_266' title='bbox 943 1787 1026 1815; x_wconf 85' lang='lat' dir='ltr'><strong>ratio-</strong></span> 
     </span>
    </p>
   </div>
   <div class='ocr_carea' id='block_1_40' title="bbox 237 1832 654 1868">
    <p class='ocr_par' dir='ltr' id='par_1_40' title="bbox 237 1832 654 1868">
     <span class='ocr_line' id='line_1_40' title="bbox 237 1832 654 1868; baseline 0 -9"><span class='ocrx_word' id='word_1_267' title='bbox 237 1833 327 1865; x_wconf 87' lang='lat' dir='ltr'><strong>nibus,</strong></span> <span class='ocrx_word' id='word_1_268' title='bbox 340 1841 408 1868; x_wconf 90' lang='lat' dir='ltr'><strong>quas</strong></span> <span class='ocrx_word' id='word_1_269' title='bbox 426 1833 507 1860; x_wconf 90' lang='lat' dir='ltr'><strong>modo</strong></span> <span class='ocrx_word' id='word_1_270' title='bbox 524 1832 654 1860; x_wconf 76' lang='lat' dir='ltr'><strong>diximus.</strong></span> 
     </span>
    </p>
   </div>
   <div class='ocr_carea' id='block_1_41' title="bbox 269 1877 1022 1914">
    <p class='ocr_par' dir='ltr' id='par_1_41' title="bbox 269 1877 1022 1914">
     <span class='ocr_line' id='line_1_41' title="bbox 269 1877 1022 1914; baseline 0.003 -10"><span class='ocrx_word' id='word_1_271' title='bbox 269 1878 352 1913; x_wconf 73' lang='lat'><strong>269</strong></span> <span class='ocrx_word' id='word_1_272' title='bbox 364 1877 462 1905; x_wconf 76' lang='lat' dir='ltr'><strong>PALL.</strong></span> <span class='ocrx_word' id='word_1_273' title='bbox 481 1877 661 1904; x_wconf 72' lang='lat' dir='ltr'><strong>lleconditum</strong></span> <span class='ocrx_word' id='word_1_274' title='bbox 677 1882 719 1905; x_wconf 87' lang='lat' dir='ltr'><strong>est</strong></span> <span class='ocrx_word' id='word_1_275' title='bbox 739 1886 804 1906; x_wconf 87' lang='lat' dir='ltr'><strong>sane</strong></span> <span class='ocrx_word' id='word_1_276' title='bbox 826 1879 878 1906; x_wconf 88' lang='lat' dir='ltr'><strong>hoc</strong></span> <span class='ocrx_word' id='word_1_277' title='bbox 898 1879 1022 1914; x_wconf 72' lang='lat' dir='ltr'><strong>aenigma.</strong></span> 
     </span>
    </p>
   </div>
   <div class='ocr_carea' id='block_1_42' title="bbox 270 1923 1025 1958">
    <p class='ocr_par' dir='ltr' id='par_1_42' title="bbox 270 1923 1025 1958">
     <span class='ocr_line' id='line_1_42' title="bbox 270 1923 1025 1958; baseline 0.003 -8"><span class='ocrx_word' id='word_1_278' title='bbox 270 1924 347 1951; x_wconf 76' lang='lat' dir='ltr'><strong>CYR.</strong></span> <span class='ocrx_word' id='word_1_279' title='bbox 360 1924 398 1951; x_wconf 92' lang='lat' dir='ltr'><strong>lta</strong></span> <span class='ocrx_word' id='word_1_280' title='bbox 411 1927 463 1956; x_wconf 86' lang='lat' dir='ltr'><strong>est,</strong></span> <span class='ocrx_word' id='word_1_281' title='bbox 477 1928 550 1950; x_wconf 85' lang='lat' dir='ltr'><strong>recte</strong></span> <span class='ocrx_word' id='word_1_282' title='bbox 562 1923 641 1950; x_wconf 85' lang='lat' dir='ltr'><strong>dicis.</strong></span> <span class='ocrx_word' id='word_1_283' title='bbox 656 1923 719 1956; x_wconf 88' lang='lat' dir='ltr'><strong>Sed,</strong></span> <span class='ocrx_word' id='word_1_284' title='bbox 732 1928 762 1951; x_wconf 93' lang='lat' dir='ltr'><strong>ut</strong></span> <span class='ocrx_word' id='word_1_285' title='bbox 775 1924 877 1958; x_wconf 89' lang='lat' dir='ltr'><strong>aliquid</strong></span> <span class='ocrx_word' id='word_1_286' title='bbox 901 1925 1025 1952; x_wconf 86' lang='lat' dir='ltr'><strong>dicamus</strong></span> 
     </span>
    </p>
   </div>
   <div class='ocr_carea' id='block_1_43' title="bbox 238 1967 1024 2003">
    <p class='ocr_par' dir='ltr' id='par_1_43' title="bbox 238 1967 1024 2003">
     <span class='ocr_line' id='line_1_43' title="bbox 238 1967 1024 2003; baseline 0 -7"><span class='ocrx_word' id='word_1_287' title='bbox 238 1968 308 1996; x_wconf 86' lang='lat' dir='ltr'><strong>beati</strong></span> <span class='ocrx_word' id='word_1_288' title='bbox 324 1968 400 1995; x_wconf 86' lang='lat' dir='ltr'><strong>Pauli</strong></span> <span class='ocrx_word' id='word_1_289' title='bbox 413 1967 527 1995; x_wconf 88' lang='lat' dir='ltr'><strong>vocibus</strong></span> <span class='ocrx_word' id='word_1_290' title='bbox 542 1968 680 2002; x_wconf 89' lang='lat' dir='ltr'><strong>persimile</strong></span> <span class='ocrx_word' id='word_1_291' title='bbox 694 1978 700 1994; x_wconf 92' lang='lat'><strong>:</strong></span> <span class='ocrx_word' id='word_1_292' title='bbox 719 1978 727 1993; x_wconf 73' lang='grc' dir='ltr'><strong>ι</strong></span> <span class='ocrx_word' id='word_1_293' title='bbox 744 1968 872 2003; x_wconf 76' lang='lat' dir='ltr'><strong>Nunquid</strong></span> <span class='ocrx_word' id='word_1_294' title='bbox 886 1969 919 1996; x_wconf 87' lang='lat' dir='ltr'><strong>de</strong></span> <span class='ocrx_word' id='word_1_295' title='bbox 933 1970 1024 1997; x_wconf 88' lang='lat' dir='ltr'><strong>avicu-</strong></span> 
     </span>
    </p>
   </div>
   <div class='ocr_carea' id='block_1_44' title="bbox 237 2013 1020 2049">
    <p class='ocr_par' dir='ltr' id='par_1_44' title="bbox 237 2013 1020 2049">
     <span class='ocr_line' id='line_1_44' title="bbox 237 2013 1020 2049; baseline 0.001 -8"><span class='ocrx_word' id='word_1_296' title='bbox 237 2014 270 2041; x_wconf 74' lang='lat' dir='ltr'><strong>lis</strong></span> <span class='ocrx_word' id='word_1_297' title='bbox 282 2021 348 2041; x_wconf 89' lang='lat' dir='ltr'><strong>cura</strong></span> <span class='ocrx_word' id='word_1_298' title='bbox 364 2018 406 2040; x_wconf 82' lang='lat' dir='ltr'><strong>est</strong></span> <span class='ocrx_word' id='word_1_299' title='bbox 423 2013 497 2041; x_wconf 84' lang='lat' dir='ltr'><strong>Deo?</strong></span> <span class='ocrx_word' id='word_1_300' title='bbox 515 2021 549 2040; x_wconf 90' lang='lat' dir='ltr'><strong>an</strong></span> <span class='ocrx_word' id='word_1_301' title='bbox 569 2018 681 2048; x_wconf 88' lang='lat' dir='ltr'><strong>propter</strong></span> <span class='ocrx_word' id='word_1_302' title='bbox 701 2022 751 2041; x_wconf 87' lang='lat' dir='ltr'><strong>nos</strong></span> <span class='ocrx_word' id='word_1_303' title='bbox 774 2015 868 2049; x_wconf 88' lang='lat' dir='ltr'><strong>utique</strong></span> <span class='ocrx_word' id='word_1_304' title='bbox 888 2015 955 2042; x_wconf 89' lang='lat' dir='ltr'><strong>dicit</strong></span> <span class='ocrx_word' id='word_1_305' title='bbox 974 2015 1020 2042; x_wconf 67' lang='lat' dir='ltr'><strong>“In</strong></span> 
     </span>
    </p>
   </div>
   <div class='ocr_carea' id='block_1_45' title="bbox 237 2059 1025 2095">
    <p class='ocr_par' dir='ltr' id='par_1_45' title="bbox 237 2059 1025 2095">
     <span class='ocr_line' id='line_1_45' title="bbox 237 2059 1025 2095; baseline 0.001 -8"><span class='ocrx_word' id='word_1_306' title='bbox 237 2059 354 2087; x_wconf 81' lang='lat' dir='ltr'><strong>Mandati</strong></span> <span class='ocrx_word' id='word_1_307' title='bbox 373 2068 490 2095; x_wconf 90' lang='lat' dir='ltr'><strong>namque</strong></span> <span class='ocrx_word' id='word_1_308' title='bbox 502 2068 550 2095; x_wconf 93' lang='lat' dir='ltr'><strong>per</strong></span> <span class='ocrx_word' id='word_1_309' title='bbox 565 2060 674 2095; x_wconf 79' lang='lat' dir='ltr'><strong>Moysen</strong></span> <span class='ocrx_word' id='word_1_310' title='bbox 687 2060 744 2087; x_wconf 91' lang='lat' dir='ltr'><strong>dati</strong></span> <span class='ocrx_word' id='word_1_311' title='bbox 757 2060 849 2092; x_wconf 86' lang='lat' dir='ltr'><strong>verba,</strong></span> <span class='ocrx_word' id='word_1_312' title='bbox 862 2060 964 2089; x_wconf 80' lang='lat' dir='ltr'><strong>formas</strong></span> <span class='ocrx_word' id='word_1_313' title='bbox 976 2069 1025 2089; x_wconf 90' lang='lat' dir='ltr'><strong>no-</strong></span> 
     </span>
    </p>
   </div>
   <div class='ocr_carea' id='block_1_46' title="bbox 237 2105 1023 2141">
    <p class='ocr_par' dir='ltr' id='par_1_46' title="bbox 237 2105 1023 2141">
     <span class='ocr_line' id='line_1_46' title="bbox 237 2105 1023 2141; baseline 0.003 -10"><span class='ocrx_word' id='word_1_314' title='bbox 237 2105 280 2132; x_wconf 86' lang='lat' dir='ltr'><strong>bis</strong></span> <span class='ocrx_word' id='word_1_315' title='bbox 293 2113 395 2136; x_wconf 88' lang='lat' dir='ltr'><strong>rerum,</strong></span> <span class='ocrx_word' id='word_1_316' title='bbox 408 2113 462 2132; x_wconf 89' lang='lat' dir='ltr'><strong>non</strong></span> <span class='ocrx_word' id='word_1_317' title='bbox 483 2105 555 2139; x_wconf 89' lang='lat' dir='ltr'><strong>ipsas</strong></span> <span class='ocrx_word' id='word_1_318' title='bbox 572 2109 665 2140; x_wconf 86' lang='lat' dir='ltr'><strong>aperte</strong></span> <span class='ocrx_word' id='word_1_319' title='bbox 685 2112 729 2132; x_wconf 87' lang='lat' dir='ltr'><strong>res</strong></span> <span class='ocrx_word' id='word_1_320' title='bbox 749 2110 898 2140; x_wconf 80' lang='lat' dir='ltr'><strong>exponunt.</strong></span> <span class='ocrx_word' id='word_1_321' title='bbox 914 2106 1023 2141; x_wconf 86' lang='lat' dir='ltr'><strong>Perspi-</strong></span> 
     </span>
    </p>
   </div>
   <div class='ocr_carea' id='block_1_47' title="bbox 236 2150 1024 2186">
    <p class='ocr_par' dir='ltr' id='par_1_47' title="bbox 236 2150 1024 2186">
     <span class='ocr_line' id='line_1_47' title="bbox 236 2150 1024 2186; baseline 0.003 -9"><span class='ocrx_word' id='word_1_322' title='bbox 236 2158 298 2178; x_wconf 88' lang='lat' dir='ltr'><strong>cere</strong></span> <span class='ocrx_word' id='word_1_323' title='bbox 318 2154 409 2178; x_wconf 86' lang='lat' dir='ltr'><strong>autem</strong></span> <span class='ocrx_word' id='word_1_324' title='bbox 430 2150 509 2178; x_wconf 81' lang='lat' dir='ltr'><strong>facile</strong></span> <span class='ocrx_word' id='word_1_325' title='bbox 524 2155 612 2186; x_wconf 84' lang='lat' dir='ltr'><strong>potes,</strong></span> <span class='ocrx_word' id='word_1_326' title='bbox 635 2151 866 2185; x_wconf 88' lang='lat' dir='ltr'><strong>quemadmodum</strong></span> <span class='ocrx_word' id='word_1_327' title='bbox 886 2151 969 2178; x_wconf 89' lang='lat' dir='ltr'><strong>etiam</strong></span> <span class='ocrx_word' id='word_1_328' title='bbox 989 2152 1024 2180; x_wconf 87' lang='lat' dir='ltr'><strong>ad</strong></span> 
     </span>
    </p>
   </div>
   <div class='ocr_carea' id='block_1_48' title="bbox 236 2196 1023 2231">
    <p class='ocr_par' dir='ltr' id='par_1_48' title="bbox 236 2196 1023 2231">
     <span class='ocr_line' id='line_1_48' title="bbox 236 2196 1023 2231; baseline 0.005 -9"><span class='ocrx_word' id='word_1_329' title='bbox 236 2203 348 2223; x_wconf 68' lang='lat' dir='ltr'><strong>summae</strong></span> <span class='ocrx_word' id='word_1_330' title='bbox 361 2196 433 2223; x_wconf 88' lang='lat' dir='ltr'><strong>illius</strong></span> <span class='ocrx_word' id='word_1_331' title='bbox 446 2196 644 2224; x_wconf 70' lang='lat' dir='ltr'><strong>benevolentire</strong></span> <span class='ocrx_word' id='word_1_332' title='bbox 661 2204 752 2223; x_wconf 88' lang='lat' dir='ltr'><strong>mores</strong></span> <span class='ocrx_word' id='word_1_333' title='bbox 768 2204 818 2223; x_wconf 90' lang='lat' dir='ltr'><strong>nos</strong></span> <span class='ocrx_word' id='word_1_334' title='bbox 832 2197 962 2231; x_wconf 87' lang='lat' dir='ltr'><strong>paulatim</strong></span> <span class='ocrx_word' id='word_1_335' title='bbox 975 2198 1023 2226; x_wconf 87' lang='lat' dir='ltr'><strong>de-</strong></span> 
     </span>
    </p>
   </div>
   <div class='ocr_carea' id='block_1_49' title="bbox 1085 272 1869 309">
    <p class='ocr_par' dir='ltr' id='par_1_49' title="bbox 1085 272 1869 309">
     <span class='ocr_line' id='line_1_49' title="bbox 1085 272 1869 309; baseline -0.004 -9"><span class='ocrx_word' id='word_1_336' title='bbox 1085 274 1138 308; x_wconf 85' lang='grc' dir='ltr'>πρὸ</span> <span class='ocrx_word' id='word_1_337' title='bbox 1153 274 1298 309; x_wconf 85' lang='grc' dir='ltr'><strong>προσώπου</strong></span> <span class='ocrx_word' id='word_1_338' title='bbox 1317 281 1363 299; x_wconf 84' lang='grc' dir='ltr'><strong>σου</strong></span> <span class='ocrx_word' id='word_1_339' title='bbox 1377 274 1406 299; x_wconf 81' lang='grc' dir='ltr'>ἐν</span> <span class='ocrx_word' id='word_1_340' title='bbox 1416 274 1447 308; x_wconf 85' lang='grc' dir='ltr'>τῇ</span> <span class='ocrx_word' id='word_1_341' title='bbox 1468 272 1528 307; x_wconf 81' lang='grc' dir='ltr'>ὀδῷ,</span> <span class='ocrx_word' id='word_1_342' title='bbox 1557 272 1574 308; x_wconf 83' lang='grc' dir='ltr'>ἢ</span> <span class='ocrx_word' id='word_1_343' title='bbox 1590 272 1636 298; x_wconf 76' lang='grc' dir='ltr'>ἐπὶ</span> <span class='ocrx_word' id='word_1_344' title='bbox 1664 273 1747 299; x_wconf 77' lang='grc' dir='ltr'>παντὶ</span> <span class='ocrx_word' id='word_1_345' title='bbox 1762 272 1869 307; x_wconf 80' lang='grc' dir='ltr'><strong>δένδρῳ,</strong></span> 
     </span>
    </p>
   </div>
   <div class='ocr_carea' id='block_1_50' title="bbox 1084 318 1869 355">
    <p class='ocr_par' dir='ltr' id='par_1_50' title="bbox 1084 318 1869 355">
     <span class='ocr_line' id='line_1_50' title="bbox 1084 318 1869 355; baseline -0.001 -10"><span class='ocrx_word' id='word_1_346' title='bbox 1084 319 1100 355; x_wconf 82' lang='grc' dir='ltr'>ἧ</span> <span class='ocrx_word' id='word_1_347' title='bbox 1119 320 1165 345; x_wconf 76' lang='grc' dir='ltr'><strong>ἐπὶ</strong></span> <span class='ocrx_word' id='word_1_348' title='bbox 1177 320 1226 355; x_wconf 84' lang='grc' dir='ltr'>τῆς</span> <span class='ocrx_word' id='word_1_349' title='bbox 1241 319 1301 354; x_wconf 80' lang='grc' dir='ltr'>γῆς,</span> <span class='ocrx_word' id='word_1_350' title='bbox 1314 320 1445 350; x_wconf 84' lang='grc' dir='ltr'><strong>νεοσσοῖς,</strong></span> <span class='ocrx_word' id='word_1_351' title='bbox 1459 319 1477 354; x_wconf 83' lang='grc' dir='ltr'>ἢ</span> <span class='ocrx_word' id='word_1_352' title='bbox 1493 318 1566 350; x_wconf 80' lang='grc' dir='ltr'>ὼοῖς,</span> <span class='ocrx_word' id='word_1_353' title='bbox 1578 318 1625 345; x_wconf 78' lang='grc' dir='ltr'><strong>καὶ</strong></span> <span class='ocrx_word' id='word_1_354' title='bbox 1641 319 1657 353; x_wconf 91' lang='grc' dir='ltr'><strong>ἡ</strong></span> <span class='ocrx_word' id='word_1_355' title='bbox 1670 319 1762 354; x_wconf 82' lang='grc' dir='ltr'><strong>μήτηρ</strong></span> <span class='ocrx_word' id='word_1_356' title='bbox 1782 318 1869 353; x_wconf 78' lang='grc' dir='ltr'>θάλπῃ</span> 
     </span>
    </p>
   </div>
   <div class='ocr_carea' id='block_1_51' title="bbox 1084 364 1870 400">
    <p class='ocr_par' dir='ltr' id='par_1_51' title="bbox 1084 364 1870 400">
     <span class='ocr_line' id='line_1_51' title="bbox 1084 364 1870 400; baseline -0.003 -8"><span class='ocrx_word' id='word_1_357' title='bbox 1084 366 1130 391; x_wconf 76' lang='grc' dir='ltr'>ἐπὶ</span> <span class='ocrx_word' id='word_1_358' title='bbox 1144 365 1198 392; x_wconf 82' lang='grc' dir='ltr'><strong>τῶν</strong></span> <span class='ocrx_word' id='word_1_359' title='bbox 1213 365 1343 399; x_wconf 85' lang='grc' dir='ltr'><strong>νεοσσῶν,</strong></span> <span class='ocrx_word' id='word_1_360' title='bbox 1360 366 1376 400; x_wconf 83' lang='grc' dir='ltr'>ἢ</span> <span class='ocrx_word' id='word_1_361' title='bbox 1395 365 1441 391; x_wconf 78' lang='grc' dir='ltr'><strong>ἐπὶ</strong></span> <span class='ocrx_word' id='word_1_362' title='bbox 1459 364 1514 391; x_wconf 86' lang='grc' dir='ltr'><strong>τῶν</strong></span> <span class='ocrx_word' id='word_1_363' title='bbox 1529 365 1601 396; x_wconf 81' lang='grc' dir='ltr'>ὠῶν,</span> <span class='ocrx_word' id='word_1_364' title='bbox 1618 365 1648 391; x_wconf 81' lang='grc' dir='ltr'><strong>οὐ</strong></span> <span class='ocrx_word' id='word_1_365' title='bbox 1665 364 1737 400; x_wconf 70' lang='grc' dir='ltr'><strong>λήψῃ</strong></span> <span class='ocrx_word' id='word_1_366' title='bbox 1752 364 1802 400; x_wconf 75' lang='grc' dir='ltr'>τὴν</span> <span class='ocrx_word' id='word_1_367' title='bbox 1826 373 1870 399; x_wconf 77' lang='grc' dir='ltr'><strong>μη-</strong></span> 
     </span>
    </p>
   </div>
   <div class='ocr_carea' id='block_1_52' title="bbox 1083 409 1870 446">
    <p class='ocr_par' dir='ltr' id='par_1_52' title="bbox 1083 409 1870 446">
     <span class='ocr_line' id='line_1_52' title="bbox 1083 409 1870 446; baseline -0.003 -9"><span class='ocrx_word' id='word_1_368' title='bbox 1083 410 1149 446; x_wconf 81' lang='grc' dir='ltr'>τέρα</span> <span class='ocrx_word' id='word_1_369' title='bbox 1166 411 1234 446; x_wconf 84' lang='grc' dir='ltr'>μετὰ</span> <span class='ocrx_word' id='word_1_370' title='bbox 1260 410 1314 437; x_wconf 87' lang='grc' dir='ltr'><strong>τῶν</strong></span> <span class='ocrx_word' id='word_1_371' title='bbox 1335 410 1446 437; x_wconf 81' lang='grc' dir='ltr'>τέκνων.</span> <span class='ocrx_word' id='word_1_372' title='bbox 1470 409 1616 445; x_wconf 81' lang='grc' dir='ltr'>Ἀποστολῇ</span> <span class='ocrx_word' id='word_1_373' title='bbox 1636 409 1796 441; x_wconf 82' lang='grc' dir='ltr'><strong>ἀποστελεῖς</strong></span> <span class='ocrx_word' id='word_1_374' title='bbox 1824 409 1870 444; x_wconf 62' lang='grc' dir='ltr'>τὴν</span> 
     </span>
    </p>
   </div>
   <div class='ocr_carea' id='block_1_53' title="bbox 1084 453 1870 492">
    <p class='ocr_par' dir='ltr' id='par_1_53' title="bbox 1084 453 1870 492">
     <span class='ocr_line' id='line_1_53' title="bbox 1084 453 1870 492; baseline -0.001 -10"><span class='ocrx_word' id='word_1_375' title='bbox 1084 456 1200 492; x_wconf 83' lang='grc' dir='ltr'>μητέρα,</span> <span class='ocrx_word' id='word_1_376' title='bbox 1215 456 1248 483; x_wconf 77' lang='grc' dir='ltr'><strong>τὰ</strong></span> <span class='ocrx_word' id='word_1_377' title='bbox 1259 456 1287 483; x_wconf 83' lang='grc' dir='ltr'><strong>δὲ</strong></span> <span class='ocrx_word' id='word_1_378' title='bbox 1300 456 1393 483; x_wconf 81' lang='grc' dir='ltr'>παιδία</span> <span class='ocrx_word' id='word_1_379' title='bbox 1411 455 1483 492; x_wconf 72' lang='grc' dir='ltr'><strong>λήψῃ</strong></span> <span class='ocrx_word' id='word_1_380' title='bbox 1500 455 1616 491; x_wconf 84' lang='grc' dir='ltr'><strong>σεαυτῷ,</strong></span> <span class='ocrx_word' id='word_1_381' title='bbox 1635 456 1678 482; x_wconf 81' lang='grc' dir='ltr'>ἵνα</span> <span class='ocrx_word' id='word_1_382' title='bbox 1692 453 1722 483; x_wconf 78' lang='grc' dir='ltr'>εὖ</span> <span class='ocrx_word' id='word_1_383' title='bbox 1735 464 1778 482; x_wconf 87' lang='grc' dir='ltr'><strong>σοι</strong></span> <span class='ocrx_word' id='word_1_384' title='bbox 1795 456 1870 491; x_wconf 74' lang='grc' dir='ltr'>γένη-</span> 
     </span>
    </p>
   </div>
   <div class='ocr_carea' id='block_1_54' title="bbox 1081 502 1482 538">
    <p class='ocr_par' dir='ltr' id='par_1_54' title="bbox 1081 502 1482 538">
     <span class='ocr_line' id='line_1_54' title="bbox 1081 502 1482 538; baseline -0.005 -8"><span class='ocrx_word' id='word_1_385' title='bbox 1081 511 1137 534; x_wconf 83' lang='grc' dir='ltr'>ται,</span> <span class='ocrx_word' id='word_1_386' title='bbox 1152 504 1199 530; x_wconf 79' lang='grc' dir='ltr'>καὶ</span> <span class='ocrx_word' id='word_1_387' title='bbox 1210 503 1383 538; x_wconf 75' lang='grc' dir='ltr'><strong>πολυήμερος</strong></span> <span class='ocrx_word' id='word_1_388' title='bbox 1393 502 1452 538; x_wconf 73' lang='grc' dir='ltr'>ἔσῃ.</span> <span class='ocrx_word' id='word_1_389' title='bbox 1472 512 1482 528; x_wconf 68' lang='grc' dir='ltr'><strong>ι</strong></span> 
     </span>
    </p>
   </div>
   <div class='ocr_carea' id='block_1_55' title="bbox 1118 547 1870 584">
    <p class='ocr_par' dir='ltr' id='par_1_55' title="bbox 1118 547 1870 584">
     <span class='ocr_line' id='line_1_55' title="bbox 1118 547 1870 584; baseline -0.003 -8"><span class='ocrx_word' id='word_1_390' title='bbox 1118 549 1221 577; x_wconf 76' lang='grc' dir='ltr'><strong>ΠΑΛΛ.</strong></span> <span class='ocrx_word' id='word_1_391' title='bbox 1238 549 1293 576; x_wconf 80' lang='grc' dir='ltr'><strong>Καὶ</strong></span> <span class='ocrx_word' id='word_1_392' title='bbox 1305 548 1330 575; x_wconf 90' lang='grc' dir='ltr'><strong>τί</strong></span> <span class='ocrx_word' id='word_1_393' title='bbox 1348 548 1380 584; x_wconf 87' lang='grc' dir='ltr'><strong>δὴ</strong></span> <span class='ocrx_word' id='word_1_394' title='bbox 1394 548 1473 575; x_wconf 81' lang='grc' dir='ltr'><strong>τοῦτὸ</strong></span> <span class='ocrx_word' id='word_1_395' title='bbox 1487 549 1579 580; x_wconf 63' lang='lat' dir='ltr'><strong>tactv;</strong></span> <span class='ocrx_word' id='word_1_396' title='bbox 1599 547 1629 574; x_wconf 88' lang='grc' dir='ltr'><strong>οὺ</strong></span> <span class='ocrx_word' id='word_1_397' title='bbox 1648 547 1702 583; x_wconf 86' lang='grc' dir='ltr'>γάρ</span> <span class='ocrx_word' id='word_1_398' title='bbox 1720 557 1766 584; x_wconf 90' lang='grc' dir='ltr'><strong>μοι</strong></span> <span class='ocrx_word' id='word_1_399' title='bbox 1786 547 1870 582; x_wconf 75' lang='grc' dir='ltr'>σαφὲς</span> 
     </span>
    </p>
   </div>
   <div class='ocr_carea' id='block_1_56' title="bbox 1080 595 1243 630">
    <p class='ocr_par' dir='ltr' id='par_1_56' title="bbox 1080 595 1243 630">
     <span class='ocr_line' id='line_1_56' title="bbox 1080 595 1243 630; baseline -0.006 -8"><span class='ocrx_word' id='word_1_400' title='bbox 1080 595 1110 622; x_wconf 81' lang='grc' dir='ltr'>τὸ</span> <span class='ocrx_word' id='word_1_401' title='bbox 1120 595 1243 630; x_wconf 69' lang='grc' dir='ltr'>αἴνιγμα.</span> 
     </span>
    </p>
   </div>
   <div class='ocr_carea' id='block_1_57' title="bbox 1115 639 1870 676">
    <p class='ocr_par' dir='ltr' id='par_1_57' title="bbox 1115 639 1870 676">
     <span class='ocr_line' id='line_1_57' title="bbox 1115 639 1870 676; baseline -0.003 -8"><span class='ocrx_word' id='word_1_402' title='bbox 1115 641 1197 669; x_wconf 83' lang='grc' dir='ltr'><strong>ΚΥΡ.</strong></span> <span class='ocrx_word' id='word_1_403' title='bbox 1213 641 1247 667; x_wconf 85' lang='grc' dir='ltr'><strong>Ἢ</strong></span> <span class='ocrx_word' id='word_1_404' title='bbox 1264 641 1313 667; x_wconf 72' lang='grc' dir='ltr'>οὐκ</span> <span class='ocrx_word' id='word_1_405' title='bbox 1331 639 1455 676; x_wconf 76' lang='grc' dir='ltr'><strong>ἐναργῶς</strong></span> <span class='ocrx_word' id='word_1_406' title='bbox 1467 640 1590 672; x_wconf 84' lang='grc' dir='ltr'>ὲπαῖεις;</span> <span class='ocrx_word' id='word_1_407' title='bbox 1607 639 1644 671; x_wconf 74' lang='grc' dir='ltr'><strong>ὡς</strong></span> <span class='ocrx_word' id='word_1_408' title='bbox 1661 639 1741 676; x_wconf 77' lang='grc' dir='ltr'>εἴπερ</span> <span class='ocrx_word' id='word_1_409' title='bbox 1755 649 1798 671; x_wconf 83' lang='grc' dir='ltr'><strong>τις</strong></span> <span class='ocrx_word' id='word_1_410' title='bbox 1816 639 1870 666; x_wconf 80' lang='grc' dir='ltr'>’ἐλοι</span> 
     </span>
    </p>
   </div>
   <div class='ocr_carea' id='block_1_58' title="bbox 1080 685 1868 722">
    <p class='ocr_par' dir='ltr' id='par_1_58' title="bbox 1080 685 1868 722">
     <span class='ocr_line' id='line_1_58' title="bbox 1080 685 1868 722; baseline -0.004 -8"><span class='ocrx_word' id='word_1_411' title='bbox 1080 686 1272 714; x_wconf 74' lang='grc' dir='ltr'>νεοττεύουσαν</span> <span class='ocrx_word' id='word_1_412' title='bbox 1296 686 1335 713; x_wconf 78' lang='grc' dir='ltr'>ἔτι</span> <span class='ocrx_word' id='word_1_413' title='bbox 1362 686 1411 722; x_wconf 81' lang='grc' dir='ltr'>τὴν</span> <span class='ocrx_word' id='word_1_414' title='bbox 1442 685 1526 722; x_wconf 81' lang='grc' dir='ltr'>ὄρνιν,</span> <span class='ocrx_word' id='word_1_415' title='bbox 1556 685 1641 721; x_wconf 75' lang='grc' dir='ltr'>ἧγουν</span> <span class='ocrx_word' id='word_1_416' title='bbox 1673 686 1868 718; x_wconf 76' lang='grc' dir='ltr'>ὲπωάζουσαν,</span> 
     </span>
    </p>
   </div>
   <div class='ocr_carea' id='block_1_59' title="bbox 1079 731 1869 767">
    <p class='ocr_par' dir='ltr' id='par_1_59' title="bbox 1079 731 1869 767">
     <span class='ocr_line' id='line_1_59' title="bbox 1079 731 1869 767; baseline -0.003 -8"><span class='ocrx_word' id='word_1_417' title='bbox 1079 732 1208 759; x_wconf 84' lang='grc' dir='ltr'>ποιείσθω</span> <span class='ocrx_word' id='word_1_418' title='bbox 1235 731 1284 767; x_wconf 88' lang='grc' dir='ltr'>μὲν</span> <span class='ocrx_word' id='word_1_419' title='bbox 1305 731 1397 767; x_wconf 74' lang='grc' dir='ltr'>ὄνησίν</span> <span class='ocrx_word' id='word_1_420' title='bbox 1417 739 1446 757; x_wconf 89' lang='grc' dir='ltr'><strong>τε</strong></span> <span class='ocrx_word' id='word_1_421' title='bbox 1465 731 1512 758; x_wconf 77' lang='grc' dir='ltr'>καὶ</span> <span class='ocrx_word' id='word_1_422' title='bbox 1532 731 1641 767; x_wconf 77' lang='grc' dir='ltr'>εὕρημα</span> <span class='ocrx_word' id='word_1_423' title='bbox 1657 732 1692 758; x_wconf 86' lang='grc' dir='ltr'><strong>τὰ</strong></span> <span class='ocrx_word' id='word_1_424' title='bbox 1715 732 1744 765; x_wconf 75' lang='grc' dir='ltr'>ἐξ</span> <span class='ocrx_word' id='word_1_425' title='bbox 1765 731 1869 767; x_wconf 75' lang='grc' dir='ltr'>αὐτῆς·</span> 
     </span>
    </p>
   </div>
   <div class='ocr_carea' id='block_1_60' title="bbox 1079 777 1724 814">
    <p class='ocr_par' dir='ltr' id='par_1_60' title="bbox 1079 777 1724 814">
     <span class='ocr_line' id='line_1_60' title="bbox 1079 777 1724 814; baseline 0 -9"><span class='ocrx_word' id='word_1_426' title='bbox 1079 778 1265 814; x_wconf 83' lang='grc' dir='ltr'>ἀποπεμπέτω</span> <span class='ocrx_word' id='word_1_427' title='bbox 1278 786 1308 812; x_wconf 82' lang='grc' dir='ltr'><strong>γε</strong></span> <span class='ocrx_word' id='word_1_428' title='bbox 1323 778 1386 813; x_wconf 81' lang='grc' dir='ltr'>μὴν,</span> <span class='ocrx_word' id='word_1_429' title='bbox 1401 777 1477 804; x_wconf 80' lang='grc' dir='ltr'>οὐδὲν</span> <span class='ocrx_word' id='word_1_430' title='bbox 1489 777 1599 812; x_wconf 76' lang='grc' dir='ltr'>ἐποίησε</span> <span class='ocrx_word' id='word_1_431' title='bbox 1618 777 1724 813; x_wconf 77' lang='grc' dir='ltr'>βλάϐος.</span> 
     </span>
    </p>
   </div>
   <div class='ocr_carea' id='block_1_61' title="bbox 1113 865 1872 904">
    <p class='ocr_par' dir='ltr' id='par_1_61' title="bbox 1113 865 1872 904">
     <span class='ocr_line' id='line_1_61' title="bbox 1113 865 1872 904; baseline -0.001 -8"><span class='ocrx_word' id='word_1_432' title='bbox 1113 870 1217 896; x_wconf 86' lang='grc' dir='ltr'><strong>ΠΛΛΛ.</strong></span> <span class='ocrx_word' id='word_1_433' title='bbox 1232 868 1301 896; x_wconf 86' lang='grc' dir='ltr'><strong>Ναί·</strong></span> <span class='ocrx_word' id='word_1_434' title='bbox 1322 869 1336 895; x_wconf 82' lang='grc' dir='ltr'>ὁ</span> <span class='ocrx_word' id='word_1_435' title='bbox 1348 868 1402 904; x_wconf 86' lang='grc' dir='ltr'><strong>γάρ</strong></span> <span class='ocrx_word' id='word_1_436' title='bbox 1427 877 1468 895; x_wconf 88' lang='grc' dir='ltr'><strong>τοι</strong></span> <span class='ocrx_word' id='word_1_437' title='bbox 1487 868 1533 895; x_wconf 79' lang='grc' dir='ltr'>τοῦ</span> <span class='ocrx_word' id='word_1_438' title='bbox 1552 868 1718 904; x_wconf 83' lang='grc' dir='ltr'>Γράμματος</span> <span class='ocrx_word' id='word_1_439' title='bbox 1746 865 1826 900; x_wconf 77' lang='grc' dir='ltr'>οὗτος</span> <span class='ocrx_word' id='word_1_440' title='bbox 1841 869 1872 895; x_wconf 74' lang='grc' dir='ltr'>ἂν</span> 
     </span>
    </p>
   </div>
   <div class='ocr_carea' id='block_1_62' title="bbox 1079 915 1250 950">
    <p class='ocr_par' dir='ltr' id='par_1_62' title="bbox 1079 915 1250 950">
     <span class='ocr_line' id='line_1_62' title="bbox 1079 915 1250 950; baseline 0 -8"><span class='ocrx_word' id='word_1_441' title='bbox 1079 916 1122 950; x_wconf 71' lang='grc' dir='ltr'><strong>εἴη</strong></span> <span class='ocrx_word' id='word_1_442' title='bbox 1140 915 1250 947; x_wconf 84' lang='grc' dir='ltr'>σκοπός.</span> 
     </span>
    </p>
   </div>
   <div class='ocr_carea' id='block_1_63' title="bbox 1113 961 1872 997">
    <p class='ocr_par' dir='ltr' id='par_1_63' title="bbox 1113 961 1872 997">
     <span class='ocr_line' id='line_1_63' title="bbox 1113 961 1872 997; baseline -0.001 -9"><span class='ocrx_word' id='word_1_443' title='bbox 1113 961 1195 989; x_wconf 80' lang='grc' dir='ltr'>ΚΥΡ.</span> <span class='ocrx_word' id='word_1_444' title='bbox 1205 961 1310 988; x_wconf 80' lang='grc' dir='ltr'>Οὐκοῦν</span> <span class='ocrx_word' id='word_1_445' title='bbox 1319 961 1396 997; x_wconf 79' lang='grc' dir='ltr'>ἄθρει</span> <span class='ocrx_word' id='word_1_446' title='bbox 1406 961 1436 988; x_wconf 84' lang='grc' dir='ltr'>τὺ</span> <span class='ocrx_word' id='word_1_447' title='bbox 1448 961 1650 997; x_wconf 74' lang='grc' dir='ltr'><strong>κεκρυμμένον,</strong></span> <span class='ocrx_word' id='word_1_448' title='bbox 1662 962 1709 987; x_wconf 71' lang='grc' dir='ltr'><strong>καὶ</strong></span> <span class='ocrx_word' id='word_1_449' title='bbox 1718 961 1803 988; x_wconf 74' lang='grc' dir='ltr'>οἱονεὶ</span> <span class='ocrx_word' id='word_1_450' title='bbox 1814 961 1872 987; x_wconf 66' lang='grc' dir='ltr'><strong>δια-</strong></span> 
     </span>
    </p>
   </div>
   <div class='ocr_carea' id='block_1_64' title="bbox 1079 1006 1869 1042">
    <p class='ocr_par' dir='ltr' id='par_1_64' title="bbox 1079 1006 1869 1042">
     <span class='ocr_line' id='line_1_64' title="bbox 1079 1006 1869 1042; baseline 0 -9"><span class='ocrx_word' id='word_1_451' title='bbox 1079 1007 1182 1039; x_wconf 75' lang='grc' dir='ltr'>πτύξας</span> <span class='ocrx_word' id='word_1_452' title='bbox 1194 1007 1242 1042; x_wconf 85' lang='grc' dir='ltr'>τὴν</span> <span class='ocrx_word' id='word_1_453' title='bbox 1258 1007 1347 1039; x_wconf 82' lang='grc' dir='ltr'>σκιὰν.</span> <span class='ocrx_word' id='word_1_454' title='bbox 1358 1007 1548 1034; x_wconf 84' lang='grc' dir='ltr'>κατασκέπτου</span> <span class='ocrx_word' id='word_1_455' title='bbox 1564 1006 1664 1041; x_wconf 82' lang='grc' dir='ltr'>νοητῶς</span> <span class='ocrx_word' id='word_1_456' title='bbox 1673 1006 1722 1041; x_wconf 84' lang='grc' dir='ltr'>τὴν</span> <span class='ocrx_word' id='word_1_457' title='bbox 1730 1007 1869 1042; x_wconf 76' lang='grc' dir='ltr'>ἀλήθειαν.</span> 
     </span>
    </p>
   </div>
   <div class='ocr_carea' id='block_1_65' title="bbox 1083 1049 1871 1089">
    <p class='ocr_par' dir='ltr' id='par_1_65' title="bbox 1083 1049 1871 1089">
     <span class='ocr_line' id='line_1_65' title="bbox 1083 1049 1871 1089; baseline 0.001 -10"><span class='ocrx_word' id='word_1_458' title='bbox 1083 1053 1199 1088; x_wconf 82' lang='grc' dir='ltr'>Ἐκάστη</span> <span class='ocrx_word' id='word_1_459' title='bbox 1214 1053 1263 1087; x_wconf 82' lang='grc' dir='ltr'>μὲν</span> <span class='ocrx_word' id='word_1_460' title='bbox 1271 1052 1324 1088; x_wconf 85' lang='grc' dir='ltr'>γὰρ</span> <span class='ocrx_word' id='word_1_461' title='bbox 1331 1053 1424 1089; x_wconf 81' lang='grc' dir='ltr'>ἁρετὴ,</span> <span class='ocrx_word' id='word_1_462' title='bbox 1442 1053 1533 1088; x_wconf 81' lang='grc' dir='ltr'><strong>μήτηρ</strong></span> <span class='ocrx_word' id='word_1_463' title='bbox 1541 1049 1631 1084; x_wconf 71' lang='grc' dir='ltr'>οἷατίς</span> <span class='ocrx_word' id='word_1_464' title='bbox 1644 1053 1701 1078; x_wconf 80' lang='grc' dir='ltr'>ἐστι</span> <span class='ocrx_word' id='word_1_465' title='bbox 1714 1053 1769 1079; x_wconf 80' lang='grc' dir='ltr'><strong>τῶν</strong></span> <span class='ocrx_word' id='word_1_466' title='bbox 1783 1053 1815 1085; x_wconf 82' lang='grc' dir='ltr'>ἐξ</span> <span class='ocrx_word' id='word_1_467' title='bbox 1825 1054 1871 1080; x_wconf 77' lang='grc' dir='ltr'><strong>αὖ·</strong></span> 
     </span>
    </p>
   </div>
   <div class='ocr_carea' id='block_1_66' title="bbox 1077 1095 1868 1134">
    <p class='ocr_par' dir='ltr' id='par_1_66' title="bbox 1077 1095 1868 1134">
     <span class='ocr_line' id='line_1_66' title="bbox 1077 1095 1868 1134; baseline 0.001 -10"><span class='ocrx_word' id='word_1_468' title='bbox 1077 1099 1125 1133; x_wconf 82' lang='grc' dir='ltr'>τῆς</span> <span class='ocrx_word' id='word_1_469' title='bbox 1133 1098 1243 1131; x_wconf 86' lang='grc' dir='ltr'>ἀγαθῶν</span> <span class='ocrx_word' id='word_1_470' title='bbox 1255 1098 1301 1124; x_wconf 78' lang='grc' dir='ltr'><strong>καὶ</strong></span> <span class='ocrx_word' id='word_1_471' title='bbox 1314 1097 1430 1132; x_wconf 82' lang='grc' dir='ltr'>γένεσις,</span> <span class='ocrx_word' id='word_1_472' title='bbox 1442 1095 1497 1124; x_wconf 83' lang='grc' dir='ltr'>οἷον</span> <span class='ocrx_word' id='word_1_473' title='bbox 1506 1097 1533 1124; x_wconf 88' lang='grc' dir='ltr'>εἴ</span> <span class='ocrx_word' id='word_1_474' title='bbox 1543 1106 1583 1129; x_wconf 84' lang='grc' dir='ltr'><strong>τις</strong></span> <span class='ocrx_word' id='word_1_475' title='bbox 1595 1097 1668 1132; x_wconf 81' lang='grc' dir='ltr'>λέγοι</span> <span class='ocrx_word' id='word_1_476' title='bbox 1686 1097 1734 1133; x_wconf 79' lang='grc' dir='ltr'>τὴν</span> <span class='ocrx_word' id='word_1_477' title='bbox 1752 1107 1806 1134; x_wconf 77' lang='grc' dir='ltr'>χρη</span> <span class='ocrx_word' id='word_1_478' title='bbox 1812 1099 1868 1125; x_wconf 82' lang='grc' dir='ltr'>στό-</span> 
     </span>
    </p>
   </div>
   <div class='ocr_carea' id='block_1_67' title="bbox 1076 1143 1870 1181">
    <p class='ocr_par' dir='ltr' id='par_1_67' title="bbox 1076 1143 1870 1181">
     <span class='ocr_line' id='line_1_67' title="bbox 1076 1143 1870 1181; baseline 0.001 -11"><span class='ocrx_word' id='word_1_479' title='bbox 1076 1152 1155 1179; x_wconf 86' lang='grc' dir='ltr'>τητα,</span> <span class='ocrx_word' id='word_1_480' title='bbox 1171 1143 1218 1178; x_wconf 85' lang='grc' dir='ltr'><strong>τὴν</strong></span> <span class='ocrx_word' id='word_1_481' title='bbox 1241 1143 1449 1178; x_wconf 75' lang='grc' dir='ltr'>φιλοπτωχείαν,</span> <span class='ocrx_word' id='word_1_482' title='bbox 1464 1144 1512 1179; x_wconf 76' lang='grc' dir='ltr'>τὴν</span> <span class='ocrx_word' id='word_1_483' title='bbox 1532 1143 1685 1179; x_wconf 76' lang='grc' dir='ltr'><strong>πραότητα,</strong></span> <span class='ocrx_word' id='word_1_484' title='bbox 1701 1145 1750 1179; x_wconf 80' lang='grc' dir='ltr'>τὴν</span> <span class='ocrx_word' id='word_1_485' title='bbox 1770 1153 1870 1181; x_wconf 81' lang='grc' dir='ltr'>μακρο-</span> 
     </span>
    </p>
   </div>
   <div class='ocr_carea' id='block_1_68' title="bbox 1077 1189 1866 1226">
    <p class='ocr_par' dir='ltr' id='par_1_68' title="bbox 1077 1189 1866 1226">
     <span class='ocr_line' id='line_1_68' title="bbox 1077 1189 1866 1226; baseline 0.001 -10"><span class='ocrx_word' id='word_1_486' title='bbox 1077 1190 1185 1225; x_wconf 80' lang='grc' dir='ltr'>θυμίαν.</span> <span class='ocrx_word' id='word_1_487' title='bbox 1203 1189 1389 1224; x_wconf 79' lang='grc' dir='ltr'>Χρηστεύεται</span> <span class='ocrx_word' id='word_1_488' title='bbox 1413 1191 1467 1225; x_wconf 85' lang='grc' dir='ltr'>γάρ</span> <span class='ocrx_word' id='word_1_489' title='bbox 1485 1198 1528 1220; x_wconf 89' lang='grc' dir='ltr'><strong>τις</strong></span> <span class='ocrx_word' id='word_1_490' title='bbox 1546 1190 1595 1225; x_wconf 75' lang='grc' dir='ltr'>οὐχ</span> <span class='ocrx_word' id='word_1_491' title='bbox 1611 1190 1701 1225; x_wconf 81' lang='grc' dir='ltr'>ἑαυτῴ</span> <span class='ocrx_word' id='word_1_492' title='bbox 1729 1191 1832 1226; x_wconf 79' lang='grc' dir='ltr'>μᾶλλον</span> <span class='ocrx_word' id='word_1_493' title='bbox 1851 1191 1866 1226; x_wconf 78' lang='grc' dir='ltr'><strong>ἢ</strong></span> 
     </span>
    </p>
   </div>
   <div class='ocr_carea' id='block_1_69' title="bbox 1077 1234 1868 1273">
    <p class='ocr_par' dir='ltr' id='par_1_69' title="bbox 1077 1234 1868 1273">
     <span class='ocr_line' id='line_1_69' title="bbox 1077 1234 1868 1273; baseline 0 -10"><span class='ocrx_word' id='word_1_494' title='bbox 1077 1237 1194 1272; x_wconf 74' lang='grc' dir='ltr'>ἑτέροις·</span> <span class='ocrx_word' id='word_1_495' title='bbox 1212 1237 1373 1273; x_wconf 80' lang='grc' dir='ltr'><strong>μετάσχοιεν</strong></span> <span class='ocrx_word' id='word_1_496' title='bbox 1393 1236 1415 1262; x_wconf 78' lang='grc' dir='ltr'><strong>δ’</strong></span> <span class='ocrx_word' id='word_1_497' title='bbox 1430 1234 1462 1263; x_wconf 78' lang='grc' dir='ltr'>αὖ</span> <span class='ocrx_word' id='word_1_498' title='bbox 1479 1236 1528 1271; x_wconf 81' lang='grc' dir='ltr'>τῆς</span> <span class='ocrx_word' id='word_1_499' title='bbox 1545 1236 1753 1271; x_wconf 81' lang='grc' dir='ltr'>φιλοπτωχείας,</span> <span class='ocrx_word' id='word_1_500' title='bbox 1767 1238 1793 1263; x_wconf 91' lang='grc' dir='ltr'><strong>οἱ</strong></span> <span class='ocrx_word' id='word_1_501' title='bbox 1808 1237 1868 1263; x_wconf 86' lang='grc' dir='ltr'><strong>ταὺ-</strong></span> 
     </span>
    </p>
   </div>
   <div class='ocr_carea' id='block_1_70' title="bbox 1076 1282 1866 1318">
    <p class='ocr_par' dir='ltr' id='par_1_70' title="bbox 1076 1282 1866 1318">
     <span class='ocr_line' id='line_1_70' title="bbox 1076 1282 1866 1318; baseline 0 -8"><span class='ocrx_word' id='word_1_502' title='bbox 1076 1292 1125 1318; x_wconf 79' lang='grc' dir='ltr'>της</span> <span class='ocrx_word' id='word_1_503' title='bbox 1144 1283 1309 1318; x_wconf 84' lang='grc' dir='ltr'>δεδεημένοι,</span> <span class='ocrx_word' id='word_1_504' title='bbox 1326 1283 1373 1309; x_wconf 77' lang='grc' dir='ltr'><strong>καὶ</strong></span> <span class='ocrx_word' id='word_1_505' title='bbox 1392 1282 1546 1318; x_wconf 79' lang='grc' dir='ltr'>πραότητος</span> <span class='ocrx_word' id='word_1_506' title='bbox 1567 1283 1668 1317; x_wconf 76' lang='grc' dir='ltr'>ὁμοίως</span> <span class='ocrx_word' id='word_1_507' title='bbox 1687 1284 1735 1310; x_wconf 83' lang='grc' dir='ltr'><strong>καὶ</strong></span> <span class='ocrx_word' id='word_1_508' title='bbox 1762 1292 1866 1318; x_wconf 82' lang='grc' dir='ltr'>μακρο-</span> 
     </span>
    </p>
   </div>
   <div class='ocr_carea' id='block_1_71' title="bbox 1076 1328 1866 1364">
    <p class='ocr_par' dir='ltr' id='par_1_71' title="bbox 1076 1328 1866 1364">
     <span class='ocr_line' id='line_1_71' title="bbox 1076 1328 1866 1364; baseline 0 -8"><span class='ocrx_word' id='word_1_509' title='bbox 1076 1329 1184 1364; x_wconf 84' lang='grc' dir='ltr'>θυμίας.</span> <span class='ocrx_word' id='word_1_510' title='bbox 1201 1329 1305 1356; x_wconf 76' lang='grc' dir='ltr'>Οὐκοῦν</span> <span class='ocrx_word' id='word_1_511' title='bbox 1317 1328 1402 1364; x_wconf 80' lang='grc' dir='ltr'>ἀρετὴ</span> <span class='ocrx_word' id='word_1_512' title='bbox 1415 1329 1464 1363; x_wconf 80' lang='grc' dir='ltr'>μὲν</span> <span class='ocrx_word' id='word_1_513' title='bbox 1480 1328 1583 1363; x_wconf 75' lang='grc' dir='ltr'>ἑκάστη</span> <span class='ocrx_word' id='word_1_514' title='bbox 1605 1330 1697 1364; x_wconf 82' lang='grc' dir='ltr'><strong>μήτηρ</strong></span> <span class='ocrx_word' id='word_1_515' title='bbox 1721 1329 1755 1356; x_wconf 82' lang='grc' dir='ltr'>ἂν</span> <span class='ocrx_word' id='word_1_516' title='bbox 1768 1331 1866 1362; x_wconf 69' lang='grc' dir='ltr'>νοοῖτο,</span> 
     </span>
    </p>
   </div>
   <div class='ocr_carea' id='block_1_72' title="bbox 1076 1374 1867 1410">
    <p class='ocr_par' dir='ltr' id='par_1_72' title="bbox 1076 1374 1867 1410">
     <span class='ocr_line' id='line_1_72' title="bbox 1076 1374 1867 1410; baseline 0 -8"><span class='ocrx_word' id='word_1_517' title='bbox 1076 1376 1122 1402; x_wconf 79' lang='grc' dir='ltr'>καὶ</span> <span class='ocrx_word' id='word_1_518' title='bbox 1138 1375 1219 1402; x_wconf 79' lang='grc' dir='ltr'>οἱονεί</span> <span class='ocrx_word' id='word_1_519' title='bbox 1240 1384 1282 1406; x_wconf 86' lang='grc' dir='ltr'><strong>τις</strong></span> <span class='ocrx_word' id='word_1_520' title='bbox 1302 1374 1372 1410; x_wconf 82' lang='grc' dir='ltr'>ἀρχὴ</span> <span class='ocrx_word' id='word_1_521' title='bbox 1385 1374 1439 1401; x_wconf 87' lang='grc' dir='ltr'><strong>τῶν</strong></span> <span class='ocrx_word' id='word_1_522' title='bbox 1460 1375 1488 1400; x_wconf 76' lang='grc' dir='ltr'>ὲν</span> <span class='ocrx_word' id='word_1_523' title='bbox 1509 1374 1577 1410; x_wconf 83' lang='grc' dir='ltr'><strong>αὐτῇ</strong></span> <span class='ocrx_word' id='word_1_524' title='bbox 1594 1383 1623 1401; x_wconf 82' lang='grc' dir='ltr'><strong>τε</strong></span> <span class='ocrx_word' id='word_1_525' title='bbox 1648 1375 1696 1401; x_wconf 78' lang='grc' dir='ltr'>καὶ</span> <span class='ocrx_word' id='word_1_526' title='bbox 1725 1375 1755 1407; x_wconf 74' lang='grc' dir='ltr'>ἐξ</span> <span class='ocrx_word' id='word_1_527' title='bbox 1784 1376 1867 1410; x_wconf 75' lang='grc' dir='ltr'>αὐτῆς</span> 
     </span>
    </p>
   </div>
   <div class='ocr_carea' id='block_1_73' title="bbox 1075 1419 1867 1456">
    <p class='ocr_par' dir='ltr' id='par_1_73' title="bbox 1075 1419 1867 1456">
     <span class='ocr_line' id='line_1_73' title="bbox 1075 1419 1867 1456; baseline 0 -8"><span class='ocrx_word' id='word_1_528' title='bbox 1075 1420 1195 1454; x_wconf 79' lang='grc' dir='ltr'><strong>ἀγαθῶν.</strong></span> <span class='ocrx_word' id='word_1_529' title='bbox 1213 1420 1327 1447; x_wconf 79' lang='grc' dir='ltr'>Νοσσιαὶ</span> <span class='ocrx_word' id='word_1_530' title='bbox 1337 1420 1366 1447; x_wconf 77' lang='grc' dir='ltr'><strong>δὲ</strong></span> <span class='ocrx_word' id='word_1_531' title='bbox 1390 1419 1485 1456; x_wconf 80' lang='grc' dir='ltr'>ὥσπερ</span> <span class='ocrx_word' id='word_1_532' title='bbox 1498 1420 1614 1455; x_wconf 84' lang='grc' dir='ltr'>ἀρετῶν,</span> <span class='ocrx_word' id='word_1_533' title='bbox 1631 1421 1660 1448; x_wconf 78' lang='grc' dir='ltr'><strong>αἱ</strong></span> <span class='ocrx_word' id='word_1_534' title='bbox 1682 1421 1787 1453; x_wconf 85' lang='grc' dir='ltr'>ταύτας</span> <span class='ocrx_word' id='word_1_535' title='bbox 1809 1422 1867 1449; x_wconf 80' lang='grc' dir='ltr'>ὠδί-</span> 
     </span>
    </p>
   </div>
   <div class='ocr_carea' id='block_1_74' title="bbox 1075 1466 1867 1503">
    <p class='ocr_par' dir='ltr' id='par_1_74' title="bbox 1075 1466 1867 1503">
     <span class='ocr_line' id='line_1_74' title="bbox 1075 1466 1867 1503; baseline 0 -9"><span class='ocrx_word' id='word_1_536' title='bbox 1075 1475 1179 1500; x_wconf 81' lang='grc' dir='ltr'>νουσαι,</span> <span class='ocrx_word' id='word_1_537' title='bbox 1200 1467 1246 1494; x_wconf 70' lang='grc' dir='ltr'><strong>κα)⁹</strong></span> <span class='ocrx_word' id='word_1_538' title='bbox 1262 1468 1291 1493; x_wconf 83' lang='grc' dir='ltr'>ἐν</span> <span class='ocrx_word' id='word_1_539' title='bbox 1306 1467 1398 1500; x_wconf 85' lang='grc' dir='ltr'>σφίσιν</span> <span class='ocrx_word' id='word_1_540' title='bbox 1422 1466 1517 1498; x_wconf 80' lang='grc' dir='ltr'>αὐταῖς</span> <span class='ocrx_word' id='word_1_541' title='bbox 1544 1466 1654 1493; x_wconf 72' lang='grc' dir='ltr'>ἑλοῦσαι</span> <span class='ocrx_word' id='word_1_542' title='bbox 1673 1466 1769 1502; x_wconf 78' lang='grc' dir='ltr'>ψυχαί.</span> <span class='ocrx_word' id='word_1_543' title='bbox 1796 1468 1867 1503; x_wconf 84' lang='grc' dir='ltr'><strong>Χρῆ-</strong></span> 
     </span>
    </p>
   </div>
   <div class='ocr_carea' id='block_1_75' title="bbox 1076 1511 1867 1550">
    <p class='ocr_par' dir='ltr' id='par_1_75' title="bbox 1076 1511 1867 1550">
     <span class='ocr_line' id='line_1_75' title="bbox 1076 1511 1867 1550; baseline 0.003 -12"><span class='ocrx_word' id='word_1_544' title='bbox 1076 1521 1118 1539; x_wconf 88' lang='grc' dir='ltr'><strong>ναι</strong></span> <span class='ocrx_word' id='word_1_545' title='bbox 1131 1512 1164 1547; x_wconf 87' lang='grc' dir='ltr'><strong>δὴ</strong></span> <span class='ocrx_word' id='word_1_546' title='bbox 1182 1511 1228 1538; x_wconf 72' lang='grc' dir='ltr'>οὖν</span> <span class='ocrx_word' id='word_1_547' title='bbox 1251 1512 1305 1547; x_wconf 86' lang='grc' dir='ltr'><strong>ἄρα</strong></span> <span class='ocrx_word' id='word_1_548' title='bbox 1324 1511 1406 1547; x_wconf 72' lang='grc' dir='ltr'>φησὶν</span> <span class='ocrx_word' id='word_1_549' title='bbox 1422 1512 1437 1538; x_wconf 82' lang='grc' dir='ltr'><strong>ό</strong></span> <span class='ocrx_word' id='word_1_550' title='bbox 1462 1511 1554 1546; x_wconf 78' lang='grc' dir='ltr'>νόμος,</span> <span class='ocrx_word' id='word_1_551' title='bbox 1572 1513 1636 1544; x_wconf 80' lang='grc' dir='ltr'>τοὺς</span> <span class='ocrx_word' id='word_1_552' title='bbox 1656 1513 1769 1548; x_wconf 79' lang='grc' dir='ltr'><strong>ἀνδράσι</strong></span> <span class='ocrx_word' id='word_1_553' title='bbox 1792 1523 1867 1550; x_wconf 84' lang='grc' dir='ltr'>περι-</span> 
     </span>
    </p>
   </div>
   <div class='ocr_carea' id='block_1_76' title="bbox 1075 1554 1869 1595">
    <p class='ocr_par' dir='ltr' id='par_1_76' title="bbox 1075 1554 1869 1595">
     <span class='ocr_line' id='line_1_76' title="bbox 1075 1554 1869 1595; baseline 0.005 -12"><span class='ocrx_word' id='word_1_554' title='bbox 1075 1557 1267 1592; x_wconf 82' lang='grc' dir='ltr'>τυγχάνοντας,</span> <span class='ocrx_word' id='word_1_555' title='bbox 1299 1557 1328 1583; x_wconf 81' lang='grc' dir='ltr'>ἐν</span> <span class='ocrx_word' id='word_1_556' title='bbox 1353 1555 1393 1588; x_wconf 70' lang='grc' dir='ltr'>οἷς</span> <span class='ocrx_word' id='word_1_557' title='bbox 1413 1557 1446 1584; x_wconf 84' lang='grc' dir='ltr'>ἂν</span> <span class='ocrx_word' id='word_1_558' title='bbox 1472 1554 1527 1584; x_wconf 79' lang='grc' dir='ltr'>εἶεν</span> <span class='ocrx_word' id='word_1_559' title='bbox 1550 1558 1646 1593; x_wconf 71' lang='grc' dir='ltr'>ἀρεταὶ</span> <span class='ocrx_word' id='word_1_560' title='bbox 1673 1559 1800 1595; x_wconf 83' lang='grc' dir='ltr'>καθάπερ</span> <span class='ocrx_word' id='word_1_561' title='bbox 1828 1561 1869 1592; x_wconf 78' lang='grc' dir='ltr'><strong>είς</strong></span> 
     </span>
    </p>
   </div>
   <div class='ocr_carea' id='block_1_77' title="bbox 1075 1602 1869 1641">
    <p class='ocr_par' dir='ltr' id='par_1_77' title="bbox 1075 1602 1869 1641">
     <span class='ocr_line' id='line_1_77' title="bbox 1075 1602 1869 1641; baseline 0.006 -12"><span class='ocrx_word' id='word_1_562' title='bbox 1075 1603 1183 1629; x_wconf 78' lang='grc' dir='ltr'>νοσσιὰν</span> <span class='ocrx_word' id='word_1_563' title='bbox 1205 1602 1467 1638; x_wconf 76' lang='grc' dir='ltr'>συγκεκομισμέναι,</span> <span class='ocrx_word' id='word_1_564' title='bbox 1493 1603 1628 1630; x_wconf 82' lang='grc' dir='ltr'>ποιεῖσθαι</span> <span class='ocrx_word' id='word_1_565' title='bbox 1655 1605 1704 1640; x_wconf 83' lang='grc' dir='ltr'><strong>μὲν</strong></span> <span class='ocrx_word' id='word_1_566' title='bbox 1727 1605 1810 1641; x_wconf 84' lang='grc' dir='ltr'>κέρδη</span> <span class='ocrx_word' id='word_1_567' title='bbox 1834 1607 1869 1634; x_wconf 81' lang='grc' dir='ltr'><strong>τὰ</strong></span> 
     </span>
    </p>
   </div>
   <div class='ocr_carea' id='block_1_78' title="bbox 1075 1647 1868 1685">
    <p class='ocr_par' dir='ltr' id='par_1_78' title="bbox 1075 1647 1868 1685">
     <span class='ocr_line' id='line_1_78' title="bbox 1075 1647 1868 1685; baseline 0.003 -11"><span class='ocrx_word' id='word_1_568' title='bbox 1075 1648 1105 1680; x_wconf 74' lang='grc' dir='ltr'><strong>ἐξ</strong></span> <span class='ocrx_word' id='word_1_569' title='bbox 1117 1647 1217 1680; x_wconf 81' lang='grc' dir='ltr'>αὐτῶν,</span> <span class='ocrx_word' id='word_1_570' title='bbox 1238 1648 1275 1682; x_wconf 88' lang='grc' dir='ltr'>μὴ</span> <span class='ocrx_word' id='word_1_571' title='bbox 1294 1648 1347 1683; x_wconf 84' lang='grc' dir='ltr'><strong>μὴν</strong></span> <span class='ocrx_word' id='word_1_572' title='bbox 1366 1647 1406 1673; x_wconf 70' lang='grc' dir='ltr'><strong>ἔτι</strong></span> <span class='ocrx_word' id='word_1_573' title='bbox 1432 1647 1624 1674; x_wconf 83' lang='grc' dir='ltr'>κατασίνεσθαι</span> <span class='ocrx_word' id='word_1_574' title='bbox 1651 1648 1740 1682; x_wconf 77' lang='grc' dir='ltr'>φιλεῖν</span> <span class='ocrx_word' id='word_1_575' title='bbox 1755 1649 1868 1685; x_wconf 81' lang='grc' dir='ltr'>ἀρετὴν,</span> 
     </span>
    </p>
   </div>
   <div class='ocr_carea' id='block_1_79' title="bbox 1075 1694 1870 1730">
    <p class='ocr_par' dir='ltr' id='par_1_79' title="bbox 1075 1694 1870 1730">
     <span class='ocr_line' id='line_1_79' title="bbox 1075 1694 1870 1730; baseline 0.001 -9"><span class='ocrx_word' id='word_1_576' title='bbox 1075 1694 1123 1730; x_wconf 78' lang='grc' dir='ltr'><strong>τὴν</strong></span> <span class='ocrx_word' id='word_1_577' title='bbox 1132 1694 1185 1720; x_wconf 83' lang='grc' dir='ltr'><strong>τῶν</strong></span> <span class='ocrx_word' id='word_1_578' title='bbox 1200 1694 1319 1730; x_wconf 78' lang='grc' dir='ltr'>ἀρίστων</span> <span class='ocrx_word' id='word_1_579' title='bbox 1328 1694 1547 1729; x_wconf 81' lang='grc' dir='ltr'><strong>κατορθωμάτων</strong></span> <span class='ocrx_word' id='word_1_580' title='bbox 1560 1694 1676 1730; x_wconf 83' lang='grc' dir='ltr'>μητέρα·</span> <span class='ocrx_word' id='word_1_581' title='bbox 1691 1695 1828 1722; x_wconf 82' lang='grc' dir='ltr'>ἀδικεῖται</span> <span class='ocrx_word' id='word_1_582' title='bbox 1840 1696 1870 1722; x_wconf 77' lang='grc' dir='ltr'><strong>δὲ</strong></span> 
     </span>
    </p>
   </div>
   <div class='ocr_carea' id='block_1_80' title="bbox 1075 1739 1868 1778">
    <p class='ocr_par' dir='ltr' id='par_1_80' title="bbox 1075 1739 1868 1778">
     <span class='ocr_line' id='line_1_80' title="bbox 1075 1739 1868 1778; baseline 0.003 -12"><span class='ocrx_word' id='word_1_583' title='bbox 1075 1739 1171 1775; x_wconf 85' lang='grc' dir='ltr'>ἀρετὴ,</span> <span class='ocrx_word' id='word_1_584' title='bbox 1186 1740 1383 1775; x_wconf 81' lang='grc' dir='ltr'>κατασειομένη</span> <span class='ocrx_word' id='word_1_585' title='bbox 1403 1739 1472 1774; x_wconf 84' lang='grc' dir='ltr'>πρός</span> <span class='ocrx_word' id='word_1_586' title='bbox 1491 1748 1573 1771; x_wconf 82' lang='grc' dir='ltr'>τινος,</span> <span class='ocrx_word' id='word_1_587' title='bbox 1594 1741 1665 1767; x_wconf 82' lang='grc' dir='ltr'>κατά</span> <span class='ocrx_word' id='word_1_588' title='bbox 1685 1749 1716 1774; x_wconf 85' lang='grc' dir='ltr'><strong>γε</strong></span> <span class='ocrx_word' id='word_1_589' title='bbox 1739 1741 1803 1774; x_wconf 70' lang='grc' dir='ltr'>τοὺς</span> <span class='ocrx_word' id='word_1_590' title='bbox 1817 1742 1868 1778; x_wconf 72' lang='grc' dir='ltr'><strong>ἠδη</strong></span> 
     </span>
    </p>
   </div>
   <div class='ocr_carea' id='block_1_81' title="bbox 1076 1785 1435 1821">
    <p class='ocr_par' dir='ltr' id='par_1_81' title="bbox 1076 1785 1435 1821">
     <span class='ocr_line' id='line_1_81' title="bbox 1076 1785 1435 1821; baseline -0.003 -9"><span class='ocrx_word' id='word_1_591' title='bbox 1076 1785 1293 1821; x_wconf 76' lang='grc' dir='ltr'>προειρημένους</span> <span class='ocrx_word' id='word_1_592' title='bbox 1309 1786 1435 1821; x_wconf 64' lang='grc' dir='ltr'>τρόπους.</span> 
     </span>
    </p>
   </div>
   <div class='ocr_carea' id='block_1_82' title="bbox 1110 1877 1550 1913">
    <p class='ocr_par' dir='ltr' id='par_1_82' title="bbox 1110 1877 1550 1913">
     <span class='ocr_line' id='line_1_82' title="bbox 1110 1877 1550 1913; baseline 0 -9"><span class='ocrx_word' id='word_1_593' title='bbox 1110 1878 1211 1904; x_wconf 78' lang='grc' dir='ltr'><strong>ΠΑΛΛ.</strong></span> <span class='ocrx_word' id='word_1_594' title='bbox 1233 1877 1276 1909; x_wconf 87' lang='grc' dir='ltr'><strong>Ὠς</strong></span> <span class='ocrx_word' id='word_1_595' title='bbox 1289 1877 1356 1912; x_wconf 82' lang='grc' dir='ltr'>βαθὺ</span> <span class='ocrx_word' id='word_1_596' title='bbox 1370 1878 1400 1904; x_wconf 66' lang='grc' dir='ltr'>τὸ</span> <span class='ocrx_word' id='word_1_597' title='bbox 1417 1877 1550 1913; x_wconf 78' lang='grc' dir='ltr'>αῖνιγμαί</span> 
     </span>
    </p>
   </div>
   <div class='ocr_carea' id='block_1_83' title="bbox 1109 1922 1868 1959">
    <p class='ocr_par' dir='ltr' id='par_1_83' title="bbox 1109 1922 1868 1959">
     <span class='ocr_line' id='line_1_83' title="bbox 1109 1922 1868 1959; baseline 0.007 -11"><span class='ocrx_word' id='word_1_598' title='bbox 1109 1923 1190 1949; x_wconf 81' lang='grc' dir='ltr'><strong>ΚΥΡ.</strong></span> <span class='ocrx_word' id='word_1_599' title='bbox 1204 1922 1270 1949; x_wconf 83' lang='grc' dir='ltr'>Ναί·</span> <span class='ocrx_word' id='word_1_600' title='bbox 1284 1922 1374 1956; x_wconf 86' lang='grc' dir='ltr'>λέγεις</span> <span class='ocrx_word' id='word_1_601' title='bbox 1391 1922 1488 1958; x_wconf 76' lang='grc' dir='ltr'>ὀρθῶς.</span> <span class='ocrx_word' id='word_1_602' title='bbox 1504 1923 1586 1954; x_wconf 76' lang='grc' dir='ltr'>Ἀλλ’,</span> <span class='ocrx_word' id='word_1_603' title='bbox 1603 1924 1646 1951; x_wconf 84' lang='grc' dir='ltr'><strong>ἴνα</strong></span> <span class='ocrx_word' id='word_1_604' title='bbox 1657 1932 1683 1950; x_wconf 91' lang='grc' dir='ltr'><strong>τι</strong></span> <span class='ocrx_word' id='word_1_605' title='bbox 1699 1924 1795 1959; x_wconf 77' lang='grc' dir='ltr'>φῶμεν</span> <span class='ocrx_word' id='word_1_606' title='bbox 1807 1927 1868 1957; x_wconf 78' lang='grc' dir='ltr'>ταῖς</span> 
     </span>
    </p>
   </div>
   <div class='ocr_carea' id='block_1_84' title="bbox 1074 1968 1868 2006">
    <p class='ocr_par' dir='ltr' id='par_1_84' title="bbox 1074 1968 1868 2006">
     <span class='ocr_line' id='line_1_84' title="bbox 1074 1968 1868 2006; baseline 0.004 -11"><span class='ocrx_word' id='word_1_607' title='bbox 1074 1969 1120 1996; x_wconf 80' lang='grc' dir='ltr'><strong>τοῦ</strong></span> <span class='ocrx_word' id='word_1_608' title='bbox 1141 1969 1276 2004; x_wconf 79' lang='grc' dir='ltr'>μακαρίου</span> <span class='ocrx_word' id='word_1_609' title='bbox 1291 1968 1397 1996; x_wconf 78' lang='grc' dir='ltr'><strong>Παύλου</strong></span> <span class='ocrx_word' id='word_1_610' title='bbox 1418 1968 1566 2004; x_wconf 73' lang='grc' dir='ltr'>συμϐαῖνον</span> <span class='ocrx_word' id='word_1_611' title='bbox 1586 1971 1706 2004; x_wconf 85' lang='grc' dir='ltr'>φωναῖς,</span> <span class='ocrx_word' id='word_1_612' title='bbox 1723 1980 1732 1996; x_wconf 73' lang='grc' dir='ltr'><strong>ι</strong></span> <span class='ocrx_word' id='word_1_613' title='bbox 1750 1971 1797 2006; x_wconf 81' lang='grc' dir='ltr'><strong>Μὴ</strong></span> <span class='ocrx_word' id='word_1_614' title='bbox 1812 1972 1868 1998; x_wconf 83' lang='grc' dir='ltr'><strong>τῶν</strong></span> 
     </span>
    </p>
   </div>
   <div class='ocr_carea' id='block_1_85' title="bbox 1077 2015 1865 2051">
    <p class='ocr_par' dir='ltr' id='par_1_85' title="bbox 1077 2015 1865 2051">
     <span class='ocr_line' id='line_1_85' title="bbox 1077 2015 1865 2051; baseline 0.004 -10"><span class='ocrx_word' id='word_1_615' title='bbox 1077 2015 1224 2051; x_wconf 83' lang='grc' dir='ltr'>στρουθίων</span> <span class='ocrx_word' id='word_1_616' title='bbox 1240 2015 1363 2050; x_wconf 76' lang='grc' dir='ltr'>μέλει-τῷ</span> <span class='ocrx_word' id='word_1_617' title='bbox 1376 2015 1451 2050; x_wconf 75' lang='grc' dir='ltr'>Θεῷ,</span> <span class='ocrx_word' id='word_1_618' title='bbox 1463 2015 1478 2051; x_wconf 78' lang='grc' dir='ltr'>ἢ</span> <span class='ocrx_word' id='word_1_619' title='bbox 1492 2016 1524 2042; x_wconf 80' lang='grc' dir='ltr'>δι’</span> <span class='ocrx_word' id='word_1_620' title='bbox 1536 2017 1610 2051; x_wconf 81' lang='grc' dir='ltr'>ἡμᾶς</span> <span class='ocrx_word' id='word_1_621' title='bbox 1622 2017 1731 2049; x_wconf 81' lang='grc' dir='ltr'>πάντως</span> <span class='ocrx_word' id='word_1_622' title='bbox 1746 2017 1837 2051; x_wconf 83' lang='grc' dir='ltr'>λέγει;</span> <span class='ocrx_word' id='word_1_623' title='bbox 1854 2027 1865 2044; x_wconf 71' lang='grc' dir='ltr'><strong>ι</strong></span> 
     </span>
    </p>
   </div>
   <div class='ocr_carea' id='block_1_86' title="bbox 1073 2059 1869 2096">
    <p class='ocr_par' dir='ltr' id='par_1_86' title="bbox 1073 2059 1869 2096">
     <span class='ocr_line' id='line_1_86' title="bbox 1073 2059 1869 2096; baseline 0.004 -9"><span class='ocrx_word' id='word_1_624' title='bbox 1073 2061 1176 2091; x_wconf 79' lang='grc' dir='ltr'>τύπους</span> <span class='ocrx_word' id='word_1_625' title='bbox 1192 2059 1246 2095; x_wconf 83' lang='grc' dir='ltr'><strong>γὰρ</strong></span> <span class='ocrx_word' id='word_1_626' title='bbox 1260 2060 1327 2094; x_wconf 85' lang='grc' dir='ltr'>ἡμῖν</span> <span class='ocrx_word' id='word_1_627' title='bbox 1355 2060 1537 2095; x_wconf 82' lang='grc' dir='ltr'>πραγμάτων,</span> <span class='ocrx_word' id='word_1_628' title='bbox 1560 2061 1610 2087; x_wconf 80' lang='grc' dir='ltr'><strong>οὐκ</strong></span> <span class='ocrx_word' id='word_1_629' title='bbox 1629 2061 1698 2088; x_wconf 86' lang='grc' dir='ltr'>αὑτά</span> <span class='ocrx_word' id='word_1_630' title='bbox 1714 2063 1809 2096; x_wconf 79' lang='grc' dir='ltr'>σαφῶς</span> <span class='ocrx_word' id='word_1_631' title='bbox 1824 2062 1869 2095; x_wconf 81' lang='grc' dir='ltr'><strong>ἐξ-</strong></span> 
     </span>
    </p>
   </div>
   <div class='ocr_carea' id='block_1_87' title="bbox 1074 2106 1869 2144">
    <p class='ocr_par' dir='ltr' id='par_1_87' title="bbox 1074 2106 1869 2144">
     <span class='ocr_line' id='line_1_87' title="bbox 1074 2106 1869 2144; baseline 0.005 -12"><span class='ocrx_word' id='word_1_632' title='bbox 1074 2108 1181 2141; x_wconf 87' lang='grc' dir='ltr'>ηγεῖται</span> <span class='ocrx_word' id='word_1_633' title='bbox 1190 2106 1225 2144; x_wconf 80' lang='grc' dir='ltr'><strong>τά</strong></span> <span class='ocrx_word' id='word_1_634' title='bbox 1235 2106 1394 2141; x_wconf 80' lang='grc' dir='ltr'>πράγματα,</span> <span class='ocrx_word' id='word_1_635' title='bbox 1401 2107 1449 2141; x_wconf 81' lang='grc' dir='ltr'>τῆς</span> <span class='ocrx_word' id='word_1_636' title='bbox 1459 2106 1502 2133; x_wconf 82' lang='grc' dir='ltr'><strong>διὰ</strong></span> <span class='ocrx_word' id='word_1_637' title='bbox 1508 2107 1628 2139; x_wconf 78' lang='grc' dir='ltr'>Μωσέως</span> <span class='ocrx_word' id='word_1_638' title='bbox 1636 2108 1746 2144; x_wconf 84' lang='grc' dir='ltr'>ἐντολῆς</span> <span class='ocrx_word' id='word_1_639' title='bbox 1752 2110 1771 2135; x_wconf 45' lang='grc' dir='ltr'>ὸν</span> <span class='ocrx_word' id='word_1_640' title='bbox 1777 2109 1869 2143; x_wconf 80' lang='grc' dir='ltr'>λόγος·</span> 
     </span>
    </p>
   </div>
   <div class='ocr_carea' id='block_1_88' title="bbox 1076 2139 1869 2189">
    <p class='ocr_par' dir='ltr' id='par_1_88' title="bbox 1076 2139 1869 2189">
     <span class='ocr_line' id='line_1_88' title="bbox 1076 2139 1869 2189; baseline 0.004 -10"><span class='ocrx_word' id='word_1_641' title='bbox 1076 2139 1140 2184; x_wconf 68' lang='grc' dir='ltr'>ίδοις</span> <span class='ocrx_word' id='word_1_642' title='bbox 1157 2152 1179 2179; x_wconf 79' lang='grc' dir='ltr'><strong>δ’</strong></span> <span class='ocrx_word' id='word_1_643' title='bbox 1195 2139 1238 2185; x_wconf 65' lang='grc' dir='ltr'>ἂν,</span> <span class='ocrx_word' id='word_1_644' title='bbox 1338 2152 1411 2187; x_wconf 81' lang='grc' dir='ltr'>ἡμᾶς</span> <span class='ocrx_word' id='word_1_645' title='bbox 1426 2139 1471 2178; x_wconf 73' lang='grc' dir='ltr'><strong>καὶ</strong></span> <span class='ocrx_word' id='word_1_646' title='bbox 1484 2153 1523 2184; x_wconf 76' lang='grc' dir='ltr'>εἰς</span> <span class='ocrx_word' id='word_1_647' title='bbox 1537 2153 1654 2188; x_wconf 86' lang='grc' dir='ltr'>τρόπους</span> <span class='ocrx_word' id='word_1_648' title='bbox 1667 2139 1782 2189; x_wconf 59' lang='grc' dir='ltr'><strong>ῆδητῆς</strong></span> <span class='ocrx_word' id='word_1_649' title='bbox 1798 2139 1869 2182; x_wconf 56' lang='grc' dir='ltr'>ἀνω-</span> 
     </span>
    </p>
   </div>
   <div class='ocr_carea' id='block_1_89' title="bbox 1074 2198 1868 2236">
    <p class='ocr_par' dir='ltr' id='par_1_89' title="bbox 1074 2198 1868 2236">
     <span class='ocr_line' id='line_1_89' title="bbox 1074 2198 1868 2236; baseline 0.003 -10"><span class='ocrx_word' id='word_1_650' title='bbox 1074 2199 1148 2226; x_wconf 83' lang='grc' dir='ltr'><strong>τάτω</strong></span> <span class='ocrx_word' id='word_1_651' title='bbox 1161 2198 1335 2234; x_wconf 77' lang='grc' dir='ltr'>φιλαλληλίας</span> <span class='ocrx_word' id='word_1_652' title='bbox 1352 2199 1512 2233; x_wconf 80' lang='grc' dir='ltr'>ἀνακομίζει</span> <span class='ocrx_word' id='word_1_653' title='bbox 1527 2199 1598 2226; x_wconf 84' lang='grc' dir='ltr'><strong>κατά</strong></span> <span class='ocrx_word' id='word_1_654' title='bbox 1614 2199 1711 2234; x_wconf 75' lang='grc' dir='ltr'><strong>βραχύ.</strong></span> <span class='ocrx_word' id='word_1_655' title='bbox 1732 2201 1868 2236; x_wconf 77' lang='grc' dir='ltr'>Πειρᾶται</span> 
     </span>
    </p>
   </div>
   <div class='ocr_carea' id='block_1_90' title="bbox 236 2241 1025 2282">
    <p class='ocr_par' dir='ltr' id='par_1_90' title="bbox 236 2241 1024 2278">
     <span class='ocr_line' id='line_1_90' title="bbox 236 2241 1024 2278; baseline 0.004 -10"><span class='ocrx_word' id='word_1_656' title='bbox 236 2241 337 2268; x_wconf 88' lang='lat' dir='ltr'><strong>ducat:</strong></span> <span class='ocrx_word' id='word_1_657' title='bbox 358 2246 474 2269; x_wconf 89' lang='lat' dir='ltr'><strong>conatur</strong></span> <span class='ocrx_word' id='word_1_658' title='bbox 493 2243 566 2269; x_wconf 89' lang='lat' dir='ltr'><strong>enim</strong></span> <span class='ocrx_word' id='word_1_659' title='bbox 581 2242 757 2277; x_wconf 84' lang='lat' dir='ltr'><strong>persuadere,</strong></span> <span class='ocrx_word' id='word_1_660' title='bbox 774 2246 804 2269; x_wconf 93' lang='lat' dir='ltr'><strong>ut</strong></span> <span class='ocrx_word' id='word_1_661' title='bbox 825 2242 897 2276; x_wconf 88' lang='lat' dir='ltr'><strong>ipsos</strong></span> <span class='ocrx_word' id='word_1_662' title='bbox 915 2251 1024 2278; x_wconf 89' lang='lat' dir='ltr'><strong>quoque</strong></span> 
     </span>
    </p>
   </div>
   <div class='ocr_carea' id='block_1_91' title="bbox 1080 2241 1868 2282">
    <p class='ocr_par' dir='ltr' id='par_1_91' title="bbox 1080 2245 1868 2282">
     <span class='ocr_line' id='line_1_91' title="bbox 1080 2245 1868 2282; baseline 0.004 -11"><span class='ocrx_word' id='word_1_663' title='bbox 1080 2245 1130 2281; x_wconf 78' lang='grc' dir='ltr'>γὰρ</span> <span class='ocrx_word' id='word_1_664' title='bbox 1153 2245 1321 2277; x_wconf 81' lang='grc' dir='ltr'>ἀναπείθειν,</span> <span class='ocrx_word' id='word_1_665' title='bbox 1346 2245 1393 2271; x_wconf 77' lang='grc' dir='ltr'>καὶ</span> <span class='ocrx_word' id='word_1_666' title='bbox 1415 2245 1514 2276; x_wconf 79' lang='grc' dir='ltr'>αὐτοὺς</span> <span class='ocrx_word' id='word_1_667' title='bbox 1535 2245 1645 2281; x_wconf 79' lang='grc' dir='ltr'>ἀγαπᾷν</span> <span class='ocrx_word' id='word_1_668' title='bbox 1660 2246 1723 2277; x_wconf 77' lang='grc' dir='ltr'>τοὺς</span> <span class='ocrx_word' id='word_1_669' title='bbox 1744 2255 1868 2282; x_wconf 85' lang='grc' dir='ltr'>προσκε-</span> 
     </span>
    </p>
   </div>
   <div class='ocr_carea' id='block_1_92' title="bbox 236 2287 1025 2323">
    <p class='ocr_par' dir='ltr' id='par_1_92' title="bbox 236 2287 1025 2323">
     <span class='ocr_line' id='line_1_92' title="bbox 236 2287 1025 2323; baseline 0.003 -9"><span class='ocrx_word' id='word_1_670' title='bbox 236 2287 388 2322; x_wconf 76' lang='lat' dir='ltr'><strong>diligamus,</strong></span> <span class='ocrx_word' id='word_1_671' title='bbox 410 2287 456 2322; x_wconf 91' lang='lat' dir='ltr'><strong>qui</strong></span> <span class='ocrx_word' id='word_1_672' title='bbox 477 2295 528 2314; x_wconf 88' lang='lat' dir='ltr'><strong>nos</strong></span> <span class='ocrx_word' id='word_1_673' title='bbox 542 2287 717 2314; x_wconf 84' lang='lat' dir='ltr'><strong>offenderunt</strong></span> <span class='ocrx_word' id='word_1_674' title='bbox 739 2292 787 2314; x_wconf 82' lang='lat' dir='ltr'><strong>:et</strong></span> <span class='ocrx_word' id='word_1_675' title='bbox 809 2287 888 2320; x_wconf 87' lang='lat' dir='ltr'><strong>iram,</strong></span> <span class='ocrx_word' id='word_1_676' title='bbox 903 2296 956 2323; x_wconf 89' lang='lat' dir='ltr'><strong>qua</strong></span> <span class='ocrx_word' id='word_1_677' title='bbox 977 2289 1025 2316; x_wconf 90' lang='lat' dir='ltr'><strong>ad-</strong></span> 
     </span>
    </p>
   </div>
   <div class='ocr_carea' id='block_1_93' title="bbox 235 2333 1024 2367">
    <p class='ocr_par' dir='ltr' id='par_1_93' title="bbox 235 2333 1024 2367">
     <span class='ocr_line' id='line_1_93' title="bbox 235 2333 1024 2367; baseline 0.003 -8"><span class='ocrx_word' id='word_1_678' title='bbox 235 2340 331 2360; x_wconf 90' lang='lat' dir='ltr'><strong>versus</strong></span> <span class='ocrx_word' id='word_1_679' title='bbox 351 2333 478 2360; x_wconf 88' lang='lat' dir='ltr'><strong>inimicos</strong></span> <span class='ocrx_word' id='word_1_680' title='bbox 499 2333 655 2364; x_wconf 89' lang='lat' dir='ltr'><strong>incitamur,</strong></span> <span class='ocrx_word' id='word_1_681' title='bbox 678 2340 855 2367; x_wconf 90' lang='lat' dir='ltr'><strong>superemus,</strong></span> <span class='ocrx_word' id='word_1_682' title='bbox 871 2341 904 2360; x_wconf 90' lang='lat' dir='ltr'><strong>ne</strong></span> <span class='ocrx_word' id='word_1_683' title='bbox 925 2342 939 2360; x_wconf 90' lang='lat' dir='ltr'><strong>a</strong></span> <span class='ocrx_word' id='word_1_684' title='bbox 953 2335 1024 2362; x_wconf 92' lang='lat' dir='ltr'><strong>malo</strong></span> 
     </span>
    </p>
   </div>
   <div class='ocr_carea' id='block_1_94' title="bbox 235 2378 1026 2413">
    <p class='ocr_par' dir='ltr' id='par_1_94' title="bbox 235 2378 1026 2413">
     <span class='ocr_line' id='line_1_94' title="bbox 235 2378 1026 2413; baseline 0.003 -7"><span class='ocrx_word' id='word_1_685' title='bbox 235 2378 388 2410; x_wconf 83' lang='lat' dir='ltr'><strong>vincamur,</strong></span> <span class='ocrx_word' id='word_1_686' title='bbox 399 2379 447 2406; x_wconf 86' lang='lat' dir='ltr'><strong>sed</strong></span> <span class='ocrx_word' id='word_1_687' title='bbox 458 2379 549 2413; x_wconf 88' lang='lat' dir='ltr'><strong>potius</strong></span> <span class='ocrx_word' id='word_1_688' title='bbox 559 2378 699 2406; x_wconf 84' lang='lat' dir='ltr'><strong>vincamus</strong></span> <span class='ocrx_word' id='word_1_689' title='bbox 712 2379 739 2405; x_wconf 92' lang='lat' dir='ltr'><strong>in</strong></span> <span class='ocrx_word' id='word_1_690' title='bbox 749 2379 822 2406; x_wconf 88' lang='lat' dir='ltr'><strong>bono</strong></span> <span class='ocrx_word' id='word_1_691' title='bbox 833 2379 943 2407; x_wconf 89' lang='lat' dir='ltr'><strong>malum.</strong></span> <span class='ocrx_word' id='word_1_692' title='bbox 953 2381 1026 2408; x_wconf 84' lang='lat' dir='ltr'><strong>Dixit</strong></span> 
     </span>
    </p>
   </div>
   <div class='ocr_carea' id='block_1_95' title="bbox 238 2424 1025 2459">
    <p class='ocr_par' dir='ltr' id='par_1_95' title="bbox 238 2424 1025 2459">
     <span class='ocr_line' id='line_1_95' title="bbox 238 2424 1025 2459; baseline 0.003 -7"><span class='ocrx_word' id='word_1_693' title='bbox 238 2425 312 2452; x_wconf 88' lang='lat' dir='ltr'><strong>enim</strong></span> <span class='ocrx_word' id='word_1_694' title='bbox 325 2432 420 2451; x_wconf 86' lang='lat' dir='ltr'><strong>rursus</strong></span> <span class='ocrx_word' id='word_1_695' title='bbox 434 2425 461 2451; x_wconf 87' lang='lat' dir='ltr'><strong>in</strong></span> <span class='ocrx_word' id='word_1_696' title='bbox 474 2424 566 2451; x_wconf 77' lang='lat' dir='ltr'><strong>Exodo</strong></span> <span class='ocrx_word' id='word_1_697' title='bbox 578 2424 689 2459; x_wconf 90' lang='lat' dir='ltr'><strong>quidem</strong></span> <span class='ocrx_word' id='word_1_698' title='bbox 703 2434 709 2451; x_wconf 85' lang='lat'>:</span> <span class='ocrx_word' id='word_1_699' title='bbox 726 2434 735 2450; x_wconf 88' lang='grc'><strong>(</strong></span> <span class='ocrx_word' id='word_1_700' title='bbox 751 2425 779 2454; x_wconf 89' lang='lat' dir='ltr'><strong>Si</strong></span> <span class='ocrx_word' id='word_1_701' title='bbox 792 2434 857 2453; x_wconf 90' lang='lat' dir='ltr'><strong>vero</strong></span> <span class='ocrx_word' id='word_1_702' title='bbox 869 2427 1025 2454; x_wconf 84' lang='lat' dir='ltr'><strong>oceurreris</strong></span> 
     </span>
    </p>
   </div>
   <div class='ocr_carea' id='block_1_96' title="bbox 239 2467 1023 2505">
    <p class='ocr_par' dir='ltr' id='par_1_96' title="bbox 239 2467 1023 2505">
     <span class='ocr_line' id='line_1_96' title="bbox 239 2467 1023 2505; baseline 0.008 -11"><span class='ocrx_word' id='word_1_703' title='bbox 239 2468 301 2495; x_wconf 81' lang='lat' dir='ltr'><strong>bovi</strong></span> <span class='ocrx_word' id='word_1_704' title='bbox 324 2467 426 2495; x_wconf 88' lang='lat' dir='ltr'><strong>inimici</strong></span> <span class='ocrx_word' id='word_1_705' title='bbox 442 2468 491 2500; x_wconf 90' lang='lat' dir='ltr'><strong>tui,</strong></span> <span class='ocrx_word' id='word_1_706' title='bbox 513 2469 555 2495; x_wconf 89' lang='lat' dir='ltr'><strong>vel</strong></span> <span class='ocrx_word' id='word_1_707' title='bbox 575 2469 710 2504; x_wconf 79' lang='lat' dir='ltr'><strong>subjugali</strong></span> <span class='ocrx_word' id='word_1_708' title='bbox 730 2470 799 2505; x_wconf 87' lang='lat' dir='ltr'><strong>ejus,</strong></span> <span class='ocrx_word' id='word_1_709' title='bbox 818 2472 974 2500; x_wconf 87' lang='lat' dir='ltr'><strong>errantibus</strong></span> <span class='ocrx_word' id='word_1_710' title='bbox 995 2474 1023 2500; x_wconf 90' lang='lat' dir='ltr'><strong>in</strong></span> 
     </span>
    </p>
   </div>
   <div class='ocr_carea' id='block_1_97' title="bbox 216 2512 1022 2553">
    <p class='ocr_par' dir='ltr' id='par_1_97' title="bbox 216 2512 1022 2553">
     <span class='ocr_line' id='line_1_97' title="bbox 216 2512 1022 2553; baseline 0.009 -15"><span class='ocrx_word' id='word_1_711' title='bbox 216 2513 289 2544; x_wconf 62' lang='lat' dir='ltr'><strong>&#39;via,</strong></span> <span class='ocrx_word' id='word_1_712' title='bbox 302 2512 436 2539; x_wconf 88' lang='lat' dir='ltr'><strong>reducens</strong></span> <span class='ocrx_word' id='word_1_713' title='bbox 450 2512 548 2540; x_wconf 86' lang='lat' dir='ltr'><strong>reddes</strong></span> <span class='ocrx_word' id='word_1_714' title='bbox 561 2513 612 2548; x_wconf 87' lang='lat' dir='ltr'><strong>ipsi</strong></span> <span class='ocrx_word' id='word_1_715' title='bbox 628 2522 634 2546; x_wconf 90' lang='lat'><strong>;</strong></span> <span class='ocrx_word' id='word_1_716' title='bbox 652 2514 674 2541; x_wconf 88' lang='lat' dir='ltr'><strong>si</strong></span> <span class='ocrx_word' id='word_1_717' title='bbox 686 2523 751 2542; x_wconf 88' lang='lat' dir='ltr'><strong>vero</strong></span> <span class='ocrx_word' id='word_1_718' title='bbox 764 2515 867 2543; x_wconf 88' lang='lat' dir='ltr'><strong>videris</strong></span> <span class='ocrx_word' id='word_1_719' title='bbox 881 2517 1022 2553; x_wconf 81' lang='lat' dir='ltr'><strong>subjugale</strong></span> 
     </span>
    </p>
   </div>
   <div class='ocr_carea' id='block_1_98' title="bbox 238 2558 1020 2598">
    <p class='ocr_par' dir='ltr' id='par_1_98' title="bbox 238 2558 1020 2598">
     <span class='ocr_line' id='line_1_98' title="bbox 238 2558 1020 2598; baseline 0.006 -12"><span class='ocrx_word' id='word_1_720' title='bbox 238 2558 342 2586; x_wconf 89' lang='lat' dir='ltr'><strong>inimici</strong></span> <span class='ocrx_word' id='word_1_721' title='bbox 360 2558 401 2586; x_wconf 92' lang='lat' dir='ltr'><strong>tui</strong></span> <span class='ocrx_word' id='word_1_722' title='bbox 414 2559 546 2586; x_wconf 86' lang='lat' dir='ltr'><strong>cecidisse</strong></span> <span class='ocrx_word' id='word_1_723' title='bbox 561 2560 612 2587; x_wconf 88' lang='lat' dir='ltr'><strong>sub</strong></span> <span class='ocrx_word' id='word_1_724' title='bbox 631 2561 736 2588; x_wconf 87' lang='lat' dir='ltr'><strong>sarcina</strong></span> <span class='ocrx_word' id='word_1_725' title='bbox 749 2562 817 2597; x_wconf 86' lang='lat' dir='ltr'><strong>ejus,</strong></span> <span class='ocrx_word' id='word_1_726' title='bbox 839 2570 893 2589; x_wconf 89' lang='lat' dir='ltr'><strong>non</strong></span> <span class='ocrx_word' id='word_1_727' title='bbox 907 2568 1020 2598; x_wconf 71' lang='lat' dir='ltr'><strong>praeter-</strong></span> 
     </span>
    </p>
   </div>
   <div class='ocr_carea' id='block_1_99' title="bbox 216 2598 1020 2642">
    <p class='ocr_par' dir='ltr' id='par_1_99' title="bbox 216 2598 1020 2642">
     <span class='ocr_line' id='line_1_99' title="bbox 216 2598 1020 2642; baseline 0.01 -13"><span class='ocrx_word' id='word_1_728' title='bbox 216 2598 222 2604; x_wconf 70' lang='grc'>’</span> <span class='ocrx_word' id='word_1_729' title='bbox 235 2603 288 2631; x_wconf 88' lang='lat' dir='ltr'><strong>ibis</strong></span> <span class='ocrx_word' id='word_1_730' title='bbox 301 2603 378 2636; x_wconf 91' lang='lat' dir='ltr'><strong>illud,</strong></span> <span class='ocrx_word' id='word_1_731' title='bbox 391 2603 439 2631; x_wconf 86' lang='lat' dir='ltr'><strong>sed</strong></span> <span class='ocrx_word' id='word_1_732' title='bbox 452 2604 532 2632; x_wconf 89' lang='lat' dir='ltr'><strong>simul</strong></span> <span class='ocrx_word' id='word_1_733' title='bbox 550 2605 680 2633; x_wconf 85' lang='lat' dir='ltr'><strong>allevabis</strong></span> <span class='ocrx_word' id='word_1_734' title='bbox 695 2614 756 2634; x_wconf 92' lang='lat' dir='ltr'><strong>cum</strong></span> <span class='ocrx_word' id='word_1_735' title='bbox 774 2607 833 2642; x_wconf 90' lang='lat' dir='ltr'><strong>ipso</strong></span> <span class='ocrx_word' id='word_1_736' title='bbox 843 2608 863 2635; x_wconf 82' lang='grc'>⁸.</span> <span class='ocrx_word' id='word_1_737' title='bbox 881 2618 889 2634; x_wconf 81' lang='grc' dir='ltr'><strong>ι</strong></span> <span class='ocrx_word' id='word_1_738' title='bbox 907 2609 935 2636; x_wconf 94' lang='lat' dir='ltr'><strong>ln</strong></span> <span class='ocrx_word' id='word_1_739' title='bbox 949 2609 1020 2637; x_wconf 88' lang='lat' dir='ltr'><strong>Deu-</strong></span> 
     </span>
    </p>
   </div>
   <div class='ocr_carea' id='block_1_100' title="bbox 237 2650 1021 2686">
    <p class='ocr_par' dir='ltr' id='par_1_100' title="bbox 237 2650 1021 2686">
     <span class='ocr_line' id='line_1_100' title="bbox 237 2650 1021 2686; baseline 0.011 -10"><span class='ocrx_word' id='word_1_740' title='bbox 237 2650 388 2676; x_wconf 88' lang='lat' dir='ltr'><strong>teronomio</strong></span> <span class='ocrx_word' id='word_1_741' title='bbox 405 2654 496 2678; x_wconf 89' lang='lat' dir='ltr'><strong>autem</strong></span> <span class='ocrx_word' id='word_1_742' title='bbox 510 2660 516 2678; x_wconf 91' lang='lat'><strong>:</strong></span> <span class='ocrx_word' id='word_1_743' title='bbox 532 2661 540 2676; x_wconf 80' lang='grc' dir='ltr'><strong>ι</strong></span> <span class='ocrx_word' id='word_1_744' title='bbox 555 2652 594 2679; x_wconf 84' lang='lat' dir='ltr'><strong>Ne</strong></span> <span class='ocrx_word' id='word_1_745' title='bbox 605 2653 700 2681; x_wconf 89' lang='lat' dir='ltr'><strong>videns</strong></span> <span class='ocrx_word' id='word_1_746' title='bbox 712 2654 809 2682; x_wconf 87' lang='lat' dir='ltr'><strong>bovem</strong></span> <span class='ocrx_word' id='word_1_747' title='bbox 823 2655 916 2683; x_wconf 80' lang='lat' dir='ltr'><strong>fratris</strong></span> <span class='ocrx_word' id='word_1_748' title='bbox 928 2658 971 2684; x_wconf 81' lang='lat' dir='ltr'><strong>tui</strong></span> <span class='ocrx_word' id='word_1_749' title='bbox 979 2659 1021 2686; x_wconf 91' lang='lat' dir='ltr'><strong>vel</strong></span> 
     </span>
    </p>
   </div>
   <div class='ocr_carea' id='block_1_101' title="bbox 235 2694 1022 2733">
    <p class='ocr_par' dir='ltr' id='par_1_101' title="bbox 235 2694 1022 2733">
     <span class='ocr_line' id='line_1_101' title="bbox 235 2694 1022 2733; baseline 0.013 -14"><span class='ocrx_word' id='word_1_750' title='bbox 235 2701 314 2720; x_wconf 87' lang='lat' dir='ltr'><strong>ovem</strong></span> <span class='ocrx_word' id='word_1_751' title='bbox 321 2694 415 2728; x_wconf 87' lang='lat' dir='ltr'><strong>ipsius,</strong></span> <span class='ocrx_word' id='word_1_752' title='bbox 424 2700 547 2723; x_wconf 83' lang='lat' dir='ltr'><strong>errantes</strong></span> <span class='ocrx_word' id='word_1_753' title='bbox 555 2697 582 2723; x_wconf 93' lang='lat' dir='ltr'><strong>in</strong></span> <span class='ocrx_word' id='word_1_754' title='bbox 591 2698 644 2729; x_wconf 84' lang='lat' dir='ltr'><strong>via,</strong></span> <span class='ocrx_word' id='word_1_755' title='bbox 652 2698 785 2733; x_wconf 87' lang='lat' dir='ltr'><strong>despicias</strong></span> <span class='ocrx_word' id='word_1_756' title='bbox 794 2700 838 2727; x_wconf 90' lang='lat' dir='ltr'><strong>illa</strong></span> <span class='ocrx_word' id='word_1_757' title='bbox 850 2709 856 2727; x_wconf 91' lang='lat'><strong>:</strong></span> <span class='ocrx_word' id='word_1_758' title='bbox 866 2701 1022 2729; x_wconf 87' lang='lat' dir='ltr'><strong>reducendo</strong></span> 
     </span>
    </p>
   </div>
   <div class='ocr_carea' id='block_1_102' title="bbox 236 2739 1022 2777">
    <p class='ocr_par' dir='ltr' id='par_1_102' title="bbox 236 2739 1022 2777">
     <span class='ocr_line' id='line_1_102' title="bbox 236 2739 1022 2777; baseline 0.01 -11"><span class='ocrx_word' id='word_1_759' title='bbox 236 2739 350 2768; x_wconf 87' lang='lat' dir='ltr'><strong>reduces</strong></span> <span class='ocrx_word' id='word_1_760' title='bbox 358 2740 415 2775; x_wconf 91' lang='lat' dir='ltr'><strong>ipsa</strong></span> <span class='ocrx_word' id='word_1_761' title='bbox 422 2741 500 2768; x_wconf 80' lang='lat' dir='ltr'><strong>fratri</strong></span> <span class='ocrx_word' id='word_1_762' title='bbox 512 2746 558 2769; x_wconf 92' lang='lat' dir='ltr'><strong>tuo</strong></span> <span class='ocrx_word' id='word_1_763' title='bbox 569 2743 655 2777; x_wconf 90' lang='lat' dir='ltr'><strong>:quod</strong></span> <span class='ocrx_word' id='word_1_764' title='bbox 668 2744 689 2771; x_wconf 87' lang='lat' dir='ltr'><strong>si</strong></span> <span class='ocrx_word' id='word_1_765' title='bbox 699 2745 783 2772; x_wconf 82' lang='lat' dir='ltr'><strong>frater</strong></span> <span class='ocrx_word' id='word_1_766' title='bbox 796 2749 860 2772; x_wconf 90' lang='lat' dir='ltr'><strong>tuu-s</strong></span> <span class='ocrx_word' id='word_1_767' title='bbox 873 2754 926 2773; x_wconf 89' lang='lat' dir='ltr'><strong>non</strong></span> <span class='ocrx_word' id='word_1_768' title='bbox 938 2746 1022 2774; x_wconf 83' lang='lat' dir='ltr'><strong>fuerit</strong></span> 
     </span>
    </p>
   </div>
   <div class='ocr_carea' id='block_1_103' title="bbox 236 2789 1021 2822">
    <p class='ocr_par' dir='ltr' id='par_1_103' title="bbox 236 2789 1021 2822">
     <span class='ocr_line' id='line_1_103' title="bbox 236 2789 1021 2822; baseline 0.009 -10"><span class='ocrx_word' id='word_1_769' title='bbox 236 2792 320 2820; x_wconf 81' lang='lat' dir='ltr'><strong>prope</strong></span> <span class='ocrx_word' id='word_1_770' title='bbox 332 2789 368 2818; x_wconf 79' lang='lat' dir='ltr'><strong>te,</strong></span> <span class='ocrx_word' id='word_1_771' title='bbox 380 2794 468 2822; x_wconf 85' lang='lat' dir='ltr'><strong>neque</strong></span> <span class='ocrx_word' id='word_1_772' title='bbox 478 2789 589 2815; x_wconf 85' lang='lat' dir='ltr'><strong>noveris</strong></span> <span class='ocrx_word' id='word_1_773' title='bbox 599 2796 674 2821; x_wconf 89' lang='lat' dir='ltr'><strong>eum,</strong></span> <span class='ocrx_word' id='word_1_774' title='bbox 686 2790 771 2818; x_wconf 82' lang='lat' dir='ltr'><strong>duces</strong></span> <span class='ocrx_word' id='word_1_775' title='bbox 782 2799 813 2818; x_wconf 85' lang='lat' dir='ltr'><strong>ea</strong></span> <span class='ocrx_word' id='word_1_776' title='bbox 828 2792 900 2818; x_wconf 91' lang='lat' dir='ltr'><strong>intra</strong></span> <span class='ocrx_word' id='word_1_777' title='bbox 909 2792 1021 2819; x_wconf 86' lang='lat' dir='ltr'><strong>domum</strong></span> 
     </span>
    </p>
   </div>
   <div class='ocr_carea' id='block_1_104' title="bbox 271 2872 548 2907">
    <p class='ocr_par' dir='ltr' id='par_1_104' title="bbox 271 2872 548 2907">
     <span class='ocr_line' id='line_1_104' title="bbox 271 2872 548 2907; baseline 0.007 -7"><span class='ocrx_word' id='word_1_778' title='bbox 271 2872 372 2901; x_wconf 77' lang='lat' dir='ltr'><strong>&#39;Deut.</strong></span> <span class='ocrx_word' id='word_1_779' title='bbox 398 2882 462 2907; x_wconf 78' lang='lat' dir='ltr'><strong>nu,</strong></span> <span class='ocrx_word' id='word_1_780' title='bbox 481 2876 506 2907; x_wconf 87' lang='lat'><strong>6,</strong></span> <span class='ocrx_word' id='word_1_781' title='bbox 525 2876 548 2902; x_wconf 85' lang='lat'><strong>7.</strong></span> 
     </span>
    </p>
   </div>
   <div class='ocr_carea' id='block_1_105' title="bbox 1075 2290 1870 2328">
    <p class='ocr_par' dir='ltr' id='par_1_105' title="bbox 1075 2290 1870 2328">
     <span class='ocr_line' id='line_1_105' title="bbox 1075 2290 1870 2328; baseline 0.003 -10"><span class='ocrx_word' id='word_1_782' title='bbox 1075 2291 1244 2327; x_wconf 82' lang='grc' dir='ltr'>κρουκότας,</span> <span class='ocrx_word' id='word_1_783' title='bbox 1272 2291 1319 2317; x_wconf 74' lang='grc' dir='ltr'>καὶ</span> <span class='ocrx_word' id='word_1_784' title='bbox 1344 2290 1434 2326; x_wconf 81' lang='grc' dir='ltr'>λύπης</span> <span class='ocrx_word' id='word_1_785' title='bbox 1453 2291 1583 2326; x_wconf 83' lang='grc' dir='ltr'>ἀμείνους</span> <span class='ocrx_word' id='word_1_786' title='bbox 1608 2291 1724 2328; x_wconf 78' lang='grc' dir='ltr'>ὁρᾶσθαι</span> <span class='ocrx_word' id='word_1_787' title='bbox 1749 2293 1802 2327; x_wconf 78' lang='grc' dir='ltr'>τῆς</span> <span class='ocrx_word' id='word_1_788' title='bbox 1828 2295 1870 2324; x_wconf 82' lang='grc' dir='ltr'>εἰς</span> 
     </span>
    </p>
   </div>
   <div class='ocr_carea' id='block_1_106' title="bbox 1075 2336 1869 2373">
    <p class='ocr_par' dir='ltr' id='par_1_106' title="bbox 1075 2336 1869 2373">
     <span class='ocr_line' id='line_1_106' title="bbox 1075 2336 1869 2373; baseline 0.004 -10"><span class='ocrx_word' id='word_1_789' title='bbox 1075 2337 1199 2373; x_wconf 82' lang='grc' dir='ltr'>ἐχθροὺς,</span> <span class='ocrx_word' id='word_1_790' title='bbox 1214 2336 1251 2372; x_wconf 86' lang='grc' dir='ltr'>μὴ</span> <span class='ocrx_word' id='word_1_791' title='bbox 1264 2337 1317 2363; x_wconf 82' lang='grc' dir='ltr'>ὑπὸ</span> <span class='ocrx_word' id='word_1_792' title='bbox 1330 2337 1376 2363; x_wconf 83' lang='grc' dir='ltr'>τοῦ</span> <span class='ocrx_word' id='word_1_793' title='bbox 1390 2337 1475 2364; x_wconf 75' lang='grc' dir='ltr'>κακοῦ</span> <span class='ocrx_word' id='word_1_794' title='bbox 1491 2337 1672 2372; x_wconf 83' lang='grc' dir='ltr'>νικωμένους,</span> <span class='ocrx_word' id='word_1_795' title='bbox 1689 2339 1827 2371; x_wconf 84' lang='grc' dir='ltr'>νικῶντας</span> <span class='ocrx_word' id='word_1_796' title='bbox 1840 2341 1869 2366; x_wconf 77' lang='grc' dir='ltr'><strong>δὲ</strong></span> 
     </span>
    </p>
   </div>
   <div class='ocr_carea' id='block_1_107' title="bbox 1078 2381 1869 2420">
    <p class='ocr_par' dir='ltr' id='par_1_107' title="bbox 1078 2381 1869 2420">
     <span class='ocr_line' id='line_1_107' title="bbox 1078 2381 1869 2420; baseline 0.001 -11"><span class='ocrx_word' id='word_1_797' title='bbox 1078 2383 1179 2418; x_wconf 82' lang='grc' dir='ltr'>μᾶλλον</span> <span class='ocrx_word' id='word_1_798' title='bbox 1200 2383 1229 2409; x_wconf 85' lang='grc' dir='ltr'>ὲν</span> <span class='ocrx_word' id='word_1_799' title='bbox 1248 2381 1286 2417; x_wconf 83' lang='grc' dir='ltr'>τῷ</span> <span class='ocrx_word' id='word_1_800' title='bbox 1300 2383 1395 2417; x_wconf 83' lang='grc' dir='ltr'>ἀγαθῷ</span> <span class='ocrx_word' id='word_1_801' title='bbox 1408 2383 1438 2409; x_wconf 86' lang='grc' dir='ltr'>τὸ</span> <span class='ocrx_word' id='word_1_802' title='bbox 1453 2383 1546 2410; x_wconf 81' lang='grc' dir='ltr'>κακόν.</span> <span class='ocrx_word' id='word_1_803' title='bbox 1570 2384 1642 2419; x_wconf 81' lang='grc' dir='ltr'><strong>Ἔφη</strong></span> <span class='ocrx_word' id='word_1_804' title='bbox 1661 2384 1714 2420; x_wconf 79' lang='grc' dir='ltr'>γὰρ</span> <span class='ocrx_word' id='word_1_805' title='bbox 1738 2385 1823 2412; x_wconf 80' lang='grc' dir='ltr'>πάλιν</span> <span class='ocrx_word' id='word_1_806' title='bbox 1839 2386 1869 2411; x_wconf 76' lang='grc' dir='ltr'>ἐν</span> 
     </span>
    </p>
   </div>
   <div class='ocr_carea' id='block_1_108' title="bbox 1077 2428 1867 2466">
    <p class='ocr_par' dir='ltr' id='par_1_108' title="bbox 1077 2428 1867 2466">
     <span class='ocr_line' id='line_1_108' title="bbox 1077 2428 1867 2466; baseline 0.005 -12"><span class='ocrx_word' id='word_1_807' title='bbox 1077 2429 1126 2463; x_wconf 79' lang='grc' dir='ltr'>μὲν</span> <span class='ocrx_word' id='word_1_808' title='bbox 1150 2429 1183 2464; x_wconf 80' lang='grc' dir='ltr'>τῇ</span> <span class='ocrx_word' id='word_1_809' title='bbox 1207 2428 1319 2464; x_wconf 73' lang='grc' dir='ltr'><strong>Ἐξόδῳ·</strong></span> <span class='ocrx_word' id='word_1_810' title='bbox 1339 2438 1348 2454; x_wconf 74' lang='grc' dir='ltr'><strong>ι</strong></span> <span class='ocrx_word' id='word_1_811' title='bbox 1375 2429 1438 2456; x_wconf 84' lang='grc' dir='ltr'>Ἐἀν</span> <span class='ocrx_word' id='word_1_812' title='bbox 1464 2429 1492 2456; x_wconf 81' lang='grc' dir='ltr'><strong>δὲ</strong></span> <span class='ocrx_word' id='word_1_813' title='bbox 1516 2431 1685 2466; x_wconf 83' lang='grc' dir='ltr'>συναντήσῃς</span> <span class='ocrx_word' id='word_1_814' title='bbox 1699 2431 1738 2466; x_wconf 88' lang='grc' dir='ltr'>τῷ</span> <span class='ocrx_word' id='word_1_815' title='bbox 1760 2431 1803 2466; x_wconf 75' lang='grc' dir='ltr'><strong>βοῒ</strong></span> <span class='ocrx_word' id='word_1_816' title='bbox 1819 2432 1867 2459; x_wconf 78' lang='grc' dir='ltr'><strong>τοῦ</strong></span> 
     </span>
    </p>
   </div>
   <div class='ocr_carea' id='block_1_109' title="bbox 1076 2473 1867 2511">
    <p class='ocr_par' dir='ltr' id='par_1_109' title="bbox 1076 2473 1867 2511">
     <span class='ocr_line' id='line_1_109' title="bbox 1076 2473 1867 2511; baseline 0.005 -11"><span class='ocrx_word' id='word_1_817' title='bbox 1076 2473 1173 2509; x_wconf 68' lang='grc' dir='ltr'>ἐχθροῦ</span> <span class='ocrx_word' id='word_1_818' title='bbox 1188 2481 1234 2500; x_wconf 90' lang='grc' dir='ltr'><strong>σου</strong></span> <span class='ocrx_word' id='word_1_819' title='bbox 1247 2495 1255 2507; x_wconf 93' lang='grc'><strong>,</strong></span> <span class='ocrx_word' id='word_1_820' title='bbox 1270 2474 1286 2509; x_wconf 84' lang='grc' dir='ltr'>ἢ</span> <span class='ocrx_word' id='word_1_821' title='bbox 1305 2473 1345 2508; x_wconf 86' lang='grc' dir='ltr'><strong>τῷ</strong></span> <span class='ocrx_word' id='word_1_822' title='bbox 1360 2474 1499 2510; x_wconf 76' lang='grc' dir='ltr'><strong>ὑποζυγίῳ</strong></span> <span class='ocrx_word' id='word_1_823' title='bbox 1513 2475 1596 2502; x_wconf 80' lang='grc' dir='ltr'>αὐτοῦ</span> <span class='ocrx_word' id='word_1_824' title='bbox 1606 2497 1613 2508; x_wconf 87' lang='grc'><strong>,</strong></span> <span class='ocrx_word' id='word_1_825' title='bbox 1628 2476 1819 2511; x_wconf 76' lang='grc' dir='ltr'>πλανωμένοις</span> <span class='ocrx_word' id='word_1_826' title='bbox 1838 2479 1867 2504; x_wconf 85' lang='grc' dir='ltr'>ὲν</span> 
     </span>
    </p>
   </div>
   <div class='ocr_carea' id='block_1_110' title="bbox 1076 2517 1868 2558">
    <p class='ocr_par' dir='ltr' id='par_1_110' title="bbox 1076 2517 1868 2558">
     <span class='ocr_line' id='line_1_110' title="bbox 1076 2517 1868 2558; baseline 0.006 -14"><span class='ocrx_word' id='word_1_827' title='bbox 1076 2520 1109 2553; x_wconf 84' lang='grc' dir='ltr'>τῇ</span> <span class='ocrx_word' id='word_1_828' title='bbox 1126 2517 1188 2553; x_wconf 80' lang='grc' dir='ltr'><strong>ὁδῷ,</strong></span> <span class='ocrx_word' id='word_1_829' title='bbox 1200 2518 1375 2553; x_wconf 80' lang='grc' dir='ltr'>ἀποστρέψας</span> <span class='ocrx_word' id='word_1_830' title='bbox 1388 2519 1537 2550; x_wconf 76' lang='grc' dir='ltr'>ἀποδώσεις</span> <span class='ocrx_word' id='word_1_831' title='bbox 1553 2520 1628 2555; x_wconf 80' lang='grc' dir='ltr'>αὐτῷ</span> <span class='ocrx_word' id='word_1_832' title='bbox 1639 2529 1646 2535; x_wconf 94' lang='grc'><strong>·</strong></span> <span class='ocrx_word' id='word_1_833' title='bbox 1660 2521 1707 2548; x_wconf 76' lang='grc' dir='ltr'><strong>ἐὰν</strong></span> <span class='ocrx_word' id='word_1_834' title='bbox 1720 2522 1749 2548; x_wconf 75' lang='grc' dir='ltr'><strong>δὲ</strong></span> <span class='ocrx_word' id='word_1_835' title='bbox 1765 2522 1824 2558; x_wconf 77' lang='grc' dir='ltr'><strong>ἴδῃς</strong></span> <span class='ocrx_word' id='word_1_836' title='bbox 1837 2524 1868 2549; x_wconf 79' lang='grc' dir='ltr'>τὸ</span> 
     </span>
    </p>
   </div>
   <div class='ocr_carea' id='block_1_111' title="bbox 1076 2563 1867 2603">
    <p class='ocr_par' dir='ltr' id='par_1_111' title="bbox 1076 2563 1867 2603">
     <span class='ocr_line' id='line_1_111' title="bbox 1076 2563 1867 2603; baseline 0.006 -13"><span class='ocrx_word' id='word_1_837' title='bbox 1076 2564 1223 2598; x_wconf 78' lang='grc' dir='ltr'>ὑποζύγιον</span> <span class='ocrx_word' id='word_1_838' title='bbox 1240 2563 1287 2590; x_wconf 81' lang='grc' dir='ltr'>τοῦ</span> <span class='ocrx_word' id='word_1_839' title='bbox 1304 2564 1402 2599; x_wconf 72' lang='grc' dir='ltr'>ἐχθροῦ</span> <span class='ocrx_word' id='word_1_840' title='bbox 1419 2573 1464 2591; x_wconf 86' lang='grc' dir='ltr'><strong>σου</strong></span> <span class='ocrx_word' id='word_1_841' title='bbox 1486 2566 1630 2598; x_wconf 79' lang='grc' dir='ltr'>πεπτωκὸς</span> <span class='ocrx_word' id='word_1_842' title='bbox 1645 2567 1698 2593; x_wconf 85' lang='grc' dir='ltr'><strong>ὑπὸ</strong></span> <span class='ocrx_word' id='word_1_843' title='bbox 1717 2568 1763 2594; x_wconf 79' lang='grc' dir='ltr'>τὸν</span> <span class='ocrx_word' id='word_1_844' title='bbox 1780 2569 1867 2603; x_wconf 81' lang='grc' dir='ltr'>γόμον</span> 
     </span>
    </p>
   </div>
   <div class='ocr_carea' id='block_1_112' title="bbox 1074 2609 1868 2648">
    <p class='ocr_par' dir='ltr' id='par_1_112' title="bbox 1074 2609 1868 2648">
     <span class='ocr_line' id='line_1_112' title="bbox 1074 2609 1868 2648; baseline 0.004 -11"><span class='ocrx_word' id='word_1_845' title='bbox 1074 2609 1167 2643; x_wconf 81' lang='grc' dir='ltr'>αὐτοῦ,</span> <span class='ocrx_word' id='word_1_846' title='bbox 1188 2609 1219 2636; x_wconf 86' lang='grc' dir='ltr'><strong>οὐ</strong></span> <span class='ocrx_word' id='word_1_847' title='bbox 1236 2609 1394 2645; x_wconf 85' lang='grc' dir='ltr'>παρελεύσῃ</span> <span class='ocrx_word' id='word_1_848' title='bbox 1419 2610 1495 2643; x_wconf 77' lang='grc' dir='ltr'>αὐτὸ,</span> <span class='ocrx_word' id='word_1_849' title='bbox 1520 2611 1588 2637; x_wconf 87' lang='grc' dir='ltr'><strong>ἀλλά</strong></span> <span class='ocrx_word' id='word_1_850' title='bbox 1616 2614 1773 2648; x_wconf 86' lang='grc' dir='ltr'>συνεγερείς</span> <span class='ocrx_word' id='word_1_851' title='bbox 1798 2614 1868 2640; x_wconf 75' lang='grc' dir='ltr'>αὐτὸ</span> 
     </span>
    </p>
   </div>
   <div class='ocr_carea' id='block_1_113' title="bbox 1077 2655 1867 2693">
    <p class='ocr_par' dir='ltr' id='par_1_113' title="bbox 1077 2655 1867 2693">
     <span class='ocr_line' id='line_1_113' title="bbox 1077 2655 1867 2693; baseline 0.005 -11"><span class='ocrx_word' id='word_1_852' title='bbox 1077 2657 1134 2691; x_wconf 80' lang='grc' dir='ltr'>μετ’</span> <span class='ocrx_word' id='word_1_853' title='bbox 1146 2655 1239 2682; x_wconf 81' lang='grc' dir='ltr'><strong>αὑτοῦ.</strong></span> <span class='ocrx_word' id='word_1_854' title='bbox 1248 2664 1257 2680; x_wconf 72' lang='grc' dir='ltr'><strong>ι</strong></span> <span class='ocrx_word' id='word_1_855' title='bbox 1276 2655 1319 2681; x_wconf 83' lang='grc' dir='ltr'>Ἐν</span> <span class='ocrx_word' id='word_1_856' title='bbox 1333 2655 1361 2681; x_wconf 85' lang='grc' dir='ltr'>δὲ</span> <span class='ocrx_word' id='word_1_857' title='bbox 1372 2655 1409 2691; x_wconf 78' lang='grc' dir='ltr'><strong>τῷ</strong></span> <span class='ocrx_word' id='word_1_858' title='bbox 1423 2656 1623 2692; x_wconf 84' lang='grc' dir='ltr'>Δευτερονομίῳ</span> <span class='ocrx_word' id='word_1_859' title='bbox 1634 2667 1640 2673; x_wconf 90' lang='grc'><strong>·</strong></span> <span class='ocrx_word' id='word_1_860' title='bbox 1655 2668 1664 2684; x_wconf 73' lang='grc' dir='ltr'><strong>ι</strong></span> <span class='ocrx_word' id='word_1_861' title='bbox 1679 2659 1725 2693; x_wconf 85' lang='grc' dir='ltr'><strong>Μὴ</strong></span> <span class='ocrx_word' id='word_1_862' title='bbox 1739 2658 1802 2685; x_wconf 86' lang='grc' dir='ltr'>ίδὼν</span> <span class='ocrx_word' id='word_1_863' title='bbox 1819 2661 1867 2686; x_wconf 77' lang='grc' dir='ltr'>τὸν</span> 
     </span>
    </p>
   </div>
   <div class='ocr_carea' id='block_1_114' title="bbox 1077 2701 1866 2739">
    <p class='ocr_par' dir='ltr' id='par_1_114' title="bbox 1077 2701 1866 2739">
     <span class='ocr_line' id='line_1_114' title="bbox 1077 2701 1866 2739; baseline 0.006 -12"><span class='ocrx_word' id='word_1_864' title='bbox 1077 2702 1176 2737; x_wconf 85' lang='grc' dir='ltr'>μόσχον</span> <span class='ocrx_word' id='word_1_865' title='bbox 1189 2701 1236 2728; x_wconf 82' lang='grc' dir='ltr'><strong>τοῦ</strong></span> <span class='ocrx_word' id='word_1_866' title='bbox 1251 2701 1365 2735; x_wconf 82' lang='grc' dir='ltr'>ἀδελφοῦ</span> <span class='ocrx_word' id='word_1_867' title='bbox 1381 2710 1439 2735; x_wconf 85' lang='grc' dir='ltr'>σου,</span> <span class='ocrx_word' id='word_1_868' title='bbox 1454 2702 1470 2737; x_wconf 85' lang='grc' dir='ltr'>ἢ</span> <span class='ocrx_word' id='word_1_869' title='bbox 1487 2703 1516 2729; x_wconf 79' lang='grc' dir='ltr'>τὸ</span> <span class='ocrx_word' id='word_1_870' title='bbox 1535 2704 1671 2739; x_wconf 80' lang='grc' dir='ltr'>πρόὸατον</span> <span class='ocrx_word' id='word_1_871' title='bbox 1683 2705 1779 2737; x_wconf 79' lang='grc' dir='ltr'>αὐτοῦ,</span> <span class='ocrx_word' id='word_1_872' title='bbox 1795 2705 1866 2732; x_wconf 78' lang='grc' dir='ltr'>πλα-</span> 
     </span>
    </p>
   </div>
   <div class='ocr_carea' id='block_1_115' title="bbox 1074 2746 1866 2787">
    <p class='ocr_par' dir='ltr' id='par_1_115' title="bbox 1074 2746 1866 2787">
     <span class='ocr_line' id='line_1_115' title="bbox 1074 2746 1866 2787; baseline 0.008 -14"><span class='ocrx_word' id='word_1_873' title='bbox 1074 2747 1182 2782; x_wconf 83' lang='grc' dir='ltr'>νώμενα</span> <span class='ocrx_word' id='word_1_874' title='bbox 1194 2748 1223 2773; x_wconf 82' lang='grc' dir='ltr'>ἐν</span> <span class='ocrx_word' id='word_1_875' title='bbox 1238 2748 1271 2782; x_wconf 88' lang='grc' dir='ltr'>τῇ</span> <span class='ocrx_word' id='word_1_876' title='bbox 1285 2746 1349 2781; x_wconf 84' lang='grc' dir='ltr'>ὁδῷ,</span> <span class='ocrx_word' id='word_1_877' title='bbox 1368 2747 1499 2783; x_wconf 80' lang='grc' dir='ltr'>ὑπερίδῃς</span> <span class='ocrx_word' id='word_1_878' title='bbox 1511 2750 1582 2776; x_wconf 82' lang='grc' dir='ltr'>αὑτά</span> <span class='ocrx_word' id='word_1_879' title='bbox 1593 2758 1600 2765; x_wconf 87' lang='grc'><strong>·</strong></span> <span class='ocrx_word' id='word_1_880' title='bbox 1615 2751 1778 2787; x_wconf 75' lang='grc' dir='ltr'>ἀποστροφῇ</span> <span class='ocrx_word' id='word_1_881' title='bbox 1798 2753 1866 2778; x_wconf 86' lang='grc' dir='ltr'>ἀπο-</span> 
     </span>
    </p>
   </div>
   <div class='ocr_carea' id='block_1_116' title="bbox 1076 2793 1867 2834">
    <p class='ocr_par' dir='ltr' id='par_1_116' title="bbox 1076 2793 1867 2834">
     <span class='ocr_line' id='line_1_116' title="bbox 1076 2793 1867 2834; baseline 0.008 -15"><span class='ocrx_word' id='word_1_882' title='bbox 1076 2793 1200 2828; x_wconf 78' lang='grc' dir='ltr'>στρέψεις</span> <span class='ocrx_word' id='word_1_883' title='bbox 1215 2793 1284 2820; x_wconf 78' lang='grc' dir='ltr'><strong>αὑτά</strong></span> <span class='ocrx_word' id='word_1_884' title='bbox 1308 2793 1346 2829; x_wconf 82' lang='grc' dir='ltr'>τῷ</span> <span class='ocrx_word' id='word_1_885' title='bbox 1363 2794 1471 2830; x_wconf 85' lang='grc' dir='ltr'>ἀδελφῷ</span> <span class='ocrx_word' id='word_1_886' title='bbox 1488 2804 1534 2822; x_wconf 85' lang='grc' dir='ltr'><strong>σου</strong></span> <span class='ocrx_word' id='word_1_887' title='bbox 1546 2803 1552 2811; x_wconf 88' lang='grc'>·</span> <span class='ocrx_word' id='word_1_888' title='bbox 1568 2795 1616 2823; x_wconf 72' lang='grc' dir='ltr'><strong>ἐὰν</strong></span> <span class='ocrx_word' id='word_1_889' title='bbox 1632 2796 1661 2823; x_wconf 83' lang='grc' dir='ltr'><strong>δὲ</strong></span> <span class='ocrx_word' id='word_1_890' title='bbox 1678 2797 1716 2832; x_wconf 86' lang='grc' dir='ltr'>μὴ</span> <span class='ocrx_word' id='word_1_891' title='bbox 1730 2797 1831 2834; x_wconf 57' lang='lat' dir='ltr'><strong>enim</strong></span> <span class='ocrx_word' id='word_1_892' title='bbox 1850 2802 1867 2828; x_wconf 74' lang='grc' dir='ltr'>ὁ</span> 
     </span>
    </p>
   </div>
   <div class='ocr_carea' id='block_1_117' title="bbox 588 2877 1187 2912">
    <p class='ocr_par' dir='ltr' id='par_1_117' title="bbox 588 2877 1187 2912">
     <span class='ocr_line' id='line_1_117' title="bbox 588 2877 1187 2912; baseline 0.007 -9"><span class='ocrx_word' id='word_1_893' title='bbox 588 2877 619 2903; x_wconf 75' lang='grc'><strong>⁸1</strong></span> <span class='ocrx_word' id='word_1_894' title='bbox 636 2877 698 2904; x_wconf 83' lang='lat' dir='ltr'><strong>Cor.</strong></span> <span class='ocrx_word' id='word_1_895' title='bbox 719 2885 754 2907; x_wconf 78' lang='lat' dir='ltr'><strong>Ix.</strong></span> <span class='ocrx_word' id='word_1_896' title='bbox 772 2878 798 2909; x_wconf 80' lang='lat'><strong>9,</strong></span> <span class='ocrx_word' id='word_1_897' title='bbox 817 2878 859 2904; x_wconf 82' lang='grc'><strong>10.</strong></span> <span class='ocrx_word' id='word_1_898' title='bbox 899 2879 909 2894; x_wconf 81' lang='grc'><strong>⁸</strong></span> <span class='ocrx_word' id='word_1_899' title='bbox 927 2879 1012 2906; x_wconf 77' lang='lat' dir='ltr'><strong>Exod.</strong></span> <span class='ocrx_word' id='word_1_900' title='bbox 1039 2887 1113 2912; x_wconf 76' lang='lat' dir='ltr'><strong>mn,</strong></span> <span class='ocrx_word' id='word_1_901' title='bbox 1133 2880 1187 2907; x_wconf 78' lang='grc'><strong>4-6.</strong></span> 
     </span>
    </p>
   </div>
  </div>
