  <div class='ocr_page' id='page_1' title='image "/cluster/home/n/w/nwhite01/storage/ocr_20150623/68/njp.32101077772711/342.png"; bbox 0 0 1939 3041; ppageno 0'>
   <div class='ocr_carea' id='block_1_1' title="bbox 71 193 122 221">
    <p class='ocr_par' dir='ltr' id='par_1_1' title="bbox 71 193 122 221">
     <span class='ocr_line' id='line_1_1' title="bbox 71 193 122 221; baseline 0 0"><span class='ocrx_word' id='word_1_1' title='bbox 71 193 122 221; x_wconf 76' lang='lat'><strong>56!</strong></span> 
     </span>
    </p>
   </div>
   <div class='ocr_carea' id='block_1_2' title="bbox 428 193 1362 223">
    <p class='ocr_par' dir='ltr' id='par_1_2' title="bbox 428 193 1362 223">
     <span class='ocr_line' id='line_1_2' title="bbox 428 193 1362 223; baseline -0.001 -1"><span class='ocrx_word' id='word_1_2' title='bbox 428 194 471 222; x_wconf 83' lang='lat' dir='ltr'><strong>DE</strong></span> <span class='ocrx_word' id='word_1_3' title='bbox 490 194 710 223; x_wconf 74' lang='lat' dir='ltr'><strong>ADORATIONE</strong></span> <span class='ocrx_word' id='word_1_4' title='bbox 730 195 763 222; x_wconf 87' lang='lat' dir='ltr'><strong>IN</strong></span> <span class='ocrx_word' id='word_1_5' title='bbox 784 193 919 223; x_wconf 77' lang='lat' dir='ltr'><strong>SPlBlTU</strong></span> <span class='ocrx_word' id='word_1_6' title='bbox 941 193 984 221; x_wconf 89' lang='lat' dir='ltr'><strong>ET</strong></span> <span class='ocrx_word' id='word_1_7' title='bbox 1005 193 1188 222; x_wconf 77' lang='lat' dir='ltr'><strong>VERl&#39;FATE.</strong></span> <span class='ocrx_word' id='word_1_8' title='bbox 1211 193 1274 221; x_wconf 80' lang='lat' dir='ltr'><strong>LIB.</strong></span> <span class='ocrx_word' id='word_1_9' title='bbox 1297 193 1362 221; x_wconf 72' lang='lat' dir='ltr'><strong>Vill.</strong></span> 
     </span>
    </p>
   </div>
   <div class='ocr_carea' id='block_1_3' title="bbox 1643 194 1696 222">
    <p class='ocr_par' dir='ltr' id='par_1_3' title="bbox 1643 194 1696 222">
     <span class='ocr_line' id='line_1_3' title="bbox 1643 194 1696 222; baseline 0 0"><span class='ocrx_word' id='word_1_10' title='bbox 1643 194 1696 222; x_wconf 72' lang='lat'><strong>562</strong></span> 
     </span>
    </p>
   </div>
   <div class='ocr_carea' id='block_1_4' title="bbox 70 247 859 288">
    <p class='ocr_par' dir='ltr' id='par_1_4' title="bbox 70 251 859 288">
     <span class='ocr_line' id='line_1_4' title="bbox 70 251 859 288; baseline 0.003 -11"><span class='ocrx_word' id='word_1_11' title='bbox 70 251 186 286; x_wconf 69' lang='grc' dir='ltr'>ἁδελφός</span> <span class='ocrx_word' id='word_1_12' title='bbox 199 260 248 278; x_wconf 81' lang='grc' dir='ltr'><strong>σου</strong></span> <span class='ocrx_word' id='word_1_13' title='bbox 263 253 332 286; x_wconf 80' lang='grc' dir='ltr'>πρὸς</span> <span class='ocrx_word' id='word_1_14' title='bbox 345 251 385 283; x_wconf 80' lang='grc' dir='ltr'><strong>σὲ,</strong></span> <span class='ocrx_word' id='word_1_15' title='bbox 397 252 464 287; x_wconf 83' lang='grc' dir='ltr'>μηδὲ</span> <span class='ocrx_word' id='word_1_16' title='bbox 481 253 614 288; x_wconf 78' lang='grc' dir='ltr'><strong>ἐπιστήσῃ</strong></span> <span class='ocrx_word' id='word_1_17' title='bbox 628 253 719 285; x_wconf 75' lang='grc' dir='ltr'>αὑτὸν,</span> <span class='ocrx_word' id='word_1_18' title='bbox 737 251 859 284; x_wconf 83' lang='grc' dir='ltr'>συνάξεις</span> 
     </span>
    </p>
   </div>
   <div class='ocr_carea' id='block_1_5' title="bbox 910 247 1695 288">
    <p class='ocr_par' dir='ltr' id='par_1_5' title="bbox 911 247 1695 286">
     <span class='ocr_line' id='line_1_5' title="bbox 911 247 1695 286; baseline -0.003 -8"><span class='ocrx_word' id='word_1_19' title='bbox 911 255 998 283; x_wconf 86' lang='lat' dir='ltr'><strong>tuam,</strong></span> <span class='ocrx_word' id='word_1_20' title='bbox 1016 255 1043 278; x_wconf 91' lang='lat' dir='ltr'><strong>ct</strong></span> <span class='ocrx_word' id='word_1_21' title='bbox 1057 255 1137 278; x_wconf 87' lang='lat' dir='ltr'><strong>erunt</strong></span> <span class='ocrx_word' id='word_1_22' title='bbox 1149 254 1250 283; x_wconf 99' lang='lat' dir='ltr'><strong>tecum,</strong></span> <span class='ocrx_word' id='word_1_23' title='bbox 1264 258 1405 286; x_wconf 85' lang='lat' dir='ltr'><strong>quousque</strong></span> <span class='ocrx_word' id='word_1_24' title='bbox 1417 247 1556 285; x_wconf 62' lang='lat' dir='ltr'><strong>quaesti-rit</strong></span> <span class='ocrx_word' id='word_1_25' title='bbox 1567 257 1599 277; x_wconf 90' lang='lat' dir='ltr'><strong>ea</strong></span> <span class='ocrx_word' id='word_1_26' title='bbox 1611 249 1695 277; x_wconf 85' lang='lat' dir='ltr'><strong>frater</strong></span> 
     </span>
    </p>
   </div>
   <div class='ocr_carea' id='block_1_6' title="bbox 71 296 857 331">
    <p class='ocr_par' dir='ltr' id='par_1_6' title="bbox 71 296 857 331">
     <span class='ocr_line' id='line_1_6' title="bbox 71 296 857 331; baseline 0.001 -9"><span class='ocrx_word' id='word_1_27' title='bbox 71 297 143 322; x_wconf 69' lang='grc' dir='ltr'><strong>αὖτᾶ</strong></span> <span class='ocrx_word' id='word_1_28' title='bbox 163 296 236 322; x_wconf 70' lang='grc' dir='ltr'>ἔνδον</span> <span class='ocrx_word' id='word_1_29' title='bbox 254 297 293 328; x_wconf 82' lang='grc' dir='ltr'>εἰς</span> <span class='ocrx_word' id='word_1_30' title='bbox 306 296 356 330; x_wconf 80' lang='grc' dir='ltr'>τὴν</span> <span class='ocrx_word' id='word_1_31' title='bbox 371 296 459 323; x_wconf 84' lang='grc' dir='ltr'>οὶκίαν</span> <span class='ocrx_word' id='word_1_32' title='bbox 476 305 533 329; x_wconf 86' lang='grc' dir='ltr'>σου,</span> <span class='ocrx_word' id='word_1_33' title='bbox 551 298 597 323; x_wconf 79' lang='grc' dir='ltr'>καὶ</span> <span class='ocrx_word' id='word_1_34' title='bbox 609 297 684 324; x_wconf 78' lang='grc' dir='ltr'>ἔσται</span> <span class='ocrx_word' id='word_1_35' title='bbox 704 297 772 331; x_wconf 86' lang='grc' dir='ltr'>μετὰ</span> <span class='ocrx_word' id='word_1_36' title='bbox 788 296 835 323; x_wconf 82' lang='grc' dir='ltr'><strong><em>σοῦ</em></strong></span> <span class='ocrx_word' id='word_1_37' title='bbox 850 318 857 330; x_wconf 88' lang='grc'><strong>,</strong></span> 
     </span>
    </p>
   </div>
   <div class='ocr_carea' id='block_1_7' title="bbox 70 340 859 376">
    <p class='ocr_par' dir='ltr' id='par_1_7' title="bbox 70 340 859 376">
     <span class='ocr_line' id='line_1_7' title="bbox 70 340 859 376; baseline 0.001 -9"><span class='ocrx_word' id='word_1_38' title='bbox 70 340 125 372; x_wconf 68' lang='grc' dir='ltr'>ἕως</span> <span class='ocrx_word' id='word_1_39' title='bbox 148 341 181 367; x_wconf 75' lang='grc' dir='ltr'>ἂν</span> <span class='ocrx_word' id='word_1_40' title='bbox 206 341 311 376; x_wconf 80' lang='grc' dir='ltr'><strong>ζητήσῃ</strong></span> <span class='ocrx_word' id='word_1_41' title='bbox 331 340 399 367; x_wconf 80' lang='grc' dir='ltr'>αὐτὰ</span> <span class='ocrx_word' id='word_1_42' title='bbox 414 341 427 366; x_wconf 82' lang='grc' dir='ltr'><strong>ὁ</strong></span> <span class='ocrx_word' id='word_1_43' title='bbox 444 341 556 375; x_wconf 80' lang='grc' dir='ltr'>ἁδελφός</span> <span class='ocrx_word' id='word_1_44' title='bbox 574 349 630 374; x_wconf 86' lang='grc' dir='ltr'>σου,</span> <span class='ocrx_word' id='word_1_45' title='bbox 648 342 696 367; x_wconf 74' lang='grc' dir='ltr'>καὶ</span> <span class='ocrx_word' id='word_1_46' title='bbox 710 341 859 373; x_wconf 77' lang='grc' dir='ltr'><strong>ἀποδώσεις</strong></span> 
     </span>
    </p>
   </div>
   <div class='ocr_carea' id='block_1_8' title="bbox 72 386 860 422">
    <p class='ocr_par' dir='ltr' id='par_1_8' title="bbox 72 386 860 422">
     <span class='ocr_line' id='line_1_8' title="bbox 72 386 860 422; baseline 0.003 -10"><span class='ocrx_word' id='word_1_47' title='bbox 72 386 144 412; x_wconf 78' lang='grc' dir='ltr'>αὐτὰ</span> <span class='ocrx_word' id='word_1_48' title='bbox 166 387 259 421; x_wconf 82' lang='grc' dir='ltr'>αὐτῷ·</span> <span class='ocrx_word' id='word_1_49' title='bbox 281 386 367 419; x_wconf 78' lang='grc' dir='ltr'>οὕτως</span> <span class='ocrx_word' id='word_1_50' title='bbox 392 389 517 422; x_wconf 80' lang='grc' dir='ltr'><strong>ποιήσεις</strong></span> <span class='ocrx_word' id='word_1_51' title='bbox 540 387 585 414; x_wconf 81' lang='grc' dir='ltr'>τὸν</span> <span class='ocrx_word' id='word_1_52' title='bbox 607 387 666 414; x_wconf 76' lang='grc' dir='ltr'>ὕνον</span> <span class='ocrx_word' id='word_1_53' title='bbox 690 388 773 415; x_wconf 80' lang='grc' dir='ltr'>αὐτοῦ</span> <span class='ocrx_word' id='word_1_54' title='bbox 786 409 792 420; x_wconf 83' lang='grc'>,</span> <span class='ocrx_word' id='word_1_55' title='bbox 813 388 860 415; x_wconf 81' lang='grc' dir='ltr'>καὶ</span> 
     </span>
    </p>
   </div>
   <div class='ocr_carea' id='block_1_9' title="bbox 71 431 860 469">
    <p class='ocr_par' dir='ltr' id='par_1_9' title="bbox 71 431 860 469">
     <span class='ocr_line' id='line_1_9' title="bbox 71 431 860 469; baseline 0.004 -12"><span class='ocrx_word' id='word_1_56' title='bbox 71 431 160 462; x_wconf 79' lang='grc' dir='ltr'>οὕτως</span> <span class='ocrx_word' id='word_1_57' title='bbox 184 433 308 466; x_wconf 79' lang='grc' dir='ltr'><strong>ποιήσεις</strong></span> <span class='ocrx_word' id='word_1_58' title='bbox 323 431 354 458; x_wconf 75' lang='grc' dir='ltr'><strong>τὸ</strong></span> <span class='ocrx_word' id='word_1_59' title='bbox 371 432 476 467; x_wconf 80' lang='grc' dir='ltr'>ἱμάτιον</span> <span class='ocrx_word' id='word_1_60' title='bbox 495 433 576 459; x_wconf 78' lang='grc' dir='ltr'>αὐτοῦ</span> <span class='ocrx_word' id='word_1_61' title='bbox 587 453 594 465; x_wconf 85' lang='grc'><em>,</em></span> <span class='ocrx_word' id='word_1_62' title='bbox 611 433 658 460; x_wconf 76' lang='grc' dir='ltr'>καὶ</span> <span class='ocrx_word' id='word_1_63' title='bbox 677 433 763 465; x_wconf 70' lang='grc' dir='ltr'>οὕτως</span> <span class='ocrx_word' id='word_1_64' title='bbox 785 434 860 469; x_wconf 86' lang='grc' dir='ltr'>ποιή-</span> 
     </span>
    </p>
   </div>
   <div class='ocr_carea' id='block_1_10' title="bbox 74 477 860 513">
    <p class='ocr_par' dir='ltr' id='par_1_10' title="bbox 74 477 860 513">
     <span class='ocr_line' id='line_1_10' title="bbox 74 477 860 513; baseline 0.005 -11"><span class='ocrx_word' id='word_1_65' title='bbox 74 485 131 508; x_wconf 86' lang='grc' dir='ltr'>σεις</span> <span class='ocrx_word' id='word_1_66' title='bbox 153 477 225 504; x_wconf 81' lang='grc' dir='ltr'>κατὰ</span> <span class='ocrx_word' id='word_1_67' title='bbox 247 478 336 504; x_wconf 82' lang='grc' dir='ltr'>πᾶσαν</span> <span class='ocrx_word' id='word_1_68' title='bbox 360 477 496 504; x_wconf 76' lang='grc' dir='ltr'>ἀπώλειαν</span> <span class='ocrx_word' id='word_1_69' title='bbox 513 478 559 504; x_wconf 77' lang='grc' dir='ltr'>τοῦ</span> <span class='ocrx_word' id='word_1_70' title='bbox 577 478 692 513; x_wconf 82' lang='grc' dir='ltr'>ἀδελφοῦ</span> <span class='ocrx_word' id='word_1_71' title='bbox 719 487 766 505; x_wconf 87' lang='grc' dir='ltr'><strong>σου</strong></span> <span class='ocrx_word' id='word_1_72' title='bbox 779 500 786 511; x_wconf 86' lang='grc'>,</span> <span class='ocrx_word' id='word_1_73' title='bbox 811 479 860 506; x_wconf 83' lang='grc' dir='ltr'>ὅσα</span> 
     </span>
    </p>
   </div>
   <div class='ocr_carea' id='block_1_11' title="bbox 72 522 859 561">
    <p class='ocr_par' dir='ltr' id='par_1_11' title="bbox 72 522 859 561">
     <span class='ocr_line' id='line_1_11' title="bbox 72 522 859 561; baseline 0.005 -13"><span class='ocrx_word' id='word_1_74' title='bbox 72 522 121 549; x_wconf 76' lang='grc' dir='ltr'><strong>ἐὰν</strong></span> <span class='ocrx_word' id='word_1_75' title='bbox 150 523 284 558; x_wconf 81' lang='grc' dir='ltr'>ἀπόληται</span> <span class='ocrx_word' id='word_1_76' title='bbox 306 524 370 558; x_wconf 73' lang='grc' dir='ltr'>παρ’</span> <span class='ocrx_word' id='word_1_77' title='bbox 394 523 476 550; x_wconf 78' lang='grc' dir='ltr'>αὑτοῦ</span> <span class='ocrx_word' id='word_1_78' title='bbox 490 544 497 556; x_wconf 83' lang='grc'><em>,</em></span> <span class='ocrx_word' id='word_1_79' title='bbox 518 525 565 551; x_wconf 75' lang='grc' dir='ltr'>καὶ</span> <span class='ocrx_word' id='word_1_80' title='bbox 592 524 675 560; x_wconf 79' lang='grc' dir='ltr'>εὕρῃς</span> <span class='ocrx_word' id='word_1_81' title='bbox 688 546 695 557; x_wconf 86' lang='lat'><strong>,</strong></span> <span class='ocrx_word' id='word_1_82' title='bbox 711 526 742 552; x_wconf 83' lang='grc' dir='ltr'>οὐ</span> <span class='ocrx_word' id='word_1_83' title='bbox 758 525 859 561; x_wconf 86' lang='grc' dir='ltr'><strong>δυνήσῃ</strong></span> 
     </span>
    </p>
   </div>
   <div class='ocr_carea' id='block_1_12' title="bbox 73 568 859 605">
    <p class='ocr_par' dir='ltr' id='par_1_12' title="bbox 73 568 859 605">
     <span class='ocr_line' id='line_1_12' title="bbox 73 568 859 605; baseline 0.005 -11"><span class='ocrx_word' id='word_1_84' title='bbox 73 568 213 603; x_wconf 81' lang='grc' dir='ltr'>ὑπεριδεῖν</span> <span class='ocrx_word' id='word_1_85' title='bbox 236 568 322 595; x_wconf 82' lang='grc' dir='ltr'>αὑτά·</span> <span class='ocrx_word' id='word_1_86' title='bbox 341 568 389 603; x_wconf 82' lang='grc' dir='ltr'>οὐχ</span> <span class='ocrx_word' id='word_1_87' title='bbox 412 569 543 605; x_wconf 79' lang='grc' dir='ltr'>ὑπερόψει</span> <span class='ocrx_word' id='word_1_88' title='bbox 561 570 607 596; x_wconf 73' lang='grc' dir='ltr'>τὸν</span> <span class='ocrx_word' id='word_1_89' title='bbox 630 570 690 597; x_wconf 78' lang='grc' dir='ltr'>ὖνον</span> <span class='ocrx_word' id='word_1_90' title='bbox 715 570 762 598; x_wconf 80' lang='grc' dir='ltr'>τοῦ</span> <span class='ocrx_word' id='word_1_91' title='bbox 782 571 859 598; x_wconf 69' lang='grc' dir='ltr'>ἀδελ-</span> 
     </span>
    </p>
   </div>
   <div class='ocr_carea' id='block_1_13' title="bbox 73 613 860 654">
    <p class='ocr_par' dir='ltr' id='par_1_13' title="bbox 73 613 860 654">
     <span class='ocr_line' id='line_1_13' title="bbox 73 613 860 654; baseline 0.006 -14"><span class='ocrx_word' id='word_1_92' title='bbox 73 613 125 648; x_wconf 78' lang='grc' dir='ltr'>φοῦ</span> <span class='ocrx_word' id='word_1_93' title='bbox 153 623 218 646; x_wconf 86' lang='grc' dir='ltr'>σου,</span> <span class='ocrx_word' id='word_1_94' title='bbox 245 614 261 650; x_wconf 72' lang='grc' dir='ltr'><strong>ἢ</strong></span> <span class='ocrx_word' id='word_1_95' title='bbox 281 614 326 641; x_wconf 80' lang='grc' dir='ltr'>τὸν</span> <span class='ocrx_word' id='word_1_96' title='bbox 353 615 452 650; x_wconf 80' lang='grc' dir='ltr'><strong>μόσχον</strong></span> <span class='ocrx_word' id='word_1_97' title='bbox 486 615 569 642; x_wconf 80' lang='grc' dir='ltr'>αὑτοῦ</span> <span class='ocrx_word' id='word_1_98' title='bbox 589 617 751 644; x_wconf 73' lang='grc' dir='ltr'><strong>πεπτωκότα</strong></span> <span class='ocrx_word' id='word_1_99' title='bbox 781 619 809 645; x_wconf 77' lang='grc' dir='ltr'>ἐν</span> <span class='ocrx_word' id='word_1_100' title='bbox 828 619 860 654; x_wconf 85' lang='grc' dir='ltr'><strong>τῇ</strong></span> 
     </span>
    </p>
   </div>
   <div class='ocr_carea' id='block_1_14' title="bbox 71 658 859 699">
    <p class='ocr_par' dir='ltr' id='par_1_14' title="bbox 71 658 859 699">
     <span class='ocr_line' id='line_1_14' title="bbox 71 658 859 699; baseline 0.005 -13"><span class='ocrx_word' id='word_1_101' title='bbox 71 658 141 694; x_wconf 82' lang='grc' dir='ltr'><strong>ὁδῷ·</strong></span> <span class='ocrx_word' id='word_1_102' title='bbox 171 659 208 696; x_wconf 83' lang='grc' dir='ltr'>μὴ</span> <span class='ocrx_word' id='word_1_103' title='bbox 228 660 376 696; x_wconf 83' lang='grc' dir='ltr'>ὑπερίδῃς,</span> <span class='ocrx_word' id='word_1_104' title='bbox 393 661 509 688; x_wconf 75' lang='grc' dir='ltr'>ἀνιστῶν</span> <span class='ocrx_word' id='word_1_105' title='bbox 529 661 692 697; x_wconf 74' lang='grc' dir='ltr'><strong>ἀναστήσεις</strong></span> <span class='ocrx_word' id='word_1_106' title='bbox 713 664 782 690; x_wconf 80' lang='grc' dir='ltr'>αὐτὰ</span> <span class='ocrx_word' id='word_1_107' title='bbox 801 665 859 699; x_wconf 82' lang='grc' dir='ltr'>μετ’</span> 
     </span>
    </p>
   </div>
   <div class='ocr_carea' id='block_1_15' title="bbox 71 705 861 744">
    <p class='ocr_par' dir='ltr' id='par_1_15' title="bbox 71 705 861 744">
     <span class='ocr_line' id='line_1_15' title="bbox 71 705 861 744; baseline 0.006 -13"><span class='ocrx_word' id='word_1_108' title='bbox 71 706 168 732; x_wconf 75' lang='grc' dir='ltr'>αὐτοῦ.</span> <span class='ocrx_word' id='word_1_109' title='bbox 179 715 189 732; x_wconf 74' lang='grc' dir='ltr'><strong>ι</strong></span> <span class='ocrx_word' id='word_1_110' title='bbox 200 706 296 741; x_wconf 84' lang='grc' dir='ltr'>Συνίης</span> <span class='ocrx_word' id='word_1_111' title='bbox 310 705 367 738; x_wconf 82' lang='grc' dir='ltr'>οὖν,</span> <span class='ocrx_word' id='word_1_112' title='bbox 381 707 454 739; x_wconf 77' lang='grc' dir='ltr'>ὅπως</span> <span class='ocrx_word' id='word_1_113' title='bbox 465 707 538 742; x_wconf 77' lang='grc' dir='ltr'>ἡμᾶς</span> <span class='ocrx_word' id='word_1_114' title='bbox 555 708 714 735; x_wconf 85' lang='grc' dir='ltr'>ἀστειότατα</span> <span class='ocrx_word' id='word_1_115' title='bbox 725 709 861 744; x_wconf 83' lang='grc' dir='ltr'>παιδαγω-</span> 
     </span>
    </p>
   </div>
   <div class='ocr_carea' id='block_1_16' title="bbox 71 751 861 790">
    <p class='ocr_par' dir='ltr' id='par_1_16' title="bbox 71 751 861 790">
     <span class='ocr_line' id='line_1_16' title="bbox 71 751 861 790; baseline 0.006 -13"><span class='ocrx_word' id='word_1_116' title='bbox 71 751 117 784; x_wconf 83' lang='grc' dir='ltr'><strong>γεῖ</strong></span> <span class='ocrx_word' id='word_1_117' title='bbox 129 752 198 787; x_wconf 85' lang='grc' dir='ltr'>πρὸς</span> <span class='ocrx_word' id='word_1_118' title='bbox 215 752 246 779; x_wconf 81' lang='grc' dir='ltr'><strong>τὸ</strong></span> <span class='ocrx_word' id='word_1_119' title='bbox 258 752 328 786; x_wconf 73' lang='grc' dir='ltr'>ἄγαν</span> <span class='ocrx_word' id='word_1_120' title='bbox 336 752 386 788; x_wconf 70' lang='grc' dir='ltr'><strong>ἤδη</strong></span> <span class='ocrx_word' id='word_1_121' title='bbox 403 761 461 784; x_wconf 82' lang='grc' dir='ltr'><strong>πως</strong></span> <span class='ocrx_word' id='word_1_122' title='bbox 477 752 525 779; x_wconf 73' lang='grc' dir='ltr'>καὶ</span> <span class='ocrx_word' id='word_1_123' title='bbox 540 752 638 785; x_wconf 81' lang='grc' dir='ltr'><strong>τελέως</strong></span> <span class='ocrx_word' id='word_1_124' title='bbox 652 754 765 787; x_wconf 79' lang='grc' dir='ltr'>ἀγαθὸν,</span> <span class='ocrx_word' id='word_1_125' title='bbox 783 755 861 790; x_wconf 83' lang='grc' dir='ltr'>μελέ-</span> 
     </span>
    </p>
   </div>
   <div class='ocr_carea' id='block_1_17' title="bbox 71 797 859 834">
    <p class='ocr_par' dir='ltr' id='par_1_17' title="bbox 71 797 859 834">
     <span class='ocr_line' id='line_1_17' title="bbox 71 797 859 834; baseline 0.006 -11"><span class='ocrx_word' id='word_1_126' title='bbox 71 805 154 831; x_wconf 82' lang='grc' dir='ltr'>τησιν</span> <span class='ocrx_word' id='word_1_127' title='bbox 176 797 270 834; x_wconf 82' lang='grc' dir='ltr'>ὥσπερ</span> <span class='ocrx_word' id='word_1_128' title='bbox 290 798 493 834; x_wconf 82' lang='grc' dir='ltr'>ἀμνησικακίας</span> <span class='ocrx_word' id='word_1_129' title='bbox 518 799 652 825; x_wconf 86' lang='grc' dir='ltr'>ποιεῖσθαι</span> <span class='ocrx_word' id='word_1_130' title='bbox 675 800 859 834; x_wconf 80' lang='grc' dir='ltr'><strong>προστάττων,</strong></span> 
     </span>
    </p>
   </div>
   <div class='ocr_carea' id='block_1_18' title="bbox 71 842 861 879">
    <p class='ocr_par' dir='ltr' id='par_1_18' title="bbox 71 842 861 879">
     <span class='ocr_line' id='line_1_18' title="bbox 71 842 861 879; baseline 0.004 -10"><span class='ocrx_word' id='word_1_131' title='bbox 71 842 122 877; x_wconf 74' lang='grc' dir='ltr'>τὴν</span> <span class='ocrx_word' id='word_1_132' title='bbox 138 843 179 874; x_wconf 81' lang='grc' dir='ltr'><strong>εἰς</strong></span> <span class='ocrx_word' id='word_1_133' title='bbox 192 843 225 870; x_wconf 83' lang='grc' dir='ltr'><strong>τὰ</strong></span> <span class='ocrx_word' id='word_1_134' title='bbox 239 844 322 879; x_wconf 85' lang='grc' dir='ltr'><strong>κτήνη</strong></span> <span class='ocrx_word' id='word_1_135' title='bbox 338 843 421 878; x_wconf 85' lang='grc' dir='ltr'>φειδὼ</span> <span class='ocrx_word' id='word_1_136' title='bbox 434 843 481 870; x_wconf 82' lang='grc' dir='ltr'>τοῦ</span> <span class='ocrx_word' id='word_1_137' title='bbox 494 843 686 879; x_wconf 78' lang='grc' dir='ltr'>λελυπηκότος.</span> <span class='ocrx_word' id='word_1_138' title='bbox 700 844 729 871; x_wconf 85' lang='grc' dir='ltr'>ὂν</span> <span class='ocrx_word' id='word_1_139' title='bbox 744 845 791 872; x_wconf 73' lang='grc' dir='ltr'>καὶ</span> <span class='ocrx_word' id='word_1_140' title='bbox 806 846 861 872; x_wconf 80' lang='grc' dir='ltr'><strong>ἀνω</strong></span> 
     </span>
    </p>
   </div>
   <div class='ocr_carea' id='block_1_19' title="bbox 72 887 858 924">
    <p class='ocr_par' dir='ltr' id='par_1_19' title="bbox 72 887 858 924">
     <span class='ocr_line' id='line_1_19' title="bbox 72 887 858 924; baseline 0.005 -11"><span class='ocrx_word' id='word_1_141' title='bbox 72 895 103 913; x_wconf 82' lang='grc' dir='ltr'><strong>τε</strong></span> <span class='ocrx_word' id='word_1_142' title='bbox 119 887 169 914; x_wconf 73' lang='grc' dir='ltr'><strong>καὶ</strong></span> <span class='ocrx_word' id='word_1_143' title='bbox 188 887 262 914; x_wconf 72' lang='grc' dir='ltr'>κάτω</span> <span class='ocrx_word' id='word_1_144' title='bbox 275 887 314 923; x_wconf 79' lang='grc' dir='ltr'>τῷ</span> <span class='ocrx_word' id='word_1_145' title='bbox 331 888 380 923; x_wconf 88' lang='grc' dir='ltr'>τῆς</span> <span class='ocrx_word' id='word_1_146' title='bbox 393 888 573 923; x_wconf 76' lang='grc' dir='ltr'>ἀδελφότητος</span> <span class='ocrx_word' id='word_1_147' title='bbox 586 889 698 924; x_wconf 83' lang='grc' dir='ltr'>ὀνόματι</span> <span class='ocrx_word' id='word_1_148' title='bbox 718 893 858 924; x_wconf 87' lang='grc' dir='ltr'>στεφανοῖ,</span> 
     </span>
    </p>
   </div>
   <div class='ocr_carea' id='block_1_20' title="bbox 910 297 1695 332">
    <p class='ocr_par' dir='ltr' id='par_1_20' title="bbox 910 297 1695 332">
     <span class='ocr_line' id='line_1_20' title="bbox 910 297 1695 332; baseline 0 -8"><span class='ocrx_word' id='word_1_149' title='bbox 910 301 983 329; x_wconf 89' lang='lat' dir='ltr'><strong>tuus,</strong></span> <span class='ocrx_word' id='word_1_150' title='bbox 997 301 1024 325; x_wconf 90' lang='lat' dir='ltr'><strong>et</strong></span> <span class='ocrx_word' id='word_1_151' title='bbox 1039 297 1137 324; x_wconf 82' lang='lat' dir='ltr'><strong>reddes</strong></span> <span class='ocrx_word' id='word_1_152' title='bbox 1150 305 1182 324; x_wconf 88' lang='lat' dir='ltr'><strong>ea</strong></span> <span class='ocrx_word' id='word_1_153' title='bbox 1200 298 1268 332; x_wconf 86' lang='lat' dir='ltr'><strong>ipsi;</strong></span> <span class='ocrx_word' id='word_1_154' title='bbox 1281 298 1320 325; x_wconf 84' lang='lat' dir='ltr'><strong>sic</strong></span> <span class='ocrx_word' id='word_1_155' title='bbox 1335 297 1418 324; x_wconf 78' lang='lat' dir='ltr'><strong>facies</strong></span> <span class='ocrx_word' id='word_1_156' title='bbox 1432 297 1509 324; x_wconf 87' lang='lat' dir='ltr'><strong>asino</strong></span> <span class='ocrx_word' id='word_1_157' title='bbox 1521 297 1589 332; x_wconf 88' lang='lat' dir='ltr'><strong>ejus,</strong></span> <span class='ocrx_word' id='word_1_158' title='bbox 1609 301 1638 324; x_wconf 90' lang='lat' dir='ltr'><strong>et</strong></span> <span class='ocrx_word' id='word_1_159' title='bbox 1655 297 1695 324; x_wconf 90' lang='lat' dir='ltr'><strong>sic</strong></span> 
     </span>
    </p>
   </div>
   <div class='ocr_carea' id='block_1_21' title="bbox 909 343 1694 378">
    <p class='ocr_par' dir='ltr' id='par_1_21' title="bbox 909 343 1694 378">
     <span class='ocr_line' id='line_1_21' title="bbox 909 343 1694 378; baseline 0 -8"><span class='ocrx_word' id='word_1_160' title='bbox 909 343 993 371; x_wconf 80' lang='lat' dir='ltr'><strong>facies</strong></span> <span class='ocrx_word' id='word_1_161' title='bbox 1001 343 1070 370; x_wconf 92' lang='lat' dir='ltr'><strong>vesti</strong></span> <span class='ocrx_word' id='word_1_162' title='bbox 1082 343 1151 378; x_wconf 77' lang='lat' dir='ltr'><strong>ejus,</strong></span> <span class='ocrx_word' id='word_1_163' title='bbox 1164 347 1192 370; x_wconf 87' lang='lat' dir='ltr'><strong>et</strong></span> <span class='ocrx_word' id='word_1_164' title='bbox 1202 343 1242 370; x_wconf 88' lang='lat' dir='ltr'><strong>sic</strong></span> <span class='ocrx_word' id='word_1_165' title='bbox 1255 343 1336 370; x_wconf 83' lang='lat' dir='ltr'><strong>facies</strong></span> <span class='ocrx_word' id='word_1_166' title='bbox 1347 343 1373 369; x_wconf 91' lang='lat' dir='ltr'><strong>in</strong></span> <span class='ocrx_word' id='word_1_167' title='bbox 1386 350 1548 378; x_wconf 85' lang='lat' dir='ltr'><strong>quacunque</strong></span> <span class='ocrx_word' id='word_1_168' title='bbox 1559 349 1598 375; x_wconf 84' lang='lat' dir='ltr'><strong>re,</strong></span> <span class='ocrx_word' id='word_1_169' title='bbox 1612 350 1694 377; x_wconf 87' lang='lat' dir='ltr'><strong>quam</strong></span> 
     </span>
    </p>
   </div>
   <div class='ocr_carea' id='block_1_22' title="bbox 909 388 1695 425">
    <p class='ocr_par' dir='ltr' id='par_1_22' title="bbox 909 388 1695 425">
     <span class='ocr_line' id='line_1_22' title="bbox 909 388 1695 425; baseline 0 -9"><span class='ocrx_word' id='word_1_170' title='bbox 909 389 1061 425; x_wconf 90' lang='lat' dir='ltr'><strong>perdiderit</strong></span> <span class='ocrx_word' id='word_1_171' title='bbox 1084 388 1168 416; x_wconf 77' lang='lat' dir='ltr'><strong>frater</strong></span> <span class='ocrx_word' id='word_1_172' title='bbox 1189 392 1267 422; x_wconf 84' lang='lat' dir='ltr'><strong>tuus;</strong></span> <span class='ocrx_word' id='word_1_173' title='bbox 1282 397 1451 424; x_wconf 67' lang='lat' dir='ltr'><strong>qumcunque</strong></span> <span class='ocrx_word' id='word_1_174' title='bbox 1471 389 1577 424; x_wconf 85' lang='lat' dir='ltr'><strong>perdita</strong></span> <span class='ocrx_word' id='word_1_175' title='bbox 1592 388 1695 416; x_wconf 88' lang='lat' dir='ltr'><strong>fuerint</strong></span> 
     </span>
    </p>
   </div>
   <div class='ocr_carea' id='block_1_23' title="bbox 909 433 1693 470">
    <p class='ocr_par' dir='ltr' id='par_1_23' title="bbox 909 433 1693 470">
     <span class='ocr_line' id='line_1_23' title="bbox 909 433 1693 470; baseline -0.003 -8"><span class='ocrx_word' id='word_1_176' title='bbox 909 435 944 462; x_wconf 89' lang='lat' dir='ltr'><strong>ab</strong></span> <span class='ocrx_word' id='word_1_177' title='bbox 965 435 1034 470; x_wconf 90' lang='lat' dir='ltr'><strong>ipso,</strong></span> <span class='ocrx_word' id='word_1_178' title='bbox 1049 439 1077 462; x_wconf 91' lang='lat' dir='ltr'><strong>et</strong></span> <span class='ocrx_word' id='word_1_179' title='bbox 1098 433 1245 465; x_wconf 83' lang='lat' dir='ltr'><strong>inveneris,</strong></span> <span class='ocrx_word' id='word_1_180' title='bbox 1265 442 1320 461; x_wconf 94' lang='lat' dir='ltr'><strong>non</strong></span> <span class='ocrx_word' id='word_1_181' title='bbox 1341 434 1444 469; x_wconf 89' lang='lat' dir='ltr'><strong>poteris</strong></span> <span class='ocrx_word' id='word_1_182' title='bbox 1464 434 1601 469; x_wconf 81' lang='lat' dir='ltr'><strong>negligere</strong></span> <span class='ocrx_word' id='word_1_183' title='bbox 1621 433 1693 468; x_wconf 91' lang='lat' dir='ltr'><strong>ipsa;</strong></span> 
     </span>
    </p>
   </div>
   <div class='ocr_carea' id='block_1_24' title="bbox 909 479 1693 515">
    <p class='ocr_par' dir='ltr' id='par_1_24' title="bbox 909 479 1693 515">
     <span class='ocr_line' id='line_1_24' title="bbox 909 479 1693 515; baseline -0.001 -8"><span class='ocrx_word' id='word_1_184' title='bbox 909 488 965 507; x_wconf 90' lang='lat' dir='ltr'><strong>non</strong></span> <span class='ocrx_word' id='word_1_185' title='bbox 976 480 1111 515; x_wconf 85' lang='lat' dir='ltr'><strong>despicies</strong></span> <span class='ocrx_word' id='word_1_186' title='bbox 1122 479 1229 507; x_wconf 88' lang='lat' dir='ltr'><strong>asinum</strong></span> <span class='ocrx_word' id='word_1_187' title='bbox 1243 479 1336 507; x_wconf 78' lang='lat' dir='ltr'><strong>fratris</strong></span> <span class='ocrx_word' id='word_1_188' title='bbox 1348 480 1398 511; x_wconf 89' lang='lat' dir='ltr'><strong>tui,</strong></span> <span class='ocrx_word' id='word_1_189' title='bbox 1411 479 1453 506; x_wconf 93' lang='lat' dir='ltr'><strong>vel</strong></span> <span class='ocrx_word' id='word_1_190' title='bbox 1465 479 1581 507; x_wconf 86' lang='lat' dir='ltr'><strong>vitulum</strong></span> <span class='ocrx_word' id='word_1_191' title='bbox 1598 479 1693 515; x_wconf 86' lang='lat' dir='ltr'><strong>ipsius.</strong></span> 
     </span>
    </p>
   </div>
   <div class='ocr_carea' id='block_1_25' title="bbox 909 525 1694 561">
    <p class='ocr_par' dir='ltr' id='par_1_25' title="bbox 909 525 1694 561">
     <span class='ocr_line' id='line_1_25' title="bbox 909 525 1694 561; baseline 0 -9"><span class='ocrx_word' id='word_1_192' title='bbox 909 526 957 561; x_wconf 85' lang='lat' dir='ltr'><strong>qui</strong></span> <span class='ocrx_word' id='word_1_193' title='bbox 975 525 1104 554; x_wconf 86' lang='lat' dir='ltr'><strong>ceciderit</strong></span> <span class='ocrx_word' id='word_1_194' title='bbox 1118 526 1144 552; x_wconf 94' lang='lat' dir='ltr'><strong>in</strong></span> <span class='ocrx_word' id='word_1_195' title='bbox 1156 525 1199 553; x_wconf 90' lang='lat' dir='ltr'><strong>via</strong></span> <span class='ocrx_word' id='word_1_196' title='bbox 1212 534 1218 552; x_wconf 91' lang='lat'>:</span> <span class='ocrx_word' id='word_1_197' title='bbox 1232 533 1266 553; x_wconf 90' lang='lat' dir='ltr'><strong>ne</strong></span> <span class='ocrx_word' id='word_1_198' title='bbox 1280 525 1400 560; x_wconf 81' lang='lat' dir='ltr'><strong>negligas</strong></span> <span class='ocrx_word' id='word_1_199' title='bbox 1410 532 1452 556; x_wconf 86' lang='lat' dir='ltr'><strong>ea,</strong></span> <span class='ocrx_word' id='word_1_200' title='bbox 1470 525 1615 552; x_wconf 88' lang='lat' dir='ltr'><strong>sublevans</strong></span> <span class='ocrx_word' id='word_1_201' title='bbox 1628 525 1694 552; x_wconf 85' lang='lat' dir='ltr'><strong>sub-</strong></span> 
     </span>
    </p>
   </div>
   <div class='ocr_carea' id='block_1_26' title="bbox 908 570 1693 606">
    <p class='ocr_par' dir='ltr' id='par_1_26' title="bbox 908 570 1693 606">
     <span class='ocr_line' id='line_1_26' title="bbox 908 570 1693 606; baseline 0 -8"><span class='ocrx_word' id='word_1_202' title='bbox 908 571 1013 599; x_wconf 90' lang='lat' dir='ltr'><strong>levabis</strong></span> <span class='ocrx_word' id='word_1_203' title='bbox 1031 578 1063 598; x_wconf 85' lang='lat' dir='ltr'><strong>ea</strong></span> <span class='ocrx_word' id='word_1_204' title='bbox 1081 579 1143 598; x_wconf 90' lang='lat' dir='ltr'><strong>eum</strong></span> <span class='ocrx_word' id='word_1_205' title='bbox 1156 571 1214 606; x_wconf 90' lang='lat' dir='ltr'><strong>ipso</strong></span> <span class='ocrx_word' id='word_1_206' title='bbox 1227 570 1246 597; x_wconf 81' lang='grc'><strong>⁸.</strong></span> <span class='ocrx_word' id='word_1_207' title='bbox 1264 580 1273 596; x_wconf 72' lang='grc' dir='ltr'><strong>ι</strong></span> <span class='ocrx_word' id='word_1_208' title='bbox 1290 570 1422 606; x_wconf 85' lang='lat' dir='ltr'><strong>lntelligis</strong></span> <span class='ocrx_word' id='word_1_209' title='bbox 1444 570 1537 606; x_wconf 76' lang='lat' dir='ltr'><strong>igitur,</strong></span> <span class='ocrx_word' id='word_1_210' title='bbox 1562 571 1693 606; x_wconf 88' lang='lat' dir='ltr'><strong>quemad-</strong></span> 
     </span>
    </p>
   </div>
   <div class='ocr_carea' id='block_1_27' title="bbox 910 616 1696 653">
    <p class='ocr_par' dir='ltr' id='par_1_27' title="bbox 910 616 1696 653">
     <span class='ocr_line' id='line_1_27' title="bbox 910 616 1696 653; baseline -0.003 -8"><span class='ocrx_word' id='word_1_211' title='bbox 910 618 1021 645; x_wconf 91' lang='lat' dir='ltr'><strong>modum</strong></span> <span class='ocrx_word' id='word_1_212' title='bbox 1032 617 1233 653; x_wconf 79' lang='lat' dir='ltr'><strong>elegantissime</strong></span> <span class='ocrx_word' id='word_1_213' title='bbox 1252 624 1303 644; x_wconf 89' lang='lat' dir='ltr'><strong>nos</strong></span> <span class='ocrx_word' id='word_1_214' title='bbox 1318 617 1373 652; x_wconf 88' lang='lat' dir='ltr'><strong>jam</strong></span> <span class='ocrx_word' id='word_1_215' title='bbox 1392 616 1425 644; x_wconf 82' lang='lat' dir='ltr'><strong>ad</strong></span> <span class='ocrx_word' id='word_1_216' title='bbox 1440 620 1614 651; x_wconf 74' lang='lat' dir='ltr'><strong>pnestantem</strong></span> <span class='ocrx_word' id='word_1_217' title='bbox 1633 624 1696 651; x_wconf 89' lang='lat' dir='ltr'><strong>per-</strong></span> 
     </span>
    </p>
   </div>
   <div class='ocr_carea' id='block_1_28' title="bbox 909 662 1695 699">
    <p class='ocr_par' dir='ltr' id='par_1_28' title="bbox 909 662 1695 699">
     <span class='ocr_line' id='line_1_28' title="bbox 909 662 1695 699; baseline 0 -9"><span class='ocrx_word' id='word_1_218' title='bbox 909 663 1062 699; x_wconf 84' lang='lat' dir='ltr'><strong>fectamque</strong></span> <span class='ocrx_word' id='word_1_219' title='bbox 1073 663 1202 690; x_wconf 89' lang='lat' dir='ltr'><strong>virtutem</strong></span> <span class='ocrx_word' id='word_1_220' title='bbox 1221 662 1315 694; x_wconf 86' lang='lat' dir='ltr'><strong>ducat,</strong></span> <span class='ocrx_word' id='word_1_221' title='bbox 1338 662 1438 698; x_wconf 87' lang='lat' dir='ltr'><strong>jubens</strong></span> <span class='ocrx_word' id='word_1_222' title='bbox 1457 666 1497 694; x_wconf 93' lang='lat' dir='ltr'><strong>ut,</strong></span> <span class='ocrx_word' id='word_1_223' title='bbox 1518 670 1583 690; x_wconf 85' lang='lat' dir='ltr'><strong>cura</strong></span> <span class='ocrx_word' id='word_1_224' title='bbox 1598 662 1624 688; x_wconf 92' lang='lat' dir='ltr'><strong>in</strong></span> <span class='ocrx_word' id='word_1_225' title='bbox 1637 663 1695 697; x_wconf 84' lang='lat' dir='ltr'><strong>ejus</strong></span> 
     </span>
    </p>
   </div>
   <div class='ocr_carea' id='block_1_29' title="bbox 907 708 1697 745">
    <p class='ocr_par' dir='ltr' id='par_1_29' title="bbox 907 708 1697 745">
     <span class='ocr_line' id='line_1_29' title="bbox 907 708 1697 745; baseline 0 -9"><span class='ocrx_word' id='word_1_226' title='bbox 907 710 1034 745; x_wconf 87' lang='lat' dir='ltr'><strong>jumenta</strong></span> <span class='ocrx_word' id='word_1_227' title='bbox 1056 710 1103 744; x_wconf 88' lang='lat' dir='ltr'><strong>qui</strong></span> <span class='ocrx_word' id='word_1_228' title='bbox 1120 717 1170 736; x_wconf 92' lang='lat' dir='ltr'><strong>nos</strong></span> <span class='ocrx_word' id='word_1_229' title='bbox 1188 708 1312 741; x_wconf 72' lang='lat' dir='ltr'><strong>offendit,</strong></span> <span class='ocrx_word' id='word_1_230' title='bbox 1332 708 1465 743; x_wconf 83' lang='lat' dir='ltr'><strong>impensa,</strong></span> <span class='ocrx_word' id='word_1_231' title='bbox 1477 709 1553 736; x_wconf 84' lang='lat' dir='ltr'><strong>velut</strong></span> <span class='ocrx_word' id='word_1_232' title='bbox 1565 708 1697 736; x_wconf 56' lang='lat' dir='ltr'><strong>exercita.</strong></span> 
     </span>
    </p>
   </div>
   <div class='ocr_carea' id='block_1_30' title="bbox 910 753 1695 789">
    <p class='ocr_par' dir='ltr' id='par_1_30' title="bbox 910 753 1695 789">
     <span class='ocr_line' id='line_1_30' title="bbox 910 753 1695 789; baseline 0 -8"><span class='ocrx_word' id='word_1_233' title='bbox 910 755 983 782; x_wconf 90' lang='lat' dir='ltr'><strong>tione</strong></span> <span class='ocrx_word' id='word_1_234' title='bbox 1001 754 1035 781; x_wconf 85' lang='lat' dir='ltr'><strong>ad</strong></span> <span class='ocrx_word' id='word_1_235' title='bbox 1055 753 1257 782; x_wconf 84' lang='lat' dir='ltr'><strong>obliviscendas</strong></span> <span class='ocrx_word' id='word_1_236' title='bbox 1277 754 1391 789; x_wconf 85' lang='lat' dir='ltr'><strong>injurias</strong></span> <span class='ocrx_word' id='word_1_237' title='bbox 1403 757 1531 780; x_wconf 87' lang='lat' dir='ltr'><strong>utamur:</strong></span> <span class='ocrx_word' id='word_1_238' title='bbox 1544 760 1625 788; x_wconf 87' lang='lat' dir='ltr'><strong>quem</strong></span> <span class='ocrx_word' id='word_1_239' title='bbox 1640 753 1695 781; x_wconf 91' lang='lat' dir='ltr'><strong>fre-</strong></span> 
     </span>
    </p>
   </div>
   <div class='ocr_carea' id='block_1_31' title="bbox 910 799 1696 835">
    <p class='ocr_par' dir='ltr' id='par_1_31' title="bbox 910 799 1696 835">
     <span class='ocr_line' id='line_1_31' title="bbox 910 799 1696 835; baseline -0.003 -8"><span class='ocrx_word' id='word_1_240' title='bbox 910 800 1089 835; x_wconf 88' lang='lat' dir='ltr'><strong>quentissime</strong></span> <span class='ocrx_word' id='word_1_241' title='bbox 1111 799 1203 827; x_wconf 86' lang='lat' dir='ltr'><strong>fratris</strong></span> <span class='ocrx_word' id='word_1_242' title='bbox 1231 799 1342 827; x_wconf 83' lang='lat' dir='ltr'><strong>nomine</strong></span> <span class='ocrx_word' id='word_1_243' title='bbox 1373 799 1500 831; x_wconf 81' lang='lat' dir='ltr'><strong>decorat,</strong></span> <span class='ocrx_word' id='word_1_244' title='bbox 1528 799 1696 834; x_wconf 87' lang='lat' dir='ltr'><strong>prohibens,</strong></span> 
     </span>
    </p>
   </div>
   <div class='ocr_carea' id='block_1_32' title="bbox 910 843 1697 879">
    <p class='ocr_par' dir='ltr' id='par_1_32' title="bbox 910 843 1697 879">
     <span class='ocr_line' id='line_1_32' title="bbox 910 843 1697 879; baseline -0.003 -7"><span class='ocrx_word' id='word_1_245' title='bbox 910 849 940 872; x_wconf 94' lang='lat' dir='ltr'><strong>ut</strong></span> <span class='ocrx_word' id='word_1_246' title='bbox 952 844 1060 879; x_wconf 88' lang='lat' dir='ltr'><strong>opinor,</strong></span> <span class='ocrx_word' id='word_1_247' title='bbox 1074 844 1130 872; x_wconf 87' lang='lat' dir='ltr'><strong>iras</strong></span> <span class='ocrx_word' id='word_1_248' title='bbox 1141 843 1327 879; x_wconf 85' lang='lat' dir='ltr'><strong>implacabiles</strong></span> <span class='ocrx_word' id='word_1_249' title='bbox 1350 847 1378 871; x_wconf 90' lang='lat' dir='ltr'><strong>ct</strong></span> <span class='ocrx_word' id='word_1_250' title='bbox 1393 844 1506 871; x_wconf 89' lang='lat' dir='ltr'><strong>nimiam</strong></span> <span class='ocrx_word' id='word_1_251' title='bbox 1526 844 1559 871; x_wconf 84' lang='lat' dir='ltr'><strong>ad</strong></span> <span class='ocrx_word' id='word_1_252' title='bbox 1575 844 1697 871; x_wconf 86' lang='lat' dir='ltr'><strong>simulta-</strong></span> 
     </span>
    </p>
   </div>
   <div class='ocr_carea' id='block_1_33' title="bbox 911 888 1697 923">
    <p class='ocr_par' dir='ltr' id='par_1_33' title="bbox 911 888 1697 923">
     <span class='ocr_line' id='line_1_33' title="bbox 911 888 1697 923; baseline -0.003 -7"><span class='ocrx_word' id='word_1_253' title='bbox 911 893 952 916; x_wconf 87' lang='lat' dir='ltr'><strong>tes</strong></span> <span class='ocrx_word' id='word_1_254' title='bbox 962 888 1183 923; x_wconf 87' lang='lat' dir='ltr'><strong>propensionem,</strong></span> <span class='ocrx_word' id='word_1_255' title='bbox 1197 892 1225 916; x_wconf 91' lang='lat' dir='ltr'><strong>et</strong></span> <span class='ocrx_word' id='word_1_256' title='bbox 1236 892 1340 915; x_wconf 71' lang='lat' dir='ltr'><strong>natura:</strong></span> <span class='ocrx_word' id='word_1_257' title='bbox 1354 889 1452 923; x_wconf 83' lang='lat' dir='ltr'><strong>legem,</strong></span> <span class='ocrx_word' id='word_1_258' title='bbox 1466 891 1594 923; x_wconf 85' lang='lat' dir='ltr'><strong>tanquam</strong></span> <span class='ocrx_word' id='word_1_259' title='bbox 1606 888 1697 914; x_wconf 88' lang='lat' dir='ltr'><strong>chari—</strong></span> 
     </span>
    </p>
   </div>
   <div class='ocr_carea' id='block_1_34' title="bbox 77 923 859 970">
    <p class='ocr_par' dir='ltr' id='par_1_34' title="bbox 77 923 859 970">
     <span class='ocr_line' id='line_1_34' title="bbox 77 923 859 970; baseline 0.005 -12"><span class='ocrx_word' id='word_1_260' title='bbox 77 933 264 960; x_wconf 85' lang='grc' dir='ltr'>κατακωλύων</span> <span class='ocrx_word' id='word_1_261' title='bbox 274 953 281 965; x_wconf 86' lang='grc'><em>,</em></span> <span class='ocrx_word' id='word_1_262' title='bbox 297 931 374 969; x_wconf 73' lang='grc' dir='ltr'>οἶμαί</span> <span class='ocrx_word' id='word_1_263' title='bbox 391 942 452 965; x_wconf 88' lang='grc' dir='ltr'>που,</span> <span class='ocrx_word' id='word_1_264' title='bbox 468 934 497 960; x_wconf 82' lang='grc' dir='ltr'>τὸ</span> <span class='ocrx_word' id='word_1_265' title='bbox 510 934 615 961; x_wconf 76' lang='grc' dir='ltr'>ἔντονον</span> <span class='ocrx_word' id='word_1_266' title='bbox 634 923 674 967; x_wconf 80' lang='grc' dir='ltr'><strong>είς</strong></span> <span class='ocrx_word' id='word_1_267' title='bbox 690 923 791 970; x_wconf 70' lang='grc' dir='ltr'>ὀργὰς,</span> <span class='ocrx_word' id='word_1_268' title='bbox 812 937 859 963; x_wconf 79' lang='grc' dir='ltr'><strong>καὶ</strong></span> 
     </span>
    </p>
   </div>
   <div class='ocr_carea' id='block_1_35' title="bbox 910 923 1697 970">
    <p class='ocr_par' dir='ltr' id='par_1_35' title="bbox 911 932 1697 966">
     <span class='ocr_line' id='line_1_35' title="bbox 911 932 1697 966; baseline -0.003 -6"><span class='ocrx_word' id='word_1_269' title='bbox 911 933 975 960; x_wconf 86' lang='lat' dir='ltr'><strong>tatis</strong></span> <span class='ocrx_word' id='word_1_270' title='bbox 982 932 1123 965; x_wconf 88' lang='lat' dir='ltr'><strong>arbitram,</strong></span> <span class='ocrx_word' id='word_1_271' title='bbox 1135 932 1245 960; x_wconf 81' lang='lat' dir='ltr'><strong>ferens:</strong></span> <span class='ocrx_word' id='word_1_272' title='bbox 1257 932 1286 960; x_wconf 90' lang='lat' dir='ltr'><strong>Si</strong></span> <span class='ocrx_word' id='word_1_273' title='bbox 1299 932 1372 959; x_wconf 90' lang='lat' dir='ltr'><strong>enim</strong></span> <span class='ocrx_word' id='word_1_274' title='bbox 1385 932 1531 964; x_wconf 83' lang='lat' dir='ltr'><strong>inveneris,</strong></span> <span class='ocrx_word' id='word_1_275' title='bbox 1546 932 1643 966; x_wconf 87' lang='lat' dir='ltr'><strong>inquit,</strong></span> <span class='ocrx_word' id='word_1_276' title='bbox 1655 939 1697 959; x_wconf 85' lang='lat' dir='ltr'><strong>cr-</strong></span> 
     </span>
    </p>
   </div>
   <div class='ocr_carea' id='block_1_36' title="bbox 73 978 858 1016">
    <p class='ocr_par' dir='ltr' id='par_1_36' title="bbox 73 978 858 1016">
     <span class='ocr_line' id='line_1_36' title="bbox 73 978 858 1016; baseline 0.005 -11"><span class='ocrx_word' id='word_1_277' title='bbox 73 978 104 1004; x_wconf 81' lang='grc' dir='ltr'><strong>τὺ</strong></span> <span class='ocrx_word' id='word_1_278' title='bbox 129 979 256 1015; x_wconf 81' lang='grc' dir='ltr'>περιττὸν</span> <span class='ocrx_word' id='word_1_279' title='bbox 280 980 318 1010; x_wconf 73' lang='grc' dir='ltr'>εἰς</span> <span class='ocrx_word' id='word_1_280' title='bbox 336 980 515 1015; x_wconf 80' lang='grc' dir='ltr'>μικροψυχίας</span> <span class='ocrx_word' id='word_1_281' title='bbox 527 999 534 1011; x_wconf 88' lang='lat'><strong>,</strong></span> <span class='ocrx_word' id='word_1_282' title='bbox 549 981 596 1006; x_wconf 79' lang='grc' dir='ltr'>καὶ</span> <span class='ocrx_word' id='word_1_283' title='bbox 614 980 659 1007; x_wconf 74' lang='grc' dir='ltr'><strong>τὸν</strong></span> <span class='ocrx_word' id='word_1_284' title='bbox 681 981 730 1016; x_wconf 83' lang='grc' dir='ltr'>τῆς</span> <span class='ocrx_word' id='word_1_285' title='bbox 752 982 858 1016; x_wconf 79' lang='grc' dir='ltr'>φύσεως</span> 
     </span>
    </p>
   </div>
   <div class='ocr_carea' id='block_1_37' title="bbox 73 1024 856 1063">
    <p class='ocr_par' dir='ltr' id='par_1_37' title="bbox 73 1024 856 1063">
     <span class='ocr_line' id='line_1_37' title="bbox 73 1024 856 1063; baseline 0.005 -13"><span class='ocrx_word' id='word_1_286' title='bbox 73 1024 167 1059; x_wconf 75' lang='grc' dir='ltr'>νόμον,</span> <span class='ocrx_word' id='word_1_287' title='bbox 185 1024 336 1061; x_wconf 76' lang='grc' dir='ltr'>βραϐευτὴν</span> <span class='ocrx_word' id='word_1_288' title='bbox 352 1024 446 1061; x_wconf 87' lang='grc' dir='ltr'>ὥσπερ</span> <span class='ocrx_word' id='word_1_289' title='bbox 458 1026 520 1053; x_wconf 78' lang='grc' dir='ltr'>τινὰ</span> <span class='ocrx_word' id='word_1_290' title='bbox 533 1026 581 1062; x_wconf 83' lang='grc' dir='ltr'>τῆς</span> <span class='ocrx_word' id='word_1_291' title='bbox 593 1027 704 1062; x_wconf 79' lang='grc' dir='ltr'><strong>ἀγάπης</strong></span> <span class='ocrx_word' id='word_1_292' title='bbox 713 1028 856 1063; x_wconf 76' lang='grc' dir='ltr'>εἰσφέρων.</span> 
     </span>
    </p>
   </div>
   <div class='ocr_carea' id='block_1_38' title="bbox 74 1070 860 1109">
    <p class='ocr_par' dir='ltr' id='par_1_38' title="bbox 74 1070 860 1109">
     <span class='ocr_line' id='line_1_38' title="bbox 74 1070 860 1109; baseline 0.006 -13"><span class='ocrx_word' id='word_1_293' title='bbox 74 1070 125 1096; x_wconf 79' lang='grc' dir='ltr'><strong>’Λν</strong></span> <span class='ocrx_word' id='word_1_294' title='bbox 145 1070 200 1105; x_wconf 71' lang='grc' dir='ltr'>γάρ</span> <span class='ocrx_word' id='word_1_295' title='bbox 223 1070 315 1107; x_wconf 78' lang='grc' dir='ltr'>εὕρῃς,</span> <span class='ocrx_word' id='word_1_296' title='bbox 335 1072 427 1108; x_wconf 80' lang='grc' dir='ltr'>φησὶν,</span> <span class='ocrx_word' id='word_1_297' title='bbox 445 1072 619 1108; x_wconf 78' lang='grc' dir='ltr'><strong>πλανώμενον</strong></span> <span class='ocrx_word' id='word_1_298' title='bbox 632 1074 739 1108; x_wconf 80' lang='grc' dir='ltr'>κτῆνος,</span> <span class='ocrx_word' id='word_1_299' title='bbox 758 1074 774 1109; x_wconf 80' lang='grc' dir='ltr'>ἢ</span> <span class='ocrx_word' id='word_1_300' title='bbox 792 1075 860 1101; x_wconf 78' lang='grc' dir='ltr'>ἀπο-</span> 
     </span>
    </p>
   </div>
   <div class='ocr_carea' id='block_1_39' title="bbox 30 1112 859 1154">
    <p class='ocr_par' dir='ltr' id='par_1_39' title="bbox 30 1112 859 1154">
     <span class='ocr_line' id='line_1_39' title="bbox 30 1112 859 1154; baseline 0.005 -12"><span class='ocrx_word' id='word_1_301' title='bbox 30 1112 33 1114; x_wconf 68' lang='grc'><strong>’</strong></span> <span class='ocrx_word' id='word_1_302' title='bbox 73 1116 160 1148; x_wconf 59' lang='lat' dir='ltr'><strong>tum;</strong></span> <span class='ocrx_word' id='word_1_303' title='bbox 177 1116 294 1152; x_wconf 80' lang='grc' dir='ltr'>ἱμάτιον,</span> <span class='ocrx_word' id='word_1_304' title='bbox 310 1117 472 1153; x_wconf 76' lang='grc' dir='ltr'>περισώσεις</span> <span class='ocrx_word' id='word_1_305' title='bbox 481 1118 551 1145; x_wconf 74' lang='grc' dir='ltr'>αὐτὰ</span> <span class='ocrx_word' id='word_1_306' title='bbox 563 1118 602 1154; x_wconf 87' lang='grc' dir='ltr'><strong>τῷ</strong></span> <span class='ocrx_word' id='word_1_307' title='bbox 612 1118 719 1153; x_wconf 83' lang='grc' dir='ltr'>ἀδελφῷ</span> <span class='ocrx_word' id='word_1_308' title='bbox 732 1127 790 1145; x_wconf 86' lang='grc' dir='ltr'>σου·</span> <span class='ocrx_word' id='word_1_309' title='bbox 808 1120 859 1146; x_wconf 80' lang='grc' dir='ltr'>κᾶν</span> 
     </span>
    </p>
   </div>
   <div class='ocr_carea' id='block_1_40' title="bbox 74 1163 860 1201">
    <p class='ocr_par' dir='ltr' id='par_1_40' title="bbox 74 1163 860 1201">
     <span class='ocr_line' id='line_1_40' title="bbox 74 1163 860 1201; baseline 0.003 -12"><span class='ocrx_word' id='word_1_310' title='bbox 74 1165 99 1189; x_wconf 87' lang='grc' dir='ltr'>εἰ</span> <span class='ocrx_word' id='word_1_311' title='bbox 109 1163 214 1197; x_wconf 85' lang='grc' dir='ltr'>γένοιτό</span> <span class='ocrx_word' id='word_1_312' title='bbox 224 1172 250 1190; x_wconf 83' lang='grc' dir='ltr'><strong>τι</strong></span> <span class='ocrx_word' id='word_1_313' title='bbox 266 1164 323 1190; x_wconf 87' lang='grc' dir='ltr'><strong>τῶν</strong></span> <span class='ocrx_word' id='word_1_314' title='bbox 351 1163 513 1200; x_wconf 84' lang='grc' dir='ltr'>ἀχθοφορεῖν</span> <span class='ocrx_word' id='word_1_315' title='bbox 537 1163 670 1191; x_wconf 85' lang='grc' dir='ltr'>εἰωθότων</span> <span class='ocrx_word' id='word_1_316' title='bbox 699 1165 860 1201; x_wconf 83' lang='grc' dir='ltr'>κατολισθῆ-</span> 
     </span>
    </p>
   </div>
   <div class='ocr_carea' id='block_1_41' title="bbox 75 1209 859 1247">
    <p class='ocr_par' dir='ltr' id='par_1_41' title="bbox 75 1209 859 1247">
     <span class='ocr_line' id='line_1_41' title="bbox 75 1209 859 1247; baseline 0.006 -13"><span class='ocrx_word' id='word_1_317' title='bbox 75 1217 125 1234; x_wconf 71' lang='grc' dir='ltr'><strong>σαν</strong></span> <span class='ocrx_word' id='word_1_318' title='bbox 140 1209 180 1240; x_wconf 86' lang='grc' dir='ltr'><strong>είς</strong></span> <span class='ocrx_word' id='word_1_319' title='bbox 193 1209 244 1244; x_wconf 81' lang='grc' dir='ltr'>γῆν</span> <span class='ocrx_word' id='word_1_320' title='bbox 256 1209 301 1236; x_wconf 85' lang='grc' dir='ltr'><strong>ὑπ’</strong></span> <span class='ocrx_word' id='word_1_321' title='bbox 315 1209 388 1245; x_wconf 84' lang='grc' dir='ltr'><strong>αὖτῷ</strong></span> <span class='ocrx_word' id='word_1_322' title='bbox 408 1209 598 1245; x_wconf 77' lang='grc' dir='ltr'>συντρίϐεσθαι</span> <span class='ocrx_word' id='word_1_323' title='bbox 612 1210 651 1246; x_wconf 85' lang='grc' dir='ltr'>τῷ</span> <span class='ocrx_word' id='word_1_324' title='bbox 661 1211 764 1247; x_wconf 79' lang='grc' dir='ltr'>φορτίῳ</span> <span class='ocrx_word' id='word_1_325' title='bbox 773 1233 780 1245; x_wconf 83' lang='grc'>,</span> <span class='ocrx_word' id='word_1_326' title='bbox 797 1220 859 1239; x_wconf 87' lang='grc' dir='ltr'>συν-</span> 
     </span>
    </p>
   </div>
   <div class='ocr_carea' id='block_1_42' title="bbox 74 1254 857 1292">
    <p class='ocr_par' dir='ltr' id='par_1_42' title="bbox 74 1254 857 1292">
     <span class='ocr_line' id='line_1_42' title="bbox 74 1254 857 1292; baseline 0.008 -14"><span class='ocrx_word' id='word_1_327' title='bbox 74 1261 86 1278; x_wconf 88' lang='grc' dir='ltr'><strong>ε</strong></span> <span class='ocrx_word' id='word_1_328' title='bbox 93 1254 181 1289; x_wconf 77' lang='grc' dir='ltr'>ργάσῃ</span> <span class='ocrx_word' id='word_1_329' title='bbox 188 1254 235 1281; x_wconf 71' lang='grc' dir='ltr'>καὶ</span> <span class='ocrx_word' id='word_1_330' title='bbox 246 1256 410 1290; x_wconf 83' lang='grc' dir='ltr'>συνεγερεῖς.</span> <span class='ocrx_word' id='word_1_331' title='bbox 420 1255 532 1290; x_wconf 88' lang='grc' dir='ltr'>Ἕτερον</span> <span class='ocrx_word' id='word_1_332' title='bbox 539 1255 567 1282; x_wconf 77' lang='grc' dir='ltr'><strong>δὲ</strong></span> <span class='ocrx_word' id='word_1_333' title='bbox 574 1255 653 1282; x_wconf 83' lang='grc' dir='ltr'>τοῦτό</span> <span class='ocrx_word' id='word_1_334' title='bbox 664 1257 736 1283; x_wconf 82' lang='grc' dir='ltr'>ἐστιν</span> <span class='ocrx_word' id='word_1_335' title='bbox 747 1256 833 1289; x_wconf 80' lang='grc' dir='ltr'><strong>οὐδὲν,</strong></span> <span class='ocrx_word' id='word_1_336' title='bbox 840 1257 857 1292; x_wconf 79' lang='grc' dir='ltr'><strong>ἢ</strong></span> 
     </span>
    </p>
   </div>
   <div class='ocr_carea' id='block_1_43' title="bbox 73 1298 860 1335">
    <p class='ocr_par' dir='ltr' id='par_1_43' title="bbox 73 1298 860 1335">
     <span class='ocr_line' id='line_1_43' title="bbox 73 1298 860 1335; baseline 0.004 -11"><span class='ocrx_word' id='word_1_337' title='bbox 73 1298 120 1324; x_wconf 75' lang='grc' dir='ltr'><strong>τὸν</strong></span> <span class='ocrx_word' id='word_1_338' title='bbox 135 1298 302 1334; x_wconf 82' lang='grc' dir='ltr'><strong>κεκτημένον</strong></span> <span class='ocrx_word' id='word_1_339' title='bbox 317 1298 442 1333; x_wconf 73' lang='grc' dir='ltr'>ὠφελεῖν,</span> <span class='ocrx_word' id='word_1_340' title='bbox 455 1300 502 1325; x_wconf 75' lang='grc' dir='ltr'>καὶ</span> <span class='ocrx_word' id='word_1_341' title='bbox 520 1299 619 1334; x_wconf 83' lang='grc' dir='ltr'><strong>μελέτη</strong></span> <span class='ocrx_word' id='word_1_342' title='bbox 636 1300 703 1335; x_wconf 79' lang='grc' dir='ltr'>πρὸς</span> <span class='ocrx_word' id='word_1_343' title='bbox 713 1300 798 1332; x_wconf 82' lang='grc' dir='ltr'>ἔλεον,</span> <span class='ocrx_word' id='word_1_344' title='bbox 813 1301 860 1327; x_wconf 77' lang='grc' dir='ltr'>καὶ</span> 
     </span>
    </p>
   </div>
   <div class='ocr_carea' id='block_1_44' title="bbox 75 1344 860 1380">
    <p class='ocr_par' dir='ltr' id='par_1_44' title="bbox 75 1344 860 1380">
     <span class='ocr_line' id='line_1_44' title="bbox 75 1344 860 1380; baseline 0.004 -10"><span class='ocrx_word' id='word_1_345' title='bbox 75 1344 247 1378; x_wconf 77' lang='grc' dir='ltr'>παιδαγωγία</span> <span class='ocrx_word' id='word_1_346' title='bbox 266 1345 333 1379; x_wconf 81' lang='grc' dir='ltr'>πρὸς</span> <span class='ocrx_word' id='word_1_347' title='bbox 357 1345 572 1380; x_wconf 78' lang='grc' dir='ltr'>φιλοικειότητα,</span> <span class='ocrx_word' id='word_1_348' title='bbox 595 1346 642 1372; x_wconf 78' lang='grc' dir='ltr'>καὶ</span> <span class='ocrx_word' id='word_1_349' title='bbox 664 1346 695 1372; x_wconf 79' lang='grc' dir='ltr'>τὸ</span> <span class='ocrx_word' id='word_1_350' title='bbox 718 1346 860 1374; x_wconf 84' lang='grc' dir='ltr'>λυπεῖσθαι</span> 
     </span>
    </p>
   </div>
   <div class='ocr_carea' id='block_1_45' title="bbox 75 1388 861 1426">
    <p class='ocr_par' dir='ltr' id='par_1_45' title="bbox 75 1388 861 1426">
     <span class='ocr_line' id='line_1_45' title="bbox 75 1388 861 1426; baseline 0.004 -12"><span class='ocrx_word' id='word_1_351' title='bbox 75 1388 171 1423; x_wconf 84' lang='grc' dir='ltr'>μακρὰ</span> <span class='ocrx_word' id='word_1_352' title='bbox 187 1388 372 1424; x_wconf 85' lang='grc' dir='ltr'>παρωθεῖσθαι</span> <span class='ocrx_word' id='word_1_353' title='bbox 388 1388 490 1425; x_wconf 79' lang='grc' dir='ltr'><strong>ζητεῖν,</strong></span> <span class='ocrx_word' id='word_1_354' title='bbox 502 1390 549 1416; x_wconf 79' lang='grc' dir='ltr'>καὶ</span> <span class='ocrx_word' id='word_1_355' title='bbox 564 1390 756 1425; x_wconf 84' lang='grc' dir='ltr'>παραιτεῖσθαι</span> <span class='ocrx_word' id='word_1_356' title='bbox 767 1391 861 1426; x_wconf 87' lang='grc' dir='ltr'>διαφο-</span> 
     </span>
    </p>
   </div>
   <div class='ocr_carea' id='block_1_46' title="bbox 76 1433 861 1472">
    <p class='ocr_par' dir='ltr' id='par_1_46' title="bbox 76 1433 861 1472">
     <span class='ocr_line' id='line_1_46' title="bbox 76 1433 861 1472; baseline 0.005 -13"><span class='ocrx_word' id='word_1_357' title='bbox 76 1434 137 1468; x_wconf 71' lang='grc' dir='ltr'>ρὰς,</span> <span class='ocrx_word' id='word_1_358' title='bbox 156 1433 227 1470; x_wconf 81' lang='grc' dir='ltr'>ὑπέρ</span> <span class='ocrx_word' id='word_1_359' title='bbox 240 1442 271 1468; x_wconf 88' lang='grc' dir='ltr'><strong>γε</strong></span> <span class='ocrx_word' id='word_1_360' title='bbox 294 1434 339 1461; x_wconf 80' lang='grc' dir='ltr'>τοῦ</span> <span class='ocrx_word' id='word_1_361' title='bbox 360 1435 397 1470; x_wconf 87' lang='grc' dir='ltr'>μὴ</span> <span class='ocrx_word' id='word_1_362' title='bbox 407 1435 495 1461; x_wconf 82' lang='grc' dir='ltr'>δοκεῖν</span> <span class='ocrx_word' id='word_1_363' title='bbox 508 1435 688 1470; x_wconf 84' lang='grc' dir='ltr'>προσκρούειν</span> <span class='ocrx_word' id='word_1_364' title='bbox 704 1435 797 1472; x_wconf 81' lang='grc' dir='ltr'><strong>ἀγάπῃ</strong></span> <span class='ocrx_word' id='word_1_365' title='bbox 814 1437 861 1464; x_wconf 71' lang='grc' dir='ltr'>καὶ</span> 
     </span>
    </p>
   </div>
   <div class='ocr_carea' id='block_1_47' title="bbox 76 1478 861 1517">
    <p class='ocr_par' dir='ltr' id='par_1_47' title="bbox 76 1478 861 1517">
     <span class='ocr_line' id='line_1_47' title="bbox 76 1478 861 1517; baseline 0.005 -13"><span class='ocrx_word' id='word_1_366' title='bbox 76 1478 152 1512; x_wconf 82' lang='grc' dir='ltr'>νόμῳ</span> <span class='ocrx_word' id='word_1_367' title='bbox 166 1478 204 1513; x_wconf 81' lang='grc' dir='ltr'>τῷ</span> <span class='ocrx_word' id='word_1_368' title='bbox 222 1479 261 1510; x_wconf 82' lang='grc' dir='ltr'><strong>εις</strong></span> <span class='ocrx_word' id='word_1_369' title='bbox 279 1478 464 1513; x_wconf 82' lang='grc' dir='ltr'>φιλαδελφίαν,</span> <span class='ocrx_word' id='word_1_370' title='bbox 484 1479 564 1512; x_wconf 74' lang='grc' dir='ltr'>Εἰκὸς</span> <span class='ocrx_word' id='word_1_371' title='bbox 578 1480 607 1507; x_wconf 83' lang='grc' dir='ltr'><strong>δὲ</strong></span> <span class='ocrx_word' id='word_1_372' title='bbox 621 1480 652 1516; x_wconf 89' lang='grc' dir='ltr'><strong>δή</strong></span> <span class='ocrx_word' id='word_1_373' title='bbox 664 1489 690 1507; x_wconf 90' lang='grc' dir='ltr'><strong>τι</strong></span> <span class='ocrx_word' id='word_1_374' title='bbox 704 1481 749 1507; x_wconf 80' lang='grc' dir='ltr'>καὶ</span> <span class='ocrx_word' id='word_1_375' title='bbox 768 1481 861 1517; x_wconf 73' lang='grc' dir='ltr'>ἕτερον</span> 
     </span>
    </p>
   </div>
   <div class='ocr_carea' id='block_1_48' title="bbox 75 1523 860 1563">
    <p class='ocr_par' dir='ltr' id='par_1_48' title="bbox 75 1523 860 1563">
     <span class='ocr_line' id='line_1_48' title="bbox 75 1523 860 1563; baseline 0.005 -14"><span class='ocrx_word' id='word_1_376' title='bbox 75 1523 299 1556; x_wconf 78' lang='grc' dir='ltr'>ὑπαινίττεσοαι,</span> <span class='ocrx_word' id='word_1_377' title='bbox 327 1524 357 1550; x_wconf 81' lang='grc' dir='ltr'><strong>τὸ</strong></span> <span class='ocrx_word' id='word_1_378' title='bbox 383 1524 592 1560; x_wconf 83' lang='grc' dir='ltr'>χρησμῴδημα·</span> <span class='ocrx_word' id='word_1_379' title='bbox 614 1526 637 1551; x_wconf 84' lang='grc' dir='ltr'><strong>εί</strong></span> <span class='ocrx_word' id='word_1_380' title='bbox 661 1525 716 1561; x_wconf 88' lang='grc' dir='ltr'><strong>γὰρ</strong></span> <span class='ocrx_word' id='word_1_381' title='bbox 741 1527 860 1563; x_wconf 77' lang='grc' dir='ltr'><strong>τοσαύτη</strong></span> 
     </span>
    </p>
   </div>
   <div class='ocr_carea' id='block_1_49' title="bbox 72 1568 861 1605">
    <p class='ocr_par' dir='ltr' id='par_1_49' title="bbox 72 1568 861 1605">
     <span class='ocr_line' id='line_1_49' title="bbox 72 1568 861 1605; baseline 0.005 -11"><span class='ocrx_word' id='word_1_382' title='bbox 72 1569 172 1602; x_wconf 76' lang='grc' dir='ltr'>γέγονε</span> <span class='ocrx_word' id='word_1_383' title='bbox 186 1568 224 1602; x_wconf 86' lang='grc' dir='ltr'>τῷ</span> <span class='ocrx_word' id='word_1_384' title='bbox 237 1569 367 1605; x_wconf 83' lang='grc' dir='ltr'>νομοθέτῃ</span> <span class='ocrx_word' id='word_1_385' title='bbox 385 1570 495 1605; x_wconf 83' lang='grc' dir='ltr'>φροντὶς</span> <span class='ocrx_word' id='word_1_386' title='bbox 505 1589 512 1601; x_wconf 90' lang='grc'><em>,</em></span> <span class='ocrx_word' id='word_1_387' title='bbox 534 1570 572 1602; x_wconf 82' lang='grc' dir='ltr'>ὡς</span> <span class='ocrx_word' id='word_1_388' title='bbox 583 1571 608 1597; x_wconf 77' lang='grc' dir='ltr'><strong>εί</strong></span> <span class='ocrx_word' id='word_1_389' title='bbox 622 1571 667 1597; x_wconf 84' lang='grc' dir='ltr'><strong>καί</strong></span> <span class='ocrx_word' id='word_1_390' title='bbox 687 1580 711 1597; x_wconf 85' lang='grc' dir='ltr'><strong>τι</strong></span> <span class='ocrx_word' id='word_1_391' title='bbox 729 1571 783 1598; x_wconf 84' lang='grc' dir='ltr'>τῶν</span> <span class='ocrx_word' id='word_1_392' title='bbox 799 1571 861 1599; x_wconf 82' lang='grc' dir='ltr'>ἀλό-</span> 
     </span>
    </p>
   </div>
   <div class='ocr_carea' id='block_1_50' title="bbox 75 1615 859 1652">
    <p class='ocr_par' dir='ltr' id='par_1_50' title="bbox 75 1615 859 1652">
     <span class='ocr_line' id='line_1_50' title="bbox 75 1615 859 1652; baseline 0.004 -11"><span class='ocrx_word' id='word_1_393' title='bbox 75 1624 132 1648; x_wconf 78' lang='grc' dir='ltr'><strong>γων</strong></span> <span class='ocrx_word' id='word_1_394' title='bbox 145 1615 189 1650; x_wconf 81' lang='grc' dir='ltr'><strong>εἴη</strong></span> <span class='ocrx_word' id='word_1_395' title='bbox 207 1615 238 1642; x_wconf 81' lang='grc' dir='ltr'>τὸ</span> <span class='ocrx_word' id='word_1_396' title='bbox 251 1616 383 1648; x_wconf 74' lang='grc' dir='ltr'>πεπονθδς</span> <span class='ocrx_word' id='word_1_397' title='bbox 395 1637 402 1648; x_wconf 91' lang='grc'><em>,</em></span> <span class='ocrx_word' id='word_1_398' title='bbox 416 1616 523 1650; x_wconf 82' lang='grc' dir='ltr'>ὀρέγειν</span> <span class='ocrx_word' id='word_1_399' title='bbox 536 1617 608 1652; x_wconf 80' lang='grc' dir='ltr'>ἡμᾶς</span> <span class='ocrx_word' id='word_1_400' title='bbox 623 1617 671 1651; x_wconf 84' lang='grc' dir='ltr'>τὴν</span> <span class='ocrx_word' id='word_1_401' title='bbox 687 1617 859 1652; x_wconf 78' lang='grc' dir='ltr'>ἐπικουρίαν,</span> 
     </span>
    </p>
   </div>
   <div class='ocr_carea' id='block_1_51' title="bbox 76 1660 860 1698">
    <p class='ocr_par' dir='ltr' id='par_1_51' title="bbox 76 1660 860 1698">
     <span class='ocr_line' id='line_1_51' title="bbox 76 1660 860 1698; baseline 0.005 -12"><span class='ocrx_word' id='word_1_402' title='bbox 76 1661 135 1692; x_wconf 77' lang='grc' dir='ltr'>πῶς</span> <span class='ocrx_word' id='word_1_403' title='bbox 143 1661 194 1687; x_wconf 79' lang='grc' dir='ltr'><strong>οὺχ</strong></span> <span class='ocrx_word' id='word_1_404' title='bbox 203 1660 236 1687; x_wconf 82' lang='grc' dir='ltr'>ἂν</span> <span class='ocrx_word' id='word_1_405' title='bbox 249 1661 323 1696; x_wconf 83' lang='grc' dir='ltr'>αὐτῷ</span> <span class='ocrx_word' id='word_1_406' title='bbox 335 1661 465 1696; x_wconf 78' lang='grc' dir='ltr'><strong>μειζόνως</strong></span> <span class='ocrx_word' id='word_1_407' title='bbox 475 1662 599 1697; x_wconf 80' lang='grc' dir='ltr'><strong>ἀρέσειεν</strong></span> <span class='ocrx_word' id='word_1_408' title='bbox 616 1663 631 1697; x_wconf 84' lang='grc' dir='ltr'><strong>ἡ</strong></span> <span class='ocrx_word' id='word_1_409' title='bbox 649 1663 689 1694; x_wconf 84' lang='grc' dir='ltr'><strong>είς</strong></span> <span class='ocrx_word' id='word_1_410' title='bbox 700 1662 860 1698; x_wconf 84' lang='grc' dir='ltr'>ἀνθρώπους</span> 
     </span>
    </p>
   </div>
   <div class='ocr_carea' id='block_1_52' title="bbox 78 1704 859 1743">
    <p class='ocr_par' dir='ltr' id='par_1_52' title="bbox 78 1704 859 1743">
     <span class='ocr_line' id='line_1_52' title="bbox 78 1704 859 1743; baseline 0.005 -13"><span class='ocrx_word' id='word_1_411' title='bbox 78 1704 170 1739; x_wconf 75' lang='grc' dir='ltr'>φειδὼ,</span> <span class='ocrx_word' id='word_1_412' title='bbox 184 1706 230 1732; x_wconf 69' lang='grc' dir='ltr'>καὶ</span> <span class='ocrx_word' id='word_1_413' title='bbox 243 1706 260 1741; x_wconf 85' lang='grc' dir='ltr'>ὴ</span> <span class='ocrx_word' id='word_1_414' title='bbox 272 1707 327 1737; x_wconf 88' lang='grc' dir='ltr'>τοῖς</span> <span class='ocrx_word' id='word_1_415' title='bbox 340 1706 497 1741; x_wconf 85' lang='grc' dir='ltr'>ὁμογενέσιν</span> <span class='ocrx_word' id='word_1_416' title='bbox 507 1707 668 1742; x_wconf 82' lang='grc' dir='ltr'>ὀφειλομένη</span> <span class='ocrx_word' id='word_1_417' title='bbox 681 1707 859 1743; x_wconf 79' lang='grc' dir='ltr'>φιλαλληλία;</span> 
     </span>
    </p>
   </div>
   <div class='ocr_carea' id='block_1_53' title="bbox 76 1752 860 1789">
    <p class='ocr_par' dir='ltr' id='par_1_53' title="bbox 76 1752 860 1789">
     <span class='ocr_line' id='line_1_53' title="bbox 76 1752 860 1789; baseline 0.003 -11"><span class='ocrx_word' id='word_1_418' title='bbox 76 1752 174 1778; x_wconf 76' lang='grc' dir='ltr'>οὐκοῦν</span> <span class='ocrx_word' id='word_1_419' title='bbox 189 1752 239 1779; x_wconf 79' lang='grc' dir='ltr'>κᾶν</span> <span class='ocrx_word' id='word_1_420' title='bbox 252 1753 276 1779; x_wconf 84' lang='grc' dir='ltr'><strong>ει</strong></span> <span class='ocrx_word' id='word_1_421' title='bbox 288 1753 384 1788; x_wconf 77' lang='grc' dir='ltr'>ἐχθρὸς</span> <span class='ocrx_word' id='word_1_422' title='bbox 398 1752 523 1788; x_wconf 83' lang='grc' dir='ltr'>πλανῷτο</span> <span class='ocrx_word' id='word_1_423' title='bbox 542 1753 632 1788; x_wconf 81' lang='grc' dir='ltr'>τυχὸν,</span> <span class='ocrx_word' id='word_1_424' title='bbox 644 1754 802 1789; x_wconf 83' lang='grc' dir='ltr'>μανθανέτω</span> <span class='ocrx_word' id='word_1_425' title='bbox 812 1754 860 1789; x_wconf 86' lang='grc' dir='ltr'>τὴν</span> 
     </span>
    </p>
   </div>
   <div class='ocr_carea' id='block_1_54' title="bbox 76 1797 859 1835">
    <p class='ocr_par' dir='ltr' id='par_1_54' title="bbox 76 1797 859 1835">
     <span class='ocr_line' id='line_1_54' title="bbox 76 1797 859 1835; baseline 0.004 -12"><span class='ocrx_word' id='word_1_426' title='bbox 76 1797 120 1822; x_wconf 73' lang='grc' dir='ltr'><strong>ἐπ’</strong></span> <span class='ocrx_word' id='word_1_427' title='bbox 134 1797 210 1830; x_wconf 75' lang='grc' dir='ltr'>εὐθὺ,</span> <span class='ocrx_word' id='word_1_428' title='bbox 223 1799 270 1825; x_wconf 74' lang='grc' dir='ltr'>καὶ</span> <span class='ocrx_word' id='word_1_429' title='bbox 282 1799 315 1825; x_wconf 80' lang='grc' dir='ltr'><strong>δι’</strong></span> <span class='ocrx_word' id='word_1_430' title='bbox 329 1798 409 1834; x_wconf 81' lang='grc' dir='ltr'>ἡμῶν</span> <span class='ocrx_word' id='word_1_431' title='bbox 422 1799 523 1826; x_wconf 84' lang='grc' dir='ltr'>νευέτω</span> <span class='ocrx_word' id='word_1_432' title='bbox 537 1799 575 1834; x_wconf 82' lang='lat'><strong>(1)</strong></span> <span class='ocrx_word' id='word_1_433' title='bbox 591 1799 658 1834; x_wconf 85' lang='grc' dir='ltr'>πρὸς</span> <span class='ocrx_word' id='word_1_434' title='bbox 670 1800 700 1826; x_wconf 78' lang='grc' dir='ltr'>τὸ</span> <span class='ocrx_word' id='word_1_435' title='bbox 710 1800 859 1835; x_wconf 87' lang='grc' dir='ltr'>συμφέρον.</span> 
     </span>
    </p>
   </div>
   <div class='ocr_carea' id='block_1_55' title="bbox 77 1841 861 1881">
    <p class='ocr_par' dir='ltr' id='par_1_55' title="bbox 77 1841 861 1881">
     <span class='ocr_line' id='line_1_55' title="bbox 77 1841 861 1881; baseline 0.005 -13"><span class='ocrx_word' id='word_1_436' title='bbox 77 1841 156 1868; x_wconf 80' lang='grc' dir='ltr'>Οὗτω</span> <span class='ocrx_word' id='word_1_437' title='bbox 173 1843 219 1869; x_wconf 79' lang='grc' dir='ltr'>καὶ</span> <span class='ocrx_word' id='word_1_438' title='bbox 233 1844 248 1870; x_wconf 85' lang='grc' dir='ltr'>ὁ</span> <span class='ocrx_word' id='word_1_439' title='bbox 266 1843 398 1879; x_wconf 82' lang='grc' dir='ltr'>Χριστὸς,</span> <span class='ocrx_word' id='word_1_440' title='bbox 417 1843 500 1876; x_wconf 84' lang='grc' dir='ltr'>λίθοις</span> <span class='ocrx_word' id='word_1_441' title='bbox 517 1844 566 1879; x_wconf 81' lang='grc' dir='ltr'>μὲν</span> <span class='ocrx_word' id='word_1_442' title='bbox 578 1844 704 1871; x_wconf 76' lang='grc' dir='ltr'>ἐϐάλλετο</span> <span class='ocrx_word' id='word_1_443' title='bbox 717 1845 792 1881; x_wconf 86' lang='grc' dir='ltr'><strong>παρά</strong></span> <span class='ocrx_word' id='word_1_444' title='bbox 807 1845 861 1873; x_wconf 78' lang='grc' dir='ltr'><strong>τῶν</strong></span> 
     </span>
    </p>
   </div>
   <div class='ocr_carea' id='block_1_56' title="bbox 76 1888 860 1927">
    <p class='ocr_par' dir='ltr' id='par_1_56' title="bbox 76 1888 860 1927">
     <span class='ocr_line' id='line_1_56' title="bbox 76 1888 860 1927; baseline 0.005 -13"><span class='ocrx_word' id='word_1_445' title='bbox 76 1888 107 1921; x_wconf 75' lang='grc' dir='ltr'><strong>ἐξ</strong></span> <span class='ocrx_word' id='word_1_446' title='bbox 123 1889 241 1924; x_wconf 80' lang='grc' dir='ltr'>Ἰσραὴλ,</span> <span class='ocrx_word' id='word_1_447' title='bbox 255 1889 386 1924; x_wconf 73' lang='grc' dir='ltr'>ἐπεφώνει</span> <span class='ocrx_word' id='word_1_448' title='bbox 401 1890 429 1918; x_wconf 82' lang='grc' dir='ltr'><strong>δὲ</strong></span> <span class='ocrx_word' id='word_1_449' title='bbox 443 1890 517 1926; x_wconf 74' lang='grc' dir='ltr'>ὅμως</span> <span class='ocrx_word' id='word_1_450' title='bbox 527 1899 533 1906; x_wconf 81' lang='lat'><strong>&#39;</strong></span> <span class='ocrx_word' id='word_1_451' title='bbox 550 1900 559 1916; x_wconf 85' lang='grc' dir='ltr'><strong>ι</strong></span> <span class='ocrx_word' id='word_1_452' title='bbox 575 1891 645 1923; x_wconf 76' lang='grc' dir='ltr'><strong>Ἕως</strong></span> <span class='ocrx_word' id='word_1_453' title='bbox 659 1891 689 1918; x_wconf 85' lang='grc' dir='ltr'>τὸ</span> <span class='ocrx_word' id='word_1_454' title='bbox 700 1891 757 1926; x_wconf 84' lang='grc' dir='ltr'><strong>φῶς</strong></span> <span class='ocrx_word' id='word_1_455' title='bbox 774 1891 860 1927; x_wconf 74' lang='grc' dir='ltr'>ἔχετε,</span> 
     </span>
    </p>
   </div>
   <div class='ocr_carea' id='block_1_57' title="bbox 82 1934 861 1972">
    <p class='ocr_par' dir='ltr' id='par_1_57' title="bbox 82 1934 861 1972">
     <span class='ocr_line' id='line_1_57' title="bbox 82 1934 861 1972; baseline 0.006 -12"><span class='ocrx_word' id='word_1_456' title='bbox 82 1936 261 1968; x_wconf 74' lang='grc' dir='ltr'>περιπατεῖτε</span> <span class='ocrx_word' id='word_1_457' title='bbox 277 1935 307 1961; x_wconf 81' lang='grc' dir='ltr'>ὲν</span> <span class='ocrx_word' id='word_1_458' title='bbox 323 1934 363 1970; x_wconf 84' lang='grc' dir='ltr'><strong>τῷ</strong></span> <span class='ocrx_word' id='word_1_459' title='bbox 379 1936 457 1970; x_wconf 69' lang='grc' dir='ltr'>φωτὶ,</span> <span class='ocrx_word' id='word_1_460' title='bbox 473 1936 516 1963; x_wconf 77' lang='grc' dir='ltr'>ἵνα</span> <span class='ocrx_word' id='word_1_461' title='bbox 532 1937 569 1972; x_wconf 84' lang='grc' dir='ltr'>μὴ</span> <span class='ocrx_word' id='word_1_462' title='bbox 587 1937 680 1964; x_wconf 86' lang='grc' dir='ltr'>σκοτία</span> <span class='ocrx_word' id='word_1_463' title='bbox 693 1937 764 1972; x_wconf 83' lang='grc' dir='ltr'>ὑμᾶς</span> <span class='ocrx_word' id='word_1_464' title='bbox 776 1946 861 1966; x_wconf 87' lang='grc' dir='ltr'>κατα-</span> 
     </span>
    </p>
   </div>
   <div class='ocr_carea' id='block_1_58' title="bbox 77 1979 862 2018">
    <p class='ocr_par' dir='ltr' id='par_1_58' title="bbox 77 1979 862 2018">
     <span class='ocr_line' id='line_1_58' title="bbox 77 1979 862 2018; baseline 0.006 -13"><span class='ocrx_word' id='word_1_465' title='bbox 77 1979 159 2015; x_wconf 69' lang='grc' dir='ltr'>λάϐῃ.</span> <span class='ocrx_word' id='word_1_466' title='bbox 170 1990 182 2005; x_wconf 74' lang='grc' dir='ltr'><strong>ι</strong></span> <span class='ocrx_word' id='word_1_467' title='bbox 194 1980 249 2007; x_wconf 73' lang='grc' dir='ltr'><strong>Καὶ</strong></span> <span class='ocrx_word' id='word_1_468' title='bbox 257 1981 280 2007; x_wconf 81' lang='grc' dir='ltr'><strong>εί</strong></span> <span class='ocrx_word' id='word_1_469' title='bbox 289 1981 363 2016; x_wconf 87' lang='grc' dir='ltr'>πόνῳ</span> <span class='ocrx_word' id='word_1_470' title='bbox 374 1990 416 2013; x_wconf 86' lang='grc' dir='ltr'><strong>τις</strong></span> <span class='ocrx_word' id='word_1_471' title='bbox 426 1982 473 2008; x_wconf 74' lang='grc' dir='ltr'>καὶ</span> <span class='ocrx_word' id='word_1_472' title='bbox 486 1983 648 2018; x_wconf 84' lang='grc' dir='ltr'>πειρασμοῖς</span> <span class='ocrx_word' id='word_1_473' title='bbox 656 1982 802 2010; x_wconf 79' lang='grc' dir='ltr'>ὲνολίὸοιτο</span> <span class='ocrx_word' id='word_1_474' title='bbox 808 1983 862 2010; x_wconf 88' lang='grc' dir='ltr'>τῶν</span> 
     </span>
    </p>
   </div>
   <div class='ocr_carea' id='block_1_59' title="bbox 77 2026 861 2064">
    <p class='ocr_par' dir='ltr' id='par_1_59' title="bbox 77 2026 861 2064">
     <span class='ocr_line' id='line_1_59' title="bbox 77 2026 861 2064; baseline 0.005 -13"><span class='ocrx_word' id='word_1_475' title='bbox 77 2026 348 2060; x_wconf 82' lang='grc' dir='ltr'>προσκεκρουκότων,</span> <span class='ocrx_word' id='word_1_476' title='bbox 364 2027 411 2053; x_wconf 78' lang='grc' dir='ltr'>καὶ</span> <span class='ocrx_word' id='word_1_477' title='bbox 419 2026 558 2058; x_wconf 63' lang='grc' dir='ltr'>οὼνεὶπως</span> <span class='ocrx_word' id='word_1_478' title='bbox 572 2028 611 2058; x_wconf 80' lang='grc' dir='ltr'>εἰς</span> <span class='ocrx_word' id='word_1_479' title='bbox 621 2028 672 2063; x_wconf 83' lang='grc' dir='ltr'>γῆν</span> <span class='ocrx_word' id='word_1_480' title='bbox 686 2028 861 2064; x_wconf 76' lang='grc' dir='ltr'>ἐρριμμένος,</span> 
     </span>
    </p>
   </div>
   <div class='ocr_carea' id='block_1_60' title="bbox 77 2071 863 2110">
    <p class='ocr_par' dir='ltr' id='par_1_60' title="bbox 77 2071 863 2110">
     <span class='ocr_line' id='line_1_60' title="bbox 77 2071 863 2110; baseline 0.006 -13"><span class='ocrx_word' id='word_1_481' title='bbox 77 2071 209 2105; x_wconf 65' lang='grc' dir='ltr'>ἀφύκτοις</span> <span class='ocrx_word' id='word_1_482' title='bbox 217 2072 349 2106; x_wconf 79' lang='grc' dir='ltr'>ἀνάγκαις</span> <span class='ocrx_word' id='word_1_483' title='bbox 357 2072 557 2104; x_wconf 78' lang='grc' dir='ltr'>καταπιὲζοιτο,</span> <span class='ocrx_word' id='word_1_484' title='bbox 566 2074 657 2109; x_wconf 75' lang='grc' dir='ltr'>φησὶν,</span> <span class='ocrx_word' id='word_1_485' title='bbox 666 2075 792 2110; x_wconf 84' lang='grc' dir='ltr'>ὲπικουρε</span> <span class='ocrx_word' id='word_1_486' title='bbox 798 2074 863 2102; x_wconf 87' lang='grc' dir='ltr'>ίσθω</span> 
     </span>
    </p>
   </div>
   <div class='ocr_carea' id='block_1_61' title="bbox 77 2117 862 2156">
    <p class='ocr_par' dir='ltr' id='par_1_61' title="bbox 77 2117 862 2156">
     <span class='ocr_line' id='line_1_61' title="bbox 77 2117 862 2156; baseline 0.008 -14"><span class='ocrx_word' id='word_1_487' title='bbox 77 2117 146 2152; x_wconf 80' lang='grc' dir='ltr'>πρὸς</span> <span class='ocrx_word' id='word_1_488' title='bbox 160 2118 247 2153; x_wconf 78' lang='grc' dir='ltr'>ἡμῶν,</span> <span class='ocrx_word' id='word_1_489' title='bbox 255 2120 300 2145; x_wconf 80' lang='grc' dir='ltr'>καὶ</span> <span class='ocrx_word' id='word_1_490' title='bbox 306 2120 375 2146; x_wconf 72' lang='grc' dir='ltr'>ἔστω</span> <span class='ocrx_word' id='word_1_491' title='bbox 382 2119 469 2155; x_wconf 85' lang='grc' dir='ltr'>λύπης</span> <span class='ocrx_word' id='word_1_492' title='bbox 481 2119 628 2154; x_wconf 81' lang='grc' dir='ltr'>ἀμείνων,ὁ</span> <span class='ocrx_word' id='word_1_493' title='bbox 635 2120 762 2156; x_wconf 82' lang='grc' dir='ltr'>διάφορος</span> <span class='ocrx_word' id='word_1_494' title='bbox 775 2121 862 2156; x_wconf 74' lang='grc' dir='ltr'><strong>(2).Ἦ</strong></span> 
     </span>
    </p>
   </div>
   <div class='ocr_carea' id='block_1_62' title="bbox 76 2164 860 2203">
    <p class='ocr_par' dir='ltr' id='par_1_62' title="bbox 76 2164 860 2203">
     <span class='ocr_line' id='line_1_62' title="bbox 76 2164 860 2203; baseline 0.005 -13"><span class='ocrx_word' id='word_1_495' title='bbox 76 2164 138 2199; x_wconf 71' lang='grc' dir='ltr'>οὐχὶ.</span> <span class='ocrx_word' id='word_1_496' title='bbox 149 2165 181 2199; x_wconf 79' lang='grc' dir='ltr'><strong>δὴ</strong></span> <span class='ocrx_word' id='word_1_497' title='bbox 191 2165 269 2191; x_wconf 87' lang='grc' dir='ltr'>τοῦτό</span> <span class='ocrx_word' id='word_1_498' title='bbox 286 2165 371 2198; x_wconf 75' lang='grc' dir='ltr'>ἐστιν,</span> <span class='ocrx_word' id='word_1_499' title='bbox 386 2176 395 2192; x_wconf 87' lang='grc' dir='ltr'><strong>ι</strong></span> <span class='ocrx_word' id='word_1_500' title='bbox 409 2164 445 2193; x_wconf 85' lang='grc' dir='ltr'><strong>Εὖ</strong></span> <span class='ocrx_word' id='word_1_501' title='bbox 461 2167 561 2192; x_wconf 84' lang='grc' dir='ltr'>ποιεῖτε</span> <span class='ocrx_word' id='word_1_502' title='bbox 574 2166 636 2198; x_wconf 85' lang='grc' dir='ltr'>τοὺς</span> <span class='ocrx_word' id='word_1_503' title='bbox 647 2166 761 2202; x_wconf 73' lang='grc' dir='ltr'>ἐχθροὺς</span> <span class='ocrx_word' id='word_1_504' title='bbox 775 2167 860 2203; x_wconf 72' lang='grc' dir='ltr'>ὑμῶν,</span> 
     </span>
    </p>
   </div>
   <div class='ocr_carea' id='block_1_63' title="bbox 77 2210 831 2248">
    <p class='ocr_par' dir='ltr' id='par_1_63' title="bbox 77 2210 831 2248">
     <span class='ocr_line' id='line_1_63' title="bbox 77 2210 831 2248; baseline 0.004 -12"><span class='ocrx_word' id='word_1_505' title='bbox 77 2210 126 2236; x_wconf 76' lang='grc' dir='ltr'>καὶ</span> <span class='ocrx_word' id='word_1_506' title='bbox 141 2210 324 2246; x_wconf 84' lang='grc' dir='ltr'>προσεύχεσθε</span> <span class='ocrx_word' id='word_1_507' title='bbox 340 2211 409 2246; x_wconf 83' lang='grc' dir='ltr'>ὑπὲρ</span> <span class='ocrx_word' id='word_1_508' title='bbox 419 2211 472 2238; x_wconf 84' lang='grc' dir='ltr'><strong>τῶν</strong></span> <span class='ocrx_word' id='word_1_509' title='bbox 486 2211 691 2247; x_wconf 75' lang='grc' dir='ltr'>ἐπηρεαζόντων</span> <span class='ocrx_word' id='word_1_510' title='bbox 705 2213 775 2248; x_wconf 79' lang='grc' dir='ltr'>ὑμᾶς</span> <span class='ocrx_word' id='word_1_511' title='bbox 790 2221 797 2246; x_wconf 88' lang='grc'><strong>;</strong></span> <span class='ocrx_word' id='word_1_512' title='bbox 822 2223 831 2239; x_wconf 70' lang='grc' dir='ltr'><strong>ι</strong></span> 
     </span>
    </p>
   </div>
   <div class='ocr_carea' id='block_1_64' title="bbox 112 2255 448 2291">
    <p class='ocr_par' dir='ltr' id='par_1_64' title="bbox 112 2255 448 2291">
     <span class='ocr_line' id='line_1_64' title="bbox 112 2255 448 2291; baseline 0.006 -10"><span class='ocrx_word' id='word_1_513' title='bbox 112 2255 217 2282; x_wconf 77' lang='grc' dir='ltr'><strong>ΠΑΛΛ.</strong></span> <span class='ocrx_word' id='word_1_514' title='bbox 239 2256 354 2291; x_wconf 77' lang='grc' dir='ltr'>’Δριστα</span> <span class='ocrx_word' id='word_1_515' title='bbox 372 2256 448 2291; x_wconf 71' lang='grc' dir='ltr'>ἔφης.</span> 
     </span>
    </p>
   </div>
   <div class='ocr_carea' id='block_1_65' title="bbox 113 2299 860 2338">
    <p class='ocr_par' dir='ltr' id='par_1_65' title="bbox 113 2299 860 2338">
     <span class='ocr_line' id='line_1_65' title="bbox 113 2299 860 2338; baseline 0.003 -11"><span class='ocrx_word' id='word_1_516' title='bbox 113 2301 196 2327; x_wconf 83' lang='grc' dir='ltr'><strong>ΚΥΡ.</strong></span> <span class='ocrx_word' id='word_1_517' title='bbox 212 2300 389 2336; x_wconf 81' lang='grc' dir='ltr'>Ἀγιοπρεπὲς</span> <span class='ocrx_word' id='word_1_518' title='bbox 403 2299 449 2328; x_wconf 83' lang='grc' dir='ltr'>οὖν</span> <span class='ocrx_word' id='word_1_519' title='bbox 461 2301 525 2337; x_wconf 78' lang='grc' dir='ltr'>ἄρα,</span> <span class='ocrx_word' id='word_1_520' title='bbox 537 2302 568 2328; x_wconf 84' lang='grc' dir='ltr'>τὸ</span> <span class='ocrx_word' id='word_1_521' title='bbox 580 2303 635 2334; x_wconf 66' lang='grc' dir='ltr'>τοῖς</span> <span class='ocrx_word' id='word_1_522' title='bbox 651 2302 784 2338; x_wconf 83' lang='grc' dir='ltr'>κάμνουσι</span> <span class='ocrx_word' id='word_1_523' title='bbox 798 2311 860 2329; x_wconf 88' lang='grc' dir='ltr'>συν-</span> 
     </span>
    </p>
   </div>
   <div class='ocr_carea' id='block_1_66' title="bbox 77 2345 860 2384">
    <p class='ocr_par' dir='ltr' id='par_1_66' title="bbox 77 2345 860 2384">
     <span class='ocr_line' id='line_1_66' title="bbox 77 2345 860 2384; baseline 0.001 -10"><span class='ocrx_word' id='word_1_524' title='bbox 77 2346 170 2380; x_wconf 86' lang='grc' dir='ltr'>αλγεῖν</span> <span class='ocrx_word' id='word_1_525' title='bbox 182 2366 190 2379; x_wconf 90' lang='grc'><strong><em>,</em></strong></span> <span class='ocrx_word' id='word_1_526' title='bbox 211 2346 258 2373; x_wconf 80' lang='grc' dir='ltr'>καὶ</span> <span class='ocrx_word' id='word_1_527' title='bbox 273 2347 332 2382; x_wconf 80' lang='grc' dir='ltr'><strong>οὐχὶ</strong></span> <span class='ocrx_word' id='word_1_528' title='bbox 353 2347 385 2382; x_wconf 82' lang='grc' dir='ltr'><strong>δὴ</strong></span> <span class='ocrx_word' id='word_1_529' title='bbox 405 2347 503 2382; x_wconf 80' lang='grc' dir='ltr'>μᾶλλον</span> <span class='ocrx_word' id='word_1_530' title='bbox 520 2347 555 2374; x_wconf 81' lang='grc' dir='ltr'><strong>τὰ</strong></span> <span class='ocrx_word' id='word_1_531' title='bbox 573 2348 615 2382; x_wconf 72' lang='grc' dir='ltr'><strong>ἐφ’</strong></span> <span class='ocrx_word' id='word_1_532' title='bbox 637 2345 678 2380; x_wconf 76' lang='grc' dir='ltr'>οἷς</span> <span class='ocrx_word' id='word_1_533' title='bbox 696 2346 729 2384; x_wconf 83' lang='grc' dir='ltr'>ἦν</span> <span class='ocrx_word' id='word_1_534' title='bbox 749 2349 860 2383; x_wconf 81' lang='grc' dir='ltr'>ἄμεινον</span> 
     </span>
    </p>
   </div>
   <div class='ocr_carea' id='block_1_67' title="bbox 77 2391 859 2428">
    <p class='ocr_par' dir='ltr' id='par_1_67' title="bbox 77 2391 859 2428">
     <span class='ocr_line' id='line_1_67' title="bbox 77 2391 859 2428; baseline 0.003 -10"><span class='ocrx_word' id='word_1_535' title='bbox 77 2392 295 2427; x_wconf 81' lang='grc' dir='ltr'>ὲποικτείρεσθαι</span> <span class='ocrx_word' id='word_1_536' title='bbox 321 2391 578 2425; x_wconf 41' lang='grc' dir='ltr'>δεὶνᾩπλεονεξίας</span> <span class='ocrx_word' id='word_1_537' title='bbox 608 2393 658 2428; x_wconf 78' lang='grc' dir='ltr'><strong>τῆς</strong></span> <span class='ocrx_word' id='word_1_538' title='bbox 683 2394 742 2420; x_wconf 80' lang='grc' dir='ltr'>κατ’</span> <span class='ocrx_word' id='word_1_539' title='bbox 770 2394 859 2420; x_wconf 84' lang='grc' dir='ltr'>αὐτῶν</span> 
     </span>
    </p>
   </div>
   <div class='ocr_carea' id='block_1_68' title="bbox 77 2438 860 2475">
    <p class='ocr_par' dir='ltr' id='par_1_68' title="bbox 77 2438 860 2475">
     <span class='ocr_line' id='line_1_68' title="bbox 77 2438 860 2475; baseline 0.001 -11"><span class='ocrx_word' id='word_1_540' title='bbox 77 2438 214 2465; x_wconf 81' lang='grc' dir='ltr'>ποιεῖσθαι</span> <span class='ocrx_word' id='word_1_541' title='bbox 236 2438 382 2473; x_wconf 83' lang='grc' dir='ltr'>πρόφασιν,</span> <span class='ocrx_word' id='word_1_542' title='bbox 402 2438 623 2474; x_wconf 79' lang='grc' dir='ltr'>ὲπιθρώσκοντὰς</span> <span class='ocrx_word' id='word_1_543' title='bbox 643 2447 673 2465; x_wconf 89' lang='grc' dir='ltr'><strong>τε</strong></span> <span class='ocrx_word' id='word_1_544' title='bbox 693 2439 740 2466; x_wconf 77' lang='grc' dir='ltr'>καὶ</span> <span class='ocrx_word' id='word_1_545' title='bbox 759 2440 860 2475; x_wconf 72' lang='grc' dir='ltr'>ἐπιμη-</span> 
     </span>
    </p>
   </div>
   <div class='ocr_carea' id='block_1_69' title="bbox 76 2483 860 2519">
    <p class='ocr_par' dir='ltr' id='par_1_69' title="bbox 76 2483 860 2519">
     <span class='ocr_line' id='line_1_69' title="bbox 76 2483 860 2519; baseline 0.004 -10"><span class='ocrx_word' id='word_1_546' title='bbox 76 2484 193 2515; x_wconf 79' lang='grc' dir='ltr'>νιῶντας</span> <span class='ocrx_word' id='word_1_547' title='bbox 207 2483 248 2510; x_wconf 76' lang='grc' dir='ltr'>ἔτι</span> <span class='ocrx_word' id='word_1_548' title='bbox 258 2485 313 2515; x_wconf 79' lang='grc' dir='ltr'>τοῖς</span> <span class='ocrx_word' id='word_1_549' title='bbox 329 2484 514 2519; x_wconf 78' lang='grc' dir='ltr'>ἠδικημένοις.</span> <span class='ocrx_word' id='word_1_550' title='bbox 527 2484 586 2511; x_wconf 83' lang='grc' dir='ltr'>Κᾶν</span> <span class='ocrx_word' id='word_1_551' title='bbox 603 2485 627 2511; x_wconf 86' lang='grc' dir='ltr'><strong>εί</strong></span> <span class='ocrx_word' id='word_1_552' title='bbox 639 2483 746 2511; x_wconf 86' lang='grc' dir='ltr'>δύναιτό</span> <span class='ocrx_word' id='word_1_553' title='bbox 758 2493 800 2517; x_wconf 85' lang='grc' dir='ltr'><strong>τις</strong></span> <span class='ocrx_word' id='word_1_554' title='bbox 812 2485 860 2512; x_wconf 89' lang='grc' dir='ltr'>λα-</span> 
     </span>
    </p>
   </div>
   <div class='ocr_carea' id='block_1_70' title="bbox 77 2529 862 2565">
    <p class='ocr_par' dir='ltr' id='par_1_70' title="bbox 77 2529 862 2565">
     <span class='ocr_line' id='line_1_70' title="bbox 77 2529 862 2565; baseline 0.001 -10"><span class='ocrx_word' id='word_1_555' title='bbox 77 2529 188 2564; x_wconf 81' lang='grc' dir='ltr'>θραίους</span> <span class='ocrx_word' id='word_1_556' title='bbox 201 2529 342 2556; x_wconf 84' lang='grc' dir='ltr'>ἀποτελεῖν</span> <span class='ocrx_word' id='word_1_557' title='bbox 355 2530 404 2565; x_wconf 82' lang='grc' dir='ltr'>τῆς</span> <span class='ocrx_word' id='word_1_558' title='bbox 419 2529 564 2565; x_wconf 71' lang='grc' dir='ltr'>ἐπιϐουλῆς</span> <span class='ocrx_word' id='word_1_559' title='bbox 580 2530 644 2561; x_wconf 81' lang='grc' dir='ltr'>τοὺς</span> <span class='ocrx_word' id='word_1_560' title='bbox 658 2530 784 2564; x_wconf 81' lang='grc' dir='ltr'>τρόπους,</span> <span class='ocrx_word' id='word_1_561' title='bbox 798 2530 862 2556; x_wconf 85' lang='grc' dir='ltr'>ἀπο-</span> 
     </span>
    </p>
   </div>
   <div class='ocr_carea' id='block_1_71' title="bbox 77 2573 858 2611">
    <p class='ocr_par' dir='ltr' id='par_1_71' title="bbox 77 2573 858 2611">
     <span class='ocr_line' id='line_1_71' title="bbox 77 2573 858 2611; baseline 0.001 -11"><span class='ocrx_word' id='word_1_562' title='bbox 77 2574 188 2609; x_wconf 63' lang='grc' dir='ltr'>σχέσθαι</span> <span class='ocrx_word' id='word_1_563' title='bbox 201 2575 254 2602; x_wconf 84' lang='grc' dir='ltr'>δεῖν</span> <span class='ocrx_word' id='word_1_564' title='bbox 270 2575 285 2601; x_wconf 86' lang='grc' dir='ltr'><strong>ό</strong></span> <span class='ocrx_word' id='word_1_565' title='bbox 297 2575 379 2610; x_wconf 83' lang='grc' dir='ltr'>νόμος</span> <span class='ocrx_word' id='word_1_566' title='bbox 397 2573 427 2602; x_wconf 83' lang='grc' dir='ltr'>εὖ</span> <span class='ocrx_word' id='word_1_567' title='bbox 449 2575 520 2610; x_wconf 83' lang='grc' dir='ltr'>μάλα</span> <span class='ocrx_word' id='word_1_568' title='bbox 533 2575 601 2611; x_wconf 69' lang='grc' dir='ltr'>φησὶ</span> <span class='ocrx_word' id='word_1_569' title='bbox 619 2575 666 2601; x_wconf 79' lang='grc' dir='ltr'>καὶ</span> <span class='ocrx_word' id='word_1_570' title='bbox 681 2575 735 2601; x_wconf 85' lang='grc' dir='ltr'>τῶν</span> <span class='ocrx_word' id='word_1_571' title='bbox 746 2575 793 2601; x_wconf 75' lang='grc' dir='ltr'><strong>ἐπὶ</strong></span> <span class='ocrx_word' id='word_1_572' title='bbox 807 2574 858 2610; x_wconf 84' lang='grc' dir='ltr'><strong>τῷ-</strong></span> 
     </span>
    </p>
   </div>
   <div class='ocr_carea' id='block_1_72' title="bbox 76 2619 861 2656">
    <p class='ocr_par' dir='ltr' id='par_1_72' title="bbox 76 2619 861 2656">
     <span class='ocr_line' id='line_1_72' title="bbox 76 2619 861 2656; baseline -0.001 -10"><span class='ocrx_word' id='word_1_573' title='bbox 76 2621 103 2646; x_wconf 75' lang='grc' dir='ltr'><strong>ὁε</strong></span> <span class='ocrx_word' id='word_1_574' title='bbox 111 2620 348 2656; x_wconf 77' lang='grc' dir='ltr'>κακουργημάτων</span> <span class='ocrx_word' id='word_1_575' title='bbox 356 2629 362 2636; x_wconf 86' lang='grc'>·</span> <span class='ocrx_word' id='word_1_576' title='bbox 374 2621 425 2656; x_wconf 75' lang='grc' dir='ltr'>ἔφη</span> <span class='ocrx_word' id='word_1_577' title='bbox 436 2620 490 2656; x_wconf 85' lang='grc' dir='ltr'><strong>γὰρ</strong></span> <span class='ocrx_word' id='word_1_578' title='bbox 503 2620 600 2647; x_wconf 82' lang='grc' dir='ltr'>πάλιν·</span> <span class='ocrx_word' id='word_1_579' title='bbox 616 2630 624 2646; x_wconf 85' lang='grc' dir='ltr'><strong>ι</strong></span> <span class='ocrx_word' id='word_1_580' title='bbox 638 2620 674 2646; x_wconf 89' lang='grc' dir='ltr'><strong>Οὺ</strong></span> <span class='ocrx_word' id='word_1_581' title='bbox 685 2619 776 2650; x_wconf 84' lang='grc' dir='ltr'>κακῶς</span> <span class='ocrx_word' id='word_1_582' title='bbox 788 2620 861 2654; x_wconf 83' lang='grc' dir='ltr'>ὲρείς</span> 
     </span>
    </p>
   </div>
   <div class='ocr_carea' id='block_1_73' title="bbox 78 2664 859 2701">
    <p class='ocr_par' dir='ltr' id='par_1_73' title="bbox 78 2664 859 2701">
     <span class='ocr_line' id='line_1_73' title="bbox 78 2664 859 2701; baseline -0.003 -9"><span class='ocrx_word' id='word_1_583' title='bbox 78 2665 177 2700; x_wconf 74' lang='grc' dir='ltr'>κωφὸν,</span> <span class='ocrx_word' id='word_1_584' title='bbox 198 2666 245 2692; x_wconf 82' lang='grc' dir='ltr'>καὶ</span> <span class='ocrx_word' id='word_1_585' title='bbox 259 2666 388 2692; x_wconf 80' lang='grc' dir='ltr'>ἀπέναντι</span> <span class='ocrx_word' id='word_1_586' title='bbox 410 2665 511 2699; x_wconf 82' lang='grc' dir='ltr'>τυφλοῦ</span> <span class='ocrx_word' id='word_1_587' title='bbox 525 2666 555 2692; x_wconf 85' lang='grc' dir='ltr'>οὐ</span> <span class='ocrx_word' id='word_1_588' title='bbox 570 2665 733 2701; x_wconf 82' lang='grc' dir='ltr'>προσθήσεις</span> <span class='ocrx_word' id='word_1_589' title='bbox 745 2664 859 2691; x_wconf 83' lang='grc' dir='ltr'>σκάνδα-</span> 
     </span>
    </p>
   </div>
   <div class='ocr_carea' id='block_1_74' title="bbox 79 2710 859 2746">
    <p class='ocr_par' dir='ltr' id='par_1_74' title="bbox 79 2710 859 2746">
     <span class='ocr_line' id='line_1_74' title="bbox 79 2710 859 2746; baseline -0.001 -9"><span class='ocrx_word' id='word_1_590' title='bbox 79 2710 131 2737; x_wconf 80' lang='grc' dir='ltr'>λον.</span> <span class='ocrx_word' id='word_1_591' title='bbox 153 2719 162 2738; x_wconf 84' lang='grc' dir='ltr'><strong>ι</strong></span> <span class='ocrx_word' id='word_1_592' title='bbox 180 2711 235 2738; x_wconf 82' lang='grc' dir='ltr'>Καί</span> <span class='ocrx_word' id='word_1_593' title='bbox 246 2719 287 2738; x_wconf 89' lang='grc' dir='ltr'><strong>τοι</strong></span> <span class='ocrx_word' id='word_1_594' title='bbox 298 2711 356 2744; x_wconf 83' lang='grc' dir='ltr'><strong>πῶς</strong></span> <span class='ocrx_word' id='word_1_595' title='bbox 371 2711 420 2738; x_wconf 84' lang='grc' dir='ltr'>οὐκ</span> <span class='ocrx_word' id='word_1_596' title='bbox 435 2711 556 2746; x_wconf 75' lang='grc' dir='ltr'>ἄμεινον,</span> <span class='ocrx_word' id='word_1_597' title='bbox 568 2711 680 2742; x_wconf 76' lang='grc' dir='ltr'>καὶτοῖς</span> <span class='ocrx_word' id='word_1_598' title='bbox 695 2710 764 2744; x_wconf 73' lang='grc' dir='ltr'>ἄγαν</span> <span class='ocrx_word' id='word_1_599' title='bbox 777 2711 859 2736; x_wconf 76' lang='grc' dir='ltr'>ἐπιει-</span> 
     </span>
    </p>
   </div>
   <div class='ocr_carea' id='block_1_75' title="bbox 79 2756 858 2793">
    <p class='ocr_par' dir='ltr' id='par_1_75' title="bbox 79 2756 858 2793">
     <span class='ocr_line' id='line_1_75' title="bbox 79 2756 858 2793; baseline -0.001 -10"><span class='ocrx_word' id='word_1_600' title='bbox 79 2758 153 2785; x_wconf 78' lang='grc' dir='ltr'>κέσιν</span> <span class='ocrx_word' id='word_1_601' title='bbox 162 2758 204 2785; x_wconf 81' lang='grc' dir='ltr'>ὅτι</span> <span class='ocrx_word' id='word_1_602' title='bbox 220 2758 336 2793; x_wconf 82' lang='grc' dir='ltr'>μάλιστα</span> <span class='ocrx_word' id='word_1_603' title='bbox 349 2758 450 2793; x_wconf 72' lang='grc' dir='ltr'>πρέπει</span> <span class='ocrx_word' id='word_1_604' title='bbox 468 2757 498 2784; x_wconf 87' lang='grc' dir='ltr'>τὸ</span> <span class='ocrx_word' id='word_1_605' title='bbox 513 2756 620 2792; x_wconf 78' lang='grc' dir='ltr'>χαλινὸν</span> <span class='ocrx_word' id='word_1_606' title='bbox 634 2756 730 2791; x_wconf 79' lang='grc' dir='ltr'>ὥσπερ</span> <span class='ocrx_word' id='word_1_607' title='bbox 743 2756 815 2791; x_wconf 82' lang='grc' dir='ltr'>ἔχειν</span> <span class='ocrx_word' id='word_1_608' title='bbox 830 2757 858 2782; x_wconf 83' lang='grc' dir='ltr'>ὲν</span> 
     </span>
    </p>
   </div>
   <div class='ocr_carea' id='block_1_76' title="bbox 115 2848 644 2883">
    <p class='ocr_par' dir='ltr' id='par_1_76' title="bbox 115 2848 644 2883">
     <span class='ocr_line' id='line_1_76' title="bbox 115 2848 644 2883; baseline -0.008 -4"><span class='ocrx_word' id='word_1_609' title='bbox 115 2853 126 2867; x_wconf 88' lang='grc'><strong>⁴¹</strong></span> <span class='ocrx_word' id='word_1_610' title='bbox 139 2852 221 2879; x_wconf 87' lang='lat' dir='ltr'><strong>Deut.</strong></span> <span class='ocrx_word' id='word_1_611' title='bbox 233 2859 298 2883; x_wconf 63' lang='grc' dir='ltr'>χχιι,</span> <span class='ocrx_word' id='word_1_612' title='bbox 317 2850 372 2877; x_wconf 69' lang='grc'><strong>1-4.</strong></span> <span class='ocrx_word' id='word_1_613' title='bbox 412 2850 421 2864; x_wconf 94' lang='grc'><strong>⁷</strong></span> <span class='ocrx_word' id='word_1_614' title='bbox 438 2849 516 2876; x_wconf 77' lang='lat' dir='ltr'><strong>Joan.</strong></span> <span class='ocrx_word' id='word_1_615' title='bbox 533 2856 579 2881; x_wconf 80' lang='lat' dir='ltr'><strong>xu,</strong></span> <span class='ocrx_word' id='word_1_616' title='bbox 601 2848 644 2876; x_wconf 79' lang='lat'><strong>55.</strong></span> 
     </span>
    </p>
   </div>
   <div class='ocr_carea' id='block_1_77' title="bbox 113 2904 484 2944">
    <p class='ocr_par' dir='ltr' id='par_1_77' title="bbox 113 2904 484 2944">
     <span class='ocr_line' id='line_1_77' title="bbox 113 2904 484 2944; baseline -0.005 -8"><span class='ocrx_word' id='word_1_617' title='bbox 113 2908 151 2944; x_wconf 81' lang='grc' dir='ltr'><strong>(ί)</strong></span> <span class='ocrx_word' id='word_1_618' title='bbox 171 2908 240 2936; x_wconf 83' lang='lat' dir='ltr'><strong>Cod.</strong></span> <span class='ocrx_word' id='word_1_619' title='bbox 259 2907 356 2939; x_wconf 76' lang='lat' dir='ltr'><strong>V&#39;atic.,</strong></span> <span class='ocrx_word' id='word_1_620' title='bbox 378 2904 406 2933; x_wconf 73' lang='grc' dir='ltr'>εὖ</span> <span class='ocrx_word' id='word_1_621' title='bbox 419 2907 484 2941; x_wconf 67' lang='grc' dir='ltr'>ἤτω,</span> 
     </span>
    </p>
   </div>
   <div class='ocr_carea' id='block_1_78' title="bbox 909 978 1696 1015">
    <p class='ocr_par' dir='ltr' id='par_1_78' title="bbox 909 978 1696 1015">
     <span class='ocr_line' id='line_1_78' title="bbox 909 978 1696 1015; baseline -0.001 -9"><span class='ocrx_word' id='word_1_622' title='bbox 909 987 972 1007; x_wconf 88' lang='lat' dir='ltr'><strong>rans</strong></span> <span class='ocrx_word' id='word_1_623' title='bbox 988 980 1143 1015; x_wconf 87' lang='lat' dir='ltr'><strong>jumentum</strong></span> <span class='ocrx_word' id='word_1_624' title='bbox 1168 983 1215 1006; x_wconf 87' lang='lat' dir='ltr'><strong>aut</strong></span> <span class='ocrx_word' id='word_1_625' title='bbox 1227 978 1365 1014; x_wconf 85' lang='lat' dir='ltr'><strong>perditum</strong></span> <span class='ocrx_word' id='word_1_626' title='bbox 1379 979 1588 1010; x_wconf 87' lang='lat' dir='ltr'><strong>vestimentum,</strong></span> <span class='ocrx_word' id='word_1_627' title='bbox 1603 986 1696 1005; x_wconf 85' lang='lat' dir='ltr'><strong>scrva-</strong></span> 
     </span>
    </p>
   </div>
   <div class='ocr_carea' id='block_1_79' title="bbox 909 1024 1697 1060">
    <p class='ocr_par' dir='ltr' id='par_1_79' title="bbox 909 1024 1697 1060">
     <span class='ocr_line' id='line_1_79' title="bbox 909 1024 1697 1060; baseline -0.001 -8"><span class='ocrx_word' id='word_1_628' title='bbox 909 1025 951 1052; x_wconf 87' lang='lat' dir='ltr'><strong>bis</strong></span> <span class='ocrx_word' id='word_1_629' title='bbox 963 1033 995 1053; x_wconf 90' lang='lat' dir='ltr'><strong>ea</strong></span> <span class='ocrx_word' id='word_1_630' title='bbox 1007 1024 1084 1052; x_wconf 84' lang='lat' dir='ltr'><strong>fratri</strong></span> <span class='ocrx_word' id='word_1_631' title='bbox 1102 1029 1164 1058; x_wconf 89' lang='lat' dir='ltr'><strong>tuo;</strong></span> <span class='ocrx_word' id='word_1_632' title='bbox 1177 1024 1261 1052; x_wconf 90' lang='lat' dir='ltr'><strong>etiam</strong></span> <span class='ocrx_word' id='word_1_633' title='bbox 1278 1024 1301 1051; x_wconf 89' lang='lat' dir='ltr'><strong>si</strong></span> <span class='ocrx_word' id='word_1_634' title='bbox 1310 1025 1465 1060; x_wconf 87' lang='lat' dir='ltr'><strong>jumeutum</strong></span> <span class='ocrx_word' id='word_1_635' title='bbox 1478 1024 1588 1059; x_wconf 81' lang='lat' dir='ltr'><strong>aliquod</strong></span> <span class='ocrx_word' id='word_1_636' title='bbox 1605 1025 1697 1051; x_wconf 88' lang='lat' dir='ltr'><strong>oneri-</strong></span> 
     </span>
    </p>
   </div>
   <div class='ocr_carea' id='block_1_80' title="bbox 909 1070 1697 1102">
    <p class='ocr_par' dir='ltr' id='par_1_80' title="bbox 909 1070 1697 1102">
     <span class='ocr_line' id='line_1_80' title="bbox 909 1070 1697 1102; baseline 0.001 -5"><span class='ocrx_word' id='word_1_637' title='bbox 909 1070 961 1098; x_wconf 85' lang='lat' dir='ltr'><strong>bus</strong></span> <span class='ocrx_word' id='word_1_638' title='bbox 980 1070 1101 1098; x_wconf 86' lang='lat' dir='ltr'><strong>ferendis</strong></span> <span class='ocrx_word' id='word_1_639' title='bbox 1122 1073 1262 1097; x_wconf 82' lang='lat' dir='ltr'><strong>assuetum</strong></span> <span class='ocrx_word' id='word_1_640' title='bbox 1277 1070 1305 1096; x_wconf 93' lang='lat' dir='ltr'><strong>in</strong></span> <span class='ocrx_word' id='word_1_641' title='bbox 1324 1073 1426 1097; x_wconf 86' lang='lat' dir='ltr'><strong>terram</strong></span> <span class='ocrx_word' id='word_1_642' title='bbox 1447 1070 1588 1102; x_wconf 84' lang='lat' dir='ltr'><strong>ceciderit,</strong></span> <span class='ocrx_word' id='word_1_643' title='bbox 1602 1075 1630 1098; x_wconf 90' lang='lat' dir='ltr'><strong>et</strong></span> <span class='ocrx_word' id='word_1_644' title='bbox 1646 1071 1697 1098; x_wconf 90' lang='lat' dir='ltr'><strong>sub</strong></span> 
     </span>
    </p>
   </div>
   <div class='ocr_carea' id='block_1_81' title="bbox 910 1115 1699 1152">
    <p class='ocr_par' dir='ltr' id='par_1_81' title="bbox 910 1115 1699 1152">
     <span class='ocr_line' id='line_1_81' title="bbox 910 1115 1699 1152; baseline 0 -9"><span class='ocrx_word' id='word_1_645' title='bbox 910 1116 969 1152; x_wconf 87' lang='lat' dir='ltr'><strong>ipso</strong></span> <span class='ocrx_word' id='word_1_646' title='bbox 981 1123 1065 1143; x_wconf 88' lang='lat' dir='ltr'><strong>onere</strong></span> <span class='ocrx_word' id='word_1_647' title='bbox 1086 1119 1254 1148; x_wconf 86' lang='lat' dir='ltr'><strong>conteratur,</strong></span> <span class='ocrx_word' id='word_1_648' title='bbox 1276 1115 1357 1144; x_wconf 83' lang='lat' dir='ltr'><strong>simul</strong></span> <span class='ocrx_word' id='word_1_649' title='bbox 1370 1115 1513 1152; x_wconf 87' lang='lat' dir='ltr'><strong>adjuvabis</strong></span> <span class='ocrx_word' id='word_1_650' title='bbox 1525 1120 1552 1143; x_wconf 85' lang='lat' dir='ltr'><strong>et</strong></span> <span class='ocrx_word' id='word_1_651' title='bbox 1565 1117 1653 1152; x_wconf 87' lang='lat' dir='ltr'><strong>eriges</strong></span> <span class='ocrx_word' id='word_1_652' title='bbox 1665 1117 1699 1144; x_wconf 92' lang='lat' dir='ltr'><strong>il-</strong></span> 
     </span>
    </p>
   </div>
   <div class='ocr_carea' id='block_1_82' title="bbox 909 1160 1696 1196">
    <p class='ocr_par' dir='ltr' id='par_1_82' title="bbox 909 1160 1696 1196">
     <span class='ocr_line' id='line_1_82' title="bbox 909 1160 1696 1196; baseline 0 -8"><span class='ocrx_word' id='word_1_653' title='bbox 909 1161 966 1188; x_wconf 93' lang='lat' dir='ltr'><strong>lud.</strong></span> <span class='ocrx_word' id='word_1_654' title='bbox 980 1161 1010 1188; x_wconf 88' lang='lat' dir='ltr'><strong>Id</strong></span> <span class='ocrx_word' id='word_1_655' title='bbox 1022 1168 1086 1188; x_wconf 89' lang='lat' dir='ltr'><strong>vero</strong></span> <span class='ocrx_word' id='word_1_656' title='bbox 1098 1161 1167 1187; x_wconf 88' lang='lat' dir='ltr'><strong>nihil</strong></span> <span class='ocrx_word' id='word_1_657' title='bbox 1179 1160 1254 1188; x_wconf 84' lang='lat' dir='ltr'><strong>aliud</strong></span> <span class='ocrx_word' id='word_1_658' title='bbox 1269 1165 1321 1193; x_wconf 85' lang='lat' dir='ltr'><strong>est,</strong></span> <span class='ocrx_word' id='word_1_659' title='bbox 1334 1168 1417 1196; x_wconf 88' lang='lat' dir='ltr'><strong>quam</strong></span> <span class='ocrx_word' id='word_1_660' title='bbox 1433 1161 1578 1188; x_wconf 91' lang='lat' dir='ltr'><strong>Dominum</strong></span> <span class='ocrx_word' id='word_1_661' title='bbox 1589 1162 1696 1196; x_wconf 86' lang='lat' dir='ltr'><strong>juvare,</strong></span> 
     </span>
    </p>
   </div>
   <div class='ocr_carea' id='block_1_83' title="bbox 909 1205 1697 1239">
    <p class='ocr_par' dir='ltr' id='par_1_83' title="bbox 909 1205 1697 1239">
     <span class='ocr_line' id='line_1_83' title="bbox 909 1205 1697 1239; baseline 0 -5"><span class='ocrx_word' id='word_1_662' title='bbox 909 1210 938 1234; x_wconf 87' lang='lat' dir='ltr'><strong>et</strong></span> <span class='ocrx_word' id='word_1_663' title='bbox 950 1206 983 1233; x_wconf 87' lang='lat' dir='ltr'><strong>ad</strong></span> <span class='ocrx_word' id='word_1_664' title='bbox 1000 1205 1218 1233; x_wconf 85' lang='lat' dir='ltr'><strong>misericordiam</strong></span> <span class='ocrx_word' id='word_1_665' title='bbox 1238 1206 1371 1239; x_wconf 85' lang='lat' dir='ltr'><strong>exerceri,</strong></span> <span class='ocrx_word' id='word_1_666' title='bbox 1384 1210 1412 1234; x_wconf 88' lang='lat' dir='ltr'><strong>et</strong></span> <span class='ocrx_word' id='word_1_667' title='bbox 1424 1206 1458 1233; x_wconf 87' lang='lat' dir='ltr'><strong>ad</strong></span> <span class='ocrx_word' id='word_1_668' title='bbox 1479 1207 1697 1234; x_wconf 84' lang='lat' dir='ltr'><strong>benevolentiam</strong></span> 
     </span>
    </p>
   </div>
   <div class='ocr_carea' id='block_1_84' title="bbox 909 1251 1697 1287">
    <p class='ocr_par' dir='ltr' id='par_1_84' title="bbox 909 1251 1697 1287">
     <span class='ocr_line' id='line_1_84' title="bbox 909 1251 1697 1287; baseline 0.003 -9"><span class='ocrx_word' id='word_1_669' title='bbox 909 1251 1026 1283; x_wconf 84' lang='lat' dir='ltr'><strong>institui,</strong></span> <span class='ocrx_word' id='word_1_670' title='bbox 1039 1251 1121 1286; x_wconf 73' lang='lat'><strong>270</strong></span> <span class='ocrx_word' id='word_1_671' title='bbox 1132 1255 1160 1279; x_wconf 89' lang='lat' dir='ltr'><strong>et</strong></span> <span class='ocrx_word' id='word_1_672' title='bbox 1174 1252 1308 1287; x_wconf 88' lang='lat' dir='ltr'><strong>repellere</strong></span> <span class='ocrx_word' id='word_1_673' title='bbox 1319 1251 1465 1280; x_wconf 87' lang='lat' dir='ltr'><strong>diuturnas</strong></span> <span class='ocrx_word' id='word_1_674' title='bbox 1483 1252 1658 1285; x_wconf 75' lang='lat' dir='ltr'><strong>offensiones,</strong></span> <span class='ocrx_word' id='word_1_675' title='bbox 1670 1256 1697 1280; x_wconf 90' lang='lat' dir='ltr'><strong>et</strong></span> 
     </span>
    </p>
   </div>
   <div class='ocr_carea' id='block_1_85' title="bbox 909 1296 1696 1333">
    <p class='ocr_par' dir='ltr' id='par_1_85' title="bbox 909 1296 1696 1333">
     <span class='ocr_line' id='line_1_85' title="bbox 909 1296 1696 1333; baseline 0.001 -9"><span class='ocrx_word' id='word_1_676' title='bbox 909 1297 997 1325; x_wconf 84' lang='lat' dir='ltr'><strong>vitare</strong></span> <span class='ocrx_word' id='word_1_677' title='bbox 1009 1297 1133 1329; x_wconf 86' lang='lat' dir='ltr'><strong>dissidia,</strong></span> <span class='ocrx_word' id='word_1_678' title='bbox 1145 1305 1180 1325; x_wconf 90' lang='lat' dir='ltr'><strong>ne</strong></span> <span class='ocrx_word' id='word_1_679' title='bbox 1192 1297 1354 1325; x_wconf 82' lang='lat' dir='ltr'><strong>charitatem</strong></span> <span class='ocrx_word' id='word_1_680' title='bbox 1373 1301 1402 1324; x_wconf 90' lang='lat' dir='ltr'><strong>et</strong></span> <span class='ocrx_word' id='word_1_681' title='bbox 1419 1296 1599 1325; x_wconf 81' lang='lat' dir='ltr'><strong>fraternitatis</strong></span> <span class='ocrx_word' id='word_1_682' title='bbox 1610 1298 1696 1333; x_wconf 80' lang='lat' dir='ltr'><strong>legem</strong></span> 
     </span>
    </p>
   </div>
   <div class='ocr_carea' id='block_1_86' title="bbox 909 1342 1698 1378">
    <p class='ocr_par' dir='ltr' id='par_1_86' title="bbox 909 1342 1698 1378">
     <span class='ocr_line' id='line_1_86' title="bbox 909 1342 1698 1378; baseline 0.001 -9"><span class='ocrx_word' id='word_1_683' title='bbox 909 1343 1013 1370; x_wconf 87' lang='lat' dir='ltr'><strong>violare</strong></span> <span class='ocrx_word' id='word_1_684' title='bbox 1024 1342 1297 1370; x_wconf 77' lang='lat' dir='ltr'><strong>videantur.Videtur</strong></span> <span class='ocrx_word' id='word_1_685' title='bbox 1305 1347 1396 1370; x_wconf 86' lang='lat' dir='ltr'><strong>autem</strong></span> <span class='ocrx_word' id='word_1_686' title='bbox 1406 1342 1458 1370; x_wconf 88' lang='lat' dir='ltr'><strong>hoc</strong></span> <span class='ocrx_word' id='word_1_687' title='bbox 1465 1343 1558 1370; x_wconf 91' lang='lat' dir='ltr'><strong>divino</strong></span> <span class='ocrx_word' id='word_1_688' title='bbox 1566 1351 1698 1378; x_wconf 86' lang='lat' dir='ltr'><strong>responso</strong></span> 
     </span>
    </p>
   </div>
   <div class='ocr_carea' id='block_1_87' title="bbox 909 1388 1698 1423">
    <p class='ocr_par' dir='ltr' id='par_1_87' title="bbox 909 1388 1698 1423">
     <span class='ocr_line' id='line_1_87' title="bbox 909 1388 1698 1423; baseline 0.001 -8"><span class='ocrx_word' id='word_1_689' title='bbox 909 1389 991 1416; x_wconf 87' lang='lat' dir='ltr'><strong>etiam</strong></span> <span class='ocrx_word' id='word_1_690' title='bbox 1008 1388 1083 1415; x_wconf 89' lang='lat' dir='ltr'><strong>aliud</strong></span> <span class='ocrx_word' id='word_1_691' title='bbox 1101 1388 1231 1423; x_wconf 84' lang='lat' dir='ltr'><strong>quiddam</strong></span> <span class='ocrx_word' id='word_1_692' title='bbox 1245 1388 1393 1423; x_wconf 79' lang='lat' dir='ltr'><strong>signiﬁcari</strong></span> <span class='ocrx_word' id='word_1_693' title='bbox 1411 1398 1418 1415; x_wconf 88' lang='lat'><strong>:</strong></span> <span class='ocrx_word' id='word_1_694' title='bbox 1433 1389 1456 1416; x_wconf 94' lang='lat' dir='ltr'><strong>si</strong></span> <span class='ocrx_word' id='word_1_695' title='bbox 1467 1389 1540 1416; x_wconf 91' lang='lat' dir='ltr'><strong>enim</strong></span> <span class='ocrx_word' id='word_1_696' title='bbox 1554 1393 1634 1416; x_wconf 68' lang='lat' dir='ltr'><strong>tanta:</strong></span> <span class='ocrx_word' id='word_1_697' title='bbox 1645 1389 1698 1416; x_wconf 81' lang='lat' dir='ltr'><strong>fuit</strong></span> 
     </span>
    </p>
   </div>
   <div class='ocr_carea' id='block_1_88' title="bbox 910 1434 1697 1470">
    <p class='ocr_par' dir='ltr' id='par_1_88' title="bbox 910 1434 1697 1470">
     <span class='ocr_line' id='line_1_88' title="bbox 910 1434 1697 1470; baseline 0 -8"><span class='ocrx_word' id='word_1_698' title='bbox 910 1442 983 1462; x_wconf 73' lang='lat' dir='ltr'><strong>cura:</strong></span> <span class='ocrx_word' id='word_1_699' title='bbox 996 1434 1155 1470; x_wconf 85' lang='lat' dir='ltr'><strong>legislatori,</strong></span> <span class='ocrx_word' id='word_1_700' title='bbox 1170 1439 1209 1467; x_wconf 88' lang='lat' dir='ltr'><strong>ut,</strong></span> <span class='ocrx_word' id='word_1_701' title='bbox 1223 1434 1245 1462; x_wconf 90' lang='lat' dir='ltr'><strong>si</strong></span> <span class='ocrx_word' id='word_1_702' title='bbox 1258 1434 1302 1462; x_wconf 89' lang='lat' dir='ltr'><strong>cui</strong></span> <span class='ocrx_word' id='word_1_703' title='bbox 1319 1435 1451 1462; x_wconf 88' lang='lat' dir='ltr'><strong>animanti</strong></span> <span class='ocrx_word' id='word_1_704' title='bbox 1467 1435 1581 1462; x_wconf 86' lang='lat' dir='ltr'><strong>rationis</strong></span> <span class='ocrx_word' id='word_1_705' title='bbox 1592 1436 1697 1470; x_wconf 79' lang='lat' dir='ltr'><strong>experti</strong></span> 
     </span>
    </p>
   </div>
   <div class='ocr_carea' id='block_1_89' title="bbox 910 1477 1696 1512">
    <p class='ocr_par' dir='ltr' id='par_1_89' title="bbox 910 1477 1696 1512">
     <span class='ocr_line' id='line_1_89' title="bbox 910 1477 1696 1512; baseline 0.003 -8"><span class='ocrx_word' id='word_1_706' title='bbox 910 1477 1044 1512; x_wconf 81' lang='lat' dir='ltr'><strong>ejusmodi</strong></span> <span class='ocrx_word' id='word_1_707' title='bbox 1063 1485 1143 1504; x_wconf 83' lang='lat' dir='ltr'><strong>casus</strong></span> <span class='ocrx_word' id='word_1_708' title='bbox 1164 1477 1319 1510; x_wconf 86' lang='lat' dir='ltr'><strong>accidisset,</strong></span> <span class='ocrx_word' id='word_1_709' title='bbox 1331 1486 1382 1506; x_wconf 93' lang='lat' dir='ltr'><strong>nos</strong></span> <span class='ocrx_word' id='word_1_710' title='bbox 1402 1478 1537 1506; x_wconf 86' lang='lat' dir='ltr'><strong>ferremus</strong></span> <span class='ocrx_word' id='word_1_711' title='bbox 1553 1479 1696 1511; x_wconf 85' lang='lat' dir='ltr'><strong>auxilium,</strong></span> 
     </span>
    </p>
   </div>
   <div class='ocr_carea' id='block_1_90' title="bbox 911 1522 1700 1560">
    <p class='ocr_par' dir='ltr' id='par_1_90' title="bbox 911 1522 1700 1560">
     <span class='ocr_line' id='line_1_90' title="bbox 911 1522 1700 1560; baseline 0.003 -10"><span class='ocrx_word' id='word_1_712' title='bbox 911 1522 1049 1558; x_wconf 87' lang='lat' dir='ltr'><strong>quomodo</strong></span> <span class='ocrx_word' id='word_1_713' title='bbox 1061 1530 1116 1550; x_wconf 93' lang='lat' dir='ltr'><strong>non</strong></span> <span class='ocrx_word' id='word_1_714' title='bbox 1128 1523 1215 1550; x_wconf 87' lang='lat' dir='ltr'><strong>multo</strong></span> <span class='ocrx_word' id='word_1_715' title='bbox 1227 1523 1312 1558; x_wconf 88' lang='lat' dir='ltr'><strong>magis</strong></span> <span class='ocrx_word' id='word_1_716' title='bbox 1323 1524 1362 1550; x_wconf 95' lang='lat' dir='ltr'><strong>illi</strong></span> <span class='ocrx_word' id='word_1_717' title='bbox 1377 1528 1484 1560; x_wconf 88' lang='lat' dir='ltr'><strong>gratum</strong></span> <span class='ocrx_word' id='word_1_718' title='bbox 1497 1524 1580 1552; x_wconf 82' lang='lat' dir='ltr'><strong>fuerit</strong></span> <span class='ocrx_word' id='word_1_719' title='bbox 1593 1525 1700 1560; x_wconf 84' lang='lat' dir='ltr'><strong>impen-</strong></span> 
     </span>
    </p>
   </div>
   <div class='ocr_carea' id='block_1_91' title="bbox 911 1567 1696 1604">
    <p class='ocr_par' dir='ltr' id='par_1_91' title="bbox 911 1567 1696 1604">
     <span class='ocr_line' id='line_1_91' title="bbox 911 1567 1696 1604; baseline 0.003 -10"><span class='ocrx_word' id='word_1_720' title='bbox 911 1575 972 1594; x_wconf 83' lang='lat' dir='ltr'><strong>sum</strong></span> <span class='ocrx_word' id='word_1_721' title='bbox 985 1568 1011 1594; x_wconf 93' lang='lat' dir='ltr'><strong>in</strong></span> <span class='ocrx_word' id='word_1_722' title='bbox 1020 1567 1146 1595; x_wconf 87' lang='lat' dir='ltr'><strong>homines</strong></span> <span class='ocrx_word' id='word_1_723' title='bbox 1153 1568 1354 1595; x_wconf 81' lang='lat' dir='ltr'><strong>conservandos</strong></span> <span class='ocrx_word' id='word_1_724' title='bbox 1365 1568 1497 1601; x_wconf 83' lang='lat' dir='ltr'><strong>studium,</strong></span> <span class='ocrx_word' id='word_1_725' title='bbox 1509 1569 1574 1596; x_wconf 89' lang='lat' dir='ltr'><strong>etin</strong></span> <span class='ocrx_word' id='word_1_726' title='bbox 1583 1577 1630 1596; x_wconf 91' lang='lat' dir='ltr'><strong>cos</strong></span> <span class='ocrx_word' id='word_1_727' title='bbox 1650 1570 1696 1604; x_wconf 90' lang='lat' dir='ltr'><strong>qui</strong></span> 
     </span>
    </p>
   </div>
   <div class='ocr_carea' id='block_1_92' title="bbox 912 1612 1697 1649">
    <p class='ocr_par' dir='ltr' id='par_1_92' title="bbox 912 1612 1697 1649">
     <span class='ocr_line' id='line_1_92' title="bbox 912 1612 1697 1649; baseline 0.004 -10"><span class='ocrx_word' id='word_1_728' title='bbox 912 1612 1042 1639; x_wconf 86' lang='lat' dir='ltr'><strong>societate</strong></span> <span class='ocrx_word' id='word_1_729' title='bbox 1060 1616 1165 1640; x_wconf 56' lang='lat' dir='ltr'><strong>natura!</strong></span> <span class='ocrx_word' id='word_1_730' title='bbox 1185 1613 1328 1640; x_wconf 90' lang='lat' dir='ltr'><strong>nobiscum</strong></span> <span class='ocrx_word' id='word_1_731' title='bbox 1350 1614 1488 1649; x_wconf 90' lang='lat' dir='ltr'><strong>conjuncti</strong></span> <span class='ocrx_word' id='word_1_732' title='bbox 1509 1619 1581 1647; x_wconf 89' lang='lat' dir='ltr'><strong>sunt,</strong></span> <span class='ocrx_word' id='word_1_733' title='bbox 1604 1615 1697 1642; x_wconf 87' lang='lat' dir='ltr'><strong>debita</strong></span> 
     </span>
    </p>
   </div>
   <div class='ocr_carea' id='block_1_93' title="bbox 911 1657 1698 1694">
    <p class='ocr_par' dir='ltr' id='par_1_93' title="bbox 911 1657 1698 1694">
     <span class='ocr_line' id='line_1_93' title="bbox 911 1657 1698 1694; baseline 0.005 -10"><span class='ocrx_word' id='word_1_734' title='bbox 911 1657 1014 1685; x_wconf 90' lang='lat' dir='ltr'><strong>amoris</strong></span> <span class='ocrx_word' id='word_1_735' title='bbox 1034 1657 1212 1685; x_wconf 83' lang='lat' dir='ltr'><strong>vicissitudo?</strong></span> <span class='ocrx_word' id='word_1_736' title='bbox 1231 1658 1325 1694; x_wconf 87' lang='lat' dir='ltr'><strong>lgitur,</strong></span> <span class='ocrx_word' id='word_1_737' title='bbox 1348 1659 1455 1687; x_wconf 88' lang='lat' dir='ltr'><strong>etiamsi</strong></span> <span class='ocrx_word' id='word_1_738' title='bbox 1477 1660 1604 1688; x_wconf 90' lang='lat' dir='ltr'><strong>inimicus</strong></span> <span class='ocrx_word' id='word_1_739' title='bbox 1624 1665 1698 1688; x_wconf 87' lang='lat' dir='ltr'><strong>erret</strong></span> 
     </span>
    </p>
   </div>
   <div class='ocr_carea' id='block_1_94' title="bbox 910 1703 1696 1737">
    <p class='ocr_par' dir='ltr' id='par_1_94' title="bbox 910 1703 1696 1737">
     <span class='ocr_line' id='line_1_94' title="bbox 910 1703 1696 1737; baseline 0.003 -6"><span class='ocrx_word' id='word_1_740' title='bbox 910 1703 1036 1736; x_wconf 86' lang='lat' dir='ltr'><strong>fortasse,</strong></span> <span class='ocrx_word' id='word_1_741' title='bbox 1048 1709 1156 1732; x_wconf 89' lang='lat' dir='ltr'><strong>rectum</strong></span> <span class='ocrx_word' id='word_1_742' title='bbox 1175 1704 1228 1732; x_wconf 89' lang='lat' dir='ltr'><strong>iter</strong></span> <span class='ocrx_word' id='word_1_743' title='bbox 1244 1704 1386 1737; x_wconf 87' lang='lat' dir='ltr'><strong>doceatur,</strong></span> <span class='ocrx_word' id='word_1_744' title='bbox 1399 1709 1436 1737; x_wconf 85' lang='lat' dir='ltr'><strong>et,</strong></span> <span class='ocrx_word' id='word_1_745' title='bbox 1456 1705 1536 1732; x_wconf 90' lang='lat' dir='ltr'><strong>nobis</strong></span> <span class='ocrx_word' id='word_1_746' title='bbox 1555 1713 1696 1733; x_wconf 77' lang='lat' dir='ltr'><strong>common-</strong></span> 
     </span>
    </p>
   </div>
   <div class='ocr_carea' id='block_1_95' title="bbox 910 1750 1698 1785">
    <p class='ocr_par' dir='ltr' id='par_1_95' title="bbox 910 1750 1698 1785">
     <span class='ocr_line' id='line_1_95' title="bbox 910 1750 1698 1785; baseline 0.003 -8"><span class='ocrx_word' id='word_1_747' title='bbox 910 1750 1078 1782; x_wconf 85' lang='lat' dir='ltr'><strong>strantibus,</strong></span> <span class='ocrx_word' id='word_1_748' title='bbox 1100 1758 1134 1778; x_wconf 84' lang='lat' dir='ltr'><strong>eo</strong></span> <span class='ocrx_word' id='word_1_749' title='bbox 1155 1750 1248 1778; x_wconf 87' lang='lat' dir='ltr'><strong>tendat</strong></span> <span class='ocrx_word' id='word_1_750' title='bbox 1277 1758 1332 1785; x_wconf 90' lang='lat' dir='ltr'><strong>quo</strong></span> <span class='ocrx_word' id='word_1_751' title='bbox 1362 1750 1481 1785; x_wconf 85' lang='lat' dir='ltr'><strong>expedit.</strong></span> <span class='ocrx_word' id='word_1_752' title='bbox 1507 1751 1552 1778; x_wconf 90' lang='lat' dir='ltr'><strong>Sic</strong></span> <span class='ocrx_word' id='word_1_753' title='bbox 1571 1751 1698 1779; x_wconf 81' lang='lat' dir='ltr'><strong>Christus</strong></span> 
     </span>
    </p>
   </div>
   <div class='ocr_carea' id='block_1_96' title="bbox 910 1796 1696 1832">
    <p class='ocr_par' dir='ltr' id='par_1_96' title="bbox 910 1796 1696 1832">
     <span class='ocr_line' id='line_1_96' title="bbox 910 1796 1696 1832; baseline 0 -9"><span class='ocrx_word' id='word_1_754' title='bbox 910 1804 1020 1831; x_wconf 89' lang='lat' dir='ltr'><strong>quoque</strong></span> <span class='ocrx_word' id='word_1_755' title='bbox 1044 1796 1183 1831; x_wconf 88' lang='lat' dir='ltr'><strong>lapidibus</strong></span> <span class='ocrx_word' id='word_1_756' title='bbox 1203 1796 1314 1831; x_wconf 88' lang='lat' dir='ltr'><strong>quidem</strong></span> <span class='ocrx_word' id='word_1_757' title='bbox 1336 1796 1481 1832; x_wconf 88' lang='lat' dir='ltr'><strong>petebatur</strong></span> <span class='ocrx_word' id='word_1_758' title='bbox 1502 1796 1536 1824; x_wconf 89' lang='lat' dir='ltr'><strong>ab</strong></span> <span class='ocrx_word' id='word_1_759' title='bbox 1557 1796 1696 1829; x_wconf 69' lang='lat' dir='ltr'><strong>Israelitis,</strong></span> 
     </span>
    </p>
   </div>
   <div class='ocr_carea' id='block_1_97' title="bbox 909 1841 1695 1877">
    <p class='ocr_par' dir='ltr' id='par_1_97' title="bbox 909 1841 1695 1877">
     <span class='ocr_line' id='line_1_97' title="bbox 909 1841 1695 1877; baseline 0.001 -8"><span class='ocrx_word' id='word_1_760' title='bbox 909 1845 938 1870; x_wconf 85' lang='lat' dir='ltr'><strong>et</strong></span> <span class='ocrx_word' id='word_1_761' title='bbox 951 1846 1041 1869; x_wconf 86' lang='lat' dir='ltr'><strong>tamen</strong></span> <span class='ocrx_word' id='word_1_762' title='bbox 1058 1849 1107 1869; x_wconf 88' lang='lat' dir='ltr'><strong>eos</strong></span> <span class='ocrx_word' id='word_1_763' title='bbox 1119 1841 1330 1877; x_wconf 84' lang='lat' dir='ltr'><strong>alloquebatur:</strong></span> <span class='ocrx_word' id='word_1_764' title='bbox 1348 1851 1357 1867; x_wconf 74' lang='grc' dir='ltr'><strong>ι</strong></span> <span class='ocrx_word' id='word_1_765' title='bbox 1381 1841 1450 1869; x_wconf 89' lang='lat' dir='ltr'><strong>Dum</strong></span> <span class='ocrx_word' id='word_1_766' title='bbox 1471 1842 1559 1869; x_wconf 86' lang='lat' dir='ltr'><strong>lucem</strong></span> <span class='ocrx_word' id='word_1_767' title='bbox 1579 1842 1695 1875; x_wconf 82' lang='lat' dir='ltr'><strong>habetis,</strong></span> 
     </span>
    </p>
   </div>
   <div class='ocr_carea' id='block_1_98' title="bbox 910 1887 1693 1923">
    <p class='ocr_par' dir='ltr' id='par_1_98' title="bbox 910 1887 1693 1923">
     <span class='ocr_line' id='line_1_98' title="bbox 910 1887 1693 1923; baseline 0 -7"><span class='ocrx_word' id='word_1_768' title='bbox 910 1889 1048 1917; x_wconf 89' lang='lat' dir='ltr'><strong>ambulate</strong></span> <span class='ocrx_word' id='word_1_769' title='bbox 1057 1889 1085 1916; x_wconf 83' lang='lat' dir='ltr'><strong>in</strong></span> <span class='ocrx_word' id='word_1_770' title='bbox 1093 1889 1166 1921; x_wconf 86' lang='lat' dir='ltr'><strong>luce,</strong></span> <span class='ocrx_word' id='word_1_771' title='bbox 1176 1897 1210 1916; x_wconf 88' lang='lat' dir='ltr'><strong>ne</strong></span> <span class='ocrx_word' id='word_1_772' title='bbox 1222 1887 1343 1916; x_wconf 69' lang='lat' dir='ltr'><strong>tenebrae</strong></span> <span class='ocrx_word' id='word_1_773' title='bbox 1354 1896 1402 1916; x_wconf 87' lang='lat' dir='ltr'><strong>vos</strong></span> <span class='ocrx_word' id='word_1_774' title='bbox 1409 1888 1643 1923; x_wconf 77' lang='lat' dir='ltr'><strong>comprehendant</strong></span> <span class='ocrx_word' id='word_1_775' title='bbox 1650 1890 1670 1922; x_wconf 65' lang='grc' dir='ltr'><strong>ἶ.</strong></span> <span class='ocrx_word' id='word_1_776' title='bbox 1683 1899 1693 1915; x_wconf 71' lang='grc' dir='ltr'><strong>ι</strong></span> 
     </span>
    </p>
   </div>
   <div class='ocr_carea' id='block_1_99' title="bbox 910 1934 1697 1970">
    <p class='ocr_par' dir='ltr' id='par_1_99' title="bbox 910 1934 1697 1970">
     <span class='ocr_line' id='line_1_99' title="bbox 910 1934 1697 1970; baseline -0.001 -7"><span class='ocrx_word' id='word_1_777' title='bbox 910 1935 954 1968; x_wconf 87' lang='lat' dir='ltr'><strong>Et,</strong></span> <span class='ocrx_word' id='word_1_778' title='bbox 967 1935 990 1962; x_wconf 85' lang='lat' dir='ltr'><strong>si</strong></span> <span class='ocrx_word' id='word_1_779' title='bbox 1007 1935 1068 1970; x_wconf 90' lang='lat' dir='ltr'><strong>quis</strong></span> <span class='ocrx_word' id='word_1_780' title='bbox 1086 1934 1214 1962; x_wconf 86' lang='lat' dir='ltr'><strong>inimicus</strong></span> <span class='ocrx_word' id='word_1_781' title='bbox 1227 1934 1320 1962; x_wconf 89' lang='lat' dir='ltr'><strong>labore</strong></span> <span class='ocrx_word' id='word_1_782' title='bbox 1333 1937 1361 1961; x_wconf 92' lang='lat' dir='ltr'><strong>et</strong></span> <span class='ocrx_word' id='word_1_783' title='bbox 1378 1934 1574 1962; x_wconf 83' lang='lat' dir='ltr'><strong>tentationibus</strong></span> <span class='ocrx_word' id='word_1_784' title='bbox 1586 1935 1697 1963; x_wconf 66' lang='lat' dir='ltr'><strong>amicta-</strong></span> 
     </span>
    </p>
   </div>
   <div class='ocr_carea' id='block_1_100' title="bbox 909 1979 1698 2016">
    <p class='ocr_par' dir='ltr' id='par_1_100' title="bbox 909 1979 1698 2016">
     <span class='ocr_line' id='line_1_100' title="bbox 909 1979 1698 2016; baseline 0 -8"><span class='ocrx_word' id='word_1_785' title='bbox 909 1985 964 2014; x_wconf 89' lang='lat' dir='ltr'><strong>tur,</strong></span> <span class='ocrx_word' id='word_1_786' title='bbox 978 1989 1010 2008; x_wconf 89' lang='lat' dir='ltr'><strong>ac</strong></span> <span class='ocrx_word' id='word_1_787' title='bbox 1026 1981 1100 2008; x_wconf 86' lang='lat' dir='ltr'><strong>velut</strong></span> <span class='ocrx_word' id='word_1_788' title='bbox 1112 1981 1189 2008; x_wconf 89' lang='lat' dir='ltr'><strong>humi</strong></span> <span class='ocrx_word' id='word_1_789' title='bbox 1200 1984 1352 2015; x_wconf 83' lang='lat' dir='ltr'><strong>prostratus</strong></span> <span class='ocrx_word' id='word_1_790' title='bbox 1362 1979 1461 2015; x_wconf 85' lang='lat' dir='ltr'><strong>jaceat,</strong></span> <span class='ocrx_word' id='word_1_791' title='bbox 1476 1984 1504 2007; x_wconf 89' lang='lat' dir='ltr'><strong>et</strong></span> <span class='ocrx_word' id='word_1_792' title='bbox 1515 1981 1590 2016; x_wconf 88' lang='lat' dir='ltr'><strong>gravi</strong></span> <span class='ocrx_word' id='word_1_793' title='bbox 1602 1989 1698 2008; x_wconf 87' lang='lat' dir='ltr'><strong>neces-</strong></span> 
     </span>
    </p>
   </div>
   <div class='ocr_carea' id='block_1_101' title="bbox 911 2024 1697 2064">
    <p class='ocr_par' dir='ltr' id='par_1_101' title="bbox 911 2024 1697 2064">
     <span class='ocr_line' id='line_1_101' title="bbox 911 2024 1697 2064; baseline 0.001 -11"><span class='ocrx_word' id='word_1_794' title='bbox 911 2026 991 2054; x_wconf 87' lang='lat' dir='ltr'><strong>sitate</strong></span> <span class='ocrx_word' id='word_1_795' title='bbox 1008 2030 1160 2061; x_wconf 85' lang='lat' dir='ltr'><strong>prematur,</strong></span> <span class='ocrx_word' id='word_1_796' title='bbox 1175 2025 1344 2057; x_wconf 87' lang='lat' dir='ltr'><strong>sublevetur,</strong></span> <span class='ocrx_word' id='word_1_797' title='bbox 1358 2024 1459 2060; x_wconf 84' lang='lat' dir='ltr'><strong>inquit,</strong></span> <span class='ocrx_word' id='word_1_798' title='bbox 1471 2033 1487 2064; x_wconf 89' lang='lat' dir='ltr'><strong>_a</strong></span> <span class='ocrx_word' id='word_1_799' title='bbox 1504 2025 1597 2059; x_wconf 85' lang='lat' dir='ltr'><strong>vobis;</strong></span> <span class='ocrx_word' id='word_1_800' title='bbox 1611 2030 1639 2053; x_wconf 88' lang='lat' dir='ltr'><strong>et</strong></span> <span class='ocrx_word' id='word_1_801' title='bbox 1650 2030 1697 2061; x_wconf 87' lang='lat' dir='ltr'><strong>qui</strong></span> 
     </span>
    </p>
   </div>
   <div class='ocr_carea' id='block_1_102' title="bbox 910 2070 1698 2105">
    <p class='ocr_par' dir='ltr' id='par_1_102' title="bbox 910 2070 1698 2105">
     <span class='ocr_line' id='line_1_102' title="bbox 910 2070 1698 2105; baseline 0.001 -6"><span class='ocrx_word' id='word_1_802' title='bbox 910 2071 1070 2105; x_wconf 73' lang='lat' dir='ltr'><strong>diasidebat,</strong></span> <span class='ocrx_word' id='word_1_803' title='bbox 1080 2071 1172 2098; x_wconf 86' lang='lat' dir='ltr'><strong>vincat</strong></span> <span class='ocrx_word' id='word_1_804' title='bbox 1181 2070 1341 2098; x_wconf 84' lang='lat' dir='ltr'><strong>otl&#39;ensionis</strong></span> <span class='ocrx_word' id='word_1_805' title='bbox 1358 2071 1528 2098; x_wconf 86' lang='lat' dir='ltr'><strong>memoriam.</strong></span> <span class='ocrx_word' id='word_1_806' title='bbox 1538 2071 1636 2098; x_wconf 82' lang='lat' dir='ltr'><strong>Annon</strong></span> <span class='ocrx_word' id='word_1_807' title='bbox 1646 2072 1698 2100; x_wconf 89' lang='lat' dir='ltr'><strong>hoc</strong></span> 
     </span>
    </p>
   </div>
   <div class='ocr_carea' id='block_1_103' title="bbox 911 2116 1698 2154">
    <p class='ocr_par' dir='ltr' id='par_1_103' title="bbox 911 2116 1698 2154">
     <span class='ocr_line' id='line_1_103' title="bbox 911 2116 1698 2154; baseline 0.003 -10"><span class='ocrx_word' id='word_1_808' title='bbox 911 2117 978 2145; x_wconf 90' lang='lat' dir='ltr'><strong>illud</strong></span> <span class='ocrx_word' id='word_1_809' title='bbox 990 2121 1032 2145; x_wconf 90' lang='lat' dir='ltr'><strong>est</strong></span> <span class='ocrx_word' id='word_1_810' title='bbox 1045 2126 1051 2143; x_wconf 90' lang='lat'><strong>:</strong></span> <span class='ocrx_word' id='word_1_811' title='bbox 1069 2126 1078 2142; x_wconf 86' lang='grc'><strong>‹</strong></span> <span class='ocrx_word' id='word_1_812' title='bbox 1095 2116 1250 2144; x_wconf 87' lang='lat' dir='ltr'><strong>Benefacite</strong></span> <span class='ocrx_word' id='word_1_813' title='bbox 1262 2116 1380 2145; x_wconf 89' lang='lat' dir='ltr'><strong>inimicis</strong></span> <span class='ocrx_word' id='word_1_814' title='bbox 1391 2117 1511 2150; x_wconf 63' lang='lat' dir='ltr'><strong>vestris,</strong></span> <span class='ocrx_word' id='word_1_815' title='bbox 1520 2121 1548 2145; x_wconf 91' lang='lat' dir='ltr'><strong>et</strong></span> <span class='ocrx_word' id='word_1_816' title='bbox 1559 2121 1636 2146; x_wconf 87' lang='lat' dir='ltr'><strong>orate</strong></span> <span class='ocrx_word' id='word_1_817' title='bbox 1647 2126 1698 2154; x_wconf 89' lang='lat' dir='ltr'><strong>pro</strong></span> 
     </span>
    </p>
   </div>
   <div class='ocr_carea' id='block_1_104' title="bbox 911 2161 1649 2197">
    <p class='ocr_par' dir='ltr' id='par_1_104' title="bbox 911 2161 1649 2197">
     <span class='ocr_line' id='line_1_104' title="bbox 911 2161 1649 2197; baseline -0.009 -7"><span class='ocrx_word' id='word_1_818' title='bbox 911 2162 1139 2197; x_wconf 88' lang='lat' dir='ltr'><strong>persequentibus</strong></span> <span class='ocrx_word' id='word_1_819' title='bbox 1149 2169 1198 2189; x_wconf 90' lang='lat' dir='ltr'><strong>vos</strong></span> <span class='ocrx_word' id='word_1_820' title='bbox 1210 2161 1236 2187; x_wconf 67' lang='grc' dir='ltr'>εἳ</span> <span class='ocrx_word' id='word_1_821' title='bbox 1251 2171 1260 2187; x_wconf 80' lang='grc' dir='ltr'><strong>ι</strong></span> <span class='ocrx_word' id='word_1_822' title='bbox 1646 2171 1649 2174; x_wconf 93' lang='grc'><strong>-</strong></span> 
     </span>
    </p>
   </div>
   <div class='ocr_carea' id='block_1_105' title="bbox 877 2251 1270 2292">
    <p class='ocr_par' dir='ltr' id='par_1_105' title="bbox 877 2251 1270 2292">
     <span class='ocr_line' id='line_1_105' title="bbox 877 2251 1270 2292; baseline -0.003 -13"><span class='ocrx_word' id='word_1_823' title='bbox 877 2265 899 2292; x_wconf 77' lang='lat' dir='ltr'><strong>D</strong></span> <span class='ocrx_word' id='word_1_824' title='bbox 948 2252 1045 2282; x_wconf 76' lang='lat' dir='ltr'><strong>PALL.</strong></span> <span class='ocrx_word' id='word_1_825' title='bbox 1059 2251 1166 2286; x_wconf 84' lang='lat' dir='ltr'><strong>Optime</strong></span> <span class='ocrx_word' id='word_1_826' title='bbox 1181 2251 1270 2279; x_wconf 85' lang='lat' dir='ltr'><strong>dicis..</strong></span> 
     </span>
    </p>
   </div>
   <div class='ocr_carea' id='block_1_106' title="bbox 947 2295 1698 2332">
    <p class='ocr_par' dir='ltr' id='par_1_106' title="bbox 947 2295 1698 2332">
     <span class='ocr_line' id='line_1_106' title="bbox 947 2295 1698 2332; baseline 0.001 -8"><span class='ocrx_word' id='word_1_827' title='bbox 947 2296 1026 2324; x_wconf 67' lang='grc' dir='ltr'><strong>(ΕΥΒ-</strong></span> <span class='ocrx_word' id='word_1_828' title='bbox 1041 2296 1218 2332; x_wconf 83' lang='lat' dir='ltr'><strong>Decetigitur</strong></span> <span class='ocrx_word' id='word_1_829' title='bbox 1229 2300 1338 2324; x_wconf 86' lang='lat' dir='ltr'><strong>sanctos</strong></span> <span class='ocrx_word' id='word_1_830' title='bbox 1349 2295 1424 2324; x_wconf 86' lang='lat' dir='ltr'><strong>viros</strong></span> <span class='ocrx_word' id='word_1_831' title='bbox 1435 2295 1623 2324; x_wconf 85' lang='lat' dir='ltr'><strong>laborantibus</strong></span> <span class='ocrx_word' id='word_1_832' title='bbox 1634 2305 1698 2325; x_wconf 89' lang='lat' dir='ltr'><strong>con-</strong></span> 
     </span>
    </p>
   </div>
   <div class='ocr_carea' id='block_1_107' title="bbox 912 2340 1699 2377">
    <p class='ocr_par' dir='ltr' id='par_1_107' title="bbox 912 2340 1699 2377">
     <span class='ocr_line' id='line_1_107' title="bbox 912 2340 1699 2377; baseline 0.001 -8"><span class='ocrx_word' id='word_1_833' title='bbox 912 2341 1021 2375; x_wconf 91' lang='lat' dir='ltr'><strong>dolere;</strong></span> <span class='ocrx_word' id='word_1_834' title='bbox 1035 2349 1125 2377; x_wconf 89' lang='lat' dir='ltr'><strong>neque</strong></span> <span class='ocrx_word' id='word_1_835' title='bbox 1135 2349 1168 2369; x_wconf 87' lang='lat' dir='ltr'><strong>ea</strong></span> <span class='ocrx_word' id='word_1_836' title='bbox 1182 2341 1240 2376; x_wconf 85' lang='lat' dir='ltr'><strong>ipsa</strong></span> <span class='ocrx_word' id='word_1_837' title='bbox 1252 2345 1364 2376; x_wconf 89' lang='lat' dir='ltr'><strong>propter</strong></span> <span class='ocrx_word' id='word_1_838' title='bbox 1374 2348 1435 2375; x_wconf 65' lang='lat' dir='ltr'><strong>quae</strong></span> <span class='ocrx_word' id='word_1_839' title='bbox 1447 2340 1593 2369; x_wconf 84' lang='lat' dir='ltr'><strong>miserandi</strong></span> <span class='ocrx_word' id='word_1_840' title='bbox 1607 2342 1699 2377; x_wconf 89' lang='lat' dir='ltr'><strong>potius</strong></span> 
     </span>
    </p>
   </div>
   <div class='ocr_carea' id='block_1_108' title="bbox 912 2385 1697 2421">
    <p class='ocr_par' dir='ltr' id='par_1_108' title="bbox 912 2385 1697 2421">
     <span class='ocr_line' id='line_1_108' title="bbox 912 2385 1697 2421; baseline 0 -7"><span class='ocrx_word' id='word_1_841' title='bbox 912 2390 1001 2418; x_wconf 88' lang='lat' dir='ltr'><strong>erant,</strong></span> <span class='ocrx_word' id='word_1_842' title='bbox 1023 2386 1057 2414; x_wconf 86' lang='lat' dir='ltr'><strong>ad</strong></span> <span class='ocrx_word' id='word_1_843' title='bbox 1078 2386 1251 2414; x_wconf 87' lang='lat' dir='ltr'><strong>occasionem</strong></span> <span class='ocrx_word' id='word_1_844' title='bbox 1276 2385 1382 2421; x_wconf 68' lang='lat' dir='ltr'><strong>injuriae</strong></span> <span class='ocrx_word' id='word_1_845' title='bbox 1400 2389 1482 2421; x_wconf 84' lang='lat' dir='ltr'><strong>atque</strong></span> <span class='ocrx_word' id='word_1_846' title='bbox 1500 2386 1652 2415; x_wconf 78' lang='lat' dir='ltr'><strong>insolentiae</strong></span> <span class='ocrx_word' id='word_1_847' title='bbox 1669 2388 1697 2415; x_wconf 92' lang='lat' dir='ltr'><strong>in</strong></span> 
     </span>
    </p>
   </div>
   <div class='ocr_carea' id='block_1_109' title="bbox 913 2431 1697 2464">
    <p class='ocr_par' dir='ltr' id='par_1_109' title="bbox 913 2431 1697 2464">
     <span class='ocr_line' id='line_1_109' title="bbox 913 2431 1697 2464; baseline -0.001 -4"><span class='ocrx_word' id='word_1_848' title='bbox 913 2439 961 2460; x_wconf 85' lang='lat' dir='ltr'><strong>eos</strong></span> <span class='ocrx_word' id='word_1_849' title='bbox 971 2432 1130 2459; x_wconf 56' lang='lat' dir='ltr'><strong>exercenda</strong></span> <span class='ocrx_word' id='word_1_850' title='bbox 1141 2435 1311 2464; x_wconf 85' lang='lat' dir='ltr'><strong>convertere,</strong></span> <span class='ocrx_word' id='word_1_851' title='bbox 1325 2431 1354 2458; x_wconf 93' lang='lat' dir='ltr'><strong>in</strong></span> <span class='ocrx_word' id='word_1_852' title='bbox 1367 2438 1463 2458; x_wconf 92' lang='lat' dir='ltr'><strong>eorum</strong></span> <span class='ocrx_word' id='word_1_853' title='bbox 1481 2431 1605 2459; x_wconf 85' lang='lat' dir='ltr'><strong>miserias</strong></span> <span class='ocrx_word' id='word_1_854' title='bbox 1620 2432 1697 2459; x_wconf 88' lang='lat' dir='ltr'><strong>insu-</strong></span> 
     </span>
    </p>
   </div>
   <div class='ocr_carea' id='block_1_110' title="bbox 913 2477 1697 2513">
    <p class='ocr_par' dir='ltr' id='par_1_110' title="bbox 913 2477 1697 2513">
     <span class='ocr_line' id='line_1_110' title="bbox 913 2477 1697 2513; baseline 0 -8"><span class='ocrx_word' id='word_1_855' title='bbox 913 2486 963 2513; x_wconf 85' lang='lat' dir='ltr'><strong>per</strong></span> <span class='ocrx_word' id='word_1_856' title='bbox 988 2478 1194 2505; x_wconf 79' lang='lat' dir='ltr'><strong>insultanteset</strong></span> <span class='ocrx_word' id='word_1_857' title='bbox 1214 2477 1390 2510; x_wconf 81' lang='lat' dir='ltr'><strong>invehentes;</strong></span> <span class='ocrx_word' id='word_1_858' title='bbox 1406 2477 1472 2512; x_wconf 92' lang='lat' dir='ltr'><strong>quin</strong></span> <span class='ocrx_word' id='word_1_859' title='bbox 1487 2477 1568 2504; x_wconf 86' lang='lat' dir='ltr'><strong>etiam</strong></span> <span class='ocrx_word' id='word_1_860' title='bbox 1585 2478 1608 2504; x_wconf 82' lang='lat' dir='ltr'><strong>si</strong></span> <span class='ocrx_word' id='word_1_861' title='bbox 1627 2478 1697 2505; x_wconf 89' lang='lat' dir='ltr'><strong>clam</strong></span> 
     </span>
    </p>
   </div>
   <div class='ocr_carea' id='block_1_111' title="bbox 912 2522 1697 2558">
    <p class='ocr_par' dir='ltr' id='par_1_111' title="bbox 912 2522 1697 2558">
     <span class='ocr_line' id='line_1_111' title="bbox 912 2522 1697 2558; baseline 0 -7"><span class='ocrx_word' id='word_1_862' title='bbox 912 2523 1051 2551; x_wconf 89' lang='lat' dir='ltr'><strong>insidiosis</strong></span> <span class='ocrx_word' id='word_1_863' title='bbox 1062 2523 1116 2551; x_wconf 89' lang='lat' dir='ltr'><strong>illis</strong></span> <span class='ocrx_word' id='word_1_864' title='bbox 1127 2523 1216 2550; x_wconf 87' lang='lat' dir='ltr'><strong>modis</strong></span> <span class='ocrx_word' id='word_1_865' title='bbox 1226 2522 1266 2550; x_wconf 87' lang='lat' dir='ltr'><strong>uti</strong></span> <span class='ocrx_word' id='word_1_866' title='bbox 1277 2523 1412 2558; x_wconf 89' lang='lat' dir='ltr'><strong>quispiam</strong></span> <span class='ocrx_word' id='word_1_867' title='bbox 1421 2523 1498 2551; x_wconf 86' lang='lat' dir='ltr'><strong>facile</strong></span> <span class='ocrx_word' id='word_1_868' title='bbox 1508 2523 1697 2558; x_wconf 88' lang='lat' dir='ltr'><strong>possit,tamen</strong></span> 
     </span>
    </p>
   </div>
   <div class='ocr_carea' id='block_1_112' title="bbox 911 2568 1695 2605">
    <p class='ocr_par' dir='ltr' id='par_1_112' title="bbox 911 2568 1695 2605">
     <span class='ocr_line' id='line_1_112' title="bbox 911 2568 1695 2605; baseline -0.001 -8"><span class='ocrx_word' id='word_1_869' title='bbox 911 2570 946 2597; x_wconf 89' lang='lat' dir='ltr'><strong>ab</strong></span> <span class='ocrx_word' id='word_1_870' title='bbox 958 2569 1115 2605; x_wconf 79' lang='lat' dir='ltr'><strong>liujusmodi</strong></span> <span class='ocrx_word' id='word_1_871' title='bbox 1127 2568 1295 2603; x_wconf 79' lang='lat' dir='ltr'><strong>malignitate</strong></span> <span class='ocrx_word' id='word_1_872' title='bbox 1309 2569 1502 2597; x_wconf 88' lang='lat' dir='ltr'><strong>abstinendum</strong></span> <span class='ocrx_word' id='word_1_873' title='bbox 1516 2576 1586 2601; x_wconf 87' lang='lat' dir='ltr'><strong>esse,</strong></span> <span class='ocrx_word' id='word_1_874' title='bbox 1598 2569 1643 2596; x_wconf 78' lang='lat' dir='ltr'><strong>lex</strong></span> <span class='ocrx_word' id='word_1_875' title='bbox 1650 2569 1695 2604; x_wconf 83' lang='lat' dir='ltr'><strong>ju-</strong></span> 
     </span>
    </p>
   </div>
   <div class='ocr_carea' id='block_1_113' title="bbox 911 2615 1695 2650">
    <p class='ocr_par' dir='ltr' id='par_1_113' title="bbox 911 2615 1695 2650">
     <span class='ocr_line' id='line_1_113' title="bbox 911 2615 1695 2650; baseline -0.003 -6"><span class='ocrx_word' id='word_1_876' title='bbox 911 2617 975 2644; x_wconf 90' lang='lat' dir='ltr'><strong>bet:</strong></span> <span class='ocrx_word' id='word_1_877' title='bbox 989 2616 1028 2643; x_wconf 90' lang='lat' dir='ltr'><strong>ait</strong></span> <span class='ocrx_word' id='word_1_878' title='bbox 1039 2615 1112 2643; x_wconf 88' lang='lat' dir='ltr'><strong>enim</strong></span> <span class='ocrx_word' id='word_1_879' title='bbox 1125 2622 1238 2642; x_wconf 84' lang='lat' dir='ltr'><strong>rursus:</strong></span> <span class='ocrx_word' id='word_1_880' title='bbox 1255 2624 1263 2640; x_wconf 87' lang='grc' dir='ltr'><strong>ι</strong></span> <span class='ocrx_word' id='word_1_881' title='bbox 1276 2615 1336 2642; x_wconf 83' lang='lat' dir='ltr'><strong>Non</strong></span> <span class='ocrx_word' id='word_1_882' title='bbox 1347 2616 1494 2643; x_wconf 84' lang='lat' dir='ltr'><strong>maledices</strong></span> <span class='ocrx_word' id='word_1_883' title='bbox 1502 2615 1595 2648; x_wconf 88' lang='lat' dir='ltr'><strong>surdo,</strong></span> <span class='ocrx_word' id='word_1_884' title='bbox 1607 2622 1695 2650; x_wconf 91' lang='lat' dir='ltr'><strong>neque</strong></span> 
     </span>
    </p>
   </div>
   <div class='ocr_carea' id='block_1_114' title="bbox 911 2660 1696 2697">
    <p class='ocr_par' dir='ltr' id='par_1_114' title="bbox 911 2660 1696 2697">
     <span class='ocr_line' id='line_1_114' title="bbox 911 2660 1696 2697; baseline -0.003 -6"><span class='ocrx_word' id='word_1_885' title='bbox 911 2671 1002 2691; x_wconf 85' lang='lat' dir='ltr'><strong>coram</strong></span> <span class='ocrx_word' id='word_1_886' title='bbox 1015 2669 1087 2690; x_wconf 67' lang='lat' dir='ltr'><strong>caeco</strong></span> <span class='ocrx_word' id='word_1_887' title='bbox 1097 2668 1183 2697; x_wconf 83' lang='lat' dir='ltr'><strong>pones</strong></span> <span class='ocrx_word' id='word_1_888' title='bbox 1193 2660 1389 2688; x_wconf 76' lang='lat' dir='ltr'><strong>oﬂ‘endiculum</strong></span> <span class='ocrx_word' id='word_1_889' title='bbox 1402 2661 1422 2688; x_wconf 87' lang='lat'>&#39;.</span> <span class='ocrx_word' id='word_1_890' title='bbox 1443 2671 1452 2687; x_wconf 78' lang='grc' dir='ltr'><strong>ι</strong></span> <span class='ocrx_word' id='word_1_891' title='bbox 1466 2661 1548 2696; x_wconf 83' lang='lat' dir='ltr'><strong>Atqui</strong></span> <span class='ocrx_word' id='word_1_892' title='bbox 1559 2661 1696 2696; x_wconf 89' lang='lat' dir='ltr'><strong>quomodo</strong></span> 
     </span>
    </p>
   </div>
   <div class='ocr_carea' id='block_1_115' title="bbox 910 2706 1694 2743">
    <p class='ocr_par' dir='ltr' id='par_1_115' title="bbox 910 2706 1694 2743">
     <span class='ocr_line' id='line_1_115' title="bbox 910 2706 1694 2743; baseline -0.001 -8"><span class='ocrx_word' id='word_1_893' title='bbox 910 2716 966 2735; x_wconf 88' lang='lat' dir='ltr'><strong>non</strong></span> <span class='ocrx_word' id='word_1_894' title='bbox 977 2707 1151 2743; x_wconf 81' lang='lat' dir='ltr'><strong>praestantius</strong></span> <span class='ocrx_word' id='word_1_895' title='bbox 1160 2711 1212 2739; x_wconf 87' lang='lat' dir='ltr'><strong>est,</strong></span> <span class='ocrx_word' id='word_1_896' title='bbox 1227 2711 1255 2734; x_wconf 90' lang='lat' dir='ltr'><strong>et</strong></span> <span class='ocrx_word' id='word_1_897' title='bbox 1265 2706 1359 2742; x_wconf 86' lang='lat' dir='ltr'><strong>probis</strong></span> <span class='ocrx_word' id='word_1_898' title='bbox 1372 2706 1530 2734; x_wconf 87' lang='lat' dir='ltr'><strong>hominibus</strong></span> <span class='ocrx_word' id='word_1_899' title='bbox 1541 2714 1694 2742; x_wconf 86' lang='lat' dir='ltr'><strong>congruen-</strong></span> 
     </span>
    </p>
   </div>
   <div class='ocr_carea' id='block_1_116' title="bbox 912 2751 1696 2787">
    <p class='ocr_par' dir='ltr' id='par_1_116' title="bbox 912 2751 1696 2787">
     <span class='ocr_line' id='line_1_116' title="bbox 912 2751 1696 2787; baseline 0 -7"><span class='ocrx_word' id='word_1_900' title='bbox 912 2754 976 2785; x_wconf 86' lang='lat' dir='ltr'><strong>tius,</strong></span> <span class='ocrx_word' id='word_1_901' title='bbox 989 2752 1016 2779; x_wconf 91' lang='lat' dir='ltr'><strong>in</strong></span> <span class='ocrx_word' id='word_1_902' title='bbox 1028 2752 1122 2787; x_wconf 77' lang='lat' dir='ltr'><strong>lingua</strong></span> <span class='ocrx_word' id='word_1_903' title='bbox 1133 2751 1240 2779; x_wconf 82' lang='lat' dir='ltr'><strong>frenum</strong></span> <span class='ocrx_word' id='word_1_904' title='bbox 1252 2752 1363 2784; x_wconf 86' lang='lat' dir='ltr'><strong>habere,</strong></span> <span class='ocrx_word' id='word_1_905' title='bbox 1375 2754 1457 2786; x_wconf 87' lang='lat' dir='ltr'><strong>atque</strong></span> <span class='ocrx_word' id='word_1_906' title='bbox 1474 2759 1581 2783; x_wconf 84' lang='lat' dir='ltr'><strong>cavere,</strong></span> <span class='ocrx_word' id='word_1_907' title='bbox 1594 2759 1628 2779; x_wconf 90' lang='lat' dir='ltr'><strong>ne</strong></span> <span class='ocrx_word' id='word_1_908' title='bbox 1640 2759 1696 2780; x_wconf 83' lang='lat' dir='ltr'><strong>ma-</strong></span> 
     </span>
    </p>
   </div>
   <div class='ocr_carea' id='block_1_117' title="bbox 681 2846 1182 2879">
    <p class='ocr_par' dir='ltr' id='par_1_117' title="bbox 681 2846 1182 2879">
     <span class='ocr_line' id='line_1_117' title="bbox 681 2846 1182 2879; baseline -0.006 -4"><span class='ocrx_word' id='word_1_909' title='bbox 681 2847 691 2864; x_wconf 82' lang='grc'><strong><em>⁸</em></strong></span> <span class='ocrx_word' id='word_1_910' title='bbox 705 2847 800 2875; x_wconf 84' lang='lat' dir='ltr'><strong>Matth.</strong></span> <span class='ocrx_word' id='word_1_911' title='bbox 816 2847 843 2879; x_wconf 82' lang='grc'>5,</span> <span class='ocrx_word' id='word_1_912' title='bbox 860 2847 904 2875; x_wconf 68' lang='grc' dir='ltr'>Η.</span> <span class='ocrx_word' id='word_1_913' title='bbox 945 2848 954 2864; x_wconf 79' lang='grc'><em>³</em></span> <span class='ocrx_word' id='word_1_914' title='bbox 967 2847 1055 2875; x_wconf 81' lang='lat' dir='ltr'><strong>Levit.</strong></span> <span class='ocrx_word' id='word_1_915' title='bbox 1071 2855 1124 2879; x_wconf 82' lang='lat' dir='ltr'><strong>xrx,</strong></span> <span class='ocrx_word' id='word_1_916' title='bbox 1139 2846 1182 2873; x_wconf 74' lang='lat' dir='ltr'><strong>M.</strong></span> 
     </span>
    </p>
   </div>
   <div class='ocr_carea' id='block_1_118' title="bbox 949 2900 1450 2941">
    <p class='ocr_par' dir='ltr' id='par_1_118' title="bbox 949 2900 1450 2941">
     <span class='ocr_line' id='line_1_118' title="bbox 949 2900 1450 2941; baseline -0.014 -9"><span class='ocrx_word' id='word_1_917' title='bbox 949 2905 988 2941; x_wconf 71' lang='lat'><strong>(2)</strong></span> <span class='ocrx_word' id='word_1_918' title='bbox 1002 2904 1077 2932; x_wconf 87' lang='lat' dir='ltr'><strong>Idem</strong></span> <span class='ocrx_word' id='word_1_919' title='bbox 1090 2903 1151 2931; x_wconf 87' lang='lat' dir='ltr'><strong>cod.</strong></span> <span class='ocrx_word' id='word_1_920' title='bbox 1170 2903 1271 2930; x_wconf 83' lang='lat' dir='ltr'><strong>omittit</strong></span> <span class='ocrx_word' id='word_1_921' title='bbox 1286 2902 1300 2928; x_wconf 82' lang='grc' dir='ltr'><strong>ό</strong></span> <span class='ocrx_word' id='word_1_922' title='bbox 1314 2900 1450 2935; x_wconf 76' lang='grc' dir='ltr'>διάφορος.</span> 
     </span>
    </p>
   </div>
  </div>
