1939 3041
230 186 284 215 565

743 182 770 209 S.
792 182 929 210 CYlllLLl
949 181 1182 210 ALEXANDRINI
1203 182 1361 210 AliClllEP.

1811 179 1864 206 565

232 241 363 268 ledictum
382 239 410 266 in
428 237 552 273 quamvis
565 245 633 269 rem,
650 237 705 264 imo
716 245 782 264 vero
794 238 922 273 quemvis
933 238 1023 266 homi-

1083 238 1201 274 τλώττῃ,
1218 239 1264 265 καὶ
1286 239 1335 273 τὴν
1359 239 1403 273 ἐφ’
1421 236 1522 273 ὁτῳοῦν
1533 257 1540 269 ,
1562 236 1662 271 μᾶλλον
1677 236 1706 263 δὲ
1726 235 1867 272 ἀνθρώπῳ

233 293 296 313 nem
311 283 446 320 jactetur?
462 282 552 309 Nolite
572 282 728 313 detrahere,
746 282 847 309 fratres
864 283 930 314 mei,
950 282 1021 308 invi-

234 338 303 361 rem,
334 329 424 364 inquit
447 329 493 356 ille
521 327 671 355 Salvatoris
701 328 788 354 nostri
820 328 972 362 discipulus
989 328 1021 354 ¹⁰.

233 375 311 403 Nunc
327 379 420 402 autem
432 374 475 401 lex
491 374 580 409 inquit
601 383 607 400 :
625 384 633 400 ‹
657 374 717 401 Non
731 373 883 401 'maledices
896 374 994 406 surdo;
1010 383 1019 399 ι

233 420 362 448 nimirum
377 428 426 455 per
441 419 557 455 aenigma
575 419 728 455 signiﬁcare
748 420 852 451 volens,
865 419 1023 447 hominibus

233 475 299 495 sane
309 467 403 502 probis
413 474 473 494 esse
486 466 642 494 necessario
662 466 697 493 ab
712 465 853 493 inferenda
868 465 967 501 injuria
978 465 1022 492 fu-

233 514 362 550 giendum
384 522 391 540 τ
407 513 515 540 etiamsi
531 513 642 548 quidam
666 513 800 548 ejusmodi
822 512 887 544 sint,
904 518 934 539 ut
948 512 1023 540 nullo

233 558 344 594 negotio
365 558 406 585 eis
426 558 522 585 inferri
540 558 626 592 possit
649 566 656 584 :
674 557 775 585 surdus
795 557 869 585 enim
891 562 919 584 ct
936 565 1024 585 cacus

233 612 288 631 non
303 609 368 631 sunt
388 612 404 631 a
423 604 520 631 morbo
532 603 630 636 liberi;
646 604 771 631 laborant
785 603 885 639 quippe
899 603 1025 638 corporis

233 650 326 682 vitiis,
349 657 381 677 ac
401 650 528 678 sensibus
544 650 642 684 privati
659 653 732 681 sunt,
750 651 877 684 aspectu,
902 650 1023 685 inquam,

235 700 263 723 et
276 695 371 722 auditu
387 704 394 722 :
407 703 496 730 neque
511 695 606 722 audire
618 699 707 730 potest
719 695 820 723 surdus
832 703 906 728 eum,
917 697 964 730 qui
978 695 1025 722 dc-

235 741 346 769 trahere
360 741 436 773 velit,
450 749 541 776 neque
555 747 644 768 camus
659 748 722 767 eum
735 741 868 776 aspicere,
882 740 927 775 qui
939 741 1025 767 oll‘en-

236 787 358 815 diculum
374 787 461 822 ponit.
473 787 544 815 Nihil
562 787 645 822 igitur
658 786 761 822 negotii
776 791 828 818 est,
844 794 908 814 eum
928 787 1024 818 latere,

236 833 284 869 qui
299 833 353 860 illis
370 833 494 860 insidiari
514 833 589 860 velit.
613 833 692 867 271
715 832 780 864 Sed,
803 840 872 867 quos
898 832 1024 859 miserari

237 879 323 914 magis
334 887 443 914 :equum
456 883 527 911 erat,
542 882 572 906 ut
584 878 631 913 qui
647 885 679 904 ex
693 878 792 913 seipsis
805 885 853 905 sua
878 877 933 913 jam
951 878 1024 905 cala-

237 926 332 953 mitate
342 925 508 956 laborarent,
519 931 566 952 eos
578 924 691 959 insuper
702 924 801 959 injuria
813 923 919 951 afficere
931 923 1029 958 depre-
1045 921 1064 948 Β

237 971 413 1003 henduntur,
435 978 497 998 cum
517 969 684 997 offendicula
723 970 833 1004 quidem
855 977 957 997 caecum
977 977 1027 996 ne-

238 1017 370 1044 scientem
386 1017 412 1043 in
429 1024 522 1044 casum
535 1020 627 1051 agant,
643 1015 677 1043 de
693 1015 822 1043 convitiis
836 1024 902 1043 vero
914 1015 1028 1043 surdum

239 1068 368 1098 tanquam
380 1063 414 1090 de
428 1061 567 1093 laudibus,
583 1061 720 1088 interdum
730 1061 820 1089 ridere
833 1061 1028 1097 persuadeant,

239 1117 320 1144 quem
332 1109 493 1144 plerumque
506 1107 534 1134 in
549 1107 633 1134 rebus
642 1107 793 1142 pracipuis
806 1107 917 1134 feriunt.
934 1107 1028 1142 Igitur,

239 1155 261 1183 si
271 1156 335 1190 quis
343 1155 401 1182 haec
411 1154 500 1182 facere
511 1153 659 1185 studuerit,
673 1153 780 1180 occulta
792 1153 904 1188 quidem
916 1153 942 1180 in
955 1157 1030 1179 utro-

238 1208 293 1236 que
305 1200 358 1228 erit
372 1200 432 1235 ejus
442 1199 614 1235 malignitas;
628 1199 739 1226 sazvitiae
750 1206 815 1225 vero
828 1203 856 1225 et
873 1197 1029 1225 inhumani-

240 1247 305 1275 tatis
318 1246 441 1274 maxima
452 1246 558 1273 crimen
570 1244 644 1272 haud
656 1252 776 1280 unquam
793 1244 914 1280 effugiet.

275 1293 374 1320 PALL.
392 1292 493 1319 Verum
510 1295 563 1319 cst.

275 1339 355 1367 CYR.
369 1339 437 1366 Nam
450 1341 571 1365 veterem
585 1344 694 1372 quoque
708 1337 805 1371 legem,
821 1336 892 1363 inter
902 1343 953 1362 nos
966 1343 1028 1363 mu-

240 1391 289 1414 tuo
299 1386 422 1422 diligere,
431 1389 459 1413 et
473 1383 665 1412 misericordes
679 1391 740 1411 esse
749 1383 829 1415 velle,
838 1382 917 1410 facile
928 1381 1028 1414 disces.

241 1431 264 1460 si
274 1431 348 1459 illius
356 1430 439 1458 verba
452 1430 558 1462 audies,
569 1429 698 1462 dicentis,
710 1436 785 1456 nunc
794 1428 904 1464 quidem
919 1437 924 1454 :
938 1437 947 1453 ι
960 1427 1031 1463 Ape-

241 1476 340 1505 riendo
354 1476 462 1511 aperies
479 1475 586 1503 viscera
609 1479 655 1502 tua
670 1483 753 1510 super
775 1474 913 1510 indigente
945 1473 1031 1501 fratre

241 1523 289 1558 qui
298 1523 375 1551 estin
388 1527 415 1550 te
427 1522 500 1555 “-“;
512 1531 522 1547 ι
535 1529 610 1549 nunc
617 1529 682 1549 vero
696 1531 702 1548 :
717 1531 726 1546 ‹
735 1521 769 1548 Et
778 1521 910 1548 advenam
921 1527 977 1547 non
988 1519 1030 1546 af-

243 1569 353 1606 fligetis,
368 1575 457 1603 neque
468 1567 629 1603 opprimetis
642 1575 723 1600 eum;
737 1567 822 1594 eratis
834 1567 907 1594 enim
919 1566 1030 1593 advena:

384 1595 630 1650 Eigvptiibmnem
646 1595 756 1640 viduam
776 1616 804 1639 et
823 1611 957 1647 pupillum
976 1619 1031 1638 non
1046 1595 1066 1624 ο

243 1661 369 1698 aliligetis
384 1670 391 1688 :
404 1660 477 1696 quod
489 1660 511 1687 si
525 1659 669 1694 amigendo
679 1657 830 1686 aﬂlixeritis
841 1657 924 1692 ipsos,
937 1660 966 1684 et
977 1657 1033 1684 cla—

245 1711 352 1735 mantes
366 1705 544 1734 clamaverint
561 1705 594 1732 ad
611 1712 665 1736 me,
691 1703 787 1730 auditu
810 1703 918 1730 audiam
938 1709 1033 1730 vocem

244 1760 340 1781 eorum
356 1756 385 1780 et
400 1751 503 1779 irascar
524 1751 575 1783 ira,
596 1754 624 1777 et
645 1748 806 1777 interficiam
826 1756 874 1775 vos
894 1747 994 1783 gladio,
1007 1751 1035 1774 et

245 1803 328 1827 erunt
347 1805 449 1826 uxores
468 1800 568 1824 vestra:
588 1795 693 1827 viduae,
707 1798 735 1822 et
756 1794 805 1821 filii
821 1793 906 1821 vestri
926 1793 1033 1828 pupilli.

245 1844 323 1879 Quod
337 1844 359 1872 si
371 1849 513 1879 argentum
524 1841 693 1870 mutuavcris
704 1840 783 1868 fratri
793 1845 840 1867 tuo
851 1840 975 1875 pauperi,
987 1840 1034 1875 qui

245 1895 289 1918 est
303 1889 374 1925 apud
399 1894 435 1922 te,
450 1897 506 1916 non
527 1888 639 1924 urgebis
660 1894 734 1919 eum,
755 1894 846 1921 neque
866 1886 990 1921 impones
1008 1887 1034 1913 ci

247 1943 360 1962 usuram
374 1943 381 1961 :
394 1934 468 1969 quod
488 1933 511 1961 si
531 1925 700 1968 pignerando
716 1931 874 1966 pigneratus
889 1931 974 1958 fueris
987 1939 1035 1958 ve-

247 1985 316 2008 stem
332 1980 448 2015 proximi
464 1979 514 2011 tui,
531 1982 595 2005 ante
617 1977 684 2005 solis
702 1984 829 2004 occasum
849 1976 948 2004 reddes
961 1977 1011 2012 ipsi
1027 1986 1034 2004 :

248 2027 294 2054 hic
304 2026 378 2054 enim
391 2030 433 2054 est
444 2025 560 2053 amictus
571 2024 657 2059 ipsius
672 2023 772 2055 solum,
784 2023 837 2050 hoc
848 2027 1036 2058 tegumentum

248 2073 428 2108 turpitudinis
443 2073 513 2108 ejus,
533 2071 561 2098 in
577 2078 632 2106 quo
645 2069 780 2097 dormiet?
796 2069 824 2096 Si
840 2069 922 2104 igitur
934 2069 1035 2097 clama-

247 2119 360 2146 veritad
368 2126 422 2151 me,
429 2117 572 2145 exaudiam
581 2124 644 2144 eum
652 2125 660 2149 ;
668 2115 826 2143 misericors
833 2116 906 2142 enim
915 2123 975 2143 sum
986 2116 1016 2143 ’³.
1023 2125 1032 2142 ι

249 2164 334 2192 Audis
344 2172 398 2200 qua
412 2163 528 2195 ratione,
542 2169 604 2190 cum
616 2162 803 2197 proposuisset
815 2161 921 2189 dulcem
935 2166 1037 2190 mutuae

248 2207 446 2235 benevolentia
463 2206 646 2241 disciplinam,
668 2206 781 2240 insuper
791 2205 865 2232 'iram
880 2209 961 2241 atque
974 2206 1036 2233 vin-

1075 285 1156 311 παντὶ
1164 284 1355 320 παραιτεῖσθαι
1364 283 1544 319 κατάῤῥησιν;
1557 283 1602 318 Μὴ
1612 282 1788 308 καταλαλεῖτε
1800 282 1866 318 γὰρ,

1075 330 1168 366 φησὶν,
1178 330 1286 364 ἀδελφοί
1298 338 1358 365 μου,
1369 329 1501 364 ἀλλήλων,
1511 328 1558 355 τοῦ
1568 329 1642 363 Σωτῆ
1647 336 1692 363 ρος
1702 329 1715 354 ὁ
1728 327 1865 363 μαθητής.

1075 375 1133 402 Νῦν
1147 375 1176 403 δέ
1188 384 1269 411 φησιν
1281 376 1294 402 ὁ
1306 375 1397 410 νόμος⁸
1412 384 1421 400 ι
1435 375 1472 402 Οὺ
1485 374 1578 406 κακῶς
1595 374 1668 408 ἐρεῖς
1686 373 1788 408 κωιρὸν,
1806 382 1815 398 ι
1832 373 1866 400 δι’

1076 422 1246 456 αἰνίγματος,
1259 419 1336 456 οἶμαι
1347 429 1397 447 που
1406 441 1414 453 ,
1425 420 1644 454 κατασημαίνειν
1656 419 1757 446 ἐθέλων
1767 418 1799 445 τὸ
1808 419 1867 445 δεῖν

1076 467 1235 502 ἀναγκαίως
1254 466 1316 498 τούς
1330 475 1363 501 γε
1377 466 1413 498 ὡς
1431 466 1538 501 ἀληθῶς
1551 466 1682 496 ἐπιεικεῖς
1695 464 1740 492 τὸν
1752 465 1866 500 τρόπον,

1075 514 1226 549 ἀποφοιτᾷν
1235 513 1350 546 ἀδικίας,
1364 513 1415 540 κᾶν
1427 513 1450 539 ει
1464 512 1494 539 τὸ
1506 512 1602 539 παθεῖν
1612 511 1727 546 ἑτοίμως
1734 510 1868 537 δύνασθαι

1078 558 1216 594 συμϐαίνῃ
1230 559 1300 585 τισί·
1318 559 1409 593 κωφὸς
1424 559 1475 593 μὲν
1491 558 1546 593 γὰρ
1557 557 1573 592 ἢ
1585 557 1695 592 τυφλὸς,
1709 556 1868 592 ἀρρωστίας

1076 605 1126 630 οὐκ
1149 603 1301 639 ἐλεύθεροι·
1330 603 1438 631 νοσοῦσι
1460 603 1515 639 γὰρ
1537 603 1569 638 δὴ
1593 603 1627 629 τὰ
1651 603 1706 629 ἀπὸ
1720 602 1867 637 σώματος,

1078 650 1190 682 καὶτὰς
1206 649 1347 685 αἰσθήσεις
1367 650 1546 686 πεπήρωνται
1558 669 1566 681 ,
1593 648 1654 683 ὄψιν
1675 649 1704 676 δὲ
1730 648 1804 682 λέγω
1821 649 1869 675 καὶ

1077 697 1173 733 ἀκοήν.
1197 697 1253 723 Καὶ
1263 697 1313 723 οὐκ
1321 696 1355 724 ἂν
1367 696 1509 723 ἀκούσειεν
1523 697 1536 723 ό
1546 696 1637 730 κωφὸς
1647 695 1694 722 τοῦ
1705 695 1869 722 καταλαλεῖν

1078 743 1226 774 ἐθέλοντος.
1238 743 1294 770 ἀλλ’
1311 742 1364 769 οὐδ’
1379 743 1411 769 ἂν
1423 741 1580 777 καταθεῷτο
1587 741 1686 776 τυφλὸς
1702 741 1748 768 τὸν
1760 749 1870 777 προστι-

1078 789 1159 817 θέντα
1185 790 1341 817 σκάνδαλον.
1367 789 1466 816 Λαθεῖν
1490 788 1537 816 οὖν
1556 789 1609 824 ἄρα
1634 788 1752 823 χαλεπὸν
1781 787 1869 818 οὐδὲν,

1079 835 1129 863 κᾶν
1149 836 1173 863 εί
1190 835 1310 871 βούλοιτό
1329 844 1372 868 τις
1392 835 1578 862 ἐπιϐουλεύειν
1600 835 1702 866 αὐτοῖς.
1730 834 1802 860 Ἀλλ’
1824 833 1871 864 οὓς

1079 883 1131 909 ἔδει
1147 881 1246 917 μᾶλλον
1259 882 1330 908 ἑλεῖν
1339 881 1393 915 ,ὡς
1403 880 1618 917 ήρῤωστηκὸτας
1635 880 1685 915 ήδη
1697 880 1747 915 τῆς
1762 879 1871 906 οἴκοθεν

1080 929 1232 964 συμφορᾶς,
1247 928 1295 954 καὶ
1307 927 1537 963 προσαδικοῦντες
1551 926 1711 961 ἁλώσονται,
1726 925 1872 961 σκανδάλῳ

1081 974 1130 1009 μὲν
1151 974 1195 1000 τὸν
1212 973 1312 1008 τυφλὸν
1327 973 1377 1000 οὐκ
1397 973 1487 999 εἰδότα
1502 971 1690 1007 συντρίϐοντες
1700 991 1708 1003 ,
1723 970 1872 1006 λοιδορίαις

1079 1020 1107 1046 δὲ
1123 1019 1169 1046 τὸν
1189 1019 1291 1053 κωφὸν,
1304 1019 1341 1050 ὡς
1362 1018 1405 1045 ἐπ’
1417 1017 1580 1053 εὐφημίαις,
1604 1017 1659 1044 ἐσθ’
1674 1017 1719 1043 ὅτε
1740 1017 1791 1044 καὶ
1813 1024 1873 1051 pst-

1079 1065 1138 1100 διᾷν
1150 1065 1343 1095 ἀναπείθοντες
1353 1084 1360 1096 ,
1380 1063 1542 1098 πλήττοντές
1558 1071 1590 1098 γε
1612 1063 1664 1098 μὴν
1683 1063 1786 1094 καὶμείς
1801 1062 1872 1089 αὐτά

1081 1118 1132 1136 που
1151 1109 1282 1140 πολλάκις
1308 1110 1343 1136 τὰ
1365 1109 1546 1144 καιριώτατα.
1561 1108 1667 1136 Οὐκοῦν
1688 1108 1871 1143 κεκρυμμένη

1082 1157 1142 1191 μὲν,
1160 1155 1240 1191 εἴπερ
1254 1155 1342 1181 ἓλοιτό
1360 1163 1402 1186 τις
1412 1176 1419 1187 ,
1442 1156 1458 1190 ἡ
1474 1155 1516 1181 ἐπ’
1532 1155 1634 1190 ἀμφοῖν
1647 1153 1680 1181 ἂν
1696 1154 1805 1188 γένοιτο
1822 1162 1872 1180 xz-

1081 1201 1197 1236 κουργία
1208 1221 1216 1234 ,
1231 1201 1415 1237 σκληρότητος
1430 1201 1458 1227 δὲ
1475 1201 1521 1228 καὶ
1535 1201 1584 1235 τῆς
1600 1201 1669 1235 ἄγαν
1691 1198 1871 1235 μισαλληλίας

1079 1249 1129 1275 οὐκ
1143 1247 1176 1275 ἀν
1187 1247 1342 1283 διεξοίχοιτο
1356 1248 1474 1283 γραφήν.

1116 1293 1220 1320 ΠΑΔΛ.
1244 1293 1365 1328 Ἀληθές.

1116 1339 1198 1366 ΚΥΡ.
1215 1339 1395 1375 Φιλαλλήλους
1419 1339 1472 1374 γὰρ
1492 1339 1533 1366 ὅτι
1554 1339 1602 1366 καὶ
1626 1338 1868 1374 φιλοικτίρμονας,

1081 1385 1129 1411 καὶ
1146 1385 1177 1411 τὸ
1192 1385 1305 1420 ἀρχαῖον
1318 1385 1392 1420 ἡμᾶς
1412 1385 1557 1420 καθίστησι
1575 1384 1725 1419 θέσπισμα,
1745 1384 1816 1419 ῥᾷον
1838 1383 1871 1410 ἃν

1083 1431 1178 1467 μάθοις
1197 1431 1300 1458 ἐπαΐων
1326 1430 1466 1465 λέγοντος,
1493 1431 1537 1458 ὁτὲ
1563 1431 1623 1466 μὲν,
1647 1430 1688 1457 ὅτι
1708 1439 1718 1456 ‹
1741 1429 1872 1463 ’Δνοίγων

1081 1477 1198 1510 ἀνοίξεις
1213 1477 1246 1504 τὰ
1267 1477 1410 1511 σπλάγχνα
1437 1485 1484 1504 σου
1509 1476 1548 1509 τῷ
1568 1476 1675 1512 ἀδελφῷ
1690 1484 1737 1504 σου
1753 1475 1794 1510 τῷ
1811 1475 1872 1501 Em-

1081 1523 1201 1559 δεομένῳ
1212 1524 1241 1550 ὲν
1251 1523 1291 1550 σοί
1303 1529 1309 1536 ‘
1324 1533 1334 1548 ι
1346 1523 1389 1550 ὁτὲ
1403 1522 1431 1549 δὲ
1445 1520 1490 1554 αὖ,
1509 1533 1518 1549 ι
1533 1523 1587 1550 Καὶ
1599 1521 1769 1558 προσήλυτον
1781 1521 1813 1547 οὺ
1823 1529 1871 1547 κα-

1083 1569 1197 1601 κώσετε,
1215 1570 1275 1596 οὐδὲ
1293 1569 1330 1605 μὴ
1345 1569 1453 1604 θλίψετς
1465 1569 1554 1595 αὐτόν·
1571 1566 1619 1604 ἦτε
1635 1569 1689 1604 γᾴρ
1704 1567 1872 1602 προσήλυτοι

1083 1616 1113 1642 ὲν
1126 1616 1161 1651 γῇ
1174 1615 1242 1649 Δίγύ
1248 1623 1324 1641 πτου.
1341 1615 1434 1642 Πᾶσαν
1448 1615 1534 1650 χῆραν
1552 1614 1600 1641 καὶ
1609 1613 1726 1650 ὀρφανὸν
1736 1613 1768 1640 οὐ
1778 1611 1870 1639 κακώ-

1085 1669 1146 1688 σετε
1159 1670 1165 1677 ·
1180 1660 1262 1688 ἐὰνδὲ
1275 1661 1359 1696 κακίᾳ
1373 1660 1517 1696 κακὼσητε
1529 1659 1627 1691 αὐτοὺς
1639 1681 1646 1692 ,
1662 1659 1710 1686 καὶ
1721 1658 1872 1694 κράξαντες

1084 1705 1274 1740 καταϐοήσωσι
1290 1705 1357 1740 πρὸς
1372 1705 1416 1740 μὲ,
1430 1705 1498 1740 ἀκοῇ
1513 1704 1765 1740 είσακούσομαιτῆς
1779 1703 1872 1738 φωνῆς

1083 1751 1189 1784 αὐτῶν,
1220 1751 1267 1778 καὶ
1293 1751 1496 1786 ὀργισθήσομαι
1523 1751 1618 1786 θυμῷ,
1643 1751 1691 1778 καὶ
1721 1749 1869 1777 ἀποκτενῶ

1085 1798 1156 1833 ὑμᾶς
1177 1797 1315 1834 μαχαίρᾳ,
1325 1798 1371 1824 καὶ
1384 1797 1492 1824 ἔσονται
1506 1799 1532 1824 αἱ
1546 1799 1675 1832 γυναῖκες
1686 1796 1763 1832 ὑμῶν
1774 1796 1872 1831 χῆραι,

1084 1845 1131 1871 καὶ
1143 1844 1177 1871 τὰ
1187 1843 1281 1870 παιδία
1299 1843 1376 1879 ὑμῶν
1390 1843 1505 1879 ὀρφανά.
1526 1843 1589 1870 Ἐὰν
1603 1843 1631 1869 δὲ
1643 1842 1775 1878 ἀργύριον
1791 1841 1874 1868 ὲκδαο

1084 1891 1176 1926 νείσῃς
1191 1890 1230 1925 τῷ
1252 1889 1360 1925 ἀδελφῷ
1388 1899 1436 1916 σου
1459 1889 1581 1924 πενιχρῷ
1598 1889 1637 1924 τῷ
1654 1890 1730 1924 παρὰ
1745 1889 1803 1921 σοὶ,
1823 1888 1874 1915 οὐκ

1084 1935 1133 1972 ἔσῃ
1153 1935 1235 1963 αὑτὸν
1253 1936 1437 1970 κατεπείγων,
1453 1935 1513 1962 οὐδὲ
1529 1935 1669 1970 ἐπιθήσεις
1682 1933 1758 1970 αὐτῷ
1777 1934 1873 1961 τόκον·

1085 1982 1134 2008 ἐὰν
1149 1981 1178 2008 δὲ
1199 1981 1373 2017 ὲνεχύρασμα
1388 1981 1555 2016 ὲνεχυράσῃς
1567 1980 1598 2007 τὸ
1611 1980 1718 2015 ἱμάτιον
1739 1979 1787 2006 τοῦ
1805 1979 1874 2014 πλη-

1086 2028 1143 2054 σίον
1163 2036 1220 2060 σου,
1241 2028 1293 2063 πρδ
1306 2027 1416 2063 δυσμῶν
1430 2027 1506 2062 ήλίου
1523 2026 1672 2057 ἀποδώσεις
1690 2025 1776 2060 αὐτῷ.
1793 2025 1874 2052 Ἔστι

1084 2073 1139 2107 γὰρ
1150 2072 1228 2098 τοῦτο
1243 2071 1415 2107 περιϐόλαιον
1427 2071 1508 2098 αὑτοῦ
1525 2071 1614 2106 μόνον,
1627 2070 1706 2097 τοῦτο
1718 2070 1749 2097 τὺ
1764 2070 1874 2105 ἱμάτιον

1085 2116 1278 2152 ἀσχημοσύνης
1298 2116 1395 2143 αὑτοῦ·
1415 2117 1444 2144 ὲν
1458 2117 1510 2143 τίνι
1523 2116 1739 2152 κοιμηθήσεταις
1757 2115 1806 2141 ἐὰν
1827 2113 1875 2142 οὖν

1086 2163 1243 2198 καταϐοήσῃ
1263 2163 1331 2198 πρός
1352 2171 1396 2197 με,
1413 2162 1608 2197 είσακούσομαι
1633 2161 1732 2188 αὐτοῦ⁴
1749 2163 1874 2198 ἐλεήμων

1086 2208 1140 2244 γάρ
1153 2209 1220 2242 εἰμι.
1241 2217 1251 2234 ι
1272 2207 1393 2240 ’Λκούιις
1404 2208 1477 2240 ὅπως
1491 2208 1521 2234 τὸ
1534 2208 1619 2242 γλυκὺ
1634 2208 1684 2243 τῆς
1697 2207 1874 2243 φιλαλληλίας

249 2253 350 2280 dictam
362 2257 404 2280 est
418 2252 609 2283 comminatus,
626 2255 654 2278 et
672 2251 707 2279 iis
726 2251 774 2286 qui
785 2251 933 2278 vindictam
948 2251 1030 2284 illam,

1088 2254 1203 2290 μάθημα
1217 2253 1363 2289 προτιθεὶς,
1381 2254 1582 2289 προσηπείλησε
1598 2253 1648 2289 τήν
1665 2254 1763 2289 ὀργήν;
1778 2262 1875 2289 μονον-

249 2298 302 2326 nisi
318 2297 514 2325 misericordia:
534 2297 562 2324 in
581 2296 679 2324 fratres
697 2297 818 2324 studium
839 2297 1033 2332 impenderint,

249 2343 367 2371 subituri
378 2346 451 2373 sunt,
463 2342 580 2376 benigne
591 2341 789 2376 propemodum
807 2349 916 2369 causam
928 2343 1035 2370 reddit?

249 2389 319 2422 Quia
335 2388 478 2423 benignus,
496 2387 632 2422 inquiens,
654 2395 732 2421 sum;
754 2387 782 2414 id
804 2391 856 2420 est,
877 2395 940 2415 cum
955 2388 1034 2416 beni-

250 2443 320 2471 gnus
329 2437 426 2461 natura
437 2434 500 2466 sim,
511 2438 539 2460 et
548 2433 714 2466 misericors,
725 2437 821 2469 utpote
829 2434 876 2469 qui
889 2434 962 2462 Deus
972 2435 1034 2468 sim,

249 2482 381 2517 accipiam
397 2475 508 2508 omnino
519 2481 607 2508 vexati
619 2480 737 2508 hominis
749 2481 907 2514 clamorem,
924 2485 952 2509 et
969 2490 1035 2510 con-

251 2528 328 2555 tinuo
339 2526 490 2554 miserebor
500 2526 681 2561 lacrymarum
691 2533 787 2553 eorum
811 2526 857 2561 qui
871 2528 1037 2562 paupertatis

252 2574 323 2601 mole
335 2577 508 2608 premuntur.
517 2572 643 2599 Cavenda
656 2576 697 2599 est
712 2571 795 2607 igitur
804 2574 932 2608 pauperis
940 2574 1037 2601 adver-

252 2626 357 2646 S‘JSIIOS
367 2617 535 2645 vociferatio.
550 2617 616 2644 Esse
628 2622 719 2644 autem
731 2617 764 2644 ad
778 2619 1035 2646 communicandum

252 2665 347 2692 faciles
368 2667 511 2698 oportere,
532 2667 560 2690 et
582 2663 743 2690 cliaritatcm
766 2663 791 2690 in
810 2671 944 2699 pauperes
963 2672 1037 2692 sum-

254 2717 300 2736 mo
327 2709 419 2736 studio
449 2708 665 2744 amplectendam
689 2713 803 2743 putare,
822 2709 908 2736 suasit
942 2718 1038 2737 rursus

253 2755 282 2782 in
297 2755 520 2787 Deuteronomio,
538 2755 653 2782 dicens:
677 2764 687 2780 ‹
702 2755 762 2782 Νοιι
779 2755 917 2782 fraudabis
933 2763 1039 2783 merce-

252 2801 316 2830 dem
324 2802 451 2838 pauperis
465 2806 512 2829 aut
524 2801 672 2836 indigentis
686 2810 719 2828 ex
734 2801 864 2829 fratribus
877 2802 957 2836 272
972 2803 1036 2834 tuis,

293 2892 313 2908 ”
329 2893 384 2920 Jac.
401 2901 435 2926 Iv,
456 2893 498 2919 ll.
541 2894 595 2909 “'”
622 2893 700 2920 Dent.
721 2901 762 2925 xv,
779 2892 803 2918 7.

1087 2300 1148 2335 ουχὶ
1162 2299 1190 2326 δὲ
1216 2299 1262 2326 καὶ
1275 2298 1449 2333 ἀπολογεῖται
1475 2298 1600 2334 χρηστῶς
1614 2299 1670 2329 τοῖς
1697 2298 1782 2333 αὐτὴν
1807 2299 1876 2324 ὑπο-

1090 2347 1180 2380 μεῖναι
1197 2343 1348 2380 μέλλουσιν,
1362 2344 1385 2370 εί
1403 2344 1440 2379 μὴ
1454 2345 1572 2370 ποιοῖντο
1585 2343 1628 2370 διὰ
1643 2344 1760 2379 σπουδῆς
1770 2343 1822 2379 τὴν
1835 2345 1875 2375 εἰς

1088 2390 1218 2424 ἀδελφοὺς
1233 2389 1450 2424 εὐσπλαγχνίαν;
1475 2389 1614 2424 Ἐλεήμων
1632 2389 1687 2424 γάρ
1701 2390 1769 2424 ειμι.
1787 2389 1874 2424 φησὶ,

1088 2436 1238 2468 τουτέστιν,
1253 2435 1355 2470 ἀγαθὸς
1370 2435 1408 2462 ὢν
1419 2435 1489 2463 κατὰ
1507 2434 1598 2470 φύσιν,
1615 2435 1663 2461 καὶ
1672 2434 1825 2470 οἰκτίρμων
1837 2435 1875 2466 ὡς

1089 2483 1165 2514 Θεὸς,
1186 2481 1368 2518 προσδέξομαι
1389 2481 1498 2513 πάντως
1514 2481 1564 2517 τὴν
1578 2480 1625 2508 τοῦ
1641 2480 1775 2512 παθόντος
1790 2489 1876 2506 κατα-

1089 2529 1225 2565 ϐοὴν,.καὶ
1244 2529 1347 2563 ὲλεήσω
1363 2527 1515 2564 προχείρως
1529 2527 1583 2553 τῶν
1597 2527 1631 2562 τῇ
1647 2526 1727 2561 πενίᾳ
1746 2526 1877 2565 κατηχθιο

1091 2563 1199 2609 σμένων
1212 2573 1241 2599 τὺ
1255 2572 1382 2608 δάκρυον.
1395 2572 1584 2607 Παραιτητέον
1596 2569 1642 2597 οὖν
1658 2571 1711 2606 ἀρα
1728 2563 1877 2606 τοῦᾟτένη-

1089 2629 1135 2651 τος
1146 2620 1194 2655 τὴν
1208 2619 1389 2654 κατάρῤησιν.
1407 2618 1469 2644 "Ott
1485 2618 1539 2652 γὰρ
1550 2615 1621 2643 εἶναι
1635 2617 1770 2652 προσήκει
1782 2625 1877 2642 κοινω-

1091 2666 1192 2697 νικοὺς,
1211 2665 1257 2691 καὶ
1277 2664 1396 2698 σπουδῆς
1408 2662 1502 2695 ἀξιοῦν
1515 2663 1567 2698 τῆς
1580 2662 1814 2698 προὺργιαιτάτης
1828 2661 1878 2697 τὴν

1091 2710 1283 2746 φιλοπτωχίαν,
1303 2708 1510 2744 ὲκδεδυσώτιηκε
1522 2709 1602 2735 πάλιν
1621 2709 1650 2734 ἐν
1666 2707 1705 2743 τῷ
1718 2709 1878 2742 Δευτερονο-

1093 2757 1157 2792 μίῳ,
1170 2755 1268 2790 λέγων,
1285 2765 1295 2781 ι
1307 2755 1364 2782 Οὐκ
1380 2755 1580 2790 ἀποστερήσεις
1598 2753 1693 2789 μισθὸν
1714 2754 1844 2787 πένητος,
1860 2752 1876 2786 ἢ

1093 2801 1197 2833 ἐνδεοῦς
1211 2802 1242 2828 ἐκ
1256 2801 1310 2828 τῶν
1324 2801 1444 2836 ἀδελφῶν
1460 2810 1518 2834 σου,
1537 2801 1552 2837 ἦ
1573 2802 1604 2828 ἐκ
1623 2800 1677 2828 τῶν
1700 2799 1878 2836 προσηλύτων

844 2892 864 2908 ¹⁸
880 2891 965 2920 Exod.
983 2899 1047 2924 χχιι,
1071 2891 1162 2918 ill-‘27,
