1939 3041
95 145 150 173 565

452 147 497 175 DE
516 146 737 175 ADORATIONE
757 148 789 175 lN
810 145 945 174 SPlRlTU
965 145 1009 173 ET
1030 145 1214 173 VERITATE.
1235 145 1298 173 LIB.
1321 145 1385 173 \‘lll.

1683 145 1735 174 566

95 203 151 231 τῶν
165 204 196 230 ἐν
210 205 271 236 ταῖς
288 205 381 231 πόλεσι
395 213 452 236 σου,
467 206 649 242 αὖθημερινὺν
665 206 815 237 ἀποδώσεις
835 208 880 234 τὸν
897 230 899 235 ,

951 205 974 232 el
981 212 1014 232 ex
1022 204 1135 232 advenis
1141 204 1188 239 qui
1197 209 1261 232 sunt
1276 204 1302 231 in
1312 204 1428 232 urbibus
1437 204 1505 236 tuis;
1514 204 1609 231 eodem
1624 204 1668 232 die
1676 205 1736 232 red.-

98 246 197 283 μισθὸν
212 247 307 274 αὐτοῦ.
323 249 380 275 Οὐκ
392 249 548 276 ὲπιδύσεται
563 252 575 277 ὁ
591 251 666 286 ἥλιος
685 252 728 278 ἐπ’
745 252 834 287 αὐτῷ,
849 253 889 280 ὅτι

99 293 186 329 πένης
206 294 284 326 ἐστὶ,
299 295 346 321 καὶ
366 295 410 321 ἐπ’
433 295 507 331 αὐτῷ
527 296 584 332 ἔχει
605 297 654 332 τὴν
669 297 778 324 ἐλπίδα⁴
797 299 844 325 καὶ
859 300 889 326 οὐ

99 339 300 375 καταϐοήσεται
313 340 384 367 κατὰ
398 340 445 368 σοῦ
462 342 532 377 πρὸς
548 343 661 379 Κύριον,
681 345 728 371 καὶ
747 345 797 371 οὐκ
814 345 890 372 ἔσται

99 386 129 412 ὲν
145 387 187 413 σοὶ
199 387 348 422 ἁμαρτία.»
365 388 463 423 Συνίης
475 387 522 416 οὖν
537 389 577 416 ὅτι
594 389 639 416 τοῦ
653 390 769 426 πένητος
782 391 831 426 τὴν
844 401 892 419 κα-

99 432 205 468 ταϐοὴν
219 434 403 468 κατοῤῥωδεῖν
419 434 572 469 ἀναπείθει,
585 436 757 464 συνελαύνων
771 439 812 469 είς
827 438 890 472 φιλ-

100 479 249 515 αλληλίανς
264 480 312 507 καὶ
327 481 343 516 ὴ
360 480 411 516 μὲν
435 481 487 511 νέα,
495 489 525 508 τε
540 482 587 509 καὶ
597 482 643 510 διὰ
654 483 773 518 Χριστοῦ
786 484 891 520 Γραφῇ,

99 526 132 552 τὸ
142 526 254 558 τελείως
265 526 367 561 ἀγαθὸν
383 527 556 563 είσφέρουσα,
571 537 580 554 ι
593 528 742 564 Πωλήσατε
757 529 792 556 τὰ
805 530 892 565 ὑπάρ-

100 579 195 606 χοντα,
210 572 293 608 φησὶ,
307 571 353 599 κάι
372 573 432 600 δότε
448 573 645 609 ἐλεημοσύνην,
666 575 714 602 καὶ
731 575 785 602 ἰδοὺ
804 576 894 603 πάντα

102 618 183 645 εὔοδα
198 620 236 652 (1)
252 619 316 654 ὑμῖν
331 619 422 647 ἔσται·
436 629 446 646 ι
462 620 475 646 ὅ
486 619 517 655 δὴ
527 620 575 647 καὶ
583 621 730 657 δεδράκασι
743 621 797 648 τῶν
812 630 894 648 mm-

104 666 257 692 στευκότων
276 666 357 698 τινές.
376 675 384 692 ι
399 666 603 702 Προσεκόμιζον
616 668 670 702 γὰρ
686 667 795 704 χωρίων
805 677 835 694 τε
847 669 894 695 καὶ

101 711 199 737 οἰκιῶν
221 711 321 747 τιμὰς,
338 712 385 738 καὶ
406 712 532 739 ἐτίθεσαν
555 713 634 749 παρὰ
655 713 720 745 τοὺς
741 713 826 744 πόδας
841 714 895 741 τῶν

103 757 282 790 ἀποστόλων,
309 758 436 785 διεδίδοτο
458 758 487 785 δὲ
519 759 628 794 ἑκάστῳ
642 779 649 792 ,
669 759 763 786 καθότι
792 759 824 786 ἀν
854 768 896 791 τις

103 803 199 838 χρείαν
213 801 312 839 εἶχεν.»
333 804 442 840 Ἐπειδὴ
453 805 480 832 δὲ
499 806 674 840 στοιχειωτής
691 806 765 832 ἔστιν
776 807 790 832 ό
803 806 895 841 νόμος,

103 848 152 875 καὶ
171 849 211 880 είς
227 848 314 884 ἀρχὰς
328 849 462 885 ἀποφέρει
480 849 535 876 τῶν
553 849 652 884 λογίων
668 849 715 877 τοῦ
732 849 812 881 Θεοῦ,
827 858 894 886 προ-

105 893 253 929 μελέτησιν
266 894 361 930 ὥσπερ
378 896 438 921 τινὰ
454 895 505 930 τῆς
526 896 566 927 είς
588 895 682 922 τοῦτον
698 896 792 931 τρίϐου
808 897 890 922 ποιεῖ-

105 940 171 967 σθαι
185 941 348 976 προστάττει
362 941 393 968 τδ
405 942 443 974 ὼς
460 942 488 968 ὲν
505 941 606 975 ὀλίγοις
618 941 744 976 ἄφθονον,
758 941 802 969 διὰ
815 941 896 969 τοῦτό

105 993 188 1020 φησιν
199 994 206 1001 ·
221 995 230 1011 ‹
244 985 306 1012 Ἐὰν
319 986 347 1013 δὲ
357 987 467 1022 ἀμήης
481 987 585 1022 ἀμητόν
597 995 644 1013 σου
656 987 685 1013 ἐν
700 986 739 1022 τῷ
747 987 824 1022 ἀγρῷ
837 995 895 1020 σου,

105 1031 153 1057 καὶ
167 1031 284 1067 ἐπιλάϐῃ
298 1031 406 1067 δράχμα
423 1033 452 1058 ἐν
467 1032 506 1067 τῷ
525 1032 602 1068 ἀγρῷ
619 1040 676 1064 σου,
692 1032 743 1059 οὐκ
758 1033 895 1068 ἀναστρα-

106 1077 181 1112 φήσῃ
202 1076 293 1104 λαϐεῖν
306 1077 384 1104 αὑτό·
406 1077 446 1112 τῷ
469 1077 580 1113 πτωχῷ,
606 1079 653 1104 καὶ
675 1078 714 1113 τῷ
736 1078 897 1114 προσηλύτῳ

106 1123 154 1150 καὶ
173 1123 212 1158 τῷ
227 1123 338 1160 ὀρφανῷ
354 1123 401 1150 καὶ
417 1125 449 1159 τῇ
465 1124 538 1160 χήρᾳ
551 1124 638 1156 ἔσται,
655 1125 699 1151 ἴνα
716 1116 852 1161 εὐλογήὰῃ
868 1133 897 1151 σε

107 1168 210 1204 Κύριος
222 1171 236 1196 ό
254 1169 320 1201 Θεός
337 1178 384 1196 σου
404 1170 433 1196 ὲν
449 1171 516 1197 πᾶσι
534 1171 591 1202 τοῖς
609 1170 701 1206 ἔργοις
718 1171 772 1197 τῶν
798 1171 898 1206 χειρῶν

108 1221 166 1241 σου·
183 1213 232 1241 ἐὰν
243 1214 271 1240 δὲ
285 1214 441 1250 ὲλαιολογῇς
455 1215 494 1251 (2)
519 1215 570 1242 οὐκ
585 1215 802 1251 ὲπαναστρέψεις
815 1215 899 1242 καλα-

109 1259 250 1294 μήσασθαι
276 1259 310 1286 τὰ
332 1260 419 1287 ὀπίσω
440 1269 498 1293 σου,
529 1260 568 1296 τῷ
601 1261 763 1297 προσηλύτῳ
787 1262 835 1288 καὶ
860 1261 899 1296 τῷ

107 1305 218 1340 ὀρφανῷ
233 1306 280 1332 καὶ
290 1307 321 1341 τῇ
337 1306 409 1342 χήρᾳ
421 1306 508 1339 ἔσται,
523 1306 569 1334 καὶ
583 1307 726 1342 μνησθήσῃ
739 1308 780 1334 ὅτι
791 1307 899 1342 οἰκέτης

108 1346 181 1384 ἦσθα
197 1350 226 1375 ἐν
243 1351 277 1384 γῇ
293 1350 442 1384 Αἰγύπτου,
459 1351 502 1378 διὰ
519 1351 599 1378 τοῦτο
613 1352 668 1386 ἐγώ
683 1360 725 1378 σοι
741 1352 899 1387 ἐντέλλομαι

108 1395 197 1420 ποιεῖν
208 1394 238 1420 τὸ
249 1395 324 1430 ῥῆμα
332 1395 421 1423 τοῦτο.
435 1396 497 1423 Ἐὰν
506 1396 535 1423 δὲ
544 1397 631 1432 τρυγή
636 1405 685 1432 σῃς
695 1397 740 1424 τὸν
750 1397 901 1433 ἀμπελῶνα

110 1447 168 1471 σου,
184 1440 234 1467 οὐκ
251 1441 480 1478 ὲπανατρυγήσῃς
504 1443 585 1469 αὑτὸν
608 1443 643 1470 τὰ
667 1443 754 1470 ὀπίσω
779 1453 836 1476 σου,
858 1444 898 1478 τῷ

109 1485 275 1522 προσηλύτῳ
288 1487 335 1514 καὶ
351 1487 390 1523 τῷ
411 1488 521 1523 ὀρφανῷ
544 1489 590 1515 καὶ
606 1490 639 1525 τῇ
659 1490 734 1525 χήρᾳ
751 1489 837 1522 ἔσται,
854 1491 901 1518 καὶ

111 1531 257 1568 μνησθήοῃ
276 1532 316 1559 ὅτι
341 1533 450 1568 οίκέτης
471 1531 543 1569 ἦσθα
570 1535 599 1560 ὲν
625 1535 660 1570 γῇ
687 1535 826 1571 Αἰγύπτῳ.
852 1535 902 1562 Διὰ

109 1577 191 1604 τοῦτο
201 1577 256 1612 ὲγώ
268 1587 307 1605 σοι
321 1579 478 1614 ἐντέλλομαι
491 1581 576 1606 ποιεῖν
589 1580 620 1607 τὸ
635 1581 709 1616 ῥῆμα
723 1581 828 1608 τοῦτο.)
845 1583 903 1608 Κα-

110 1621 156 1649 λὸν
173 1623 229 1659 γὰρ
250 1624 279 1650 ὲν
300 1625 444 1660 εὐθυμίαις
466 1626 496 1652 τὸ
519 1626 720 1662 διαμεμνῆσθαι
741 1627 839 1660 πόνων,
856 1627 903 1655 καὶ¹

110 1669 229 1703 θλίψεως
241 1670 292 1705 τῆς
304 1671 483 1707 ἀρχαιοτέρας
494 1679 500 1688 ·
518 1672 596 1699 καλεῖ
612 1673 666 1709 γὰρ
681 1673 711 1700 τὸ
727 1673 822 1709 χρῆμα
835 1674 904 1710 πρὸς

111 1715 308 1751 φιλοπτωχίαν,
322 1718 370 1744 καὶ
391 1718 440 1753 τῆς
457 1718 607 1754 εὐημερίας
626 1719 655 1745 τὸ
677 1719 787 1752 πλάτος,
814 1720 903 1757 ἀμνη-

113 1763 206 1797 μονεῖν
221 1762 271 1789 οὐκ
280 1762 312 1798 ἐᾷ
324 1762 377 1789 τῶν
393 1764 422 1790 ὲν
434 1763 522 1799 ἐνδείᾳ
535 1764 638 1791 κακῶν.

149 1849 255 1877 ΠΑΑΑ.
274 1849 397 1886 Ἀληθές.

151 1897 234 1924 ΚΥΡ.
251 1897 306 1925 Θὲα
319 1897 348 1924 δὲ
365 1898 438 1930 ὅπως
462 1899 536 1934 ἡμᾶς
559 1898 758 1934 εὐτεχνέστατα
777 1901 823 1926 καὶ
844 1900 903 1927 λίαν

113 1942 231 1975 ἀστείως
249 1944 375 1976 ἀπεθίζει
395 1944 444 1980 μὲν
459 1945 514 1971 τῶν
535 1945 676 1980 χειρόνων,
697 1946 743 1972 καὶ
766 1946 904 1973 ἀποσπου-

113 1989 207 2021 δὰζειν
227 1988 368 2016 ἀναπείθει
385 1990 416 2016 τὺ
439 1989 610 2024 ἀσυμπαθὲς,
639 1991 772 2025 προσάγει
799 1991 828 2017 δὲ
847 1992 904 2023 τοῖς

114 2033 250 2069 ἀμείνοσι,
268 2035 314 2062 καὶ
333 2036 389 2067 τοῖς
414 2037 463 2070 τῆς
485 2036 662 2072 φιλαλληλίας
680 2036 823 2072 ἐμϐιϐάζει
840 2037 903 2072 τρό-

115 2089 178 2112 ποις
190 2089 198 2095 ·
224 2081 373 2116 προτρέπει
399 2082 448 2116 μὲν
467 2082 522 2118 γὰρ
539 2081 611 2108 εῐτου
630 2082 732 2109 δέοιντο
747 2083 838 2118 τυχὸν,
858 2084 904 2109 ὲκ-

113 2125 246 2158 δανείζειν
261 2126 394 2160 ἀδελφοῖς,
420 2127 547 2162 ἀπείργει
570 2127 598 2154 δὲ
616 2128 713 2159 τόκων,
733 2128 782 2155 καὶ
801 2128 904 2155 διωθεῖ-

116 2171 180 2198 σθαι
194 2173 356 2207 προστάττει
373 2171 569 2208 πλεονασμούς.
585 2173 792 2208 Προσεπιτάξας
803 2172 832 2199 δὲ
847 2172 903 2199 δεῖν

916 1551 937 1580 C

941 250 990 278 des
999 249 1152 277 mercedem
1159 250 1244 284 ipsius
1252 259 1259 283 ;
1267 258 1321 277 non
1328 249 1434 277 occidet
1442 249 1481 276 sol
1490 257 1573 284 super
1580 249 1664 281 illam,
1672 251 1736 285 quia

941 301 1102 332 pauperest.
1109 301 1136 323 et
1144 296 1170 323 in
1177 297 1222 324 illa
1229 297 1311 324 habet
1318 304 1392 331 spem
1401 305 1406 322 :
1414 300 1441 323 et
1448 295 1635 323 nonclamabit
1643 300 1737 322 contra

944 346 968 369 te
975 343 1008 369 ad
1017 342 1160 370 Dominum
1169 351 1176 375 ;
1185 347 1213 369 et
1221 350 1275 369 non
1284 343 1338 369 erit
1345 342 1372 369 in
1382 347 1407 369 te
1416 347 1558 377 peceatum
1570 343 1600 369 “.
1615 352 1624 367 ι
1636 342 1737 369 lntelli-
1788 373 1795 376 4

942 389 982 423 gis
994 388 1075 423 igitur
1091 387 1321 423 quemadmodum
1331 388 1364 415 ad
1382 388 1602 416 benevolentiam
1613 396 1662 416 nos
1677 396 1738 416 mu-

944 438 1018 462 tuam
1039 434 1220 468 compellens,
1245 434 1374 468 pauperis
1395 434 1543 461 clamorem
1558 434 1738 462 extimescere

943 480 1073 508 suadeat?
1083 480 1122 507 Ac
1135 487 1204 506 nova
1213 479 1324 514 quidem
1335 479 1487 515 Scriptura,
1497 484 1526 508 et
1538 488 1588 515 per
1597 480 1736 507 Christum

943 525 1054 557 tradita,
1066 524 1215 559 perfectam
1227 525 1359 552 virtutem
1373 524 1493 551 inferens
1511 533 1518 550 ε
1532 533 1541 548 ι
1558 523 1683 556 Vendite,
1693 523 1737 550 iu—

943 571 1014 605 quit,
1025 579 1086 606 qua;
1096 570 1213 603 habetis,
1226 574 1254 597 et
1264 570 1325 598 date
1337 570 1553 605 eleemosynam;
1566 575 1593 597 et
1606 577 1669 597 ecce
1681 577 1738 596 om-

944 616 989 643 nia
1001 623 1132 651 prospere
1142 616 1242 643 cedent
1252 615 1330 644 vobis
1346 616 1376 643 ".
1394 625 1403 641 ι
1418 615 1496 649 Quod
1512 616 1600 650 ipsum
1616 615 1739 646 fecerunt

944 662 1034 694 exiis,
1053 662 1100 697 qui
1117 662 1295 690 crediderant
1307 663 1431 690 nonnulli
1447 671 1453 689 :
1471 672 1480 688 ι
1495 662 1655 690 All‘crebaut
1663 661 1738 689 enim

944 716 1074 744 agrorum
1092 713 1120 736 et
1135 708 1280 736 domorum
1297 709 1396 744 pretia,
1411 712 1441 736 et
1454 708 1593 744 ponebant
1607 708 1641 735 ad
1656 708 1740 743 pedes

944 754 1131 789 apostolorum
1142 764 1148 781 :
1158 754 1374 782 distribuebatur
1388 758 1479 782 autem
1491 754 1648 789 unicuique.
1658 758 1741 789 prout

946 800 1047 835 cuique
1058 808 1128 835 opus
1139 804 1200 828 erat
1216 801 1248 828 ‘°.
1265 810 1273 826 ι
1290 800 1354 833 Sed,
1366 800 1495 836 quoniam
1506 801 1548 827 lex
1563 800 1740 827 elementaria

948 851 1000 878 est,
1017 850 1046 874 et
1066 846 1100 874 ad
1115 846 1192 874 initia
1207 847 1284 874 ducit
1295 854 1454 874 sermonum
1470 846 1530 879 Dei,
1545 846 1624 882 jubet
1640 851 1671 873 ut
1690 846 1742 873 hac

946 892 974 919 in
989 891 1097 927 exiguis
1110 892 1193 919 rebus
1205 892 1382 924 liberalitate,
1394 891 1509 927 perinde
1522 899 1554 919 ac
1564 892 1664 927 praevia
1675 899 1743 926 qua-

947 938 1008 965 dam
1024 938 1233 971 exercitatione,
1246 938 1373 966 homines
1393 941 1516 971 utantur,
1537 945 1591 973 qua
1604 937 1638 965 ad
1651 936 1742 972 perfe-

947 984 1046 1012 ctionis
1063 985 1122 1020 ejus
1135 985 1261 1012 semitam
1277 984 1512 1019 perducerentur;
1526 988 1673 1019 propterea
1699 983 1742 1010 iu-

947 1030 1008 1064 quit
1030 1039 1037 1057 :
1055 1039 1064 1056 ι
1087 1030 1116 1058 Si
1135 1030 1283 1057 messueris
1300 1037 1418 1058 messem
1444 1034 1519 1057 tuam
1541 1030 1569 1057 in
1588 1037 1654 1064 agro
1678 1033 1742 1060 tuo.

947 1082 976 1105 et
992 1077 1105 1105 latuerit
1129 1081 1156 1105 te
1179 1077 1336 1112 manipulus
1356 1077 1384 1104 iu
1408 1084 1474 1112 agro
1496 1081 1554 1108 tuo,
1574 1084 1629 1103 non
1648 1084 1743 1103 rever-

949 1123 1015 1150 teris
1043 1123 1139 1150 tollere
1158 1122 1253 1155 illum;
1277 1122 1410 1157 pauperi,
1435 1126 1463 1149 et
1479 1122 1620 1156 orphano,
1645 1125 1673 1148 et
1694 1119 1743 1147 ad-

949 1176 1041 1200 venae,
1072 1172 1100 1196 et
1128 1168 1218 1196 vidua:
1240 1168 1308 1201 erit;
1339 1172 1370 1194 ut
1396 1167 1541 1195 benedicat
1567 1171 1593 1194 te
1611 1167 1744 1194 Dominus

949 1215 1022 1243 Deus
1037 1219 1101 1242 tuus
1116 1215 1144 1242 in
1159 1215 1290 1249 operibus
1302 1222 1432 1242 manuum
1447 1219 1571 1246 tuarum;
1584 1217 1622 1245 et,
1636 1213 1658 1240 si
1670 1214 1744 1241 oleas

950 1253 1163 1295 collegeris,non
1172 1260 1318 1287 reverteris
1325 1259 1359 1286 ad
1370 1259 1488 1293 reliquas
1503 1256 1669 1293 colligendas
1683 1265 1745 1293 qua:

950 1311 1014 1333 sunt
1030 1309 1091 1340 post
1109 1310 1151 1338 te;
1168 1306 1289 1337 advente,
1301 1310 1330 1332 et
1342 1305 1476 1340 orphano,
1489 1309 1517 1331 et
1530 1304 1621 1331 viduae
1640 1307 1742 1331 erunt:

949 1355 979 1377 et
995 1350 1183 1378 recordaberis
1195 1350 1268 1385 quod
1281 1358 1377 1378 servus
1392 1349 1477 1377 fueris
1493 1350 1520 1376 in
1536 1354 1608 1377 terra
1615 1348 1742 1384 [Egyptiz

952 1395 1014 1422 ideo
1029 1403 1080 1430 ego
1092 1395 1224 1431 prmeipio
1240 1395 1290 1422 tibi
1307 1399 1336 1422 ut
1351 1395 1434 1422 facias
1452 1395 1566 1422 verbum
1588 1394 1650 1422 hoc.
1664 1395 1699 1422 Et
1721 1395 1743 1422 si

951 1441 1164 1468 vindemiaveris
1175 1441 1282 1468 vineam
1295 1445 1380 1473 tuam,
1395 1449 1450 1467 non
1462 1440 1746 1476 revindemiabisquze

952 1491 1017 1514 sunt
1029 1491 1091 1522 post
1103 1491 1143 1520 te;
1153 1487 1275 1519 advenae,
1283 1491 1311 1514 et
1319 1487 1453 1522 orphano,
1462 1491 1491 1514 et
1501 1487 1590 1514 viduae
1601 1491 1684 1514 erunt
1697 1495 1703 1514 :
1717 1489 1755 1514 et.

953 1533 1144 1561 recordaberis
1162 1533 1237 1568 quod
1256 1541 1353 1561 servus
1375 1533 1461 1560 fueris
1480 1533 1508 1559 in
1522 1536 1594 1560 terra
1614 1531 1744 1568 A‘lgypti:

955 1579 1017 1606 ideo
1040 1587 1090 1614 ego
1111 1579 1241 1614 praecipio
1263 1580 1312 1607 tibi
1333 1583 1364 1607 ut
1382 1579 1465 1608 facias
1481 1580 1597 1607 verbum
1621 1580 1674 1606 hoe
1689 1580 1719 1606 ".
1732 1588 1742 1604 ι

954 1625 1118 1652 Praeclarum
1130 1630 1172 1653 est
1181 1626 1255 1653 enim
1268 1626 1296 1653 in
1309 1626 1403 1653 laetitia
1414 1626 1571 1654 meminisse
1583 1625 1689 1653 laborui
1698 1633 1708 1652 ι
1718 1629 1746 1652 et

954 1670 1108 1698 aﬂlictionis
1125 1671 1254 1706 antiqum,
1276 1679 1338 1699 nam
1359 1680 1392 1700 ea
1411 1680 1455 1700 res
1471 1672 1505 1699 ad
1533 1672 1693 1699 charitatem
1716 1671 1743 1698 in

954 1723 1089 1750 pauperes
1100 1716 1217 1744 excitat:
1231 1721 1259 1744 et
1271 1721 1383 1752 propter
1393 1716 1533 1745 felicitatis
1548 1717 1741 1745 abundantiam

953 1761 1079 1789 oblivisci
1104 1770 1159 1790 non
1178 1762 1243 1790 sinit
1259 1762 1392 1790 malorum
1412 1771 1473 1798 qua:
1491 1763 1665 1799 pertulimus,
1680 1771 1745 1792 cum

954 1807 983 1834 in
996 1815 1088 1834 rerum
1101 1807 1192 1843 inopia
1205 1815 1390 1835 versaremur.

989 1851 1089 1879 PALL.
1104 1853 1172 1881 Vera
1187 1852 1266 1880 dicis.

987 1898 1066 1927 ΟΥΕ.
1081 1899 1147 1927 Vide
1159 1904 1251 1927 autem
1268 1908 1350 1935 quam
1364 1900 1511 1929 artiﬁciose
1522 1906 1550 1929 et
1560 1901 1699 1937 eleganter
1709 1901 1744 1930 ab

954 1945 1130 1980 improbitate
1146 1953 1252 1974 morum
1270 1954 1321 1974 nos
1336 1947 1458 1980 abducit,
1478 1951 1506 1975 et
1525 1947 1666 1975 dediscere
1680 1955 1744 1975 sua-

953 1992 1000 2020 det
1015 1992 1260 2026 inhumanitatem;
1276 1993 1387 2021 adducit
1401 1994 1465 2021 item
1480 1993 1513 2021 ad
1530 1994 1672 2021 meliorem
1685 1994 1744 2021 fru-

954 2046 1025 2073 gem,
1044 2042 1073 2066 et
1098 2039 1131 2066 ad
1159 2043 1284 2067 mutuum
1305 2047 1427 2068 amorem
1449 2040 1596 2068 transfert:
1619 2040 1745 2068 hortatur

953 2084 1027 2112 enim
1043 2087 1073 2111 ut
1085 2084 1228 2117 fratribus,
1245 2085 1268 2112 si
1282 2093 1336 2120 qua
1351 2093 1381 2112 re
1393 2085 1541 2121 indigeant,
1561 2087 1718 2114 mutuemus
1736 2095 1743 2114 :

953 2129 1084 2164 prohibet
1094 2134 1186 2158 autem
1197 2138 1306 2162 usuras,
1317 2135 1345 2157 et
1356 2130 1632 2165 superabundantiam
1644 2139 1676 2159 ac
1686 2139 1746 2158 sor-

955 2175 990 2202 tis
1001 2179 1176 2210 augmentum
1190 2175 1323 2210 repellere
1333 2175 1421 2211 jubet.
1435 2175 1476 2203 Ad
1494 2176 1562 2208 haec,
1575 2183 1637 2203 cum
1649 2176 1744 2211 jussis-

117 2217 156 2252 μὴ
177 2214 246 2243 εἶναι
261 2217 416 2252 φορτικοὺς,
432 2217 499 2253 μήτε
518 2217 572 2251 μὴν
587 2217 726 2251 ἐγκεῖσθαι
740 2217 796 2248 τοῖς
811 2216 899 2252 ὠφλη-

955 2223 1007 2252 set,
1024 2227 1058 2247 ne
1081 2220 1190 2248 molesti
1211 2220 1307 2252 simus,
1322 2228 1412 2255 neque
1431 2219 1570 2248 debitores
1587 2228 1742 2255 urgeamus,

116 2261 204 2294 κόσιν,
224 2262 320 2296 ἄφεσιν
341 2263 429 2298 χρεῶν
449 2264 586 2290 ποιεῖσθαι
610 2263 726 2290 κελεύει.
754 2263 856 2299 Γράφει
875 2263 904 2290 δὲ

116 2308 203 2340 οὕτως
216 2316 222 2322 ·
241 2319 250 2334 ι
267 2308 323 2336 Οὐκ
347 2310 479 2340 ὲκτοκιεῖς
498 2309 538 2344 τῷ
557 2309 665 2344 ἀδελφῷ
693 2318 740 2336 σου
752 2300 840 2336 ’τόκον
856 2309 905 2344 ἀρ-

116 2355 224 2389 γυρίου,
250 2355 298 2381 καὶ
327 2355 406 2381 τόκον
431 2355 594 2391 βρωμάτων,
628 2356 675 2382 καὶ
697 2356 776 2382 τόκον
804 2355 905 2387 παντὸς

117 2400 290 2435 πράγματος,
311 2397 341 2428 οὗ
358 2401 406 2427 ἐὰν
419 2401 577 2437 ἐκδανείσῃς
593 2401 632 2436 τῷ
642 2400 784 2436 ἀλλοτρίῳ,
797 2401 846 2428 οὐκ
859 2402 905 2428 ὲκο

116 2447 234 2477 ωκιείς·
256 2446 301 2473 ἴνα
326 2446 460 2482 εὐλογήσῃ
482 2446 584 2482 Κύριος
607 2447 622 2473 ὀ
643 2447 710 2478 Θεός
723 2455 769 2473 σου
786 2448 814 2473 ὲν
837 2447 903 2473 πᾶσι

117 2494 173 2524 τοῖς
196 2492 287 2528 ἔργοις
308 2501 354 2519 σου
375 2493 421 2519 ἐπὶ
443 2492 494 2527 τῆς
519 2493 586 2527 γῆς,
611 2493 644 2528 ἣν
674 2493 819 2528 είσπορεύῃ
846 2494 905 2520 ἐκεῖ

117 2538 320 2574 κληρονομῆσαι
334 2539 427 2574 αὑτήν.
447 2548 457 2564 ι
476 2539 558 2565 Ὅσον
580 2538 630 2574 μὲν
651 2539 707 2574 γὰρ
725 2536 793 2574 ἧκεν
812 2538 852 2570 είς
871 2547 904 2573 γε

118 2584 167 2620 τὴν
182 2584 229 2611 τοῦ
241 2585 386 2619 νομοθέτου
402 2585 539 2620 βούλησιν,
555 2585 701 2621 προῦκειτο
716 2585 749 2612 ἂν
769 2584 905 2619 ἀφθόνως,

119 2630 156 2662 ὡς
180 2630 275 2665 ὀθνείῳ
302 2639 331 2657 τε
350 2630 417 2665 ὀμοῦ
440 2631 488 2657 καὶ
507 2631 630 2665 ἀδελφοῖς
652 2630 682 2657 τὸ
695 2629 750 2656 τῶν
766 2631 795 2656 ἐν
810 2629 906 2657 πλάτει

121 2676 288 2712 περιουσίας,
313 2677 399 2710 δεξιὸν
422 2677 469 2704 καὶ
483 2677 623 2712 φιλότιμον
637 2685 643 2692 ·
666 2687 675 2702 ι
691 2676 776 2703 Παντὶ
797 2676 851 2710 γὰρ
867 2676 907 2711 τῷ

120 2722 240 2750 αἰτοῦντί
267 2731 297 2749 σε
313 2722 395 2755 δίδου,
420 2724 502 2758 φησιν
523 2724 537 2750 ὀ
559 2723 692 2759 Χριστὸς,
717 2723 764 2750 καὶ
781 2723 836 2749 ἀπὺ
859 2722 906 2749 τοῦ

159 2781 181 2797 ί*
199 2781 278 2808 Deut.
292 2789 364 2814 xxxv,
386 2782 429 2814 Μ,
453 2782 495 2809 15.

125 2816 167 2847 l9,
184 2816 229 2843 20.

162 2875 198 2911 (1)
216 2875 305 2904 Graeci
317 2876 407 2907 codd,
424 2875 538 2910 καθαρά,
561 2876 667 2902 matula.

549 2782 569 2797 ”
590 2783 655 2809 Luc.
671 2791 704 2808 xu
715 2803 722 2813 ,
738 2782 782 2809 55.

834 2782 855 2797 ¹⁴¹
867 2781 927 2808 Act.
943 2789 979 2813 IV,
1001 2781 1045 2813 54,
1061 2781 1104 2808 35.

956 2265 1037 2300 273
1058 2265 1248 2292 remissionem
1271 2274 1382 2302 quoque
1403 2267 1559 2295 debitorum
1581 2267 1639 2294 ﬁeri
1654 2267 1742 2302 jubet.

957 2310 1058 2338 Scribit
1069 2315 1162 2338 autem
1171 2310 1206 2338 ad
1216 2311 1291 2338 hunc
1301 2312 1412 2340 modum
1424 2321 1430 2339 :
1447 2322 1456 2338 ι
1470 2312 1530 2340 Non
1544 2311 1682 2339 fenerabis
1690 2312 1744 2339 fra-

955 2356 992 2382 tri
1009 2360 1056 2383 tuo
1069 2364 1180 2384 usuram
1192 2357 1308 2392 argenti,
1323 2362 1352 2384 et
1361 2365 1472 2390 usuram
1487 2357 1622 2390 ciborum,
1633 2362 1662 2385 et
1677 2364 1743 2385 usu-

956 2409 1015 2428 ram
1032 2402 1219 2436 cujuscunque
1237 2402 1288 2434 rei,
1300 2410 1381 2436 quam
1401 2406 1497 2429 mutuo
1518 2402 1636 2435 dederis,
1652 2405 1743 2429 extra-

956 2455 1010 2474 neo
1025 2455 1081 2474 non
1101 2447 1254 2481 fenerabis;
1266 2451 1296 2475 ut
1308 2447 1454 2476 benedicat
1466 2448 1517 2475 tibi
1529 2448 1661 2475 Dominus
1672 2448 1745 2475 Deus

959 2498 1021 2521 tuus
1031 2494 1058 2520 in
1067 2493 1196 2520 omnibus
1207 2494 1338 2528 operibus
1347 2494 1402 2522 tuis
1410 2501 1493 2529 super
1502 2497 1612 2526 terram,
1620 2493 1653 2520 ad
1662 2500 1743 2528 quam

957 2538 1110 2574 ingrederis
1123 2538 1316 2573 possidendam
1337 2539 1367 2565 ³⁵.
1387 2549 1396 2564 ι
1410 2538 1490 2572 Nam,
1508 2538 1581 2573 quod
1598 2538 1696 2565 attinet
1710 2537 1744 2565 ad

957 2583 1120 2618 legislatoris
1136 2584 1315 2616 voluntatem,
1336 2584 1475 2619 proposita
1495 2583 1606 2620 quidem
1621 2588 1675 2611 tam
1695 2591 1743 2611 ex-

958 2634 1018 2657 tero
1031 2637 1113 2664 quam
1133 2629 1265 2657 fratribus
1285 2629 1383 2658 fuisset
1396 2638 1491 2657 eorum
1505 2630 1552 2664 qui
1569 2629 1745 2664 amplissimis

958 2675 1164 2710 opibusessent,
1173 2675 1326 2711 benignitas
1332 2679 1414 2710 atque
1422 2675 1636 2711 magnificentia:
1645 2684 1654 2700 ι
1665 2673 1745 2702 Omni

959 2723 1044 2755 enim,
1058 2723 1147 2758 inquit
1159 2723 1296 2755 Christus,
1309 2723 1411 2758 petenti
1429 2727 1466 2755 te,
1487 2723 1591 2755 tribue;
1614 2725 1642 2748 ct
1661 2720 1695 2748 ab
1710 2728 1744 2748 eo

1158 2781 1178 2796 ¹⁷
1194 2781 1273 2808 Deut.
1297 2789 1368 2813 xx'iv,
1383 2779 1476 2808 lO-‘il.
1531 2780 1552 2796 ’⁸
1565 2780 1644 2807 Deut.
1664 2785 1742 2810 xxtu,

998 2873 1035 2909 (ε)
1053 2873 1119 2901 Cod.
1142 2873 1238 2906 Varie,
1257 2872 1303 2899 ἐὰν
1320 2873 1347 2898 δί
1365 2871 1457 2900 ἐλαίαν
1477 2872 1603 2908 ἁλοήσῃς.
