1939 3041
210 153 261 181 5δῖ

720 154 748 181 S.
770 154 907 182 CYRILLI
927 153 1160 182 ALEXANDRIM
1181 153 1340 181 ARClllEP.

1784 153 1840 182 563

208 211 256 246 qui
269 209 360 238 aufert
369 217 429 244 qua:
441 213 484 236 tua
495 213 569 242 sunt,
582 217 616 236 ne
629 212 778 245 repetas".
792 211 856 243 Sed,
866 211 930 246 quia
943 219 992 238 non

1049 210 1171 246 αἴροντος
1187 209 1220 236 τὰ
1244 210 1287 240 σὰ,
1305 209 1342 244 μὴ
1359 208 1478 235 ἀπαίτει.
1496 218 1504 233 ι
1531 207 1638 243 Ἐπειδὴ
1656 207 1683 234 δὲ
1699 208 1750 235 οὐκ
1764 209 1836 243 ἄγαν

208 262 269 285 erat
282 257 434 292 priscorum
444 255 586 284 hominum
598 256 707 284 animus
719 257 746 284 in
755 257 862 292 iustitia
873 258 940 285 satis
951 258 997 285 llr-

209 311 285 335 mus,
302 302 337 329 ad
358 302 488 329 virtutem
512 301 616 337 integre
635 302 847 337 perficiendam,
866 304 996 339 paulatim

207 347 382 382 progreditur
397 346 441 374 lex
456 346 489 374 ad
511 354 572 374 eam
592 355 651 374 rem
666 347 821 380 instituens,
839 353 867 376 et
883 349 997 384 justitim

207 394 319 421 modum
338 393 449 420 interim
462 393 593 421 fratribus
607 394 760 430 vicinisque
772 395 884 422 metitur
896 404 902 422 :
914 403 996 422 accu—

207 444 295 467 ratam
307 440 381 467 illam
395 439 590 467 misericordiae
599 439 725 472 formam,
735 444 763 467 et
774 441 801 467 in
812 444 955 468 extraneos
965 441 998 468 li-

207 485 389 517 beralitatem,
402 489 430 513 et
441 485 468 512 in
481 493 576 512 omnes
587 485 711 514 homines
721 486 941 514 communicandi
955 486 995 514 fa-

207 531 350 563 cilitatem,
361 530 518 566 perfectiori
531 531 697 558 institutioni
710 539 863 563 reservans,
876 539 937 558 nam
949 539 995 558 us-

206 583 261 611 que
278 576 312 603 ad
329 581 439 611 tempus
455 576 637 604 correctionis
658 577 761 604 umbra:
779 576 924 612 viguerunt
943 577 966 593 ὀ
988 585 995 603 ι

207 621 260 649 hoc
275 629 340 649 vero
357 625 465 657 tempus
479 621 546 649 illud
559 621 620 654 fuit,
635 629 690 657 quo
702 621 828 650 Christus
840 622 960 650 advenit.

241 666 339 694 PALL.
355 666 563 702 Elegantissime
572 667 675 694 dixisti.

240 711 318 739 CYR.
333 711 402 739 Cum
420 711 511 747 itaque
525 712 662 747 iussisset,
684 717 714 740 ut
730 717 826 741 mutuo
843 713 952 746 darent,
969 719 998 741 et

207 758 333 786 usuraria
345 758 513 786 incrementa
531 759 714 794 praecidisset,
734 760 832 794 iisque,
849 761 895 795 qui
916 760 942 788 id
956 760 998 787 fa-

206 810 311 838 cerent,
341 805 563 834 benedictionem
592 811 664 835 esset
693 807 847 842 pollicitus,
881 808 998 842 septimo

206 856 268 886 post
284 859 322 879 aes
339 852 460 880 alienum
479 857 649 880 contractum
666 861 737 882 anno
753 858 887 886 vertente,
902 854 997 881 remit—

207 902 265 924 tere
277 898 365 933 jubet,
382 902 490 934 tempus
504 898 571 926 illud
587 904 760 932 venerantes,
779 908 834 935 quo
851 900 996 927 universo-

206 951 266 969 rum
287 943 413 971 remissio
424 943 517 972 futura
544 948 613 977 erat,
642 945 669 972 id
700 950 752 977 est,
777 949 885 980 tempus
895 945 1019 972 Christi~

206 987 351 1022 adventus,
368 997 424 1024 quo
443 997 539 1017 omnes
560 989 701 1024 justiﬁcati
721 998 817 1017 sumus
838 997 886 1025 per
898 990 997 1023 ﬁdem;

205 1039 234 1061 et
250 1038 375 1062 veterum
390 1039 565 1070 peccatorum
574 1035 741 1064 oblivionem
757 1036 859 1071 adepti,
876 1044 938 1063 cum
953 1036 998 1063 ille

205 1087 262 1107 suae
276 1081 350 1108 cruci
359 1081 581 1116 chirographum,
596 1082 667 1116 quod
675 1087 734 1109 erat
748 1082 828 1109 nobis
841 1081 996 1114 adversum,

205 1125 322 1153 afﬁxerit
333 1126 365 1157 “,
382 1130 410 1153 et
429 1127 560 1160 rationes,
572 1135 640 1162 quas
654 1128 870 1163 omniumjudici
882 1128 997 1156 reddere

205 1171 389 1204 debebamus,
414 1172 448 1200 de
476 1172 567 1200 medio
597 1173 701 1200 tulerit.
732 1173 805 1200 Dicit
834 1178 926 1200 autem
956 1174 997 1201 sic

204 1224 301 1244 rursus
323 1217 351 1244 in
374 1217 599 1250 Deuteronomio,
622 1227 631 1244 ι
655 1218 777 1253 Septimo
796 1227 905 1254 quoque
924 1227 996 1248 anno

204 1261 288 1289 facies
303 1263 493 1290 remissionem
512 1272 518 1290 :
546 1268 573 1290 et
590 1263 747 1298 huiusmodi
760 1268 802 1291 est
816 1264 937 1292 edictum
951 1273 995 1292 re-

204 1308 354 1341 missionis,
372 1309 507 1336 Remittes
523 1317 605 1337 omne
623 1309 746 1337 debitum
761 1310 909 1345 privatum,
922 1311 995 1346 quod

204 1353 288 1382 debet
309 1354 359 1381 tibi
374 1355 531 1389 proximus;
554 1360 583 1382 et
605 1363 621 1382 a
642 1355 726 1382 fratre
743 1360 791 1382 tuo
806 1363 861 1382 non
876 1360 993 1390 repetes,

204 1401 269 1436 quia
283 1401 385 1429 indicta
392 1405 435 1429 est
450 1401 575 1430 remissio
588 1401 703 1429 Domino
713 1401 769 1429 Deo
781 1405 829 1429 tuo
843 1411 849 1428 ι
861 1402 895 1429 ab
905 1402 995 1429 alieno

205 1451 324 1481 repetes,
340 1454 510 1482 quaecunque
531 1451 577 1475 tua
600 1447 703 1475 fuerint
723 1447 795 1482 apud
810 1448 903 1481 illum;
917 1448 993 1476 fratri

204 1495 296 1520 autem
309 1496 356 1519 tuo
372 1492 562 1521 remissionem
578 1493 662 1520 facies
676 1493 772 1525 debiti,
786 1493 859 1528 quod
879 1494 927 1521 tibi
947 1494 994 1521 de-

204 1537 261 1569 bet,
271 1538 335 1573 quia
349 1546 403 1566 non
413 1539 468 1567 erit
480 1539 508 1567 in
521 1544 549 1568 te
559 1540 758 1575 indigens,quia
769 1539 934 1567 benedicens
943 1541 993 1568 be-

203 1583 314 1611 nedicet
329 1584 378 1612 tibi
395 1585 527 1614 Dominus
542 1587 614 1614 Deus
626 1591 689 1614 tuus
704 1586 731 1613 in
746 1591 819 1613 terra
843 1594 923 1621 quam
937 1587 991 1614 Do-

204 1630 297 1657 minus
321 1630 393 1659 Deus
421 1635 485 1659 tuus
516 1632 563 1660 dat
589 1633 639 1660 tibi
666 1633 692 1659 in
720 1633 935 1667 possessionem,
961 1638 991 1660 ut

203 1675 345 1709 possideas
372 1683 433 1703 eam
453 1677 485 1703 ¹¹.
510 1686 520 1702 ι
551 1677 584 1704 Et
605 1681 667 1711 post
696 1676 750 1704 alia
779 1684 874 1704 rursus
895 1685 901 1703 :
933 1686 942 1701 ‹
962 1676 990 1704 Si

204 1724 295 1748 autem
311 1721 393 1748 fuerit
414 1721 442 1748 in
458 1725 484 1749 te
500 1721 625 1757 indigens
639 1730 673 1750 ex
685 1722 816 1749 fratribus
831 1722 885 1749 tuis
897 1722 924 1749 in
938 1730 990 1750 una

204 1767 346 1794 civitatum
370 1772 490 1800 tuarum,
517 1769 544 1796 in
562 1773 634 1796 terra
673 1776 755 1803 quam
776 1769 907 1796 Dominus
920 1769 992 1796 Deus

206 1816 269 1840 tuus
283 1812 331 1840 dat
356 1813 418 1846 tibi,
436 1822 491 1841 non
515 1818 623 1841 avertes
644 1821 692 1841 cor
706 1813 885 1849 ιιιιιιιι,2’14Ι
903 1822 991 1849 neque

205 1860 377 1895 eonstringes
399 1867 510 1888 manum
528 1864 602 1887 tuam
617 1868 633 1887 a
657 1860 742 1887 fratre
763 1865 809 1887 tuo
830 1859 989 1896 indigente:

204 1905 332 1940 aperiens
342 1906 450 1941 aperies
464 1913 574 1933 manum
583 1909 658 1932 tuam
670 1905 736 1940 ipsi;
751 1908 875 1932 mutuum
884 1908 992 1932 mutua-

205 1949 248 1977 bis
257 1949 309 1985 ipsi
324 1954 458 1985 quantum
473 1949 640 1985 poposcerit,
652 1953 679 1976 et
695 1954 936 1985 quantumcunque
950 1950 992 1977 in-

204 1994 333 2030 diguerit.
350 1995 467 2023 Attende
489 1994 550 2026 tibi,
573 2002 609 2021 ne
626 1994 736 2029 quando
760 1995 795 2022 sit
813 1995 927 2022 verbum
942 2003 991 2023 oc-

204 2040 310 2068 cultum
327 2041 354 2068 in
367 2041 450 2068 corde
466 2044 523 2072 tuo,
541 2040 682 2075 iniquitas,
696 2040 791 2069 dicens
811 2050 817 2068 :
835 2041 990 2077 Appropin-

205 2090 271 2121 quat
289 2086 423 2122 septimus
449 2094 538 2114 annus
566 2083 746 2118 remissionis,
771 2091 799 2114 et
816 2095 933 2131 pequam
956 2087 991 2115 sit

205 2132 303 2159 oculus
314 2137 377 2160 tuus
394 2139 458 2167 erga
474 2131 586 2158 fratrem
608 2136 684 2158 tuum
700 2132 881 2167 indigentem;
896 2137 924 2160 et
935 2141 989 2160 non

205 2177 254 2204 des
267 2177 318 2212 ipsi
333 2186 340 2204 :
359 2182 387 2205 et
405 2177 534 2204 clamabit
550 2176 695 2203 adversum
707 2182 733 2204 te
749 2177 782 2204 ad
796 2177 950 2208 Dominum,
963 2182 990 2204 et

205 2223 258 2250 erit
274 2223 324 2250 tibi
339 2227 482 2258 peccatum
507 2229 634 2257 magnum
655 2230 662 2248 :
683 2222 774 2249 dando
792 2222 869 2249 dabis
886 2223 947 2257 ipsi,
962 2227 990 2250 et

207 2272 302 2294 mutuo
312 2267 450 2295 mutuabis
472 2266 535 2302 ipsi,
553 2270 795 2302 quantumcunque
809 2267 859 2294 abs
879 2271 904 2294 te
921 2275 990 2302 opus

207 2313 335 2340 habuerit
351 2322 357 2340 :
375 2318 403 2341 et
420 2320 474 2340 non
492 2312 700 2339 contristaberis
715 2313 742 2339 in
757 2313 838 2340 corde
854 2317 912 2345 tuo,
926 2321 988 2340 cum

206 2360 256 2386 (las
271 2359 336 2394 ipsi;
353 2359 417 2393 quia
432 2361 545 2393 propter
567 2357 620 2384 hoc
638 2358 752 2385 verbum
776 2358 919 2386 benedicet
939 2359 988 2386 tibi

208 2407 338 2434 Dominus
348 2407 420 2433 Deus
436 2404 535 2432 tuusin
547 2404 674 2432 onmibus
693 2404 822 2439 operibus
834 2404 898 2436 tuis,
916 2407 944 2430 et
960 2403 987 2430 in

206 2453 344 2483 omnibus,
364 2451 397 2478 ad
413 2458 472 2486 qum
490 2450 616 2485 injeceris
633 2459 742 2478 manum
755 2456 829 2478 tuam
845 2450 879 2476 “.
901 2459 909 2475 ι
929 2450 986 2477 Non

206 2497 421 2529 contristaberis,
443 2497 542 2532 inquit,
560 2497 587 2524 in
603 2497 686 2524 corde
699 2501 756 2528 tuo,
774 2504 836 2523 cum
854 2496 903 2524 das
915 2497 964 2531 ipsi
981 2506 986 2523 :

210 2556 219 2571 ι
234 2545 352 2572 Hilarem
374 2544 446 2571 enim
464 2543 586 2571 datorem
600 2543 688 2578 diligit
708 2543 789 2573 Deus,
818 2552 827 2568 ι
849 2547 879 2569 ut
895 2543 990 2571 beatus

206 2591 306 2618 Paulus
317 2589 386 2617 dixit
396 2590 429 2616 “.

242 2636 339 2664 PALL.
356 2635 409 2664 Sed
420 2643 539 2671 quonam
551 2635 633 2662 modo
643 2635 775 2670 septimus
788 2643 874 2663 annus
887 2636 989 2663 adven-

206 2685 265 2709 tum
275 2682 422 2710 Salratoris
432 2681 516 2709 nostri
526 2681 671 2716 significat,
681 2688 735 2716 quo
748 2685 855 2716 tempus
869 2682 989 2709 omnium

207 2726 347 2753 hominum
361 2726 532 2754 remissionis
543 2726 710 2753 declaratum
728 2730 779 2757 est,
795 2734 844 2754 seu
857 2734 946 2754 mores
955 2730 988 2754 ad

207 2771 357 2806 perfectum
376 2771 521 2806 perducti?

1047 254 1176 289 εὑσθενὴς
1193 254 1247 280 τῶν
1267 255 1297 280 ἑν
1316 253 1413 288 ἀρχαῖς
1429 253 1475 279 ἐπὶ
1500 252 1657 288 δικαιοσύνῃ
1672 253 1686 279 ό
1706 252 1781 286 νοῦς,
1796 254 1838 285 εἰς

1047 308 1079 334 γε
1103 299 1134 325 τὸ
1160 298 1299 334 περαίνειν
1324 297 1483 332 ἀμωμήτως
1507 295 1634 323 δύνασθαι
1660 295 1690 322 τὸ
1713 296 1835 330 ἀγαθὸν,

1047 343 1117 369 κατά
1133 342 1220 378 βραχὺ
1238 342 1361 377 πρόεισιν
1376 342 1419 367 ἐπ’
1436 340 1501 367 αὐτὸ
1516 340 1700 374 παιδαγωγῶν
1714 341 1728 366 6
1742 340 1836 375 νόμος,

1047 389 1094 415 καὶ
1114 389 1160 415 τὸν
1181 387 1232 422 τῆς
1256 386 1430 422 δικαιοσύνης
1456 385 1555 422 τρόπον
1579 386 1779 421 ἐπιμετρεῖται·
1798 386 1836 418 ὡς

1047 435 1087 466 είς
1113 433 1244 468 ἀδελφοὺς
1270 433 1316 459 καὶ
1345 432 1484 466 γείτονας,
1509 431 1559 466 τῆς
1584 431 1786 466 εὐσπλαγχνίας
1807 431 1838 457 τὸ

1047 479 1174 515 ἀκριϐὲς,
1187 480 1234 507 καὶ
1246 479 1275 505 τὺ
1289 479 1329 510 εἰς
1339 478 1456 509 ὀθνείους
1467 477 1590 512 ἄφθονον,
1604 477 1689 503 καὶτὸ
1703 477 1742 508 είς
1755 477 1838 504 ᾶπαν-

1047 533 1096 556 τας
1112 524 1281 556 κοινωνικὸν,
1302 522 1476 557 παιδαγωγίᾳ
1498 522 1588 557 τηρῶν
1614 523 1647 557 τῇ
1672 521 1836 557 τελεωτέρα,

1049 571 1129 606 μέχρι
1141 569 1196 605 γὰρ
1213 569 1308 604 καιροῦ
1323 567 1492 604 διορθώσεως
1505 568 1532 593 αἱ
1543 567 1627 593 σκιαί·
1641 567 1737 602 καιρὸς
1754 567 1783 593 δὲ
1802 565 1837 602 ἦν

1047 613 1124 647 οὗτος
1141 617 1155 642 6
1172 616 1221 650 τῆς
1240 614 1358 650 Χριστοῦ
1376 614 1536 649 παρουσίας.

1083 662 1187 689 ΠΑΛΛ.
1215 660 1388 688 Ἀστειότατα
1399 659 1476 694 ἔφης.

1083 708 1165 736 ΚΥΡ.
1186 705 1392 743 Προσεπιτάξας
1407 704 1440 740 δὴ
1456 702 1502 731 οὖν
1520 704 1551 730 τὸ
1567 703 1665 739 χρῆναι
1679 703 1834 738 διακιχρᾷν,

1048 755 1095 781 καὶ
1124 753 1310 787 πλεονασμοὺς
1335 749 1491 785 ἀποτεμὼν,
1517 749 1564 775 καὶ
1584 750 1640 780 τοῖς
1660 748 1739 776 τοῦτο
1768 749 1836 784 δρᾷν

1048 799 1187 836 ἑλομένοις
1210 797 1336 832 εὐλογίαν
1352 795 1576 831 ὑπισχνούμενος,
1591 794 1662 821 ἑπτὰ
1677 796 1734 826 τοῖς
1752 794 1837 829 ὀφλή-

1050 854 1132 880 μασιν
1153 843 1366 878 ὲπελιττομένων
1381 841 1522 873 ἐνιαυτῶν,
1538 842 1641 868 ἀνεῖναι
1658 841 1835 876 προστάττει,

1013 894 1033 923 Β
1046 891 1091 918 τὸν
1106 891 1155 925 τῆς
1165 890 1291 917 ἁπάντων
1303 889 1424 923 ἀφέσεως
1434 887 1572 923 τιμῶντας
1583 887 1687 922 καιρὸν,
1700 887 1834 919 τουτέστι,

1049 936 1098 970 τῆς
1111 934 1156 960 τοῦ
1173 932 1291 969 Χριστοῦ
1308 932 1468 967 παρουσίας,
1491 932 1552 958 καθ’
1565 931 1594 958 ὃν
1609 932 1633 958 οἱ
1651 932 1749 963 πάντες
1764 931 1835 958 δεδι-

1049 978 1192 1014 καιὼμεθα
1214 979 1247 1013 τῇ
1266 978 1366 1010 πίστει,
1386 977 1440 1004 τῶν
1455 978 1575 1013 ἀρχαίων
1590 977 1835 1013 πλημμελημάτων

1049 1024 1097 1059 τὴν
1119 1024 1270 1059 ἀμνηστίαν
1288 1023 1522 1058 ἀποκερδαίοντες,
1541 1023 1765 1058 προσηλώσαντος
1786 1023 1836 1049 αὑ-

1047 1070 1094 1097 τοῦ
1109 1070 1147 1104 τῷ
1170 1069 1226 1102 ίδίῳ
1242 1069 1350 1104 σταυρῷ
1365 1069 1396 1096 τὺ
1410 1069 1470 1096 καθ’
1484 1069 1562 1104 ήμῶν
1579 1069 1770 1105 χειρόγραφον,
1787 1070 1835 1096 καὶ

1047 1118 1094 1149 οὓς
1104 1118 1268 1154 ὠφλήσαμεν
1281 1118 1375 1151 λόγους
1386 1117 1425 1153 τῷ
1438 1118 1528 1153 κριτῇ,
1547 1117 1725 1152 πεποιηκότος
1739 1118 1772 1144 ἐκ
1785 1117 1835 1151 μὲ-

1047 1173 1105 1190 σου.
1119 1164 1200 1198 Λέγει
1215 1164 1244 1190 δὲ
1259 1163 1329 1190 οὓτω
1342 1164 1422 1190 πάλιν
1436 1164 1465 1191 ἐν
1477 1164 1515 1198 τῷ
1534 1164 1737 1199 Δευτερονομίῳ
1747 1172 1753 1178 ·
1771 1173 1781 1188 I
1793 1163 1834 1189 Δι’

1046 1210 1116 1237 ἑπτὰ
1126 1211 1194 1237 ἐτῶν
1203 1210 1324 1245 ποιήσεις
1338 1210 1444 1245 ἄφεσιν,
1461 1211 1507 1238 καὶ
1521 1210 1607 1242 οὕτως
1623 1210 1653 1236 τὸ
1668 1210 1835 1245 πρόσταγμα

1045 1254 1094 1289 τῆς
1108 1254 1231 1288 ἀφέσεως
1241 1263 1248 1270 ·
1264 1254 1392 1289 Ἀφήσεις
1408 1255 1461 1281 πᾶν
1476 1255 1554 1290 χρέος
1565 1255 1638 1287 ῐδιον,
1648 1255 1662 1281 δ
1675 1254 1779 1289 ὀφείλει
1791 1263 1833 1280 σοι

1044 1300 1060 1326 ό
1082 1300 1205 1334 πλησίον,
1223 1300 1271 1326 καὶ
1286 1299 1333 1326 τὸν
1345 1300 1458 1335 ἀδελφόν
1475 1309 1521 1327 σου
1538 1301 1587 1327 οὐκ
1607 1301 1779 1335 ἀπαιτήσεις,
1793 1300 1834 1326 ὅτι

1046 1346 1222 1381 ἐπικέκληται
1245 1346 1342 1380 ἄφεσις
1364 1347 1459 1383 Κυρίῳ
1481 1347 1519 1383 τῷ
1538 1348 1597 1383 Θεῷ
1611 1356 1668 1376 σου,
1687 1348 1739 1374 Τὸν
1753 1347 1833 1374 ἀλλόο

1043 1401 1119 1427 τριον
1137 1392 1300 1427 ἀπαιτήσεις
1322 1393 1372 1419 ὅσα
1388 1392 1436 1419 ἐὰν
1454 1390 1471 1430 ᾖ
1489 1401 1529 1419 σοι
1550 1393 1614 1428 παρ’
1638 1393 1722 1428 αὐτῷ.
1744 1393 1790 1428 Τῷ
1805 1393 1833 1420 δὲ

1045 1437 1151 1473 ἀδελφῷ
1167 1446 1214 1464 σου
1226 1438 1323 1472 ἄφεσιν
1338 1438 1462 1473 ποιήσεις
1473 1438 1520 1465 τοῦ
1533 1439 1629 1474 χρέους
1650 1447 1708 1470 σου,
1726 1439 1767 1465 ὅτι
1782 1439 1833 1465 οὐκ

1044 1483 1120 1510 ἐσται
1133 1485 1162 1510 ὲν
1174 1484 1215 1510 σοὶ
1228 1484 1332 1520 ἐνδεὴς,
1346 1484 1388 1511 ὅτι
1405 1485 1521 1519 εὐλογῶν
1534 1485 1674 1520 εὐλογήσει
1689 1494 1716 1511 σε
1730 1485 1832 1520 Κύριος

1043 1530 1058 1555 6
1073 1529 1139 1561 Θεός
1153 1538 1198 1556 σου
1209 1530 1238 1556 ὲν
1254 1531 1286 1565 τῇ
1303 1531 1348 1566 γῇ,
1394 1531 1495 1566 Κύριος
1512 1531 1526 1557 ό
1541 1529 1606 1562 Θεὸς
1622 1539 1668 1557 σου
1682 1531 1774 1557 δίδωσί
1792 1539 1832 1557 σοι

1045 1577 1074 1602 ὲν
1090 1575 1182 1610 κλήρῳ
1197 1575 1468 1612 κατακληρονομῆσαι
1479 1577 1589 1612 αὑτήν.»
1604 1577 1659 1603 Καὶ
1675 1576 1734 1612 μεθ’
1750 1576 1832 1612 ἕτερα

1045 1621 1125 1648 πάλιν
1136 1629 1143 1636 '
1158 1631 1166 1646 ι
1179 1622 1240 1648 Ἐὰν
1248 1621 1276 1648 δὲ
1291 1622 1402 1657 γένηται
1412 1623 1439 1649 ὲν
1449 1622 1491 1649 σοὶ
1498 1622 1589 1658 ἐνδεὴς
1597 1624 1629 1649 ἐκ
1641 1623 1696 1649 τῶν
1708 1623 1832 1657 ἀδελφῶν

1045 1673 1102 1697 σου,
1117 1666 1147 1692 ὲν
1168 1667 1218 1702 μιᾷ
1237 1666 1290 1692 τῶν
1309 1667 1412 1694 πόλεών
1427 1676 1484 1699 σου.
1504 1669 1533 1694 ἐν
1545 1669 1577 1703 τῇ
1599 1669 1633 1703 γῇ
1653 1669 1686 1704 ἢν
1699 1668 1802 1704 Κύριος
1819 1669 1833 1695 ὁ

1044 1711 1109 1743 Θεός
1131 1720 1178 1738 σου
1200 1711 1290 1738 δίδωσί
1305 1721 1357 1745 σοι,
1373 1713 1422 1739 οὐκ
1444 1713 1623 1749 ἀποστρέψεις
1642 1714 1691 1750 τὴν
1715 1715 1831 1750 καρδίαν

1045 1765 1103 1790 σου,
1128 1757 1189 1784 οὐδὲ
1216 1757 1253 1793 μὴ
1279 1758 1429 1793 συσφίγξῃς
1454 1757 1503 1794 τὴν
1524 1759 1602 1793 χεῖρά
1627 1767 1674 1785 σου
1701 1759 1756 1785 ἀπὸ
1782 1758 1832 1785 τοῦ

1044 1803 1158 1836 ἀδελφοῦ
1173 1811 1229 1835 σου,
1242 1803 1288 1830 τοῦ
1302 1803 1486 1838 ὲπιδεομένου.
1511 1803 1638 1838 ’Λνοίγων
1653 1803 1768 1836 ἀνοίξεις
1781 1804 1832 1838 τὴν

1044 1849 1123 1884 χεῖρά
1138 1857 1184 1875 σου
1195 1849 1279 1884 αὐτῷ,
1291 1850 1394 1876 δάνειον
1408 1850 1506 1881 δανιεῖς
1516 1850 1590 1885 αὐτῷ
1602 1851 1662 1877 ὅσον
1674 1850 1706 1877 ἂν
1719 1850 1831 1885 ἑπιδέη-

1044 1903 1098 1927 ται,
1108 1895 1154 1921 καὶ
1162 1894 1222 1921 καθ’
1231 1895 1292 1921 ὅσον
1303 1895 1465 1931 ὑστερεῖται,
1478 1895 1598 1931 ῐιρόσεχε
1610 1896 1714 1931 σεαυτῷ
1724 1897 1832 1931 μήποτε

1044 1940 1157 1975 γένηται
1172 1941 1246 1976 ῥῆμα
1259 1941 1380 1976 κρυπτὸν
1392 1943 1421 1968 ὲν
1431 1939 1464 1977 τῇ
1476 1941 1574 1977 καρδίᾳ
1585 1951 1631 1969 σου
1645 1943 1775 1978 ἀνόμημα
1789 1942 1832 1968 λέ-

1044 1994 1115 2020 γων·
1134 1986 1252 2021 Ἐγγίζει
1264 1987 1294 2013 τὺ
1307 1987 1366 2019 ἔτος
1379 1987 1410 2014 τὸ
1420 1987 1542 2023 ἕϐδομον,
1557 1988 1616 2019 ἔτος
1628 1988 1678 2020 τῆς
1692 1989 1830 2022 ἀφέσεως,
1862 1992 1864 1994 ’

1046 2032 1092 2059 καὶ
1106 2033 1308 2068 πονηρεύσηται
1320 2034 1334 2059 6
1344 2033 1482 2068 ὀφθαλμός
1496 2042 1542 2060 σου
1554 2033 1591 2069 τῷ
1603 2033 1709 2069 ἀδελφῷ
1726 2043 1772 2060 σου
1790 2033 1830 2069 τῷ

1044 2079 1221 2115 ἐπιδεομένῳ,
1238 2080 1284 2106 καὶ
1293 2080 1324 2106 οὐ
1334 2079 1387 2114 δῷς
1400 2079 1483 2115 αὐτῷ,
1499 2080 1544 2107 καὶ
1558 2079 1604 2115 βοή
1610 2089 1683 2107 σεται
1694 2080 1764 2107 κατά
1781 2080 1829 2106 σοῦ

1043 2124 1112 2160 πρὸς
1124 2124 1235 2160 Κύριον,
1250 2125 1297 2151 καὶ
1315 2124 1390 2151 ἔσται
1409 2133 1450 2151 σοι
1462 2126 1584 2162 ἁμαρτία
1603 2125 1722 2161 μεγάλη·
1740 2125 1829 2157 διδοὺς

1043 2170 1138 2201 δώσεις
1155 2170 1241 2206 αὐτῷ,
1258 2170 1305 2196 καὶ
1325 2171 1429 2197 δάνειον
1441 2171 1539 2203 δανιεῖς
1559 2171 1632 2206 αὐτῷ
1643 2172 1704 2198 ὅσον
1715 2171 1748 2198 ἂν
1769 2172 1831 2198 ἑπι-

1043 2217 1134 2252 δέηταί
1152 2225 1210 2247 σου,
1230 2217 1277 2243 καὶ
1296 2217 1326 2243 οὺ
1343 2217 1487 2253 λυπηθήσῃ
1504 2219 1536 2253 τῇ
1554 2218 1652 2253 καρδία
1670 2226 1727 2251 σου,
1741 2217 1828 2244 διδόν-

1041 2272 1086 2294 τος
1102 2263 1149 2289 σοῦ
1170 2263 1260 2300 αὐτῷ·
1275 2263 1317 2289 ὅτι
1339 2263 1384 2290 διὰ
1400 2264 1430 2290 τὸ
1454 2264 1530 2299 ῥῆμα
1543 2264 1622 2290 τοῦτο
1637 2264 1779 2300 εὐλογήσει
1797 2273 1827 2291 σε

1042 2308 1142 2344 Κύριος
1165 2298 1184 2335 ό.
1195 2309 1261 2341 Θεός
1276 2318 1334 2341 σου,
1352 2310 1381 2335 ὲν
1398 2309 1465 2336 πᾶσι
1477 2310 1532 2341 τοῖς
1554 2309 1644 2345 ἔργοις
1660 2319 1717 2343 σου,
1729 2298 1783 2337 καὶ
1798 2311 1827 2337 ἐν

1042 2354 1124 2380 πᾶσιν
1134 2350 1164 2380 οὗ
1175 2354 1208 2382 ἂν
1223 2355 1353 2392 emtam;
1366 2355 1415 2391 τὴν
1426 2357 1506 2391 χεῖρά
1515 2365 1572 2384 σου.
1588 2366 1597 2382 ι
1616 2357 1653 2383 Οὐ
1669 2357 1824 2392 λυπηθήσῃ,

1042 2400 1120 2435 φησι,
1130 2402 1163 2436 τῇ
1174 2401 1273 2437 καρδίᾳ
1279 2401 1394 2433 διδόντος
1404 2401 1451 2428 σοῦ
1463 2401 1545 2436 αὐτῷ·
1552 2411 1561 2429 ‹
1575 2403 1677 2438 Ἰλαρδν
1688 2403 1741 2438 γὰρ
1748 2404 1826 2438 δότην

1042 2446 1136 2481 ἀγαπᾷ
1158 2446 1172 2472 ὁ
1190 2446 1272 2478 Θεὸς,
1287 2457 1295 2472 ι
1314 2447 1384 2474 κατά
1411 2447 1460 2482 τὴν
1487 2447 1535 2474 τοῦ
1560 2448 1695 2483 μακαρίου
1718 2448 1826 2475 Παύλου

1042 2492 1143 2527 φωνήν.

1077 2636 1179 2663 ΠΛΛΛ.
1201 2634 1266 2663 Εἶτα
1283 2635 1341 2667 πῶς
1364 2635 1395 2661 τὺ
1416 2634 1474 2666 ἔτος
1487 2634 1518 2660 τὸ
1542 2633 1653 2668 ἕϐδομον
1676 2632 1754 2659 τοῦτο
1776 2632 1826 2668 τὴν

1039 2682 1086 2709 τοῦ
1101 2682 1226 2717 Σωτῆρος
1241 2681 1318 2716 ἡμῶν
1338 2679 1485 2715 καταδηλοί
1508 2679 1668 2715 παρουσίαν,
1692 2678 1752 2705 καθ’
1766 2678 1798 2713 ἣν
1811 2679 1826 2704 6

1038 2731 1088 2763 τῆς
1101 2728 1227 2754 ἁπάντων
1248 2727 1370 2762 ἀφέσεως
1384 2725 1524 2760 ἀνεδείχθη
1547 2724 1652 2760 καιρὸς,
1677 2724 1737 2759 ἦτοι
1750 2731 1827 2750 τετε-

1039 2773 1147 2799 λείωται
1162 2772 1261 2807 τρόπος
1271 2781 1278 2805 ς

248 2864 266 2880 "
281 2864 346 2891 Luc.
365 2872 398 2896 vt,
413 2864 456 2890 50.
496 2864 517 2880 ²⁰
533 2863 614 2890 llebr.
631 2872 666 2896 Ix,
684 2864 722 2890 l0.
763 2864 782 2878 “
798 2863 844 2891 Col
874 2871 901 2895 it,
924 2864 963 2890 ll.
1003 2864 1022 2879 ²¹
1042 2863 1120 2890 Deut.
1138 2864 1178 2895 l3,
1197 2863 1249 2889 1-5.
1290 2836 1395 2889 "ibid.
1414 2861 1490 2889 7-10.
1510 2862 1531 2878 "
1546 2861 1568 2889 ll
1584 2861 1647 2889 Cor.
1666 2869 1703 2895 Ix,
1717 2861 1745 2889 7.
