1939 3041
79 159 132 187 569

436 157 479 185 DE
498 157 716 185 ADORATIONE
736 158 769 185 IN
790 155 923 185 SPlRlTU
944 156 987 183 ET
1004 156 1187 185 VERITATE.
1209 156 1272 183 LIB.
1290 156 1356 184 Vill.

1655 158 1707 186 570

115 215 201 242 ΚΥΡ.
225 214 260 241 Ἣ
280 215 310 241 οὗ
334 215 460 250 μεμνήσῃ
485 215 660 250 διειρηκότων
680 215 758 250 ἡμῶν
780 216 827 242 καὶ
843 215 862 240 ὲκ

957 213 1036 241 CYR.
1057 213 1097 240 An
1109 218 1138 241 tu
1151 214 1252 241 oblitus
1268 222 1308 246 es,
1324 222 1375 247 nos
1393 213 1521 248 superius
1531 215 1706 250 quoquejam

78 262 136 292 τοῖς
153 260 203 296 ήδη
226 260 429 296 παρῳχηκόσιν,
446 260 488 286 ὅτι
503 259 617 296 σύνηθες
632 262 666 296 τῇ
688 261 747 296 θείᾳ
763 261 867 295 Γραφῇ,

77 305 128 332 τοῦ
153 305 286 341 παρόντος
309 306 357 331 καὶ
380 306 556 341 ἐνεστηκότος
579 306 677 337 αἰῶνος
702 306 731 332 τὸ
761 305 870 340 σύμπαν

77 351 219 387 διάστημα
231 350 398 386 παρομοιοῦν
412 351 549 386 ὲϐδομάδι,
563 351 607 377 διὰ
621 352 670 386 τὴν
685 351 725 382 είς
738 351 768 376 τὸ
782 351 870 385 ἀπαρ-

79 398 132 433 χῆς
152 397 206 423 τῶν
226 397 337 432 ἡμερῶν
356 396 561 429 ἀνακύκλωσιν;
583 397 668 431 πέρας
686 396 740 431 γὰρ
753 396 868 431 ἑϐδομά-

79 443 142 474 δος,
166 444 197 469 τὸ
214 439 364 475 Σάϐϐατον,
388 444 435 469 καὶ
455 442 551 476 γείτων
566 442 677 477 εὐθὺςὴ
696 442 787 477 ὀγδόη,
806 442 869 468 νέαν

78 490 147 523 ἡμῖν
174 488 268 524 ὥσπερ
291 489 389 520 αἰῶνος
409 488 496 524 ἀρχὴν
518 488 720 523 εἰσκομίσουσα,
747 488 789 515 διὰ
819 488 868 522 τῆς

78 534 256 566 ἀναστάσεως
269 533 315 560 τοῦ
331 533 450 569 Χριστοῦ
456 553 462 560 .

115 580 220 607 ΠΑΛΛ.
241 580 434 615 Μεμνήσομαι.

114 625 198 652 ΚΥΡ.
226 624 424 660 Ἐπιδεδήμηκε
436 624 527 651 τοίνυν
538 623 609 650 κατά
621 623 669 654 τὰς
685 623 805 659 Γραφὰς,
821 623 867 650 ἐπὶ

79 670 222 707 συντελείᾳ
235 671 280 697 τοῦ
306 671 438 706 παρόντος
458 670 565 702 αἰῶνος,
589 671 634 696 καὶ
657 670 736 696 οἱονεί
760 678 817 701 πως
837 670 867 696 ὲν

78 717 212 753 Σαϐϐάτῳ
225 717 351 753 Χριστὸς,
365 717 409 744 ὅτε
424 718 471 743 καὶ
493 717 593 752 ἀνῆκεν
614 716 746 748 ἅπαντας,
764 716 866 751 σειραῖς

76 761 132 786 τῶν
147 761 256 788 οἰκείων
268 761 410 797 ἁμαρτιῶν
421 761 666 799 κατεσφιγμένους,
682 761 728 787 καὶ
744 761 866 795 ἐπωφλη-

77 805 160 837 κότας
178 807 254 842 αὐτῷ
266 808 327 839 τοὺς
338 808 389 841 τῆς
401 807 585 843 παραϐάσεως
600 808 704 842 λόγους.
721 807 865 842 Τοιγάρτοι

76 853 124 878 καὶ
136 853 164 878 ἐν
179 854 236 884 τοῖς
251 853 437 887 Εὐαγγελίοις,
452 853 603 888 ὀῳειλέταις
617 854 691 888 ἡμᾶς
705 853 864 887 παρεικάζει

76 897 179 931 λέγων·
197 907 207 923 ι
221 898 272 925 Δύο
285 899 479 934 χρεωφειλέται
496 897 565 934 ἦσαν
580 898 715 935 ἀνθρώπῳ
726 898 765 924 ἑνί
777 905 782 912 ·
798 899 812 924 ὁ
824 895 864 929 εἷς

77 942 192 977 ὤφειλεν
210 943 284 979 αὐτῷ
297 944 410 980 δηνάρια
426 945 601 975 πεντακόσια,
617 945 630 971 ὁ
645 944 673 971 δὲ
689 944 781 980 ἕτερος
798 952 863 970 πεν-

77 991 205 1024 τήκοντα.
225 991 270 1026 Μὴ
284 991 398 1026 ἑχόντων
413 991 442 1018 δὲ
459 991 550 1018 αὐτῶν
571 991 727 1023 ἀποδοῦναι,
743 990 864 1026 ἀμφοτέ-

78 1044 134 1070 ροις
151 1037 308 1071 ἐχαρίσατο.
337 1046 346 1062 ι
374 1037 429 1063 Καὶ
459 1037 527 1072 πρὸς
552 1038 656 1068 τούτοις
683 1036 723 1062 ἒτι
745 1036 791 1062 τὸν
816 1035 864 1070 τῆς

77 1083 232 1117 προσευχῆς
256 1082 320 1117 ἡμῖν
346 1082 516 1109 διαπλάττων
538 1082 634 1114 τύπον,
664 1090 673 1107 ι
700 1081 794 1112 Οὕτως
816 1078 863 1106 οὖν

77 1127 157 1161 ὑμεῖς
176 1127 371 1162 προσεύχεσθε,
389 1128 455 1163 φησι
465 1136 472 1143 ο
489 1128 580 1163 Πάτερ
592 1127 668 1163 ἡμῶν
682 1128 696 1154 ὁ
709 1127 738 1153 ὲν
752 1127 804 1158 τοῖς
817 1127 863 1152 οὑ-

77 1174 179 1209 ρανοῐς,
198 1173 355 1209 ἁγιασθήτω
372 1173 402 1199 τὸ
415 1173 501 1208 ὄνομα
520 1182 579 1205 σου,
599 1173 699 1199 ἐλθέτω
711 1173 728 1207 ὴ
742 1172 863 1207 βασιλεία

77 1226 134 1248 σου,
161 1217 305 1252 γενηθήτω
331 1217 362 1243 τὸ
391 1217 498 1252 θέλημά
524 1226 570 1244 σου
584 1217 622 1249 ὼς
640 1218 668 1244 ὲν
689 1217 796 1252 ούρανῷ
816 1217 863 1244 καὶ

76 1263 122 1289 ἐπὶ
135 1263 184 1300 τῆς
199 1264 260 1298 γῆς,
283 1263 328 1289 τὸν
344 1262 425 1298 ἄρτον
441 1263 520 1298 ἡμῶν
533 1263 577 1290 τὸν
593 1263 728 1290 ἐπιούσιον
741 1263 784 1294 δὺς
797 1263 863 1297 ἡμῖν

77 1309 207 1344 σήμερον,
230 1308 277 1335 καὶ
299 1308 367 1342 ἄφες
387 1309 453 1344 ἡμῖν
470 1309 503 1335 τά
523 1309 694 1344 ὀφειλήματα
718 1308 806 1344 ἡμῶν,
825 1308 863 1339 ὡς

77 1355 123 1382 καὶ
135 1355 216 1390 ἡμεῖς
238 1355 354 1390 ἀφίεμεν
370 1357 426 1386 τοῖς
445 1355 596 1390 ὀφειλέταις
607 1354 696 1390 ήμῶν.
712 1364 720 1380 ι
738 1354 862 1388 Πλαγίως

76 1398 122 1427 οὖν
146 1401 202 1437 ἄρα
221 1401 267 1427 καὶ
285 1400 490 1436 αἰνιγματωδῶς
515 1401 529 1426 ὁ
553 1401 633 1435 νόμος
657 1399 687 1426 τὸ
703 1399 773 1426 Θεῖον
797 1400 862 1434 ἡμῖν

77 1446 211 1481 ὑπεδήλου
233 1447 391 1482 μυστήριον,
411 1446 507 1480 ἄφεσιν
530 1444 664 1471 ποιεῖσθαι
686 1445 862 1480 προστάττων

74 1493 124 1528 τὴν
137 1492 170 1518 δι’
197 1492 264 1519 ἑτῶν
281 1492 361 1523 ἑπτὰ,
380 1492 425 1519 καὶ
439 1493 499 1523 ταῖς
519 1491 569 1525 τῆς
583 1491 765 1526 χρηστότητος
782 1490 861 1525 ὲμὸι-

76 1538 278 1573 ὕάζειτρίϐοις,
295 1538 444 1574 χρημάτων
457 1537 561 1572 ἀμείνω
573 1536 707 1563 ποιείσοαι
717 1536 860 1584 διδάσκων,
875 1555 896 1584 c

74 1584 124 1619 τὴν
144 1585 184 1616 εἰς
205 1583 334 1618 ἀδελφοὺς
360 1583 509 1618 ἀγάπησιν,
531 1582 726 1617 εὐμεταδότους
748 1590 777 1608 τε
792 1579 861 1607 εἶναι

75 1631 123 1657 καὶ
151 1631 326 1662 κοινωνικῶς
348 1629 517 1658 ἀναπείθων.
543 1629 590 1656 καὶ
612 1628 694 1655 οἱονεὶ
721 1628 863 1663 μελέτησίν

75 1685 136 1702 τινα
157 1676 206 1710 τῆς
221 1676 261 1707 εἰς
285 1675 408 1706 ἃπαντας
424 1674 617 1709 ἀφθονωτέρας
635 1673 735 1706 αἰδοῦς,
757 1675 806 1708 τὴν
823 1674 863 1705 είς

75 1722 189 1756 ἀδελιρδν
209 1722 256 1748 καὶ
277 1722 384 1756 γείτονα
397 1720 464 1753 τέως
479 1720 635 1756 ἡμερότητα
649 1720 742 1750 τιθείς.

111 1768 215 1794 [ΙᾹΛΛ.
237 1765 300 1794 Ὧδε
318 1767 385 1802 ἔχει.
406 1767 598 1802 Συναινέσαιμι
620 1766 674 1802 γὰρ
691 1766 862 1801 ἀριστοεπεῖν

75 1815 196 1841 ἐθέλοντί
211 1823 260 1841 σοι.

109 1860 192 1887 ΚΥΡ.
205 1861 259 1887 Καὶ
270 1859 300 1886 τὸ
311 1859 351 1886 ἑτι
366 1859 468 1895 μεῖζον,
481 1860 505 1886 εί
516 1858 622 1895 μάθοις,
637 1858 863 1894 καταθαυμάσαις

75 1905 118 1938 ἂν,
137 1903 159 1932 ὦ
175 1906 317 1933 Παλλάδιε.

110 1951 218 1977 ΠΛΛΛ.
236 1950 272 1976 Τὸ
288 1951 364 1976 ποῖον
374 1959 381 1982 ;

111 1996 194 2023 ΚΥΡ.
209 1996 398 2031 Χρηστότητος
411 1995 465 2031 γὰρ
480 1995 526 2021 κα)⁸
541 1994 716 2030 φιλαλληλίας
731 1995 770 2025 εἰς
785 1993 864 2020 τοῦτο

75 2043 210 2078 προήκειν
223 2041 295 2077 ἡμᾶς
310 2041 323 2067 ὁ
338 2040 419 2076 νόμος
436 2039 570 2076 βούλεται,
586 2039 623 2071 ὡς
638 2039 713 2065 οὐδὲν
726 2038 860 2073 ἡγεῖσθαι,

74 2088 125 2123 τῆς
142 2088 182 2119 εἱς
194 2087 324 2122 ἀδελφοὺς
337 2086 447 2122 ἀγάπης
463 2086 493 2112 τὴ
509 2085 675 2112 ἰσοστατοῦν.
690 2084 864 2110 Κατακολου-

75 2134 132 2160 θεῖν
155 2133 184 2160 δὲ
207 2132 277 2159 οὕτω
292 2132 422 2166 γεννικῶς
443 2133 503 2163 ταῖς
527 2131 570 2158 ἐπ’
587 2131 677 2162 αὐτοῖς
692 2129 861 2165 δυσθυμίαις,

75 2180 112 2211 ὡς
142 2179 190 2206 καὶ
212 2179 250 2214 tl)
270 2179 355 2214 ὀργῆς
380 2177 496 2213 ὁρᾶσθαι
512 2177 685 2212 κρείττονας,
712 2175 762 2202 κᾶν
782 2176 806 2202 εἰ
826 2175 863 2210 μὴ

75 2226 196 2259 γένοιντο
208 2225 276 2259 πρὸς
287 2225 360 2259 ἡμᾶς
371 2224 479 2255 ὁποίους
490 2221 559 2250 εἷναί
571 2231 599 2249 τε
612 2222 659 2248 καὶ
671 2221 783 2257 ὁρᾶσθαι
798 2222 861 2257 χρὴ,

74 2273 122 2298 καὶ
144 2272 204 2302 ταῖς
219 2270 438 2305 ἀφιλοστοργιαις
462 2269 564 2295 ἕλοιντο
583 2268 687 2294 λυπεῖν.
706 2268 798 2302 Ἔχεις
814 2268 861 2294 καὶ

76 2317 152 2345 τοῦδε
172 2317 218 2344 τὸν
231 2317 316 2344 τύπον
329 2318 357 2343 ἐν
368 2317 424 2347 τοῖς
445 2316 597 2351 Ἀριθμοῖς·
615 2325 623 2341 ι
638 2315 692 2342 Καὶ
717 2314 859 2342 ἀπέστειλε

74 2365 139 2398 γὰρ,
149 2364 240 2400 φησὶν,
248 2364 262 2389 ὁ
270 2363 371 2398 Μωσῆς
386 2363 517 2398 ἀγγέλους
533 2363 564 2388 ὲκ
573 2362 664 2397 Κάδης
674 2362 742 2397 πρὸς
748 2362 860 2397 βασιλέα

81 2410 180 2446 Ἔδὼμ,
199 2409 285 2443 λέγων
296 2417 302 2424 ·
328 2409 397 2435 Τάδε
419 2408 493 2443 λέγει
509 2409 523 2434 ὁ
537 2407 650 2442 ἀδελφός
667 2416 712 2433 σου
733 2408 858 2442 Ἰσραήλ·

75 2454 110 2480 Σὺ
125 2454 225 2490 ἐπίστῃ
242 2453 330 2480 πάντα
345 2453 390 2479 τὸν
408 2452 507 2488 μόχθον
523 2452 567 2478 τὸν
584 2452 698 2487 εὑρόντα
714 2452 797 2487 ἡμᾶς,
813 2453 860 2478 καὶ

74 2497 229 2533 κατέδησαν
243 2498 266 2524 οἱ
284 2497 401 2534 πατέρες
414 2498 492 2533 ἡμῶν
505 2498 545 2529 εἰς
564 2497 710 2532 Αἴγυπτον,
731 2498 777 2525 καὶ
789 2506 859 2534 παρ-

73 2544 222 2579 ῳκήσαμεν
233 2544 261 2569 ὲν
274 2543 515 2579 Αἱγύπτῳήμὲρας
527 2543 644 2576 πλείους,
659 2543 705 2570 καὶ
717 2543 859 2570 ἐκάκωσαν

75 2590 147 2624 ἡμᾶς
174 2590 199 2616 οι
224 2589 368 2624 Αἰγύπτιοι
393 2590 440 2616 καὶ
462 2590 526 2621 τοὺς
547 2589 669 2624 πατέρας
695 2589 791 2623 ἡμῶν,
812 2591 859 2616 καὶ

72 2635 261 2670 ἀνεϐοήσαμεν
275 2634 342 2670 πρὸς
355 2635 465 2670 Κύριον,
478 2636 524 2661 καὶ¹
539 2635 681 2669 εἰσήκουσε
696 2634 796 2669 Κύριος
810 2634 859 2669 τῆς

75 2683 166 2717 φωνῆς
193 2680 286 2716 ἡμῶν,
310 2680 357 2707 καὶ
382 2680 545 2712 ἀποστείλας
570 2679 698 2714 ἄγγελον,
725 2679 858 2714 ἐξήγαγεν

73 2725 145 2759 ἡμᾶς
161 2725 190 2758 ἑξ
203 2724 352 2758 Αἰγύπτου,
366 2724 413 2751 καὶ
427 2724 473 2750 νῦν
488 2725 570 2759 ἐσμεν
583 2725 611 2750 ὲν
625 2724 716 2759 Κάδης
728 2723 812 2755 πόλει,
827 2725 858 2750 ἐκ

109 2804 131 2820 ⁸⁸
145 2803 214 2832 Luc.
231 2812 278 2836 vn,
297 2804 341 2837 u,
357 2804 399 2832 42.
438 2805 460 2820 ²⁶
476 2804 613 2838 Matth.vr,
627 2806 703 2834 9-15.

921 258 1032 291 dixisse,
1045 259 1129 286 moris
1154 267 1215 287 esse
1242 259 1342 286 divinm
1367 259 1526 294 Scripturaz,
1548 260 1706 287 universum

919 305 1011 332 smculi
1026 305 1168 340 praesentis
1188 306 1316 340 spatium,
1329 310 1442 340 propter
1456 306 1531 332 illam
1550 306 1656 333 dierum
1672 307 1705 334 ad

919 352 1029 379 initium
1049 352 1249 379 revolutionem
1273 352 1437 379 hebdomadi
1451 353 1630 387 comparare?
1643 353 1706 380 ﬁnis

918 397 991 424 enim
1006 397 1183 424 hebdomadte
1207 397 1356 424 Sabbatum
1376 402 1432 430 est;
1458 398 1539 433 eique
1564 399 1706 433 proximus

918 443 1048 470 continuo
1061 447 1103 470 est
1119 443 1178 470 dies
1190 447 1312 475 octavus,
1329 444 1377 478 qui
1393 452 1493 471 novum
1506 445 1705 479 quodammodo

918 489 1010 516 saeculi
1022 489 1129 516 initium
1141 497 1190 524 per
1202 489 1304 517 Christi
1320 490 1547 517 resurrectionem
1562 491 1650 518 atl'ert.

952 576 1050 603 PALLt
1068 576 1189 604 Memini.

952 621 1029 648 CYR.
1044 621 1163 649 Advenit
1179 621 1261 657 igitur
1273 622 1424 650 secundum
1443 622 1598 657 Scripturas
1610 622 1637 649 in
1651 622 1703 650 ﬁne

917 667 1058 700 praisentis
1071 668 1172 700 saeculi,
1199 676 1231 695 ac
1257 668 1335 703 quasi
1361 669 1388 695 in
1409 667 1529 695 Sabban
1556 667 1700 695 Christus:

916 720 978 739 cum
992 713 1073 740 etiam
1098 722 1193 741 omnes
1213 715 1340 742 homines
1359 714 1484 746 exsolvit,
1501 714 1619 741 vinculis
1641 722 1704 748 pec-

915 762 1038 786 catorum
1057 768 1171 787 suorum
1187 761 1359 793 constrictos,
1372 765 1398 788 et
1414 760 1637 795 transgressionis
1647 768 1703 786 suae

917 801 1069 829 rationibus
1087 803 1233 830 reddendis
1247 805 1390 831 obnoxios.
1415 805 1509 838 Itaque
1526 809 1554 831 et
1572 805 1599 831 in
1612 805 1702 831 Evan—

916 846 992 880 geliis
1006 854 1057 874 nos
1072 847 1245 875 debitoribus
1259 852 1408 882 comparat,
1424 848 1520 875 dicens
1533 857 1539 874 ι
1556 859 1564 874 ι
1583 849 1640 875 Duo
1653 849 1702 875 dc-

881 885 1020 918 Bbitores
1049 897 1127 919 erant
1155 893 1264 919 cuidam
1289 893 1454 925 feneratori;
1486 901 1556 920 unus
1585 893 1703 920 debebat

914 936 1041 965 denarios
1064 938 1239 973 quingentos,
1260 939 1330 966 alter
1355 939 1550 974 quinquaginta
1572 948 1578 966 :
1599 944 1627 967 et
1641 948 1702 967 cum

913 990 968 1009 non
982 982 1115 1010 haberent
1130 984 1201 1011 unde
1215 984 1495 1017 redderent,donavit
1507 985 1630 1020 utrisque
1642 986 1675 1012 ’³.
1690 995 1699 1011 ›

911 1028 953 1055 Ad
965 1028 1032 1061 haec,
1044 1036 1106 1056 cum
1118 1029 1232 1056 fortnam
1244 1037 1353 1064 quoque
1365 1030 1461 1057 orandi
1473 1030 1552 1058 nobis
1564 1031 1701 1058 traderet:

918 1082 926 1098 ι
945 1073 1003 1105 Sic,
1018 1073 1122 1108 inquit,
1145 1081 1193 1101 vos
1219 1079 1295 1101 orate
1315 1084 1321 1101 ε
1344 1075 1423 1102 Pater
1441 1080 1545 1107 noster,
1562 1075 1609 1110 qui
1625 1083 1655 1103 es
1674 1076 1702 1103 in

914 1119 1001 1151 coelis,
1016 1120 1203 1147 sanetiticetur
1223 1128 1323 1147 nomen
1339 1125 1430 1154 tuum;
1449 1121 1575 1148 adveniat
1590 1129 1702 1156 regnum

913 1168 1001 1198 tuum,
1024 1165 1069 1192 fiat
1082 1166 1209 1192 voluntas
1231 1170 1277 1193 tua
1291 1166 1362 1193 sicut
1385 1167 1413 1193 in
1435 1167 1505 1194 coelo
1519 1171 1546 1194 et
1566 1167 1594 1194 in
1614 1171 1701 1200 terra;

913 1219 1010 1246 panem
1022 1215 1145 1239 nostrum
1157 1212 1347 1246 quotidianum
1362 1212 1396 1239 da
1411 1212 1492 1240 nobis
1506 1212 1602 1245 hodie,
1619 1217 1646 1240 et
1659 1214 1702 1240 di-

913 1257 990 1284 mitte
1006 1257 1085 1292 275
1101 1257 1181 1285 nobis
1192 1257 1285 1285 debita
1302 1262 1406 1290 nostra,
1421 1258 1492 1285 sicut
1504 1263 1531 1286 et
1542 1267 1592 1286 nos
1608 1259 1703 1287 dimit-

914 1303 1000 1330 timus
1010 1303 1183 1331 debitoribus
1193 1303 1296 1331 nostris
1306 1304 1339 1330 ’°.
1358 1314 1367 1329 ι
1390 1303 1505 1339 Oblique
1517 1304 1599 1340 igitur
1614 1309 1642 1332 et
1653 1313 1703 1340 per

911 1349 1026 1384 :enigma
1056 1350 1136 1377 nobis
1156 1350 1200 1377 lex
1218 1349 1341 1376 divinum
1369 1351 1529 1385 mysterium
1558 1351 1700 1384 indicavit;

911 1403 974 1422 cum
983 1395 1099 1430 septimo
1109 1403 1217 1431 quoque
1230 1404 1301 1422 anno
1313 1396 1521 1423 remissionnem
1535 1395 1592 1423 fieri
1604 1397 1700 1431 jussit:

913 1445 940 1467 et
956 1441 1037 1468 simul
1052 1441 1085 1468 ad
1103 1441 1283 1477 benignitatis
1303 1442 1415 1469 semitas
1432 1442 1547 1473 inducit,
1561 1442 1625 1469 dum
1637 1443 1703 1470 cha-

913 1489 1021 1517 ritatem
1039 1490 1066 1517 in
1077 1490 1176 1518 fratres
1191 1490 1296 1518 divitiis
1311 1498 1470 1526 praeponere
1486 1490 1575 1521 docet,
1587 1495 1614 1517 et
1624 1490 1702 1518 facile

913 1536 975 1563 aliis
998 1537 1133 1572 impertiri
1158 1540 1240 1571 atque
1260 1537 1463 1564 communicare
1490 1537 1586 1564 suadet
1602 1547 1607 1563 :
1621 1541 1702 1572 atque

913 1582 984 1610 hanc
998 1583 1109 1610 interim
1122 1583 1147 1609 in
1161 1582 1274 1609 fratrem
1288 1587 1315 1609 et
1328 1583 1483 1618 proximum
1501 1583 1700 1611 humanitatem

913 1629 991 1664 quasi
1003 1630 1229 1657 exercitationem
1243 1630 1391 1665 quamdam
1407 1631 1546 1665 proponit,
1560 1639 1608 1665 per
1619 1639 1701 1666 quam

913 1675 947 1702 ad
962 1675 1147 1702 liberaliorem
1162 1675 1237 1703 illam
1249 1683 1314 1711 erga
1324 1684 1420 1704 omnes
1429 1677 1555 1704 homines
1571 1678 1700 1712 pietatem

912 1719 1099 1754 perveniatur.

947 1765 1045 1792 PALL.
1066 1765 1111 1792 Sic
1125 1774 1153 1793 se
1169 1774 1214 1793 res
1225 1766 1309 1793 habet
1324 1766 1391 1794 :tibi
1402 1766 1475 1794 enim
1487 1767 1589 1802 optima
1599 1767 1699 1795 dicenti

913 1811 1056 1838 assentior.

947 1857 1025 1884 CYR.
1043 1857 1136 1892 Atqui,
1148 1858 1170 1885 si
1186 1858 1224 1891 id,
1243 1858 1315 1893 quod
1330 1859 1418 1894 majus
1430 1863 1484 1891 est,
1500 1859 1640 1892 didiceris,
1653 1859 1701 1887 ad-

913 1903 1060 1935 mirabere,
1077 1903 1189 1930 Palladi.

948 1948 1047 1975 PALL.
1064 1949 1134 1982 Quid
1147 1950 1219 1976 istud
1241 1950 1370 1977 tandem?

951 1994 1029 2021 (ΠΒ.
1043 1994 1083 2022 Ad
1103 2003 1163 2022 eam
1190 1996 1262 2022 enim
1287 1996 1331 2022 lex
1355 1996 1551 2031 benignitatem
1572 1996 1698 2031 progredi

913 2049 963 2068 nos
974 2040 1043 2072 Vult,
1053 2044 1084 2067 ut
1096 2040 1164 2066 nihil
1177 2041 1304 2068 charitati
1317 2041 1345 2067 in
1363 2041 1462 2068 fratres
1472 2041 1633 2076 :eqnandum
1647 2049 1700 2076 pu—

914 2092 1002 2114 tomus
1017 2096 1023 2113 :
1037 2087 1106 2114 adeo
1114 2086 1195 2113 etiam
1208 2087 1240 2113 iis
1248 2087 1346 2114 cedere
1367 2095 1398 2114 ac
1410 2086 1517 2114 fortiter
1525 2087 1595 2114 ferre
1603 2095 1700 2114 eorum

914 2134 1079 2160 inhumanos
1100 2137 1181 2167 atque
1199 2141 1312 2168 asperos
1334 2141 1435 2165 mores,
1455 2137 1486 2160 ut
1508 2134 1575 2160 iram
1589 2142 1699 2169 quoque

913 2180 1065 2210 vincamus,
1077 2179 1203 2214 quamvis
1216 2179 1255 2206 illi
1269 2187 1324 2206 non
1336 2179 1471 2214 ejusmodi
1490 2179 1544 2206 sint
1556 2187 1620 2214 erga
1637 2188 1697 2212 nos,

879 2224 900 2251 D
914 2225 1009 2260 quales
1030 2232 1078 2252 eos
1097 2232 1158 2251 esse
1180 2232 1212 2251 ac
1234 2224 1321 2251 videri
1340 2224 1485 2251 conveniat
1507 2224 1593 2258 :quin
1615 2224 1698 2251 etiam

913 2272 1004 2298 animo
1019 2279 1033 2298 ιλ
1045 2270 1145 2306 pietate
1159 2277 1272 2305 prorsus
1293 2269 1392 2301 alieno,
1410 2269 1490 2296 nobis
1515 2269 1637 2295 dolorem
1658 2269 1699 2296 in-

912 2325 992 2344 urere
1002 2320 1110 2343 curent.
1119 2315 1208 2342 Habes
1219 2315 1301 2350 hujus
1312 2319 1420 2349 quoque
1428 2315 1467 2342 rei
1479 2314 1589 2349 figuram
1603 2314 1629 2340 in
1642 2314 1699 2341 Nu-

912 2362 1010 2389 meris:
1027 2372 1034 2386 ι
1046 2361 1080 2388 Et.
1099 2361 1189 2393 misit,
1205 2360 1302 2394 inquit,
1325 2360 1429 2395 Moyses
1441 2359 1552 2386 nuntios
1566 2367 1599 2386 ex
1611 2359 1698 2387 Cadcs

912 2408 946 2435 ad
965 2415 1057 2443 regem
1081 2407 1178 2439 Edoni,
1205 2406 1299 2433 dicens
1323 2415 1329 2431 τ
1354 2406 1417 2433 Herc
1438 2406 1504 2432 dicit
1526 2405 1610 2432 frater
1635 2409 1698 2433 tuus

911 2454 993 2482 lsrael
1012 2453 1072 2480 :Tu
1085 2454 1138 2480 scis
1159 2460 1267 2480 omnem
1291 2452 1424 2483 laborem,
1450 2452 1497 2486 qui
1514 2451 1618 2479 invenit
1630 2460 1696 2485 nos;

910 2503 938 2527 et
949 2499 1150 2526 descenderunt
1163 2503 1253 2534 patres
1264 2498 1350 2526 nostri
1363 2499 1389 2525 in
1398 2498 1557 2534 Egyptum,
1575 2504 1602 2526 et
1614 2499 1698 2526 adve-

912 2553 954 2572 nze
965 2545 1067 2571 fuimus
1080 2544 1107 2570 in
1120 2543 1233 2580 Aigypto
1245 2544 1304 2571 dies
1320 2544 1490 2578 complures;
1507 2547 1535 2569 et
1545 2543 1698 2570 afﬂixerunt

913 2599 963 2618 nos
981 2588 1110 2626 i/Egyptii,
1131 2595 1159 2617 et
1176 2595 1267 2625 patres
1288 2593 1397 2617 nostros
1412 2598 1418 2615 :
1432 2593 1460 2616 et
1474 2589 1650 2616 clamavimus
1663 2589 1696 2616 ad

912 2638 1068 2669 Dominum,
1081 2641 1109 2664 et
1120 2636 1259 2664 exaudivit
1270 2636 1402 2663 Dominus
1417 2643 1511 2662 vocem
1525 2638 1657 2666 nostram,
1669 2639 1698 2662 et

913 2684 1024 2710 mittens
1037 2684 1173 2718 angelum,
1196 2682 1290 2709 eduxit
1310 2689 1359 2708 nos
1383 2689 1417 2708 ex
1441 2679 1565 2715 lEgypto.
1579 2679 1612 2706 Et
1624 2688 1697 2707 nunc

913 2735 1008 2754 sumus
1019 2727 1047 2754 in
1060 2727 1169 2754 civitate
1179 2727 1266 2755 Cades
1278 2735 1309 2755 ex
1322 2730 1398 2761 parte
1407 2725 1554 2754 confinium
1568 2728 1695 2752 tuorum:

110 2874 148 2910 (Ι)
162 2875 231 2903 Cod.
244 2875 342 2907 Vatia,
360 2874 566 2902 κατακολουθεῖν
580 2873 607 2901 δὲ
622 2874 691 2902 οὕτω
705 2874 750 2901 καὶ
769 2873 860 2910 φέρειν
876 2874 924 2906 τὰς
936 2875 978 2901 ἐπ’
999 2875 1089 2907 αὐτοῖς
1100 2873 1258 2910 δυσθυμίας,
1275 2873 1312 2906 ὡς
1330 2873 1385 2907 καί,
1402 2878 1456 2900 etc.
