1939 3041
265 165 313 193 δτι

778 169 806 197 S.
827 169 966 197 CYRILLI
985 169 1219 197 ALEXANDIHNI
1240 170 1394 198 ARCIIIEP.

1848 171 1896 198 572

265 224 442 252 transibimus
453 232 503 259 per
523 229 621 251 terram
640 229 724 257 tuam,
745 234 798 253 non
816 227 993 254 transibimus
1004 235 1041 262 ρο

1106 227 1203 262 μέρους
1218 227 1271 253 τῶν
1287 227 1368 263 ὁρίων
1388 236 1444 253 σου.
1467 225 1694 261 Ιιαρελιυσόμεθα
1715 225 1761 252 διὰ
1779 226 1830 261 τῆς
1845 228 1894 261 γῆς

262 277 342 304 agros
354 273 424 301 tuos,
438 276 526 304 neque
540 270 666 298 bibemus
684 279 780 306 aquam
795 272 828 299 de
845 273 972 299 cisternis
984 273 1048 304 tuis,

261 316 304 343 via
317 315 390 350 regia
403 315 569 351 gradiemur,
582 325 636 344 non
646 318 844 346 declinabimus
854 319 886 345 ad
898 319 1049 352 dexteram,

260 369 349 396 neque
358 362 391 388 ad
403 362 552 394 sinistram,
569 371 711 398 quousque
729 365 943 398 pI-zetericrimus
954 365 1048 391 termi-

259 415 310 434 nos
323 411 393 435 tuos.
407 408 521 435 Etdixit
534 408 567 435 ad
586 416 649 435 eum
669 409 754 436 Edoln
769 419 775 436 :
788 410 846 437 Non
870 409 1049 444 pertransibis

260 461 308 488 per
318 461 362 480 me
373 462 379 486 ;
392 453 493 488 alioqui
508 455 535 481 in
554 454 627 481 bello
648 454 729 481 exibo
753 454 780 481 in
803 462 947 482 occursum
960 458 1046 481 tuum.

259 499 399 526 Etdicunt
410 501 436 527 ei
449 500 497 527 filii
515 501 597 531 Israel
620 510 626 528 :
649 501 737 536 Prope
757 506 877 528 montem
893 501 1048 536 pneteribi-

259 551 336 576 Inus;
350 544 423 578 quod
436 545 457 572 si
472 553 505 572 ex
517 553 587 580 aqua
600 550 645 572 tua
658 546 812 573 biberimus
823 554 873 581 ego
888 547 1047 581 ctjnmenta

258 590 328 620 mea,
345 588 472 615 dabimus
484 590 602 624 pretium
619 589 684 622 tibi;
703 590 750 617 sed
765 598 808 617 res
827 591 904 625 parvi
916 591 1046 617 momenti

255 638 312 666 est;
321 641 405 669 prope
418 638 537 661 montem
550 635 839 669 pertransibimus.llle
852 643 918 663 vero
928 636 1046 663 ait:N0n

257 679 437 713 pertransibis
453 687 503 714 per
522 687 575 706 me.
601 680 634 707 Et
647 681 714 708 exiit
730 681 816 708 Edom
841 681 868 708 in
898 682 979 717 276
998 689 1045 709 oc-

256 728 369 750 cursum
382 724 420 751 illi
441 724 468 751 in
488 724 664 751 multitudine
677 725 762 760 gravi,
778 729 806 752 et
826 726 853 753 in
870 734 952 753 manu
966 726 1044 759 forti;

255 772 285 794 ct
296 768 385 795 noluit
402 769 487 796 Edom
509 769 668 803 permittere
689 770 794 800 Israeli.
820 774 848 797 ut
865 771 1046 805 pertransiret

257 820 306 847 per
318 814 450 842 terminos
472 823 553 847 suos;
573 820 602 842 et
623 815 772 843 declinavit
787 816 869 843 Israel
887 816 922 843 ab
933 823 967 844 eo
981 817 1015 843 ".
1031 826 1040 842 ι

255 860 342 887 Audis
356 868 413 892 eos,
426 862 472 896 qui
487 862 520 889 de
534 870 634 897 genere
650 867 728 889 erant
743 862 837 895 Israel,
850 863 884 890 iis
903 863 1043 895 arumnis,

1105 281 1162 303 σου,
1177 273 1207 298 οὐ
1220 273 1413 308 διελευσόμεθα
1428 273 1461 299 δι’
1474 273 1577 308 ἀγρῶν,
1588 272 1649 298 οὐδὲ
1663 272 1698 298 δι’
1711 271 1893 307 ἀμπελώνων,

1103 318 1163 344 οὐδὲ
1190 318 1307 354 πιόμεϐα
1332 319 1404 353 ὕδωρ
1430 319 1463 344 ἐκ
1487 318 1588 344 λάκκου
1611 326 1671 349 σου,
1691 317 1744 353 ὁδῷ
1767 316 1892 352 βασιλικῇ

1103 363 1304 399 πορευοίμεθα,
1321 364 1370 390 οὐκ
1390 363 1567 398 ἐκκλινοῦμεν
1587 363 1663 396 δεξιὰ
1679 362 1738 388 οὐδὲ
1753 362 1891 396 εὐώνυμα,

1101 408 1154 440 ἕως
1169 409 1201 436 ἂν
1216 408 1396 444 παρέλθωμεν
1411 409 1445 436 τὰ
1460 409 1523 444 ὁριά
1538 418 1594 435 σου.
1613 409 1667 435 Καὶ
1681 406 1742 434 εἷπε
1759 408 1831 442 πρὸς
1847 409 1893 434 αὺ-

1101 454 1147 480 τὸν
1165 454 1269 490 Ἐδώμ·
1284 455 1321 481 Οὐ
1339 454 1460 491 διελεύσῃ
1472 455 1505 482 δι’
1522 453 1601 489 ἐμοῦ,
1617 455 1640 480 εὶ
1657 454 1685 480 δὲ
1702 454 1751 488 μὴ,
1770 454 1800 478 ὲν
1815 452 1894 479 πολέ-

1103 509 1146 535 μῳ
1166 500 1340 536 ὲξελεύσομαι
1365 502 1404 532 είς
1427 501 1590 535 συνάντησιν
1610 508 1660 526 σοι.
1687 499 1742 526 Καὶ
1767 499 1892 532 λέγουσιν

1101 546 1174 580 αὐτῷ
1189 547 1214 572 οἱ
1227 547 1279 572 υἱοὶ
1299 547 1406 581 Ἰσραήλ
1416 555 1422 560 ·
1439 545 1517 581 Παρὰ
1531 545 1561 572 τὸ
1574 545 1636 580 ὅρος
1648 544 1889 580 παρελευσὸμεθα’

1101 591 1147 616 ἐὰν
1163 590 1190 616 δὲ
1206 590 1253 616 τοῦ
1268 590 1361 622 ὕδατός
1378 599 1424 616 σου
1440 591 1546 625 πίωμεν
1560 590 1616 623 ἐγώ
1639 597 1668 615 τε
1685 590 1731 616 καὶ
1748 589 1784 615 τὰ
1803 589 1888 623 κτήνη

1101 644 1162 670 μου,
1177 635 1254 662 δώσω
1277 636 1359 671 τιμήν
1375 644 1414 662 σοι
1425 643 1432 651 ·
1454 635 1535 662 Ἀλλᾶ
1550 635 1580 662 τὺ
1596 635 1712 671 πρᾶγμα
1726 634 1804 661 οὐδέν
1819 635 1887 666 ἐστι,

1099 682 1174 713 τιαρά
1195 681 1226 708 τὸ
1249 681 1313 717 ὅρος
1339 681 1572 716 παρελευσόμεθα.
1592 681 1621 707 '0
1638 680 1667 707 δὲ
1683 678 1778 707 εἶπεν·
1792 680 1831 707 οὐ
1849 680 1888 706 δι-

1098 727 1195 762 ελεὺσῃ
1217 727 1251 753 δι’
1272 727 1350 762 ἐμοῦ.
1369 727 1423 753 Καὶ
1437 727 1548 762 ἐξῆλθεν
1569 726 1658 762 Ἐδὼμ
1670 727 1711 758 είς
1725 725 1888 760 συνάντησιν

1098 772 1171 808 αὑτῷ
1187 773 1215 800 ὲν
1236 772 1306 808 ὔχλῳ
1327 772 1414 808 βαρεῖ,
1429 773 1475 798 καὶ
1493 773 1522 798 ὲν
1537 772 1609 808 χειρὶ
1633 772 1742 807 ἰσχυρᾷ.
1765 771 1822 797 Καὶ
1838 771 1888 796 οὐκ

1096 818 1229 854 ἠθέλησεν
1256 818 1345 853 Ἐδὼμ
1365 818 1456 845 δοῦναι
1475 818 1514 854 τῷ
1543 818 1652 854 Ἰσραὴλ
1674 817 1822 852 παρελθεῖν
1844 816 1888 843 διὰ

1096 865 1149 892 τῶν
1161 865 1242 900 ὁρίων
1258 865 1350 898 αὐτοῦ,
1365 865 1412 891 καὶ
1425 864 1560 898 ἐξέκλινεν
1579 864 1687 900 Ἰσραὴλ
1700 863 1748 890 ἀπ’
1763 862 1858 889 αὐτοῦ.
1875 872 1884 887 ι

255 914 324 941 quas
335 907 362 933 in
373 907 488 943 (Egypto
501 909 681 943 pertulerant,
695 913 849 943 opportune
865 909 1041 942 enumeratis,

1103 911 1225 943 ’Λκούεις
1239 911 1329 944 ὅπως,
1345 911 1370 938 οι
1389 912 1438 946 μὲν
1453 911 1484 944 ἐξ
1504 911 1619 947 αἵματος
1644 911 1769 947 Ἰσραὴλ,
1791 910 1841 942 τὰς
1859 910 1886 936 ἐν

255 955 283 977 et
295 952 406 986 superbi
423 952 496 980 illius
508 953 666 980 dominatus
687 953 776 981 modis
793 954 952 989 frequenter
963 959 1046 990 atque

255 1000 319 1030 apte
332 999 563 1031 commemoratis,
576 998 752 1032 beneﬁcium,
771 999 843 1034 quod
858 1000 926 1027 nihil
940 1000 1046 1027 incom-

256 1041 329 1068 modi
346 1042 466 1073 afl‘erret.
483 1048 591 1077 petere;
613 1044 810 1079 propemodum
822 1050 964 1079 cognatam
977 1054 1045 1080 gen-

255 1090 309 1113 tem
332 1087 494 1122 adjutricem
518 1090 569 1116 sibi
603 1090 752 1125 adiungere
776 1090 919 1118 studentes
955 1091 1044 1126 (erant

254 1132 327 1159 enim
339 1141 372 1160 ex
385 1134 454 1161 Esau
476 1135 559 1162 fratre
570 1136 681 1170 Iacob);
704 1136 751 1162 sed
763 1144 832 1170 quos
845 1137 877 1163 ad
890 1137 1045 1163 misericor—

253 1177 327 1205 diam
339 1187 435 1207 eorum
449 1182 615 1209 commoveri
627 1190 736 1217 aequum
752 1182 851 1214 fuerat,
872 1187 900 1210 et
915 1183 969 1210 illis
980 1191 1043 1218 per-

254 1224 374 1258 mittere,
388 1230 418 1253 ut
428 1235 460 1254 ea
477 1227 609 1261 facerent,
627 1236 688 1263 qua:
706 1229 758 1256 sibi
772 1229 849 1256 utilia
862 1234 889 1257 et
901 1229 1043 1256 commoda

252 1278 313 1298 esse
326 1271 440 1306 scirent,
456 1281 504 1300 eos
515 1274 600 1301 duros
611 1274 696 1302 fuisse
717 1279 746 1302 et
763 1283 884 1310 asperos,
897 1281 924 1303 et
940 1284 955 1303 a
966 1283 1042 1303 com-

253 1318 429 1347 miseratione
454 1321 568 1354 alienos.
583 1322 704 1357 ipsarum
717 1330 810 1350 rerum
823 1323 912 1350 exitus
919 1330 1043 1357 compro-

253 1362 328 1390 bavit
343 1371 350 1390 :
363 1364 508 1399 prohibent
521 1366 594 1394 enim
608 1375 655 1395 eos
667 1376 682 1395 a
696 1368 751 1399 via,
761 1369 886 1404 quamvis
895 1369 940 1396 ille
953 1377 1042 1404 popu-

252 1409 296 1436 lus
308 1414 400 1444 aperte
413 1410 528 1445 diceret,
541 1420 571 1441 se
593 1421 684 1448 neque
703 1414 801 1447 vineis,
816 1422 904 1449 neque
915 1422 1041 1450 agrorum

252 1455 390 1483 fructibus
411 1465 527 1492 usquam
550 1458 680 1487 damnum
705 1460 842 1487 illaturnm
858 1469 864 1486 :
882 1460 948 1494 quin
959 1460 1041 1487 etiam

253 1500 340 1535 ipsam
361 1508 470 1538 quoque
493 1511 591 1539 aquam
616 1513 671 1532 non
683 1506 742 1532 sine
762 1506 850 1541 pretio
866 1506 1038 1533 hausturum.

252 1546 301 1574 Ille
310 1555 386 1582 vero,
399 1548 453 1576 nisi
460 1549 494 1577 ab
505 1549 548 1582 iis,
560 1557 619 1584 qua:
632 1551 771 1586 petebant,
781 1551 971 1583 abscederent,
986 1560 1039 1579 non

1095 956 1227 992 Αἰγύπτῳ
1248 957 1434 992 ταλαιπωρίας
1458 958 1600 994 χρησίμως
1627 957 1884 993 ἀπαριθμούμενοι,

1096 1002 1143 1029 καὶ
1161 1002 1210 1037 τῆς
1232 1002 1387 1035 πλεονεξίας
1402 1004 1466 1035 τοὺς
1487 1005 1604 1039 τρόπους
1624 1004 1679 1030 ἀνω
1694 1011 1724 1029 τε
1741 1003 1790 1029 καὶ
1811 1003 1886 1029 κάτω

1097 1048 1278 1081 συντιθέντες,
1304 1049 1418 1081 ἀστείως
1437 1050 1485 1084 τὴν
1510 1050 1586 1076 οὐδὲν
1611 1049 1758 1076 ἀδικοῦσαν
1777 1048 1884 1075 attain;

1094 1091 1184 1126 χάριν,
1202 1093 1342 1127 μονονουχὶ
1354 1093 1526 1130 συλλήπτορα
1540 1094 1674 1120 ποιεῖσθαι
1687 1094 1886 1125 σπουδάζοντες

1093 1137 1138 1161 τὸν
1152 1137 1278 1173 ὁμογενῆ·
1290 1139 1337 1165 καὶ
1349 1139 1403 1174 γὰρ
1415 1137 1485 1175 ἦσαν
1497 1139 1527 1172 ἐξ
1544 1139 1630 1167 Ἦσαῦ
1643 1140 1752 1175 ἀδελφοὶ
1773 1139 1884 1166 Ἰακώϐ·

1093 1181 1118 1207 οἱ
1144 1181 1172 1208 δὲ
1205 1183 1292 1210 καίτοι
1315 1187 1499 1222 κατοικτεῖραι
1524 1187 1594 1217 δέον.
1633 1187 1738 1221 ὲφεῖναί
1765 1195 1796 1213 τε
1818 1187 1885 1222 δρᾷν

1093 1227 1161 1264 ὅπερ
1179 1229 1212 1255 ἂν
1234 1230 1328 1256 εἰδεῖεν
1346 1232 1480 1266 χρήσιμόν
1496 1240 1526 1259 τε
1544 1234 1592 1260 καὶ
1611 1232 1751 1267 ὲπωφελὲς
1772 1233 1883 1264 αὐτῶν,

1094 1274 1206 1310 σκληροι
1220 1283 1249 1302 τε
1259 1276 1304 1302 καὶ
1316 1277 1481 1313 ἀτεράμονες
1496 1279 1543 1306 καὶ
1554 1280 1697 1313 συναλγεῖν
1706 1280 1757 1305 οὐκ
1770 1279 1883 1310 ειδότες,

1091 1319 1126 1345 δι’
1141 1319 1230 1347 αὐτῶν
1243 1321 1386 1356 ἠλέγχοντο
1399 1323 1453 1349 τῶν
1468 1325 1648 1359 πραγμάτων·
1660 1324 1816 1360 ὲξείργουσι
1829 1324 1884 1360 γὰρ

1091 1365 1152 1392 ὁδοῦ
1163 1386 1170 1396 ,
1199 1366 1287 1393 καίτοι
1308 1367 1432 1402 λέγοντος
1447 1369 1567 1404 ἐναργῶς
1582 1369 1629 1396 τοῦ
1644 1370 1719 1400 λαοῦ,
1745 1371 1816 1405 μήτε
1829 1371 1883 1404 ἀμ-

1092 1411 1193 1438 πελῶσι
1205 1433 1211 1442 ,
1229 1413 1296 1448 μήτε
1312 1413 1406 1448 ἀγρῶν
1430 1415 1591 1450 εὑκαρπίιις
1609 1415 1804 1442 κατασίνεσϐαί
1822 1424 1881 1448 ποι,

1091 1457 1159 1484 ἀλλά
1182 1459 1228 1484 καὶ
1249 1458 1320 1494 ὕδωρ
1338 1460 1480 1495 ἀντλήσειν
1495 1461 1545 1487 οὐκ
1561 1461 1725 1496 ἀνάργυρον.
1753 1461 1783 1487 '0
1802 1461 1843 1493 δὲ,
1859 1461 1881 1487 εί

1093 1503 1129 1538 μὴ
1146 1503 1282 1538 βούλοιντο
1302 1504 1356 1531 τῶν
1372 1505 1537 1541 αἰτηθέντων
1554 1507 1708 1541 ἀποχωρεῖν
1719 1526 1726 1537 ,
1749 1506 1781 1532 οὐ
1798 1515 1882 1542 προσ-

1090 1549 1221 1584 ηπείλησε
1244 1551 1323 1585 μόνον
1342 1551 1392 1586 τὴν
1414 1551 1524 1586 ἔφοδον,
1540 1551 1597 1578 ἀλλ’
1615 1550 1649 1587 ἦν
1667 1553 1714 1578 καὶ
1734 1553 1763 1578 ὲν
1787 1553 1881 1584 ὅπλοις

256 1593 339 1621 modo
352 1602 380 1621 se
391 1602 439 1622 eos
451 1595 612 1623 invasurqu
625 1597 807 1624 comminatus
818 1601 876 1629 est;
890 1597 937 1624 sed
947 1598 1001 1632 jam
1015 1597 1041 1624 in

1094 1595 1155 1631 ἤδη,
1171 1596 1218 1623 καὶ
1240 1598 1403 1631 πανστρατὶ,
1428 1598 1620 1634 παρετάττετο.
1642 1598 1696 1624 Καὶ
1716 1598 1742 1623 τί
1763 1598 1796 1633 δὴ
1815 1598 1881 1633 πρὸς

252 1640 336 1666 armis
343 1644 445 1673 erat,et
457 1641 682 1677 universiscopiis
692 1643 809 1675 eductis,
822 1642 905 1670 aciem
914 1643 1044 1670 adversus

251 1694 300 1713 eos
313 1686 476 1715 instruebat.
489 1687 559 1721 Quid
571 1696 654 1723 porro
666 1689 700 1716 ad
714 1689 771 1716 haac
783 1689 865 1716 Israel
874 1689 886 1716 ?
896 1689 961 1716 vicit
973 1689 1043 1717 indi-

253 1732 393 1766 gnationis
415 1733 666 1768 perturbationem;
693 1734 836 1761 declinavit
850 1735 923 1762 enim
936 1735 970 1762 ab
984 1735 1039 1769 illo,

251 1778 352 1813 inquit,
365 1779 568 1806 contentionem
581 1779 713 1806 adversus
726 1779 826 1806 fratres
837 1780 966 1806 nimirum
979 1788 1040 1808 sus-

252 1823 345 1859 cipere
369 1824 468 1856 vitans,
483 1832 514 1852 ac
530 1825 743 1860 propinquitatis
762 1825 849 1859 legem
871 1834 978 1854 summa
992 1835 1039 1862 pa-

254 1869 348 1896 tientia
368 1874 523 1898 veneratus.
539 1872 580 1897 An
598 1870 655 1898 haec
669 1877 724 1898 non
739 1870 775 1897 ita
788 1877 817 1898 se
830 1871 930 1899 habere
945 1872 1040 1908 putas?

289 1914 387 1942 I’Al.l..
401 1915 439 1941 Ita
459 1923 580 1952 prorsus.

287 1960 364 1986 ΟΥΕ,
384 1960 469 1995 Igitur
484 1961 699 1996 indignationem
714 1961 875 1996 reprimere,
888 1967 916 1989 et
930 1963 983 1990 iras
991 1971 1039 1990 co-

255 2004 363 2037 hibere,
379 2014 410 2032 ac
421 2014 471 2041 pro
483 2007 695 2042 uniuscujusque
708 2009 920 2043 pcecatispmum
927 2009 1038 2036 modum

252 2051 394 2082 adhibere.
420 2057 550 2086 prieterca
581 2053 616 2080 de
645 2060 810 2088 unoquoque
837 2059 909 2081 recta
931 2059 960 2082 et
979 2063 1038 2090 qua:

250 2098 362 2124 omnino
374 2098 537 2132 reprehendi
550 2106 605 2125 non
624 2098 740 2132 possint,
753 2106 767 2125 a
777 2099 856 2126 nobis
867 2099 925 2126 fieri
935 2101 1037 2135 judicia

250 2143 371 2172 fructum
386 2143 412 2170 id
431 2151 491 2171 esse
503 2152 534 2171 ac
547 2152 646 2171 munus
658 2145 800 2172 charitatis
813 2145 838 2172 in
852 2145 958 2179 fratres,
971 2155 1037 2175 ceu-

250 2189 365 2221 sendum
379 2193 430 2216 est.

286 2236 383 2264 PALL
401 2237 435 2263 Et
445 2236 556 2271 quidem
569 2237 630 2272 jure
642 2238 756 2273 optimo.

283 2281 362 2308 ΟΥΕ.
379 2281 406 2307 In
421 2286 549 2316 promptu
562 2287 603 2310 est
617 2283 700 2318 igitur
714 2284 820 2317 audire,
834 2284 856 2312 si
869 2285 945 2318 velis,
962 2294 1035 2313 mine

250 2327 509 2361 quidemdicentem
531 2337 537 2354 :
556 2329 613 2356 ιΕι
635 2338 689 2357 non
712 2331 838 2358 irasceris
858 2331 921 2359 filiis
941 2332 1033 2366 populi

251 2373 291 2401 tui
303 2373 335 2399 ’⁸.
348 2382 356 2398 ι
368 2373 442 2400 Alias
455 2378 565 2401 autem:
582 2384 591 2400 ι
613 2375 640 2402 Si
656 2376 738 2404 fuerit
750 2378 937 2405 controversia
963 2379 1035 2405 inter

250 2419 384 2451 homines.
397 2422 424 2446 et
438 2421 644 2449 accesserintad
654 2423 1035 2459 judicium,etjudicaverint,
1052 2421 1074 2451 D

248 2463 560 2500 jnstitleabuntjustum,
576 2471 606 2499 et,
625 2468 846 2496 condemnabunt
859 2469 972 2504 impium
989 2479 994 2496 :
1009 2475 1037 2497 et

249 2508 313 2538 erit,
327 2508 349 2534 si
369 2508 452 2536 fuerit
468 2509 566 2545 dignus
587 2512 683 2547 plagis,
707 2513 754 2547 qui
777 2513 944 2547 impietatem
960 2514 1035 2546 fecit,

250 2558 408 2588 prosternes
418 2563 481 2582 eum
494 2564 584 2584 coram
594 2558 741 2593 iudicibus,
750 2562 777 2586 et
789 2559 962 2593 ﬁagcllabunt
973 2568 1035 2587 eum

250 2606 340 2626 coram
362 2600 438 2635 ipsis,
461 2603 611 2630 secundum
637 2603 802 2638 impietatem
826 2606 894 2640 ejus,
920 2614 1035 2634 numero

251 2645 428 2681 quadraginta
441 2647 616 2683 flagellabunt
629 2658 709 2682 eum;
725 2658 778 2676 non
798 2650 914 2678 addent:
928 2651 1000 2685 quod
1013 2652 1035 2678 si

250 2690 405 2718 addiderint
420 2692 555 2728 flagellare
576 2702 638 2721 eum
657 2695 726 2722 ultra
745 2695 793 2722 has
816 2696 907 2731 plagas
932 2697 1034 2731 plures,

251 2735 440 2771 deturpabitur
451 2737 536 2765 frater
550 2742 613 2766 tuus
632 2747 723 2766 coram
743 2743 770 2767 te
786 2741 817 2767 ‘9.
835 2750 843 2765 ›

289 2877 309 2893 ²⁷
326 2877 406 2904 Num.
424 2885 467 2911 xx,
488 2878 574 2905 H—ﬂl.
615 2879 636 2894 ⁸⁸
651 2878 739 2906 Levil.
758 2887 810 2913 xxx,
827 2879 866 2907 l7.

1093 1641 1171 1668 τοῦτο
1183 1650 1190 1673 ;
1206 1642 1338 1676 κρείττων
1348 1641 1382 1678 ἦν
1394 1643 1576 1678 μικροψυχίας
1590 1644 1604 1670 ὁ
1621 1643 1730 1678 Ἰσραήλ
1739 1651 1746 1658 ·
1759 1642 1881 1675 ἐξέκλινε

1092 1687 1147 1722 γὰρ
1162 1686 1208 1713 ἀπ’
1225 1687 1317 1720 αὑτοῦ,
1336 1688 1412 1722 φησι,
1426 1688 1456 1714 τὸ
1470 1688 1537 1724 πρὸς
1551 1688 1682 1723 ἀδελφοὺς
1699 1687 1793 1724 δύσερι
1810 1697 1881 1723 παρ-

1092 1732 1254 1768 ωθούμενος,
1271 1734 1317 1760 καὶ
1335 1734 1384 1768 τῆς
1400 1734 1558 1769 ἀγχιστείας
1573 1734 1618 1760 τὸν
1632 1734 1723 1768 νόμον,
1737 1735 1800 1765 ταῖς
1812 1734 1882 1767 ἄγαν

1092 1777 1279 1811 ἀνεξικακίαις
1300 1779 1496 1815 ὲκτετιμηκώς.
1519 1780 1553 1806 'II
1572 1779 1620 1814 οὐχ
1639 1776 1689 1806 ὦδε
1705 1779 1778 1815 ἔχειν
1800 1780 1882 1814 οἰήσῃ

1090 1826 1183 1858 tam;

1127 1925 1230 1952 IIAAA.
1245 1926 1300 1952 Καὶ
1314 1926 1394 1953 πάνυ.

1124 1971 1207 1998 ΚΥΡ.
1225 1971 1330 1998 Οὐκοῦν
1346 1972 1376 1998 τδ
1393 1972 1496 2007 θυμοὺς
1518 1971 1679 1998 ἀνακόπτειν
1699 1971 1746 1998 καὶ
1767 1971 1878 1998 ἀνασει-

1091 2017 1182 2052 ράζειν
1205 2017 1300 2052 ὀργὰς,
1329 2017 1376 2044 καὶ
1400 2018 1556 2052 ὲπιμετρεῖν
1573 2017 1710 2051 ἀναλόγως
1729 2016 1778 2049 τὰς
1801 2016 1880 2048 δίκας

1087 2065 1144 2094 τοῖς
1159 2063 1273 2089 ἑκάστου
1294 2062 1466 2097 πταίσμασι,
1481 2064 1526 2089 καὶ
1547 2063 1599 2099 μὴν
1615 2063 1662 2089 καὶ
1676 2063 1706 2089 τὸ
1723 2062 1778 2088 δεῖν
1794 2062 1879 2097 ὀρθὰς

1088 2110 1135 2135 καὶ
1157 2109 1334 2144 ἀδιαῦλήτους
1356 2108 1493 2140 παντελῶς
1519 2109 1685 2143 πράττεσθαι
1708 2109 1776 2144 πρὸς
1799 2109 1878 2144 ήμῶν

1087 2154 1135 2185 τᾲς
1147 2155 1188 2188 ἐφ’
1202 2153 1308 2190 ἑκάστῳ
1320 2154 1435 2190 κρίσεις,
1450 2155 1559 2190 ἀγάπης
1571 2153 1639 2181 εἶναι
1651 2154 1817 2190 λογιούμεθα
1829 2155 1879 2190 τῆς

1087 2201 1126 2231 είς
1141 2200 1270 2234 ἀδελφοὺς
1285 2199 1389 2235 καρπόν
1406 2209 1435 2226 τε
1451 2201 1497 2226 καὶ
1511 2200 1694 2236 ἀποτέλεσμα.

1123 2246 1226 2272 llAAA.
1241 2246 1296 2272 Καὶ
1311 2245 1384 2280 μάλα
1397 2245 1520 2277 δικαίως.

1120 2292 1200 2318 ΚΥΡ.
1222 2292 1301 2327 Ilipa.
1321 2291 1354 2326 δὴ
1382 2289 1428 2318 οὖν
1453 2291 1573 2318 ἐθέλοντι
1599 2300 1655 2322 σοι,
1684 2292 1876 2320 διαπείοεσθαι

1087 2336 1177 2366 πάλιν,
1193 2336 1256 2363 ποτὲ
1270 2336 1320 2372 μὲν
1332 2337 1466 2371 λέγοντος,
1483 2347 1491 2363 ι
1511 2337 1565 2364 Καὶ
1576 2337 1606 2364 οὐ
1621 2335 1727 2373 μηνιεῖς
1738 2340 1795 2370 τοῖς
1807 2340 1878 2370 υἱοῖς

1086 2382 1132 2408 τοῦ
1145 2382 1209 2408 λαοῦ
1218 2391 1263 2409 σου
1274 2383 1365 2409 ’,ποτε
1375 2383 1402 2409 δὲ
1415 2382 1448 2410 αὖ
1460 2392 1482 2409 ·‹
1496 2384 1559 2410 Ἐὰν
1572 2383 1600 2410 δὲ
1613 2383 1724 2419 γένηται
1735 2385 1876 2419 ἀντιλογὲα

1087 2427 1139 2454 ἀνὰ
1154 2428 1234 2462 μέσον
1249 2427 1399 2463 ἀνθρώπων
1410 2449 1417 2460 ,
1441 2430 1487 2456 καὶ
1504 2429 1689 2465 προσέλθωσιν
1711 2431 1751 2461 είς
1771 2431 1874 2465 κρίσιν,

1088 2474 1134 2501 καὶ
1153 2473 1265 2509 κρίνωσι
1285 2474 1331 2501 καὶ
1356 2475 1520 2502 δικαιώσωσι
1540 2476 1585 2503 τὸν
1604 2476 1708 2502 δίκαιον
1734 2476 1781 2502 καὶ
1809 2485 1875 2502 κατ-

1087 2519 1189 2553 αγνῶσι
1203 2519 1250 2546 τοῦ
1272 2520 1395 2551 ἀσεϐοῦς.
1414 2520 1461 2546 καὶ
1475 2520 1522 2547 ὲάν
1535 2520 1609 2553 ἄξιος
1656 2521 1768 2555 πληγῶν
1784 2522 1798 2548 ὁ
1813 2521 1875 2547 ἀσε-

1087 2565 1153 2597 ϐῶν,
1174 2565 1221 2591 καὶ
1244 2566 1347 2598 καθιεὶς
1370 2566 1451 2592 αὑτὸν
1473 2567 1593 2594 ἐναντίον
1611 2567 1665 2593 τῶν
1691 2567 1812 2602 κριτῶν,
1829 2568 1875 2594 καὶ

1089 2609 1304 2643 μαστιγώσουσιν
1339 2610 1419 2636 αὑτὸν
1449 2611 1568 2638 ἐναντίον
1594 2611 1693 2645 αὑτοῦ,
1723 2612 1794 2639 κατὰ
1826 2612 1874 2647 τὴν

1087 2654 1213 2680 ἀσέϐειαν
1228 2654 1322 2687 αὑτοῦ,
1343 2655 1453 2691 ἀριθμῷ
1464 2658 1666 2691 τεσσαράκοντα
1683 2657 1873 2692 μαστιγώσου-

1089 2708 1131 2725 σιν
1154 2700 1251 2730 αὑτὸν,
1278 2701 1308 2726 οὐ
1332 2701 1548 2736 προσθήσουσιν,
1571 2702 1618 2729 ἐὰν
1640 2703 1669 2729 δὲ
1696 2703 1872 2738 προσθήσωσι

1089 2745 1259 2779 μαστιγῶσαι
1274 2746 1364 2778 αὑτὸν,
1379 2747 1448 2782 ὑπὲρ
1461 2747 1561 2778 ταύτας
1573 2747 1622 2779 τὰς
1633 2748 1740 2783 πληγὰς
1754 2748 1871 2781 πλείους,

1087 2790 1272 2824 ἀσχημονήσει
1284 2791 1420 2826 ὁάδελφός
1437 2800 1483 2818 σου
1501 2792 1620 2819 ἐναντίον
1634 2801 1693 2819 σου.
1717 2803 1726 2819 ι

907 2881 929 2896 ¹¹²
943 2880 1022 2907 Deut.
1037 2888 1096 2906 xxv.
1114 2880 1167 2906 l—I.
