1939 3041
99 152 156 180 575

461 153 503 180 0E
522 151 741 181 ADORATIONE
761 153 794 180 IN
815 153 948 181 SPIRITU
970 152 1013 179 ET
1034 151 1217 179 V'EIIITATE.
1238 150 1301 178 LIB.
1323 148 1390 178 VIII.
1436 143 1440 147 ’

1683 148 1733 177 οτι

141 210 250 237 ΠΑΛΛ.
268 210 322 236 Καὶ
341 209 382 241 τίς
396 210 427 236 ἂν
444 209 529 245 ὁρῷτο
549 210 629 236 πάλιν
642 211 708 245 ἡμῖν
720 212 733 237 ὁ
749 211 836 245 λόγος,
849 211 892 237 τοῦ

983 210 1081 238 PALL.
1099 209 1164 242 Quae
1184 213 1275 236 autem
1300 216 1397 235 rursus
1418 215 1550 242 apparere
1572 206 1651 234 nobis
1666 208 1736 234 ratio

103 256 203 291 χρῆναι
230 255 347 290 πληγαῖς
375 255 484 291 ἀριθμῷ
506 256 710 291 τεσσαράκοντα
729 256 824 291 μόναις
845 266 896 282 κα-

102 302 270 328 ταπαίεσθαι
287 303 351 333 τοὺς
367 302 625 337 κατεγνωσμένους;
641 302 764 338 αἰσχύνει
779 302 806 329 δὲ
822 303 896 334 ὃπως

103 347 192 378 τινὰς,
207 347 237 372 τὸ
254 347 322 382 ὑπὲρ
335 346 429 373 τούτου
446 347 559 383 φράσον.

143 437 225 463 ΚΥΡ.
249 437 328 463 Κατὰ
352 436 467 467 πολλοὺς
490 437 557 473 ἡμῖν
580 437 698 473 τρόπους
723 437 752 464 τὺ
777 437 895 472 Χριστοῦ

108 483 261 518 μυστήριον
281 484 493 517 σκιαγραφεῖτοιι
516 483 607 515 καλῶς
633 483 677 510 διὰ
702 484 751 518 τῆς
779 484 896 518 ἀρχαίας

106 526 229 561 ἐντολῆς,
242 526 288 552 καὶ
299 527 329 552 τὸ
345 527 478 562 σωτήριον
492 528 558 562 ἡμῖν
574 528 656 554 οἱονεὶ
669 528 894 563 πλαστουργεῖται

106 571 203 602 πάθος,
216 572 246 598 ὲν
257 568 289 605 ᾧ,
307 571 354 598 καὶ
368 572 402 598 δι’
417 569 447 598 οὗ
462 572 562 604 παντὸς
576 572 774 608 ἀπηλλάγμεθα
785 572 831 598 τοῦ
847 580 901 598 κα-ι

105 617 172 643 κοῦν
190 617 344 652 ἰσχύοντος.
362 617 408 643 καὶ
423 617 581 653 ἀνηκέστοις
598 618 671 653 ἡμᾶς
688 617 804 649 ἑνιέντος
824 625 894 652 συμ-

105 663 202 695 φοραῖς
214 670 220 676 ·
245 662 291 688 καὶ
307 662 401 697 ὥσπερ
415 661 529 696 ἔναγχος
548 661 627 696 ἔφην,
645 662 675 688 τὸ
692 662 726 688 δι’
739 661 807 688 έπτά
826 661 893 688 ἐτῶν

105 707 228 735 ἀνεῖσθαι
248 707 311 738 τοὺς
323 707 481 742 ὠφληκότας
492 728 498 740 ,
511 707 556 734 τὸν
570 707 620 742 τῆς
633 708 758 734 ἁπάντων
770 707 894 741 ἀφέσεως

106 753 203 788 καιρὸν
223 753 419 780 ὑπαινίττεται.
435 753 639 788 Δεδικαιώμεθα
655 753 708 788 γὰρ
720 753 747 779 ὲν
764 752 891 787 Χριστῷ,

105 800 153 826 καὶ
164 800 343 834 δεδιδάγμεθα
354 800 443 834 λέγειν
454 801 483 826 ὲν
494 800 670 835 προσευχαῖς,
682 799 751 834 πρὸς
762 799 807 826 τὸν
815 800 844 825 ὲν
853 800 894 825 οὖ-

106 845 198 881 ρανοῖς
210 844 317 879 Πατέρα
328 844 374 870 καὶ
388 844 463 876 Θεὸν,
478 854 486 870 ι
495 845 580 879 Ἀφες
597 845 661 880 ἡμῖν
672 844 706 871 τὰ
722 844 893 880 ὀφειλήματα

947 256 1044 290 possit,
1054 254 1280 289 curplag15277
1292 261 1407 280 numero
1414 253 1592 288 quadraginta
1604 253 1737 280 duntaxat

947 300 1123 328 condemnati
1138 299 1261 327 caadendi
1276 300 1347 326 sint?
1366 307 1453 334 quave
1468 298 1572 325 ratione
1588 298 1737 333 deturpen—

947 351 1001 378 tur,
1015 347 1038 373 si
1051 346 1097 380 qui
1110 353 1192 380 supra
1203 345 1277 372 hunc
1291 352 1435 372 numerum
1449 344 1598 376 cmtlantur,
1616 344 1737 378 explices

946 392 1039 419 velim.

977 437 1054 465 CYR.
1069 436 1159 464 Multis
1172 436 1261 463 modis
1269 435 1373 463 Christi
1385 436 1544 471 mysterium
1558 440 1632 463 recte
1649 434 1735 462 veleri

945 483 1074 510 mandato
1089 482 1169 509 nobis
1188 482 1379 514 adumbratur,
1398 487 1426 508 et
1445 481 1646 516 quodammodo
1660 480 1737 507 ellin-

945 530 1018 565 gitur
1026 529 1115 565 passio
1126 529 1285 561 Salvatoris,
1299 529 1326 555 in
1338 537 1392 563 qua
1415 533 1443 555 et
1455 537 1505 563 per
1519 537 1601 563 quam
1614 528 1648 555 ab
1660 529 1734 556 omni

946 576 1016 602 malo
1031 575 1139 603 liberati
1163 583 1258 602 sumus
1279 575 1352 609 quod
1364 582 1415 602 nos
1427 581 1524 601 vexare
1535 578 1653 608 poterat,
1669 579 1696 602 et
1708 575 1735 602 in

944 627 1080 647 wrumnas
1097 619 1261 646 insanabiles
1274 619 1545 654 conjecerat.Atque.
1559 619 1630 646 sicut
1642 628 1733 654 nuper

945 665 1010 697 dixi,
1033 665 1085 691 hoc
1096 665 1195 698 ipsum,
1213 664 1286 698 quod
1303 664 1419 698 septimo
1440 672 1549 699 quoque
1561 672 1633 691 anno
1653 664 1736 692 ﬁebat

944 710 1098 738 debitorum
1110 710 1244 743 remissio,
1261 716 1368 746 tempus
1387 711 1581 738 universorum
1595 712 1735 738 remissio--

944 755 987 782 nis
999 756 1111 790 ﬁgurate
1125 755 1278 791 signiﬁcare
1313 757 1321 792 (
1337 756 1479 791 justiﬁeati
1499 764 1617 790 namque
1641 764 1737 783 sumus

944 799 972 826 in
991 799 1109 832 Christo,
1124 805 1152 827 et
1172 800 1319 828 didicimus
1339 801 1431 828 dicere
1455 801 1483 827 in
1504 801 1677 828 orationibus
1699 802 1734 828 ad

943 845 1028 872 Deum
1056 845 1212 877 etPatrem,
1233 846 1279 880 qui
1292 846 1319 872 in
1342 846 1419 873 cmlis
1431 849 1509 872 est”
1523 845 1633 874 Dimitte
1656 846 1737 874 nobis

105 889 168 924 ήμῶ
175 898 194 914 λ’
201 900 210 915 ι
221 889 292 916 οὕτω
303 890 428 922 κάνθάδε,
438 890 468 916 τὺ
478 890 558 925 μέχρι
569 889 680 925 πληγῶν
690 890 892 925 τεσσαράκοντα

943 891 1034 919 debita
1051 896 1145 919 nostra
1157 893 1178 908 ³ο
1193 891 1218 928 ;)
1236 901 1244 917 ›
1262 892 1302 919 sic
1316 892 1368 919 hoc
1383 900 1492 927 quoque
1511 892 1572 919 loco
1585 892 1659 926 quod
1672 900 1735 919 ver-

105 937 237 971 προήκειν
262 937 318 968 τοῖς
343 937 487 969 παίουσιν,
510 937 569 971 ἦτοι
594 936 752 971 παιομένοις
774 936 824 967 τὰς
846 935 891 963 διὰ

106 982 247 1017 μαστίγων
270 982 374 1014 αἰκίας,
400 982 446 1009 τὸν
471 982 634 1018 τριπόθητον
655 983 720 1018 ἡμῖν
748 982 798 1016 τῆς
823 981 891 1016 μετά

105 1028 207 1063 σαρκὸς
219 1028 374 1063 οἰκονομίας
387 1028 434 1054 τοῦ
446 1028 616 1062 Μονογενοῦς
627 1027 772 1062 ἀποφαίνει
783 1027 888 1064 καιρὸν,

104 1073 166 1099 καθ’
185 1073 215 1099 ὃν
232 1073 269 1109 τῷ
289 1073 402 1108 μώλωπι
424 1073 507 1100 αὐτοῦ
529 1074 610 1108 ἡμεῖς
629 1073 757 1108 ἰάθημεν,
777 1073 824 1099 καὶ
844 1081 892 1107 με-

104 1118 272 1153 μαλάκισται
289 1119 337 1154 μὲν
355 1118 435 1150 αὐτὸς
452 1119 495 1145 διά
512 1118 562 1150 τὰς
579 1119 714 1154 ἁμαρτίας
731 1117 825 1153 ἡμῶν,
841 1118 891 1151 έμ-

103 1166 329 1201 παροινησάντων
347 1166 387 1197 εἰς
411 1165 492 1192 αὑτὸν
515 1165 568 1191 τῶν
594 1164 622 1198 ἐξ
645 1164 763 1199 Ἰσραὴλ,
782 1163 892 1195 καὶτὰς

102 1210 176 1237 κατά
197 1210 289 1238 νώτων
305 1211 412 1246 πληγὰς
429 1210 621 1245 ἐπενεγκόντος
642 1210 774 1242 Πιλάτου,
795 1209 891 1244 ποινῆς

102 1257 130 1283 δὲ
145 1258 228 1292 ἡμεῖς
244 1257 291 1283 καὶ
309 1257 446 1288 κολάσεως
463 1256 629 1292 ὲξῃρήμεθα.
650 1256 737 1282 Πάλαι
754 1255 807 1290 γὰρ
822 1253 892 1290 ἦσαν

103 1303 201 1330 πολλαὶ
213 1305 239 1330 αι
252 1303 382 1339 μάστιγες
395 1303 442 1330 τοῦ
454 1302 628 1338 ἀμαρτωλοῦ,
640 1301 710 1328 κατά
724 1302 754 1328 τὺ
768 1309 892 1336 γεγραμ-

105 1349 196 1383 μένον,
215 1349 272 1376 ἀλλ*
289 1349 358 1384 ὑπὲρ
377 1348 454 1384 ἡμῶν
470 1347 620 1383 ὲμαστίχθη
641 1347 758 1383 Χριστός
770 1356 777 1363 ·
797 1347 892 1382 ὥσπερ

103 1394 160 1429 γὰρ
173 1394 243 1429 ὑπὲρ
261 1393 369 1420 πάντων
383 1393 517 1420 ἀπέθανεν
528 1413 536 1425 ,
552 1392 623 1419 οὕτω
637 1393 683 1419 καὶ
698 1392 768 1425 ὑπὲρ
784 1392 892 1418 πάντων

103 1439 286 1475 ὶμαστιγοῦτο
307 1440 400 1472 πάλιν,
418 1437 458 1471 εἷς
477 1439 514 1466 ὢν
528 1439 542 1464 ὁ
561 1438 668 1465 πάντων
689 1437 823 1470 ἀντάξιος.
841 1437 891 1463 Τὸν

103 1485 132 1511 δέ
152 1494 184 1520 γε
203 1485 494 1522 τεσσαρακονθήμερον
512 1484 629 1520 ἀριθμὸν
644 1485 684 1516 εἰς
705 1484 750 1511 τὸν
764 1483 892 1514 πεντάκις

103 1531 177 1558 ὀκτὼ
191 1524 364 1567 κατατεμὼν,
383 1533 519 1567 χρήσιμον
533 1532 660 1566 εὑρήσεις
678 1532 711 1566 τῇ
730 1530 776 1557 τοῦ
791 1529 890 1565 καιροῦ

105 1576 240 1612 σημασίᾳ,
254 1578 300 1603 τὸν
314 1577 391 1603 πέντε
405 1577 452 1604 καὶ
465 1576 510 1603 τὸν
530 1575 604 1602 ὀκτὼ
616 1596 623 1607 ,
638 1574 819 1610 ἐπιδεδήμηκε
837 1573 891 1609 γὰρ

104 1623 118 1648 ὁ
134 1622 291 1656 Μονογενὴς
307 1623 336 1649 ὲν
354 1621 473 1658 πέμπτῳ
486 1620 574 1656 καιρῷ
584 1641 591 1652 ,
605 1620 676 1647 κατά
691 1628 723 1653 γε
737 1619 787 1654 τὴν
804 1619 891 1652 Εὐαγ-

104 1667 218 1703 γελικὴν
232 1668 404 1704 παραϐολήν·
423 1667 581 1704 Ἐμισοοῦτο
597 1666 651 1701 γάρ
666 1674 707 1697 τις
722 1667 761 1697 εἰς
776 1665 822 1691 τὸν
836 1665 891 1700 ἀμ-

105 1714 214 1740 πελῶνα
233 1715 296 1746 τοὺς
315 1715 451 1749 ἐργάτας·
473 1713 587 1748 ἐξελθὼν
613 1714 641 1740 δὲ
660 1713 724 1748 περὶ
744 1712 793 1748 τὴν
818 1711 892 1747 ὥραν

104 1760 218 1795 πρώτην
227 1780 234 1791 ,
256 1760 350 1796 τρίτην
362 1769 391 1786 τε
408 1760 454 1787 καὶ
465 1759 548 1795 ἕκτην
557 1780 564 1791 ,
577 1759 623 1785 καὶ
636 1759 749 1793 ἐννάτην
762 1758 808 1784 καὶ
818 1757 891 1783 ἐνδε-

105 1806 192 1841 κάτην
201 1815 207 1821 ·
222 1806 369 1842 ἐγήγερται
381 1806 409 1832 δὲ
426 1806 497 1833 κατά
510 1806 563 1841 τὴν
576 1805 672 1840 ὀγδόην
684 1825 691 1838 ,
711 1804 758 1830 τοῦ
777 1803 891 1830 θανάτου

104 1851 259 1883 καταλύσας
272 1852 301 1878 τὸ
313 1852 422 1888 κράτος,
435 1853 482 1878 καὶ
495 1852 543 1886 τῆς
555 1851 718 1878 ἐπεισάκτου
730 1850 832 1885 φθορᾶς
843 1849 891 1884 τὴν

106 1897 214 1934 μητέρα
232 1898 386 1930 συνδιολλὺς
398 1897 473 1933 αὐτῷ
483 1917 490 1929 ,
503 1897 575 1924 τοῦτ’
586 1897 671 1929 ἔστιν,
685 1896 823 1932 ἁμαρτίαν
834 1917 841 1926 ,
857 1893 890 1932 ἦς

103 1943 297 1979 ἀνῃρημένης,
313 1944 407 1979 ἀργεῖν
428 1943 535 1978 ἀνάγκη
553 1943 600 1969 καὶ
616 1942 767 1978 μάστιγας,
781 1941 828 1968 καὶ
842 1941 890 1972 τὰς

103 1989 138 2016 δι’
158 1990 243 2024 αὐτὴν
261 1990 356 2021 ποινὰς
376 1990 424 2016 καὶ
442 1989 576 2021 κολάσεις.
600 1989 656 2016 Οὐκ
669 1989 702 2024 ὲᾴ
715 1987 859 2023 τοιγαροῦν
878 1988 892 2013 ὁ

104 2034 186 2069 νάμος
210 2035 386 2071 ὑπερτρὲχειν
405 2033 446 2061 ἔτι
459 2035 508 2069 τὴν
530 2034 650 2069 μάστιγα
664 2034 710 2061 τὸν
723 2041 891 2068 τεσσαρακο-

104 2081 168 2108 στὸν
196 2081 325 2117 ἀριθμὸν,
357 2081 437 2117 μέχρι
457 2081 506 2116 τῆς
530 2080 648 2116 Χριστοῦ
676 2080 825 2116 παρουσίας
844 2079 892 2106 καὶ

103 2127 186 2154 οἱονεί
198 2136 256 2158 πως
268 2127 343 2158 ἱστὰς
357 2126 392 2153 τὰ
405 2126 581 2161 κολαστήρια,
592 2126 639 2153 καὶ
651 2125 696 2152 τὸν
705 2126 755 2161 τῆς
767 2126 891 2160 ἀφέσεως

106 2174 319 2209 καταοημαίνων
336 2173 441 2209 καιρόν.
458 2173 513 2208 Τῆς
526 2173 581 2209 γὰρ
594 2173 721 2207 ἀληθείας
733 2173 758 2198 οι
769 2172 849 2198 τύποι
861 2172 892 2198 τὸ

107 2218 204 2249 κάλλος
229 2218 377 2246 ὡδίνουσιν.
415 2217 509 2244 Ἰστέον
536 2218 564 2243 δὲ
591 2217 631 2243 ὅτι
662 2216 851 2252 προσκρούσας
878 2217 893 2243 ὁ

112 2265 231 2301 Ἰσραὴλ,
246 2265 463 2301 τεσσαρακοστὸν
481 2263 540 2295 ἔτος
555 2263 688 2289 ἐπλανᾶτο
703 2263 751 2298 τὴν
771 2262 873 2298 ἔρημον
883 2271 890 2279 ·

104 2311 179 2346 ὅρκῳ
189 2311 243 2347 γὰρ
257 2311 364 2346 ὤμοσεν
378 2311 392 2337 ὸ
404 2310 480 2342 Θεὸς,
499 2310 538 2345 μὴ
552 2308 670 2341 εἰσάξειν
683 2309 781 2340 αὐτοὺς
792 2310 831 2340 εὶς
843 2308 892 2343 τὴν

105 2357 159 2391 γῆν
181 2357 229 2392 τῆς
247 2357 421 2391 ἐπαγγελίας.
445 2357 500 2383 Καὶ
513 2353 548 2391 ἦν
565 2356 626 2390 ὅρος
642 2352 719 2386 οὗτος
736 2355 826 2386 αὐτοῖς
843 2355 893 2390 τῆς

105 2403 206 2438 ὀργῆς,
229 2402 425 2438 παρῳχηκότος
438 2402 466 2428 δὲ
485 2400 533 2428 τοῦ
550 2400 663 2436 καιροῦ,
681 2400 789 2426 λέλυται
807 2400 855 2435 μὲν
876 2400 892 2435 ὴ

105 2448 194 2483 ὀργὴ,
215 2448 343 2482 διέὃησαν
359 2447 387 2474 δὲ
404 2447 450 2473 τὸν
474 2446 608 2481 Ἰορδάνην
631 2446 655 2472 οἱ
675 2445 705 2477 ἐξ
722 2445 825 2476 αὐτῶν,
847 2445 894 2471 καὶ¹

104 2494 274 2529 εἰσέφρησαν
297 2493 337 2524 εἰς
357 2492 406 2528 τὴν
431 2492 497 2527 γῆν,
520 2492 570 2526 οὐχ
594 2490 822 2527 ὑπερδραμούτης
846 2490 894 2525 τῆς

105 2540 317 2574 ἀγανακτήσεως
340 2538 370 2565 τὸ
392 2537 610 2572 τεσσαρακοστὸν
638 2537 707 2568 ἔτος.
733 2536 823 2567 Τύπος
848 2534 894 2563 οὖν

105 2585 159 2621 ἄρα
174 2585 220 2611 καὶ
232 2584 308 2611 τοῦδε
325 2583 423 2618 σαφὴς,
436 2583 466 2609 τὸ
477 2583 557 2618 μέχρι
569 2582 680 2617 πληγῶν
689 2582 892 2617 τεσσαράκοντα

106 2629 306 2658 χαταπαίεσθαι
323 2629 410 2661 τινὰς,
426 2629 550 2662 ἀφέσεως
567 2628 620 2664 γὰρ
634 2629 648 2654 ὁ
663 2628 731 2662 μετά
743 2628 821 2654 τοῦτο
834 2636 891 2654 και-

108 2677 169 2708 ρὸς,
183 2676 308 2702 διάὸασιν
322 2676 388 2710 ἡμῖν
407 2674 539 2709 εἰσφέρων
556 2675 604 2709 τὴν
623 2673 670 2700 τοῦ
693 2673 822 2709 Ἰορδάνου
843 2673 891 2708 τὴν

108 2722 257 2756 μυστικὴν,
272 2720 319 2747 καὶ
341 2721 393 2755 μὴν
411 2719 458 2746 καὶ
472 2719 610 2754 μαχαίρας
627 2719 757 2753 πετρίνας
767 2738 774 2750 ,
788 2719 801 2744 a
816 2720 872 2745 ἐστι
883 2738 890 2750 ,

107 2767 154 2802 τὴν
170 2767 199 2793 ὲν
214 2766 349 2801 πνεύματι
363 2764 523 2801 περιτομὴν,
538 2765 585 2792 καὶ
600 2765 649 2800 τὴν
671 2764 758 2800 Ἰησοῦ
775 2773 891 2800 στρατη-

142 2862 164 2877 ³⁰
181 2862 275 2889 Matth.
292 2870 328 2891 vt.
344 2861 386 2889 12.
425 2862 443 2877 ³¹
459 2861 510 2889 [5a.
527 2869 581 2894 Lm,

941 937 1037 964 herum
1050 938 1192 972 supplicia,
1206 943 1259 965 tam
1272 938 1350 965 ansis
1360 945 1442 972 quam
1459 937 1639 970 cedentibus,
1649 945 1736 972 usque

941 984 974 1011 ad
1002 984 1247 1018 quadragenarium
1272 984 1414 1018 plagarum
1446 992 1591 1011 numerum
1623 991 1736 1018 progre-

941 1030 1063 1062 diuntur,
1081 1030 1106 1057 id
1131 1029 1203 1057 illius
1229 1030 1362 1065 unigeniti
1382 1030 1453 1061 Filii,
1477 1034 1618 1064 assumpta
1642 1037 1735 1061 carne,

941 1076 1152 1110 dispensationis
1178 1080 1287 1111 tempus
1318 1076 1398 1103 nobis
1423 1077 1661 1111 exoptatissmium
1690 1076 1731 1102 in-

941 1121 1023 1153 dicat,
1036 1130 1090 1156 quo
1099 1122 1316 1156 temporelivore
1330 1123 1390 1157 ejus
1407 1130 1457 1149 nos
1475 1122 1562 1149 sanati
1580 1129 1694 1154 sumus;
1706 1125 1736 1148 et

942 1167 999 1201 ipse
1013 1167 1124 1202 quidem
1137 1167 1290 1194 inﬁrmatus
1304 1171 1346 1194 est
1357 1171 1470 1202 propter
1483 1172 1594 1202 peccata
1608 1172 1701 1194 nostra
1714 1167 1735 1183 "

941 1218 1003 1238 cum
1026 1211 1134 1246 injuriis
1157 1219 1219 1238 eum
1242 1211 1404 1244 affecerunt,
1427 1212 1473 1246 qui
1497 1220 1531 1239 ex
1551 1212 1633 1239 Israel
1649 1220 1736 1247 genus

941 1257 1091 1288 ducebant,
1108 1260 1191 1291 atque
1215 1257 1242 1284 in
1259 1258 1319 1293 ejus
1333 1261 1440 1292 tergum
1460 1257 1564 1284 Pilatus
1578 1257 1670 1292 plagas
1690 1257 1736 1284 in-

941 1302 1027 1335 ﬂixit;
1054 1310 1104 1329 nos
1119 1302 1241 1329 vicissim
1255 1311 1269 1330 a
1282 1303 1372 1337 poenis
1391 1307 1473 1337 atque
1487 1303 1622 1337 supplicio
1642 1310 1738 1330 sumus

941 1349 1038 1383 erepti.
1059 1348 1128 1375 Olim
1143 1356 1260 1382 namque
1272 1349 1357 1375 multa
1367 1352 1445 1375 erant
1454 1348 1558 1384 ﬂagella
1570 1349 1734 1383 peccatoris,

943 1400 972 1422 ut
982 1395 1113 1429 scriptum
1125 1399 1167 1422 est
1183 1394 1217 1427 ³⁵,
1230 1394 1277 1421 sed
1289 1402 1340 1429 pro
1351 1394 1431 1421 nobis
1443 1394 1592 1429 ﬁagellatus
1605 1398 1647 1421 est
1657 1394 1738 1422 Chri-

926 1443 1002 1468 stus:
1017 1443 1047 1466 ut
1065 1440 1139 1467 enim
1155 1447 1205 1474 pro
1217 1440 1345 1467 omnibus
1360 1444 1485 1467 mortuus
1496 1444 1548 1472 est,
1562 1441 1598 1467 ita
1613 1448 1663 1475 pro
1674 1448 1732 1467 om-

942 1485 1025 1512 nibus
1036 1493 1146 1520 quoque
1165 1485 1327 1520 ﬂagellatus,
1342 1493 1405 1512 eum
1426 1493 1497 1513 unus
1509 1485 1594 1512 instar
1610 1485 1734 1512 omnium

943 1535 1026 1558 esset.
1048 1531 1198 1558 Numerum
1221 1539 1302 1565 porro
1321 1531 1504 1566 quadraginta
1523 1531 1642 1563 dierum,
1672 1531 1694 1558 si
1709 1531 1738 1558 in

943 1575 1088 1610 quinquies
1099 1580 1161 1602 octo
1179 1575 1364 1608 distribueris,
1382 1576 1540 1610 quinarium
1563 1575 1686 1610 reperies
1710 1580 1739 1603 et

941 1620 1120 1653 octonarium,
1133 1625 1210 1655 aptos
1226 1628 1357 1648 numeros
1375 1621 1410 1648 ad
1424 1622 1483 1656 ejus
1499 1621 1630 1655 temporis
1651 1621 1738 1656 signi-

940 1665 1094 1693 ﬁcationem
1116 1675 1122 1692 :
1146 1666 1258 1693 advenit
1281 1667 1354 1693 enim
1379 1667 1424 1694 ille
1450 1666 1613 1702 Unigenitus
1639 1667 1739 1702 quinto

941 1713 1158 1747 tempore,juxta
1175 1711 1248 1738 illam
1260 1712 1446 1746 evangelicam
1467 1712 1624 1746 parabolam
1640 1721 1647 1738 :
1664 1711 1737 1739 Con-

940 1757 1019 1784 duxit
1029 1758 1101 1784 enim
1114 1757 1225 1792 quidam
1232 1758 1375 1792 operarios
1388 1758 1415 1784 in
1428 1758 1547 1789 vineam,
1563 1765 1624 1785 eum
1637 1758 1739 1785 exisset

940 1804 1013 1831 circa
1035 1803 1131 1830 horam
1153 1803 1280 1838 primam,
1305 1804 1424 1835 tertiam,
1447 1807 1551 1830 sextam
1576 1810 1687 1838 quoque
1707 1810 1738 1833 ac

940 1858 1038 1877 nonam
1053 1855 1081 1877 et
1104 1849 1274 1877 undecimam
1291 1849 1313 1864 ³³
1330 1858 1336 1876 :
1362 1849 1513 1876 resurrexit
1525 1853 1615 1877 autem
1641 1853 1739 1877 octavo

941 1896 995 1927 die,
1007 1895 1148 1922 destructo
1164 1895 1260 1922 mortis
1279 1895 1406 1929 imperio,
1420 1899 1448 1922 et
1460 1902 1523 1921 cum
1536 1898 1577 1922 eo‘
1593 1895 1738 1922 adventitii

941 1942 1069 1971 interitus
1093 1945 1207 1976 parente
1230 1941 1312 1969 simul
1341 1941 1521 1976 interempto,
1547 1946 1670 1976 peccato,
1694 1941 1738 1968 in-

941 1996 1033 2024 quam,
1055 1994 1109 2022 quo
1131 1987 1250 2019 sublato,
1268 1987 1384 2014 verbera
1401 1994 1510 2021 quoque
1536 1994 1568 2014 ac
1592 1994 1687 2021 pwnas
1709 1991 1739 2014 et

942 2032 1075 2067 supplicia
1100 2036 1212 2066 peccato
1228 2031 1320 2058 debita
1344 2038 1453 2058 cessare
1477 2038 1588 2058 necesse
1601 2034 1652 2058 est.
1676 2031 1737 2058 Flae

941 2079 1010 2114 gella
1022 2078 1106 2114 igitur
1121 2077 1373 2112 quadragenarium
1396 2077 1486 2104 adhuc
1500 2084 1647 2103 numerum
1659 2083 1738 2104 exce-

941 2124 1006 2152 dere
1018 2131 1072 2151 non
1084 2123 1218 2158 permittit
1231 2123 1284 2156 lex,
1299 2123 1363 2158 quia
1376 2131 1462 2158 usque
1475 2124 1508 2150 ad
1519 2123 1622 2150 Christi
1636 2122 1739 2150 adven-

943 2174 1000 2197 tum
1012 2169 1146 2204 supplicia
1154 2177 1188 2196 ne
1199 2169 1271 2197 ultra
1283 2169 1526 2204 progrederemur,
1538 2168 1740 2202 quodammoda

942 2216 1023 2247 sistit,
1041 2223 1072 2242 ac
1085 2216 1165 2242 simul
1186 2215 1357 2242 remissionis
1384 2219 1494 2250 tempus
1518 2214 1739 2249 designatmam

942 2261 1176 2296 pulchritudinem
1184 2260 1308 2288 veritatis
1321 2260 1413 2294 ﬁgurae
1424 2258 1647 2286 continent.lllud
1657 2266 1739 2293 porro

942 2307 1084 2334 sciendum
1095 2310 1138 2334 est
1157 2306 1295 2338 lsraelem,
1307 2305 1466 2340 278quod
1478 2305 1563 2332 Deum
1569 2304 1739 2338 offendisset,

944 2352 1123 2387 quadraginta
1146 2359 1233 2378 annos
1251 2359 1300 2385 per
1319 2350 1459 2377 desertum
1480 2350 1638 2378 oberrasse:
1662 2350 1740 2385 jurae

945 2403 1039 2426 mento
1051 2399 1125 2425 enim
1151 2397 1254 2433 juravit
1283 2397 1366 2428 Deus,
1390 2404 1446 2423 non
1467 2404 1496 2423 se
1518 2396 1739 2425 introducturum

942 2444 1027 2472 eosin
1051 2448 1156 2471 terram
1182 2442 1390 2478 promissionis;
1424 2443 1502 2476 isque
1527 2445 1587 2468 erat
1612 2442 1666 2468 illis
1691 2441 1740 2468 ira

945 2490 1078 2518 terminus
1098 2488 1287 2524 praestitutus:
1303 2496 1357 2522 quo
1365 2488 1458 2522 elapso
1471 2491 1602 2521 tempore,
1622 2486 1740 2515 cessavit

944 2536 994 2568 ira,
1013 2543 1045 2563 ac
1058 2535 1207 2563 Iordanem
1224 2534 1334 2562 illorum
1348 2533 1451 2569 posteri
1464 2533 1643 2568 trajecerunt,
1659 2537 1688 2560 et
1710 2532 1738 2560 in

940 2588 1039 2612 terram
1056 2583 1171 2619 ingressi
1182 2586 1256 2614 sunt,
1270 2590 1333 2610 eum
1352 2582 1397 2608 illa
1411 2579 1564 2614 indignatio
1585 2579 1655 2606 ultra
1668 2587 1737 2613 qua-

940 2630 1123 2665 dragesimum
1131 2637 1232 2656 annum
1247 2636 1302 2655 non
1330 2631 1403 2655 esset
1416 2633 1535 2661 egressa.
1550 2625 1636 2660 Igitur
1655 2624 1738 2659 hujus

940 2683 1049 2710 quoque
1066 2675 1106 2702 rei
1117 2674 1230 2701 evidens
1249 2673 1334 2708 ﬁgura
1347 2672 1409 2704 fuit,
1427 2670 1503 2705 quod
1526 2677 1615 2704 usque
1630 2669 1663 2696 ad
1671 2676 1737 2703 qua-

940 2720 1064 2755 draginta
1072 2720 1164 2754 plagas
1178 2719 1261 2753 aliqui
1273 2718 1448 2746 (audebantur
1461 2725 1468 2742 :
1479 2715 1647 2742 remissionis
1663 2713 1736 2740 enim

941 2769 1048 2800 tempus
1059 2769 1127 2798 erat,
1142 2765 1215 2799 quod
1226 2769 1287 2800 post
1304 2771 1369 2792 eum
1384 2769 1532 2791 numerum
1548 2759 1736 2795 consequeba-

665 2862 685 2877 ³²
700 2861 769 2888 Psal.
792 2869 863 2892 xxxi,
888 2861 926 2887 10.
967 2861 988 2876 ³³
1005 2861 1100 2888 Matth.
1125 2868 1169 2890 xx.
1188 2859 1260 2887 1-16.
