1939 3041
211 146 265 175 575

725 147 752 175 s.
773 148 910 176 CYRlLLl
931 149 1166 178 ALEXANDltINl
1185 151 1344 179 ARCIIIEP.
1788 147 1823 174 57

211 211 267 239 tur,
285 205 428 233 transitum
453 206 532 233 nobis
547 207 692 242 mysticum
716 207 843 236 Iordanis
868 208 996 241 all‘erens,

1053 209 1130 244 γίαν·
1148 210 1242 244 γέγονε
1258 210 1311 246 γὰρ
1325 211 1391 245 ἡμῖν
1415 209 1573 245 καθηγητὴς
1592 209 1606 235 ὁ
1622 206 1752 244 Χριστος,
1770 205 1840 241 μετὰ

208 259 315 278 necnon
339 251 460 286 lapideos
487 253 600 285 cultros,
621 253 647 280 id
669 257 729 285 est,
751 254 824 280 illam
850 254 876 280 in
896 254 995 288 spiritu

1048 255 1150 282 Μωσέα
1162 256 1206 282 καὶ
1219 256 1311 291 νόμον.

208 296 456 328 circumeisionem,
470 301 498 324 et
516 297 589 324 illam
617 297 680 325 Jcsu
703 298 907 332 imperatoriam
925 301 1110 333 potestatem:
1134 300 1188 327 dux
1216 301 1317 336 quippe
1337 299 1416 327 nobis
1441 300 1529 327 factus
1551 303 1594 327 est
1625 299 1753 327 Christus
1779 296 1840 331 post

208 343 318 378 Moysen
328 350 360 369 ac
374 342 472 377 legem.

244 387 342 414 PALL.
353 387 506 415 Assentior.

242 433 321 460 CYR.
338 433 374 460 Ut
388 433 471 468 igitur
485 438 560 461 recto
572 437 653 469 atque
670 434 829 469 incorrupto
839 434 953 469 judicio,
974 433 997 460 si

210 485 272 513 quae
285 478 348 505 lites
366 478 523 511 inciderint,
539 479 713 512 dirimantur,
737 484 765 507 ct
782 479 890 515 injuriae
917 484 998 512 atque

208 525 360 559 iniquitatis
372 532 472 560 genera
485 526 627 553 tollantur:
643 535 652 551 ι
662 526 782 558 Judices,
794 526 891 560 inquit,
904 530 930 553 et
943 533 999 552 ma-

207 570 306 605 gistros
323 570 475 598 constitues
489 572 539 599 tibi
560 572 589 599 in
605 572 733 599 omnibus
765 572 922 599 civitatibus
944 571 999 598 tuis

207 622 276 648 quas
289 615 421 642 Dominus
433 616 505 644 Deus
521 617 568 643 dat
589 616 649 649 tibi,
662 625 711 652 per
729 617 831 649 tribus;
849 620 876 643 et
890 616 998 651 judica-

207 660 277 687 hunt
289 661 504 696 populumjusto
520 662 639 697 judicio:
662 670 716 689 non
732 662 910 690 declinabunt
923 661 997 697 judi-

207 706 290 738 cium,
320 714 409 741 neque
433 712 582 743 agnoscent
609 708 718 740 faciem,
745 716 834 743 neque
863 708 999 743 accipient

207 758 321 778 munera
332 760 337 778 :
349 759 464 780 munera
472 753 545 780 enim
552 758 690 780 excaecant
697 754 791 780 oculos
798 753 962 788 sapientum,
971 757 999 780 et

206 797 619 834 auferuntsermonesjustorum
627 799 648 814 ³⁸
661 809 669 824 ι
680 798 797 833 {Equum
805 799 878 826 enim
887 799 1000 833 putabat

207 842 260 873 lex,
272 847 299 869 et
313 843 410 870 merito
426 844 582 879 quicunque
595 844 628 871 ad
643 844 745 879 judicia
754 844 904 871 exercenda
916 844 999 871 collo-

206 889 259 914 cati
271 893 372 922 essent,
390 897 438 917 eos
457 891 578 917 suilucri
591 895 673 925 atque
690 891 873 917 emolumenti
889 890 999 924 cupidi—

208 936 263 960 tate
287 933 398 961 minime
423 935 494 969 capi,
525 943 614 970 neque
635 935 752 962 aliorum
775 935 869 970 gratia:
893 939 999 962 tantum

208 979 340 1013 tribuere,
357 985 387 1008 ut
403 989 418 1007 ιι
439 985 514 1008 recto
533 981 692 1016 integroque
706 980 793 1007 oﬁieio
811 980 997 1012 declinarent;

1081 387 1185 414 ΠΑΛΛ.
1200 387 1341 423 Πείθομαι.

1083 433 1166 460 ΚΥΡ.
1181 434 1238 460 Ἵνα
1253 434 1341 460 τοίνυν
1352 432 1440 468 ὀρθῶς
1450 441 1479 458 τε
1491 432 1538 459 καὶ
1550 431 1707 463 ἀδεκάστως
1719 431 1754 458 τὰ
1768 439 1827 467 παρ

1048 479 1219 513 εμπίπτοντα
1231 479 1403 515 διακρίνοιτο,
1419 479 1465 506 καὶ⁹
1479 480 1503 505 ot
1516 478 1566 513 τῆς
1580 477 1739 510 πλεονεξίας
1750 479 1840 512 ἀφαν-

1050 524 1147 556 ίζοιντο
1163 525 1267 561 τρόποι,
1287 533 1295 550 ι
1317 524 1430 560 Κριτὰς,
1451 525 1532 559 φησὶ,
1561 524 1608 550 καὶ¹
1631 533 1842 559 γραμματοεισ-

1048 571 1166 604 αγωγεῖς
1189 571 1369 605 καταστήσεις
1393 571 1498 608 σεαυτῷ
1517 571 1546 597 ὲν
1561 571 1662 602 πάσαις
1675 572 1737 601 ταῖς
1746 571 1842 597 πόλεσί

1050 625 1107 648 σου,
1123 614 1166 648 αἷς
1188 616 1288 652 Κύριος
1303 618 1318 643 ὁ
1334 616 1399 647 Θεὸς
1408 615 1497 642 δίδωσί
1514 624 1573 647 σοι,
1589 614 1660 642 κατὰ
1680 615 1768 650 φυλὰς
1793 616 1842 641 καὶ

1049 662 1172 698 κρινοῦσι
1195 662 1240 689 τδν
1263 662 1325 688 λαὸν
1345 661 1452 688 δικαίαν
1475 661 1577 697 κρίσιν.
1604 662 1661 688 Οὐκ
1683 660 1842 688 ἐκκλινοῦσι

1050 709 1153 744 κρίσιν,
1170 709 1230 736 οὐδὲ
1245 708 1440 743 ὲπιγνὼσονται
1459 708 1615 743 πρόσωπον,
1631 708 1691 734 οὐδὲ
1705 707 1842 742 λήψονται

1049 755 1123 791 δῶρα
1134 762 1140 769 ·
1155 754 1189 780 τὰ
1203 754 1257 790 γὰρ
1270 754 1345 789 δῶρα
1360 754 1488 788 ἑκτυφλοῐ
1501 753 1655 788 ὀφθαλμοὺς
1670 752 1762 787 σοφῶν
1772 772 1779 784 ,
1793 753 1844 778 καὶ

1049 799 1152 835 ἐξαίρει
1169 799 1265 833 λόγους
1287 799 1409 826 δικαίων.
1433 809 1442 825 ι
1465 799 1544 834 ᾬετο
1565 798 1619 834 γὰρ
1635 798 1689 824 δεῖν
1708 799 1723 824 ὁ
1740 797 1842 833 νόμος,

1050 846 1097 873 καὶ
1116 846 1189 881 μάλα
1203 846 1315 877 είκότως
1329 845 1391 877 τοὺς
1408 845 1486 880 οἵπερ
1500 844 1533 871 ἂν
1544 842 1598 871 εἷεν
1613 845 1652 876 είς
1667 844 1697 870 τὸ
1716 844 1844 875 δικάζειν

1050 891 1174 926 ἠγμένοι,
1190 891 1236 918 καὶ
1253 891 1300 917 τοῦ
1312 889 1528 926 χρηματίζεσθαι
1542 889 1629 923 φιλεῖν
1646 888 1763 925 ὁρᾶσθαι
1779 888 1843 923 βελ-

1049 936 1133 968 τίους,
1152 937 1199 962 καλ⁹
1211 937 1244 971 τῇ
1260 936 1328 971 πρός
1344 945 1419 967 τινας
1438 936 1506 963 αίδοτ
1521 936 1558 971 μὴ
1574 935 1774 971 χαριζομένους
1794 935 1844 962 τοῦ

1050 981 1139 1012 καλῶς
1155 982 1203 1008 καὶ
1217 981 1384 1016 ἁδιαὸλήτως
1403 982 1508 1017 ἔχοντος
1529 981 1576 1016 τὴν
1599 981 1772 1016 παράϐασιν,
1795 981 1845 1007 καὶ

207 1025 254 1052 sed
274 1026 366 1060 potius
383 1027 457 1053 illam
476 1027 504 1053 in
526 1027 639 1054 alteram
666 1030 772 1061 partem
795 1025 1000 1052 inclinationem

1053 1027 1105 1061 μὴν
1123 1028 1170 1053 καὶ
1192 1027 1221 1053 τὸ
1244 1028 1425 1062 ὲτεροκλινές,
1442 1027 1479 1058 ὡς
1500 1027 1607 1054 ἀνόσιον
1627 1027 1844 1062 ἀποσειομένους

207 1071 292 1098 veluti
305 1071 438 1099 nefariam
457 1072 615 1107 rejiciendo,
633 1080 664 1099 ac
683 1072 804 1107 singulas
817 1080 861 1098 res
878 1071 997 1106 legitime

206 1118 395 1152 ponderando,
421 1119 522 1146 imitari
544 1119 621 1145 illum
646 1118 841 1145 universorum
863 1117 997 1152 judicent,

206 1163 347 1190 Christum
371 1164 507 1196 videlicet,
535 1171 616 1199 quem
634 1163 692 1197 ipsa
717 1171 827 1198 quoque
848 1163 891 1189 lex
905 1167 998 1196 aperte

207 1210 410 1243 przenuntiavit,
427 1217 490 1237 cum
513 1210 600 1241 illum,
619 1213 715 1245 utpote
742 1209 790 1244 qui
817 1209 890 1235 Deus
915 1211 997 1239 esset,

207 1255 290 1281 etiam
311 1255 432 1290 judicern
460 1259 631 1291 agnosceret.
658 1255 703 1282 Sic
724 1255 797 1282 enim
820 1261 915 1280 rursus
937 1254 997 1280 ait:

211 1310 221 1326 ‹
234 1301 262 1327 Si
278 1309 344 1328 vero
360 1302 499 1336 ingressus
512 1301 600 1328 fueris
616 1301 643 1327 in
659 1305 759 1328 terram
773 1307 855 1335 quam
867 1299 999 1326 Dominus

208 1347 281 1374 Deus
295 1352 359 1374 tuus
371 1347 418 1374 dat
441 1347 491 1374 tibi
517 1347 545 1374 in
571 1347 783 1382 possessionem,
801 1350 829 1373 et
844 1344 1000 1380 possederis

207 1401 280 1425 cam,
298 1397 327 1420 et
343 1393 509 1421 habitaveris
527 1394 556 1420 in
576 1401 619 1425 ea,
640 1397 668 1420 et
684 1393 806 1420 dixeris:
827 1391 999 1419 Constituam

209 1439 277 1466 mihi
290 1439 450 1474 principem,
462 1444 491 1465 ut
504 1444 531 1466 et
546 1440 605 1466 aliae
623 1443 718 1474 gentes
751 1445 811 1472 quae
824 1441 887 1464 sunt
902 1437 929 1463 in
944 1437 999 1463 cir-

208 1486 285 1513 cuitu
302 1493 377 1518 mco;
395 1486 566 1513 constituens
606 1484 756 1512 constitues
770 1483 818 1510 tibi
845 1483 999 1518 principem

209 1539 292 1566 quem
307 1532 420 1566 elegerit
431 1531 563 1558 Dominus
576 1532 648 1559 Deus
663 1535 741 1563 tuus;
756 1531 845 1565 ipsum
860 1529 893 1556 de
908 1529 999 1556 fratri—

210 1577 262 1604 bus
276 1577 330 1610 tuis
343 1577 493 1604 constitues
514 1584 596 1611 super
611 1580 636 1603 te
647 1576 797 1611 principem
811 1584 817 1601 ι
831 1582 884 1601 non
900 1574 1001 1609 poteris

210 1623 378 1649 constituere
400 1630 482 1657 super
498 1625 524 1650 te
542 1622 693 1657 principem
716 1621 854 1648 hominem
870 1620 1000 1656 alienige-

212 1675 285 1699 nam,
303 1667 366 1700 quia
378 1674 433 1694 non
447 1672 488 1694 est
500 1666 695 1694 fratertuns".
712 1676 720 1691 ι
735 1665 847 1700 Oportet
863 1666 937 1693 enim
952 1673 1001 1692 nos

211 1721 226 1739 a
253 1713 385 1740 servitute
406 1717 540 1740 creaturae
562 1713 653 1748 potius
684 1720 765 1747 quam
787 1711 918 1739 creatoris
942 1712 990 1738 Dei

212 1758 370 1793 longissime
390 1759 569 1794 refugientes,
584 1759 618 1786 ad
643 1759 767 1785 veritatis
780 1765 921 1785 sermones
937 1765 1003 1792 pro-

213 1811 313 1838 pensos
323 1811 393 1836 esse,
407 1808 435 1831 et
455 1812 598 1832 accurrere
616 1804 818 1839 quodammodo
836 1804 864 1830 in
881 1808 1004 1831 sanctam

215 1854 326 1881 terram,
341 1849 423 1884 279
433 1849 459 1876 id
469 1854 520 1881 est,
532 1850 565 1876 ad
585 1850 790 1885 promissionem
799 1849 856 1882 Dei,
867 1858 915 1885 per
923 1850 1003 1876 ﬁdem

213 1902 274 1928 quae
291 1899 333 1921 est
347 1894 374 1921 in
388 1894 507 1926 Christo,
527 1896 608 1929 atque
622 1895 659 1921 ita
674 1895 844 1923 constituere
858 1904 940 1931 super
955 1905 1005 1925 nos

214 1940 404 1975 principcmae
415 1940 535 1976 judicem
549 1941 625 1967 illum
643 1941 690 1975 qui
708 1948 740 1967 ex
750 1941 806 1968 Deo
818 1946 894 1969 ortus
905 1943 1005 1975 est,Fi-

215 1985 293 2017 lium,
309 1986 434 2020 quamvis
448 1993 510 2013 cum
526 1992 609 2012 carne
624 1985 802 2020 intelligatur,
815 1987 861 2021 qui
879 1987 913 2015 de
927 1988 1007 2016 nobis

219 2033 285 2060 dicit
305 2041 311 2058 :
335 2042 343 2058 ι
363 2032 417 2067 Ego
430 2037 518 2058 autem
534 2031 698 2058 constitutus
714 2040 774 2059 sum
790 2040 837 2060 rex
852 2034 885 2061 al)
906 2042 938 2061 eo
955 2043 1000 2061 su-

218 2086 267 2113 per
281 2078 344 2104 Sion
361 2081 479 2104 montem
494 2081 618 2104 sanctum
634 2077 702 2111 ejus,
719 2078 868 2112 prmdicans
882 2087 1002 2114 prmcep-

219 2128 275 2150 tum
293 2123 397 2150 Domini
411 2123 444 2149 ³⁸.
459 2131 466 2148 δ
488 2123 576 2149 Alium
596 2127 685 2149 autem
702 2123 771 2150 ultra
791 2123 867 2150 illum
889 2125 1002 2152 omnino

219 2169 392 2196 admittemns
413 2168 559 2199 neminem.
580 2177 667 2204 neque
683 2174 839 2197 exterornm
858 2170 923 2205 iugo
941 2178 1001 2198 cer-

219 2215 305 2242 vicem
321 2214 526 2242 submittemus:
544 2223 614 2242 unus
633 2221 673 2243 est
684 2216 755 2242 enim
776 2216 854 2243 nobis
873 2216 1000 2251 magister

215 2259 379 2286 Christus”.
401 2259 487 2286 Miseri
499 2264 589 2286 autem
601 2260 684 2287 Judaei
696 2260 796 2287 exclusi
812 2265 874 2287 sunt
890 2265 1000 2296 propter

219 2303 418 2335 inﬁdelitatem,
429 2311 516 2338 neque
527 2303 578 2331 sibi
589 2303 740 2339 principem
758 2312 789 2331 ac
799 2305 919 2340 judiecm
932 2313 1010 2333 acce-

1049 1072 1262 1104 ταλαντεύοντάς
1277 1081 1306 1099 τε
1323 1073 1462 1108 συννόμως
1475 1073 1578 1099 ἕκαστα
1591 1072 1645 1099 τῶν
1657 1072 1844 1108 πραγμάτων,

1049 1118 1096 1144 καὶ
1115 1118 1159 1144 τὸν
1176 1117 1228 1144 τῶν
1249 1118 1317 1144 ὅλων
1332 1118 1529 1153 ἀπομιμεῖσθαι
1545 1119 1656 1153 κριτὴν,
1677 1118 1749 1144 τοῦτ’
1771 1118 1844 1150 ἐστι,

1050 1163 1184 1198 Χριστὸν,
1203 1163 1232 1189 ὃν
1253 1164 1300 1189 καὶ
1317 1163 1398 1194 αὐτὸς
1423 1163 1437 1189 ὁ
1461 1163 1542 1198 νόμος
1567 1163 1845 1199 προαναπεᾳώνηκεν

1049 1209 1189 1244 ὲναργῶς,
1206 1209 1253 1236 καὶ
1273 1209 1370 1244 κριτὴν
1391 1209 1454 1236 ὅντα
1471 1209 1547 1240 εἰδὼς
1564 1210 1601 1241 ὡς
1622 1209 1698 1236 Θεὸν.
1721 1210 1796 1243 Ἔφη
1815 1209 1845 1235 δὲ

1049 1255 1120 1282 οὕτω
1135 1255 1226 1282 πάλιν·
1248 1265 1257 1280 ι
1281 1255 1343 1282 Ἐὰν
1355 1256 1382 1282 δὲ
1393 1255 1515 1291 εἰσέλθῃς
1536 1256 1575 1285 είς
1591 1256 1640 1290 τὴν
1655 1255 1705 1289 γῆν
1715 1275 1722 1287 ,
1735 1255 1769 1290 ἥν
1784 1254 1845 1280 Κύ-

1052 1310 1108 1337 ριος
1128 1302 1141 1327 ὁ
1165 1301 1231 1333 Θεός
1251 1310 1298 1328 σου
1319 1301 1410 1328 δίδωσί
1425 1310 1465 1328 σοι
1479 1302 1508 1328 ἐν
1521 1301 1614 1336 κλήρῳ
1625 1321 1632 1331 ,
1650 1301 1697 1327 καὶ
1714 1301 1845 1336 κληρονο-

1052 1349 1142 1384 μήσῃς
1158 1348 1253 1383 αὐτὴν,
1271 1348 1317 1374 καὶ
1334 1349 1499 1383 κατοικήσῃς
1514 1348 1557 1373 ἐπ’
1569 1347 1665 1383 αὐτῆς,
1681 1347 1728 1374 καὶ
1741 1347 1824 1382 εἴπῃς
1836 1368 1844 1377 .

1050 1395 1220 1429 Καταστήσω
1241 1395 1284 1420 ἐπ’
1299 1393 1415 1429 ἐμαυτὸν
1429 1394 1547 1429 ἄρχοντα
1563 1393 1637 1420 καθὰ
1651 1393 1697 1419 καὶ
1710 1392 1744 1419 τὰ
1761 1392 1845 1418 λοιπὰ

1051 1439 1113 1475 ἔθνη
1125 1440 1158 1466 τὰ
1174 1440 1264 1475 κύκλῳ
1283 1449 1345 1475 μου,
1361 1439 1497 1466 καθιστῶν
1508 1440 1688 1474 καταστήσεις
1701 1439 1748 1465 ἐπὶ
1761 1447 1843 1465 σεαυ-

1050 1483 1096 1510 τὸν
1108 1484 1236 1520 ἄρχοντα,
1251 1484 1280 1510 ὃν
1294 1484 1326 1511 ἂν
1344 1483 1486 1520 ἐκλέξηται
1497 1484 1598 1519 Κύριος
1614 1485 1628 1511 ὁ
1642 1484 1708 1515 Θεὸς
1720 1492 1780 1516 σου,
1799 1484 1846 1509 αὕ-

1051 1530 1096 1557 τδν
1119 1532 1150 1557 ὲκ
1172 1530 1226 1557 τῶν
1244 1530 1366 1564 ἀδελφῶν
1387 1539 1433 1556 σου
1457 1531 1638 1565 καταστήσεις
1658 1530 1704 1556 ὲπὶ
1729 1530 1845 1556 σεαυτὴν

1051 1577 1170 1612 ἄρχοντα
1180 1583 1187 1591 ⁸
1202 1577 1231 1603 οὐ
1243 1577 1345 1612 δυνήσῃ
1360 1575 1532 1610 καταστῆσαι
1545 1576 1590 1602 ἐπὶ
1608 1576 1719 1602 σεαυτὺν
1737 1575 1845 1611 ἄνθρω-

1052 1632 1101 1650 πον
1118 1622 1265 1658 ἀλλότριον,
1283 1622 1323 1649 ὅτι
1339 1621 1388 1648 οὑκ
1407 1621 1521 1656 ἀδελφός
1544 1621 1590 1647 σού
1612 1622 1697 1648 ἐστιν.
1720 1630 1728 1646 ι
1750 1621 1788 1647 Οὐ
1807 1621 1846 1646 δεῖ

1052 1668 1108 1704 γὰρ
1126 1669 1200 1704 ἡμᾶς
1221 1670 1254 1704 τῇ
1276 1668 1364 1694 κτίσει
1387 1667 1529 1703 λατρεύειν
1549 1667 1625 1703 παρὰ
1644 1667 1689 1693 τδν
1711 1666 1846 1693 κτίσαντα

1054 1715 1129 1746 Θεὸν,
1147 1714 1234 1746 ἱέντας
1250 1714 1287 1745 ὡς
1302 1713 1429 1740 ἐσωτάτω
1442 1715 1498 1744 τοῖς
1510 1713 1559 1748 τῆς
1571 1712 1700 1748 ἀληθείας
1715 1711 1847 1747 προσκλί-

1054 1760 1147 1787 νεσθαι
1159 1759 1249 1793 λύγοις
1261 1759 1298 1793 (l)
1309 1779 1317 1790 ,
1336 1759 1381 1785 καὶ
1392 1759 1547 1785 εἰσκαλέσαι
1565 1759 1613 1794 μὲν
1628 1757 1723 1793 ὥσπερ
1736 1759 1776 1789 εἰς
1794 1757 1846 1791 γῆν

1054 1804 1104 1839 τὴν
1117 1804 1207 1838 ἁγίαν,
1226 1803 1297 1830 τοῦτ’
1315 1803 1384 1835 ἔστι,
1400 1803 1449 1838 τὴν
1461 1803 1627 1838 ἐπαγγελίαν
1644 1802 1692 1829 τοῦ
1710 1802 1779 1828 θεοῦ
1798 1801 1847 1836 τὴν

1054 1849 1099 1876 διὰ
1117 1849 1234 1881 πίστεως
1251 1849 1300 1884 τῆς
1318 1849 1347 1875 ὲν
1367 1848 1495 1884 Χριστῷ·
1512 1848 1683 1882 καταστῆσαι
1710 1848 1739 1874 δὲ
1759 1847 1847 1878 οὕτως

1055 1896 1097 1930 ἐφ’
1110 1896 1217 1927 ἑαυτοῖς
1228 1895 1346 1930 ἄρχοντα
1359 1895 1407 1921 καὶ
1418 1895 1514 1930 κριτὴν
1523 1895 1568 1921 τὸν
1583 1895 1616 1921 ὲκ
1625 1893 1692 1920 Θεοῦ
1703 1892 1847 1928 πεφυκότα

1056 1942 1131 1972 Υἰὸν,
1141 1940 1192 1967 κᾶν
1203 1941 1226 1967 ει
1238 1942 1324 1967 νοοῖτο
1335 1940 1403 1975 μετὰ
1416 1940 1516 1976 σαρκός
1526 1948 1532 1955 ·
1544 1940 1619 1973 λέγει
1632 1947 1662 1966 τε
1674 1939 1738 1973 περὶ
1752 1939 1844 1974 ήμῶν·

1060 1997 1068 2011 ι
1094 1985 1166 2020 Ἐγὼ
1179 1986 1207 2012 δὲ
1223 1985 1393 2020 κατεστάθην
1408 1985 1534 2019 βασιλεὺς
1549 1984 1593 2011 ὑπ’
1607 1984 1700 2016 αὑτοῦ,
1714 1985 1761 2010 ἐπὶ
1776 1983 1847 2009 Σιὼν

1056 2033 1119 2068 ὅρος
1135 2032 1165 2059 τὺ
1185 2032 1260 2066 ἆγιον
1274 2032 1366 2063 αὐτοῦ,
1384 2032 1550 2066 διαγγέλλων
1565 2031 1595 2057 τὸ
1608 2031 1772 2066 πρόσταγμα
1790 2030 1848 2056 Κυ-

1060 2079 1128 2114 ρίου.
1144 2088 1152 2104 ι
1171 2078 1285 2113 ’Ἐτερόν
1304 2086 1335 2112 γε
1353 2078 1406 2113 μὴν
1422 2078 1464 2104 ἐπ’
1480 2076 1554 2112 αὐτῷ
1568 2076 1598 2102 τὸ
1613 2075 1733 2111 σύμπαν,
1749 2075 1846 2102 οὐδένα

1059 2124 1281 2159 παραδεξόμεθα,
1299 2123 1414 2154 καὶτοῖς
1430 2123 1541 2150 ὀθνείων
1563 2122 1656 2156 ζυγοῖς
1672 2123 1720 2156 οὺχ
1738 2121 1847 2147 ὐποίσο-

1061 2179 1110 2206 μεν
1125 2171 1171 2198 τδν
1185 2170 1286 2205 αὐχένα
1297 2179 1303 2186 ·
1318 2167 1358 2202 εἷς
1370 2170 1422 2206 γὰρ
1436 2170 1501 2204 ἡμῖν
1517 2170 1574 2195 ἐστι
1586 2168 1743 2204 καθηγητὴς
1752 2168 1766 2193 ὁ
1779 2168 1846 2201 Χρι-

1060 2217 1131 2248 στός.
1162 2216 1282 2242 Ἰουδαῖοι
1299 2215 1353 2251 γὰρ
1371 2216 1395 2242 οἱ
1419 2215 1531 2246 τάλανες
1550 2213 1601 2246 ἔξω
1622 2214 1790 2248 μεμενήκασι
1814 2212 1846 2239 δι’

1060 2261 1198 2293 ἀπιστίαν,
1211 2262 1256 2288 καὶ
1266 2261 1365 2297 ἥκιστα
1378 2261 1428 2296 μὲν
1445 2261 1488 2294 ἐφ’
1504 2261 1610 2292 ἑαυτοῖς
1628 2260 1667 2291 είς
1686 2259 1804 2294 ἄρχοντά
1817 2267 1846 2284 τε

1061 2309 1108 2335 καὶ
1122 2308 1218 2344 κριτὴν
1239 2307 1415 2340 κατεδέξαντο
1437 2307 1484 2333 τὸν
1504 2306 1636 2341 Χριστὸν,
1653 2305 1700 2332 καί
1717 2314 1758 2332 τοι
1780 2313 1845 2331 κατ-

217 2348 656 2384 wruntChristum,quamvisille
668 2349 701 2377 de
715 2350 785 2377 cwlo
801 2351 848 2377 Dei
861 2351 949 2378 Patris
963 2359 1000 2378 vo-

1060 2354 1179 2389 ηγμένον
1193 2353 1223 2386 ἐξ
1237 2353 1352 2388 οὖροινοῦ
1361 2373 1368 2385 ,
1382 2352 1488 2387 θελήσει
1502 2360 1531 2378 τε
1543 2351 1590 2378 καὶ
1603 2351 1710 2385 εὐδοκία
1722 2350 1767 2376 τοῦ
1779 2349 1845 2376 Θεοῦ

212 2395 322 2427 ,lluntatc
333 2403 364 2421 ac
375 2397 442 2423 bene
445 2395 543 2429 placito
552 2397 746 2429 descendisset;
755 2396 803 2424 sed
813 2396 924 2431 insuper
932 2397 1015 2425 homi-

218 2446 281 2466 nem
291 2440 480 2474 alienigenam,
492 2441 598 2476 quiISibi
607 2442 763 2476 imperaret,
774 2442 1005 2477 elegerunt,illum

218 2484 382 2519 perditionis
390 2485 485 2519 ﬁlium,
501 2487 701 2514 Antichristum
713 2486 786 2519 dico,
802 2492 960 2515 extraneum
978 2494 1006 2517 et

219 2531 407 2567 alienigenam,
421 2541 508 2568 neque
520 2541 553 2560 ex
565 2540 664 2568 genere
682 2533 765 2560 Israel
781 2538 880 2566 ortum,
895 2535 1004 2563 tametsi

219 2577 263 2604 lex
275 2582 368 2612 aperte
385 2579 568 2614 prohibuerit,
589 2588 598 2604 ί
616 2579 674 2606 Νοιι
689 2579 802 2614 poteris,
815 2580 913 2615 inquit,
937 2589 1004 2608 eon-

219 2623 334 2655 stitucre
348 2632 430 2659 super
447 2625 569 2659 teipsum
586 2624 724 2651 hominem
739 2625 928 2660 alienigenam,
941 2627 1005 2661 quia

221 2678 274 2697 non
285 2676 325 2699 est
338 2671 423 2699 frater
434 2675 497 2698 tuns
510 2671 550 2703 ’3;
572 2681 580 2696 ι
597 2675 624 2698 et
641 2671 728 2706 ipsum
743 2679 852 2706 quoque
864 2671 1004 2700 Christum

1057 2400 1105 2427 καὶ
1118 2399 1232 2434 Πατρὸς,
1249 2399 1296 2425 καὶ
1305 2398 1372 2433 προς
1384 2397 1488 2429 τούτοις
1500 2398 1540 2424 ὅτι
1557 2397 1602 2423 καὶ
1612 2396 1755 2431 ἄνθρωπον
1770 2395 1844 2421 ἀλλόο

1057 2452 1132 2480 τριον
1147 2445 1188 2477 ἐφ’
1203 2444 1310 2474 ἑαυτοῖς
1327 2443 1565 2477 κεχειροτονήκασι
1581 2441 1626 2467 τὸν
1642 2441 1691 2476 τῆς
1709 2439 1845 2470 ἀπωλείας

1059 2490 1128 2523 υἱὸν,
1145 2489 1218 2516 τοῦτ’
1240 2488 1308 2519 ἔστι,
1326 2488 1372 2514 τὸν
1392 2488 1592 2523 Ἀντίχριστον,
1615 2485 1731 2520 ἐκφυλόν
1752 2495 1781 2512 τε
1802 2486 1846 2511 καὶ

1058 2535 1201 2569 ἁλλογενῆ,
1221 2534 1268 2561 καὶ
1280 2534 1332 2561 οὐδ’
1348 2533 1377 2566 ἐξ
1394 2534 1509 2568 αἵματος
1534 2532 1657 2568 Ἰσραὴλ,
1673 2531 1718 2558 καί
1740 2541 1781 2558 τοι
1801 2529 1845 2558 τοῦ

1057 2582 1141 2616 νόμου
1164 2581 1314 2612 διειπόντος
1337 2580 1440 2614 σαφῶς,
1465 2588 1475 2604 ‹
1499 2579 1536 2605 Οὐ
1553 2578 1655 2615 δυνήσῃ
1677 2577 1846 2612 καταστῆσαι

1057 2629 1103 2655 ἐπὶ
1128 2627 1242 2654 σεαυτὸν
1258 2626 1399 2662 ἄνθρωπον
1425 2625 1582 2660 ἀλλότριον,
1601 2624 1641 2650 ὅτι
1666 2623 1716 2649 οὐκ
1737 2623 1845 2656 ἀδελφός

1059 2673 1105 2700 σού
1118 2674 1201 2699 ἐστιν.
1220 2682 1228 2697 ι
1246 2672 1365 2698 Ἤκουον
1380 2671 1408 2696 δὲ
1425 2670 1550 2703 λέγοντος
1565 2669 1612 2694 καὶ
1628 2668 1710 2694 αὑτοῦ
1722 2667 1769 2693 τοῦ
1784 2668 1846 2703 Χρι-

256 2748 279 2764 ³⁴
292 2748 371 2776 Deut.
388 2755 442 2780 xvr,
459 2748 503 2782 18,
525 2748 567 2776 19.
605 2748 627 2764 ³⁸
643 2749 721 2776 Deut.
734 2757 798 2781 xvn,
818 2749 861 2782 14,
876 2750 918 2777 15.
958 2750 980 2766 ⁸⁸
997 2751 1000 2778 Ἰ

1053 2751 1066 2778 Ι.
1081 2759 1110 2783 ιι,
1131 2750 1157 2778 6.
1196 2749 1217 2765 ³⁷
1234 2748 1329 2776 Matth.
1347 2755 1422 2779 χχιιι,
1442 2747 1467 2773 8.
1507 2746 1528 2762 ³³
1545 2747 1624 2773 Deut.
1640 2754 1702 2778 xvn,
1722 2746 1766 2774 15.

258 2825 296 2860 (1)
313 2825 380 2852 Cod.
393 2827 479 2854 Valic.
494 2835 500 2853 :
513 2828 558 2854 Δεῖ
573 2828 627 2863 γὰρ
654 2828 727 2889 ήμᾶς
741 2826 772 2854 τὸ
800 2827 885 2853 κτίσει
901 2827 1040 2863 λατρεύειν
1062 2828 1136 2864 παρὰ
1152 2827 1196 2854 τὸν
1217 2825 1347 2853 κτίσαντα
1367 2825 1433 2853 Θεὸν
1455 2826 1544 2857 ίέντας
1567 2825 1712 2857 ἀπωτάτω,
1727 2825 1783 2856 τοῖς
1802 2826 1846 2860 τῆς

258 2862 349 2889 ηυείλς
369 2862 463 2889 ποοκλ.
481 2863 579 2889 λόγοις.
600 2871 653 2889 uno
690 2862 808 2889 reddidit
829 2863 972 2889 internres.

222 2861 349 2895 ἀληθείας
369 2862 463 2897 προκλ.
481 2861 584 2897 λόγοις,
600 2861 679 2898 quod
690 2862 808 2890 reddidit
829 2861 972 2897 interpres.
