1939 3041
91 121 134 148 77

444 122 487 150 DE
507 121 727 150 ADORATIONE
748 122 780 149 IN
801 121 934 149 SPIRITU
955 122 999 149 ET
1019 123 1201 151 VERITATE.
1225 123 1288 152 LIB.
1306 124 1370 152 VIII.

1678 126 1730 153 578

73 178 150 204 στοῦ
165 187 172 192 ·
194 188 204 204 ‹
219 179 291 213 Ἐγὼ
301 178 418 214 ἐλήλυθα
429 180 457 205 ἐν
469 179 507 215 τῷ
518 180 630 215 ὀνόματι
642 180 687 206 τοῦ
704 180 808 215 Πατρός
829 188 885 214 μου,

943 179 1072 207 audirent
1098 180 1246 208 dicentem:
1273 190 1282 206 σ
1300 181 1356 216 Ego
1381 181 1443 208 veni
1459 182 1488 208 in
1505 181 1616 209 nomine
1641 183 1730 212 Patris

73 224 131 250 καὶ
148 224 185 251 οὐ
202 224 360 260 λαμϐάνετέ
377 234 420 260 με.
442 226 505 252 Ἐὰν
521 226 600 258 ἄλλος
613 226 677 262 ἔλθῃ
688 227 717 252 ἐν
728 226 766 261 τῷ
779 226 891 260 ὀνόματι

76 270 122 305 τῷ
142 270 222 305 ἰδίῳ,
237 271 341 297 ἐκεῖνον
352 271 480 306 λήψεσθε.
499 281 508 296 ι
528 271 726 306 Ἐπιδεδήμηκε
737 271 789 307 γὰρ
802 273 815 298 ὁ
826 273 892 308 Χρι-

78 317 152 348 στὸς
171 318 215 349 εἰς
229 316 307 349 δόξαν
321 317 388 344 Θεοῦ
403 318 520 353 Πατρός.
535 318 612 350 Ἥξει
627 318 655 344 δὲ
668 318 738 344 κατά
753 319 866 350 καιροὺς
878 319 892 345 ὀ

78 362 138 396 τῆς
156 362 278 397 ἀνομίας
302 363 375 394 υἱὸς,
389 362 439 389 οὐκ
454 363 493 394 είς
507 363 585 395 δόξαν
600 363 666 390 Θεοῦ
681 363 796 399 Πατρὺς,
815 364 891 390 τοῦτο

79 406 142 441 γὰρ
161 404 242 441 οἶμαι
257 405 327 434 εἶναι
342 407 382 438 τὸ,
404 407 448 433 Ἐν
463 407 502 442 τῷ
515 407 625 442 ὀνόματι
641 406 688 434 τοῦ
704 407 818 442 Πατρδς,
834 407 890 433 ἀλλ’

83 452 146 485 ἰδίᾳ.
173 452 281 487 κεφαλῇ
301 451 450 487 περιτιθεὶς
473 453 486 478 ὁ
507 452 621 484 δείλαιος
644 452 673 478 τὸ
693 452 742 486 τῆς
765 452 891 487 θεότητος

82 497 192 531 ὄνομα.
208 507 217 522 ι
233 497 375 524 Καθιεῐται
385 497 438 532 γὰρ
451 498 490 529 είς
504 498 548 524 τὸν
558 496 631 524 οἷκον
647 498 692 524 τοῦ
705 497 772 525 Θεοῦ
784 499 890 525 ἀποδει-

85 543 159 574 κνὺς
171 543 278 576 ἑαυτὸν,
289 543 330 569 ὅτι
342 543 399 570 ἐστὶ
414 543 488 575 Θεός.
502 553 511 570 ι
531 544 599 570 Ἀλλ’
612 545 661 570 οὐκ
675 544 706 571 ἂν
721 544 795 579 αὑτῷ
806 553 888 580 προσ-

85 589 262 622 κυνήσουσιν
291 589 425 621 Ἰουδαῖοι,
451 589 505 616 οὐδ’
524 590 556 616 ἂν
580 590 617 621 ὡς
640 590 756 624 Χριστὸν
773 591 890 626 παραδέ-

88 632 191 664 ξαιντό
211 642 276 660 ποτε
298 634 445 670 τηροῦντες
467 634 511 660 τὸν
534 634 630 669 νόμον·
653 634 682 666 ἐξ
700 635 814 670 αἵματος
835 635 888 670 γὰρ

94 679 211 715 Ἰσραὴλ
226 680 359 714 ἀναφύναι
379 680 506 714 Χριστὸν,
526 682 738 716 προμεμήνυκεν
755 682 887 716 ἐναργῶς.

89 726 123 752 υἱ
138 725 180 757 δὲ,
201 725 335 753 καὶτοῦτο
349 726 476 761 μεθέντες
492 726 528 758 ὡς
543 726 637 758 ἕωλον,
652 727 795 762 ἄνθρωπον
812 727 888 754 ἀλλό-

91 779 172 806 τριον
189 771 236 797 καὶ
249 770 380 805 ἀλλογενῆ
398 770 604 806 παραδέξωνται.

128 816 238 842 ΠΑΛΛ.
253 815 358 842 Οὐκοῦν
369 816 473 842 ἔδονται
487 816 536 850 τῆς
553 815 656 842 ἑαυτῶν
671 815 731 842 ὀδοῦ
745 816 806 847 τοὺς
823 824 888 851 καρ⁴

942 224 1008 257 mei.
1028 229 1056 251 et
1069 231 1125 251 non
1134 225 1324 260 accipitisme:
1343 226 1364 253 si
1377 226 1447 253 alius
1459 226 1566 253 venerit
1579 227 1607 254 in
1619 228 1730 255 nomine

943 278 1003 303 suo,
1021 270 1098 297 illum
1117 270 1259 305 accipietis
1275 271 1315 303 “;
1333 280 1342 296 ι
1360 271 1469 298 advenit
1480 279 1553 298 enim
1568 272 1729 300 Christusin

942 315 1124 351 gloriam,Dei
1141 316 1243 349 Patris,
1259 316 1286 343 id
1307 317 1380 343 enim
1396 325 1456 345 esse
1468 322 1544 352 puto,
1569 318 1599 345 In
1615 319 1727 346 nomine

942 361 1046 394 Patris;
1065 362 1157 389 veniet
1171 366 1262 389 autem
1275 362 1332 389 suis
1345 363 1514 397 temporibus
1529 363 1574 390 ille
1591 364 1663 392 ﬁlius
1677 365 1730 392 ini-

941 407 1065 442 quitatis,
1081 415 1135 434 non
1151 407 1179 434 in
1201 407 1316 442 gloriam
1331 408 1379 435 Dei
1395 408 1492 440 Patris,
1505 409 1553 436 sed
1578 417 1628 436 suo
1645 411 1728 445 capiti

941 454 1025 480 miser
1039 454 1160 489 imponet
1175 453 1328 480 divinitatis
1339 462 1449 481 nomen.
1469 464 1477 479 ι
1490 454 1683 482 Sedebitenim
1700 457 1728 483 in

941 499 1023 526 domo
1043 499 1090 526 Dei
1107 499 1255 526 ostendens
1283 499 1402 534 seipsum
1427 499 1501 534 quod
1521 500 1557 527 sit
1578 501 1651 527 Deus
1664 501 1697 528 ⁸ο.
1714 511 1725 526 ι

941 544 993 571 Sed
1005 552 1145 578 nunquam
1166 544 1242 571 illum
1254 544 1340 572 Judaei
1355 549 1451 571 essent
1472 545 1623 578 adoraturi,
1640 554 1728 581 neque

941 594 971 617 ut
991 590 1130 618 Christum
1144 591 1309 625 suscepturi,
1324 591 1346 618 si
1360 591 1448 625 legem
1464 591 1652 623 observarent,
1667 601 1728 627 qua:

940 637 1084 664 manifeste
1111 638 1311 672 pronuntiavit,
1337 637 1394 664 fore
1419 642 1449 664 ut
1464 645 1497 664 ex
1515 637 1622 665 Israelis
1644 637 1728 673 stir'pe

939 682 1067 710 Christus
1081 683 1213 709 oriretur.
1237 683 1290 710 Sed
1303 683 1352 714 illi,
1368 682 1394 709 id
1412 691 1521 718 quoque
1535 687 1663 717 tanquam
1679 691 1727 709 ve—

939 734 984 757 tus
1008 737 1040 757 ac
1055 730 1180 764 putidum
1209 729 1375 764 rejicieutcs,
1395 728 1533 755 hominem
1547 728 1678 760 alienum,
1700 734 1727 756 et

938 775 1118 810 alienigenam
1130 775 1275 810 recipient.

973 821 1071 849 PALL.
1084 821 1169 856 Igitur
1180 820 1263 847 edent
1279 820 1386 847 fructus
1411 820 1462 847 viae
1482 827 1537 846 suae.
1558 819 1591 851 “,
1612 823 1639 845 et
1659 819 1727 846 adeo

91 860 172 892 ποὺς,
195 861 307 896 καὶτῆς
328 861 443 896 αἰσχρᾶς
465 859 664 893 εἰκαιοϐουλίας
693 860 743 895 τὴν
770 860 883 895 ἰσοπαλῆ

939 868 1025 902 turpis
1041 867 1069 894 in
1083 867 1200 894 consilio
1213 867 1348 902 capiendo
1362 865 1526 893 temeritatis
1550 865 1647 900 dignas
1666 873 1726 900 pae-

92 906 259 942 κομιοῦνται
277 906 364 942 δίκην.

128 953 214 979 ΚΥΡ.
250 951 287 980 Εὖ
319 953 405 988 ἔφης·
430 953 443 979 ὁ
472 952 567 987 γάρτοι
597 952 631 979 τὰ
666 952 757 979 δίκαια
787 953 887 988 κρίνων

93 997 172 1031 Θεὸς,
189 999 311 1034 διανεμεῖ
326 998 358 1034 δὴ
376 998 485 1030 πάντως
499 998 607 1033 ἑκάστῳ
620 999 691 1025 κατὰ
703 999 733 1026 τὸ
744 999 824 1034 ἔργον
837 999 886 1025 αὑ-

94 1044 152 1072 τοῦ.
170 1045 226 1072 Καὶ
251 1041 302 1071 ὧδε
322 1045 372 1080 μὲν
386 1046 452 1079 ἡμῖν
473 1044 558 1079 ἐχέτω
580 1045 668 1076 ταυτὶ,
691 1046 739 1071 καὶ
757 1045 886 1080 ἀποχρῶν

95 1089 166 1116 ἔστω
181 1091 195 1117 ὁ
209 1090 298 1124 λόγος.
320 1089 403 1125 Ἀτάρ
419 1090 450 1125 δὴ
465 1091 520 1121 τοῖς
545 1091 584 1122 εἰς
608 1090 639 1117 τὸ
656 1091 758 1126 κρίνειν
778 1091 886 1125 ἐτέρους

95 1136 237 1171 ἠγμένοις,
252 1137 299 1163 καὶ
315 1137 354 1167 εἰς
377 1136 422 1163 τὸν
443 1137 500 1168 τοῖς
523 1136 663 1168 δικάζουσι
678 1137 816 1172 πρέποντα
833 1137 886 1162 θῶ-

95 1191 154 1214 κον,
169 1182 304 1216 ἐπεφώνει
320 1182 400 1208 πάλιν
421 1183 435 1208 ὁ
452 1182 531 1217 νόμος
543 1190 550 1197 “
571 1191 580 1207 ι
597 1183 634 1209 Οὐ
647 1183 786 1218 παραδέξῃ
801 1183 886 1218 ἀκοὴν

102 1227 234 1262 ματαίαν,
252 1236 260 1252 ι
278 1226 432 1258 τοῦτ’κὲστι,
449 1226 526 1260 λόγον
541 1226 625 1262 ψευδῆ
641 1227 689 1253 καὶ
706 1227 886 1261 συκοφαντίας

96 1272 225 1308 ἔμπλεω”
246 1282 254 1298 ι
270 1273 306 1299 Οὐ
327 1271 500 1308 προστεθὴσῃ
532 1272 601 1307 μετὰ
631 1271 748 1306 πλήθους
764 1273 885 1298 ἐκκλῖναι

97 1318 168 1354 μετὰ
184 1318 326 1350 πλειόνων,
341 1317 410 1344 ὥστε
427 1318 551 1344 ἐκκλῖναι
573 1317 673 1352 κρίσιν.
689 1327 697 1343 ι
721 1318 777 1344 Καὶ
803 1317 885 1344 πάλιν

98 1364 157 1399 μεθ’
173 1364 256 1400 ἕτερα
266 1373 273 1379 ·
291 1374 300 1389 ε
317 1364 353 1390 Οὐ
364 1364 536 1399 διαστρέψεις
551 1365 639 1399 κρῖμα
656 1363 771 1398 πένητος
785 1363 814 1389 ἐν
830 1363 886 1399 κρί-

99 1418 140 1436 σει
163 1409 256 1442 αὑτοῦ,
271 1410 324 1436 ἀπὸ
340 1410 442 1441 παντὸς
461 1410 584 1445 ῥήματος
600 1409 691 1435 ἀδίκου
704 1409 856 1445 ἀποστήσῃ.
873 1419 882 1435 ι

98 1456 204 1492 Πρέποι
220 1457 274 1492 γὰρ
297 1456 330 1483 ἂν
344 1457 385 1483 ὅτι
408 1456 526 1491 μάλιστά
542 1464 584 1490 γε,
599 1455 630 1482 τὸ
650 1455 833 1490 ἀνεπίληπτον
856 1456 885 1482 ἐν

98 1501 187 1536 λόγοις
211 1505 267 1534 τοῖς
292 1502 339 1529 τοῦ
368 1502 488 1534 δικάζειν
515 1502 640 1538 κυρίοις,
670 1501 716 1528 καὶ
745 1501 885 1536 ὀρθοεπεῖν

941 922 990 941 nas
1007 914 1139 941 referent.

975 959 1054 987 CYR.
1069 960 1153 987 Recte
1169 960 1220 992 ais,
1232 966 1295 986 nam
1311 959 1334 985 is
1360 957 1408 992 qui
1422 960 1496 984 recta
1514 957 1620 992 judicat
1642 957 1724 990 Deus,

940 1005 1087 1033 distribuet
1117 1012 1232 1040 prorsus
1244 1004 1393 1038 unicuique
1405 1003 1482 1038 juxta
1495 1010 1564 1036 opus
1582 1009 1672 1028 suum.
1688 1001 1727 1028 Ac

940 1051 1035 1079 dehis
1057 1051 1170 1086 quidem
1193 1050 1327 1077 hactenus
1360 1048 1464 1076 dictum
1483 1048 1527 1075 sit.
1553 1048 1607 1074 Eos
1622 1052 1725 1080 autem,

940 1097 987 1132 qui
1006 1097 1039 1124 ad
1057 1095 1220 1132 jndicandos
1247 1099 1361 1122 caeteros
1383 1093 1525 1120 constituti
1548 1096 1621 1124 sunt,
1650 1097 1678 1119 et
1698 1093 1726 1119 in

937 1143 1072 1178 judicium
1086 1142 1150 1170 sede
1179 1141 1317 1172 collocati,
1341 1139 1532 1174 alloquebatur
1554 1138 1651 1164 iterum
1666 1137 1724 1164 lex:

944 1189 1021 1216 «Non
1039 1188 1158 1222 accipies
1169 1187 1292 1214 auditum
1315 1193 1415 1212 vanum
1431 1184 1464 1216 η,
1477 1193 1485 1208 ι
1503 1183 1529 1210 id
1547 1186 1599 1216 est,
1620 1190 1725 1210 sermo-

939 1241 1002 1261 nem
1020 1233 1130 1264 l‘alsum,
1151 1236 1178 1259 et
1193 1231 1336 1258 calumniae
1347 1230 1458 1265 plenum
1474 1236 1480 1254 :
1499 1237 1507 1253 ε
1523 1227 1583 1254 Non
1595 1227 1727 1262 adjungas

940 1284 965 1306 te
977 1277 1159 1309 multitudini,
1171 1281 1200 1304 ut
1214 1277 1336 1303 declines
1364 1282 1426 1302 cum
1447 1273 1574 1308 pluribus
1590 1273 1624 1299 ad
1639 1273 1725 1300 decli—

939 1325 1058 1352 nandum
1070 1324 1205 1359 judicium
1218 1323 1259 1355 Η;
1279 1332 1287 1347 ι
1309 1321 1390 1355 280
1413 1325 1441 1347 et
1464 1327 1560 1346 rursus
1579 1323 1640 1353 post
1654 1326 1725 1345 non-

938 1370 1013 1397 nulla
1031 1369 1101 1396 alia:
1120 1378 1128 1394 ‹
1141 1368 1199 1395 Non
1224 1370 1366 1401 pervertes
1384 1363 1518 1399 judicium
1541 1363 1670 1398 pauperis
1697 1363 1724 1389 in

936 1415 1040 1451 judicio
1073 1421 1123 1441 suo
1149 1423 1154 1440 :
1183 1413 1218 1439 ab
1238 1412 1313 1439 omni
1340 1410 1425 1438 verbo
1459 1409 1561 1443 injuste
1603 1407 1724 1434 abstine—

939 1461 980 1488 bis
999 1461 1031 1486 “.
1044 1469 1053 1485 ι
1073 1460 1141 1487 Nam
1161 1466 1245 1493 penes
1271 1464 1338 1492 quos
1353 1459 1395 1482 est
1417 1453 1558 1489 judicandi
1591 1457 1722 1488 potestas,

938 1512 1032 1532 eorum
1058 1503 1214 1530 orationem
1234 1510 1295 1529 esse
1322 1501 1440 1527 alienam
1462 1507 1477 1526 a
1505 1497 1724 1534 reprehensione

98 1548 203 1583 ἀνάγκη
220 1548 265 1575 τὸν
290 1549 332 1583 ἐφ’
345 1549 452 1583 ἑκάστῳ
469 1548 523 1574 τῶν
538 1547 785 1583 κατηγορουμένων
798 1547 885 1583 ψηφιμ

939 1550 1054 1577 maxime
1071 1549 1210 1581 convenit,
1233 1552 1259 1576 et
1272 1551 1347 1574 recte
1370 1546 1446 1580 loqui
1466 1552 1579 1572 necesse
1604 1548 1646 1571 est
1661 1552 1725 1571 eum

99 1595 156 1629 ρείν
170 1594 310 1628 ὀφείλοντα
337 1594 366 1620 τὸ
385 1593 424 1629 τῷ
448 1593 582 1629 νομοθέτῃ
601 1592 706 1619 δοκοῦν.
740 1591 885 1627 Ἐπενήνε-

101 1641 198 1667 κταιδὲ
214 1640 356 1676 χρησίμως
367 1641 464 1672 καὶτὸ,
491 1650 499 1665 ε
521 1639 629 1674 Πένητα
641 1639 691 1665 οὐκ
714 1638 834 1674 ἑλεήσεις
857 1639 885 1664 ὲν

100 1687 368 1723 κρίοει.›Πρόχειρον
377 1687 429 1722 γάρ
437 1686 564 1722 τιχρῆμα
573 1687 617 1712 καὶ
628 1685 755 1721 προαλὲς,
767 1685 843 1720 παρὰ
855 1693 885 1719 γε

99 1734 152 1764 τοῖς
166 1733 286 1768 κρίνουσι
305 1732 336 1759 τὸ
347 1733 388 1758 ἐπ’
401 1733 484 1767 ἄμφω
502 1731 623 1766 βλέπειν,
644 1732 687 1757 ὅτε
702 1731 740 1766 μὴ
760 1730 886 1762 πλούσιος

99 1779 113 1804 ὁ
128 1778 294 1814 κρινόμενος,
308 1778 355 1804 καὶ
370 1778 570 1812 εὐκατάτροχον
585 1777 686 1812 κομιδῆ
698 1776 765 1811 πρὸς
776 1776 884 1802 πλεονε-

101 1824 169 1857 ξξαν,
185 1824 254 1860 ἀνὴρ
269 1824 348 1860 πενία
368 1823 593 1859 κατηχθισμένος·
611 1822 666 1858 ἔχει
679 1822 706 1849 δὲ
727 1822 776 1848 οὐκ
790 1821 886 1848 ἀνικά-

101 1879 151 1902 νως
176 1870 230 1896 ἔσθ’
247 1871 290 1897 ὅτε
316 1870 363 1896 καὶ
381 1870 448 1904 πρός
463 1878 495 1903 γε
509 1869 540 1896 τὸ
565 1868 694 1895 δύνασθαι
715 1867 760 1893 τὸν
784 1867 831 1894 τοῦ
849 1867 887 1894 δι-

101 1916 178 1942 καίου
204 1916 420 1942 καταϐιάσαιτθαι
448 1915 538 1949 λόγον,
556 1914 647 1941 καλῶν
669 1914 710 1945 είς
734 1913 808 1939 ἔλεον
823 1913 887 1944 τοὺς

101 1961 154 1988 τῶν
180 1961 342 1993 δικαζόντων
369 1961 571 1996 ἁπαλωτέρους.
589 1959 722 1995 Ἐξείργει
746 1959 777 1994 δὴ
805 1957 851 1986 οὖν
873 1959 887 1986 ὁ

106 2007 184 2042 νόμος
210 2007 257 2032 καὶ
284 2006 331 2033 τοῦ
363 2005 581 2032 πλεονεκτεῖσθαι
608 2004 663 2031 δεῖν
687 2004 795 2031 καὶτοῦ
821 2013 887 2030 κατ-

105 2052 246 2088 οικτείρειν
262 2053 325 2084 τοὺς
340 2053 368 2079 ὲν
380 2052 468 2088 ἐνδείᾳ
484 2052 530 2078 καὶ
542 2051 689 2086 ἀθλιότητι,
702 2051 752 2086 τῆς
767 2051 888 2077 δικαιοκ-

108 2099 191 2134 ρισίας
206 2099 236 2125 τὸ
251 2098 347 2131 κάλλος
360 2099 450 2135 τηρῶν
465 2097 670 2133 ἀπαράφθορον,
681 2098 786 2133 καὶτῆς
802 2097 888 2131 ἰσότη-

105 2154 147 2177 τος
170 2145 300 2182 πρύτανιν
324 2146 448 2181 πανταχῆ
465 2145 509 2171 τὸν
528 2144 671 2176 δικάζοντα
699 2143 801 2175 τιθείς·
819 2153 827 2169 ι
843 2142 887 2170 Δι-

106 2192 186 2223 καῐως
210 2191 263 2228 γὰρ
281 2193 311 2219 τὸ
330 2192 433 2219 δίκαιον
454 2191 574 2222 διώξεις,
589 2200 598 2216 ι
622 2191 712 2225 φησιν.
735 2190 779 2222 Ὧς
793 2190 824 2216 τό
845 2198 886 2216 τοι

105 2238 198 2265 λυποῦν
215 2238 260 2265 τὸν
276 2238 368 2274 νόμον,
382 2238 434 2275 κᾶν
450 2237 477 2264 εἴ
489 2246 515 2264 τι
542 2237 595 2264 τῶν
618 2237 727 2271 ἀγαθῶν
751 2236 884 2271 ὑπάρχειν

107 2285 175 2320 δοκῇ,
190 2285 267 2312 νοοῖτ*
281 2285 314 2312 ἂν
326 2284 437 2315 εἰκότως
450 2284 498 2310 οὒκ
511 2282 702 2318 ἀπλημμελές’
721 2283 814 2309 ίἚστι
829 2281 884 2316 γὰρ

107 2331 201 2362 δίκαιος
217 2330 400 2366 ἀπολλύμενος
415 2331 443 2356 ἐν
457 2329 552 2365 δικαίῳ
569 2328 661 2361 αὑτοῦ,
675 2337 684 2354 ι
700 2327 770 2354 κατὰ
789 2327 819 2353 τὸ
835 2336 882 2361 γε-

108 2377 267 2412 γραμμένον.
281 2377 369 2402 Δεῖται
385 2375 417 2410 δὴ
435 2373 482 2401 οὖν
503 2374 643 2409 εὐτεχνίας
659 2373 689 2400 τὺ
706 2372 816 2407 ἀγαθὸν,
836 2371 884 2398 καὶ

109 2423 135 2449 τὺ
147 2422 321 2458 ὲποικτείρειν
336 2422 386 2448 οὐκ
402 2422 430 2447 ὲν
446 2420 542 2456 καιρῷ,
563 2420 611 2454 τῆς
629 2420 669 2450 εἱς
685 2419 765 2453 νόμον
779 2418 884 2449 ἀδικίας

108 2469 152 2496 οὐκ
173 2469 205 2495 ἂν
229 2468 357 2503 διαφύγοι
373 2467 500 2506 γραφήν.
520 2466 590 2498 Τοὺς
622 2465 671 2500 μὲν
689 2463 736 2492 οὖν
763 2464 883 2500 μετρίοις

108 2514 365 2549 ὲγκατειλημμένους
392 2512 546 2548 αἰτιάμασι,
575 2512 636 2543 ταῖς
673 2511 717 2537 διὰ
745 2511 884 2544 μαστίγων

109 2559 202 2591 αἰκίαις
228 2558 382 2594 ἐπανορθοῖ.
404 2558 458 2585 Θέα
486 2557 514 2584 δὲ
542 2557 616 2589 ὅπως
643 2556 825 2591 δουλοπρεπὲς
854 2556 884 2582 τὺ

109 2606 195 2641 χρῆμα
214 2605 262 2632 καὶ
285 2604 463 2639 ἀνελεύθερον
477 2603 585 2638 κομῖδῆ,
607 2603 655 2629 καὶ
671 2603 707 2638 μή
723 2611 763 2628 τοι
780 2602 885 2636 θαυμά-

111 2659 168 2687 σῃςι
183 2652 290 2687 πνεῦμα
304 2651 357 2687 γὰρ
380 2649 413 2687 ἦν
432 2651 461 2676 ὲν
475 2650 567 2681 αὐτοῖς
580 2649 712 2680 δουλείας.
733 2648 783 2675 Διὰ
805 2648 883 2675 τοῦτο

111 2698 203 2734 πληγαὶ
219 2699 268 2734 μὲν
285 2698 377 2725 οὐκέτι
405 2699 461 2728 τοῖς
484 2695 528 2723 διὰ
556 2695 674 2732 Χριστοῦ
701 2695 882 2730 θεσπίσμασιν

143 2804 162 2819 ³³
177 2801 250 2828 Ioan.
267 2810 297 2834 ν,
313 2801 356 2828 45.
388 2802 410 2817 ⁸⁸
431 2801 454 2828 ll
468 2800 564 2827 Thess.
578 2807 606 2830 ιι,
626 2800 652 2826 4.
689 2800 710 2816 ¹δ¹
725 2800 806 2827 Prov.
824 2809 843 2831 ι,
862 2800 905 2827 51.

113 2837 133 2853 "
145 2838 221 2864 Deut.
242 2845 296 2870 va.
313 2837 355 2863 ΞΟ.
398 2837 420 2852 ⁸⁷
433 2836 525 2863 Eccle.
537 2842 584 2866 vn,
600 2834 642 2862 IG.

934 1596 982 1631 qui
1003 1599 1044 1622 est
1076 1595 1117 1622 de.
1140 1601 1308 1629 unoquoque
1344 1591 1460 1619 crimine
1495 1590 1660 1618 sententiam
1691 1598 1725 1616 ex

934 1641 1098 1677 legislatoris
1115 1641 1226 1668 decreto
1240 1640 1355 1666 laturus.
1376 1637 1446 1665 Illud
1462 1644 1572 1672 quoque
1596 1644 1651 1663 non
1674 1636 1725 1663 abs

937 1695 966 1714 rc
979 1687 1154 1722 subjunctum
1172 1689 1214 1713 est
1235 1695 1240 1712 :
1263 1695 1271 1710 ‹
1284 1684 1415 1719 Pauperis
1433 1691 1489 1710 non
1503 1682 1681 1710 misereberis
1696 1682 1724 1709 in

934 1733 1038 1768 judicio
1050 1733 1108 1766 ⁸⁵;›
1132 1740 1207 1764 nam,
1231 1731 1278 1758 ubi
1302 1738 1366 1757 reus
1394 1729 1506 1756 minime
1530 1728 1606 1755 dives
1629 1728 1722 1759 fuerit,

935 1779 1056 1815 proclive
1073 1786 1105 1806 ac
1115 1778 1194 1805 facile
1219 1781 1271 1808 est.
1286 1776 1435 1811 utjudiccs
1451 1774 1479 1801 in
1499 1773 1632 1800 utramvis
1660 1781 1724 1808 par-

938 1830 991 1853 tem
1005 1828 1184 1860 spectent;et
1210 1823 1317 1858 injuriae
1334 1821 1477 1857 expositus
1497 1824 1539 1847 est
1562 1818 1722 1850 admodum,

936 1871 983 1905 qui
1001 1870 1092 1904 inopia
1102 1869 1250 1904 premitur:
1261 1875 1351 1902 neque
1365 1866 1486 1893 vicissim
1497 1864 1524 1891 id
1541 1871 1638 1900 parum
1653 1864 1725 1890 valet

937 1915 1077 1943 interdum
1091 1915 1125 1941 ad
1134 1913 1248 1949 justitiae
1255 1913 1389 1940 rationem
1402 1910 1569 1942 violandam,
1582 1909 1654 1944 quod
1665 1917 1723 1940 eos,

937 1961 985 1996 qui
998 1965 1062 1987 sunt
1074 1960 1101 1986 in
1113 1959 1262 1995 judicando
1278 1957 1429 1989 molliores,
1446 1956 1481 1983 ad
1502 1954 1723 1982 misericordiam

936 2006 1032 2034 ﬂectit.
1045 2005 1176 2033 Prohibet
1193 2004 1285 2038 itaque
1303 2004 1356 2036 lex,
1373 2011 1407 2030 ne
1421 2006 1468 2029 aut
1487 2005 1616 2037 potentes
1629 1999 1724 2034 oppri-

937 2056 1022 2085 mant,
1043 2056 1090 2078 aut
1107 2050 1527 2084 misericordia”prosequantur
1545 2054 1593 2073 eos
1622 2045 1668 2080 qui
1697 2045 1724 2072 in

937 2102 1096 2134 paupertate
1111 2101 1138 2124 et
1159 2095 1271 2123 miseria
1298 2098 1460 2126 versantur;
1477 2093 1505 2120 in
1527 2091 1661 2127 quojusti
1678 2091 1725 2125 ju—

939 2144 1003 2172 dicii
1020 2142 1256 2179 pulchritudinem
1279 2144 1370 2168 servat
1394 2140 1591 2173 incorruptam,
1614 2141 1642 2164 et
1653 2136 1726 2171 judi-

939 2198 998 2219 cem
1009 2189 1171 2225 mqualilatis
1182 2189 1316 2216 arbitrum
1325 2186 1427 2221 ubique
1440 2185 1519 2212 facit:
1533 2194 1541 2209 ι
1550 2184 1626 2211 Juste
1638 2183 1723 2215 enim,

939 2236 1013 2271 quod
1033 2237 1137 2271 justum
1161 2238 1217 2267 est,
1253 2233 1443 2269 persequeris,
1459 2241 1467 2257 ι
1496 2231 1585 2264 inquit
1604 2229 1640 2262 W;
1660 2235 1723 2255 nam

937 2283 1040 2318 violare
1054 2282 1152 2316 legem,
1166 2280 1290 2315 quamvis
1301 2278 1406 2313 aliquid
1418 2276 1553 2313 ejusmodi
1571 2275 1618 2307 sit,
1636 2278 1666 2301 ut
1677 2274 1725 2301 be-

937 2337 971 2357 ne
983 2329 1042 2356 tieri
1052 2328 1189 2359 videatur,
1208 2331 1298 2354 tamen
1313 2333 1372 2352 esse
1386 2328 1521 2359 apeccato
1536 2322 1647 2349 minime
1660 2321 1725 2348 alie-

936 2383 1013 2407 num,
1027 2374 1099 2401 haud
1110 2372 1246 2400 immerito
1260 2371 1438 2405 intelligitur:
1458 2379 1467 2394 ί
1479 2369 1527 2396 Est
1539 2368 1611 2395 enim
1622 2368 1722 2402 justus,

938 2420 984 2455 qui
999 2419 1070 2454 perit
1090 2419 1116 2445 in
1130 2417 1235 2453 justitia
1244 2425 1302 2447 sua,
1318 2426 1326 2440 ι
1342 2416 1414 2442 sicut
1425 2415 1557 2448 scriptum
1570 2417 1612 2439 est
1630 2413 1661 2438 ⁵⁷.
1674 2411 1725 2446 Igi-

939 2471 983 2493 lur
998 2465 1119 2500 probitas
1127 2463 1237 2491 solertia
1246 2469 1315 2496 opus
1329 2460 1427 2487 habet:
1443 2457 1586 2485 namistud
1601 2456 1722 2491 quidem,

937 2512 1032 2539 nonin
1059 2515 1182 2544 tempore
1206 2505 1398 2536 misericordia
1420 2503 1598 2535 commoveri,
1620 2502 1722 2529 crimen

937 2557 1045 2583 violata:
1060 2555 1127 2590 legis
1139 2561 1279 2588 nunquam
1297 2550 1419 2585 ell‘ugiet.
1434 2549 1487 2575 Eos
1510 2548 1604 2583 igitur,
1618 2547 1664 2581 qui
1682 2547 1722 2573 le-

937 2602 1060 2630 vioribus
1072 2604 1200 2628 tenentur
1214 2598 1312 2633 culpis,
1328 2595 1492 2624 verberibus
1517 2593 1640 2628 corrigit.
1654 2592 1723 2620 Vide

937 2653 1028 2676 autem
1051 2655 1134 2682 quam
1147 2646 1255 2674 servilis
1271 2645 1307 2671 sit
1321 2652 1353 2671 ea
1377 2650 1430 2673 res,
1453 2645 1482 2668 et
1503 2640 1591 2667 libero
1612 2638 1722 2665 homine

936 2694 1141 2730 indignissima:
1156 2699 1244 2727 neque
1261 2697 1327 2718 vero
1348 2688 1397 2717 tibi
1419 2687 1446 2715 id
1461 2687 1561 2714 mirum
1577 2684 1720 2711 videatur:

941 2800 961 2815 “
976 2796 1061 2825 Exod.
1075 2804 1150 2827 mu,
1170 2795 1196 2821 1.
1228 2794 1250 2810 ⁸⁸
1267 2793 1335 2821 ibid.
1351 2792 1378 2820 2.
1409 2790 1431 2807 ⁸⁸
1440 2789 1507 2817 ibid.
1520 2788 1546 2816 6.
1576 2786 1598 2802 “
1610 2784 1676 2812 ibid.
1692 2781 1720 2810 5.
