1939 3041
197 133 249 161 579

708 129 735 156 S.
756 129 892 157 CYRILLI
915 128 1149 157 ALEXANDRINI
1170 127 1329 154 ABCllliiP.

1782 126 1841 154 580

198 189 338 217 servitutis
349 194 466 222 namque
481 186 595 222 spiritus
611 186 637 213 in
652 186 706 213 illis
723 191 790 214 erat.
815 187 856 214 0b
869 195 981 221 eamque

1036 186 1154 217 ἕπονται,
1182 184 1252 211 καθὰ
1277 184 1324 210 καὶ
1352 183 1390 217 τῷ
1418 184 1501 209 πάλαι
1523 182 1604 218 νόμῳ.
1635 183 1792 219 Πρόκειται
1810 183 1840 210 δι

198 242 309 262 causanti
322 233 422 261 Christi
443 233 587 267 prmceptis
612 239 667 259 non
691 232 809 266 amplius
837 233 921 267 plaga:
934 231 982 258 ad-

196 281 298 316 juncta:
309 284 383 310 sunt,
399 284 429 306 ut
440 279 468 305 in
479 278 537 313 [ego
550 278 648 311 veleri,
667 278 714 305 sed
728 279 818 313 potius
837 286 869 305 ea
882 285 980 313 propo-

199 327 250 353 sita
260 347 267 358 ,
279 334 340 361 quae
351 326 453 352 liberos
464 325 573 358 decent,
585 325 702 352 illustria
714 324 850 360 dignaque
860 323 981 359 praemia,

198 378 225 400 ct
238 372 422 408 spiritualium
436 372 573 399 bonorum
594 371 738 406 primitiae,
753 376 835 406 atque
847 371 969 405 pollicita

201 419 298 450 tiones,
317 422 344 445 et
368 417 554 445 beatitudines
566 421 640 444 recte
663 416 743 443 factis
768 416 983 443 convenientes:

198 471 287 497 neque
299 463 389 490 adhuc
401 462 492 495 minaa,
505 462 553 489 sed
565 461 773 488 adhortationes
780 461 870 496 potius
882 461 916 487 ad
928 460 986 487 vir-

199 512 295 536 tutem.
308 508 376 536 Cum
389 508 489 542 priscis
514 507 589 534 enim
606 507 661 533 illis
673 506 831 533 hominibus
856 510 983 540 tanquam

198 561 260 580 eum
272 553 391 586 famulis,
410 557 440 580 ut
452 553 570 580 famulus
586 558 667 586 atque
680 559 840 578 .eonservus
851 551 984 586 loqueba-

199 604 243 626 tur
258 599 377 635 Moyses;
391 592 518 627 Christus
538 606 604 625 vero
619 605 682 624 cum
707 596 780 628 ﬁliis,
794 601 824 623 ut
841 597 936 629 Filius,
957 601 985 624 et

1039 231 1137 266 μᾶλλον
1153 230 1187 256 τὰ
1202 229 1356 264 ἐλευθέροις
1369 229 1517 264 πρέποντα,
1539 229 1666 264 λαμπραὶ
1686 228 1736 255 καὶ
1757 227 1841 260 ἀξιό-

1036 277 1133 311 ληπτοι
1152 275 1261 310 δωρεαὶ,
1286 277 1334 302 καὶ
1356 274 1547 310 πνευματικῶν
1565 274 1676 309 ἀγαθῶν
1703 275 1840 309 ἀπαρχαί

1038 332 1067 350 τε
1083 323 1128 349 καὶ
1147 322 1319 358 ὑποσχέσεις,
1333 323 1380 348 καὶ
1396 322 1565 358 μακαρισμοὶ
1575 323 1632 352 τοῖς
1645 321 1840 356 κατορθώμα-

1039 378 1065 395 σι
1082 369 1243 404 πρέποντες,
1271 369 1318 394 καὶ
1340 368 1439 403 ἀπειλὴ
1463 368 1511 402 μὲν
1537 368 1639 400 οὐκέτι,
1658 367 1840 403 προκλήσεις

1035 415 1064 441 δὲ
1086 415 1186 450 μᾶλλον
1206 414 1248 440 ἐπ’
1264 414 1375 449 ἀρετήν.
1396 413 1525 446 Οἰκέταις
1549 414 1598 449 μὲν
1619 414 1673 449 γὰρ
1695 413 1734 443 ὡς
1752 412 1839 438 οίκέ-

1036 468 1085 495 της
1106 459 1153 486 καὶ
1174 459 1366 494 συνομόδουλος
1390 459 1550 494 προσελάλει
1575 458 1758 494 Μωσῆς,τοῖς
1782 457 1843 491 ἀρ-

1038 506 1198 541 χαιοτέροις,
1217 504 1335 540 Χριστὸς
1353 505 1381 531 δὲ
1398 505 1466 537 υἱοῖς
1485 505 1522 536 ὡς
1538 505 1612 535 Υἱὸς,
1633 505 1679 530 καὶ
1699 504 1738 535 ὡς
1750 503 1839 529 ἁδελ-

1038 553 1097 587 φοῖς
1114 552 1184 578 κατὰ
1198 551 1305 583 θέσιν,ὁ
1322 550 1429 586 ἀληθῶς
1445 551 1491 577 καὶ
1502 551 1613 586 γνήσιος
1629 551 1660 576 ὲκ
1676 549 1745 576 Θεοῦ
1770 549 1836 574 Πα-

1037 598 1111 634 τρός.

199 651 328 679 tanquam
350 651 412 671 cum
432 643 565 670 fratribus
587 650 635 678 per
653 641 840 676 adoptionem,
858 644 891 674 is,
908 643 954 678 qui
973 650 1036 671 vere
1054 648 1081 671 et
1104 651 1250 679 germanus
1266 647 1326 671 erat
1342 652 1375 671 ex
1394 644 1450 671 Deo
1468 644 1548 672 Patre
1564 644 1662 671 Filius.

233 691 331 719 PALL.
342 691 427 718 Recte
439 699 467 718 se
481 690 564 717 habet
576 690 674 717 oratio.

232 738 309 765 CYR.
324 737 410 764 Morte
426 737 510 772 igitur
522 736 689 764 homicidam
703 737 792 773 punit,
802 744 833 763 ac
850 743 930 771 pmna
944 739 986 763 ta-

198 783 281 810 lionis
295 782 456 810 ellrenatam
476 781 619 808 audaciam
642 782 764 814 cohibet,
781 781 860 816 281
881 784 910 807 et
931 788 985 807 non

198 829 342 857 ferendum
364 828 487 855 furorem
507 828 747 856 animadversione
771 827 888 854 maxima
899 831 927 854 et
937 834 983 853 ex-

199 881 286 902 tremo
299 874 433 909 supplicio
453 873 562 908 plectit;
576 874 653 909 prius
664 878 756 901 autem
776 873 923 908 diligenter
933 880 982 899 ex-

197 920 299 947 aminat
317 927 372 955 quo
399 920 491 947 animo
519 919 630 953 fecerit;
651 927 693 952 ac,
718 920 740 947 si
758 923 855 954 sponte
876 918 911 946 sit
933 918 982 945 ad-

198 967 311 994 missum
325 966 439 998 crimen,
452 966 559 992 nullum
573 965 769 993 misericordia:
786 965 876 992 locum
898 964 982 991 relin-

195 1013 267 1048 quit,
280 1021 369 1047 neque
383 1011 600 1039 benevolentiam
611 1012 727 1047 turpiter
737 1012 914 1047 languescere
922 1017 983 1044 per-

197 1059 298 1091 mittit,
315 1058 508 1093 intempestiva
527 1057 703 1085 miseratione
715 1057 842 1089 fractam,
857 1061 937 1090 atque
955 1055 982 1082 in

197 1105 230 1132 iis
244 1105 336 1136 rebus,
361 1105 388 1131 in
405 1104 506 1139 quibus
519 1103 632 1130 minime
648 1106 766 1138 oportet,
780 1102 814 1129 ad
829 1101 982 1129 molliorem

196 1151 324 1178 allectum
338 1150 487 1177 detractam
501 1158 508 1181 ;
528 1149 566 1175 ita
580 1148 654 1175 enim
675 1148 758 1175 dixit:
775 1158 784 1172 ι
794 1147 872 1180 Quod
884 1146 906 1174 si
920 1146 982 1181 quis

195 1204 340 1231 aggressus
351 1196 433 1223 fuerit
450 1195 560 1222 fratrem
585 1202 676 1225 suum,
701 1194 734 1220 ad
762 1192 982 1220 interficiendum

195 1249 257 1268 cum
271 1242 343 1273 dolo,
353 1247 380 1268 et
392 1241 564 1276 confugerit;
578 1240 612 1267 ab
623 1240 702 1267 altari
717 1247 778 1266 meo
790 1239 908 1274 accipies
918 1246 981 1265 eum

197 1293 226 1315 ut
249 1288 398 1315 interlicias
419 1288 451 1314 “.
466 1298 474 1313 ›
493 1288 541 1314 Sin
565 1292 657 1314 autem
684 1286 743 1321 ejus
767 1285 981 1317 incommodum,

195 1333 242 1368 qui
254 1332 381 1368 injuriam
393 1340 408 1359 a
419 1339 579 1367 percussore
590 1339 688 1366 passus
698 1335 750 1362 est,
767 1330 898 1364 tantisper
911 1329 981 1356 dun-

196 1382 270 1406 taxat
285 1377 462 1413 processerit,
476 1381 507 1404 ut
518 1377 672 1412 langueret,
688 1384 774 1411 pugnat
797 1375 909 1402 modum
932 1374 982 1402 ad—

196 1425 318 1456 metitur,
342 1427 371 1451 et
391 1423 521 1450 damnum
548 1422 615 1450 illud
637 1422 755 1457 pecunia
778 1421 910 1449 luendum
921 1428 982 1448 esse

196 1470 329 1498 decernit.
343 1469 381 1496 lta
394 1469 468 1496 enim
479 1476 577 1496 rursus
603 1468 656 1496 ait:
675 1477 684 1493 ι
699 1467 777 1500 Quod
799 1467 822 1494 si
834 1465 980 1493 conviciati

1074 691 1167 717 HAAA
1174 710 1180 717 .
1206 690 1307 725 Ὀρθῶς
1323 691 1390 725 ἔχει.

1075 737 1157 764 ΚΥΡ.
1178 736 1290 772 Θανάτῳ
1309 745 1340 771 γε
1364 737 1417 772 μὴν
1431 737 1476 763 τὸν
1492 737 1637 771 φονεύοντα
1653 736 1758 772 ζημιοῖ,
1782 737 1834 764 καὶ

1036 784 1096 814 ταῖς
1116 782 1170 809 τῶν
1195 783 1260 809 ἴσων
1282 783 1449 816 ἐπαγωγαῖς,
1465 783 1495 809 τὸ
1509 782 1635 817 ἀχάλινον
1648 782 1833 818 ἀνασειράζει

1036 830 1145 865 θράσος,
1163 829 1209 856 καὶ
1225 829 1269 856 τὸν
1285 828 1377 856 οὐκέτι
1397 828 1514 864 φορητὸν
1531 829 1640 861 κολάζει
1654 828 1740 864 Θυμὺν
1756 829 1833 863 ἀφο-

1036 876 1110 911 ρήτῳ
1120 875 1181 910 δίκῃ
1198 875 1245 901 καὶ
1263 876 1318 906 τοῖς
1334 875 1374 906 είς
1389 873 1466 908 λῆξιν
1481 874 1551 902 ίοῧσι
1565 875 1661 906 κακοῦ,
1679 875 1830 910 προϐασα-

1034 922 1115 953 νίζων
1130 919 1159 947 εὖ
1177 921 1249 956 μάλα
1279 921 1324 947 τοῦ
1346 921 1506 957 δεδρακότος
1524 921 1570 948 τὸν
1592 922 1707 948 σκοπόν·
1733 921 1783 947 καὶ
1804 922 1830 948 εί

1035 965 1084 999 μὲν
1098 964 1221 991 ἑκούσιον
1240 965 1281 999 εἴη
1296 965 1325 991 τὺ
1342 964 1548 1001 πλημμεληθὲν,
1562 966 1667 1001 ἀναιρεῖ
1679 966 1726 993 τὸν
1738 966 1828 992 ἔλεον.

1040 1011 1213 1044 Ἀσχημονεῖν
1234 1010 1262 1036 δὲ
1281 1011 1331 1037 οὐκ
1349 1012 1380 1046 ἐᾷ
1394 1013 1443 1046 τὴν
1457 1012 1642 1048 φιλαλληλίαν,
1667 1013 1828 1048 θρυπτομέ-

1033 1065 1082 1091 νην
1095 1057 1144 1083 οὐκ
1161 1058 1189 1083 ὲν
1203 1057 1300 1092 καιρῷ,
1321 1057 1368 1084 καὶ
1393 1057 1435 1092 ἐφ’
1451 1057 1491 1089 οἷς
1514 1058 1615 1092 ἥκιστα
1643 1059 1710 1094 χρὴ,
1740 1067 1829 1086 κατα-

1034 1103 1179 1137 σπωμένην
1194 1102 1288 1137 ὥσπερ
1305 1102 1351 1129 ἐπὶ
1371 1102 1401 1129 τὺ
1424 1103 1646 1140 μαλθακώτερον.
1672 1106 1746 1140 Ἔφη
1770 1105 1828 1141 γὰρ

1032 1148 1118 1179 οὕτως
1129 1157 1134 1163 ·
1150 1158 1159 1174 ι
1172 1148 1233 1175 Ἐὰν
1246 1148 1272 1174 δέ
1288 1157 1329 1180 τις
1347 1148 1474 1185 ἐπίθηται
1487 1149 1525 1184 τῷ
1536 1150 1649 1185 πλησίον
1664 1151 1827 1178 ἀποκτεῖναι

1034 1195 1113 1221 αὐτὸν
1133 1195 1211 1230 δόλῳ,
1226 1195 1273 1222 καὶ
1297 1195 1452 1230 καταφύγῃ,
1479 1196 1533 1222 ἀπὸ
1551 1196 1597 1222 τοῦ
1628 1196 1826 1232 θυσιαστηρίου

1035 1249 1085 1275 μου
1100 1239 1181 1275 λήψῃ,
1197 1239 1277 1266 αὑτὸν
1293 1239 1457 1267 θανατῶσαι.
1474 1250 1483 1266 ι
1495 1241 1562 1267 Ellis
1579 1240 1658 1276 μέχρι
1671 1241 1718 1268 τοῦ
1732 1243 1824 1277 ἀρῤωη

1035 1286 1130 1320 στῆσαι
1151 1285 1230 1320 μόνον
1250 1286 1366 1321 προήκει
1388 1285 1426 1321 τῷ
1443 1285 1550 1312 παίοντι
1573 1286 1619 1312 τοῦ
1643 1286 1825 1322 βεϐιασμένου

1033 1332 1064 1358 τὸ
1079 1331 1181 1363 πάθος·
1196 1332 1342 1366 ὲπιμετρεῖ
1361 1331 1411 1367 τὴν
1430 1331 1518 1367 δίκην,
1536 1332 1582 1358 κα)⁴
1605 1332 1687 1368 μέχρι
1710 1334 1824 1368 χρημά-

1033 1386 1086 1403 των
1107 1377 1269 1412 προστάττει
1288 1377 1413 1411 γενέσθαι
1437 1377 1467 1404 τὺ
1485 1377 1592 1412 βλάϐος.
1609 1379 1680 1414 Ἔφη
1701 1379 1757 1414 γὰρ
1773 1376 1824 1405 ὧδε

1034 1423 1114 1450 πάλιν
1125 1431 1131 1438 ·
1151 1433 1160 1449 ι
1176 1422 1239 1449 Ἐὰν
1257 1423 1284 1449 δὲ
1309 1423 1480 1458 λοιδορῶνται
1496 1423 1542 1450 δύο
1555 1424 1660 1460 ἄνδρες,
1673 1425 1720 1451 καὶ
1732 1423 1822 1450 πατά-

1035 1469 1068 1505 ξῃ
1082 1478 1124 1501 τις
1142 1470 1188 1496 τὸν
1211 1469 1322 1505 πλησίον
1339 1469 1415 1504 λίθῳ,
1432 1469 1448 1504 ἢ
1465 1471 1573 1505 πυγμῇ,
1593 1471 1639 1497 καὶ
1662 1471 1699 1506 μὴ
1717 1470 1823 1498 ἀποθά-

196 1517 298 1543 fuerint
314 1515 370 1543 dno
384 1514 449 1548 viri,
462 1518 490 1542 et
501 1514 670 1550 percusserit
691 1514 753 1548 quis
769 1513 925 1547 proximum
938 1511 978 1538 la-

1036 1523 1074 1549 νῃ,
1091 1513 1240 1549 κατακλιθῇ
1258 1514 1286 1540 δὲ
1299 1514 1345 1540 ἐπὶ
1356 1514 1457 1548 κοίτης,
1475 1514 1522 1540 ἐὰν
1536 1515 1684 1547 ἐξαναστὰς
1694 1516 1825 1552 ὁᾶνθρω-

195 1562 269 1598 pide,
282 1566 329 1589 aut
341 1568 443 1596 pugno,
460 1564 488 1587 et
502 1560 548 1587 ille
560 1564 686 1587 mortuus
695 1567 749 1586 non
761 1559 855 1590 fuerit,
870 1558 918 1586 sed
930 1558 979 1585 de-

195 1607 322 1635 cubucrit
340 1607 368 1633 in
381 1606 470 1638 lecto;
483 1605 506 1632 si
520 1613 670 1641 exsurgens
683 1605 766 1631 homo
789 1604 835 1631 ille
857 1603 981 1630 ambula-

196 1653 267 1679 verit
289 1651 356 1678 foris
379 1651 406 1677 in
429 1650 515 1685 virga,
540 1649 671 1677 immunis
693 1650 913 1684 eritpercussor,
926 1648 979 1676 nisi

194 1697 267 1731 quod
280 1704 331 1731 pro
344 1695 496 1723 cessatione
512 1695 571 1730 ejus
591 1696 738 1730 persolvet,
753 1699 781 1722 et
805 1703 938 1729 expensas
952 1695 980 1721 in

196 1743 360 1770 medicinam
380 1742 464 1769 factas
478 1742 510 1768 ⁸³.
523 1752 531 1767 ι
549 1742 638 1776 Atque
665 1741 724 1768 haec
747 1741 857 1776 quidem
875 1741 919 1768 lex
937 1741 982 1776 ju-

195 1789 242 1816 bet
257 1797 264 1821 ;
279 1788 402 1815 Salvator
419 1791 521 1819 autem,
545 1787 592 1822 qui
616 1786 743 1821 perfectte
762 1787 872 1814 virtutis
893 1787 981 1822 legem

196 1834 402 1869 promulgaret:
425 1842 433 1858 ι
451 1832 479 1859 Si
502 1832 575 1867 quis,
595 1832 694 1867 inquitI
719 1836 744 1859 tc
766 1832 934 1867 percusserit
953 1833 981 1859 in

192 1881 336 1911 dexteram
361 1879 509 1911 maxillam,
533 1882 610 1905 verte
634 1878 673 1904 illi
689 1882 717 1905 et
740 1877 853 1904 alteram
868 1878 901 1904 ⁸ο.
919 1887 927 1903 ι
943 1879 981 1906 De

196 1926 399 1960 scrvisquoque
413 1925 472 1952 haec
483 1925 595 1952 statuit:
617 1934 625 1949 ε
634 1923 712 1956 Quod
725 1923 746 1950 si
763 1924 825 1958 quis
838 1931 982 1958 percusse-

196 1973 234 2000 rit
257 1979 366 1999 servum
391 1979 481 2003 sumn,
508 1975 555 1998 aut
579 1970 706 1998 ancillam
729 1978 806 1997 suam
832 1970 940 2003 baculo,
953 1975 982 1997 et

196 2021 323 2044 mortuus
336 2016 420 2043 fuerit
428 2016 480 2043 sub
488 2015 616 2042 manibus
636 2016 706 2050 ejus,
721 2015 856 2049 supplicio
873 2016 901 2042 in
917 2023 981 2043 eum

193 2062 446 2094 animadvertetur;
472 2062 514 2089 sin
535 2065 627 2088 autem
660 2061 844 2095 supervixerit
866 2069 922 2088 uno
937 2061 981 2088 die

196 2107 238 2134 vel
251 2107 369 2142 duobus,
382 2114 437 2133 non
451 2106 686 2133 animadvertetur
707 2105 736 2132 in
745 2112 823 2138 eum;
839 2110 981 2140 argentum

194 2153 270 2181 enim
296 2153 383 2187 ipsius
396 2157 438 2180 est
455 2153 488 2179 θ’.
504 2162 512 2177 ι
536 2152 678 2178 Summam
700 2151 783 2186 igitur
804 2152 871 2178 iram
894 2157 981 2179 morte

197 2198 313 2225 multat:
341 2198 528 2232 nequeenim,
557 2197 632 2232 quia,
661 2205 722 2224 cum
746 2198 807 2232 plus
828 2206 981 2233 possemus,
999 2193 1021 2220 Ῑ)

196 2245 300 2272 domini
314 2244 379 2272 facti
392 2252 497 2276 sumus,
512 2244 585 2275 ideo,
610 2243 656 2278 qui
670 2244 697 2270 in
721 2248 815 2271 nostra
836 2249 980 2279 potestate,

196 2295 225 2317 et
241 2291 292 2318 sub
302 2291 368 2324 jugo
379 2294 473 2316 nostro
482 2293 555 2321 sunt,
569 2297 616 2316 eos
628 2290 711 2316 etiam
727 2294 756 2316 nt
777 2290 832 2317 vita
857 2291 982 2325 privare-

197 2343 268 2367 mus,
281 2334 406 2369 permisit
419 2334 505 2366 Deus;
524 2334 571 2361 sed
584 2342 646 2361 cum
662 2335 701 2361 ira
722 2335 940 2362 misericordiam
954 2341 983 2362 ut

197 2382 361 2409 misceamus
372 2380 478 2413 suadet,
493 2385 615 2407 extremo
627 2380 762 2415 supplicio
775 2382 802 2408 in
817 2381 982 2408 homicidam

196 2426 358 2453 constituto.
382 2425 454 2453 «Sin
477 2430 568 2453 autem
591 2427 784 2460 supervixerit,
804 2427 903 2461 inquit,
928 2435 984 2454 uno

197 2471 242 2499 die
254 2475 301 2498 aut
312 2470 430 2501 duobus,
456 2477 511 2496 non
526 2470 552 2497 in
574 2478 637 2497 eum
665 2470 915 2503 animadvertetur;
938 2479 983 2498 ar-

197 2519 309 2550 gentum
327 2514 413 2549 ipsius
425 2518 476 2541 est.
491 2524 499 2539 ι
521 2514 721 2550 Propemodum
735 2515 809 2542 enim
823 2515 908 2543 dicit:
924 2516 982 2543 Non

197 2559 377 2595 percutientis
394 2560 433 2586 ira
444 2559 571 2587 etl’ectum
584 2565 635 2592 est,
654 2560 726 2595 quod
741 2568 882 2595 percusso,
909 2566 982 2596 post-

197 2613 315 2639 eaquam
341 2608 383 2631 est
397 2605 554 2640 alanguore
579 2610 719 2640 utcunque
740 2611 889 2638 recreatus,
907 2607 981 2634 acci-

197 2649 255 2682 dit;
277 2657 364 2683 neque
378 2649 450 2676 enim
463 2651 608 2686 quisquam
623 2651 755 2678 voluisset
770 2659 879 2679 servum
901 2660 981 2680 suum

197 2693 334 2726 amittere,
351 2702 430 2729 quem
443 2696 590 2723 coemisset
603 2701 716 2731 argento
729 2701 756 2723 et
777 2697 893 2731 pecunia
918 2697 980 2725 data

196 2744 391 2773 comparasset.
405 2740 469 2774 Sed,
498 2741 519 2769 si
533 2746 631 2776 praeter
651 2742 820 2770 voluntatem
841 2744 980 2771 hominem

1034 1567 1083 1591 πος
1097 1560 1271 1595 περιπατήσῃ
1287 1559 1337 1591 ἔξω
1352 1560 1399 1586 ἐπὶ
1413 1559 1521 1595 ῥάϐδου,
1536 1561 1622 1592 ἀθῶο;
1645 1561 1720 1587 ἔσται
1738 1563 1752 1588 ὁ
1770 1571 1824 1589 πα-

1033 1604 1127 1637 τάξας,
1157 1605 1225 1640 πλὴν
1244 1605 1294 1640 τῆς
1322 1605 1421 1640 ἀργίας
1446 1606 1528 1632 αὐτοῦ
1559 1607 1693 1639 ἀποτίσει,
1718 1608 1766 1634 καὶ
1790 1608 1824 1635 τὰ

1035 1650 1149 1685 ίατρεῖα.
1163 1659 1170 1676 ι
1188 1650 1241 1676 Καὶ
1256 1650 1333 1677 ταυτὶ
1351 1651 1400 1685 μὲν
1418 1651 1432 1677 ὁ
1447 1651 1537 1686 νόμος.
1557 1652 1625 1678 Ἀλλ’
1639 1653 1653 1679 ὃ
1665 1662 1695 1687 γε
1717 1654 1823 1690 Σωτὴρ,

1032 1695 1062 1721 τδ
1069 1695 1178 1727 τελείως
1190 1696 1292 1730 ἀγαθὸν
1311 1697 1456 1733 εἰσφέρων·
1472 1706 1481 1722 ι
1494 1697 1538 1732 Τῷ
1548 1698 1652 1725 παίοντὶ
1663 1708 1719 1731 σε.»
1729 1702 1822 1736 φησιν,

1038 1751 1046 1767 ι
1053 1742 1097 1768 ἐπὶ
1106 1742 1155 1777 τὴν
1165 1741 1253 1773 δεξιὰν
1264 1743 1504 1778 σιαγόναβτρέῲον
1514 1744 1586 1780 αὐτῷ
1597 1746 1643 1772 καὶ
1654 1747 1702 1781 τὴν
1711 1747 1802 1782 ἄλλην.
1811 1758 1820 1772 ο

1035 1787 1154 1814 υὶκετῶν
1168 1787 1196 1813 δὲ
1211 1788 1274 1823 πέρι
1288 1788 1427 1823 νομοθετεῖ
1440 1790 1513 1817 τάδε·
1528 1800 1536 1816 ι
1549 1791 1610 1818 Ἐὰν
1622 1793 1651 1819 δέ
1665 1802 1706 1824 τις
1717 1794 1823 1830 πατάξῃ

1034 1832 1079 1859 τὸν
1096 1833 1178 1859 παῖδα
1200 1831 1299 1864 αὑτοῧ,“
1316 1834 1332 1869 ἢ
1352 1835 1401 1870 τὴν
1422 1836 1568 1871 παιδίσκην
1583 1837 1665 1864 αὑτοῦ
1679 1839 1707 1864 ὲν
1721 1839 1821 1875 ῥάϐδῳ,

1036 1879 1082 1905 καὶ
1096 1879 1218 1914 ἀποθάνῃ
1236 1880 1288 1906 ὑπὸ
1309 1879 1358 1912 τὰς
1381 1882 1474 1916 χεῖρας
1493 1882 1584 1914 αὐτοῦ,
1601 1883 1661 1918 δίκῃ
1680 1885 1821 1920 ἐκδικηθῆ-

1036 1932 1122 1956 σεται,
1140 1924 1187 1951 ὲὰν
1206 1924 1234 1951 δὲ
1256 1925 1387 1962 διαϐιώσῃ
1405 1927 1511 1963 ἡμέραν
1533 1928 1596 1962 μίαν
1610 1929 1626 1964 ἢ
1640 1929 1696 1961 δύο,
1714 1931 1764 1957 οὐκ
1779 1933 1822 1958 ἐκ·

1035 1968 1222 2004 δικηθὴσεται·
1238 1971 1269 1997 τὸ
1280 1971 1334 2007 γὰρ
1348 1972 1478 2007 ἀργύριον
1493 1974 1575 2001 αὑτοῦ
1591 1975 1674 2002 ἐστιν.
1688 1986 1696 2001 ι
1711 1976 1821 2012 Θανάτῳ

1037 2015 1087 2050 μὲν
1100 2013 1145 2042 ιιῦν
1164 2017 1276 2051 τιμᾶται
1291 2017 1340 2052 τὴν
1356 2019 1473 2046 εἰσάπαν
1484 2020 1568 2055 ὀργήν
1578 2029 1586 2036 ν
1598 2022 1628 2047 οὺ
1643 2021 1696 2057 γὰρ
1707 2023 1768 2049 ἐπεί
1781 2033 1820 2051 τοι

1036 2061 1187 2096 γεγόναμεν
1204 2063 1235 2089 ὲκ
1253 2063 1407 2097 πλεονεξίας
1421 2065 1560 2098 δεσπόται,
1575 2067 1621 2093 καὶ
1637 2067 1710 2103 ζωῆς
1726 2069 1819 2106 ἀπείρ-

1036 2115 1094 2140 γειν
1115 2107 1199 2142 αὐτῆς
1218 2108 1305 2143 ἐφῆκε
1323 2108 1398 2142 Θεὸς,
1416 2111 1479 2142 τοὺς
1493 2111 1545 2137 ὑπὸ
1562 2113 1640 2147 χεῖρα
1666 2114 1712 2140 καὶ
1730 2115 1818 2149 ζυγόν.

1036 2153 1252 2180 Συναναπλέκειν
1275 2154 1302 2181 δὲ
1318 2156 1377 2187 ταῖς
1401 2155 1496 2191 ὀργαῖς
1517 2158 1659 2186 ἀναπείθει
1677 2160 1723 2186 τὸν
1738 2160 1818 2192 ἔλεον,

1036 2199 1130 2233 ποινὴν
1142 2199 1293 2236 καθορίζων
1314 2200 1360 2227 τοῦ
1381 2202 1538 2235 φονεύοντος
1557 2203 1606 2239 τὴν
1627 2195 1755 2241 ἐσχάτην.
1771 2207 1818 2234 «Et

1035 2241 1063 2268 δὲ
1079 2242 1202 2278 διαῦιῲη.
1219 2243 1311 2280 φησιν,
1328 2245 1433 2281 ἡμέραν
1459 2247 1522 2280 μίαν
1537 2247 1554 2283 ἢ
1569 2248 1624 2280 δύο,
1641 2250 1691 2276 οὐκ
1714 2251 1817 2287 ἐκδικη-

1035 2287 1158 2324 θήσεται,
1175 2290 1205 2316 τὸ
1225 2291 1356 2326 ἀργύριον
1379 2292 1460 2320 αὑτοῦ
1479 2295 1561 2321 ἐστιν.
1575 2305 1584 2320 ›
1601 2296 1750 2332 Μονονουχὶ
1767 2298 1817 2334 γάρ

1036 2342 1127 2368 φησιν,
1145 2335 1182 2361 Οὐ
1201 2337 1250 2371 τῆς
1269 2337 1315 2363 τοῦ
1337 2337 1463 2370 παίοντος
1480 2339 1559 2375 ἔργον
1573 2340 1658 2376 ὀργῆς
1669 2342 1700 2368 τὸ
1712 2342 1750 2377 τῷ
1770 2352 1817 2370 πα-

1036 2379 1108 2405 θόντι
1126 2381 1308 2416 συμϐεϐηκὸς,
1327 2383 1396 2417 μετά
1412 2392 1443 2418 γε
1462 2385 1492 2411 τὺ
1513 2386 1685 2422 εὑρωστῆσαί
1697 2397 1765 2420 πως.
1782 2391 1815 2416 Οὐ

1036 2425 1090 2460 γὰρ
1104 2425 1137 2452 ἂν
1157 2426 1273 2462 ἠθέλησέ
1288 2437 1329 2460 τις
1346 2429 1493 2457 ἀποϐαλεῖν
1511 2432 1555 2458 τὸν
1571 2432 1635 2459 ἴδιον
1651 2434 1768 2469 οἰκέτην,
1790 2435 1817 2461 ὂν

1035 2471 1176 2507 ἀργυρίοις
1202 2472 1326 2508 ἐπρίατο,
1353 2474 1400 2501 καὶ
1427 2477 1556 2512 χρήματα
1578 2478 1650 2510 δοὺς,
1677 2480 1814 2515 ἐκτήσατο.

1042 2517 1181 2549 Ἀκούσιος
1196 2518 1224 2545 δὲ
1247 2520 1271 2546 εἰ
1292 2519 1397 2554 γένοιτο
1415 2523 1522 2556 φονεὺς,
1551 2523 1667 2559 ζημιοῦν
1692 2527 1816 2562 ἀειφυγίᾳ

1032 2563 1133 2591 δικαιοῖ
1150 2564 1252 2592 πάλινό
1268 2566 1348 2601 νόμος
1365 2567 1456 2600 αὑτὸν,
1469 2570 1618 2606 συμμέτρῳ
1635 2571 1814 2609 φιλανθρωπίᾳ

1035 2609 1155 2644 κεράσας
1178 2609 1227 2644 τὴν
1249 2611 1368 2644 κόλασιν,
1385 2613 1432 2639 καὶ
1455 2614 1485 2640 τὺ
1507 2615 1674 2651 ἀνεθελήτως
1694 2617 1814 2652 πλημμεε

1034 2652 1126 2688 ληθὲν,
1143 2654 1194 2680 οὐχ
1219 2655 1247 2681 ἐν
1277 2655 1321 2691 ἴσῃ
1349 2657 1431 2692 μοίρᾳ
1454 2660 1510 2691 τοῖς
1525 2659 1687 2693 ἐθελουσίοις
1702 2659 1731 2688 εὖ
1748 2663 1812 2698 μάλα

1034 2699 1127 2731 τιθείς.
1146 2700 1240 2732 Πόλεις
1255 2701 1282 2727 δὲ
1299 2702 1475 2737 ἀφορίζεσθαι
1490 2708 1564 2740 τρεῖς
1576 2707 1770 2744 προστέταχεν,
1785 2709 1813 2741 ἃς

1034 2745 1079 2771 καὶ
1094 2745 1148 2771 τῶν
1161 2746 1385 2783 Φυγαδευτηρὶων
1399 2750 1536 2786 ὠνόμασε,
1554 2754 1709 2781 συνελαύνει
1726 2763 1757 2781 τε
1773 2755 1814 2782 οὗ·

235 2838 256 2853 ‘“
271 2838 356 2866 Exod.
375 2848 428 2871 xvi,
446 2840 487 2867 ll.
528 2841 548 2855 "‘
564 2841 645 2867 Exod
659 2849 730 2874 mn,
756 2841 796 2868 l9.
836 2842 858 2858 '°
874 2843 967 2870 Matth.
989 2851 1014 2875 ν,
1034 2844 1076 2871 59.
1117 2845 1136 2859 ⁵³
1151 2844 1233 2872 Exod.
1251 2854 1305 2879 xxi,
1322 2847 1365 2879 20,
1380 2848 1422 2874 9|.
