1939 3041
70 133 129 162 531

431 133 476 160 DE
495 133 715 162 ADORATIONE
736 133 769 161 ΙΝ
790 133 925 161 SPIRITU
946 133 989 162 ET
1007 134 1191 162 VERITATE.
1213 135 1277 162 LIB.
1293 135 1360 162 Vlll.

1666 133 1717 161 53-2

69 199 134 222 ’τως
162 190 223 217 ἐκεῖ
247 189 312 222 τοὺς
335 190 378 216 ἐπ’
395 190 532 222 ἀκουσίως
547 191 699 226 πταίσμασι
720 191 877 225 φεύγοντας.

934 191 1077 223 occiderit,
1091 199 1154 218 eum
1167 192 1208 218 lex
1226 199 1321 218 rursus
1332 195 1466 226 perpetuo
1479 191 1577 218 exsilio
1598 191 1718 218 multau-

71 237 138 263 Καὶ
153 235 252 271 καιρὸν
271 236 396 270 ἀφέσεως
414 236 499 272 ὁρίζει
517 237 599 263 πάλιν
619 237 735 266 καὶτοῖς
749 234 801 263 ὧδε
832 245 881 262 πε·-

73 282 221 316 πραχόσιν
247 281 356 314 ἀθλίως,
377 281 472 316 ἱερέως
493 281 608 308 θάνατον
621 281 667 308 τοῦ
682 282 879 317 ὑπερκειμένου

76 327 129 354 καὶ
143 326 321 363 προῦχοντος.
340 327 443 362 Γράφει
458 327 485 353 δὲ
503 326 589 358 οὕτως
603 328 631 353 ἐν
646 328 704 358 τοῖς
725 327 878 362 ’Λριθμοῖςο

80 383 91 399 ι
112 373 179 400 Ἐὰν
194 373 222 400 δὲ
241 372 372 408 ἐξαπίνης
386 373 416 399 οὐ
430 372 463 399 δι’
474 372 575 408 ἔχθραν
595 372 651 408 ὤσῃ
666 372 757 406 αὑτὸν,
773 373 790 408 ἢ
800 373 880 408 ὲπιῤ-

80 419 152 455 ῥίψῃ
167 421 212 446 ἐπ’
232 420 314 446 αὐτὸν
330 420 396 446 πᾶν-
407 419 513 451 σκεῦος,
530 420 580 446 οὐκ
595 419 625 452 ἐξ
640 420 747 455 ὲνέδρου
765 419 781 455 ἦ
798 419 880 446 παντὶ

79 466 164 502 λίθῳ,
181 468 211 493 ὲν
227 463 249 500 ᾧ
265 466 441 494 ἀποθανεῖται
468 467 496 493 ὲν
527 467 601 502 αὐτῷ
628 467 678 493 οὐκ
713 467 801 500 εἰδὼς,
832 466 880 493 καὶ

81 513 207 549 ἐπιπέσῃ
238 513 281 539 ἐπ’
309 513 402 547 αὐτὸν,
428 514 476 540 καὶ
498 513 621 549 ἀποθάνῃ
637 535 643 545 ,
670 514 751 545 αὐτὸς
775 513 804 539 δὲ
828 513 879 540 οὐκ

84 559 191 594 ἐχθρὸς
201 559 285 586 αὑτοῦ
299 557 343 595 ἦν,
353 559 412 586 οὐδὲ
427 558 516 593 ζητῶν
529 560 723 594 κακοποιῆσαι,
734 560 781 586 καὶ
792 560 879 595 κρινεῖ

83 604 102 638 ἡ
122 604 278 639 Συναγωγή
298 604 350 630 avi
375 604 457 639 μέσον
483 604 530 630 τοῦ
550 605 731 638 πατάξαντος,
758 605 804 631 καὶ
826 605 879 631 ἀνὰ

83 649 170 683 μέσον
185 649 234 676 τοῦ
249 650 461 685 ἀγχιπεύοντος
478 650 509 676 τὸ
528 647 598 686 αἷμα
624 650 695 677 κατὰ
707 650 741 677 τὰ
758 651 879 686 κρίματα

81 694 184 727 ταῦτα,
199 695 247 722 καὶ
273 696 404 729 ὲξελεῖται
425 697 442 732 ἡ
467 697 616 732 Συναγωγὴ
639 697 684 723 τὸν
710 697 878 731 φονεύσαντα

82 741 141 768 ἀπὺ
155 742 203 768 τοῦ
224 742 431 778 ἀγχιστεύοντος
457 743 488 770 τὸ
513 741 593 778 αἷμα.
614 744 669 770 Καὶ
687 744 878 778 ἀποκαταστή-

84 796 181 814 σουσιν
198 788 280 815 αὐτὸν
296 789 313 824 ἡ
332 789 481 825 Συναγωγὴ
498 790 537 821 είς
554 790 603 824 τὴν
628 790 705 816 πόλιν
725 789 772 816 τοῦ
790 798 878 824 φυγα-

79 834 240 870 δευτηρίου,
261 831 292 862 οὗ
311 836 464 870 κατέφυγε’
484 836 529 863 καὶ
554 837 713 871 κατοικήσει
744 837 809 869 ἐκεῖ,
825 836 877 867 ἕως

80 880 114 907 ἀν
143 881 269 917 ἀποθάνῃ
292 882 307 908 ὁ
335 882 424 916 ἱερεὺς
446 882 542 917 μέγας,
560 882 589 909 ὃν
613 882 724 918 ἔχρισαν
740 883 820 909 αὐτὸν
836 883 876 917 τῷ

80 927 167 962 ἐλαίῳ
190 927 231 963 τῷ
253 928 333 962 ἁγίῳ.
347 938 356 954 ι
373 927 439 955 Εἶτα
467 929 525 964 μεθ’
540 929 622 964 ’ἑτερα
633 937 640 944 ·
660 939 669 955 ε
684 930 738 956 Καὶ
764 930 831 964 μετὰ
845 930 876 956 τὸ

79 972 230 1000 ἀποθανεῖν
250 974 295 1000 τὸν
313 974 387 1009 ἱερέα
401 975 446 1002 τὸν
471 975 568 1010 μέγαν,
585 976 785 1010 ὲπαναστρέψει
801 977 815 1002 ὁ
831 984 876 1011 φο-

80 1018 182 1051 νεύσας
197 1021 238 1051 είς
252 1020 301 1056 τὴν
317 1022 369 1057 γῆν
382 1022 430 1056 τῆς
445 1021 638 1056 κατασχέσεως
651 1022 744 1049 αὐτοῦ.
756 1031 765 1048 ι

932 237 997 264 dum
1010 241 1113 269 censet,
1127 245 1159 264 ac
1171 237 1312 264 moderata
1323 237 1469 264 clementia
1491 244 1599 272 pwnam
1617 240 1719 271 tempe-

932 288 984 314 rat,
998 288 1035 315 et,
1048 283 1123 318 quod
1138 288 1239 318 praeter
1250 283 1421 311 voluntatem
1434 283 1585 310 admissum
1596 287 1649 314 est,
1664 291 1718 310 non

931 329 1012 364 282
1025 329 1122 356 eodem
1134 329 1195 356 loco
1218 329 1312 361 habet,
1335 338 1390 365 quo
1410 330 1565 357 voluntaria
1590 330 1717 362 crimina,

931 375 1014 411 idque
1025 376 1183 411 mquissimo
1195 377 1258 412 jure
1278 376 1353 403 facit.
1378 376 1465 404 Urbes
1485 381 1577 404 autem
1598 381 1652 404 tres
1672 377 1719 404 de-

930 421 1006 448 cerni
1016 422 1107 456 jussit,
1121 429 1189 456 quas
1199 421 1292 453 etiam,
1312 421 1421 456 Refugii
1442 422 1476 454 δ’,
1491 421 1616 455 vocavit;
1630 430 1719 457 eoque

929 467 1070 502 compellit
1084 475 1143 499 eos,
1164 468 1212 502 qui
1233 467 1268 494 ob
1289 467 1406 494 erimina
1419 475 1475 494 non
1498 468 1652 495 voluntarie
1668 468 1718 496 ad-

930 514 1013 541 missa
1040 514 1207 552 exsularent.
1229 513 1270 540 Ac
1288 514 1379 540 denuo
1413 518 1521 548 tempus
1547 514 1719 542 remissionis

929 560 1085 595 przescribit
1099 560 1133 587 iis
1160 561 1254 592 ctiam,
1279 560 1328 594 qui
1351 560 1508 595 hujusmodi
1530 560 1632 587 infelici
1655 561 1718 588 vitaa

930 606 1088 633 conditione
1111 611 1273 633 uterentur:
1291 606 1357 632 illud
1370 606 1511 638 nimirum,
1529 615 1583 641 quo
1593 615 1717 634 summus

929 659 961 678 ac
974 652 1218 686 praestantissimus
1232 653 1363 679 sacerdos
1381 657 1546 679 moreretur.
1559 652 1605 680 Sic
1626 657 1717 680 autem

929 699 1025 726 scribit
1038 699 1066 725 in
1080 699 1224 726 Numeris:
1243 710 1251 724 ι
1263 699 1291 726 Si
1305 699 1454 734 derepente
1467 707 1521 726 non
1536 703 1650 734 propter
1663 699 1717 725 ini-

929 745 1047 772 micitias
1065 745 1205 780 impulerit
1215 753 1289 777 eum,
1305 751 1353 772 aut
1364 745 1513 780 conjecerit
1525 745 1552 771 in
1563 752 1625 771 eum
1638 752 1718 771 omne

928 799 987 823 vas,
1001 799 1057 818 non
1070 799 1102 818 ex
1113 791 1235 823 insidiis,
1249 795 1297 818 aut
1313 792 1388 818 omni
1413 791 1515 825 lapide,
1542 791 1570 817 in
1584 798 1639 824 quo
1658 798 1717 817 mo-

929 837 1016 864 rietur
1029 837 1057 863 in
1071 837 1140 871 ipso,
1155 837 1291 869 nesciens,
1317 841 1345 863 et
1371 837 1503 864 ceciderit
1524 845 1606 871 super
1617 837 1719 871 ipsum,

929 888 956 910 et
969 886 1096 909 mortuus
1108 882 1202 912 fuerit,
1212 886 1240 908 et
1252 882 1310 916 ipse
1318 889 1374 909 non
1389 886 1450 909 erat
1474 882 1614 915 inimicus,
1629 888 1719 917 neque

929 937 992 957 eum
1006 928 1147 964 quaerebat
1161 928 1302 955 oll‘endere
1318 937 1324 954 ε
1336 927 1472 963 judicabit
1493 928 1634 964 Synagoga
1646 928 1720 955 inter

928 975 1138 1011 percutientem,
1159 979 1187 1001 et
1198 981 1262 1000 eum
1277 973 1325 1008 qui
1347 973 1490 1008 proximus
1512 978 1555 1001 est
1581 974 1719 1008 sanguini,

927 1024 1003 1058 juxta
1014 1022 1073 1048 hac
1083 1020 1203 1056 judicia:
1215 1024 1243 1047 et
1257 1024 1336 1047 eruet
1352 1019 1493 1056 Synagoga
1512 1028 1575 1047 eum
1588 1020 1634 1055 qui
1647 1021 1722 1047 occi-

80 1066 167 1099 derit,
180 1067 215 1094 ab
232 1075 266 1094 eo
286 1067 332 1102 qui
350 1067 494 1102 proximus
509 1071 553 1095 est
574 1067 718 1103 sanguini;
732 1073 760 1095 et
775 1070 926 1098 constituet
942 1077 1006 1096 eum
1026 1068 1165 1103 Synagoga
1185 1067 1213 1093 in
1233 1066 1330 1093 urbem
1352 1066 1461 1101 refugii,
1474 1074 1529 1101 quo
1545 1066 1676 1101 confugit,
1691 1069 1721 1094 et

81 1111 222 1139 habitabit
238 1112 285 1144 ibi,
297 1120 440 1147 quousque
451 1112 586 1139 moriatur
603 1112 733 1140 sacerdos
744 1122 869 1149 magnus,
890 1122 973 1150 quem
994 1117 1134 1140 unxerunt
1154 1112 1216 1138 oleo
1240 1117 1335 1139 sancto
1356 1112 1408 1138 ⁸⁸.»
1428 1111 1533 1139 Deinde
1563 1117 1624 1146 post
1647 1112 1718 1140 alia:

85 1168 94 1183 ι
111 1155 145 1185 Et
160 1163 339 1193 posteaquam
366 1162 494 1186 mortuus
514 1158 597 1186 fuerit
610 1153 740 1186 sacerdos
748 1167 875 1195 magnus,
895 1165 1053 1189 revertetur
1067 1158 1204 1186 homicida
1231 1157 1260 1184 in
1272 1162 1374 1184 terram
1400 1157 1586 1192 possessionis
1599 1166 1654 1185 sua:
1667 1159 1716 1185 ".i

119 1204 226 1231 HAAA.
245 1205 329 1236 Λύσις
343 1202 390 1231 οὖν
407 1206 462 1241 ἄρα
471 1206 520 1241 τῆς
530 1206 674 1240 ἀειφυγίας
685 1207 787 1240 αὐτοῖς,
799 1208 814 1234 ὁ
827 1207 874 1234 τοῦ

83 1250 281 1287 πφλεχθὲντος
291 1252 357 1286 ἡμῖν
372 1251 473 1286 ἀρτίως
486 1248 580 1287 ἱερέως
594 1252 718 1285 Θάνατος.

119 1296 204 1323 ΚΥΡ.
224 1297 321 1332 Σχῆμα
345 1297 424 1324 τοῦτο
436 1299 492 1329 τοῖς
506 1297 612 1331 τύποις.
637 1299 771 1326 Ὠδίνουσι
790 1300 818 1326 δὲ
846 1299 876 1326 τὸ

84 1342 133 1370 τοῦ
150 1341 269 1378 Χριστοῦ
284 1343 432 1379 μυστήριον
447 1344 475 1370 αἱ
492 1343 577 1371 σκιαί.

120 1388 227 1415 ΠΔΛΔ.
248 1388 316 1416 Τίνα
328 1389 441 1424 τρόπον;

120 1434 206 1461 ΚΥΡ.
226 1434 284 1460 Οὐκ
295 1434 435 1467 ἀπίθανον,
455 1430 478 1461 ὦ
501 1434 646 1469 Παλλάδιε,
671 1436 702 1463 τό
723 1444 755 1470 γε
774 1436 878 1463 οἴεσθαι

84 1480 167 1516 τυχὸν
179 1481 242 1512 τοὺς
255 1481 315 1512 ταῖς
325 1481 474 1517 ἁμαρτίαις
483 1481 763 1517 ὲγκατειλημμένους,
783 1492 878 1518 φονευ-

84 1526 134 1560 τὰς
147 1526 243 1563 ὥσπερ
256 1527 333 1558 τινὰς
346 1528 396 1562 τῆς
411 1527 479 1559 ιδίας
496 1528 629 1563 ὑπάρχειν
639 1528 739 1564 ψυχῆς,
752 1530 798 1556 καὶ
812 1538 877 1556 κατ-

86 1573 229 1608 ολισθῆσαι
253 1575 292 1606 εις
321 1573 399 1601 τοῦτο
421 1575 609 1610 ταλαιπωρίας
630 1576 681 1602 οὐκ
702 1576 875 1611 ἐθελουσίως,

86 1619 319 1655 ὲκϐεόιασμένους
328 1619 357 1646 δὲ
370 1620 464 1655 ὥσπερ
489 1621 529 1652 εἰς
550 1621 717 1656 παράϐασιν,
731 1623 777 1649 καὶ
794 1623 834 1654 εἰς
848 1624 878 1650 τὸ

86 1665 274 1701 προσκροῦσαι
291 1666 360 1702 Θεῷ,
373 1666 417 1694 διὰ
429 1667 459 1693 τὸ
474 1667 612 1701 ἐγκεῖσθαι
627 1668 676 1704 τὴν
688 1668 806 1695 διάνοιαν
829 1669 876 1695 τοῦ

86 1712 232 1747 ἀνθρώπου
247 1713 293 1739 ἐπὶ
304 1713 337 1739 τὰ
357 1713 463 1749 πονηρὰ
478 1714 510 1740 ὲκ
521 1713 655 1749 νεότητος,
667 1715 714 1741 καὶ
728 1715 772 1742 διὰ
788 1715 833 1742 τὸν
849 1716 877 1743 ὲν

87 1758 143 1790 τοῖς
168 1757 261 1792 μέλεσι
279 1758 328 1793 τῆς
355 1759 456 1793 σαρκὸς
482 1760 531 1794 τῆς
547 1759 693 1787 ἀτιθάσσου
711 1761 876 1796 φιληδονίας,

86 1805 293 1840 τυραννήσαντα
306 1805 397 1840 νόμον.
413 1805 487 1841 Φυγῇ
503 1807 646 1842 τοιγαροῦν
657 1809 690 1843 τῇ
706 1807 759 1835 ἀπὸ
774 1808 876 1844 κόσμου

87 1851 135 1878 καὶ
148 1850 273 1887 σώματος
287 1852 303 1887 ή
316 1852 395 1879 ἀθλία
405 1852 476 1888 ψυχὴ
492 1853 539 1879 τοῦ
553 1853 696 1890 ἀνθρώπου
718 1853 876 1890 ζημιοῦται,

87 1897 135 1924 καὶ
152 1897 245 1934 ὥσπερ
258 1899 297 1930 εἰς
316 1898 391 1925 πόλιν
419 1899 480 1926 τινὰ
508 1899 724 1935 φυγαδευτηρίου
750 1902 806 1933 τοῖς
830 1900 877 1928 τοῦ

88 1944 203 1971 θανάτου
217 1947 310 1980 μυχοῖς
322 1945 480 1981 ὲνιζήσασα,
494 1947 616 1982 μακροὺς
629 1947 742 1974 διετέλει
753 1949 876 1985 χρόνους,

88 1989 182 2026 ἀνείθη
203 1990 231 2016 δὲ
261 1990 337 2026 μόλις
358 1991 539 2024 ἀποθανόντος
559 1992 677 2028 Χριστοῦ
697 1992 744 2019 τοῦ
757 1993 876 2028 μεγάλου

90 2036 194 2070 ἱερέως,
209 2036 239 2068 ὃς
252 2037 297 2063 τὸν
310 2036 380 2072 ὑπὲρ
392 2038 502 2064 πάντων
516 2037 631 2065 θάνατον
654 2038 781 2072 ἀνατλὰς,
792 2048 877 2066 κατοι-

93 2082 243 2118 πεφοίτηκε
263 2082 312 2118 μὲν
326 2084 365 2115 εἰς
383 2083 458 2119 ᾅδου,
475 2083 561 2116 πύλας
573 2085 601 2111 δὲ
616 2084 704 2120 ἦνοιξε
719 2086 775 2116 τοῖς
790 2085 875 2118 κάτω,

90 2129 135 2156 καὶ
148 2128 255 2163 δεσμῶν
268 2129 353 2164 ἠφίει,
372 2139 381 2156 ι
391 2130 478 2164 λέγων
488 2131 544 2162 τοῖς
554 2131 583 2157 ὲν
594 2131 711 2166 δεσμοῖς,
727 2131 875 2165 Ἐξὲλθετε,

90 2175 203 2207 καὶτοῖς
219 2176 248 2201 ἐν
260 2175 298 2210 τῷ
315 2175 415 2209 σκότει,
438 2175 698 2204 Ἀνακαλύπτεσθε.ι

124 2222 228 2248 ΠΑΛΛ.
255 2221 298 2253 Ὧς
315 2221 402 2257 σαφὴς
414 2222 427 2248 ὁ
440 2221 527 2255 λόγῶς.

124 2267 206 2293 ΚΥΡ.
228 2267 265 2293 Οὐ
283 2267 344 2294 καθ’
363 2267 410 2294 ἕνα
422 2267 450 2293 δὲ
474 2267 574 2303 τρόπον
591 2267 743 2306 εὐδοκιμεῖν
764 2268 878 2295 ἀναπεί-

91 2313 142 2339 θιυν
164 2313 228 2344 τοὺς
258 2313 452 2348 ἀρχαιοτέρους
473 2313 487 2339 ὁ
512 2313 603 2348 νόμος,
621 2313 678 2340 ἀλλ’
692 2311 722 2340 εὖ
743 2314 878 2341 συντεθεῖ-

92 2357 150 2384 σθαι
164 2357 208 2384 διὰ
224 2357 343 2389 πάντων,
368 2358 415 2384 καὶ
423 2358 460 2389 ὡς
477 2357 576 2392 ἄριστα
593 2358 677 2393 ἔχειν,
694 2358 737 2384 ἴνα
786 2359 879 2394 ἄρτιος

91 2404 104 2429 ὁ
118 2403 162 2429 τοῦ
175 2402 244 2429 Θεοῦ
265 2403 417 2439 ἄνθρωπος,
430 2403 498 2438 πρὸς
514 2404 568 2430 πᾶν
581 2403 659 2438 ἔργον
685 2404 786 2438 ἀγαθὸν
799 2404 879 2441 ἐξηρ-

91 2449 215 2485 τημένος,
234 2450 281 2476 καί¹
301 2449 425 2482 συνόδους
435 2450 557 2485 γαμικὰς
579 2449 795 2486 καταῤῥυθμίζει
809 2450 877 2486 πρὸς

91 2497 119 2522 τὸ
142 2498 250 2531 σεμνὸν.
275 2497 322 2523 καὶ
345 2496 383 2528 ὡς
401 2496 434 2523 ἂν
456 2497 614 2532 ἀμωμήτως
629 2497 775 2532 πράττοιτο
798 2497 878 2524 ταυτὶ

91 2543 162 2578 παρά
185 2551 215 2568 τε
237 2541 297 2577 Θεῷ
326 2542 373 2569 καὶ
393 2542 559 2578 ἀνθρώποις,
574 2542 735 2578 καθίστησιν
752 2543 875 2579 ἐναργές.

92 2588 219 2624 Πορνείαν
242 2588 293 2623 μὲν
317 2586 365 2615 οὖν
387 2588 433 2615 καὶ
459 2588 629 2624 ἀκαθαρσίαν
644 2587 762 2624 ἐξορίζει
779 2597 877 2616 παντε-

91 2633 151 2663 λῶς,
179 2634 375 2670 ὰρῤενομιξίαν
398 2633 428 2660 δὲ
456 2634 503 2661 καὶ
525 2643 658 2670 μοιχειαν,
673 2634 711 2666 ὡς
740 2635 877 2662 ἀπωτάτω

93 2680 215 2712 ποιεῖται,
236 2679 324 2714 λέγων
344 2680 373 2706 ὲν
398 2679 438 2715 τῷ
461 2680 611 2716 Λευιτικῷ·
643 2690 652 2707 ι
667 2681 722 2708 Καὶ
745 2681 813 2717 πρὸς
826 2682 876 2717 τὴν

92 2726 205 2758 γυναῖκα
217 2725 264 2752 τοῦ
288 2725 402 2761 πλησίον
419 2734 466 2752 σου
485 2726 516 2752 οὐ
531 2725 626 2758 δώσεις
638 2727 732 2762 κοίτην
750 2728 876 2763 σπέρμα-

92 2769 133 2802 τός
147 2779 206 2804 σου,
221 2771 401 2807 ὲκμιανθῆναι
420 2771 488 2806 πρὸς
510 2772 605 2807 αὐτὴν,
633 2773 680 2800 καὶ
707 2773 777 2808 μετὰ
796 2774 877 2810 ἄρσε-

961 1207 1060 1235 PALL.
1074 1206 1150 1233 Finis
1161 1205 1247 1240 igitur
1258 1205 1348 1232 exsilii
1361 1204 1417 1232 illis
1431 1204 1487 1231 erit
1501 1212 1576 1232 mors
1588 1206 1719 1233 sacerdo-

927 1255 973 1286 tis,
987 1261 1069 1288 quem
1092 1252 1174 1279 modo
1187 1251 1318 1278 diximus.

960 1299 1207 1334 CYR.Figurarum
1222 1298 1333 1333 quidem
1344 1299 1465 1326 exterior
1478 1299 1589 1326 habitus
1596 1299 1719 1334 ejusmo—

924 1347 951 1374 di
964 1344 1074 1373 est.Sed
1086 1344 1307 1379 complectuntur
1316 1344 1420 1371 umbrae
1431 1344 1535 1372 Christi
1543 1345 1717 1380 mysterium.

962 1391 1060 1419 PALL.
1075 1391 1135 1424 Quo
1149 1390 1260 1418 tandem
1279 1390 1378 1418 modo?

959 1439 1037 1467 ΟΥΕ.
1051 1439 1109 1465 Non
1122 1442 1165 1465 est
1176 1437 1370 1472 improbabile,
1399 1437 1513 1470 Palladi,
1535 1443 1632 1472 putare
1656 1437 1716 1464 for-

927 1485 1008 1513 tassis
1032 1492 1089 1516 eos,
1106 1484 1153 1519 qui
1178 1484 1300 1519 peccatis
1320 1484 1454 1519 implicati
1478 1488 1552 1515 sunt,
1576 1492 1632 1511 suae
1653 1484 1718 1510 ani-

929 1539 979 1558 ma:
998 1531 1073 1558 velut
1084 1529 1237 1557 homicidas
1248 1537 1320 1562 esse,
1333 1534 1416 1564 atque
1438 1530 1471 1557 ad
1495 1538 1555 1557 eam
1580 1531 1720 1557 miseriam

929 1586 984 1615 non
999 1581 1098 1612 sponte
1119 1577 1257 1611 delapsos,
1271 1576 1319 1604 sed
1342 1577 1377 1603 ad
1400 1577 1489 1612 legem
1511 1577 1667 1604 violandam
1691 1581 1720 1604 et

928 1625 1015 1651 Deum
1028 1622 1225 1650 offendendum
1251 1627 1363 1650 coaetos
1377 1631 1439 1650 esse
1466 1623 1670 1658 quodammodo
1692 1629 1720 1651 et

929 1669 1071 1704 impulsos,
1084 1676 1117 1696 eo
1129 1668 1204 1703 quod
1215 1676 1303 1703 prona
1315 1668 1350 1695 sit
1363 1676 1442 1695 mens
1464 1668 1586 1696 hominis
1603 1669 1636 1696 ad
1648 1669 1719 1696 mala

928 1722 961 1741 ex
971 1714 1114 1749 juventute
1126 1713 1160 1745 ",
1177 1717 1205 1740 et
1228 1712 1369 1740 indomitae
1390 1714 1620 1748 concupiscentiae
1634 1714 1676 1741 lex
1690 1714 1718 1740 in

928 1760 1060 1788 membris
1071 1759 1162 1787 carnis
1173 1759 1341 1786 dominetur.
1355 1759 1442 1795 lgitur
1455 1760 1550 1794 procul
1571 1767 1585 1786 a
1614 1760 1719 1787 mundo

927 1809 955 1834 et
966 1814 981 1833 a
993 1813 1108 1840 corpore
1121 1804 1241 1832 hominis
1253 1805 1344 1832 anima
1356 1805 1452 1832 infelix
1469 1805 1567 1832 exsilio
1579 1806 1718 1833 multaba-

929 1857 985 1885 tur,
998 1852 1122 1887 atquein
1133 1851 1235 1879 abditis
1247 1852 1345 1879 mortis
1370 1860 1402 1879 ac
1424 1852 1614 1886 penetralibus
1638 1852 1718 1885 locis,

930 1901 1060 1932 tanquam
1080 1897 1108 1924 in
1124 1897 1193 1924 urbe
1216 1897 1335 1932 quadam
1355 1897 1458 1932 refugii
1480 1898 1614 1931 residens,
1637 1899 1720 1934 longo

928 1949 1049 1980 tempore
1062 1944 1273 1979 perseverabat;
1290 1949 1400 1971 mortuo
1413 1948 1506 1971 autem
1520 1944 1635 1972 Christo
1659 1953 1718 1972 ma-

928 1998 981 2025 gno
993 1990 1146 2022 sacerdote,
1166 1990 1213 2017 vix
1236 1990 1347 2017 tandem
1371 1990 1484 2018 dimissa
1502 1995 1554 2018 est.
1578 1990 1641 2023 Qui,
1656 1999 1719 2018 cum

928 2044 979 2071 pro
1012 2035 1140 2062 omnibus
1180 2035 1341 2070 pertulisset
1370 2039 1510 2067 mortem,
1541 2035 1575 2062 ad
1610 2036 1719 2063 inferna

928 2081 1081 2114 descendit,
1093 2085 1174 2116 atque
1191 2085 1285 2116 portas
1310 2081 1406 2108 inferis
1429 2081 1548 2116 aperuit,
1568 2089 1719 2117 eorumque

928 2127 1037 2155 vincula
1057 2128 1202 2160 relaxavit,
1228 2127 1345 2154 «dicens
1368 2127 1420 2160 eis,
1449 2127 1497 2162 qui
1521 2128 1718 2155 vinctierant:

931 2174 1024 2207 Exite;
1037 2179 1065 2201 et
1085 2174 1119 2200 iis
1131 2173 1178 2208 qui
1192 2173 1355 2201 intenebris
1369 2182 1375 2199 :
1389 2173 1558 2201 Revelamini
1572 2175 1605 2202 ⁵⁸.
1617 2184 1627 2200 ›

965 2219 1064 2247 PALL.
1079 2218 1182 2254 Aperta
1195 2226 1260 2245 sane
1271 2217 1417 2253 expositio.

964 2266 1042 2294 CYR.
1057 2265 1204 2297 Caeterum,
1220 2265 1285 2300 quia
1297 2264 1380 2299 283
1393 2264 1436 2291 lex
1449 2271 1504 2291 non
1520 2272 1576 2292 uno
1587 2264 1720 2292 duntaxat

932 2320 1035 2349 genere
1048 2311 1159 2338 virtutis
1173 2311 1302 2345 antiquos
1314 2310 1376 2337 illos
1387 2311 1574 2338 commendari
1599 2311 1718 2344 volebat,

928 2359 977 2386 sed
990 2358 1022 2386 ad
1035 2357 1127 2385 omnia
1141 2357 1310 2391 compositos
1321 2364 1393 2388 esse,
1413 2361 1442 2383 et
1468 2357 1572 2391 optime
1596 2361 1717 2392 paratos,

929 2409 960 2432 ut
975 2403 1113 2440 perfectus
1124 2406 1197 2430 esset
1210 2403 1292 2429 homo
1304 2402 1365 2434 Dei,
1379 2402 1412 2429 ad
1425 2410 1507 2430 omne
1529 2411 1598 2438 opus
1616 2405 1719 2432 bonum

930 2455 1043 2486 paratus
1055 2450 1089 2481 π,
1102 2449 1165 2476 ideo
1178 2448 1336 2483 nuptiarum
1359 2449 1582 2484 conjunctionem
1601 2451 1634 2478 ad
1658 2459 1719 2479 mo-

930 2504 992 2524 rum
1020 2496 1193 2523 honestatem
1214 2494 1368 2528 componit:
1392 2499 1421 2521 et
1445 2503 1499 2529 qua
1524 2497 1631 2524 ratione
1662 2497 1719 2525 haec

931 2543 990 2571 ﬁeri
1002 2543 1039 2570 ita
1049 2542 1168 2577 possint,
1179 2545 1209 2568 ut
1221 2541 1437 2575 reprehensione
1454 2545 1512 2568 tum
1524 2542 1596 2576 apud
1620 2543 1718 2576 Dcum,

930 2593 988 2616 tum
1011 2596 1078 2616 vero
1101 2587 1173 2622 apud
1193 2586 1318 2613 homines
1340 2591 1464 2619 careant,
1492 2589 1614 2622 exponit.
1633 2589 1719 2624 Igitur

929 2635 1141 2663 fornicationem
1153 2632 1393 2661 etimmunditiam
1404 2641 1520 2668 prorsus
1536 2635 1641 2670 rcjicit;
1659 2643 1718 2664 ma—

930 2681 1068 2709 sculorum
1082 2687 1148 2707 vero
1160 2680 1338 2707 concubitum
1351 2683 1378 2707 et
1388 2679 1557 2707 adulterium
1570 2689 1652 2716 quam
1660 2682 1718 2710 lon-

929 2728 1040 2763 gissime
1053 2726 1171 2761 repellit,
1184 2726 1278 2754 dicens
1292 2726 1320 2752 in
1332 2725 1470 2752 Levitico:
1489 2736 1498 2751 ι
1508 2727 1542 2754 Et
1554 2727 1588 2754 ad
1605 2735 1718 2755 uxorem

930 2773 1046 2809 proximi
1061 2773 1100 2799 tui
1116 2779 1171 2799 non
1183 2772 1261 2800 dabis
1274 2773 1434 2800 cucubitum
1445 2772 1557 2800 seminis
1569 2773 1620 2806 tui,
1633 2778 1664 2801 ut
1675 2773 1719 2800 iu-

129 2852 242 2892 "Deut.
255 2872 291 2895 Iv.
305 2864 348 2892 4i.
376 2864 398 2880 ⁵³
410 2863 488 2891 Num.
504 2872 580 2893 “xv,
594 2863 687 2889 22-95.
718 2863 741 2878 ’“
755 2862 820 2889 ibid.
839 2863 882 2889 28.
923 2865 944 2879 ⁸³
955 2847 1054 2891 (lenes.
1068 2871 1123 2895 vin,
1144 2863 1187 2890 2!.
1229 2865 1250 2880 ⁵⁸
1262 2864 1313 2891 lsa.
1331 2873 1400 2898 xux,
1416 2866 1441 2892 9.
1482 2867 1504 2883 '7
1519 2867 1541 2894 ll
1553 2866 1623 2894 Tim.
1634 2875 1663 2901 ιι,
1675 2867 1720 2894 ‘2‘}.
