2019 3175
249 174 276 203 ΙΙ
759 172 909 204 JUNILIUS
928 172 1115 203 [εἶ-[³15001⁵υὸ
1134 173 1341 204 AFRICANUS.
1844 171 1877 200 12

242 228 327 262 λίἐίιθι.
342 234 409 262 Hinc
421 242 519 263 seoms
532 227 643 270 epistola
655 241 708 269 qua
722 240 811 268 regem
825 233 984 268 deprecatur
997 239 1030 260 ne
1044 235 1067 263 Λ
1083 232 1180 261 iterum
1205 240 1257 260 non
1280 231 1444 259 admittenda
1470 234 1600 265 temporis
1623 230 1725 258 notatio
1744 229 1878 265 Papebro—

243 278 388 313 Meloduni,
409 280 460 307 hoc
477 284 518 307 est
538 280 564 307 in
585 278 709 307 diwcesis
729 286 785 306 sua:
805 278 931 312 par-oecis,
947 285 1031 305 novus

243 325 290 353 ﬂat
307 326 458 361 episcopus,
474 326 519 354 ubi
537 333 669 362 nunquam
683 329 760 353 antea
776 325 871 352 fuerat.

277 371 323 399 IV.
351 372 409 406 Quo
431 378 520 400 autem
545 380 614 400 anno
637 370 736 406 scripta
760 371 796 399 sit
818 364 1031 406 epistola,rhaud

243 417 321 452 plane
336 422 511 454 compertum.
540 416 758 453 Quandoquidem
771 423 835 444 vero
854 416 879 443 in
894 423 924 444 ea
939 422 1032 444 senem

205 466 207 468 '
242 471 273 491 se
287 464 359 492 dicat
372 464 427 492 Leo
440 470 520 499 atque
535 463 681 498 inﬁrmum,
697 471 750 491 non
764 463 808 491 diu
823 468 958 498 superstes
973 465 1033 498 post

242 517 341 536 annum
364 509 412 537 5M
431 509 513 537 fuisse
539 509 653 537 videtur.
677 509 774 536 Leonis
797 514 870 537 certe
892 515 1033 537 successor

241 556 407 583 Constitutus
421 563 454 583 ex
466 556 604 591 provincia
616 555 789 591 Lugdunensi
804 559 898 591 quarta
912 554 1033 583 interfurit

242 601 356 630 concilio
370 601 555 629 Aureliancnsi
575 609 604 634 ν,
624 602 705 637 quod,
727 606 755 629 ut
776 607 849 637 patet
861 609 894 630 ex
915 602 1033 629 subscri-

242 647 333 681 ptione
363 647 515 675 Sacerdotis
542 648 659 683 episcopi
682 648 866 683 Lugdunensis
888 648 1033 684 provinciae

242 693 355 727 prim-te,
379 693 541 721 celebratum
564 693 611 721 fuit
637 701 652 720 v
667 694 718 721 cal.
740 693 889 721 Novembris
911 701 978 720 αηηο
999 692 1033 721 58

242 739 314 774 regni
333 739 422 766 damni
446 739 601 767 Childeberti
623 740 705 775 regis,
728 740 754 768 id
776 745 817 768 est
837 747 908 768 anno
930 740 1033 767 Christi

242 784 355 821 549(a).
381 786 471 822 Neque
491 786 568 814 aliter
581 787 733 814 Hadrianus
749 787 872 814 Valesius
897 786 945 823 (ὁ).
970 786 1038 815 llinc

278 842 316 879 (ᾳ)
335 842 436 879 ςοῐῐιῐη
450 844 469 871 l.
484 851 522 877 c.,
536 843 568 871 ad
583 851 645 871 amt.
659 844 722 877 549,
738 843 769 879 §§
782 843 829 879 21,
843 845 888 873 47.

277 877 316 913 (b)
336 878 417 906 Hadr.
431 879 530 912 Vales.,
549 879 568 907 Ι.
582 886 618 913 c.,
634 886 695 915 pag.
710 877 772 907 418’.

1085 278 1138 306 chii
1154 277 1202 313 (ε),
1219 286 1318 306 annum
1335 278 1388 306 547
1412 277 1564 312 huiusmodi
1591 277 1705 304 concilio
1728 276 1876 304 tribuentis.

1087 326 1223 354 Becclitur
1235 325 1319 353 sancti
1332 325 1429 353 Leonis
1442 323 1606 352 Senonensis
1622 323 1750 350 memoria
1765 324 1792 350 in
1807 331 1877 351 mar-

1086 370 1217 407 tyrulogio
1233 371 1354 398 Romano
1367 377 1384 397 x
1399 370 1449 397 cal.
1468 369 1562 397 Maias.
1593 369 1621 396 in
1637 369 1769 397 hrcviario
1790 374 1878 397 autem

1087 417 1214 446 Ecclesia:
1227 416 1406 449 Senonensis,
1427 420 1456 443 ut
1476 415 1559 443 refert
1575 424 1646 451 saepe
1666 416 1785 443 laudatus
1800 417 1879 443 Coin-

1086 462 1139 490 lius
1154 462 1206 498 (d),
1222 462 1271 490 sub
1286 461 1379 489 eadem
1395 461 1439 489 die
1453 461 1492 489 sic
1507 461 1603 496 legitur
1619 470 1625 488 :
1639 461 1787 497 Episcopali
1799 462 1879 496 ofﬁcio

1087 510 1162 545 digne
1178 510 1296 545 functus,
1314 513 1336 536 et
1352 508 1458 543 prwmia
1474 513 1570 535 aeterna
1589 513 1747 540 consecutus,
1766 507 1880 542 sepultus

1086 557 1159 583 estin
1170 555 1274 583 ecclesia
1285 561 1430 583 sanctorum
1440 554 1555 582 Gcruasii
1565 560 1587 582 et
1600 553 1713 581 Protarii
1725 557 1751 581 in
1762 554 1881 581 suburbfo

1087 601 1246 633 Senonensi;
1274 601 1309 627 ad
1332 601 1405 635 cujus
1427 601 1610 627 invocationem
1638 601 1731 626 multas
1754 608 1881 635 a’grurum

1087 649 1228 675 curationes
1241 654 1264 674 et
1276 648 1400 675 miracula
1413 646 1482 674 Deus
1496 651 1613 681 operatus
1630 651 1679 674 est.
1694 646 1767 673 Unde
1786 647 1882 681 factum

1084 699 1112 720 ut
1138 701 1168 720 ea
1190 693 1294 721 etclesia
1313 693 1340 720 in
1353 693 1514 728 parwciaiem
1534 692 1640 719 titulum
1659 692 1781 724 cvadens,
1801 692 1881 726 ipsius

1086 740 1168 768 sancti
1183 739 1277 767 Leonis
1290 740 1392 767 nomine
1406 739 1485 775 fuerit
1499 739 1619 774 deinceps
1633 738 1773 774 appellata.

1124 844 1160 880 (ε)
1180 844 1307 878 Papebr.,
1323 843 1341 871 Ι.
1358 851 1395 876 c.,
1412 851 1486 871 num.
1500 844 1528 880 4,

1124 880 1166 915 (Δ)
1185 880 1285 914 Coint.,
1302 880 1321 906 l.
1334 886 1371 912 c.,
1387 879 1419 906 ad
1431 887 1493 907 ann.
1509 879 1570 914 5H,
1586 879 1657 914 §7L

839 959 900 1022 S.
953 957 1287 1024 LEONIS

976 1041 1168 1072 EPISTOLA

717 1100 760 1122 AD
781 1100 1033 1123 CHILDEBBRTUM
1056 1101 1250 1124 FRANCOBUM
1273 1101 1382 1124 ΒΕΘ-ΕΜ
1418 1113 1426 1123 ι

277 1141 382 1171 Domno
402 1141 499 1170 illustri
519 1145 546 1170 et
563 1141 590 1170 in
604 1141 712 1171 Christo
727 1142 784 1171 ﬁlio
795 1143 969 1172 Childeberto
983 1143 1039 1179 regi
1054 1145 1078 1176 Β
1091 1151 1186 1172 novam
1208 1150 1235 1172 et
1255 1144 1373 1172 illicitam
1396 1143 1592 1172 ordinationem
1612 1143 1712 1172 divelli.
1725 1144 1873 1185 rCustodite

243 1189 298 1219 Leo
312 1189 465 1225 episcopus.

278 1235 396 1263 Litteras
416 1235 581 1263 celsitudinis
602 1240 699 1263 vestrae
723 1236 824 1264 honore
850 1244 903 1272 quo
927 1237 1037 1272 dignum

244 1286 295 1316 est,
310 1289 353 1309 me
369 1281 458 1309 indico
476 1281 643 1316 suscepisse;
657 1282 701 1310 ubi
715 1289 825 1317 sperare
838 1283 997 1318 dignamini,
1008 1287 1038 1311 ut

245 1327 279 1355 ad
297 1326 474 1355 ordinandum
488 1327 719 1356 Mecledonensem
735 1329 892 1364 episcopum
904 1333 951 1357 aut
966 1336 1039 1364 prat-

244 1373 329 1400 sentia
341 1376 431 1399 nostra
442 1372 537 1400 adesse
544 1373 649 1406 debeat,
661 1378 707 1401 aut
717 1381 875 1402 consensus.
884 1375 968 1408 Quam
981 1382 1038 1403 rem

245 1417 320 1446 valde
342 1417 488 1446 admiratos
508 1426 558 1446 nos
578 1420 661 1453 gloria
681 1424 769 1447 vestra
793 1425 953 1455 cognoscat,
967 1421 1039 1457 quod

245 1465 359 1499 primum
375 1465 434 1492 sine
445 1464 521 1499 jussu
537 1465 722 1500 gloriosissimi
741 1466 832 1494 domni
847 1467 975 1502 principis
989 1475 1039 1496 no-

246 1509 308 1542 stri,
323 1509 371 1536 ﬁlii
383 1509 465 1537 vestri
478 1509 659 1541 Theudohcrti
674 1510 754 1545 regis,
769 1512 844 1546 cujus
859 1518 951 1540 sumus
964 1512 1039 1548 regni

245 1554 413 1582 ordinatione
432 1555 556 1589 subjecti,
579 1555 715 1590 iniungitis
730 1560 758 1583 ut
780 1564 811 1584 ea
831 1565 891 1592 qua:
915 1563 1040 1587 anteacto

247 1604 368 1636 tempore
383 1600 451 1627 facta
472 1608 526 1627 non
545 1606 617 1634 sunt,
638 1609 709 1629 nunc
723 1602 865 1636 praesentia
886 1609 975 1631 nostra
995 1608 1042 1632 aut

247 1652 380 1674 consensu
392 1645 509 1674 debeant
532 1646 663 1674 inchoari.
689 1647 826 1682 Prrecipue
842 1656 976 1684 nunquam
991 1657 1041 1678 nec

247 1691 388 1727 suspicari,
400 1699 450 1720 nec
459 1692 571 1720 credere
582 1693 727 1728 potuimus,
738 1694 809 1729 quod
820 1695 887 1723 hanc
898 1701 943 1724 aut
954 1696 1040 1724 ordini

247 1741 352 1772 nostro,
360 1743 406 1766 aut
415 1739 497 1766 etiam
509 1740 675 1774 temporibus
688 1741 783 1768 vestris
799 1742 903 1769 velletis
915 1742 1040 1776 iniuriam

247 1784 388 1819 generari,
402 1788 431 1811 ut
444 1783 582 1812 diceeesim
593 1789 712 1812 nostram
726 1793 741 1811 a
757 1786 811 1813 Deo
826 1787 902 1814 nobis
914 1787 1041 1815 commis-

1088 1197 1190 1225 quaaso,
1207 1193 1305 1217 statuta
1326 1189 1443 1223 Patrum,
1458 1193 1487 1217 et
1504 1196 1635 1216 eanonum
1656 1185 1798 1216 severitate
1817 1197 1869 1216 con

1089 1236 1185 1270 stricti,
1208 1243 1262 1263 non
1285 1236 1433 1270 patiamini,
1455 1235 1524 1263 sicut
1536 1235 1662 1268 scribitis,
1680 1235 1712 1262 ad
1729 1236 1881 1270 petitionem

1090 1281 1149 1317 ejus
1177 1282 1264 1316 plebis
1292 1282 1434 1317 superstite
1462 1283 1571 1317 proprio
1603 1283 1743 1309 sacerdote
1771 1282 1882 1311 alterum

1091 1327 1247 1362 episcopum
1262 1327 1391 1355 ordinari.
1414 1327 1479 1361 Quia
1498 1328 1520 1355 si
1537 1327 1586 1354 hoc
1605 1331 1710 1362 petunt,
1724 1327 1794 1362 quod
1810 1327 1883 1355 nefas

1091 1378 1132 1401 est
1155 1373 1239 1406 credi,
1263 1373 1415 1401 desertores
1438 1374 1526 1408 potius
1546 1372 1684 1407 iudicandi
1713 1376 1776 1400 sunt
1804 1380 1884 1408 quam

1092 1419 1193 1448 ﬁdeles.
1217 1420 1250 1447 Et
1278 1427 1331 1447 non
1352 1427 1444 1448 eorum
1466 1426 1559 1454 preces
1577 1412 1654 1447 facile
1674 1419 1760 1446 audiri
1786 1419 1884 1447 debent

1092 1473 1106 1492 a
1122 1465 1250 1500 principe,
1273 1472 1386 1500 quorum
1413 1465 1586 1500 petitionibus
1612 1464 1699 1500 potius
1722 1471 1884 1499 generentur

1092 1511 1229 1544 scandala,
1246 1519 1324 1546 quam
1342 1519 1391 1546 pax
1408 1511 1463 1539 Deo
1475 1516 1562 1538 amata
1577 1515 1708 1539 servetur.
1735 1512 1801 1544 Quia
1817 1512 1884 1539 sicut

1092 1558 1163 1586 beati
1179 1562 1241 1585 sunt
1254 1557 1334 1592 pedes
1350 1565 1441 1592 pacem
1457 1562 1603 1592 portantes,
1620 1558 1655 1584 ita
1672 1564 1712 1584 va:
1729 1558 1771 1584 his
1785 1558 1883 1584 dictum

1091 1608 1133 1632 est
1149 1611 1194 1638 per
1207 1611 1274 1638 quos
1286 1603 1359 1631 venit
1373 1603 1537 1630 scandalum.
1552 1603 1602 1637 Qui
1618 1603 1641 1630 si
1657 1603 1770 1630 fortasse
1785 1603 1820 1630 oh
1833 1604 1883 1630 hoc

1092 1651 1205 1678 alterum
1227 1649 1383 1684 episcopum
1399 1649 1448 1676 sibi
1465 1649 1522 1676 ﬁeri
1543 1653 1649 1684 rogant,
1664 1649 1724 1684 quia
1740 1657 1788 1677 nos
1802 1649 1883 1676 inter-

1091 1697 1174 1724 clusis
1192 1695 1334 1723 itincribus
1348 1694 1381 1721 ad
1397 1702 1443 1722 eos
1458 1701 1506 1722 nec
1520 1694 1686 1722 visitatorem
1702 1695 1807 1722 mittere
1820 1701 1884 1729 pos-

1092 1749 1184 1769 sumus
1200 1748 1251 1768 nec
1266 1741 1374 1774 venire,
1390 1740 1439 1767 ista
1455 1741 1531 1774 culpa
1548 1748 1596 1767 nos
1609 1748 1663 1767 non
1678 1740 1806 1775 respicit:
1823 1740 1884 1774 quia

1091 1787 1114 1814 si
1129 1787 1180 1814 iter
1192 1793 1208 1813 a
1228 1790 1317 1813 vestra
1334 1790 1417 1820 parte,
1434 1785 1504 1813 sicut
1522 1786 1623 1820 optime
1638 1786 1731 1817 nostis,
1755 1784 1884 1812 interclu-

248 1835 355 1864 satn,ct
363 1836 446 1865 usque
456 1837 526 1857 nunc
537 1830 682 1865 pontiﬁcali
694 1831 789 1859 ordine
798 1832 854 1860 Deo
865 1833 979 1867 propitio
992 1840 1039 1860 cu-
1055 1835 1077 1866 C
1093 1840 1151 1859 sum
1172 1836 1245 1859 tanto
1263 1835 1384 1865 tempore
1406 1838 1459 1858 non
1475 1831 1579 1864 fuisset,
1595 1831 1716 1866 quamvis
1738 1838 1816 1857 senes
1838 1833 1884 1856 aut

248 1876 386 1909 stodilam,
399 1880 523 1910 tanquam
539 1875 704 1910 negligentes
714 1884 746 1905 ac
757 1877 875 1912 desides,
887 1879 920 1905 ad
932 1879 1041 1906 alterius

248 1921 436 1956 permittamus
451 1925 611 1956 potestatem
633 1923 758 1954 transire,
775 1928 821 1950 aut
835 1923 1041 1951 sollicitudinem

249 1965 440 1994 irrationabilis
452 1965 644 2007 deliberatione
653 1967 808 1994 transferri.
834 1967 910 1995 Unde
924 1968 1043 1995 salutan-

250 2013 291 2040 tes
308 2012 388 2047 digno
410 2018 441 2039 ac
459 2011 549 2039 debito
567 2013 593 2039 in
609 2012 664 2040 Deo
684 2013 824 2041 charitatis
841 2013 948 2047 aﬁectu,
965 2022 1042 2049 roga-

250 2064 310 2085 mus
322 2064 354 2084 ac
364 2060 558 2092 contestamur,
573 2065 607 2085 ne
621 2058 690 2085 ullus
706 2058 860 2093 pontiﬁcum
876 2064 969 2087 contra
984 2064 1040 2088 sta-

251 2107 307 2130 tuta
318 2102 427 2129 Patrum
441 2102 537 2130 audeat
551 2104 648 2136 facere,
663 2103 733 2131 unde
747 2104 830 2138 possit
846 2105 966 2139 synodali
981 2112 1044 2133 era-

252 2147 397 2176 ntinatione
409 2148 546 2176 convictus
557 2148 591 2176 de
605 2148 697 2176 illicita
708 2151 916 2184 pratsumptione
930 2151 1043 2186 culpari.

252 2193 301 2221 Illa
315 2197 404 2220 tamen
418 2193 514 2221 vestris
528 2194 627 2221 debent
646 2194 715 2228 ﬁeri,
734 2195 789 2223 Deo
801 2195 958 2230 inspirante,
973 2202 1043 2225 tem-

252 2239 372 2275 poribus,
386 2240 456 2268 unde
470 2244 497 2268 et
512 2247 563 2275 pax
578 2240 649 2269 inter
663 2241 818 2270 sacerdotes
831 2249 890 2271 esse
906 2245 1000 2280 possit,
1016 2249 1044 2273 et

253 2286 327 2321 plebs
339 2293 392 2313 non
406 2286 573 2321 permittatur
588 2294 602 2314 a
615 2288 730 2323 pastoris
745 2289 844 2323 proprii
860 2290 979 2318 custodia
994 2298 1043 2327 per

311 2356 353 2393 Et;
369 2355 633 2393 Cointii_Aiinalibus
656 2358 844 2386 ecclesiasticis
858 2359 1034 2393 Francorum,

252 2397 317 2419 tom.
342 2391 447 2426 l,,pag.
469 2391 531 2425 604,
555 2398 605 2419 nec
629 2399 681 2420 non
705 2400 738 2420 ex
763 2395 910 2429 appendice
935 2391 1044 2430 operum

1094 1879 1206 1912 inﬁrmi,
1223 1878 1348 1913 populum
1364 1877 1440 1905 nobis
1453 1877 1634 1905 ecclesiastica
1655 1877 1793 1910 disciplina
1809 1883 1885 1903 com-

1095 1926 1206 1954 missum
1221 1925 1357 1960 requirere
1370 1929 1552 1960 potueramus,
1565 1929 1609 1951 aut
1623 1929 1696 1951 certe
1708 1923 1884 1956 visitatorem,

1093 1973 1163 2000 sicut
1174 1978 1291 1999 canones
1304 1975 1433 2004 statuunt,
1448 1970 1595 1998 destinare.
1616 1969 1682 1997 Nam
1698 1969 1781 2005 gloria
1795 1973 1886 1996 vestra

1095 2018 1195 2052 optime
1207 2017 1287 2045 debet
1306 2021 1333 2044 et
1345 2016 1455 2044 credere
1469 2020 1496 2044 et
1514 2016 1594 2049 scire,
1611 2015 1671 2051 quia
1686 2015 1708 2042 si
1723 2019 1814 2043 contra
1829 2018 1887 2043 sla-

1096 2067 1151 2090 tuta
1170 2070 1301 2090 canonum
1316 2063 1466 2097 quicunque
1481 2063 1666 2097 episcoporum
1682 2061 1739 2088 sine
1752 2067 1885 2088 consensu

1097 2112 1189 2136 nostro
1202 2108 1356 2136 Mecledone
1368 2109 1520 2145 episcopum
1533 2109 1647 2136 voluerit
1658 2109 1792 2142 ordinare,
1805 2115 1887 2142 usuue

1098 2154 1131 2182 ad
1148 2162 1223 2189 papa:
1235 2155 1356 2182 notitiam
1373 2156 1413 2184 vel
1429 2156 1582 2191 synodalem
1598 2155 1772 2190 audientiam,
1790 2159 1845 2181 tant
1859 2153 1887 2180 hi

1097 2201 1144 2235 qui
1159 2201 1342 2229 ordinaverint
1357 2209 1436 2237 quam
1450 2202 1494 2237 qui
1507 2202 1644 2230 ordinatus
1659 2201 1749 2234 fuerit,
1764 2209 1778 2229 a
1794 2205 1886 2229 nostra

1099 2251 1179 2275 erunt
1191 2248 1379 2276 communione
1392 2248 1527 2284 disiuncti.

1283 2295 1335 2324 Leo
1351 2295 1444 2324 Christi
1456 2303 1542 2323 servus
1561 2295 1709 2332 subscripsi.

1093 2362 1276 2434 Sp.agG:‘§g§rii
1308 2362 1429 2398 episcopi
1449 2362 1628 2397 Turonensis,
1655 2362 1719 2391 edit.
1754 2362 1888 2396 Ruinam,

255 2435 1888 2460 mm

737 2448 1111 2458 Μ

929 2478 1013 2500 ANNO
1033 2479 1148 2503 DOMINI
1169 2482 1222 2503 DL.

651 2529 1416 2672 JUNILIUS
1446 2628 1488 2703 ,

616 2706 1537 2810 EPISGOPMICANUS.

875 2829 1012 2859 NOTITIA
1032 2832 1077 2867 (ex
1091 2833 1261 2868 Gallandio).

295 2871 317 2902 1.
346 2872 478 2909 Iunilius,
507 2874 618 2903 incerta
643 2875 717 2904 urbis
740 2875 768 2904 in
791 2875 881 2904 Africa
909 2878 1052 2914 episcopus

260 2921 330 2956 apud
349 2921 511 2952 recentiores
531 2921 609 2957 vulgo
631 2925 767 2956 censetur,
787 2929 848 2950 cum
863 2926 951 2952 tamen
968 2924 1002 2953 de
1015 2926 1048 2954 il-

1107 2882 1158 2909 lius
1177 2881 1321 2916 episcopali
1347 2881 1476 2918 dignitate
1496 2881 1569 2909 nulla
1592 2881 1663 2917 quod
1686 2882 1793 2918 quidem
1807 2883 1891 2912 sciam

1102 2930 1191 2954 exstet
1206 2925 1275 2961 apud
1291 2931 1394 2956 veteres
1406 2927 1507 2958 mentio
1524 2927 1605 2964 :quin
1616 2949 1624 2963 ,
1639 2928 1663 2957 si
1675 2928 1826 2958 Fabricium
1841 2936 1891 2961 au:
