  <div class='ocr_page' id='page_1' title='image "/cluster/home/n/w/nwhite01/storage/ocr_20150623/68/hvd.32044015469331/012.png"; bbox 0 0 4046 6496; ppageno 0'>
   <div class='ocr_carea' id='block_1_1' title="bbox 293 359 1889 464">
    <p class='ocr_par' dir='ltr' id='par_1_1' title="bbox 293 359 1883 464">
     <span class='ocr_line' id='line_1_1' title="bbox 293 359 1883 464; baseline -0.006 -1"><span class='ocrx_word' id='word_1_1' title='bbox 293 404 356 464; x_wconf 72' lang='grc' dir='ltr'>ιδ</span> <span class='ocrx_word' id='word_1_2' title='bbox 1136 359 1146 364; x_wconf 65' lang='grc'><strong>’</strong></span> <span class='ocrx_word' id='word_1_3' title='bbox 1665 387 1883 456; x_wconf 73' lang='lat' dir='ltr'><strong>ructs</strong></span> 
     </span>
    </p>
   </div>
   <div class='ocr_carea' id='block_1_2' title="bbox 1992 359 3597 464">
    <p class='ocr_par' dir='ltr' id='par_1_2' title="bbox 1992 385 3597 453">
     <span class='ocr_line' id='line_1_2' title="bbox 1992 385 3597 453; baseline -0.004 -1"><span class='ocrx_word' id='word_1_4' title='bbox 1992 388 2190 453; x_wconf 57' lang='lat' dir='ltr'><strong>“ENA.</strong></span> <span class='ocrx_word' id='word_1_5' title='bbox 3491 385 3557 446; x_wconf 70' lang='grc' dir='ltr'>Ν</span> <span class='ocrx_word' id='word_1_6' title='bbox 3593 391 3597 394; x_wconf 79' lang='grc'><em>’</em></span> 
     </span>
    </p>
   </div>
   <div class='ocr_carea' id='block_1_3' title="bbox 294 500 3558 588">
    <p class='ocr_par' dir='ltr' id='par_1_3' title="bbox 294 500 3558 588">
     <span class='ocr_line' id='line_1_3' title="bbox 294 500 3558 588; baseline -0.005 -15"><span class='ocrx_word' id='word_1_7' title='bbox 294 519 405 576; x_wconf 88' lang='lat' dir='ltr'><strong>dias</strong></span> <span class='ocrx_word' id='word_1_8' title='bbox 427 515 634 588; x_wconf 88' lang='lat' dir='ltr'><strong>(a),alii</strong></span> <span class='ocrx_word' id='word_1_9' title='bbox 654 515 978 579; x_wconf 85' lang='lat' dir='ltr'><strong>Uticensem,</strong></span> <span class='ocrx_word' id='word_1_10' title='bbox 999 511 1091 569; x_wconf 82' lang='lat' dir='ltr'><strong>alii</strong></span> <span class='ocrx_word' id='word_1_11' title='bbox 1115 508 1516 566; x_wconf 85' lang='lat' dir='ltr'><strong>Adrumetinum</strong></span> <span class='ocrx_word' id='word_1_12' title='bbox 1544 504 1706 564; x_wconf 85' lang='lat' dir='ltr'><strong>fuisse</strong></span> <span class='ocrx_word' id='word_1_13' title='bbox 1727 522 1865 580; x_wconf 63' lang='grc' dir='ltr'>ιιι-ω·</span> <span class='ocrx_word' id='word_1_14' title='bbox 1896 517 1943 578; x_wconf 75' lang='grc' dir='ltr'><strong>Α</strong></span> <span class='ocrx_word' id='word_1_15' title='bbox 1972 507 2106 564; x_wconf 88' lang='lat' dir='ltr'><strong>adeo</strong></span> <span class='ocrx_word' id='word_1_16' title='bbox 2137 507 2412 578; x_wconf 77' lang='lat' dir='ltr'><strong>ignorasse</strong></span> <span class='ocrx_word' id='word_1_17' title='bbox 2440 509 2553 559; x_wconf 87' lang='lat' dir='ltr'><strong>tum</strong></span> <span class='ocrx_word' id='word_1_18' title='bbox 2583 503 2707 574; x_wconf 87' lang='lat' dir='ltr'><strong>quid</strong></span> <span class='ocrx_word' id='word_1_19' title='bbox 2737 500 2836 559; x_wconf 86' lang='lat' dir='ltr'><strong>hac</strong></span> <span class='ocrx_word' id='word_1_20' title='bbox 2867 502 2934 559; x_wconf 90' lang='lat' dir='ltr'><strong>de</strong></span> <span class='ocrx_word' id='word_1_21' title='bbox 2959 517 3015 558; x_wconf 91' lang='lat' dir='ltr'><strong>re</strong></span> <span class='ocrx_word' id='word_1_22' title='bbox 3043 503 3319 559; x_wconf 80' lang='lat' dir='ltr'><strong>Sanxerint</strong></span> <span class='ocrx_word' id='word_1_23' title='bbox 3350 502 3558 558; x_wconf 82' lang='lat' dir='ltr'><strong>Africa-</strong></span> 
     </span>
    </p>
   </div>
   <div class='ocr_carea' id='block_1_4' title="bbox 295 599 1870 672">
    <p class='ocr_par' dir='ltr' id='par_1_4' title="bbox 295 599 1870 672">
     <span class='ocr_line' id='line_1_4' title="bbox 295 599 1870 672; baseline -0.009 -5"><span class='ocrx_word' id='word_1_24' title='bbox 295 611 756 667; x_wconf 90' lang='lat' dir='ltr'><strong>sulemautumant</strong></span> <span class='ocrx_word' id='word_1_25' title='bbox 785 625 800 661; x_wconf 86' lang='lat'>:</span> <span class='ocrx_word' id='word_1_26' title='bbox 829 605 916 660; x_wconf 90' lang='lat' dir='ltr'><strong>ubi</strong></span> <span class='ocrx_word' id='word_1_27' title='bbox 939 619 1068 661; x_wconf 83' lang='lat' dir='ltr'><strong>sane</strong></span> <span class='ocrx_word' id='word_1_28' title='bbox 1087 600 1317 658; x_wconf 84' lang='lat' dir='ltr'><strong>Fabricii</strong></span> <span class='ocrx_word' id='word_1_29' title='bbox 1336 599 1662 672; x_wconf 70' lang='lat' dir='ltr'><strong>diligentiam</strong></span> <span class='ocrx_word' id='word_1_30' title='bbox 1687 600 1870 670; x_wconf 90' lang='lat' dir='ltr'><strong>requi-</strong></span> 
     </span>
    </p>
   </div>
   <div class='ocr_carea' id='block_1_5' title="bbox 295 693 1873 774">
    <p class='ocr_par' dir='ltr' id='par_1_5' title="bbox 295 693 1873 774">
     <span class='ocr_line' id='line_1_5' title="bbox 295 693 1873 774; baseline -0.008 -15"><span class='ocrx_word' id='word_1_31' title='bbox 295 718 376 772; x_wconf 91' lang='lat' dir='ltr'><strong>ro,</strong></span> <span class='ocrx_word' id='word_1_32' title='bbox 395 701 484 774; x_wconf 90' lang='lat' dir='ltr'><strong>qui</strong></span> <span class='ocrx_word' id='word_1_33' title='bbox 506 701 776 756; x_wconf 85' lang='lat' dir='ltr'><strong>Labbeum</strong></span> <span class='ocrx_word' id='word_1_34' title='bbox 805 714 915 768; x_wconf 77' lang='lat' dir='ltr'><strong>pra:</strong></span> <span class='ocrx_word' id='word_1_35' title='bbox 943 696 1112 752; x_wconf 91' lang='lat' dir='ltr'><strong>oculis</strong></span> <span class='ocrx_word' id='word_1_36' title='bbox 1137 695 1360 760; x_wconf 87' lang='lat' dir='ltr'><strong>habens,</strong></span> <span class='ocrx_word' id='word_1_37' title='bbox 1383 694 1524 764; x_wconf 88' lang='lat' dir='ltr'><strong>quod</strong></span> <span class='ocrx_word' id='word_1_38' title='bbox 1549 693 1636 748; x_wconf 90' lang='lat' dir='ltr'><strong>ille</strong></span> <span class='ocrx_word' id='word_1_39' title='bbox 1657 693 1873 761; x_wconf 90' lang='lat' dir='ltr'><strong>scripsit</strong></span> 
     </span>
    </p>
   </div>
   <div class='ocr_carea' id='block_1_6' title="bbox 294 783 1874 860">
    <p class='ocr_par' dir='ltr' id='par_1_6' title="bbox 294 783 1874 860">
     <span class='ocr_line' id='line_1_6' title="bbox 294 783 1874 860; baseline -0.006 -12"><span class='ocrx_word' id='word_1_40' title='bbox 294 794 360 848; x_wconf 89' lang='lat' dir='ltr'><strong>de</strong></span> <span class='ocrx_word' id='word_1_41' title='bbox 395 791 652 847; x_wconf 86' lang='lat' dir='ltr'><strong>Primasio</strong></span> <span class='ocrx_word' id='word_1_42' title='bbox 703 789 777 860; x_wconf 71' lang='grc' dir='ltr'><strong>(ὁ)</strong></span> <span class='ocrx_word' id='word_1_43' title='bbox 823 789 888 844; x_wconf 91' lang='lat' dir='ltr'><strong>de</strong></span> <span class='ocrx_word' id='word_1_44' title='bbox 919 803 1024 859; x_wconf 90' lang='lat' dir='ltr'><strong>quo</strong></span> <span class='ocrx_word' id='word_1_45' title='bbox 1053 803 1179 842; x_wconf 84' lang='lat' dir='ltr'><strong>mox</strong></span> <span class='ocrx_word' id='word_1_46' title='bbox 1209 785 1372 842; x_wconf 88' lang='lat' dir='ltr'><strong>verba</strong></span> <span class='ocrx_word' id='word_1_47' title='bbox 1410 784 1622 849; x_wconf 78' lang='lat' dir='ltr'><strong>faciam,</strong></span> <span class='ocrx_word' id='word_1_48' title='bbox 1663 785 1778 854; x_wconf 86' lang='lat' dir='ltr'><strong>ipse</strong></span> <span class='ocrx_word' id='word_1_49' title='bbox 1807 783 1874 839; x_wconf 89' lang='lat' dir='ltr'><strong>de</strong></span> 
     </span>
    </p>
   </div>
   <div class='ocr_carea' id='block_1_7' title="bbox 259 863 1874 952">
    <p class='ocr_par' dir='ltr' id='par_1_7' title="bbox 259 863 1874 952">
     <span class='ocr_line' id='line_1_7' title="bbox 259 863 1874 952; baseline -0.008 -10"><span class='ocrx_word' id='word_1_50' title='bbox 259 863 273 881; x_wconf 67' lang='grc'><strong>’</strong></span> <span class='ocrx_word' id='word_1_51' title='bbox 293 885 487 942; x_wconf 86' lang='lat' dir='ltr'><strong>Juuiliu</strong></span> <span class='ocrx_word' id='word_1_52' title='bbox 509 884 735 952; x_wconf 88' lang='lat' dir='ltr'><strong>accepit.</strong></span> <span class='ocrx_word' id='word_1_53' title='bbox 761 883 867 937; x_wconf 91' lang='lat' dir='ltr'><strong>Cur</strong></span> <span class='ocrx_word' id='word_1_54' title='bbox 887 896 1015 937; x_wconf 90' lang='lat' dir='ltr'><strong>vero</strong></span> <span class='ocrx_word' id='word_1_55' title='bbox 1041 880 1216 935; x_wconf 86' lang='lat' dir='ltr'><strong>adhuc</strong></span> <span class='ocrx_word' id='word_1_56' title='bbox 1238 879 1469 933; x_wconf 65' lang='lat' dir='ltr'><strong>baareatn</strong></span> <span class='ocrx_word' id='word_1_57' title='bbox 1494 892 1620 932; x_wconf 91' lang='lat' dir='ltr'><strong>num</strong></span> <span class='ocrx_word' id='word_1_58' title='bbox 1643 875 1874 932; x_wconf 84' lang='lat' dir='ltr'><strong>Junilius</strong></span> 
     </span>
    </p>
   </div>
   <div class='ocr_carea' id='block_1_8' title="bbox 293 968 1871 1048">
    <p class='ocr_par' dir='ltr' id='par_1_8' title="bbox 293 968 1871 1048">
     <span class='ocr_line' id='line_1_8' title="bbox 293 968 1871 1048; baseline -0.006 -16"><span class='ocrx_word' id='word_1_59' title='bbox 293 991 524 1048; x_wconf 85' lang='lat' dir='ltr'><strong>unquam</strong></span> <span class='ocrx_word' id='word_1_60' title='bbox 549 975 708 1028; x_wconf 86' lang='lat' dir='ltr'><strong>fuerit</strong></span> <span class='ocrx_word' id='word_1_61' title='bbox 730 973 976 1036; x_wconf 74' lang='lat' dir='ltr'><strong>antistes,</strong></span> <span class='ocrx_word' id='word_1_62' title='bbox 1009 973 1062 1027; x_wconf 94' lang='lat' dir='ltr'><strong>in</strong></span> <span class='ocrx_word' id='word_1_63' title='bbox 1090 985 1249 1026; x_wconf 87' lang='lat' dir='ltr'><strong>causa</strong></span> <span class='ocrx_word' id='word_1_64' title='bbox 1271 979 1358 1025; x_wconf 87' lang='lat' dir='ltr'><strong>est</strong></span> <span class='ocrx_word' id='word_1_65' title='bbox 1382 968 1871 1039; x_wconf 75' lang='lat' dir='ltr'><strong>ipsemetiunilius.</strong></span> 
     </span>
    </p>
   </div>
   <div class='ocr_carea' id='block_1_9' title="bbox 295 1051 1870 1136">
    <p class='ocr_par' dir='ltr' id='par_1_9' title="bbox 295 1051 1870 1136">
     <span class='ocr_line' id='line_1_9' title="bbox 295 1051 1870 1136; baseline -0.007 -11"><span class='ocrx_word' id='word_1_66' title='bbox 295 1071 424 1125; x_wconf 83' lang='lat' dir='ltr'><strong>Nam</strong></span> <span class='ocrx_word' id='word_1_67' title='bbox 456 1069 508 1123; x_wconf 91' lang='lat' dir='ltr'><strong>in</strong></span> <span class='ocrx_word' id='word_1_68' title='bbox 553 1067 634 1122; x_wconf 88' lang='lat' dir='ltr'><strong>sui</strong></span> <span class='ocrx_word' id='word_1_69' title='bbox 663 1066 840 1136; x_wconf 87' lang='lat' dir='ltr'><strong>operis</strong></span> <span class='ocrx_word' id='word_1_70' title='bbox 872 1051 1182 1135; x_wconf 78' lang='lat' dir='ltr'><strong>praefatione</strong></span> <span class='ocrx_word' id='word_1_71' title='bbox 1223 1062 1541 1118; x_wconf 88' lang='lat' dir='ltr'><strong>Primasium</strong></span> <span class='ocrx_word' id='word_1_72' title='bbox 1572 1061 1870 1131; x_wconf 82' lang='lat' dir='ltr'><strong>alloquens,</strong></span> 
     </span>
    </p>
   </div>
   <div class='ocr_carea' id='block_1_10' title="bbox 295 1151 1878 1226">
    <p class='ocr_par' dir='ltr' id='par_1_10' title="bbox 295 1151 1878 1226">
     <span class='ocr_line' id='line_1_10' title="bbox 295 1151 1878 1226; baseline -0.007 -10"><span class='ocrx_word' id='word_1_73' title='bbox 295 1159 462 1216; x_wconf 82' lang='lat' dir='ltr'><strong>semel</strong></span> <span class='ocrx_word' id='word_1_74' title='bbox 505 1158 807 1226; x_wconf 87' lang='lat' dir='ltr'><strong>iterumque</strong></span> <span class='ocrx_word' id='word_1_75' title='bbox 844 1154 1177 1210; x_wconf 82' lang='lat' dir='ltr'><strong>venerabilem</strong></span> <span class='ocrx_word' id='word_1_76' title='bbox 1209 1152 1418 1207; x_wconf 81' lang='lat' dir='ltr'><strong>Patrem</strong></span> <span class='ocrx_word' id='word_1_77' title='bbox 1459 1151 1775 1223; x_wconf 77' lang='lat' dir='ltr'><strong>compellat,</strong></span> <span class='ocrx_word' id='word_1_78' title='bbox 1804 1152 1878 1212; x_wconf 80' lang='lat' dir='ltr'><strong>si-</strong></span> 
     </span>
    </p>
   </div>
   <div class='ocr_carea' id='block_1_11' title="bbox 296 1244 1874 1318">
    <p class='ocr_par' dir='ltr' id='par_1_11' title="bbox 296 1244 1874 1318">
     <span class='ocr_line' id='line_1_11' title="bbox 296 1244 1874 1318; baseline -0.004 -15"><span class='ocrx_word' id='word_1_79' title='bbox 296 1249 512 1318; x_wconf 90' lang='lat' dir='ltr'><strong>mulque</strong></span> <span class='ocrx_word' id='word_1_80' title='bbox 541 1246 982 1301; x_wconf 55' lang='lat' dir='ltr'><strong>reverendissimos</strong></span> <span class='ocrx_word' id='word_1_81' title='bbox 1013 1245 1275 1316; x_wconf 74' lang='lat' dir='ltr'><strong>episcopos</strong></span> <span class='ocrx_word' id='word_1_82' title='bbox 1305 1244 1422 1313; x_wconf 87' lang='lat' dir='ltr'><strong>ejus</strong></span> <span class='ocrx_word' id='word_1_83' title='bbox 1447 1253 1874 1299; x_wconf 88' lang='lat' dir='ltr'><strong>commemorat:</strong></span> 
     </span>
    </p>
   </div>
   <div class='ocr_carea' id='block_1_12' title="bbox 293 1334 1878 1411">
    <p class='ocr_par' dir='ltr' id='par_1_12' title="bbox 293 1334 1878 1411">
     <span class='ocr_line' id='line_1_12' title="bbox 293 1334 1878 1411; baseline 0.001 -22"><span class='ocrx_word' id='word_1_84' title='bbox 293 1356 396 1409; x_wconf 85' lang='lat' dir='ltr'><strong>qua</strong></span> <span class='ocrx_word' id='word_1_85' title='bbox 443 1339 655 1408; x_wconf 82' lang='lat' dir='ltr'><strong>quidem</strong></span> <span class='ocrx_word' id='word_1_86' title='bbox 707 1337 958 1408; x_wconf 85' lang='lat' dir='ltr'><strong>loquendi</strong></span> <span class='ocrx_word' id='word_1_87' title='bbox 1009 1337 1214 1391; x_wconf 85' lang='lat' dir='ltr'><strong>ratione</strong></span> <span class='ocrx_word' id='word_1_88' title='bbox 1241 1335 1496 1390; x_wconf 83' lang='lat' dir='ltr'><strong>.lunilium</strong></span> <span class='ocrx_word' id='word_1_89' title='bbox 1542 1334 1681 1411; x_wconf 83' lang='lat' dir='ltr'><strong>haud</strong></span> <span class='ocrx_word' id='word_1_90' title='bbox 1724 1349 1878 1393; x_wconf 82' lang='lat' dir='ltr'><strong>usum</strong></span> 
     </span>
    </p>
   </div>
   <div class='ocr_carea' id='block_1_13' title="bbox 293 1425 1880 1498">
    <p class='ocr_par' dir='ltr' id='par_1_13' title="bbox 293 1425 1880 1498">
     <span class='ocr_line' id='line_1_13' title="bbox 293 1425 1880 1498; baseline -0.002 -14"><span class='ocrx_word' id='word_1_91' title='bbox 293 1431 431 1484; x_wconf 83' lang='lat' dir='ltr'><strong>forte</strong></span> <span class='ocrx_word' id='word_1_92' title='bbox 467 1428 631 1484; x_wconf 86' lang='lat' dir='ltr'><strong>fuisse</strong></span> <span class='ocrx_word' id='word_1_93' title='bbox 667 1430 787 1498; x_wconf 87' lang='lat' dir='ltr'><strong>quis</strong></span> <span class='ocrx_word' id='word_1_94' title='bbox 827 1427 1058 1494; x_wconf 84' lang='lat' dir='ltr'><strong>duxerit,</strong></span> <span class='ocrx_word' id='word_1_95' title='bbox 1097 1426 1142 1482; x_wconf 94' lang='lat' dir='ltr'><strong>si</strong></span> <span class='ocrx_word' id='word_1_96' title='bbox 1181 1426 1367 1482; x_wconf 87' lang='lat' dir='ltr'><strong>eadem</strong></span> <span class='ocrx_word' id='word_1_97' title='bbox 1399 1441 1461 1481; x_wconf 90' lang='lat' dir='ltr'><strong>ac</strong></span> <span class='ocrx_word' id='word_1_98' title='bbox 1501 1426 1589 1480; x_wconf 90' lang='lat' dir='ltr'><strong>ille</strong></span> <span class='ocrx_word' id='word_1_99' title='bbox 1621 1425 1880 1495; x_wconf 88' lang='lat' dir='ltr'><strong>dignitate</strong></span> 
     </span>
    </p>
   </div>
   <div class='ocr_carea' id='block_1_14' title="bbox 293 1519 1881 1590">
    <p class='ocr_par' dir='ltr' id='par_1_14' title="bbox 293 1519 1881 1590">
     <span class='ocr_line' id='line_1_14' title="bbox 293 1519 1881 1590; baseline -0.004 -12"><span class='ocrx_word' id='word_1_100' title='bbox 293 1524 484 1578; x_wconf 79' lang='lat' dir='ltr'><strong>fuisset</strong></span> <span class='ocrx_word' id='word_1_101' title='bbox 545 1535 786 1578; x_wconf 89' lang='lat' dir='ltr'><strong>ornatus.</strong></span> <span class='ocrx_word' id='word_1_102' title='bbox 854 1521 1116 1575; x_wconf 64' lang='lat' dir='ltr'><strong>Praeterea</strong></span> <span class='ocrx_word' id='word_1_103' title='bbox 1177 1529 1360 1575; x_wconf 88' lang='lat' dir='ltr'><strong>noster</strong></span> <span class='ocrx_word' id='word_1_104' title='bbox 1425 1527 1611 1574; x_wconf 88' lang='lat' dir='ltr'><strong>auctor</strong></span> <span class='ocrx_word' id='word_1_105' title='bbox 1663 1519 1881 1590; x_wconf 84' lang='lat' dir='ltr'><strong>synodis</strong></span> 
     </span>
    </p>
   </div>
   <div class='ocr_carea' id='block_1_15' title="bbox 293 1601 1882 1680">
    <p class='ocr_par' dir='ltr' id='par_1_15' title="bbox 293 1601 1882 1680">
     <span class='ocr_line' id='line_1_15' title="bbox 293 1601 1882 1680; baseline -0.005 -11"><span class='ocrx_word' id='word_1_106' title='bbox 293 1615 565 1670; x_wconf 80' lang='lat' dir='ltr'><strong>Africanis</strong></span> <span class='ocrx_word' id='word_1_107' title='bbox 607 1613 856 1680; x_wconf 88' lang='lat' dir='ltr'><strong>nuspiam</strong></span> <span class='ocrx_word' id='word_1_108' title='bbox 906 1610 1213 1665; x_wconf 84' lang='lat' dir='ltr'><strong>interfuisse</strong></span> <span class='ocrx_word' id='word_1_109' title='bbox 1263 1609 1598 1679; x_wconf 85' lang='lat' dir='ltr'><strong>perhibetur,</strong></span> <span class='ocrx_word' id='word_1_110' title='bbox 1639 1601 1771 1662; x_wconf 79' lang='lat' dir='ltr'><strong>licet</strong></span> <span class='ocrx_word' id='word_1_111' title='bbox 1817 1622 1882 1661; x_wconf 74' lang='lat' dir='ltr'><strong>ea</strong></span> 
     </span>
    </p>
   </div>
   <div class='ocr_carea' id='block_1_16' title="bbox 297 1697 1886 1774">
    <p class='ocr_par' dir='ltr' id='par_1_16' title="bbox 297 1697 1886 1774">
     <span class='ocr_line' id='line_1_16' title="bbox 297 1697 1886 1774; baseline -0.006 -14"><span class='ocrx_word' id='word_1_112' title='bbox 297 1700 618 1774; x_wconf 81' lang='lat' dir='ltr'><strong>tempestate</strong></span> <span class='ocrx_word' id='word_1_113' title='bbox 657 1706 835 1773; x_wconf 88' lang='lat' dir='ltr'><strong>plures</strong></span> <span class='ocrx_word' id='word_1_114' title='bbox 865 1711 1062 1756; x_wconf 76' lang='lat' dir='ltr'><strong>coacta:</strong></span> <span class='ocrx_word' id='word_1_115' title='bbox 1093 1711 1404 1754; x_wconf 88' lang='lat' dir='ltr'><strong>noscantur.</strong></span> <span class='ocrx_word' id='word_1_116' title='bbox 1435 1699 1630 1754; x_wconf 75' lang='lat' dir='ltr'><strong>Verum</strong></span> <span class='ocrx_word' id='word_1_117' title='bbox 1667 1698 1768 1761; x_wconf 78' lang='lat' dir='ltr'><strong>fac,</strong></span> <span class='ocrx_word' id='word_1_118' title='bbox 1802 1697 1886 1751; x_wconf 89' lang='lat' dir='ltr'><strong>in-</strong></span> 
     </span>
    </p>
   </div>
   <div class='ocr_carea' id='block_1_17' title="bbox 294 1791 1885 1870">
    <p class='ocr_par' dir='ltr' id='par_1_17' title="bbox 294 1791 1885 1870">
     <span class='ocr_line' id='line_1_17' title="bbox 294 1791 1885 1870; baseline -0.006 -16"><span class='ocrx_word' id='word_1_119' title='bbox 294 1800 468 1870; x_wconf 87' lang='lat' dir='ltr'><strong>quies,</strong></span> <span class='ocrx_word' id='word_1_120' title='bbox 495 1813 604 1868; x_wconf 88' lang='lat' dir='ltr'><strong>quo</strong></span> <span class='ocrx_word' id='word_1_121' title='bbox 635 1807 876 1865; x_wconf 82' lang='lat' dir='ltr'><strong>tempore</strong></span> <span class='ocrx_word' id='word_1_122' title='bbox 900 1809 1054 1850; x_wconf 92' lang='lat' dir='ltr'><strong>suum</strong></span> <span class='ocrx_word' id='word_1_123' title='bbox 1085 1794 1298 1862; x_wconf 84' lang='lat' dir='ltr'><strong>scripsit</strong></span> <span class='ocrx_word' id='word_1_124' title='bbox 1329 1791 1643 1861; x_wconf 85' lang='lat' dir='ltr'><strong>opusculum</strong></span> <span class='ocrx_word' id='word_1_125' title='bbox 1678 1806 1885 1844; x_wconf 84' lang='lat' dir='ltr'><strong>nuncu-</strong></span> 
     </span>
    </p>
   </div>
   <div class='ocr_carea' id='block_1_18' title="bbox 1972 599 3553 671">
    <p class='ocr_par' dir='ltr' id='par_1_18' title="bbox 1972 599 3553 671">
     <span class='ocr_line' id='line_1_18' title="bbox 1972 599 3553 671; baseline -0.004 -11"><span class='ocrx_word' id='word_1_126' title='bbox 1972 620 2039 659; x_wconf 88' lang='lat' dir='ltr'><strong>na</strong></span> <span class='ocrx_word' id='word_1_127' title='bbox 2067 602 2316 668; x_wconf 88' lang='lat' dir='ltr'><strong>concilia,</strong></span> <span class='ocrx_word' id='word_1_128' title='bbox 2351 600 2693 671; x_wconf 88' lang='lat' dir='ltr'><strong>llipponense</strong></span> <span class='ocrx_word' id='word_1_129' title='bbox 2719 599 2967 655; x_wconf 91' lang='lat' dir='ltr'><strong>nimirum</strong></span> <span class='ocrx_word' id='word_1_130' title='bbox 2983 615 3126 656; x_wconf 88' lang='lat' dir='ltr'><strong>anno</strong></span> <span class='ocrx_word' id='word_1_131' title='bbox 3156 601 3261 657; x_wconf 77' lang='grc'><strong>595</strong></span> <span class='ocrx_word' id='word_1_132' title='bbox 3285 609 3553 666; x_wconf 90' lang='lat' dir='ltr'><strong>coactum,</strong></span> 
     </span>
    </p>
   </div>
   <div class='ocr_carea' id='block_1_19' title="bbox 1973 691 3557 762">
    <p class='ocr_par' dir='ltr' id='par_1_19' title="bbox 1973 691 3557 762">
     <span class='ocr_line' id='line_1_19' title="bbox 1973 691 3557 762; baseline -0.004 -10"><span class='ocrx_word' id='word_1_133' title='bbox 1973 711 2094 752; x_wconf 80' lang='lat' dir='ltr'><strong>can.</strong></span> <span class='ocrx_word' id='word_1_134' title='bbox 2117 694 2210 760; x_wconf 76' lang='lat'><strong>38,</strong></span> <span class='ocrx_word' id='word_1_135' title='bbox 2231 692 2750 762; x_wconf 64' lang='lat' dir='ltr'><strong>«Carthaginiense</strong></span> <span class='ocrx_word' id='word_1_136' title='bbox 2770 707 2850 762; x_wconf 91' lang='grc' dir='ltr'>ιιι,</span> <span class='ocrx_word' id='word_1_137' title='bbox 2866 706 3007 747; x_wconf 88' lang='lat' dir='ltr'><strong>anno</strong></span> <span class='ocrx_word' id='word_1_138' title='bbox 3021 692 3131 748; x_wconf 72' lang='grc'><strong>597</strong></span> <span class='ocrx_word' id='word_1_139' title='bbox 3153 691 3415 760; x_wconf 89' lang='lat' dir='ltr'><strong>habitum,</strong></span> <span class='ocrx_word' id='word_1_140' title='bbox 3431 707 3557 747; x_wconf 87' lang='lat' dir='ltr'><strong>can.</strong></span> 
     </span>
    </p>
   </div>
   <div class='ocr_carea' id='block_1_20' title="bbox 1972 785 3562 862">
    <p class='ocr_par' dir='ltr' id='par_1_20' title="bbox 1972 785 3562 862">
     <span class='ocr_line' id='line_1_20' title="bbox 1972 785 3562 862; baseline 0 -22"><span class='ocrx_word' id='word_1_141' title='bbox 1972 785 2072 854; x_wconf 74' lang='lat'><strong>47;</strong></span> <span class='ocrx_word' id='word_1_142' title='bbox 2105 796 2216 842; x_wconf 90' lang='lat' dir='ltr'><strong>tum</strong></span> <span class='ocrx_word' id='word_1_143' title='bbox 2243 801 2373 841; x_wconf 88' lang='lat' dir='ltr'><strong>vero</strong></span> <span class='ocrx_word' id='word_1_144' title='bbox 2415 785 2678 862; x_wconf 89' lang='lat' dir='ltr'><strong>imprimis</strong></span> <span class='ocrx_word' id='word_1_145' title='bbox 2723 785 2849 857; x_wconf 88' lang='lat' dir='ltr'><strong>quid</strong></span> <span class='ocrx_word' id='word_1_146' title='bbox 2898 800 2969 841; x_wconf 79' lang='lat' dir='ltr'><strong>ex</strong></span> <span class='ocrx_word' id='word_1_147' title='bbox 3010 785 3263 842; x_wconf 74' lang='lat' dir='ltr'><strong>Ecclesia:</strong></span> <span class='ocrx_word' id='word_1_148' title='bbox 3295 787 3562 841; x_wconf 83' lang='lat' dir='ltr'><strong>sententia</strong></span> 
     </span>
    </p>
   </div>
   <div class='ocr_carea' id='block_1_21' title="bbox 1974 862 3563 954">
    <p class='ocr_par' dir='ltr' id='par_1_21' title="bbox 1974 862 3563 954">
     <span class='ocr_line' id='line_1_21' title="bbox 1974 862 3563 954; baseline 0.001 -20"><span class='ocrx_word' id='word_1_149' title='bbox 1974 878 2216 936; x_wconf 85' lang='lat' dir='ltr'><strong>docuerit</strong></span> <span class='ocrx_word' id='word_1_150' title='bbox 2243 862 2834 954; x_wconf 33' lang='lat' dir='ltr'><strong>sanctus-Augustinus,</strong></span> <span class='ocrx_word' id='word_1_151' title='bbox 2875 880 2962 949; x_wconf 90' lang='lat' dir='ltr'><strong>qui</strong></span> <span class='ocrx_word' id='word_1_152' title='bbox 2989 879 3408 950; x_wconf 87' lang='lat' dir='ltr'><strong>praecedentium</strong></span> <span class='ocrx_word' id='word_1_153' title='bbox 3431 894 3563 936; x_wconf 86' lang='lat' dir='ltr'><strong>con-</strong></span> 
     </span>
    </p>
   </div>
   <div class='ocr_carea' id='block_1_22' title="bbox 1975 972 3602 1043">
    <p class='ocr_par' dir='ltr' id='par_1_22' title="bbox 1975 972 3602 1043">
     <span class='ocr_line' id='line_1_22' title="bbox 1975 972 3602 1043; baseline -0.001 -15"><span class='ocrx_word' id='word_1_154' title='bbox 1975 973 2221 1029; x_wconf 87' lang='lat' dir='ltr'><strong>ciliorum</strong></span> <span class='ocrx_word' id='word_1_155' title='bbox 2248 980 2448 1028; x_wconf 81' lang='lat' dir='ltr'><strong>statuta</strong></span> <span class='ocrx_word' id='word_1_156' title='bbox 2477 980 2752 1027; x_wconf 84' lang='lat' dir='ltr'><strong>contracta</strong></span> <span class='ocrx_word' id='word_1_157' title='bbox 2771 972 3023 1028; x_wconf 77' lang='lat' dir='ltr'><strong>exhibuit</strong></span> <span class='ocrx_word' id='word_1_158' title='bbox 3052 972 3154 1043; x_wconf 87' lang='lat' dir='ltr'><strong>(j).</strong></span> <span class='ocrx_word' id='word_1_159' title='bbox 3202 972 3315 1027; x_wconf 80' lang='lat' dir='ltr'><strong>Nec</strong></span> <span class='ocrx_word' id='word_1_160' title='bbox 3359 972 3560 1028; x_wconf 85' lang='lat' dir='ltr'><strong>Junilio</strong></span> <span class='ocrx_word' id='word_1_161' title='bbox 3599 995 3602 1000; x_wconf 86' lang='grc'><strong><em>-</em></strong></span> 
     </span>
    </p>
   </div>
   <div class='ocr_carea' id='block_1_23' title="bbox 1973 1061 3564 1136">
    <p class='ocr_par' dir='ltr' id='par_1_23' title="bbox 1973 1061 3564 1136">
     <span class='ocr_line' id='line_1_23' title="bbox 1973 1061 3564 1136; baseline -0.002 -15"><span class='ocrx_word' id='word_1_162' title='bbox 1973 1067 2146 1136; x_wconf 81' lang='lat' dir='ltr'><strong>parcit</strong></span> <span class='ocrx_word' id='word_1_163' title='bbox 2176 1064 2516 1120; x_wconf 73' lang='lat' dir='ltr'><strong>Martianccus</strong></span> <span class='ocrx_word' id='word_1_164' title='bbox 2560 1064 2612 1117; x_wconf 93' lang='lat' dir='ltr'><strong>in</strong></span> <span class='ocrx_word' id='word_1_165' title='bbox 2667 1062 2879 1117; x_wconf 89' lang='lat' dir='ltr'><strong>erudito</strong></span> <span class='ocrx_word' id='word_1_166' title='bbox 2906 1061 3156 1118; x_wconf 90' lang='lat' dir='ltr'><strong>Tractatu</strong></span> <span class='ocrx_word' id='word_1_167' title='bbox 3203 1061 3462 1118; x_wconf 69' lang='lat' dir='ltr'><strong>i-istorico</strong></span> <span class='ocrx_word' id='word_1_168' title='bbox 3494 1063 3564 1118; x_wconf 90' lang='lat' dir='ltr'><strong>de</strong></span> 
     </span>
    </p>
   </div>
   <div class='ocr_carea' id='block_1_24' title="bbox 1973 1154 3564 1223">
    <p class='ocr_par' dir='ltr' id='par_1_24' title="bbox 1973 1154 3564 1223">
     <span class='ocr_line' id='line_1_24' title="bbox 1973 1154 3564 1223; baseline -0.003 -10"><span class='ocrx_word' id='word_1_169' title='bbox 1973 1157 2192 1213; x_wconf 69' lang='lat' dir='ltr'><strong>Canone</strong></span> <span class='ocrx_word' id='word_1_170' title='bbox 2204 1156 2459 1216; x_wconf 74' lang='lat' dir='ltr'><strong>libr-orum</strong></span> <span class='ocrx_word' id='word_1_171' title='bbox 2473 1169 2640 1210; x_wconf 63' lang='lat' dir='ltr'><strong>sacras</strong></span> <span class='ocrx_word' id='word_1_172' title='bbox 2654 1154 3172 1223; x_wconf 74' lang='lat' dir='ltr'><strong>Scripturaa,Gallice</strong></span> <span class='ocrx_word' id='word_1_173' title='bbox 3186 1154 3404 1210; x_wconf 86' lang='lat' dir='ltr'><strong>Parisiis</strong></span> <span class='ocrx_word' id='word_1_174' title='bbox 3418 1155 3564 1210; x_wconf 81' lang='lat' dir='ltr'><strong>evul-</strong></span> 
     </span>
    </p>
   </div>
   <div class='ocr_carea' id='block_1_25' title="bbox 1979 1245 3562 1319">
    <p class='ocr_par' dir='ltr' id='par_1_25' title="bbox 1979 1245 3562 1319">
     <span class='ocr_line' id='line_1_25' title="bbox 1979 1245 3562 1319; baseline 0 -17"><span class='ocrx_word' id='word_1_175' title='bbox 1979 1257 2101 1319; x_wconf 85' lang='lat' dir='ltr'><strong>gate</strong></span> <span class='ocrx_word' id='word_1_176' title='bbox 2118 1246 2409 1303; x_wconf 63' lang='lat' dir='ltr'><strong>annoi&#39;IOl</strong></span> <span class='ocrx_word' id='word_1_177' title='bbox 2427 1245 2520 1318; x_wconf 72' lang='lat' dir='ltr'><strong>(is),</strong></span> <span class='ocrx_word' id='word_1_178' title='bbox 2537 1247 2700 1317; x_wconf 86' lang='lat' dir='ltr'><strong>digno</strong></span> <span class='ocrx_word' id='word_1_179' title='bbox 2715 1246 2870 1316; x_wconf 86' lang='lat' dir='ltr'><strong>plane</strong></span> <span class='ocrx_word' id='word_1_180' title='bbox 2882 1247 2974 1316; x_wconf 90' lang='lat' dir='ltr'><strong>qui</strong></span> <span class='ocrx_word' id='word_1_181' title='bbox 2997 1254 3246 1302; x_wconf 79' lang='lat' dir='ltr'><strong>accurate</strong></span> <span class='ocrx_word' id='word_1_182' title='bbox 3261 1247 3562 1303; x_wconf 84' lang='lat' dir='ltr'><strong>evolvatur.</strong></span> 
     </span>
    </p>
   </div>
   <div class='ocr_carea' id='block_1_26' title="bbox 2049 1335 3560 1414">
    <p class='ocr_par' dir='ltr' id='par_1_26' title="bbox 2049 1335 3560 1414">
     <span class='ocr_line' id='line_1_26' title="bbox 2049 1335 3560 1414; baseline -0.001 -20"><span class='ocrx_word' id='word_1_183' title='bbox 2049 1337 2140 1394; x_wconf 80' lang='lat' dir='ltr'><strong>ill.</strong></span> <span class='ocrx_word' id='word_1_184' title='bbox 2198 1340 2463 1397; x_wconf 60' lang='lat' dir='ltr'><strong>Caeterum</strong></span> <span class='ocrx_word' id='word_1_185' title='bbox 2503 1336 2842 1414; x_wconf 54' lang='lat' dir='ltr'><strong>anguium-ris</strong></span> <span class='ocrx_word' id='word_1_186' title='bbox 2894 1335 3166 1414; x_wconf 84' lang='lat' dir='ltr'><strong>Anglutn,</strong></span> <span class='ocrx_word' id='word_1_187' title='bbox 3221 1337 3560 1394; x_wconf 91' lang='lat' dir='ltr'><strong>Leonardum</strong></span> 
     </span>
    </p>
   </div>
   <div class='ocr_carea' id='block_1_27' title="bbox 1982 1413 3565 1499">
    <p class='ocr_par' dir='ltr' id='par_1_27' title="bbox 1982 1413 3565 1499">
     <span class='ocr_line' id='line_1_27' title="bbox 1982 1413 3565 1499; baseline -0.003 -13"><span class='ocrx_word' id='word_1_188' title='bbox 1982 1430 2273 1486; x_wconf 83' lang='lat' dir='ltr'><strong>Twelsium</strong></span> <span class='ocrx_word' id='word_1_189' title='bbox 2307 1439 2497 1484; x_wconf 89' lang='lat' dir='ltr'><strong>nactus</strong></span> <span class='ocrx_word' id='word_1_190' title='bbox 2522 1437 2607 1484; x_wconf 87' lang='lat' dir='ltr'><strong>est</strong></span> <span class='ocrx_word' id='word_1_191' title='bbox 2655 1413 2852 1499; x_wconf 76' lang='lat' dir='ltr'><strong>pra-sul</strong></span> <span class='ocrx_word' id='word_1_192' title='bbox 2893 1428 2980 1482; x_wconf 91' lang='lat' dir='ltr'><strong>hic</strong></span> <span class='ocrx_word' id='word_1_193' title='bbox 3011 1413 3311 1484; x_wconf 84' lang='lat' dir='ltr'><strong>Africanus.</strong></span> <span class='ocrx_word' id='word_1_194' title='bbox 3343 1429 3395 1483; x_wconf 91' lang='lat' dir='ltr'><strong>ls</strong></span> <span class='ocrx_word' id='word_1_195' title='bbox 3423 1430 3565 1484; x_wconf 91' lang='lat' dir='ltr'><strong>enim</strong></span> 
     </span>
    </p>
   </div>
   <div class='ocr_carea' id='block_1_28' title="bbox 1984 1521 3570 1591">
    <p class='ocr_par' dir='ltr' id='par_1_28' title="bbox 1984 1521 3570 1591">
     <span class='ocr_line' id='line_1_28' title="bbox 1984 1521 3570 1591; baseline -0.002 -13"><span class='ocrx_word' id='word_1_196' title='bbox 1984 1523 2258 1578; x_wconf 84' lang='lat' dir='ltr'><strong>Vindicias</strong></span> <span class='ocrx_word' id='word_1_197' title='bbox 2283 1522 2560 1580; x_wconf 77' lang='lat' dir='ltr'><strong>instruens</strong></span> <span class='ocrx_word' id='word_1_198' title='bbox 2587 1521 2781 1576; x_wconf 84' lang='lat' dir='ltr'><strong>divinae</strong></span> <span class='ocrx_word' id='word_1_199' title='bbox 2808 1521 3140 1575; x_wconf 80' lang='lat' dir='ltr'><strong>auctoritatis</strong></span> <span class='ocrx_word' id='word_1_200' title='bbox 3172 1521 3570 1591; x_wconf 81' lang='lat' dir='ltr'><strong>Apocalypseos</strong></span> 
     </span>
    </p>
   </div>
   <div class='ocr_carea' id='block_1_29' title="bbox 1985 1611 3570 1682">
    <p class='ocr_par' dir='ltr' id='par_1_29' title="bbox 1985 1611 3570 1682">
     <span class='ocr_line' id='line_1_29' title="bbox 1985 1611 3570 1682; baseline -0.001 -14"><span class='ocrx_word' id='word_1_201' title='bbox 1985 1612 2245 1669; x_wconf 77' lang='lat' dir='ltr'><strong>adversus</strong></span> <span class='ocrx_word' id='word_1_202' title='bbox 2299 1627 2624 1682; x_wconf 77' lang='lat' dir='ltr'><strong>anonymum</strong></span> <span class='ocrx_word' id='word_1_203' title='bbox 2662 1621 2936 1667; x_wconf 88' lang='lat' dir='ltr'><strong>auctorem</strong></span> <span class='ocrx_word' id='word_1_204' title='bbox 2969 1611 3373 1666; x_wconf 88' lang='lat' dir='ltr'><strong>Dissertationis</strong></span> <span class='ocrx_word' id='word_1_205' title='bbox 3403 1611 3570 1666; x_wconf 78' lang='lat' dir='ltr'><strong>histo-</strong></span> 
     </span>
    </p>
   </div>
   <div class='ocr_carea' id='block_1_30' title="bbox 1986 1702 3569 1774">
    <p class='ocr_par' dir='ltr' id='par_1_30' title="bbox 1986 1702 3569 1774">
     <span class='ocr_line' id='line_1_30' title="bbox 1986 1702 3569 1774; baseline -0.003 -14"><span class='ocrx_word' id='word_1_206' title='bbox 1986 1705 2112 1760; x_wconf 58' lang='lat' dir='ltr'><strong>ricas</strong></span> <span class='ocrx_word' id='word_1_207' title='bbox 2132 1715 2187 1760; x_wconf 90' lang='lat' dir='ltr'><strong>et</strong></span> <span class='ocrx_word' id='word_1_208' title='bbox 2215 1704 2415 1759; x_wconf 70' lang='lat' dir='ltr'><strong>critica:</strong></span> <span class='ocrx_word' id='word_1_209' title='bbox 2443 1703 2509 1759; x_wconf 89' lang='lat' dir='ltr'><strong>de</strong></span> <span class='ocrx_word' id='word_1_210' title='bbox 2540 1702 2887 1774; x_wconf 81' lang='lat' dir='ltr'><strong>Apocalypsi,</strong></span> <span class='ocrx_word' id='word_1_211' title='bbox 2911 1703 2999 1773; x_wconf 90' lang='lat' dir='ltr'><strong>qui</strong></span> <span class='ocrx_word' id='word_1_212' title='bbox 3024 1717 3150 1758; x_wconf 91' lang='lat' dir='ltr'><strong>suas</strong></span> <span class='ocrx_word' id='word_1_213' title='bbox 3179 1703 3230 1758; x_wconf 91' lang='lat' dir='ltr'><strong>in</strong></span> <span class='ocrx_word' id='word_1_214' title='bbox 3259 1711 3436 1773; x_wconf 87' lang='lat' dir='ltr'><strong>partes</strong></span> <span class='ocrx_word' id='word_1_215' title='bbox 3459 1712 3569 1758; x_wconf 88' lang='lat' dir='ltr'><strong>tra-</strong></span> 
     </span>
    </p>
   </div>
   <div class='ocr_carea' id='block_1_31' title="bbox 1991 1797 3562 1867">
    <p class='ocr_par' dir='ltr' id='par_1_31' title="bbox 1991 1797 3562 1867">
     <span class='ocr_line' id='line_1_31' title="bbox 1991 1797 3562 1867; baseline -0.001 -14"><span class='ocrx_word' id='word_1_216' title='bbox 1991 1809 2142 1855; x_wconf 87' lang='lat' dir='ltr'><strong>xerat</strong></span> <span class='ocrx_word' id='word_1_217' title='bbox 2167 1799 2423 1854; x_wconf 86' lang='lat' dir='ltr'><strong>.lunilium</strong></span> <span class='ocrx_word' id='word_1_218' title='bbox 2461 1815 2474 1852; x_wconf 90' lang='lat'>:</span> <span class='ocrx_word' id='word_1_219' title='bbox 2507 1816 2524 1849; x_wconf 82' lang='grc' dir='ltr'><strong>ι</strong></span> <span class='ocrx_word' id='word_1_220' title='bbox 2561 1798 2714 1853; x_wconf 89' lang='lat' dir='ltr'><strong>Scire</strong></span> <span class='ocrx_word' id='word_1_221' title='bbox 2749 1797 3064 1852; x_wconf 85' lang='lat' dir='ltr'><strong>dissertator</strong></span> <span class='ocrx_word' id='word_1_222' title='bbox 3087 1797 3337 1864; x_wconf 84' lang='lat' dir='ltr'><strong>debebat,</strong></span> <span class='ocrx_word' id='word_1_223' title='bbox 3367 1797 3562 1867; x_wconf 88' lang='lat' dir='ltr'><strong>inquit,</strong></span> 
     </span>
    </p>
   </div>
   <div class='ocr_carea' id='block_1_32' title="bbox 294 1884 3565 1969">
    <p class='ocr_par' dir='ltr' id='par_1_32' title="bbox 294 1884 3565 1969">
     <span class='ocr_line' id='line_1_32' title="bbox 294 1884 3565 1969; baseline -0.002 -22"><span class='ocrx_word' id='word_1_224' title='bbox 294 1891 549 1960; x_wconf 85' lang='lat' dir='ltr'><strong>pavitque</strong></span> <span class='ocrx_word' id='word_1_225' title='bbox 582 1889 868 1953; x_wconf 82' lang='lat' dir='ltr'><strong>PrimasiO,</strong></span> <span class='ocrx_word' id='word_1_226' title='bbox 907 1902 1010 1940; x_wconf 86' lang='lat' dir='ltr'><strong>non</strong></span> <span class='ocrx_word' id='word_1_227' title='bbox 1051 1884 1210 1940; x_wconf 76' lang='lat' dir='ltr'><strong>fuerit</strong></span> <span class='ocrx_word' id='word_1_228' title='bbox 1244 1885 1561 1954; x_wconf 80' lang='lat' dir='ltr'><strong>episcopus;</strong></span> <span class='ocrx_word' id='word_1_229' title='bbox 1599 1884 1724 1954; x_wconf 79' lang='lat' dir='ltr'><strong>quid</strong></span> <span class='ocrx_word' id='word_1_230' title='bbox 1756 1899 1883 1939; x_wconf 72' lang='lat' dir='ltr'><strong>vero</strong></span> <span class='ocrx_word' id='word_1_231' title='bbox 1920 1913 1960 1969; x_wconf 59' lang='grc' dir='ltr'><strong>ιι</strong></span> <span class='ocrx_word' id='word_1_232' title='bbox 1988 1890 2246 1946; x_wconf 83' lang='lat' dir='ltr'><strong>.lunilium</strong></span> <span class='ocrx_word' id='word_1_233' title='bbox 2295 1891 2345 1943; x_wconf 89' lang='lat' dir='ltr'><strong>in</strong></span> <span class='ocrx_word' id='word_1_234' title='bbox 2375 1889 2513 1944; x_wconf 87' lang='lat' dir='ltr'><strong>libro</strong></span> <span class='ocrx_word' id='word_1_235' title='bbox 2538 1903 2636 1944; x_wconf 92' lang='lat' dir='ltr'><strong>suo</strong></span> <span class='ocrx_word' id='word_1_236' title='bbox 2664 1904 2769 1942; x_wconf 89' lang='lat' dir='ltr'><strong>non</strong></span> <span class='ocrx_word' id='word_1_237' title='bbox 2818 1902 2963 1954; x_wconf 88' lang='lat' dir='ltr'><strong>suas,</strong></span> <span class='ocrx_word' id='word_1_238' title='bbox 2989 1888 3082 1943; x_wconf 89' lang='lat' dir='ltr'><strong>sed</strong></span> <span class='ocrx_word' id='word_1_239' title='bbox 3109 1889 3261 1942; x_wconf 88' lang='lat' dir='ltr'><strong>Pauli</strong></span> <span class='ocrx_word' id='word_1_240' title='bbox 3288 1888 3565 1958; x_wconf 79' lang='lat' dir='ltr'><strong>cujusdam</strong></span> 
     </span>
    </p>
   </div>
   <div class='ocr_carea' id='block_1_33' title="bbox 296 1974 1888 2050">
    <p class='ocr_par' dir='ltr' id='par_1_33' title="bbox 296 1974 1888 2050">
     <span class='ocr_line' id='line_1_33' title="bbox 296 1974 1888 2050; baseline -0.003 -16"><span class='ocrx_word' id='word_1_241' title='bbox 296 1980 548 2050; x_wconf 82' lang='lat' dir='ltr'><strong>prohibet</strong></span> <span class='ocrx_word' id='word_1_242' title='bbox 577 1980 703 2049; x_wconf 90' lang='lat' dir='ltr'><strong>quin</strong></span> <span class='ocrx_word' id='word_1_243' title='bbox 734 1979 800 2032; x_wconf 87' lang='lat' dir='ltr'><strong>ad</strong></span> <span class='ocrx_word' id='word_1_244' title='bbox 838 1978 977 2032; x_wconf 89' lang='lat' dir='ltr'><strong>hanc</strong></span> <span class='ocrx_word' id='word_1_245' title='bbox 1012 1976 1322 2046; x_wconf 86' lang='lat' dir='ltr'><strong>dignitatem</strong></span> <span class='ocrx_word' id='word_1_246' title='bbox 1357 1976 1698 2046; x_wconf 86' lang='lat' dir='ltr'><strong>postmodum</strong></span> <span class='ocrx_word' id='word_1_247' title='bbox 1729 1974 1888 2031; x_wconf 86' lang='lat' dir='ltr'><strong>fuerit</strong></span> 
     </span>
    </p>
   </div>
   <div class='ocr_carea' id='block_1_34' title="bbox 294 2066 1889 2137">
    <p class='ocr_par' dir='ltr' id='par_1_34' title="bbox 294 2066 1889 2137">
     <span class='ocr_line' id='line_1_34' title="bbox 294 2066 1889 2137; baseline -0.003 -11"><span class='ocrx_word' id='word_1_248' title='bbox 294 2069 556 2126; x_wconf 85' lang='lat' dir='ltr'><strong>evectus?</strong></span> <span class='ocrx_word' id='word_1_249' title='bbox 602 2070 737 2136; x_wconf 81' lang='lat' dir='ltr'><strong>Quid</strong></span> <span class='ocrx_word' id='word_1_250' title='bbox 786 2069 832 2122; x_wconf 90' lang='lat' dir='ltr'><strong>si</strong></span> <span class='ocrx_word' id='word_1_251' title='bbox 876 2067 1083 2122; x_wconf 84' lang='lat' dir='ltr'><strong>Patrem</strong></span> <span class='ocrx_word' id='word_1_252' title='bbox 1133 2067 1418 2137; x_wconf 81' lang='lat' dir='ltr'><strong>appellavit</strong></span> <span class='ocrx_word' id='word_1_253' title='bbox 1464 2066 1778 2122; x_wconf 88' lang='lat' dir='ltr'><strong>Primasium</strong></span> <span class='ocrx_word' id='word_1_254' title='bbox 1821 2068 1889 2122; x_wconf 89' lang='lat' dir='ltr'><strong>ob</strong></span> 
     </span>
    </p>
   </div>
   <div class='ocr_carea' id='block_1_35' title="bbox 294 2158 1889 2228">
    <p class='ocr_par' dir='ltr' id='par_1_35' title="bbox 294 2158 1889 2228">
     <span class='ocr_line' id='line_1_35' title="bbox 294 2158 1889 2228; baseline -0.001 -12"><span class='ocrx_word' id='word_1_255' title='bbox 294 2159 659 2216; x_wconf 74' lang='lat' dir='ltr'><strong>venerandam</strong></span> <span class='ocrx_word' id='word_1_256' title='bbox 691 2159 964 2225; x_wconf 85' lang='lat' dir='ltr'><strong>canitiem,</strong></span> <span class='ocrx_word' id='word_1_257' title='bbox 992 2158 1216 2227; x_wconf 86' lang='lat' dir='ltr'><strong>ipsemet</strong></span> <span class='ocrx_word' id='word_1_258' title='bbox 1245 2166 1401 2213; x_wconf 73' lang='lat' dir='ltr'><strong>:etate</strong></span> <span class='ocrx_word' id='word_1_259' title='bbox 1431 2159 1631 2228; x_wconf 88' lang='lat' dir='ltr'><strong>pariter</strong></span> <span class='ocrx_word' id='word_1_260' title='bbox 1653 2173 1716 2212; x_wconf 90' lang='lat' dir='ltr'><strong>ac</strong></span> <span class='ocrx_word' id='word_1_261' title='bbox 1743 2158 1889 2214; x_wconf 87' lang='lat' dir='ltr'><strong>sedis</strong></span> 
     </span>
    </p>
   </div>
   <div class='ocr_carea' id='block_1_36' title="bbox 294 2250 1889 2321">
    <p class='ocr_par' dir='ltr' id='par_1_36' title="bbox 294 2250 1889 2321">
     <span class='ocr_line' id='line_1_36' title="bbox 294 2250 1889 2321; baseline -0.001 -15"><span class='ocrx_word' id='word_1_262' title='bbox 294 2251 652 2321; x_wconf 79' lang='lat' dir='ltr'><strong>acquisitione</strong></span> <span class='ocrx_word' id='word_1_263' title='bbox 676 2250 894 2320; x_wconf 85' lang='lat' dir='ltr'><strong>junior?</strong></span> <span class='ocrx_word' id='word_1_264' title='bbox 941 2250 1077 2317; x_wconf 82' lang='lat' dir='ltr'><strong>Quid</strong></span> <span class='ocrx_word' id='word_1_265' title='bbox 1121 2264 1282 2319; x_wconf 81' lang='lat' dir='ltr'><strong>porro</strong></span> <span class='ocrx_word' id='word_1_266' title='bbox 1323 2251 1367 2305; x_wconf 93' lang='lat' dir='ltr'><strong>si</strong></span> <span class='ocrx_word' id='word_1_267' title='bbox 1410 2250 1677 2305; x_wconf 89' lang='lat' dir='ltr'><strong>nonnullis</strong></span> <span class='ocrx_word' id='word_1_268' title='bbox 1706 2253 1889 2306; x_wconf 86' lang='lat' dir='ltr'><strong>conci-</strong></span> 
     </span>
    </p>
   </div>
   <div class='ocr_carea' id='block_1_37' title="bbox 297 2340 1892 2398">
    <p class='ocr_par' dir='ltr' id='par_1_37' title="bbox 297 2340 1892 2398">
     <span class='ocr_line' id='line_1_37' title="bbox 297 2340 1892 2398; baseline -0.001 -2"><span class='ocrx_word' id='word_1_269' title='bbox 297 2342 386 2398; x_wconf 83' lang='lat' dir='ltr'><strong>liis</strong></span> <span class='ocrx_word' id='word_1_270' title='bbox 412 2341 683 2397; x_wconf 83' lang='lat' dir='ltr'><strong>Africanis</strong></span> <span class='ocrx_word' id='word_1_271' title='bbox 721 2341 906 2396; x_wconf 87' lang='lat' dir='ltr'><strong>.lunilii</strong></span> <span class='ocrx_word' id='word_1_272' title='bbox 950 2356 1142 2395; x_wconf 86' lang='lat' dir='ltr'><strong>nomen</strong></span> <span class='ocrx_word' id='word_1_273' title='bbox 1189 2355 1293 2394; x_wconf 92' lang='lat' dir='ltr'><strong>non</strong></span> <span class='ocrx_word' id='word_1_274' title='bbox 1343 2340 1612 2395; x_wconf 82' lang='lat' dir='ltr'><strong>invenitur</strong></span> <span class='ocrx_word' id='word_1_275' title='bbox 1655 2341 1892 2396; x_wconf 85' lang='lat' dir='ltr'><strong>subscri-</strong></span> 
     </span>
    </p>
   </div>
   <div class='ocr_carea' id='block_1_38' title="bbox 299 2433 1891 2504">
    <p class='ocr_par' dir='ltr' id='par_1_38' title="bbox 299 2433 1891 2504">
     <span class='ocr_line' id='line_1_38' title="bbox 299 2433 1891 2504; baseline 0.001 -16"><span class='ocrx_word' id='word_1_276' title='bbox 299 2442 473 2504; x_wconf 83' lang='lat' dir='ltr'><strong>ptum,</strong></span> <span class='ocrx_word' id='word_1_277' title='bbox 521 2442 614 2488; x_wconf 86' lang='lat' dir='ltr'><strong>aut</strong></span> <span class='ocrx_word' id='word_1_278' title='bbox 663 2433 978 2504; x_wconf 64' lang='lat' dir='ltr'><strong>aegritudine</strong></span> <span class='ocrx_word' id='word_1_279' title='bbox 1025 2443 1114 2488; x_wconf 89' lang='lat' dir='ltr'><strong>aut</strong></span> <span class='ocrx_word' id='word_1_280' title='bbox 1161 2433 1306 2502; x_wconf 84' lang='lat' dir='ltr'><strong>gravi</strong></span> <span class='ocrx_word' id='word_1_281' title='bbox 1352 2434 1458 2488; x_wconf 83' lang='lat' dir='ltr'><strong>alio</strong></span> <span class='ocrx_word' id='word_1_282' title='bbox 1509 2434 1891 2502; x_wconf 87' lang='lat' dir='ltr'><strong>impedimento</strong></span> 
     </span>
    </p>
   </div>
   <div class='ocr_carea' id='block_1_39' title="bbox 299 2526 1888 2594">
    <p class='ocr_par' dir='ltr' id='par_1_39' title="bbox 299 2526 1888 2594">
     <span class='ocr_line' id='line_1_39' title="bbox 299 2526 1888 2594; baseline -0.001 -10"><span class='ocrx_word' id='word_1_283' title='bbox 299 2528 556 2584; x_wconf 78' lang='lat' dir='ltr'><strong>detenti?</strong></span> <span class='ocrx_word' id='word_1_284' title='bbox 622 2528 715 2582; x_wconf 81' lang='lat' dir='ltr'><strong>liis</strong></span> <span class='ocrx_word' id='word_1_285' title='bbox 800 2526 1010 2582; x_wconf 89' lang='lat' dir='ltr'><strong>accedit</strong></span> <span class='ocrx_word' id='word_1_286' title='bbox 1075 2527 1320 2582; x_wconf 85' lang='lat' dir='ltr'><strong>codicum</strong></span> <span class='ocrx_word' id='word_1_287' title='bbox 1379 2541 1511 2582; x_wconf 89' lang='lat' dir='ltr'><strong>mss.</strong></span> <span class='ocrx_word' id='word_1_288' title='bbox 1566 2526 1888 2594; x_wconf 87' lang='lat' dir='ltr'><strong>anetoritas,</strong></span> 
     </span>
    </p>
   </div>
   <div class='ocr_carea' id='block_1_40' title="bbox 301 2617 1890 2690">
    <p class='ocr_par' dir='ltr' id='par_1_40' title="bbox 301 2617 1890 2690">
     <span class='ocr_line' id='line_1_40' title="bbox 301 2617 1890 2690; baseline 0.001 -16"><span class='ocrx_word' id='word_1_289' title='bbox 301 2619 354 2674; x_wconf 91' lang='lat' dir='ltr'><strong>in</strong></span> <span class='ocrx_word' id='word_1_290' title='bbox 419 2619 612 2689; x_wconf 89' lang='lat' dir='ltr'><strong>quibus</strong></span> <span class='ocrx_word' id='word_1_291' title='bbox 685 2634 779 2688; x_wconf 80' lang='lat' dir='ltr'><strong>par</strong></span> <span class='ocrx_word' id='word_1_292' title='bbox 844 2627 928 2672; x_wconf 87' lang='lat' dir='ltr'><strong>est</strong></span> <span class='ocrx_word' id='word_1_293' title='bbox 985 2619 1206 2674; x_wconf 87' lang='lat' dir='ltr'><strong>credere</strong></span> <span class='ocrx_word' id='word_1_294' title='bbox 1269 2617 1450 2673; x_wconf 87' lang='lat' dir='ltr'><strong>.lunihi</strong></span> <span class='ocrx_word' id='word_1_295' title='bbox 1513 2619 1679 2674; x_wconf 82' lang='lat' dir='ltr'><strong>neSIri</strong></span> <span class='ocrx_word' id='word_1_296' title='bbox 1740 2621 1890 2690; x_wconf 85' lang='lat' dir='ltr'><strong>operi</strong></span> 
     </span>
    </p>
   </div>
   <div class='ocr_carea' id='block_1_41' title="bbox 302 2709 1890 2782">
    <p class='ocr_par' dir='ltr' id='par_1_41' title="bbox 302 2709 1890 2782">
     <span class='ocr_line' id='line_1_41' title="bbox 302 2709 1890 2782; baseline 0 -15"><span class='ocrx_word' id='word_1_297' title='bbox 302 2711 543 2782; x_wconf 84' lang='lat' dir='ltr'><strong>episcopi</strong></span> <span class='ocrx_word' id='word_1_298' title='bbox 573 2725 770 2766; x_wconf 91' lang='lat' dir='ltr'><strong>nomen</strong></span> <span class='ocrx_word' id='word_1_299' title='bbox 801 2709 965 2764; x_wconf 87' lang='lat' dir='ltr'><strong>fuisse</strong></span> <span class='ocrx_word' id='word_1_300' title='bbox 1002 2711 1298 2779; x_wconf 64' lang='lat' dir='ltr'><strong>praefixum.</strong></span> <span class='ocrx_word' id='word_1_301' title='bbox 1350 2710 1441 2766; x_wconf 85' lang='lat' dir='ltr'><strong>llis</strong></span> <span class='ocrx_word' id='word_1_302' title='bbox 1473 2711 1612 2765; x_wconf 86' lang='lat' dir='ltr'><strong>haud</strong></span> <span class='ocrx_word' id='word_1_303' title='bbox 1643 2713 1890 2781; x_wconf 89' lang='lat' dir='ltr'><strong>equidem</strong></span> 
     </span>
    </p>
   </div>
   <div class='ocr_carea' id='block_1_42' title="bbox 303 2800 1890 2873">
    <p class='ocr_par' dir='ltr' id='par_1_42' title="bbox 303 2800 1890 2873">
     <span class='ocr_line' id='line_1_42' title="bbox 303 2800 1890 2873; baseline -0.001 -13"><span class='ocrx_word' id='word_1_304' title='bbox 303 2804 670 2873; x_wconf 85' lang='lat' dir='ltr'><strong>repugnarim,</strong></span> <span class='ocrx_word' id='word_1_305' title='bbox 703 2800 751 2856; x_wconf 91' lang='lat' dir='ltr'><strong>si</strong></span> <span class='ocrx_word' id='word_1_306' title='bbox 781 2801 1011 2871; x_wconf 87' lang='lat' dir='ltr'><strong>vulgaris</strong></span> <span class='ocrx_word' id='word_1_307' title='bbox 1052 2804 1318 2858; x_wconf 89' lang='lat' dir='ltr'><strong>sententia</strong></span> <span class='ocrx_word' id='word_1_308' title='bbox 1363 2803 1680 2858; x_wconf 87' lang='lat' dir='ltr'><strong>certioribus</strong></span> <span class='ocrx_word' id='word_1_309' title='bbox 1722 2803 1890 2859; x_wconf 89' lang='lat' dir='ltr'><strong>docu-</strong></span> 
     </span>
    </p>
   </div>
   <div class='ocr_carea' id='block_1_43' title="bbox 305 2893 1888 2966">
    <p class='ocr_par' dir='ltr' id='par_1_43' title="bbox 305 2893 1888 2966">
     <span class='ocr_line' id='line_1_43' title="bbox 305 2893 1888 2966; baseline -0.001 -15"><span class='ocrx_word' id='word_1_310' title='bbox 305 2895 503 2952; x_wconf 88' lang='lat' dir='ltr'><strong>mentis</strong></span> <span class='ocrx_word' id='word_1_311' title='bbox 534 2894 871 2950; x_wconf 88' lang='lat' dir='ltr'><strong>inniteretur.</strong></span> <span class='ocrx_word' id='word_1_312' title='bbox 931 2893 1212 2964; x_wconf 85' lang='lat' dir='ltr'><strong>Utcunque</strong></span> <span class='ocrx_word' id='word_1_313' title='bbox 1253 2903 1430 2949; x_wconf 86' lang='lat' dir='ltr'><strong>tamen</strong></span> <span class='ocrx_word' id='word_1_314' title='bbox 1471 2909 1532 2951; x_wconf 88' lang='lat' dir='ltr'><strong>se</strong></span> <span class='ocrx_word' id='word_1_315' title='bbox 1559 2911 1647 2952; x_wconf 88' lang='lat' dir='ltr'><strong>res</strong></span> <span class='ocrx_word' id='word_1_316' title='bbox 1675 2894 1888 2966; x_wconf 85' lang='lat' dir='ltr'><strong>habeat,</strong></span> 
     </span>
    </p>
   </div>
   <div class='ocr_carea' id='block_1_44' title="bbox 307 2984 1546 3059">
    <p class='ocr_par' dir='ltr' id='par_1_44' title="bbox 307 2984 1546 3059">
     <span class='ocr_line' id='line_1_44' title="bbox 307 2984 1546 3059; baseline -0.002 -16"><span class='ocrx_word' id='word_1_317' title='bbox 307 2988 625 3059; x_wconf 84' lang='lat' dir='ltr'><strong>praesulatus</strong></span> <span class='ocrx_word' id='word_1_318' title='bbox 657 2987 912 3040; x_wconf 84' lang='lat' dir='ltr'><strong>honorem</strong></span> <span class='ocrx_word' id='word_1_319' title='bbox 943 2984 1139 3040; x_wconf 86' lang='lat' dir='ltr'><strong>Junilio</strong></span> <span class='ocrx_word' id='word_1_320' title='bbox 1174 3001 1281 3040; x_wconf 90' lang='lat' dir='ltr'><strong>non</strong></span> <span class='ocrx_word' id='word_1_321' title='bbox 1313 2986 1546 3042; x_wconf 86' lang='lat' dir='ltr'><strong>invideo.</strong></span> 
     </span>
    </p>
   </div>
   <div class='ocr_carea' id='block_1_45' title="bbox 326 3076 1893 3148">
    <p class='ocr_par' dir='ltr' id='par_1_45' title="bbox 326 3076 1893 3148">
     <span class='ocr_line' id='line_1_45' title="bbox 326 3076 1893 3148; baseline 0.004 -20"><span class='ocrx_word' id='word_1_322' title='bbox 326 3125 328 3128; x_wconf 89' lang='lat'><strong>.</strong></span> <span class='ocrx_word' id='word_1_323' title='bbox 379 3079 446 3133; x_wconf 89' lang='lat' dir='ltr'><strong>ll.</strong></span> <span class='ocrx_word' id='word_1_324' title='bbox 495 3076 655 3131; x_wconf 83' lang='lat' dir='ltr'><strong>Bonis</strong></span> <span class='ocrx_word' id='word_1_325' title='bbox 683 3076 879 3130; x_wconf 82' lang='lat' dir='ltr'><strong>artibus</strong></span> <span class='ocrx_word' id='word_1_326' title='bbox 901 3078 952 3130; x_wconf 81' lang='lat' dir='ltr'><strong>in</strong></span> <span class='ocrx_word' id='word_1_327' title='bbox 979 3077 1166 3131; x_wconf 73' lang='lat' dir='ltr'><strong>siccato</strong></span> <span class='ocrx_word' id='word_1_328' title='bbox 1183 3078 1434 3143; x_wconf 79' lang='lat' dir='ltr'><strong>eruditus,</strong></span> <span class='ocrx_word' id='word_1_329' title='bbox 1459 3089 1502 3132; x_wconf 77' lang='lat' dir='ltr'><strong>ct</strong></span> <span class='ocrx_word' id='word_1_330' title='bbox 1523 3079 1578 3132; x_wconf 83' lang='lat' dir='ltr'><strong>in</strong></span> <span class='ocrx_word' id='word_1_331' title='bbox 1608 3077 1893 3148; x_wconf 71' lang='lat' dir='ltr'><strong>Scripturis</strong></span> 
     </span>
    </p>
   </div>
   <div class='ocr_carea' id='block_1_46' title="bbox 311 3167 1894 3238">
    <p class='ocr_par' dir='ltr' id='par_1_46' title="bbox 311 3167 1894 3238">
     <span class='ocr_line' id='line_1_46' title="bbox 311 3167 1894 3238; baseline 0.003 -16"><span class='ocrx_word' id='word_1_332' title='bbox 311 3170 498 3223; x_wconf 68' lang='lat' dir='ltr'><strong>salictis</strong></span> <span class='ocrx_word' id='word_1_333' title='bbox 527 3169 883 3236; x_wconf 77' lang='lat' dir='ltr'><strong>peritissmmr,</strong></span> <span class='ocrx_word' id='word_1_334' title='bbox 916 3167 1118 3238; x_wconf 79' lang='lat' dir='ltr'><strong>eloquio</strong></span> <span class='ocrx_word' id='word_1_335' title='bbox 1142 3167 1303 3222; x_wconf 85' lang='lat' dir='ltr'><strong>brevis</strong></span> <span class='ocrx_word' id='word_1_336' title='bbox 1333 3177 1547 3224; x_wconf 81' lang='lat' dir='ltr'><strong>ctsensn</strong></span> <span class='ocrx_word' id='word_1_337' title='bbox 1571 3179 1771 3238; x_wconf 83' lang='lat' dir='ltr'><strong>acutus,</strong></span> <span class='ocrx_word' id='word_1_338' title='bbox 1800 3171 1894 3227; x_wconf 76' lang='lat' dir='ltr'><strong>Ju-</strong></span> 
     </span>
    </p>
   </div>
   <div class='ocr_carea' id='block_1_47' title="bbox 1994 1978 3570 2048">
    <p class='ocr_par' dir='ltr' id='par_1_47' title="bbox 1994 1978 3570 2048">
     <span class='ocr_line' id='line_1_47' title="bbox 1994 1978 3570 2048; baseline 0.001 -16"><span class='ocrx_word' id='word_1_339' title='bbox 1994 1980 2173 2034; x_wconf 78' lang='lat' dir='ltr'><strong>l’ersae</strong></span> <span class='ocrx_word' id='word_1_340' title='bbox 2216 1979 2512 2042; x_wconf 85' lang='lat' dir='ltr'><strong>sententias</strong></span> <span class='ocrx_word' id='word_1_341' title='bbox 2550 1978 2895 2046; x_wconf 85' lang='lat' dir='ltr'><strong>exhibuisse,</strong></span> <span class='ocrx_word' id='word_1_342' title='bbox 2949 1978 3102 2048; x_wconf 87' lang='lat' dir='ltr'><strong>cujus</strong></span> <span class='ocrx_word' id='word_1_343' title='bbox 3148 1978 3361 2048; x_wconf 89' lang='lat' dir='ltr'><strong>regulas</strong></span> <span class='ocrx_word' id='word_1_344' title='bbox 3410 1979 3570 2035; x_wconf 89' lang='lat' dir='ltr'><strong>Chri-</strong></span> 
     </span>
    </p>
   </div>
   <div class='ocr_carea' id='block_1_48' title="bbox 1991 2066 3570 2138">
    <p class='ocr_par' dir='ltr' id='par_1_48' title="bbox 1991 2066 3570 2138">
     <span class='ocr_line' id='line_1_48' title="bbox 1991 2066 3570 2138; baseline -0.001 -13"><span class='ocrx_word' id='word_1_345' title='bbox 1991 2072 2179 2126; x_wconf 72' lang='lat' dir='ltr'><strong>stiana:</strong></span> <span class='ocrx_word' id='word_1_346' title='bbox 2209 2069 2561 2125; x_wconf 84' lang='lat' dir='ltr'><strong>institutionis</strong></span> <span class='ocrx_word' id='word_1_347' title='bbox 2587 2069 2937 2136; x_wconf 87' lang='lat' dir='ltr'><strong>transtulerit,</strong></span> <span class='ocrx_word' id='word_1_348' title='bbox 2968 2066 3024 2124; x_wconf 74' lang='lat' dir='ltr'><strong>e&#39;t</strong></span> <span class='ocrx_word' id='word_1_349' title='bbox 3052 2070 3246 2138; x_wconf 75' lang='lat' dir='ltr'><strong>dialogi</strong></span> <span class='ocrx_word' id='word_1_350' title='bbox 3280 2069 3570 2126; x_wconf 90' lang='lat' dir='ltr'><strong>forma.....</strong></span> 
     </span>
    </p>
   </div>
   <div class='ocr_carea' id='block_1_49' title="bbox 1991 2161 3574 2231">
    <p class='ocr_par' dir='ltr' id='par_1_49' title="bbox 1991 2161 3574 2231">
     <span class='ocr_line' id='line_1_49' title="bbox 1991 2161 3574 2231; baseline -0.001 -14"><span class='ocrx_word' id='word_1_351' title='bbox 1991 2163 2317 2217; x_wconf 84' lang='lat' dir='ltr'><strong>exhibuerit.</strong></span> <span class='ocrx_word' id='word_1_352' title='bbox 2369 2162 2554 2231; x_wconf 82' lang='lat' dir='ltr'><strong>Itaque</strong></span> <span class='ocrx_word' id='word_1_353' title='bbox 2603 2161 2834 2216; x_wconf 83' lang='lat' dir='ltr'><strong>Junilius</strong></span> <span class='ocrx_word' id='word_1_354' title='bbox 2879 2161 3106 2216; x_wconf 83' lang='lat' dir='ltr'><strong>concilio</strong></span> <span class='ocrx_word' id='word_1_355' title='bbox 3149 2161 3574 2231; x_wconf 78' lang='lat' dir='ltr'><strong>Carthaginiensi</strong></span> 
     </span>
    </p>
   </div>
   <div class='ocr_carea' id='block_1_50' title="bbox 1993 2250 3574 2323">
    <p class='ocr_par' dir='ltr' id='par_1_50' title="bbox 1993 2250 3574 2323">
     <span class='ocr_line' id='line_1_50' title="bbox 1993 2250 3574 2323; baseline -0.002 -15"><span class='ocrx_word' id='word_1_356' title='bbox 1993 2255 2171 2309; x_wconf 83' lang='lat' dir='ltr'><strong>favere</strong></span> <span class='ocrx_word' id='word_1_357' title='bbox 2198 2262 2422 2323; x_wconf 85' lang='lat' dir='ltr'><strong>poterat,</strong></span> <span class='ocrx_word' id='word_1_358' title='bbox 2452 2254 2692 2323; x_wconf 87' lang='lat' dir='ltr'><strong>quamvis</strong></span> <span class='ocrx_word' id='word_1_359' title='bbox 2711 2251 2903 2308; x_wconf 85' lang='lat' dir='ltr'><strong>Paulus</strong></span> <span class='ocrx_word' id='word_1_360' title='bbox 2933 2253 3018 2306; x_wconf 81' lang='lat' dir='ltr'><strong>ille</strong></span> <span class='ocrx_word' id='word_1_361' title='bbox 3037 2250 3198 2306; x_wconf 76' lang='lat' dir='ltr'><strong>Persa</strong></span> <span class='ocrx_word' id='word_1_362' title='bbox 3222 2251 3284 2306; x_wconf 86' lang='lat' dir='ltr'><strong>de</strong></span> <span class='ocrx_word' id='word_1_363' title='bbox 3314 2253 3574 2306; x_wconf 77' lang='lat' dir='ltr'><strong>nonnullis</strong></span> 
     </span>
    </p>
   </div>
   <div class='ocr_carea' id='block_1_51' title="bbox 1993 2343 3575 2413">
    <p class='ocr_par' dir='ltr' id='par_1_51' title="bbox 1993 2343 3575 2413">
     <span class='ocr_line' id='line_1_51' title="bbox 1993 2343 3575 2413; baseline -0.002 -13"><span class='ocrx_word' id='word_1_364' title='bbox 1993 2347 2248 2401; x_wconf 75' lang='lat' dir='ltr'><strong>canonicis</strong></span> <span class='ocrx_word' id='word_1_365' title='bbox 2281 2346 2422 2398; x_wconf 80' lang='lat' dir='ltr'><strong>libris</strong></span> <span class='ocrx_word' id='word_1_366' title='bbox 2448 2344 2724 2400; x_wconf 86' lang='lat' dir='ltr'><strong>dubitarit.</strong></span> <span class='ocrx_word' id='word_1_367' title='bbox 2766 2361 2787 2396; x_wconf 73' lang='grc' dir='ltr'><strong>ι</strong></span> <span class='ocrx_word' id='word_1_368' title='bbox 2820 2344 2943 2398; x_wconf 64' lang='lat' dir='ltr'><strong>Haec</strong></span> <span class='ocrx_word' id='word_1_369' title='bbox 2969 2343 3078 2397; x_wconf 91' lang='lat' dir='ltr'><strong>ille.</strong></span> <span class='ocrx_word' id='word_1_370' title='bbox 3112 2343 3275 2413; x_wconf 87' lang='lat' dir='ltr'><strong>Cujus</strong></span> <span class='ocrx_word' id='word_1_371' title='bbox 3308 2343 3575 2398; x_wconf 85' lang='lat' dir='ltr'><strong>Vindicias</strong></span> 
     </span>
    </p>
   </div>
   <div class='ocr_carea' id='block_1_52' title="bbox 1993 2437 3576 2511">
    <p class='ocr_par' dir='ltr' id='par_1_52' title="bbox 1993 2437 3576 2511">
     <span class='ocr_line' id='line_1_52' title="bbox 1993 2437 3576 2511; baseline -0.003 -16"><span class='ocrx_word' id='word_1_372' title='bbox 1993 2441 2212 2511; x_wconf 81' lang='lat' dir='ltr'><strong>Anglice</strong></span> <span class='ocrx_word' id='word_1_373' title='bbox 2241 2439 2469 2495; x_wconf 81' lang='lat' dir='ltr'><strong>Londiui</strong></span> <span class='ocrx_word' id='word_1_374' title='bbox 2507 2438 2679 2495; x_wconf 83' lang='lat' dir='ltr'><strong>editas</strong></span> <span class='ocrx_word' id='word_1_375' title='bbox 2703 2453 2844 2492; x_wconf 88' lang='lat' dir='ltr'><strong>anno</strong></span> <span class='ocrx_word' id='word_1_376' title='bbox 2874 2437 3010 2494; x_wconf 72' lang='grc'><strong>1752</strong></span> <span class='ocrx_word' id='word_1_377' title='bbox 3034 2437 3222 2507; x_wconf 86' lang='lat' dir='ltr'><strong>dignas</strong></span> <span class='ocrx_word' id='word_1_378' title='bbox 3250 2437 3576 2492; x_wconf 81' lang='lat' dir='ltr'><strong>existimavit</strong></span> 
     </span>
    </p>
   </div>
   <div class='ocr_carea' id='block_1_53' title="bbox 1996 2529 3578 2602">
    <p class='ocr_par' dir='ltr' id='par_1_53' title="bbox 1996 2529 3578 2602">
     <span class='ocr_line' id='line_1_53' title="bbox 1996 2529 3578 2602; baseline -0.003 -15"><span class='ocrx_word' id='word_1_379' title='bbox 1996 2533 2222 2588; x_wconf 79' lang='lat' dir='ltr'><strong>Wolfius</strong></span> <span class='ocrx_word' id='word_1_380' title='bbox 2265 2548 2382 2602; x_wconf 68' lang='lat' dir='ltr'><strong>qua:</strong></span> <span class='ocrx_word' id='word_1_381' title='bbox 2441 2533 2496 2586; x_wconf 92' lang='lat' dir='ltr'><strong>in</strong></span> <span class='ocrx_word' id='word_1_382' title='bbox 2543 2533 2655 2586; x_wconf 86' lang='lat' dir='ltr'><strong>suis</strong></span> <span class='ocrx_word' id='word_1_383' title='bbox 2692 2529 2845 2586; x_wconf 91' lang='lat' dir='ltr'><strong>Curis</strong></span> <span class='ocrx_word' id='word_1_384' title='bbox 2894 2529 3227 2599; x_wconf 76' lang='lat' dir='ltr'><strong>pliilologicis</strong></span> <span class='ocrx_word' id='word_1_385' title='bbox 3281 2539 3335 2584; x_wconf 90' lang='lat' dir='ltr'><strong>et</strong></span> <span class='ocrx_word' id='word_1_386' title='bbox 3375 2529 3578 2583; x_wconf 81' lang='lat' dir='ltr'><strong>criticis</strong></span> 
     </span>
    </p>
   </div>
   <div class='ocr_carea' id='block_1_54' title="bbox 1993 2618 3578 2694">
    <p class='ocr_par' dir='ltr' id='par_1_54' title="bbox 1993 2618 3578 2694">
     <span class='ocr_line' id='line_1_54' title="bbox 1993 2618 3578 2694; baseline -0.004 -16"><span class='ocrx_word' id='word_1_387' title='bbox 1993 2623 2208 2679; x_wconf 88' lang='lat' dir='ltr'><strong>sisteret</strong></span> <span class='ocrx_word' id='word_1_388' title='bbox 2249 2623 2345 2694; x_wconf 86' lang='grc' dir='ltr'><strong>(ι).</strong></span> <span class='ocrx_word' id='word_1_389' title='bbox 2395 2621 2547 2690; x_wconf 86' lang='lat' dir='ltr'><strong>Quod</strong></span> <span class='ocrx_word' id='word_1_390' title='bbox 2589 2621 2632 2676; x_wconf 91' lang='lat' dir='ltr'><strong>si</strong></span> <span class='ocrx_word' id='word_1_391' title='bbox 2661 2619 2985 2674; x_wconf 36' lang='lat' dir='ltr'><strong>l‘luml&#39;rcdus</strong></span> <span class='ocrx_word' id='word_1_392' title='bbox 3025 2618 3226 2686; x_wconf 75' lang='lat' dir='ltr'><strong>llodius</strong></span> <span class='ocrx_word' id='word_1_393' title='bbox 3269 2632 3401 2688; x_wconf 90' lang='lat' dir='ltr'><strong>opus</strong></span> <span class='ocrx_word' id='word_1_394' title='bbox 3447 2619 3578 2672; x_wconf 88' lang='lat' dir='ltr'><strong>illud</strong></span> 
     </span>
    </p>
   </div>
   <div class='ocr_carea' id='block_1_55' title="bbox 1994 2711 3580 2781">
    <p class='ocr_par' dir='ltr' id='par_1_55' title="bbox 1994 2711 3580 2781">
     <span class='ocr_line' id='line_1_55' title="bbox 1994 2711 3580 2781; baseline -0.004 -11"><span class='ocrx_word' id='word_1_395' title='bbox 1994 2729 2148 2770; x_wconf 89' lang='lat' dir='ltr'><strong>suum</strong></span> <span class='ocrx_word' id='word_1_396' title='bbox 2193 2714 2262 2769; x_wconf 91' lang='lat' dir='ltr'><strong>de</strong></span> <span class='ocrx_word' id='word_1_397' title='bbox 2290 2714 2580 2770; x_wconf 81' lang='lat' dir='ltr'><strong>Bibliorum</strong></span> <span class='ocrx_word' id='word_1_398' title='bbox 2619 2713 2852 2769; x_wconf 81' lang='lat' dir='ltr'><strong>textibus</strong></span> <span class='ocrx_word' id='word_1_399' title='bbox 2889 2711 3235 2781; x_wconf 86' lang='lat' dir='ltr'><strong>originalibus</strong></span> <span class='ocrx_word' id='word_1_400' title='bbox 3264 2721 3385 2781; x_wconf 89' lang='lat' dir='ltr'><strong>post</strong></span> <span class='ocrx_word' id='word_1_401' title='bbox 3413 2726 3580 2780; x_wconf 83' lang='lat' dir='ltr'><strong>popu-</strong></span> 
     </span>
    </p>
   </div>
   <div class='ocr_carea' id='block_1_56' title="bbox 1994 2802 3589 2873">
    <p class='ocr_par' dir='ltr' id='par_1_56' title="bbox 1994 2802 3589 2873">
     <span class='ocr_line' id='line_1_56' title="bbox 1994 2802 3589 2873; baseline -0.004 -11"><span class='ocrx_word' id='word_1_402' title='bbox 1994 2809 2120 2863; x_wconf 89' lang='lat' dir='ltr'><strong>laris</strong></span> <span class='ocrx_word' id='word_1_403' title='bbox 2147 2809 2229 2863; x_wconf 89' lang='lat' dir='ltr'><strong>sui</strong></span> <span class='ocrx_word' id='word_1_404' title='bbox 2261 2807 2476 2863; x_wconf 77' lang='lat' dir='ltr'><strong>Twclsii</strong></span> <span class='ocrx_word' id='word_1_405' title='bbox 2507 2804 2774 2862; x_wconf 89' lang='lat' dir='ltr'><strong>Vindicias</strong></span> <span class='ocrx_word' id='word_1_406' title='bbox 2801 2804 3121 2873; x_wconf 86' lang='lat' dir='ltr'><strong>evulgassct,</strong></span> <span class='ocrx_word' id='word_1_407' title='bbox 3151 2803 3235 2857; x_wconf 75' lang='lat' dir='ltr'><strong>Vel</strong></span> <span class='ocrx_word' id='word_1_408' title='bbox 3263 2802 3439 2872; x_wconf 90' lang='lat' dir='ltr'><strong>potius</strong></span> <span class='ocrx_word' id='word_1_409' title='bbox 3465 2805 3589 2868; x_wconf 68' lang='lat' dir='ltr'><strong>sive</strong></span> 
     </span>
    </p>
   </div>
   <div class='ocr_carea' id='block_1_57' title="bbox 1995 2893 3579 2958">
    <p class='ocr_par' dir='ltr' id='par_1_57' title="bbox 1995 2893 3579 2958">
     <span class='ocr_line' id='line_1_57' title="bbox 1995 2893 3579 2958; baseline -0.007 0"><span class='ocrx_word' id='word_1_410' title='bbox 1995 2901 2222 2958; x_wconf 88' lang='lat' dir='ltr'><strong>Simonii</strong></span> <span class='ocrx_word' id='word_1_411' title='bbox 2265 2901 2379 2956; x_wconf 87' lang='lat' dir='ltr'><strong>sive</strong></span> <span class='ocrx_word' id='word_1_412' title='bbox 2412 2899 2704 2954; x_wconf 61' lang='lat' dir='ltr'><strong>Martianagi</strong></span> <span class='ocrx_word' id='word_1_413' title='bbox 2741 2910 2998 2953; x_wconf 87' lang='lat' dir='ltr'><strong>censuras</strong></span> <span class='ocrx_word' id='word_1_414' title='bbox 3031 2895 3086 2950; x_wconf 90' lang='lat' dir='ltr'><strong>in</strong></span> <span class='ocrx_word' id='word_1_415' title='bbox 3117 2893 3297 2950; x_wconf 85' lang='lat' dir='ltr'><strong>Junilii</strong></span> <span class='ocrx_word' id='word_1_416' title='bbox 3338 2893 3579 2949; x_wconf 90' lang='lat' dir='ltr'><strong>libellum</strong></span> 
     </span>
    </p>
   </div>
   <div class='ocr_carea' id='block_1_58' title="bbox 1995 2989 3580 3065">
    <p class='ocr_par' dir='ltr' id='par_1_58' title="bbox 1995 2989 3580 3065">
     <span class='ocr_line' id='line_1_58' title="bbox 1995 2989 3580 3065; baseline -0.006 -13"><span class='ocrx_word' id='word_1_417' title='bbox 1995 2996 2324 3065; x_wconf 87' lang='lat' dir='ltr'><strong>conscriptas</strong></span> <span class='ocrx_word' id='word_1_418' title='bbox 2349 2993 2620 3064; x_wconf 58' lang='lat' dir='ltr'><strong>perlegi-re</strong></span> <span class='ocrx_word' id='word_1_419' title='bbox 2643 3007 2747 3046; x_wconf 93' lang='lat' dir='ltr'><strong>non</strong></span> <span class='ocrx_word' id='word_1_420' title='bbox 2771 2991 3116 3059; x_wconf 79' lang='lat' dir='ltr'><strong>neglexisset,</strong></span> <span class='ocrx_word' id='word_1_421' title='bbox 3142 2990 3368 3044; x_wconf 88' lang='lat' dir='ltr'><strong>fortasse</strong></span> <span class='ocrx_word' id='word_1_422' title='bbox 3389 2989 3580 3043; x_wconf 84' lang='lat' dir='ltr'><strong>Afrum</strong></span> 
     </span>
    </p>
   </div>
   <div class='ocr_carea' id='block_1_59' title="bbox 1996 3083 3580 3152">
    <p class='ocr_par' dir='ltr' id='par_1_59' title="bbox 1996 3083 3580 3152">
     <span class='ocr_line' id='line_1_59' title="bbox 1996 3083 3580 3152; baseline -0.005 -9"><span class='ocrx_word' id='word_1_423' title='bbox 1996 3089 2136 3144; x_wconf 86' lang='lat' dir='ltr'><strong>hunc</strong></span> <span class='ocrx_word' id='word_1_424' title='bbox 2166 3087 2456 3142; x_wconf 85' lang='lat' dir='ltr'><strong>antistitem</strong></span> <span class='ocrx_word' id='word_1_425' title='bbox 2496 3087 2631 3141; x_wconf 88' lang='lat' dir='ltr'><strong>inter</strong></span> <span class='ocrx_word' id='word_1_426' title='bbox 2663 3084 2919 3140; x_wconf 77' lang='lat' dir='ltr'><strong>Ecclesia:</strong></span> <span class='ocrx_word' id='word_1_427' title='bbox 2946 3083 3150 3139; x_wconf 74' lang='lat' dir='ltr'><strong>Latina:</strong></span> <span class='ocrx_word' id='word_1_428' title='bbox 3175 3083 3464 3150; x_wconf 86' lang='lat' dir='ltr'><strong>scriptores</strong></span> <span class='ocrx_word' id='word_1_429' title='bbox 3492 3083 3580 3152; x_wconf 92' lang='lat' dir='ltr'><strong>qui</strong></span> 
     </span>
    </p>
   </div>
   <div class='ocr_carea' id='block_1_60' title="bbox 1995 3175 3581 3246">
    <p class='ocr_par' dir='ltr' id='par_1_60' title="bbox 1995 3175 3581 3246">
     <span class='ocr_line' id='line_1_60' title="bbox 1995 3175 3581 3246; baseline -0.004 -11"><span class='ocrx_word' id='word_1_430' title='bbox 1995 3195 2268 3236; x_wconf 85' lang='lat' dir='ltr'><strong>sacrorum</strong></span> <span class='ocrx_word' id='word_1_431' title='bbox 2291 3179 2617 3232; x_wconf 82' lang='lat' dir='ltr'><strong>voluminum</strong></span> <span class='ocrx_word' id='word_1_432' title='bbox 2640 3176 2910 3246; x_wconf 85' lang='lat' dir='ltr'><strong>catalogus</strong></span> <span class='ocrx_word' id='word_1_433' title='bbox 2932 3185 3237 3240; x_wconf 77' lang='lat' dir='ltr'><strong>texuerunt,</strong></span> <span class='ocrx_word' id='word_1_434' title='bbox 3254 3175 3581 3229; x_wconf 86' lang='lat' dir='ltr'><strong>recensitum</strong></span> 
     </span>
    </p>
   </div>
   <div class='ocr_carea' id='block_1_61' title="bbox 311 3259 2986 3352">
    <p class='ocr_par' dir='ltr' id='par_1_61' title="bbox 311 3259 2986 3352">
     <span class='ocr_line' id='line_1_61' title="bbox 311 3259 2986 3352; baseline 0.003 -38"><span class='ocrx_word' id='word_1_435' title='bbox 311 3260 475 3314; x_wconf 88' lang='lat' dir='ltr'><strong>nilius</strong></span> <span class='ocrx_word' id='word_1_436' title='bbox 497 3259 694 3315; x_wconf 87' lang='lat' dir='ltr'><strong>dicitur</strong></span> <span class='ocrx_word' id='word_1_437' title='bbox 719 3260 870 3316; x_wconf 82' lang='lat' dir='ltr'><strong>Sixto</strong></span> <span class='ocrx_word' id='word_1_438' title='bbox 898 3260 1130 3316; x_wconf 87' lang='lat' dir='ltr'><strong>Senensi</strong></span> <span class='ocrx_word' id='word_1_439' title='bbox 1167 3259 1261 3330; x_wconf 76' lang='grc' dir='ltr'><strong>(ε).</strong></span> <span class='ocrx_word' id='word_1_440' title='bbox 1305 3261 1438 3316; x_wconf 84' lang='lat' dir='ltr'><strong>Eum</strong></span> <span class='ocrx_word' id='word_1_441' title='bbox 1469 3261 1610 3318; x_wconf 88' lang='lat' dir='ltr'><strong>inter</strong></span> <span class='ocrx_word' id='word_1_442' title='bbox 1659 3264 1895 3318; x_wconf 78' lang='lat' dir='ltr'><strong>introdu-</strong></span> <span class='ocrx_word' id='word_1_443' title='bbox 1922 3290 1968 3352; x_wconf 64' lang='grc' dir='ltr'><strong>ρ</strong></span> <span class='ocrx_word' id='word_1_444' title='bbox 2003 3275 2158 3328; x_wconf 69' lang='grc' dir='ltr'><strong>..ωε</strong></span> <span class='ocrx_word' id='word_1_445' title='bbox 2184 3271 2473 3328; x_wconf 69' lang='lat' dir='ltr'><strong>obii-indere</strong></span> <span class='ocrx_word' id='word_1_446' title='bbox 2499 3269 2750 3325; x_wconf 81' lang='lat' dir='ltr'><strong>desiisset</strong></span> <span class='ocrx_word' id='word_1_447' title='bbox 2773 3268 2892 3339; x_wconf 82' lang='lat' dir='ltr'><strong>(ni):</strong></span> <span class='ocrx_word' id='word_1_448' title='bbox 2978 3318 2986 3329; x_wconf 82' lang='grc'><em>,</em></span> 
     </span>
    </p>
   </div>
   <div class='ocr_carea' id='block_1_62' title="bbox 311 3353 1890 3424">
    <p class='ocr_par' dir='ltr' id='par_1_62' title="bbox 311 3353 1890 3424">
     <span class='ocr_line' id='line_1_62' title="bbox 311 3353 1890 3424; baseline 0 -16"><span class='ocrx_word' id='word_1_449' title='bbox 311 3364 476 3408; x_wconf 81' lang='lat' dir='ltr'><strong>ctores</strong></span> <span class='ocrx_word' id='word_1_450' title='bbox 527 3353 808 3424; x_wconf 73' lang='lat' dir='ltr'><strong>Scriptum</strong></span> <span class='ocrx_word' id='word_1_451' title='bbox 847 3353 1033 3407; x_wconf 72' lang='lat' dir='ltr'><strong>divinae</strong></span> <span class='ocrx_word' id='word_1_452' title='bbox 1086 3363 1334 3409; x_wconf 89' lang='lat' dir='ltr'><strong>recenset</strong></span> <span class='ocrx_word' id='word_1_453' title='bbox 1384 3354 1755 3411; x_wconf 83' lang='lat' dir='ltr'><strong>Cassiodorius</strong></span> <span class='ocrx_word' id='word_1_454' title='bbox 1789 3357 1890 3424; x_wconf 72' lang='grc' dir='ltr'>(ιι).</span> 
     </span>
    </p>
   </div>
   <div class='ocr_carea' id='block_1_63' title="bbox 313 3445 1897 3517">
    <p class='ocr_par' dir='ltr' id='par_1_63' title="bbox 313 3445 1897 3517">
     <span class='ocr_line' id='line_1_63' title="bbox 313 3445 1897 3517; baseline 0 -15"><span class='ocrx_word' id='word_1_455' title='bbox 313 3447 540 3516; x_wconf 80' lang='lat' dir='ltr'><strong>Scripsit</strong></span> <span class='ocrx_word' id='word_1_456' title='bbox 568 3447 712 3502; x_wconf 84' lang='lat' dir='ltr'><strong>enim</strong></span> <span class='ocrx_word' id='word_1_457' title='bbox 751 3455 939 3501; x_wconf 89' lang='lat' dir='ltr'><strong>auctor</strong></span> <span class='ocrx_word' id='word_1_458' title='bbox 967 3446 1035 3501; x_wconf 92' lang='lat' dir='ltr'><strong>de</strong></span> <span class='ocrx_word' id='word_1_459' title='bbox 1064 3446 1306 3516; x_wconf 87' lang='lat' dir='ltr'><strong>partibus</strong></span> <span class='ocrx_word' id='word_1_460' title='bbox 1325 3445 1521 3501; x_wconf 81' lang='lat' dir='ltr'><strong>divinae</strong></span> <span class='ocrx_word' id='word_1_461' title='bbox 1567 3447 1700 3517; x_wconf 86' lang='lat' dir='ltr'><strong>legis</strong></span> <span class='ocrx_word' id='word_1_462' title='bbox 1729 3446 1897 3502; x_wconf 89' lang='lat' dir='ltr'><strong>libros</strong></span> 
     </span>
    </p>
   </div>
   <div class='ocr_carea' id='block_1_64' title="bbox 315 3535 1899 3608">
    <p class='ocr_par' dir='ltr' id='par_1_64' title="bbox 315 3535 1899 3608">
     <span class='ocr_line' id='line_1_64' title="bbox 315 3535 1899 3608; baseline 0.001 -15"><span class='ocrx_word' id='word_1_463' title='bbox 315 3539 478 3604; x_wconf 84' lang='lat' dir='ltr'><strong>duos,</strong></span> <span class='ocrx_word' id='word_1_464' title='bbox 507 3539 558 3592; x_wconf 90' lang='lat' dir='ltr'><strong>in</strong></span> <span class='ocrx_word' id='word_1_465' title='bbox 579 3538 772 3607; x_wconf 83' lang='lat' dir='ltr'><strong>quibus</strong></span> <span class='ocrx_word' id='word_1_466' title='bbox 794 3537 1004 3608; x_wconf 82' lang='lat' dir='ltr'><strong>regulas</strong></span> <span class='ocrx_word' id='word_1_467' title='bbox 1030 3537 1096 3592; x_wconf 85' lang='lat' dir='ltr'><strong>ad</strong></span> <span class='ocrx_word' id='word_1_468' title='bbox 1128 3551 1310 3592; x_wconf 88' lang='lat' dir='ltr'><strong>sacras</strong></span> <span class='ocrx_word' id='word_1_469' title='bbox 1347 3535 1556 3593; x_wconf 87' lang='lat' dir='ltr'><strong>litteras</strong></span> <span class='ocrx_word' id='word_1_470' title='bbox 1583 3539 1899 3594; x_wconf 84' lang='lat' dir='ltr'><strong>ediscendas</strong></span> 
     </span>
    </p>
   </div>
   <div class='ocr_carea' id='block_1_65' title="bbox 311 3629 1898 3700">
    <p class='ocr_par' dir='ltr' id='par_1_65' title="bbox 311 3629 1898 3700">
     <span class='ocr_line' id='line_1_65' title="bbox 311 3629 1898 3700; baseline -0.001 -14"><span class='ocrx_word' id='word_1_471' title='bbox 311 3630 801 3700; x_wconf 83' lang='lat' dir='ltr'><strong>intelligendasque</strong></span> <span class='ocrx_word' id='word_1_472' title='bbox 849 3629 1334 3698; x_wconf 61' lang='lat' dir='ltr'><strong>perutiles&#39;tradit,</strong></span> <span class='ocrx_word' id='word_1_473' title='bbox 1365 3643 1500 3700; x_wconf 88' lang='lat' dir='ltr'><strong>quas</strong></span> <span class='ocrx_word' id='word_1_474' title='bbox 1541 3645 1600 3684; x_wconf 86' lang='lat' dir='ltr'><strong>se</strong></span> <span class='ocrx_word' id='word_1_475' title='bbox 1627 3629 1898 3700; x_wconf 87' lang='lat' dir='ltr'><strong>accepisse</strong></span> 
     </span>
    </p>
   </div>
   <div class='ocr_carea' id='block_1_66' title="bbox 314 3720 1898 3793">
    <p class='ocr_par' dir='ltr' id='par_1_66' title="bbox 314 3720 1898 3793">
     <span class='ocr_line' id='line_1_66' title="bbox 314 3720 1898 3793; baseline -0.003 -15"><span class='ocrx_word' id='word_1_476' title='bbox 314 3731 544 3778; x_wconf 79' lang='lat' dir='ltr'><strong>testatur</strong></span> <span class='ocrx_word' id='word_1_477' title='bbox 563 3721 634 3793; x_wconf 86' lang='lat' dir='ltr'><strong>(e)</strong></span> <span class='ocrx_word' id='word_1_478' title='bbox 664 3737 728 3777; x_wconf 80' lang='lat' dir='ltr'><strong>ex</strong></span> <span class='ocrx_word' id='word_1_479' title='bbox 754 3721 985 3791; x_wconf 87' lang='lat' dir='ltr'><strong>quodam</strong></span> <span class='ocrx_word' id='word_1_480' title='bbox 1015 3721 1207 3789; x_wconf 78' lang='lat' dir='ltr'><strong>Paulo,</strong></span> <span class='ocrx_word' id='word_1_481' title='bbox 1241 3720 1404 3776; x_wconf 84' lang='lat' dir='ltr'><strong>Persa</strong></span> <span class='ocrx_word' id='word_1_482' title='bbox 1445 3735 1667 3792; x_wconf 83' lang='lat' dir='ltr'><strong>genere,</strong></span> <span class='ocrx_word' id='word_1_483' title='bbox 1721 3722 1810 3790; x_wconf 89' lang='lat' dir='ltr'><strong>qui</strong></span> <span class='ocrx_word' id='word_1_484' title='bbox 1841 3721 1898 3775; x_wconf 91' lang='lat' dir='ltr'><strong>in</strong></span> 
     </span>
    </p>
   </div>
   <div class='ocr_carea' id='block_1_67' title="bbox 314 3814 1900 3887">
    <p class='ocr_par' dir='ltr' id='par_1_67' title="bbox 314 3814 1900 3887">
     <span class='ocr_line' id='line_1_67' title="bbox 314 3814 1900 3887; baseline -0.002 -14"><span class='ocrx_word' id='word_1_485' title='bbox 314 3816 578 3887; x_wconf 63' lang='lat' dir='ltr'><strong>Syrorum</strong></span> <span class='ocrx_word' id='word_1_486' title='bbox 607 3815 791 3870; x_wconf 86' lang='lat' dir='ltr'><strong>sebo‘a</strong></span> <span class='ocrx_word' id='word_1_487' title='bbox 827 3815 972 3870; x_wconf 86' lang='lat' dir='ltr'><strong>urbis</strong></span> <span class='ocrx_word' id='word_1_488' title='bbox 1004 3814 1276 3870; x_wconf 70' lang='lat' dir='ltr'><strong>Nisibena:</strong></span> <span class='ocrx_word' id='word_1_489' title='bbox 1306 3815 1476 3870; x_wconf 86' lang='lat' dir='ltr'><strong>fuerat</strong></span> <span class='ocrx_word' id='word_1_490' title='bbox 1502 3816 1744 3870; x_wconf 86' lang='lat' dir='ltr'><strong>edoctus.</strong></span> <span class='ocrx_word' id='word_1_491' title='bbox 1790 3815 1900 3870; x_wconf 82' lang='lat' dir='ltr'><strong>Me-</strong></span> 
     </span>
    </p>
   </div>
   <div class='ocr_carea' id='block_1_68' title="bbox 314 3906 1899 3978">
    <p class='ocr_par' dir='ltr' id='par_1_68' title="bbox 314 3906 1899 3978">
     <span class='ocr_line' id='line_1_68' title="bbox 314 3906 1899 3978; baseline -0.001 -14"><span class='ocrx_word' id='word_1_492' title='bbox 314 3908 474 3964; x_wconf 86' lang='lat' dir='ltr'><strong>minit</strong></span> <span class='ocrx_word' id='word_1_493' title='bbox 501 3907 660 3977; x_wconf 87' lang='lat' dir='ltr'><strong>hujus</strong></span> <span class='ocrx_word' id='word_1_494' title='bbox 691 3907 890 3963; x_wconf 73' lang='lat' dir='ltr'><strong>scholae</strong></span> <span class='ocrx_word' id='word_1_495' title='bbox 922 3909 1148 3962; x_wconf 84' lang='lat' dir='ltr'><strong>Senator</strong></span> <span class='ocrx_word' id='word_1_496' title='bbox 1181 3906 1280 3978; x_wconf 70' lang='grc' dir='ltr'><strong>(Γ),</strong></span> <span class='ocrx_word' id='word_1_497' title='bbox 1312 3921 1537 3976; x_wconf 88' lang='lat' dir='ltr'><strong>eamque</strong></span> <span class='ocrx_word' id='word_1_498' title='bbox 1562 3909 1629 3961; x_wconf 88' lang='lat' dir='ltr'><strong>ab</strong></span> <span class='ocrx_word' id='word_1_499' title='bbox 1660 3906 1899 3962; x_wconf 63' lang='lat' dir='ltr'><strong>llebraiis</strong></span> 
     </span>
    </p>
   </div>
   <div class='ocr_carea' id='block_1_69' title="bbox 309 3999 1900 4069">
    <p class='ocr_par' dir='ltr' id='par_1_69' title="bbox 309 3999 1900 4069">
     <span class='ocr_line' id='line_1_69' title="bbox 309 3999 1900 4069; baseline -0.001 -13"><span class='ocrx_word' id='word_1_500' title='bbox 309 4000 508 4056; x_wconf 79' lang='lat' dir='ltr'><strong>sedulo</strong></span> <span class='ocrx_word' id='word_1_501' title='bbox 533 4001 796 4054; x_wconf 81' lang='lat' dir='ltr'><strong>cxcultam</strong></span> <span class='ocrx_word' id='word_1_502' title='bbox 821 3999 1066 4069; x_wconf 88' lang='lat' dir='ltr'><strong>perhibet</strong></span> <span class='ocrx_word' id='word_1_503' title='bbox 1092 4017 1104 4052; x_wconf 88' lang='lat'><strong>:</strong></span> <span class='ocrx_word' id='word_1_504' title='bbox 1135 3999 1198 4053; x_wconf 90' lang='lat' dir='ltr'><strong>ad</strong></span> <span class='ocrx_word' id='word_1_505' title='bbox 1230 4014 1388 4068; x_wconf 90' lang='lat' dir='ltr'><strong>quem</strong></span> <span class='ocrx_word' id='word_1_506' title='bbox 1429 4000 1594 4069; x_wconf 91' lang='lat' dir='ltr'><strong>ipsius</strong></span> <span class='ocrx_word' id='word_1_507' title='bbox 1621 3999 1900 4055; x_wconf 84' lang='lat' dir='ltr'><strong>Senatoris</strong></span> 
     </span>
    </p>
   </div>
   <div class='ocr_carea' id='block_1_70' title="bbox 307 4091 1895 4167">
    <p class='ocr_par' dir='ltr' id='par_1_70' title="bbox 307 4091 1895 4167">
     <span class='ocr_line' id='line_1_70' title="bbox 307 4091 1895 4167; baseline 0.001 -18"><span class='ocrx_word' id='word_1_508' title='bbox 307 4093 494 4167; x_wconf 73' lang='lat' dir='ltr'><strong>locum</strong></span> <span class='ocrx_word' id='word_1_509' title='bbox 523 4092 902 4147; x_wconf 87' lang='lat' dir='ltr'><strong>illustrandum</strong></span> <span class='ocrx_word' id='word_1_510' title='bbox 932 4091 1180 4148; x_wconf 85' lang='lat' dir='ltr'><strong>Garetius</strong></span> <span class='ocrx_word' id='word_1_511' title='bbox 1205 4093 1275 4147; x_wconf 90' lang='lat' dir='ltr'><strong>cl.</strong></span> <span class='ocrx_word' id='word_1_512' title='bbox 1307 4094 1424 4163; x_wconf 89' lang='lat' dir='ltr'><strong>ejus</strong></span> <span class='ocrx_word' id='word_1_513' title='bbox 1449 4109 1670 4163; x_wconf 90' lang='lat' dir='ltr'><strong>operum</strong></span> <span class='ocrx_word' id='word_1_514' title='bbox 1697 4093 1895 4162; x_wconf 83' lang='lat' dir='ltr'><strong>editor,</strong></span> 
     </span>
    </p>
   </div>
   <div class='ocr_carea' id='block_1_71' title="bbox 307 4185 1901 4256">
    <p class='ocr_par' dir='ltr' id='par_1_71' title="bbox 307 4185 1901 4256">
     <span class='ocr_line' id='line_1_71' title="bbox 307 4185 1901 4256; baseline -0.001 -14"><span class='ocrx_word' id='word_1_515' title='bbox 307 4186 504 4242; x_wconf 57' lang='lat' dir='ltr'><strong>Junilii</strong></span> <span class='ocrx_word' id='word_1_516' title='bbox 556 4185 922 4242; x_wconf 88' lang='lat' dir='ltr'><strong>testimonium</strong></span> <span class='ocrx_word' id='word_1_517' title='bbox 955 4187 1095 4256; x_wconf 89' lang='lat' dir='ltr'><strong>quod</strong></span> <span class='ocrx_word' id='word_1_518' title='bbox 1128 4185 1286 4241; x_wconf 89' lang='lat' dir='ltr'><strong>modo</strong></span> <span class='ocrx_word' id='word_1_519' title='bbox 1315 4187 1654 4241; x_wconf 84' lang='lat' dir='ltr'><strong>laudavimus</strong></span> <span class='ocrx_word' id='word_1_520' title='bbox 1679 4185 1901 4242; x_wconf 87' lang='lat' dir='ltr'><strong>excitat.</strong></span> 
     </span>
    </p>
   </div>
   <div class='ocr_carea' id='block_1_72' title="bbox 305 4277 1902 4350">
    <p class='ocr_par' dir='ltr' id='par_1_72' title="bbox 305 4277 1902 4350">
     <span class='ocr_line' id='line_1_72' title="bbox 305 4277 1902 4350; baseline -0.001 -14"><span class='ocrx_word' id='word_1_521' title='bbox 305 4280 368 4336; x_wconf 85' lang='lat' dir='ltr'><strong>In</strong></span> <span class='ocrx_word' id='word_1_522' title='bbox 404 4280 510 4334; x_wconf 91' lang='lat' dir='ltr'><strong>hoc</strong></span> <span class='ocrx_word' id='word_1_523' title='bbox 538 4287 715 4333; x_wconf 87' lang='lat' dir='ltr'><strong>autem</strong></span> <span class='ocrx_word' id='word_1_524' title='bbox 746 4277 929 4333; x_wconf 83' lang='lat' dir='ltr'><strong>.lunilii</strong></span> <span class='ocrx_word' id='word_1_525' title='bbox 981 4294 1147 4348; x_wconf 89' lang='lat' dir='ltr'><strong>opere</strong></span> <span class='ocrx_word' id='word_1_526' title='bbox 1196 4280 1450 4334; x_wconf 89' lang='lat' dir='ltr'><strong>nonnulla</strong></span> <span class='ocrx_word' id='word_1_527' title='bbox 1481 4283 1637 4335; x_wconf 87' lang='lat' dir='ltr'><strong>caute</strong></span> <span class='ocrx_word' id='word_1_528' title='bbox 1679 4280 1902 4350; x_wconf 87' lang='lat' dir='ltr'><strong>legenda</strong></span> 
     </span>
    </p>
   </div>
   <div class='ocr_carea' id='block_1_73' title="bbox 303 4370 1904 4444">
    <p class='ocr_par' dir='ltr' id='par_1_73' title="bbox 303 4370 1904 4444">
     <span class='ocr_line' id='line_1_73' title="bbox 303 4370 1904 4444; baseline -0.001 -17"><span class='ocrx_word' id='word_1_529' title='bbox 303 4373 528 4427; x_wconf 87' lang='lat' dir='ltr'><strong>monuit</strong></span> <span class='ocrx_word' id='word_1_530' title='bbox 583 4370 944 4427; x_wconf 86' lang='lat' dir='ltr'><strong>Brasichellus</strong></span> <span class='ocrx_word' id='word_1_531' title='bbox 989 4373 1088 4444; x_wconf 84' lang='lat' dir='ltr'><strong>(g).</strong></span> <span class='ocrx_word' id='word_1_532' title='bbox 1123 4372 1380 4427; x_wconf 86' lang='lat' dir='ltr'><strong>Accrbius</strong></span> <span class='ocrx_word' id='word_1_533' title='bbox 1426 4372 1478 4426; x_wconf 89' lang='lat' dir='ltr'><strong>in</strong></span> <span class='ocrx_word' id='word_1_534' title='bbox 1527 4373 1683 4440; x_wconf 91' lang='lat' dir='ltr'><strong>hujus</strong></span> <span class='ocrx_word' id='word_1_535' title='bbox 1739 4373 1904 4428; x_wconf 88' lang='lat' dir='ltr'><strong>libelli</strong></span> 
     </span>
    </p>
   </div>
   <div class='ocr_carea' id='block_1_74' title="bbox 303 4462 1903 4535">
    <p class='ocr_par' dir='ltr' id='par_1_74' title="bbox 303 4462 1903 4535">
     <span class='ocr_line' id='line_1_74' title="bbox 303 4462 1903 4535; baseline -0.002 -17"><span class='ocrx_word' id='word_1_536' title='bbox 303 4472 597 4518; x_wconf 88' lang='lat' dir='ltr'><strong>auctorem</strong></span> <span class='ocrx_word' id='word_1_537' title='bbox 653 4462 924 4516; x_wconf 89' lang='lat' dir='ltr'><strong>invehitur</strong></span> <span class='ocrx_word' id='word_1_538' title='bbox 969 4463 1238 4535; x_wconf 68' lang='lat' dir='ltr'><strong>Simonius</strong></span> <span class='ocrx_word' id='word_1_539' title='bbox 1277 4463 1388 4532; x_wconf 80' lang='lat' dir='ltr'><strong>(Ii);</strong></span> <span class='ocrx_word' id='word_1_540' title='bbox 1443 4469 1498 4514; x_wconf 88' lang='lat' dir='ltr'><strong>at</strong></span> <span class='ocrx_word' id='word_1_541' title='bbox 1564 4463 1903 4530; x_wconf 89' lang='lat' dir='ltr'><strong>postmodum</strong></span> 
     </span>
    </p>
   </div>
   <div class='ocr_carea' id='block_1_75' title="bbox 301 4553 1905 4621">
    <p class='ocr_par' dir='ltr' id='par_1_75' title="bbox 301 4553 1905 4621">
     <span class='ocr_line' id='line_1_75' title="bbox 301 4553 1905 4621; baseline -0.004 -10"><span class='ocrx_word' id='word_1_542' title='bbox 301 4554 503 4613; x_wconf 81' lang='lat' dir='ltr'><strong>mitius</strong></span> <span class='ocrx_word' id='word_1_543' title='bbox 554 4554 704 4608; x_wconf 88' lang='lat' dir='ltr'><strong>illum</strong></span> <span class='ocrx_word' id='word_1_544' title='bbox 734 4554 1004 4621; x_wconf 81' lang='lat' dir='ltr'><strong>excipiens</strong></span> <span class='ocrx_word' id='word_1_545' title='bbox 1034 4593 1049 4616; x_wconf 89' lang='lat'><strong>,</strong></span> <span class='ocrx_word' id='word_1_546' title='bbox 1101 4553 1370 4606; x_wconf 76' lang='lat' dir='ltr'><strong>existimat</strong></span> <span class='ocrx_word' id='word_1_547' title='bbox 1424 4554 1540 4621; x_wconf 88' lang='lat' dir='ltr'><strong>ejus</strong></span> <span class='ocrx_word' id='word_1_548' title='bbox 1592 4553 1905 4621; x_wconf 89' lang='lat' dir='ltr'><strong>opusculum</strong></span> 
     </span>
    </p>
   </div>
   <div class='ocr_carea' id='block_1_76' title="bbox 2071 3355 3583 3430">
    <p class='ocr_par' dir='ltr' id='par_1_76' title="bbox 2071 3355 3583 3430">
     <span class='ocr_line' id='line_1_76' title="bbox 2071 3355 3583 3430; baseline -0.003 -11"><span class='ocrx_word' id='word_1_549' title='bbox 2071 3365 2160 3419; x_wconf 86' lang='lat' dir='ltr'><strong>IV.</strong></span> <span class='ocrx_word' id='word_1_550' title='bbox 2201 3362 2526 3430; x_wconf 85' lang='lat' dir='ltr'><strong>Opusculum</strong></span> <span class='ocrx_word' id='word_1_551' title='bbox 2551 3375 2705 3415; x_wconf 86' lang='lat' dir='ltr'><strong>suum</strong></span> <span class='ocrx_word' id='word_1_552' title='bbox 2731 3359 3056 3426; x_wconf 80' lang='lat' dir='ltr'><strong>nuncupavit</strong></span> <span class='ocrx_word' id='word_1_553' title='bbox 3075 3357 3302 3413; x_wconf 86' lang='lat' dir='ltr'><strong>Junilius</strong></span> <span class='ocrx_word' id='word_1_554' title='bbox 3321 3355 3583 3414; x_wconf 85' lang='lat' dir='ltr'><strong>Primasio</strong></span> 
     </span>
    </p>
   </div>
   <div class='ocr_carea' id='block_1_77' title="bbox 1996 3449 3584 3519">
    <p class='ocr_par' dir='ltr' id='par_1_77' title="bbox 1996 3449 3584 3519">
     <span class='ocr_line' id='line_1_77' title="bbox 1996 3449 3584 3519; baseline -0.006 -9"><span class='ocrx_word' id='word_1_555' title='bbox 1996 3453 2349 3510; x_wconf 80' lang='lat' dir='ltr'><strong>Adrumetino</strong></span> <span class='ocrx_word' id='word_1_556' title='bbox 2399 3453 2513 3507; x_wconf 89' lang='lat' dir='ltr'><strong>sive</strong></span> <span class='ocrx_word' id='word_1_557' title='bbox 2581 3449 3122 3519; x_wconf 81' lang='lat' dir='ltr'><strong>Justinianopolitauo</strong></span> <span class='ocrx_word' id='word_1_558' title='bbox 3177 3452 3448 3518; x_wconf 85' lang='lat' dir='ltr'><strong>episc0po,</strong></span> <span class='ocrx_word' id='word_1_559' title='bbox 3493 3449 3584 3518; x_wconf 88' lang='lat' dir='ltr'><strong>qui</strong></span> 
     </span>
    </p>
   </div>
   <div class='ocr_carea' id='block_1_78' title="bbox 1999 3543 3585 3618">
    <p class='ocr_par' dir='ltr' id='par_1_78' title="bbox 1999 3543 3585 3618">
     <span class='ocr_line' id='line_1_78' title="bbox 1999 3543 3585 3618; baseline -0.003 -15"><span class='ocrx_word' id='word_1_560' title='bbox 1999 3563 2137 3604; x_wconf 88' lang='lat' dir='ltr'><strong>anno</strong></span> <span class='ocrx_word' id='word_1_561' title='bbox 2159 3549 2264 3604; x_wconf 77' lang='grc'><strong>555</strong></span> <span class='ocrx_word' id='word_1_562' title='bbox 2296 3547 2473 3618; x_wconf 86' lang='lat' dir='ltr'><strong>Vigilii</strong></span> <span class='ocrx_word' id='word_1_563' title='bbox 2502 3560 2653 3617; x_wconf 86' lang='lat' dir='ltr'><strong>papae</strong></span> <span class='ocrx_word' id='word_1_564' title='bbox 2680 3545 2980 3601; x_wconf 87' lang='lat' dir='ltr'><strong>Constituto</strong></span> <span class='ocrx_word' id='word_1_565' title='bbox 3011 3560 3107 3615; x_wconf 88' lang='lat' dir='ltr'><strong>pro</strong></span> <span class='ocrx_word' id='word_1_566' title='bbox 3138 3545 3310 3600; x_wconf 83' lang='lat' dir='ltr'><strong>tribus</strong></span> <span class='ocrx_word' id='word_1_567' title='bbox 3337 3543 3585 3613; x_wconf 77' lang='lat' dir='ltr'><strong>Capitulis</strong></span> 
     </span>
    </p>
   </div>
   <div class='ocr_carea' id='block_1_79' title="bbox 1997 3636 3582 3712">
    <p class='ocr_par' dir='ltr' id='par_1_79' title="bbox 1997 3636 3582 3712">
     <span class='ocr_line' id='line_1_79' title="bbox 1997 3636 3582 3712; baseline -0.006 -15"><span class='ocrx_word' id='word_1_568' title='bbox 1997 3640 2330 3712; x_wconf 88' lang='lat' dir='ltr'><strong>subscripsit.</strong></span> <span class='ocrx_word' id='word_1_569' title='bbox 2363 3639 2525 3696; x_wconf 81' lang='lat' dir='ltr'><strong>Miror</strong></span> <span class='ocrx_word' id='word_1_570' title='bbox 2553 3639 2797 3708; x_wconf 87' lang='lat' dir='ltr'><strong>equidem</strong></span> <span class='ocrx_word' id='word_1_571' title='bbox 2828 3637 3047 3692; x_wconf 70' lang='lat' dir='ltr'><strong>haesisse</strong></span> <span class='ocrx_word' id='word_1_572' title='bbox 3068 3637 3339 3693; x_wconf 88' lang='lat' dir='ltr'><strong>Labbeum</strong></span> <span class='ocrx_word' id='word_1_573' title='bbox 3371 3639 3436 3692; x_wconf 91' lang='lat' dir='ltr'><strong>de</strong></span> <span class='ocrx_word' id='word_1_574' title='bbox 3459 3636 3582 3690; x_wconf 75' lang='lat' dir='ltr'><strong>Pri-</strong></span> 
     </span>
    </p>
   </div>
   <div class='ocr_carea' id='block_1_80' title="bbox 1999 3729 3585 3803">
    <p class='ocr_par' dir='ltr' id='par_1_80' title="bbox 1999 3729 3585 3803">
     <span class='ocr_line' id='line_1_80' title="bbox 1999 3729 3585 3803; baseline -0.005 -14"><span class='ocrx_word' id='word_1_575' title='bbox 1999 3735 2152 3789; x_wconf 89' lang='lat' dir='ltr'><strong>masii</strong></span> <span class='ocrx_word' id='word_1_576' title='bbox 2170 3733 2319 3800; x_wconf 88' lang='lat' dir='ltr'><strong>sede,</strong></span> <span class='ocrx_word' id='word_1_577' title='bbox 2339 3749 2507 3803; x_wconf 79' lang='lat' dir='ltr'><strong>quem,</strong></span> <span class='ocrx_word' id='word_1_578' title='bbox 2525 3733 2621 3796; x_wconf 85' lang='lat' dir='ltr'><strong>ait,</strong></span> <span class='ocrx_word' id='word_1_579' title='bbox 2641 3731 2731 3786; x_wconf 83' lang='lat' dir='ltr'><strong>alii</strong></span> <span class='ocrx_word' id='word_1_580' title='bbox 2755 3730 3062 3795; x_wconf 59' lang='lat' dir='ltr'><strong>Uticensem,</strong></span> <span class='ocrx_word' id='word_1_581' title='bbox 3085 3729 3174 3783; x_wconf 81' lang='lat' dir='ltr'><strong>alii</strong></span> <span class='ocrx_word' id='word_1_582' title='bbox 3197 3729 3585 3782; x_wconf 83' lang='lat' dir='ltr'><strong>Adrumetinum</strong></span> 
     </span>
    </p>
   </div>
   <div class='ocr_carea' id='block_1_81' title="bbox 1998 3820 3586 3891">
    <p class='ocr_par' dir='ltr' id='par_1_81' title="bbox 1998 3820 3586 3891">
     <span class='ocr_line' id='line_1_81' title="bbox 1998 3820 3586 3891; baseline -0.005 -11"><span class='ocrx_word' id='word_1_583' title='bbox 1998 3834 2223 3880; x_wconf 80' lang='lat' dir='ltr'><strong>censmt.</strong></span> <span class='ocrx_word' id='word_1_584' title='bbox 2274 3823 2552 3878; x_wconf 83' lang='lat' dir='ltr'><strong>Fabricius</strong></span> <span class='ocrx_word' id='word_1_585' title='bbox 2582 3837 2708 3876; x_wconf 91' lang='lat' dir='ltr'><strong>vero</strong></span> <span class='ocrx_word' id='word_1_586' title='bbox 2729 3821 2978 3876; x_wconf 90' lang='lat' dir='ltr'><strong>eumdem</strong></span> <span class='ocrx_word' id='word_1_587' title='bbox 3009 3821 3302 3891; x_wconf 83' lang='lat' dir='ltr'><strong>episc0pnm</strong></span> <span class='ocrx_word' id='word_1_588' title='bbox 3328 3820 3382 3873; x_wconf 87' lang='lat' dir='ltr'><strong>in</strong></span> <span class='ocrx_word' id='word_1_589' title='bbox 3408 3820 3586 3890; x_wconf 80' lang='lat' dir='ltr'><strong>Africa</strong></span> 
     </span>
    </p>
   </div>
   <div class='ocr_carea' id='block_1_82' title="bbox 2002 3911 3588 3988">
    <p class='ocr_par' dir='ltr' id='par_1_82' title="bbox 2002 3911 3588 3988">
     <span class='ocr_line' id='line_1_82' title="bbox 2002 3911 3588 3988; baseline -0.004 -17"><span class='ocrx_word' id='word_1_590' title='bbox 2002 3915 2498 3988; x_wconf 81' lang='lat' dir='ltr'><strong>Justinopolitanum</strong></span> <span class='ocrx_word' id='word_1_591' title='bbox 2544 3914 2711 3970; x_wconf 88' lang='lat' dir='ltr'><strong>semel</strong></span> <span class='ocrx_word' id='word_1_592' title='bbox 2760 3915 3058 3982; x_wconf 88' lang='lat' dir='ltr'><strong>iterumque</strong></span> <span class='ocrx_word' id='word_1_593' title='bbox 3089 3927 3370 3982; x_wconf 85' lang='lat' dir='ltr'><strong>perperam</strong></span> <span class='ocrx_word' id='word_1_594' title='bbox 3399 3911 3588 3980; x_wconf 80' lang='lat' dir='ltr'><strong>appel-</strong></span> 
     </span>
    </p>
   </div>
   <div class='ocr_carea' id='block_1_83' title="bbox 2000 4001 3586 4080">
    <p class='ocr_par' dir='ltr' id='par_1_83' title="bbox 2000 4001 3586 4080">
     <span class='ocr_line' id='line_1_83' title="bbox 2000 4001 3586 4080; baseline -0.003 -18"><span class='ocrx_word' id='word_1_595' title='bbox 2000 4009 2076 4062; x_wconf 86' lang='lat' dir='ltr'><strong>lat</strong></span> <span class='ocrx_word' id='word_1_596' title='bbox 2101 4010 2200 4080; x_wconf 83' lang='lat' dir='ltr'><strong>(n).</strong></span> <span class='ocrx_word' id='word_1_597' title='bbox 2229 4007 2365 4075; x_wconf 85' lang='lat' dir='ltr'><strong>Quid</strong></span> <span class='ocrx_word' id='word_1_598' title='bbox 2393 4021 2553 4076; x_wconf 88' lang='lat' dir='ltr'><strong>porro</strong></span> <span class='ocrx_word' id='word_1_599' title='bbox 2583 4020 2704 4060; x_wconf 90' lang='lat' dir='ltr'><strong>eum</strong></span> <span class='ocrx_word' id='word_1_600' title='bbox 2728 4003 2906 4059; x_wconf 84' lang='lat' dir='ltr'><strong>Africa</strong></span> <span class='ocrx_word' id='word_1_601' title='bbox 2928 4002 3314 4072; x_wconf 79' lang='lat' dir='ltr'><strong>Justinopolis?</strong></span> <span class='ocrx_word' id='word_1_602' title='bbox 3352 4001 3586 4070; x_wconf 86' lang='lat' dir='ltr'><strong>Uterque</strong></span> 
     </span>
    </p>
   </div>
   <div class='ocr_carea' id='block_1_84' title="bbox 2003 4092 3581 4170">
    <p class='ocr_par' dir='ltr' id='par_1_84' title="bbox 2003 4092 3581 4170">
     <span class='ocr_line' id='line_1_84' title="bbox 2003 4092 3581 4170; baseline -0.004 -16"><span class='ocrx_word' id='word_1_603' title='bbox 2003 4100 2161 4170; x_wconf 83' lang='lat' dir='ltr'><strong>igitur</strong></span> <span class='ocrx_word' id='word_1_604' title='bbox 2189 4097 2554 4156; x_wconf 89' lang='lat' dir='ltr'><strong>emendandus</strong></span> <span class='ocrx_word' id='word_1_605' title='bbox 2593 4111 2660 4151; x_wconf 81' lang='lat' dir='ltr'><strong>ex</strong></span> <span class='ocrx_word' id='word_1_606' title='bbox 2701 4096 2867 4165; x_wconf 90' lang='lat' dir='ltr'><strong>ipsius</strong></span> <span class='ocrx_word' id='word_1_607' title='bbox 2893 4094 3140 4162; x_wconf 88' lang='lat' dir='ltr'><strong>praesulis</strong></span> <span class='ocrx_word' id='word_1_608' title='bbox 3169 4092 3581 4161; x_wconf 86' lang='lat' dir='ltr'><strong>subscriptione,</strong></span> 
     </span>
    </p>
   </div>
   <div class='ocr_carea' id='block_1_85' title="bbox 2005 4181 3586 4263">
    <p class='ocr_par' dir='ltr' id='par_1_85' title="bbox 2005 4181 3586 4263">
     <span class='ocr_line' id='line_1_85' title="bbox 2005 4181 3586 4263; baseline -0.006 -17"><span class='ocrx_word' id='word_1_609' title='bbox 2005 4207 2124 4263; x_wconf 75' lang='lat' dir='ltr'><strong>qua:</strong></span> <span class='ocrx_word' id='word_1_610' title='bbox 2153 4192 2206 4244; x_wconf 90' lang='lat' dir='ltr'><strong>in</strong></span> <span class='ocrx_word' id='word_1_611' title='bbox 2238 4189 2369 4244; x_wconf 87' lang='lat' dir='ltr'><strong>actis</strong></span> <span class='ocrx_word' id='word_1_612' title='bbox 2396 4187 2746 4243; x_wconf 90' lang='lat' dir='ltr'><strong>conciliorum</strong></span> <span class='ocrx_word' id='word_1_613' title='bbox 2788 4188 2864 4240; x_wconf 90' lang='lat' dir='ltr'><strong>sic</strong></span> <span class='ocrx_word' id='word_1_614' title='bbox 2903 4185 3123 4240; x_wconf 80' lang='lat' dir='ltr'><strong>effertur</strong></span> <span class='ocrx_word' id='word_1_615' title='bbox 3151 4183 3226 4254; x_wconf 90' lang='grc' dir='ltr'><strong>(ο)</strong></span> <span class='ocrx_word' id='word_1_616' title='bbox 3254 4201 3267 4237; x_wconf 88' lang='lat'><strong>:</strong></span> <span class='ocrx_word' id='word_1_617' title='bbox 3301 4181 3586 4237; x_wconf 76' lang='lat' dir='ltr'><strong>Primasius</strong></span> 
     </span>
    </p>
   </div>
   <div class='ocr_carea' id='block_1_86' title="bbox 2006 4274 3588 4353">
    <p class='ocr_par' dir='ltr' id='par_1_86' title="bbox 2006 4274 3588 4353">
     <span class='ocr_line' id='line_1_86' title="bbox 2006 4274 3588 4353; baseline -0.005 -20"><span class='ocrx_word' id='word_1_618' title='bbox 2006 4281 2102 4336; x_wconf 85' lang='lat' dir='ltr'><strong>Dei</strong></span> <span class='ocrx_word' id='word_1_619' title='bbox 2135 4281 2303 4353; x_wconf 86' lang='lat' dir='ltr'><strong>gratia</strong></span> <span class='ocrx_word' id='word_1_620' title='bbox 2341 4281 2608 4350; x_wconf 79' lang='lat' dir='ltr'><strong>episcOpus</strong></span> <span class='ocrx_word' id='word_1_621' title='bbox 2651 4278 2867 4331; x_wconf 82' lang='lat' dir='ltr'><strong>civitatis</strong></span> <span class='ocrx_word' id='word_1_622' title='bbox 2899 4275 3266 4341; x_wconf 77' lang='lat' dir='ltr'><strong>Adrumetime,</strong></span> <span class='ocrx_word' id='word_1_623' title='bbox 3297 4289 3411 4342; x_wconf 68' lang='lat' dir='ltr'><strong>quae</strong></span> <span class='ocrx_word' id='word_1_624' title='bbox 3433 4274 3588 4326; x_wconf 78' lang='lat' dir='ltr'><strong>etiam</strong></span> 
     </span>
    </p>
   </div>
   <div class='ocr_carea' id='block_1_87' title="bbox 2005 4363 3589 4441">
    <p class='ocr_par' dir='ltr' id='par_1_87' title="bbox 2005 4363 3589 4441">
     <span class='ocr_line' id='line_1_87' title="bbox 2005 4363 3589 4441; baseline -0.009 -14"><span class='ocrx_word' id='word_1_625' title='bbox 2005 4373 2432 4441; x_wconf 82' lang='lat' dir='ltr'><strong>Justinianopolis</strong></span> <span class='ocrx_word' id='word_1_626' title='bbox 2463 4371 2669 4435; x_wconf 85' lang='lat' dir='ltr'><strong>dicitur,</strong></span> <span class='ocrx_word' id='word_1_627' title='bbox 2702 4369 2904 4422; x_wconf 80' lang='lat' dir='ltr'><strong>concilii</strong></span> <span class='ocrx_word' id='word_1_628' title='bbox 2934 4367 3212 4436; x_wconf 84' lang='lat' dir='ltr'><strong>Bysaceni,</strong></span> <span class='ocrx_word' id='word_1_629' title='bbox 3246 4365 3366 4416; x_wconf 78' lang='lat' dir='ltr'><strong>huic</strong></span> <span class='ocrx_word' id='word_1_630' title='bbox 3394 4363 3589 4414; x_wconf 70' lang='lat' dir='ltr'><strong>coniti-</strong></span> 
     </span>
    </p>
   </div>
   <div class='ocr_carea' id='block_1_88' title="bbox 2011 4453 3594 4532">
    <p class='ocr_par' dir='ltr' id='par_1_88' title="bbox 2011 4453 3594 4532">
     <span class='ocr_line' id='line_1_88' title="bbox 2011 4453 3594 4532; baseline -0.008 -16"><span class='ocrx_word' id='word_1_631' title='bbox 2011 4474 2114 4516; x_wconf 88' lang='lat' dir='ltr'><strong>tuto</strong></span> <span class='ocrx_word' id='word_1_632' title='bbox 2139 4463 2274 4532; x_wconf 88' lang='lat' dir='ltr'><strong>quod</strong></span> <span class='ocrx_word' id='word_1_633' title='bbox 2299 4461 2471 4515; x_wconf 81' lang='lat' dir='ltr'><strong>beatus</strong></span> <span class='ocrx_word' id='word_1_634' title='bbox 2495 4476 2630 4529; x_wconf 85' lang='lat' dir='ltr'><strong>papa</strong></span> <span class='ocrx_word' id='word_1_635' title='bbox 2659 4458 2880 4527; x_wconf 81' lang='lat' dir='ltr'><strong>Vigilins</strong></span> <span class='ocrx_word' id='word_1_636' title='bbox 2907 4458 2954 4508; x_wconf 84' lang='lat' dir='ltr'><strong>in</strong></span> <span class='ocrx_word' id='word_1_637' title='bbox 2983 4471 3135 4507; x_wconf 85' lang='lat' dir='ltr'><strong>causa</strong></span> <span class='ocrx_word' id='word_1_638' title='bbox 3159 4454 3313 4505; x_wconf 80' lang='lat' dir='ltr'><strong>trium</strong></span> <span class='ocrx_word' id='word_1_639' title='bbox 3338 4453 3594 4520; x_wconf 84' lang='lat' dir='ltr'><strong>capitulo-</strong></span> 
     </span>
    </p>
   </div>
   <div class='ocr_carea' id='block_1_89' title="bbox 2009 4545 3590 4623">
    <p class='ocr_par' dir='ltr' id='par_1_89' title="bbox 2009 4545 3590 4623">
     <span class='ocr_line' id='line_1_89' title="bbox 2009 4545 3590 4623; baseline -0.005 -18"><span class='ocrx_word' id='word_1_640' title='bbox 2009 4569 2126 4605; x_wconf 84' lang='lat' dir='ltr'><strong>rum</strong></span> <span class='ocrx_word' id='word_1_641' title='bbox 2155 4553 2386 4623; x_wconf 83' lang='lat' dir='ltr'><strong>protulit,</strong></span> <span class='ocrx_word' id='word_1_642' title='bbox 2419 4551 2734 4603; x_wconf 81' lang='lat' dir='ltr'><strong>consentiens</strong></span> <span class='ocrx_word' id='word_1_643' title='bbox 2779 4547 3078 4615; x_wconf 81' lang='lat' dir='ltr'><strong>subscripsi.</strong></span> <span class='ocrx_word' id='word_1_644' title='bbox 3126 4545 3280 4613; x_wconf 86' lang='lat' dir='ltr'><strong>Quod</strong></span> <span class='ocrx_word' id='word_1_645' title='bbox 3320 4557 3590 4614; x_wconf 62' lang='lat' dir='ltr'><strong>superest,</strong></span> 
     </span>
    </p>
   </div>
   <div class='ocr_carea' id='block_1_90' title="bbox 300 4638 3594 4722">
    <p class='ocr_par' dir='ltr' id='par_1_90' title="bbox 300 4638 3594 4722">
     <span class='ocr_line' id='line_1_90' title="bbox 300 4638 3594 4722; baseline -0.004 -18"><span class='ocrx_word' id='word_1_646' title='bbox 300 4649 490 4704; x_wconf 87' lang='lat' dir='ltr'><strong>fuisse</strong></span> <span class='ocrx_word' id='word_1_647' title='bbox 515 4653 848 4711; x_wconf 88' lang='lat' dir='ltr'><strong>corruptum.</strong></span> <span class='ocrx_word' id='word_1_648' title='bbox 884 4643 1066 4711; x_wconf 86' lang='lat' dir='ltr'><strong>Neque</strong></span> <span class='ocrx_word' id='word_1_649' title='bbox 1093 4643 1234 4697; x_wconf 91' lang='lat' dir='ltr'><strong>enim</strong></span> <span class='ocrx_word' id='word_1_650' title='bbox 1260 4683 1275 4709; x_wconf 93' lang='lat'><strong>,</strong></span> <span class='ocrx_word' id='word_1_651' title='bbox 1323 4643 1536 4713; x_wconf 88' lang='lat' dir='ltr'><strong>inquit,</strong></span> <span class='ocrx_word' id='word_1_652' title='bbox 1567 4643 1646 4710; x_wconf 82' lang='lat' dir='ltr'><strong>fas</strong></span> <span class='ocrx_word' id='word_1_653' title='bbox 1675 4653 1758 4699; x_wconf 91' lang='lat' dir='ltr'><strong>est</strong></span> <span class='ocrx_word' id='word_1_654' title='bbox 1783 4644 1903 4716; x_wconf 88' lang='lat' dir='ltr'><strong>opi-</strong></span> <span class='ocrx_word' id='word_1_655' title='bbox 1933 4661 1983 4722; x_wconf 82' lang='grc' dir='ltr'>ι)</span> <span class='ocrx_word' id='word_1_656' title='bbox 2009 4643 2191 4700; x_wconf 80' lang='lat' dir='ltr'><strong>Junilii</strong></span> <span class='ocrx_word' id='word_1_657' title='bbox 2228 4657 2362 4713; x_wconf 90' lang='lat' dir='ltr'><strong>opus</strong></span> <span class='ocrx_word' id='word_1_658' title='bbox 2396 4641 2593 4713; x_wconf 89' lang='lat' dir='ltr'><strong>prodiit</strong></span> <span class='ocrx_word' id='word_1_659' title='bbox 2629 4640 2857 4711; x_wconf 90' lang='lat' dir='ltr'><strong>primum</strong></span> <span class='ocrx_word' id='word_1_660' title='bbox 2895 4639 3114 4694; x_wconf 75' lang='lat' dir='ltr'><strong>Basilea:</strong></span> <span class='ocrx_word' id='word_1_661' title='bbox 3155 4653 3296 4693; x_wconf 90' lang='lat' dir='ltr'><strong>anno</strong></span> <span class='ocrx_word' id='word_1_662' title='bbox 3327 4638 3459 4694; x_wconf 76' lang='grc'><strong>1546</strong></span> <span class='ocrx_word' id='word_1_663' title='bbox 3502 4655 3594 4693; x_wconf 49' lang='lat' dir='ltr'><strong>cu.</strong></span> 
     </span>
    </p>
   </div>
   <div class='ocr_carea' id='block_1_91' title="bbox 299 4733 1903 4805">
    <p class='ocr_par' dir='ltr' id='par_1_91' title="bbox 299 4733 1903 4805">
     <span class='ocr_line' id='line_1_91' title="bbox 299 4733 1903 4805; baseline 0.001 -12"><span class='ocrx_word' id='word_1_664' title='bbox 299 4735 436 4796; x_wconf 86' lang='lat' dir='ltr'><strong>nari</strong></span> <span class='ocrx_word' id='word_1_665' title='bbox 463 4733 774 4789; x_wconf 88' lang='lat' dir='ltr'><strong>Africanum</strong></span> <span class='ocrx_word' id='word_1_666' title='bbox 798 4733 1107 4804; x_wconf 90' lang='lat' dir='ltr'><strong>episc0pnm</strong></span> <span class='ocrx_word' id='word_1_667' title='bbox 1132 4748 1234 4788; x_wconf 88' lang='lat' dir='ltr'><strong>non</strong></span> <span class='ocrx_word' id='word_1_668' title='bbox 1252 4734 1418 4790; x_wconf 89' lang='lat' dir='ltr'><strong>solum</strong></span> <span class='ocrx_word' id='word_1_669' title='bbox 1439 4736 1903 4805; x_wconf 78' lang='lat' dir='ltr'><strong>nonnullosltbros</strong></span> 
     </span>
    </p>
   </div>
   <div class='ocr_carea' id='block_1_92' title="bbox 301 4823 1898 4894">
    <p class='ocr_par' dir='ltr' id='par_1_92' title="bbox 301 4823 1898 4894">
     <span class='ocr_line' id='line_1_92' title="bbox 301 4823 1898 4894; baseline -0.001 -10"><span class='ocrx_word' id='word_1_670' title='bbox 301 4823 862 4891; x_wconf 88' lang='lat' dir='ltr'><strong>deuterocanonicos,</strong></span> <span class='ocrx_word' id='word_1_671' title='bbox 887 4837 1072 4879; x_wconf 86' lang='lat' dir='ltr'><strong>verum</strong></span> <span class='ocrx_word' id='word_1_672' title='bbox 1095 4823 1256 4878; x_wconf 90' lang='lat' dir='ltr'><strong>etiam</strong></span> <span class='ocrx_word' id='word_1_673' title='bbox 1288 4826 1728 4894; x_wconf 86' lang='lat' dir='ltr'><strong>protocanonicos</strong></span> <span class='ocrx_word' id='word_1_674' title='bbox 1745 4837 1898 4883; x_wconf 88' lang='lat' dir='ltr'><strong>extra</strong></span> 
     </span>
    </p>
   </div>
   <div class='ocr_carea' id='block_1_93' title="bbox 302 4914 1900 4992">
    <p class='ocr_par' dir='ltr' id='par_1_93' title="bbox 302 4914 1900 4992">
     <span class='ocr_line' id='line_1_93' title="bbox 302 4914 1900 4992; baseline 0.002 -17"><span class='ocrx_word' id='word_1_675' title='bbox 302 4930 581 4975; x_wconf 89' lang='lat' dir='ltr'><strong>canonem</strong></span> <span class='ocrx_word' id='word_1_676' title='bbox 619 4929 892 4972; x_wconf 88' lang='lat' dir='ltr'><strong>sacrarum</strong></span> <span class='ocrx_word' id='word_1_677' title='bbox 917 4914 1310 4986; x_wconf 83' lang='lat' dir='ltr'><strong>Scripturaruin</strong></span> <span class='ocrx_word' id='word_1_678' title='bbox 1346 4918 1591 4987; x_wconf 88' lang='lat' dir='ltr'><strong>posuisse</strong></span> <span class='ocrx_word' id='word_1_679' title='bbox 1622 4919 1706 4992; x_wconf 76' lang='grc' dir='ltr'><strong>(ἱ),</strong></span> <span class='ocrx_word' id='word_1_680' title='bbox 1739 4929 1900 4992; x_wconf 89' lang='lat' dir='ltr'><strong>atque</strong></span> 
     </span>
    </p>
   </div>
   <div class='ocr_carea' id='block_1_94' title="bbox 385 5172 1659 5250">
    <p class='ocr_par' dir='ltr' id='par_1_94' title="bbox 385 5172 1659 5250">
     <span class='ocr_line' id='line_1_94' title="bbox 385 5172 1659 5250; baseline 0.005 -23"><span class='ocrx_word' id='word_1_681' title='bbox 385 5174 470 5250; x_wconf 76' lang='grc' dir='ltr'><strong>(ᾳ)</strong></span> <span class='ocrx_word' id='word_1_682' title='bbox 511 5172 722 5250; x_wconf 51' lang='lat' dir='ltr'><strong>Fabric,</strong></span> <span class='ocrx_word' id='word_1_683' title='bbox 755 5175 888 5232; x_wconf 82' lang='lat' dir='ltr'><strong>Bibi.</strong></span> <span class='ocrx_word' id='word_1_684' title='bbox 920 5179 1062 5250; x_wconf 78' lang='lat' dir='ltr'><strong>med.</strong></span> <span class='ocrx_word' id='word_1_685' title='bbox 1097 5187 1228 5233; x_wconf 89' lang='lat' dir='ltr'><strong>tom.</strong></span> <span class='ocrx_word' id='word_1_686' title='bbox 1263 5179 1352 5245; x_wconf 79' lang='lat' dir='ltr'><strong>IV,</strong></span> <span class='ocrx_word' id='word_1_687' title='bbox 1385 5196 1502 5250; x_wconf 84' lang='lat' dir='ltr'><strong>pag.</strong></span> <span class='ocrx_word' id='word_1_688' title='bbox 1534 5181 1659 5235; x_wconf 82' lang='lat'><strong>600.</strong></span> 
     </span>
    </p>
   </div>
   <div class='ocr_carea' id='block_1_95' title="bbox 384 5244 1897 5324">
    <p class='ocr_par' dir='ltr' id='par_1_95' title="bbox 384 5244 1897 5324">
     <span class='ocr_line' id='line_1_95' title="bbox 384 5244 1897 5324; baseline 0.003 -23"><span class='ocrx_word' id='word_1_689' title='bbox 384 5244 472 5324; x_wconf 71' lang='grc' dir='ltr'><strong>(ὁ)</strong></span> <span class='ocrx_word' id='word_1_690' title='bbox 509 5244 914 5324; x_wconf 59' lang='lat' dir='ltr'><strong>f._abb._l)isser_t._</strong></span> <span class='ocrx_word' id='word_1_691' title='bbox 927 5249 996 5324; x_wconf 81' lang='lat' dir='ltr'><strong>de</strong></span> <span class='ocrx_word' id='word_1_692' title='bbox 1011 5253 1258 5319; x_wconf 86' lang='lat' dir='ltr'><strong>scriptor.</strong></span> <span class='ocrx_word' id='word_1_693' title='bbox 1279 5244 1410 5324; x_wconf 62' lang='grc' dir='ltr'><strong>φρει.</strong></span> <span class='ocrx_word' id='word_1_694' title='bbox 1428 5244 1556 5305; x_wconf 75' lang='lat' dir='ltr'><strong>tom.</strong></span> <span class='ocrx_word' id='word_1_695' title='bbox 1579 5253 1618 5316; x_wconf 92' lang='lat' dir='ltr'><strong>l,</strong></span> <span class='ocrx_word' id='word_1_696' title='bbox 1639 5266 1756 5324; x_wconf 83' lang='lat' dir='ltr'><strong>pag.</strong></span> <span class='ocrx_word' id='word_1_697' title='bbox 1774 5252 1897 5309; x_wconf 76' lang='lat'><strong>663.</strong></span> 
     </span>
    </p>
   </div>
   <div class='ocr_carea' id='block_1_96' title="bbox 387 5317 1895 5395">
    <p class='ocr_par' dir='ltr' id='par_1_96' title="bbox 387 5317 1895 5395">
     <span class='ocr_line' id='line_1_96' title="bbox 387 5317 1895 5395; baseline 0.005 -25"><span class='ocrx_word' id='word_1_698' title='bbox 387 5317 469 5390; x_wconf 76' lang='grc' dir='ltr'><strong>(ο)</strong></span> <span class='ocrx_word' id='word_1_699' title='bbox 508 5317 642 5372; x_wconf 84' lang='lat' dir='ltr'><strong>Sixt.</strong></span> <span class='ocrx_word' id='word_1_700' title='bbox 682 5318 835 5395; x_wconf 62' lang='lat' dir='ltr'><strong>§en._</strong></span> <span class='ocrx_word' id='word_1_701' title='bbox 863 5320 996 5376; x_wconf 89' lang='lat' dir='ltr'><strong>Bibl.</strong></span> <span class='ocrx_word' id='word_1_702' title='bbox 1047 5317 1242 5387; x_wconf 82' lang='lat' dir='ltr'><strong>sanct.,</strong></span> <span class='ocrx_word' id='word_1_703' title='bbox 1285 5321 1380 5375; x_wconf 86' lang='lat' dir='ltr'><strong>lib.</strong></span> <span class='ocrx_word' id='word_1_704' title='bbox 1415 5337 1488 5388; x_wconf 87' lang='lat' dir='ltr'><strong>tv,</strong></span> <span class='ocrx_word' id='word_1_705' title='bbox 1530 5317 1661 5376; x_wconf 70' lang='lat' dir='ltr'><strong>tom.</strong></span> <span class='ocrx_word' id='word_1_706' title='bbox 1694 5317 1735 5390; x_wconf 56' lang='lat' dir='ltr'><strong>l&#39;,</strong></span> <span class='ocrx_word' id='word_1_707' title='bbox 1776 5340 1895 5395; x_wconf 88' lang='lat' dir='ltr'><strong>pag.</strong></span> 
     </span>
    </p>
   </div>
   <div class='ocr_carea' id='block_1_97' title="bbox 304 5388 938 5456">
    <p class='ocr_par' dir='ltr' id='par_1_97' title="bbox 304 5388 938 5456">
     <span class='ocr_line' id='line_1_97' title="bbox 304 5388 938 5456; baseline -0.013 -6"><span class='ocrx_word' id='word_1_708' title='bbox 304 5388 455 5455; x_wconf 55' lang='lat'><strong>£29,</strong></span> <span class='ocrx_word' id='word_1_709' title='bbox 484 5403 608 5442; x_wconf 86' lang='lat' dir='ltr'><strong>nov.</strong></span> <span class='ocrx_word' id='word_1_710' title='bbox 635 5388 764 5442; x_wconf 88' lang='lat' dir='ltr'><strong>edit.</strong></span> <span class='ocrx_word' id='word_1_711' title='bbox 794 5389 938 5456; x_wconf 82' lang='lat' dir='ltr'><strong>Neap</strong></span> 
     </span>
    </p>
   </div>
   <div class='ocr_carea' id='block_1_98' title="bbox 392 5458 1820 5534">
    <p class='ocr_par' dir='ltr' id='par_1_98' title="bbox 392 5458 1820 5534">
     <span class='ocr_line' id='line_1_98' title="bbox 392 5458 1820 5534; baseline 0.004 -22"><span class='ocrx_word' id='word_1_712' title='bbox 392 5458 479 5534; x_wconf 14' lang='grc' dir='ltr'><strong>(ἀν)</strong></span> <span class='ocrx_word' id='word_1_713' title='bbox 517 5458 759 5534; x_wconf 68' lang='lat' dir='ltr'><strong>Cassiod.</strong></span> <span class='ocrx_word' id='word_1_714' title='bbox 784 5460 876 5534; x_wconf 89' lang='lat' dir='ltr'><strong>lib.</strong></span> <span class='ocrx_word' id='word_1_715' title='bbox 899 5461 966 5515; x_wconf 89' lang='lat' dir='ltr'><strong>de</strong></span> <span class='ocrx_word' id='word_1_716' title='bbox 988 5459 1157 5534; x_wconf 13' lang='lat' dir='ltr'><strong>lnistit.</strong></span> <span class='ocrx_word' id='word_1_717' title='bbox 1191 5462 1356 5518; x_wconf 90' lang='lat' dir='ltr'><strong>divin.</strong></span> <span class='ocrx_word' id='word_1_718' title='bbox 1389 5464 1554 5521; x_wconf 90' lang='lat' dir='ltr'><strong>litter.</strong></span> <span class='ocrx_word' id='word_1_719' title='bbox 1584 5478 1701 5534; x_wconf 86' lang='lat' dir='ltr'><strong>cap.</strong></span> <span class='ocrx_word' id='word_1_720' title='bbox 1733 5464 1820 5521; x_wconf 77' lang='grc'><strong>10.</strong></span> 
     </span>
    </p>
   </div>
   <div class='ocr_carea' id='block_1_99' title="bbox 417 5528 1376 5599">
    <p class='ocr_par' dir='ltr' id='par_1_99' title="bbox 417 5528 1376 5599">
     <span class='ocr_line' id='line_1_99' title="bbox 417 5528 1376 5599; baseline 0.003 -15"><span class='ocrx_word' id='word_1_721' title='bbox 417 5533 471 5599; x_wconf 88' lang='lat' dir='ltr'><strong>e)</strong></span> <span class='ocrx_word' id='word_1_722' title='bbox 508 5528 672 5584; x_wconf 87' lang='lat' dir='ltr'><strong>.lunil.</strong></span> <span class='ocrx_word' id='word_1_723' title='bbox 704 5533 935 5598; x_wconf 66' lang='lat' dir='ltr'><strong>prrcfat.,</strong></span> <span class='ocrx_word' id='word_1_724' title='bbox 969 5533 1125 5597; x_wconf 86' lang='lat' dir='ltr'><strong>infra,</strong></span> <span class='ocrx_word' id='word_1_725' title='bbox 1157 5535 1261 5588; x_wconf 89' lang='lat' dir='ltr'><strong>col.</strong></span> <span class='ocrx_word' id='word_1_726' title='bbox 1292 5535 1376 5589; x_wconf 76' lang='grc'><strong>15.</strong></span> 
     </span>
    </p>
   </div>
   <div class='ocr_carea' id='block_1_100' title="bbox 390 5543 1455 5675">
    <p class='ocr_par' dir='ltr' id='par_1_100' title="bbox 390 5543 1455 5675">
     <span class='ocr_line' id='line_1_100' title="bbox 417 5543 1376 5599; baseline 0.003 -15"><span class='ocrx_word' id='word_1_727' title='bbox 417 5543 471 5599; x_wconf 77' lang='lat' dir='ltr'><strong>ej</strong></span> <span class='ocrx_word' id='word_1_728' title='bbox 508 5543 672 5584; x_wconf 86' lang='lat' dir='ltr'><strong>.Iumt.</strong></span> <span class='ocrx_word' id='word_1_729' title='bbox 704 5543 935 5598; x_wconf 68' lang='lat' dir='ltr'><strong>prmlat.,</strong></span> <span class='ocrx_word' id='word_1_730' title='bbox 969 5543 1125 5597; x_wconf 84' lang='lat' dir='ltr'><strong>intra,</strong></span> <span class='ocrx_word' id='word_1_731' title='bbox 1157 5543 1261 5588; x_wconf 71' lang='grc' dir='ltr'><strong>θοι.</strong></span> <span class='ocrx_word' id='word_1_732' title='bbox 1292 5543 1376 5589; x_wconf 78' lang='grc'><strong>15.</strong></span> 
     </span>
     <span class='ocr_line' id='line_1_101' title="bbox 390 5543 1455 5675; baseline 0.004 -20"><span class='ocrx_word' id='word_1_733' title='bbox 390 5543 476 5675; x_wconf 52' lang='grc' dir='ltr'><strong>δ)</strong></span> <span class='ocrx_word' id='word_1_734' title='bbox 513 5599 955 5675; x_wconf 77' lang='lat' dir='ltr'><strong>Cassiod.,_l._c.,</strong></span> <span class='ocrx_word' id='word_1_735' title='bbox 982 5605 1080 5658; x_wconf 92' lang='lat' dir='ltr'><strong>sub</strong></span> <span class='ocrx_word' id='word_1_736' title='bbox 1110 5605 1224 5660; x_wconf 74' lang='lat' dir='ltr'><strong>init.</strong></span> <span class='ocrx_word' id='word_1_737' title='bbox 1255 5607 1455 5674; x_wconf 74' lang='lat' dir='ltr'><strong>praefat.</strong></span> 
     </span>
    </p>
   </div>
   <div class='ocr_carea' id='block_1_101' title="bbox 389 5669 1898 5750">
    <p class='ocr_par' dir='ltr' id='par_1_101' title="bbox 389 5669 1898 5750">
     <span class='ocr_line' id='line_1_102' title="bbox 389 5669 1898 5750; baseline 0.006 -29"><span class='ocrx_word' id='word_1_738' title='bbox 389 5669 477 5750; x_wconf 64' lang='lat' dir='ltr'><strong>(gj</strong></span> <span class='ocrx_word' id='word_1_739' title='bbox 517 5669 753 5750; x_wconf 52' lang='lat' dir='ltr'><strong>griisicli.</strong></span> <span class='ocrx_word' id='word_1_740' title='bbox 785 5673 904 5750; x_wconf 57' lang='lat' dir='ltr'><strong>ind.</strong></span> <span class='ocrx_word' id='word_1_741' title='bbox 936 5675 1118 5750; x_wconf 72' lang='lat' dir='ltr'><strong>libror.</strong></span> <span class='ocrx_word' id='word_1_742' title='bbox 1150 5669 1395 5750; x_wconf 55' lang='grc' dir='ltr'><strong>ιξιιρᾷιι-ε.ι</strong></span> <span class='ocrx_word' id='word_1_743' title='bbox 1429 5686 1554 5732; x_wconf 91' lang='lat' dir='ltr'><strong>tom.</strong></span> <span class='ocrx_word' id='word_1_744' title='bbox 1586 5674 1629 5742; x_wconf 88' lang='lat' dir='ltr'><strong>l,</strong></span> <span class='ocrx_word' id='word_1_745' title='bbox 1663 5689 1782 5750; x_wconf 81' lang='lat' dir='ltr'><strong>pag.</strong></span> <span class='ocrx_word' id='word_1_746' title='bbox 1809 5675 1898 5730; x_wconf 81' lang='lat'><strong>57.</strong></span> 
     </span>
    </p>
   </div>
   <div class='ocr_carea' id='block_1_102' title="bbox 394 5740 1897 5815">
    <p class='ocr_par' dir='ltr' id='par_1_102' title="bbox 394 5740 1897 5815">
     <span class='ocr_line' id='line_1_103' title="bbox 394 5740 1897 5815; baseline 0.005 -23"><span class='ocrx_word' id='word_1_747' title='bbox 394 5740 484 5812; x_wconf 77' lang='lat' dir='ltr'><strong>(Ii)</strong></span> <span class='ocrx_word' id='word_1_748' title='bbox 522 5740 751 5815; x_wconf 58' lang='lat' dir='ltr'><strong>Siquam,</strong></span> <span class='ocrx_word' id='word_1_749' title='bbox 777 5741 966 5814; x_wconf 89' lang='lat' dir='ltr'><strong>Critiq.</strong></span> <span class='ocrx_word' id='word_1_750' title='bbox 988 5745 1054 5799; x_wconf 91' lang='lat' dir='ltr'><strong>de</strong></span> <span class='ocrx_word' id='word_1_751' title='bbox 1081 5747 1127 5799; x_wconf 90' lang='lat' dir='ltr'><strong>la</strong></span> <span class='ocrx_word' id='word_1_752' title='bbox 1154 5740 1290 5802; x_wconf 83' lang='lat' dir='ltr'><strong>Bibl.</strong></span> <span class='ocrx_word' id='word_1_753' title='bbox 1321 5740 1415 5806; x_wconf 77' lang='lat' dir='ltr'><strong>des</strong></span> <span class='ocrx_word' id='word_1_754' title='bbox 1441 5756 1551 5804; x_wconf 86' lang='lat' dir='ltr'><strong>aut.</strong></span> <span class='ocrx_word' id='word_1_755' title='bbox 1581 5740 1897 5815; x_wconf 51' lang='lat' dir='ltr'><strong>eccl.,&#39;tom.</strong></span> 
     </span>
    </p>
   </div>
   <div class='ocr_carea' id='block_1_103' title="bbox 312 5811 1308 5888">
    <p class='ocr_par' dir='ltr' id='par_1_103' title="bbox 312 5811 1308 5888">
     <span class='ocr_line' id='line_1_104' title="bbox 312 5811 1308 5888; baseline 0 -15"><span class='ocrx_word' id='word_1_756' title='bbox 312 5817 357 5888; x_wconf 91' lang='grc'><strong>1,</strong></span> <span class='ocrx_word' id='word_1_757' title='bbox 550 5811 676 5888; x_wconf 61' lang='lat' dir='ltr'><strong>22S),</strong></span> <span class='ocrx_word' id='word_1_758' title='bbox 706 5823 760 5888; x_wconf 84' lang='lat' dir='ltr'><strong>et</strong></span> <span class='ocrx_word' id='word_1_759' title='bbox 780 5811 1039 5888; x_wconf 56' lang='lat' dir='ltr'><strong>_tom.&#39;lll,</strong></span> <span class='ocrx_word' id='word_1_760' title='bbox 1074 5831 1192 5888; x_wconf 87' lang='lat' dir='ltr'><strong>pag.</strong></span> <span class='ocrx_word' id='word_1_761' title='bbox 1220 5818 1308 5875; x_wconf 75' lang='grc'><strong>52.</strong></span> 
     </span>
    </p>
   </div>
   <div class='ocr_carea' id='block_1_104' title="bbox 395 5883 1122 5950">
    <p class='ocr_par' dir='ltr' id='par_1_104' title="bbox 395 5883 1122 5950">
     <span class='ocr_line' id='line_1_105' title="bbox 395 5883 1122 5950; baseline -0.001 -9"><span class='ocrx_word' id='word_1_762' title='bbox 395 5885 467 5945; x_wconf 76' lang='grc' dir='ltr'><strong>(ἱ)</strong></span> <span class='ocrx_word' id='word_1_763' title='bbox 506 5883 692 5948; x_wconf 82' lang='lat' dir='ltr'><strong>Junil.,</strong></span> <span class='ocrx_word' id='word_1_764' title='bbox 717 5884 874 5950; x_wconf 74' lang='lat' dir='ltr'><strong>infra,</strong></span> <span class='ocrx_word' id='word_1_765' title='bbox 899 5888 1003 5942; x_wconf 88' lang='lat' dir='ltr'><strong>col.</strong></span> 
     </span>
    </p>
   </div>
   <div class='ocr_carea' id='block_1_105' title="bbox 2012 4723 3589 4805">
    <p class='ocr_par' dir='ltr' id='par_1_105' title="bbox 2012 4723 3589 4805">
     <span class='ocr_line' id='line_1_106' title="bbox 2012 4723 3589 4805; baseline -0.008 -11"><span class='ocrx_word' id='word_1_766' title='bbox 2012 4747 2162 4794; x_wconf 90' lang='lat' dir='ltr'><strong>rante</strong></span> <span class='ocrx_word' id='word_1_767' title='bbox 2183 4737 2389 4796; x_wconf 84' lang='lat' dir='ltr'><strong>JOanne</strong></span> <span class='ocrx_word' id='word_1_768' title='bbox 2417 4733 2621 4800; x_wconf 88' lang='lat' dir='ltr'><strong>Gastio,</strong></span> <span class='ocrx_word' id='word_1_769' title='bbox 2652 4734 2850 4805; x_wconf 90' lang='lat' dir='ltr'><strong>pluries</strong></span> <span class='ocrx_word' id='word_1_770' title='bbox 2878 4732 3134 4801; x_wconf 91' lang='lat' dir='ltr'><strong>deinceps</strong></span> <span class='ocrx_word' id='word_1_771' title='bbox 3163 4723 3462 4797; x_wconf 57' lang='lat' dir='ltr'><strong>&#39;excusum;</strong></span> <span class='ocrx_word' id='word_1_772' title='bbox 3501 4747 3589 4784; x_wconf 28' lang='lat' dir='ltr'><strong>cu».</strong></span> 
     </span>
    </p>
   </div>
   <div class='ocr_carea' id='block_1_106' title="bbox 2005 4822 3592 4902">
    <p class='ocr_par' dir='ltr' id='par_1_106' title="bbox 2005 4822 3592 4902">
     <span class='ocr_line' id='line_1_107' title="bbox 2005 4822 3592 4902; baseline -0.006 -18"><span class='ocrx_word' id='word_1_773' title='bbox 2005 4831 2094 4902; x_wconf 90' lang='lat' dir='ltr'><strong>jus</strong></span> <span class='ocrx_word' id='word_1_774' title='bbox 2116 4830 2290 4884; x_wconf 89' lang='lat' dir='ltr'><strong>varias</strong></span> <span class='ocrx_word' id='word_1_775' title='bbox 2319 4827 2582 4883; x_wconf 88' lang='lat' dir='ltr'><strong>editiones</strong></span> <span class='ocrx_word' id='word_1_776' title='bbox 2613 4834 2732 4895; x_wconf 87' lang='lat' dir='ltr'><strong>post</strong></span> <span class='ocrx_word' id='word_1_777' title='bbox 2757 4825 2990 4880; x_wconf 84' lang='lat' dir='ltr'><strong>Caveum</strong></span> <span class='ocrx_word' id='word_1_778' title='bbox 3021 4823 3097 4893; x_wconf 88' lang='lat' dir='ltr'><strong>(p)</strong></span> <span class='ocrx_word' id='word_1_779' title='bbox 3130 4831 3376 4878; x_wconf 89' lang='lat' dir='ltr'><strong>recenset</strong></span> <span class='ocrx_word' id='word_1_780' title='bbox 3411 4822 3592 4876; x_wconf 79' lang='lat' dir='ltr'><strong>lauda-</strong></span> 
     </span>
    </p>
   </div>
   <div class='ocr_carea' id='block_1_107' title="bbox 2006 4913 3584 4988">
    <p class='ocr_par' dir='ltr' id='par_1_107' title="bbox 2006 4913 3584 4988">
     <span class='ocr_line' id='line_1_108' title="bbox 2006 4913 3584 4988; baseline -0.007 -10"><span class='ocrx_word' id='word_1_781' title='bbox 2006 4931 2092 4978; x_wconf 88' lang='lat' dir='ltr'><strong>tus</strong></span> <span class='ocrx_word' id='word_1_782' title='bbox 2117 4919 2392 4976; x_wconf 86' lang='lat' dir='ltr'><strong>Fabricius</strong></span> <span class='ocrx_word' id='word_1_783' title='bbox 2423 4917 2523 4988; x_wconf 82' lang='lat' dir='ltr'><strong>(al.</strong></span> <span class='ocrx_word' id='word_1_784' title='bbox 2555 4916 2662 4975; x_wconf 82' lang='lat' dir='ltr'><strong>Nos</strong></span> <span class='ocrx_word' id='word_1_785' title='bbox 2687 4931 2816 4973; x_wconf 90' lang='lat' dir='ltr'><strong>vero</strong></span> <span class='ocrx_word' id='word_1_786' title='bbox 2838 4930 2956 4973; x_wconf 91' lang='lat' dir='ltr'><strong>eam</strong></span> <span class='ocrx_word' id='word_1_787' title='bbox 2981 4913 3202 4986; x_wconf 78' lang='lat' dir='ltr'><strong>reliquis</strong></span> <span class='ocrx_word' id='word_1_788' title='bbox 3228 4913 3584 4984; x_wconf 69' lang='lat' dir='ltr'><strong>praetulimus,</strong></span> 
     </span>
    </p>
   </div>
   <div class='ocr_carea' id='block_1_108' title="bbox 2078 5179 3274 5252">
    <p class='ocr_par' dir='ltr' id='par_1_108' title="bbox 2078 5179 3274 5252">
     <span class='ocr_line' id='line_1_109' title="bbox 2078 5179 3274 5252; baseline -0.004 -14"><span class='ocrx_word' id='word_1_789' title='bbox 2078 5181 2156 5252; x_wconf 83' lang='lat' dir='ltr'><strong>(j)</strong></span> <span class='ocrx_word' id='word_1_790' title='bbox 2199 5181 2334 5252; x_wconf 85' lang='lat' dir='ltr'><strong>Aug.</strong></span> <span class='ocrx_word' id='word_1_791' title='bbox 2362 5183 2454 5238; x_wconf 91' lang='lat' dir='ltr'><strong>lib.</strong></span> <span class='ocrx_word' id='word_1_792' title='bbox 2485 5194 2522 5236; x_wconf 91' lang='grc' dir='ltr'><strong>ιι</strong></span> <span class='ocrx_word' id='word_1_793' title='bbox 2548 5183 2615 5236; x_wconf 88' lang='lat' dir='ltr'><strong>de</strong></span> <span class='ocrx_word' id='word_1_794' title='bbox 2639 5181 2792 5237; x_wconf 84' lang='lat' dir='ltr'><strong>Dect.</strong></span> <span class='ocrx_word' id='word_1_795' title='bbox 2818 5179 3039 5247; x_wconf 90' lang='lat' dir='ltr'><strong>Christ.,</strong></span> <span class='ocrx_word' id='word_1_796' title='bbox 3070 5194 3187 5252; x_wconf 79' lang='lat' dir='ltr'><strong>cap.</strong></span> <span class='ocrx_word' id='word_1_797' title='bbox 3221 5179 3274 5234; x_wconf 82' lang='grc'><strong>8.</strong></span> 
     </span>
    </p>
   </div>
   <div class='ocr_carea' id='block_1_109' title="bbox 2077 5203 3574 5324">
    <p class='ocr_par' dir='ltr' id='par_1_109' title="bbox 2077 5203 3574 5324">
     <span class='ocr_line' id='line_1_110' title="bbox 2078 5203 3274 5252; baseline -0.003 -16"><span class='ocrx_word' id='word_1_798' title='bbox 2078 5203 2092 5248; x_wconf 71' lang='grc' dir='ltr'><strong>ι</strong></span> <span class='ocrx_word' id='word_1_799' title='bbox 2138 5203 2156 5252; x_wconf 70' lang='grc'><em>1</em></span> <span class='ocrx_word' id='word_1_800' title='bbox 2199 5203 2334 5252; x_wconf 68' lang='lat' dir='ltr'><strong>aug.</strong></span> <span class='ocrx_word' id='word_1_801' title='bbox 2364 5203 2454 5238; x_wconf 87' lang='grc' dir='ltr'>ιιυ.</span> <span class='ocrx_word' id='word_1_802' title='bbox 2487 5203 2521 5236; x_wconf 91' lang='grc' dir='ltr'><strong>ιι</strong></span> <span class='ocrx_word' id='word_1_803' title='bbox 2548 5203 2615 5236; x_wconf 81' lang='lat' dir='ltr'><strong>uc</strong></span> <span class='ocrx_word' id='word_1_804' title='bbox 2642 5203 2792 5237; x_wconf 76' lang='lat' dir='ltr'><strong>UUCI.</strong></span> <span class='ocrx_word' id='word_1_805' title='bbox 2818 5203 3039 5247; x_wconf 71' lang='lat' dir='ltr'><strong>urnat.,</strong></span> <span class='ocrx_word' id='word_1_806' title='bbox 3070 5203 3187 5250; x_wconf 84' lang='lat' dir='ltr'><strong>cap.</strong></span> <span class='ocrx_word' id='word_1_807' title='bbox 3221 5203 3274 5234; x_wconf 77' lang='grc' dir='ltr'><strong>ο.</strong></span> 
     </span>
     <span class='ocr_line' id='line_1_111' title="bbox 2077 5203 3574 5324; baseline 0 -19"><span class='ocrx_word' id='word_1_808' title='bbox 2077 5203 2151 5324; x_wconf 57' lang='lat' dir='ltr'><strong>(li)</strong></span> <span class='ocrx_word' id='word_1_809' title='bbox 2192 5254 2461 5324; x_wconf 83' lang='lat' dir='ltr'><strong>Martian.,</strong></span> <span class='ocrx_word' id='word_1_810' title='bbox 2488 5252 2655 5324; x_wconf 71' lang='lat' dir='ltr'><strong>&#39;l‘rait,</strong></span> <span class='ocrx_word' id='word_1_811' title='bbox 2683 5253 2806 5308; x_wconf 87' lang='lat' dir='ltr'><strong>hist.</strong></span> <span class='ocrx_word' id='word_1_812' title='bbox 2832 5252 2903 5307; x_wconf 91' lang='lat' dir='ltr'><strong>du</strong></span> <span class='ocrx_word' id='word_1_813' title='bbox 2935 5253 3122 5307; x_wconf 76' lang='lat' dir='ltr'><strong>Caium</strong></span> <span class='ocrx_word' id='word_1_814' title='bbox 3151 5251 3246 5306; x_wconf 88' lang='lat' dir='ltr'><strong>des</strong></span> <span class='ocrx_word' id='word_1_815' title='bbox 3279 5251 3400 5305; x_wconf 88' lang='lat' dir='ltr'><strong>livr.</strong></span> <span class='ocrx_word' id='word_1_816' title='bbox 3426 5249 3492 5305; x_wconf 90' lang='lat' dir='ltr'><strong>de</strong></span> <span class='ocrx_word' id='word_1_817' title='bbox 3527 5251 3574 5305; x_wconf 67' lang='grc' dir='ltr'><strong>Ιιι</strong></span> 
     </span>
    </p>
   </div>
   <div class='ocr_carea' id='block_1_110' title="bbox 2005 5323 2908 5394">
    <p class='ocr_par' dir='ltr' id='par_1_110' title="bbox 2005 5323 2908 5394">
     <span class='ocr_line' id='line_1_112' title="bbox 2005 5323 2908 5394; baseline -0.001 -17"><span class='ocrx_word' id='word_1_818' title='bbox 2005 5323 2164 5377; x_wconf 77' lang='lat' dir='ltr'><strong>salut.</strong></span> <span class='ocrx_word' id='word_1_819' title='bbox 2189 5323 2526 5394; x_wconf 10' lang='lat' dir='ltr'><strong>Ecrit.,7pag.</strong></span> <span class='ocrx_word' id='word_1_820' title='bbox 2555 5323 2660 5394; x_wconf 70' lang='grc'><strong>204</strong></span> <span class='ocrx_word' id='word_1_821' title='bbox 2688 5333 2743 5378; x_wconf 91' lang='lat' dir='ltr'><strong>et</strong></span> <span class='ocrx_word' id='word_1_822' title='bbox 2767 5324 2908 5378; x_wconf 89' lang='lat' dir='ltr'><strong>suiv.</strong></span> 
     </span>
    </p>
   </div>
   <div class='ocr_carea' id='block_1_111' title="bbox 2079 5389 3542 5465">
    <p class='ocr_par' dir='ltr' id='par_1_111' title="bbox 2079 5389 3542 5465">
     <span class='ocr_line' id='line_1_113' title="bbox 2079 5389 3542 5465; baseline -0.001 -19"><span class='ocrx_word' id='word_1_823' title='bbox 2079 5394 2152 5465; x_wconf 86' lang='grc' dir='ltr'><strong>(ι)</strong></span> <span class='ocrx_word' id='word_1_824' title='bbox 2190 5389 2502 5465; x_wconf 45' lang='grc' dir='ltr'><strong>ιιζυιιησυνζ</strong></span> <span class='ocrx_word' id='word_1_825' title='bbox 2534 5393 2720 5462; x_wconf 91' lang='lat' dir='ltr'><strong>philol.</strong></span> <span class='ocrx_word' id='word_1_826' title='bbox 2752 5403 2804 5449; x_wconf 93' lang='lat' dir='ltr'><strong>et</strong></span> <span class='ocrx_word' id='word_1_827' title='bbox 2831 5395 2976 5461; x_wconf 91' lang='lat' dir='ltr'><strong>crit.,</strong></span> <span class='ocrx_word' id='word_1_828' title='bbox 3013 5401 3141 5465; x_wconf 79' lang='lat' dir='ltr'><strong>tom.</strong></span> <span class='ocrx_word' id='word_1_829' title='bbox 3177 5389 3242 5454; x_wconf 83' lang='lat' dir='ltr'><strong>V,</strong></span> <span class='ocrx_word' id='word_1_830' title='bbox 3269 5405 3386 5460; x_wconf 87' lang='lat' dir='ltr'><strong>pag.</strong></span> <span class='ocrx_word' id='word_1_831' title='bbox 3408 5390 3542 5465; x_wconf 51' lang='lat' dir='ltr'><strong>dii.</strong></span> 
     </span>
    </p>
   </div>
   <div class='ocr_carea' id='block_1_112' title="bbox 2079 5462 3522 5534">
    <p class='ocr_par' dir='ltr' id='par_1_112' title="bbox 2079 5462 3522 5534">
     <span class='ocr_line' id='line_1_114' title="bbox 2079 5462 3522 5534; baseline -0.001 -18"><span class='ocrx_word' id='word_1_832' title='bbox 2079 5462 2177 5534; x_wconf 77' lang='lat' dir='ltr'><strong>(nt)</strong></span> <span class='ocrx_word' id='word_1_833' title='bbox 2217 5462 2423 5518; x_wconf 82' lang='lat' dir='ltr'><strong>Hurnfr.</strong></span> <span class='ocrx_word' id='word_1_834' title='bbox 2457 5463 2591 5522; x_wconf 87' lang='lat' dir='ltr'><strong>llod.</strong></span> <span class='ocrx_word' id='word_1_835' title='bbox 2626 5465 2692 5520; x_wconf 89' lang='lat' dir='ltr'><strong>de</strong></span> <span class='ocrx_word' id='word_1_836' title='bbox 2723 5465 2857 5520; x_wconf 86' lang='lat' dir='ltr'><strong>Bibl.</strong></span> <span class='ocrx_word' id='word_1_837' title='bbox 2887 5474 3015 5534; x_wconf 87' lang='lat' dir='ltr'><strong>text.</strong></span> <span class='ocrx_word' id='word_1_838' title='bbox 3049 5463 3365 5534; x_wconf 71' lang='lat' dir='ltr'><strong>orig.,__pag.</strong></span> <span class='ocrx_word' id='word_1_839' title='bbox 3398 5463 3522 5515; x_wconf 68' lang='lat'><strong>(552.</strong></span> 
     </span>
    </p>
   </div>
   <div class='ocr_carea' id='block_1_113' title="bbox 2081 5531 3584 5605">
    <p class='ocr_par' dir='ltr' id='par_1_113' title="bbox 2081 5531 3584 5605">
     <span class='ocr_line' id='line_1_115' title="bbox 2081 5531 3584 5605; baseline 0.001 -19"><span class='ocrx_word' id='word_1_840' title='bbox 2081 5531 2166 5605; x_wconf 65' lang='lat' dir='ltr'><strong>(nl</strong></span> <span class='ocrx_word' id='word_1_841' title='bbox 2179 5534 2388 5590; x_wconf 85' lang='lat' dir='ltr'><strong>Fabric.</strong></span> <span class='ocrx_word' id='word_1_842' title='bbox 2412 5535 2478 5589; x_wconf 89' lang='lat' dir='ltr'><strong>de</strong></span> <span class='ocrx_word' id='word_1_843' title='bbox 2503 5536 2671 5590; x_wconf 79' lang='lat' dir='ltr'><strong>Verit.</strong></span> <span class='ocrx_word' id='word_1_844' title='bbox 2695 5537 2847 5602; x_wconf 74' lang='lat' dir='ltr'><strong>relig.</strong></span> <span class='ocrx_word' id='word_1_845' title='bbox 2869 5533 3065 5605; x_wconf 89' lang='lat' dir='ltr'><strong>Christ.</strong></span> <span class='ocrx_word' id='word_1_846' title='bbox 3087 5547 3204 5605; x_wconf 57' lang='lat' dir='ltr'><strong>cap.</strong></span> <span class='ocrx_word' id='word_1_847' title='bbox 3223 5531 3276 5605; x_wconf 66' lang='grc'><strong>5,</strong></span> <span class='ocrx_word' id='word_1_848' title='bbox 3299 5546 3416 5601; x_wconf 84' lang='lat' dir='ltr'><strong>pag.</strong></span> <span class='ocrx_word' id='word_1_849' title='bbox 3456 5533 3584 5598; x_wconf 68' lang='lat'><strong>“255,</strong></span> 
     </span>
    </p>
   </div>
   <div class='ocr_carea' id='block_1_114' title="bbox 2009 5601 3300 5677">
    <p class='ocr_par' dir='ltr' id='par_1_114' title="bbox 2009 5601 3300 5677">
     <span class='ocr_line' id='line_1_116' title="bbox 2009 5601 3300 5677; baseline -0.003 -18"><span class='ocrx_word' id='word_1_850' title='bbox 2009 5605 2036 5677; x_wconf 85' lang='lat'>§</span> <span class='ocrx_word' id='word_1_851' title='bbox 2068 5601 2155 5671; x_wconf 64' lang='lat' dir='ltr'><strong>Ili,</strong></span> <span class='ocrx_word' id='word_1_852' title='bbox 2181 5616 2233 5660; x_wconf 90' lang='lat' dir='ltr'><strong>et</strong></span> <span class='ocrx_word' id='word_1_853' title='bbox 2264 5606 2399 5660; x_wconf 85' lang='lat' dir='ltr'><strong>Bibl.</strong></span> <span class='ocrx_word' id='word_1_854' title='bbox 2434 5606 2578 5661; x_wconf 81' lang='lat' dir='ltr'><strong>med.</strong></span> <span class='ocrx_word' id='word_1_855' title='bbox 2599 5607 2722 5677; x_wconf 68' lang='lat' dir='ltr'><strong>Lat.</strong></span> <span class='ocrx_word' id='word_1_856' title='bbox 2755 5601 2881 5677; x_wconf 85' lang='lat' dir='ltr'><strong>tom.</strong></span> <span class='ocrx_word' id='word_1_857' title='bbox 2917 5604 3011 5677; x_wconf 71' lang='lat' dir='ltr'><strong>IV,</strong></span> <span class='ocrx_word' id='word_1_858' title='bbox 3032 5601 3300 5677; x_wconf 40' lang='grc' dir='ltr'><strong>νειμ-βου.</strong></span> 
     </span>
    </p>
   </div>
   <div class='ocr_carea' id='block_1_115' title="bbox 2080 5671 3479 5747">
    <p class='ocr_par' dir='ltr' id='par_1_115' title="bbox 2080 5671 3479 5747">
     <span class='ocr_line' id='line_1_117' title="bbox 2080 5671 3479 5747; baseline 0.001 -18"><span class='ocrx_word' id='word_1_859' title='bbox 2080 5681 2160 5747; x_wconf 89' lang='grc' dir='ltr'><strong>(υ)</strong></span> <span class='ocrx_word' id='word_1_860' title='bbox 2197 5677 2361 5731; x_wconf 89' lang='lat' dir='ltr'><strong>Cone.</strong></span> <span class='ocrx_word' id='word_1_861' title='bbox 2404 5686 2534 5730; x_wconf 88' lang='lat' dir='ltr'><strong>tom.</strong></span> <span class='ocrx_word' id='word_1_862' title='bbox 2571 5675 2632 5745; x_wconf 86' lang='lat' dir='ltr'><strong>V,</strong></span> <span class='ocrx_word' id='word_1_863' title='bbox 2668 5673 2902 5747; x_wconf 66' lang='lat'><strong>9.1558,</strong></span> <span class='ocrx_word' id='word_1_864' title='bbox 2931 5671 3118 5747; x_wconf 71' lang='lat' dir='ltr'><strong>edit.__i_</strong></span> <span class='ocrx_word' id='word_1_865' title='bbox 3143 5671 3286 5747; x_wconf 26' lang='lat' dir='ltr'><strong>‘Vcn.</strong></span> <span class='ocrx_word' id='word_1_866' title='bbox 3315 5671 3479 5730; x_wconf 84' lang='lat' dir='ltr'><strong>Labb.</strong></span> 
     </span>
    </p>
   </div>
   <div class='ocr_carea' id='block_1_116' title="bbox 2078 5743 3186 5821">
    <p class='ocr_par' dir='ltr' id='par_1_116' title="bbox 2078 5743 3186 5821">
     <span class='ocr_line' id='line_1_118' title="bbox 2078 5743 3186 5821; baseline -0.006 -18"><span class='ocrx_word' id='word_1_867' title='bbox 2078 5743 2160 5821; x_wconf 9' lang='lat' dir='ltr'><strong>(pp)</strong></span> <span class='ocrx_word' id='word_1_868' title='bbox 2195 5747 2487 5821; x_wconf 71' lang='lat' dir='ltr'><strong>Cav._llist.</strong></span> <span class='ocrx_word' id='word_1_869' title='bbox 2520 5743 2810 5818; x_wconf 30' lang='lat' dir='ltr'><strong>liit.,’tom.</strong></span> <span class='ocrx_word' id='word_1_870' title='bbox 2846 5745 2884 5815; x_wconf 86' lang='grc' dir='ltr'><strong>Ι,</strong></span> <span class='ocrx_word' id='word_1_871' title='bbox 2918 5759 3034 5816; x_wconf 87' lang='lat' dir='ltr'><strong>pag.</strong></span> <span class='ocrx_word' id='word_1_872' title='bbox 3060 5743 3186 5800; x_wconf 76' lang='grc'><strong>526.</strong></span> 
     </span>
    </p>
   </div>
   <div class='ocr_carea' id='block_1_117' title="bbox 2074 5817 2610 5889">
    <p class='ocr_par' dir='ltr' id='par_1_117' title="bbox 2074 5817 2610 5889">
     <span class='ocr_line' id='line_1_119' title="bbox 2074 5817 2610 5889; baseline -0.011 -12"><span class='ocrx_word' id='word_1_873' title='bbox 2074 5818 2152 5889; x_wconf 80' lang='lat' dir='ltr'><strong>(q)</strong></span> <span class='ocrx_word' id='word_1_874' title='bbox 2196 5817 2428 5888; x_wconf 62' lang='lat' dir='ltr'><strong>Fabric,</strong></span> <span class='ocrx_word' id='word_1_875' title='bbox 2451 5818 2508 5874; x_wconf 94' lang='lat' dir='ltr'><strong>ll.</strong></span> <span class='ocrx_word' id='word_1_876' title='bbox 2529 5833 2610 5874; x_wconf 93' lang='lat' dir='ltr'><strong>cc.</strong></span> 
     </span>
    </p>
   </div>
  </div>
