2019 3175
227 117 260 148 15

983 117 1104 148 JUNILII

1834 121 1868 148 l6

227 185 284 212 quae
308 180 394 205 exstat
416 176 444 205 in
465 176 630 206 Bibliotheca
652 177 759 206 Patrum
781 176 924 205 Parisiensi
948 184 1012 206 ann.
1032 176 1146 209 Ahrieii
1161 175 1375 205 emendationem
1391 176 1430 213 (ὁ)
1444 176 1477 206 ad
1492 177 1538 206 lib.
1554 166 1584 213 n,
1597 185 1659 215 cap.
1674 178 1720 214 99,
1733 179 1779 208 ubi
1793 181 1866 208 resti-

227 222 295 250 IGM
312 222 362 258 (ιι),
384 224 488 251 caeteris
501 223 677 259 cmendatior,
692 231 773 259 quam
786 228 815 252 et
828 223 923 251 alicubi
939 228 1018 251 notu-

225 269 258 297 lis
272 268 465 298 illustravimus
482 278 488 297 :
505 270 602 306 quibus
615 269 697 298 addas
711 269 802 305 velim,
819 270 842 298 si
855 269 953 306 placet,
969 269 1020 298 Fa—

259 337 298 373 (ᾳ)
320 336 390 373 Bibl.
406 336 459 365 PP.
473 337 639 370 Paris..tom.
654 336 675 373 l,
689 344 751 373 pag.
769 336 794 364 Ι.

259 371 298 407 (b)
316 372 412 406 .lunil.,
429 373 509 405 infra.
524 373 577 401 col.
594 373 641 400 42.

1072 223 1159 258 ﬁcatio
1171 230 1220 259 pro
1231 222 1379 258 rectiﬁcatio
1393 222 1533 259 legendum
1548 229 1640 253 censet
1655 225 1676 261 (ι
1683 224 1703 261 ).

1110 335 1147 371 (c)
1167 334 1285 370 Fabric.,
1300 335 1330 366 ll.
1344 342 1386 365 cc.

866 480 1220 546 JUNILII

269 579 298 604 ηκ
336 564 472 636 DE
505 550 1006 667 PARTIBUS

1041 562 1421 636 DIVIN/E
1453 563 1746 639 LEGIS

863 689 1079 745 LIBRI
1124 689 1215 743 ΙΙ.

259 824 358 853 Sancto
375 831 407 854 ac
425 824 583 854 beatissimo
606 823 734 861 episcopo
753 822 887 852 Primasio
907 822 1021 851 Iunilius

223 871 350 899 salutem.
565 875 572 881 '

256 918 315 946 Scis
338 918 406 953 ipse,
428 918 590 947 venerabilis
609 918 687 946 Pater
707 917 833 949 Primasi,
862 916 923 952 quia
953 915 1017 943 vita:

222 971 289 991 mea:
312 969 340 992 et
359 965 488 999 propositi
514 965 648 998 conscius,
672 966 740 992 sicut
762 963 860 991 divinae
885 961 952 997 legis
975 968 1017 989 me

222 1010 338 1037 studium
362 1011 461 1038 habere
485 1018 538 1038 non
560 1011 679 1046 denego,
704 1010 740 1037 ita
762 1010 901 1037 doctorem
926 1008 1018 1036 dicere

222 1063 274 1083 non
291 1064 436 1091 pra‘sumo;
455 1057 517 1084 illud
532 1057 717 1092 propheticum
730 1062 852 1084 metuens
865 1065 872 1082 :
883 1054 1017 1083 Peccatori

221 1107 305 1130 autem
320 1104 384 1129 dum
401 1104 470 1131 Deus
485 1111 493 1131 ι
506 1104 635 1137 Qttare,lu
653 1112 757 1131 ertarms
766 1104 883 1140 justitias
899 1110 977 1135 nicas,
992 1105 1016 1129 et

221 1150 329 1176 assumis
352 1155 526 1177 testamentum
547 1159 627 1177 meum
644 1159 689 1186 per
707 1159 735 1178 os
750 1156 820 1177 tuum
837 1149 925 1185 (I’sal.
942 1156 1015 1182 xLix,

221 1194 288 1229 16)?
303 1195 355 1223 Sed
370 1196 433 1222 duxti
450 1200 474 1222 te
489 1196 558 1223 inter
575 1196 642 1223 alios
666 1195 906 1224 reverendissimos
925 1193 1016 1229 coepi-

221 1247 319 1276 scopos
339 1246 399 1269 tuos
419 1249 504 1276 usque
527 1243 559 1269 ad
582 1242 843 1277 Constantinopolim
867 1241 1015 1276 peregrina:

219 1287 367 1320 provincia:
391 1288 522 1322 coegisset
546 1288 657 1321 utilitas,
678 1296 711 1315 ex
731 1288 848 1316 civitatis
871 1287 967 1314 affectu
989 1287 1014 1314 iu

220 1332 341 1360 notitiam
354 1333 568 1368 colloquiumque
582 1334 764 1369 pervenimus.
780 1334 819 1361 Tu
834 1338 923 1361 autem
938 1339 1014 1360 more

219 1378 265 1406 illo
281 1383 326 1407 tuo
341 1379 406 1407 nihil
421 1386 484 1408 ante
497 1381 628 1415 quaesisti,
643 1389 723 1416 quam
737 1381 760 1408 si
776 1380 835 1415 quis
855 1384 928 1408 esset
944 1380 1015 1407 inter

220 1423 338 1458 Grzeeos,
349 1425 394 1461 qui
407 1426 557 1454 divinorum
575 1427 703 1454 librorum
717 1426 807 1454 studio
823 1425 1014 1460 intelligentia-

218 1479 270 1507 que
292 1472 425 1508 ﬂagraret.
455 1473 495 1501 Ad
525 1473 582 1500 haec
607 1481 656 1508 ego
680 1472 821 1508 respondi,
847 1472 947 1500 vidisse
970 1479 1013 1500 me

218 1519 360 1553 quemdam
381 1520 493 1547 Paulum
517 1520 635 1552 nomine,
655 1520 763 1547 Persam
785 1527 893 1555 genere,
916 1520 959 1554 qui
985 1519 1012 1546 in

217 1563 346 1600 Syrorum
359 1565 451 1593 schola
466 1564 492 1593 in
505 1565 588 1593 Nisibi
601 1565 667 1593 urbe
678 1569 719 1593 est
729 1565 852 1599 edoctus,
865 1565 911 1593 ubi
920 1565 1010 1593 divina

216 1611 261 1640 lex
274 1619 321 1647 per
334 1612 475 1646 magistros
486 1611 619 1647 publicos,
631 1613 701 1640 sicut
712 1612 781 1648 apud
794 1620 843 1639 nos
856 1613 883 1640 in
899 1612 1012 1639 munda-

216 1657 260 1686 nis
279 1658 374 1686 studiis
387 1659 561 1693 grammatica
577 1664 602 1687 et
618 1659 763 1693 rhetorica,
778 1658 874 1686 ordine
888 1666 919 1686 ac
933 1666 1011 1693 regu-

215 1702 309 1732 lariter
329 1703 451 1731 traditur.
466 1703 541 1731 Tuue
559 1704 604 1731 diu
624 1705 761 1739 quaesitus,
781 1704 803 1731 si
822 1704 885 1739 quid
900 1712 935 1731 ex
952 1704 1010 1739 ejus

216 1749 294 1778 dictis
313 1749 452 1780 haberem.
465 1750 520 1777 dixi
532 1750 602 1785 quod
618 1750 741 1785 legissem
762 1750 867 1784 regulas
879 1750 1006 1784 quasdam

215 1795 312 1831 quibus
330 1795 375 1823 ille
387 1795 577 1830 discipulorum
592 1796 706 1831 animas,
723 1795 871 1823 divinarum
883 1795 1006 1831 Scriptu-

215 1848 305 1869 rarum
320 1841 461 1876 superficie
476 1842 632 1877 instructos,
650 1842 723 1877 prius
736 1850 816 1878 quam
830 1841 1006 1877 expositionis

215 1886 345 1922 profunda
366 1887 538 1922 patefaceret,
560 1888 663 1916 solebat
684 1889 822 1917 imbuere:
839 1893 869 1916 ut
888 1889 1005 1924 ipsarum

215 1932 320 1959 interim
339 1939 480 1960 causarum
499 1941 559 1968 qua:
574 1933 600 1961 in
621 1933 711 1961 divina
731 1934 789 1970 lege
801 1940 952 1969 versantur,
969 1934 1009 1962 iu-

209 1978 362 2022 ‘eutionem
383 1979 558 2014 ordinemque
576 1985 787 2015 cognoscerent:
804 1988 838 2008 ne
849 1981 964 2016 sparsim
980 1985 1008 2010 et

214 2024 379 2061 turbulente,
400 2025 446 2053 sed
464 2026 624 2062 regulariter
646 2028 750 2062 singula
775 2027 919 2055 discerent.
944 2028 1007 2056 Haec

215 2075 254 2106 tu,
276 2071 366 2106 Pater,
387 2072 479 2100 nescio
503 2079 555 2108 qua
579 2073 684 2101 ratione
706 2073 831 2101 omnibus
845 2074 1005 2103 Christianis

254 2137 324 2168 'Nos
336 2139 438 2168 Latinis
452 2139 650 2169 characteribus
666 2140 708 2169 usi
724 2148 827 2169 sumus.
844 2143 922 2170 EDIT.

1037 821 1174 853 Berudiri
1208 821 1360 850 volentibus
1391 824 1542 852 necessaria
1568 825 1711 860 judicasti,
1737 835 1853 856 excusan

1070 871 1177 903 temque
1196 875 1240 896 me
1263 868 1308 896 diu
1328 876 1412 904 usque
1432 869 1466 897 ad
1485 870 1650 899 defensionis
1673 872 1865 907 impudcniiam

1070 914 1222 949 compulisti
1238 922 1245 941 :
1267 915 1337 943 unde
1352 915 1379 943 in
1395 916 1462 944 duos
1478 917 1652 946 brevissimus
1665 919 1771 947 libellos
1787 929 1866 957 regu<

1069 961 1134 988 laria
1156 961 1212 989 lucc
1234 961 1356 996 instituta
1375 963 1484 998 collegi,
1506 964 1608 992 addens
1631 965 1716 1000 ipsius
1737 967 1864 995 dictionis

1069 1008 1209 1043 (quantum
1227 1008 1312 1043 potui)
1328 1008 1419 1036 utilem
1443 1009 1573 1043 formam,
1592 1016 1619 1038 ut
1634 1012 1707 1039 velut
1726 1013 1866 1048 discipulis

1068 1053 1294 1089 interrogantibus
1305 1059 1332 1081 et
1342 1056 1468 1089 magiSIro
1480 1058 1670 1091 respondente,
1681 1057 1799 1086 breviter
1810 1059 1866 1086 sin-

1068 1099 1128 1134 gula
1139 1104 1166 1127 et
1180 1100 1313 1133 perlucide
1324 1100 1485 1128 dicerentur.
1498 1102 1531 1129 Et
1540 1110 1574 1130 ne
1585 1103 1672 1138 aliqua
1683 1104 1805 1132 confusio
1817 1113 1866 1139 per

1068 1144 1280 1180 antiquariorum
1302 1146 1342 1180 (ut
1358 1147 1469 1183 assolet)
1491 1148 1678 1184 negligentiam
1698 1151 1863 1185 proveniret,

1068 1192 1194 1227 Magistro
1206 1199 1228 1220 Μ
1244 1191 1362 1220 (ζωοί-ειη
1379 1193 1506 1228 litteram,
1523 1194 1663 1230 Discipulis
1681 1203 1745 1224 vero
1761 1203 1777 1224 A
1792 1204 1864 1232 prte-

1069 1238 1157 1273 posui,
1173 1243 1201 1265 ut
1214 1245 1246 1266 ex
1261 1239 1409 1274 peregrinis
1429 1240 1643 1275 characteribus,
1660 1246 1687 1270 et
1700 1242 1798 1277 quibus
1810 1243 1865 1271 La-

1069 1284 1123 1312 tina
1138 1286 1271 1320 scriptura
1286 1293 1338 1313 non
1359 1288 1451 1321 utitur,
1468 1294 1545 1314 error
1559 1288 1646 1314 omnis
1662 1288 1766 1323 penitus
1788 1289 1864 1317 aufe-

1067 1336 1141 1359 ratur
1155 1333 1177 1359 θ.
1199 1332 1268 1359 Sunt
1288 1333 1338 1359 alia
1361 1332 1433 1360 illius
1455 1333 1505 1360 viri
1528 1334 1658 1368 prteclara
1679 1334 1862 1363 monimenta:

1065 1378 1133 1407 Nam
1155 1384 1182 1407 et
1204 1380 1274 1407 beati
1292 1380 1364 1407 Pauli
1390 1380 1423 1407 ad
1446 1380 1582 1408 Romanos
1602 1382 1748 1417 Epistolam
1772 1381 1862 1410 audivi

1065 1427 1189 1454 subtilius
1214 1426 1254 1462 (ut
1265 1427 1393 1462 arbitror)
1415 1433 1593 1462 exponentem
1620 1437 1626 1457 :
1650 1436 1729 1464 quam
1755 1436 1805 1464 ego
1828 1436 1863 1457 ex

1065 1472 1124 1508 ejus
1139 1480 1197 1505 ore,
1214 1480 1248 1500 ne
1261 1473 1391 1500 memoria
1420 1472 1567 1506 laberetur,
1582 1474 1694 1509 excepi;
1718 1474 1765 1502 sed
1786 1482 1863 1502 cura-

1026 1514 1049 1546 C
1065 1526 1124 1546 rum
1148 1518 1369 1554 negotiorumque
1392 1518 1488 1552 spinae,
1504 1526 1538 1545 ne
1560 1519 1623 1554 quid
1643 1526 1708 1554 agro
1724 1519 1862 1548 dominico

1064 1564 1265 1597 lructiﬁcemus,
1280 1564 1438 1598 impediunt.
1453 1564 1558 1592 Sufficit
1573 1565 1629 1592 hzec
1643 1572 1694 1592 una
1709 1565 1858 1600 temeritas,

1063 1609 1134 1645 quod
1158 1609 1249 1636 divino
1269 1608 1462 1643 gazophylacio
1485 1616 1520 1636 ex
1544 1613 1701 1644 paupertate
1724 1610 1860 1643 confessa,

1063 1654 1116 1682 duo
1141 1654 1198 1682 haec
1223 1653 1309 1681 audeo
1332 1654 1433 1681 minuta
1454 1654 1569 1689 jactare.
1593 1655 1662 1682 Sunt
1684 1655 1730 1689 qui
1753 1655 1861 1683 talentis

1062 1705 1176 1727 onerent
1200 1699 1271 1727 unde
1296 1700 1437 1734 egentibus
1461 1705 1622 1735 prorogetur
1638 1708 1645 1728 :
1661 1701 1706 1734 qui
1731 1701 1860 1728 virtutum

1062 1753 1192 1782 gemmas,
1215 1753 1309 1772 aurum
1333 1745 1405 1779 vitae,
1433 1751 1572 1781 argentum
1601 1746 1732 1781 scientiae,
1762 1747 1860 1776 divinis

1062 1791 1274 1827 possintoﬂ'crre
1291 1791 1429 1819 sacrariis.
1451 1791 1515 1819 Mihi
1537 1792 1603 1820 nihil
1626 1793 1740 1828 amplius
1755 1793 1858 1822 duobus

1060 1840 1178 1875 suppetit
1198 1839 1239 1866 his
1262 1838 1371 1866 minutis
1393 1838 1468 1874 (Luc.
1484 1847 1540 1872 xxx,
1561 1840 1600 1875 2),
1621 1844 1648 1868 et
1667 1840 1733 1874 ipsis
1751 1840 1785 1868 ab
1805 1840 1859 1869 alio

1065 1886 1254 1914 commodatis.
1270 1885 1369 1913 Verum
1384 1885 1521 1913 enimvero
1533 1887 1645 1914 multum
1659 1887 1722 1914 mihi
1734 1887 1768 1915 de
1778 1894 1859 1914 evan-

1061 1935 1147 1970 gelico
1163 1934 1348 1962 examinatore
1365 1933 1493 1968 polliceor
1508 1942 1514 1961 ε
1532 1935 1593 1969 quia
1609 1933 1672 1961 licet
1686 1933 1732 1961 alii
1749 1941 1781 1961 ex
1797 1941 1858 1968 pre-

1061 1981 1215 2009 tiosissimis
1230 1981 1357 2015 pretiosa,
1371 1987 1403 2008 ex
1418 1980 1539 2014 plurimis
1553 1980 1643 2007 valent
1658 1980 1734 2015 plura
1749 1980 1856 2016 largiri,

1060 2035 1109 2064 ego
1125 2032 1213 2056 tamen
1226 2027 1288 2063 quia
1303 2032 1386 2056 totum
1402 2026 1481 2061 dedi,
1498 2027 1557 2063 plus
1572 2027 1666 2056 obtuli.
1694 2027 1768 2057 Vale.

842 2224 989 2292 LIBER
1017 2252 1223 2292 PRIMUS.

469 2350 583 2379 CAPUT
603 2349 747 2379 PRIMUM.

249 2407 283 2437 D.
305 2408 333 2437 In
345 2411 409 2444 quot
423 2407 524 2443 primas
539 2412 628 2443 partes
643 2406 710 2443 legis
723 2407 823 2436 divinae
837 2408 949 2437 scientia
964 2409 1008 2437 di-

214 2455 333 2483 viditur?
370 2454 409 2482 Μ.
426 2453 454 2481 in
469 2454 555 2481 duas:
569 2461 681 2488 quarum
698 2461 749 2481 una
765 2454 798 2482 ad
813 2455 897 2490 ipsam
914 2463 1009 2491 supcr-

214 2502 303 2530 ﬁciem
324 2500 449 2528 dictionis
464 2499 571 2535 proprie
585 2500 714 2535 pertinet;
739 2501 788 2529 alia
815 2500 841 2529 in
864 2501 944 2530 rebus
965 2507 1007 2530 est

213 2556 279 2584 quas
294 2548 352 2584 ipsa
366 2546 502 2582 Scriptura
517 2553 566 2575 nos
582 2546 685 2575 edocet.

528 2625 642 2655 CAPUT
661 2627 692 2655 ll.

288 2673 353 2710 Quae
365 2673 492 2710 pertinent
505 2673 538 2701 ad
553 2674 713 2709 superﬁciem
727 2673 933 2709 Scripturarum.

250 2740 284 2769 D.
306 2740 346 2769 Ad
363 2740 448 2776 ipsam
467 2740 636 2775 superficiem
653 2740 777 2769 dictionis
797 2741 902 2775 proprie
921 2740 1005 2776 perli-

169 2782 175 2784 -
214 2789 303 2817 nentia
318 2792 382 2823 quot
396 2788 476 2816 sunt?
493 2787 529 2815 Μ.
543 2788 675 2823 Quinque.
694 2788 726 2815 ι).
743 2789 825 2823 Qum?
843 2789 879 2816 Μ.
894 2790 1002 2825 Species

213 2835 359 2868 dictionis,
387 2834 552 2867 auctoritas,
581 2834 757 2868 conscriptor,
788 2835 899 2869 modus,
924 2835 1000 2864 ordo.

214 2882 249 2912 ι).
261 2883 371 2916 Species
382 2880 506 2910 dictionis
518 2885 582 2917 quot
595 2882 675 2910 sunt?
688 2881 725 2909 Μ.
741 2881 869 2917 Quatuor.
882 2883 945 2912 Nam
958 2889 1002 2913 aut

1021 2356 1045 2386 Ι)
1058 2354 1183 2381 historica
1204 2355 1254 2385 est,
1277 2355 1323 2378 aut
1346 2350 1514 2386 prophetica,
1533 2355 1580 2379 aut
1602 2351 1791 2387 proverbialis,
1808 2358 1852 2381 aut

1060 2399 1217 2436 simpliciter
1229 2398 1340 2425 docens.

1366 2454 1478 2483 CAPUT
1498 2454 1540 2482 ΙΙΙ.

1366 2501 1405 2529 De
1432 2502 1548 2529 historia.

1097 2556 1131 2585 ι).
1162 2556 1279 2585 Historia
1302 2556 1364 2592 quid
1387 2557 1448 2584 est?
1477 2556 1515 2584 Μ.
1540 2556 1739 2585 Prmterilavum
1761 2565 1853 2586 rerum

1061 2604 1271 2639 prteseutiumve
1287 2603 1415 2631 narratio.
1442 2602 1474 2630 ι).
1491 2603 1519 2630 ln
1544 2603 1640 2637 quibus
1666 2603 1742 2631 libris
1765 2604 1855 2634 divina

1061 2649 1214 2677 continetur
1237 2649 1364 2677 historia?
1398 2649 1436 2676 Μ.
1454 2649 1483 2676 lu
1503 2650 1716 2684 septemdecim:
1741 2650 1808 2678 Gen.
1826 2650 1854 2683 l,

1061 2697 1146 2725 E\oil.
1163 2698 1187 2732 Ι,
1203 2698 1289 2725 Levit.
1308 2698 1333 2731 1,
1349 2697 1428 2725 Num.
1455 2699 1481 2731 Ι,
1495 2698 1604 2726 Denter.
1618 2699 1643 2730 1,
1658 2698 1720 2725 .lesu
1736 2698 1810 2726 Nave
1826 2698 1853 2731 Ι,

1060 2743 1183 2772 Judicum
1200 2743 1225 2776 Ι,
1242 2743 1312 2770 Ruth
1328 2745 1355 2778 l,
1370 2744 1471 2779 Regum
1486 2744 1632 2772 secundum
1647 2752 1696 2772 nos
1710 2743 1736 2776 4,
1758 2751 1855 2771 secun-

1059 2790 1122 2818 dum
1138 2790 1265 2818 Hebrmos
1284 2791 1312 2821 2.
1339 2790 1542 2826 Evangeliorum
1563 2790 1591 2822 4,
1617 2790 1763 2817 secundum
1786 2790 1854 2817 hiat-

1058 2838 1172 2871 thteum,
1195 2836 1343 2864 secundum
1359 2837 1487 2869 Marcum,
1512 2835 1660 2863 secmtdum
1676 2835 1786 2868 Lucam,
1811 2843 1855 2863 se-

1056 2883 1172 2913 cundum
1189 2883 1330 2919 Joannem,
1347 2883 1460 2912 Actuum
1475 2881 1658 2919 apostolorum
1677 2881 1702 2909 l.
1730 2880 1766 2910 D.
1782 2880 1855 2914 Nulli
