4038 6350
320 334 375 395 ιτ
1371 327 1461 387 es
1494 323 1827 386 PARTIBUS
1864 319 2001 380 ntv.
2040 323 2237 387 LEGIS
2275 328 2401 391 LIB.
2444 330 2490 392 ι.
3492 334 3561 397 is

323 450 397 508 alii
424 449 545 508 libri
569 450 635 508 ad
663 449 895 509 divinam
926 449 1200 509 historiam
1230 448 1529 521 pertinent?
1560 445 1638 503 Μ.
1651 440 1869 513 διωὶωι·
1895 438 1950 502 Α
1972 450 2097 497 sunt
2126 446 2270 500 talia.
2312 447 2380 503 ι).
2419 448 2595 516 Quare
2629 446 2932 507 addidimus
2958 465 2973 505 :
3016 438 3098 506 se
3124 448 3296 507 divina
3335 451 3564 525 inspira-

323 550 441 614 gunt
505 542 683 612 plures
729 559 745 599 :
792 542 1231 613 Paralipomenon
1278 542 1336 607 2,
1376 541 1477 597 Job
1510 543 1559 609 1,
1611 540 1796 596 Esdrm
1826 541 1884 609 2,

325 633 494 691 Iudith
520 635 573 703 1,
603 635 796 692 Esther
824 638 877 704 1,
907 636 1108 692 Macab.
1138 636 1193 690 2.
1235 633 1305 689 D.
1336 634 1513 702 Quare
1544 632 1596 688 hi
1624 633 1746 688 libri
1774 646 1882 688 non

324 728 453 783 inter
478 728 762 784 canonicas
787 728 1087 799 Scripturas
1117 737 1340 785 currunt
1368 728 1435 783 ιτ
1511 726 1588 783 Μ.
1616 726 1881 794 Quoniam

324 819 454 887 apud
491 818 744 876 Hebraeos
781 837 992 892 quoque
1040 836 1205 890 super
1250 821 1351 876 hac
1399 820 1697 877 differentia
1746 818 1888 875 reci-

325 909 617 979 piebantur,
680 911 813 965 sicut
874 912 1224 985 Hieronymus
1274 911 1558 981 caeterique
1605 920 1885 968 testantur.

325 1000 388 1054 l).
415 1000 563 1057 Nulla
590 1002 641 1055 in
667 1001 748 1057 his
776 1002 922 1058 libris
947 1002 1046 1057 alia
1068 1004 1275 1074 species
1304 1002 1609 1059 invenitur?
1635 1001 1713 1058 Μ.
1739 1001 1891 1058 Ince-

324 1094 449 1149 dunt
490 1102 719 1161 caiterae,
751 1094 845 1149 scd
885 1110 988 1150 non
1020 1094 1384 1167 principaliter
1414 1113 1429 1149 :
1458 1098 1579 1165 quia
1619 1095 1718 1149 etsi
1764 1109 1891 1165 per-

326 1201 464 1241 sona:
492 1201 521 1240 a
551 1186 742 1257 quibus
770 1187 925 1243 dicite
953 1197 1077 1244 sunt
1117 1189 1369 1259 primum,
1399 1188 1691 1244 secundum
1733 1196 1894 1245 caete-

326 1292 408 1331 ras
454 1277 664 1346 species
709 1284 835 1332 sunt
877 1278 1096 1346 locutae;
1140 1289 1318 1334 tamen
1360 1280 1427 1335 ab
1473 1293 1538 1335 eo
1566 1279 1657 1349 qui
1700 1278 1890 1334 librum

326 1381 349 1420 s
383 1369 553 1437 ripsit,
588 1379 647 1423 ut
674 1367 893 1424 historia
923 1379 1044 1426 sunt
1084 1370 1268 1427 relata.
1311 1371 1460 1427 Sicut
1489 1370 1893 1428 benedictiones

328 1456 484 1513 lacob
532 1461 876 1529 patriarchae,
925 1461 993 1516 ab
1037 1462 1151 1532 ipso
1193 1462 1405 1533 quidem
1439 1462 1695 1534 propheta
1737 1462 1894 1517 dictae

327 1561 445 1603 sunt
470 1567 481 1601 :
508 1551 601 1606 sed
624 1551 831 1622 Moyses
860 1554 949 1623 qui
977 1554 1160 1620 refert,
1188 1556 1377 1613 ordine
1405 1566 1585 1612 narrat
1614 1556 1891 1612 historico.

329 1642 393 1696 Et
421 1657 539 1697 cum
568 1643 682 1714 ipse
706 1644 915 1715 Moyses
945 1645 1076 1700 dicit
1098 1662 1112 1701 :
1138 1644 1202 1699 In
1228 1648 1477 1719 principio
1501 1648 1694 1717 factum
1719 1648 1899 1702 ctelum

327 1741 370 1786 et
398 1742 584 1787 terram
608 1733 762 1805 (Gen.
787 1751 825 1801 l,
846 1735 897 1805 1)
918 1752 932 1803 ;
961 1720 1272 1806 prophetico
1292 1738 1505 1808 quidem
1527 1739 1657 1793 dicit
1684 1740 1896 1809 spiritu,

1986 534 2160 589 tione?
2214 535 2290 592 Μ.
2324 537 2457 606 Quia
2485 539 2561 596 illi
2592 541 2679 611 qui
2708 548 2797 597 aut
2815 541 3117 599 daemonum
3147 542 3425 611 instinctu,
3471 553 3565 600 aut

1988 625 2105 682 aliis
2133 628 2304 684 modis
2334 630 2549 687 latentia
2579 633 2789 701 dicunt,
2830 634 2955 691 licet
2982 633 3261 706 propheta:
3298 635 3404 691 dici
3435 650 3563 706 pos-

1987 726 2129 785 sunt,
2158 728 2332 776 tamen
2373 720 2515 777 inter
2543 723 2842 779 divinarum
2872 724 3263 795 Scripturarum
3309 740 3415 781 non
3465 742 3565 782 nu-

1989 821 2264 868 merantur
2278 823 2544 880 auctores.
2576 815 2646 871 D.
2670 817 2726 871 In
2748 818 2938 888 quibus
2969 818 3118 875 libris
3142 818 3417 887 prophetia
3446 833 3569 875 sus-

1990 903 2217 975 cipitur?
2273 907 2352 963 Μ.
2386 906 2443 962 In
2475 910 2853 977 septemdecim
2889 929 2901 965 :
2936 911 3266 966 Psalmorum
3295 927 3360 966 cr.
3389 912 3487 967 lib.
3510 913 3564 979 1,

1992 996 2129 1053 Osee
2158 998 2248 1053 lib.
2284 1000 2334 1067 1,
2386 1000 2533 1055 Isaiae
2563 1002 2655 1057 lib.
2695 1003 2744 1070 1,
2793 1004 2909 1060 Joel
2938 1004 3036 1060 lib.
3076 1007 3128 1073 1,
3175 1008 3338 1061 Amos
3390 1007 3483 1060 lib.
3512 1007 3569 1071 1,

1992 1087 2177 1142 Abdiac
2207 1087 2298 1146 lib.
2329 1089 2382 1157 ι,
2406 1089 2554 1145 ,Ιοηω
2578 1091 2671 1146 lib.
2697 1094 2749 1158 ι,
2782 1092 3015 1149 Μίοιιωω
3048 1096 3138 1150 lib.
3166 1076 3217 1164 i,
3246 1095 3447 1149 Nahum
3475 1097 3568 1151 lib.

1996 1180 2047 1243 1.
2080 1180 2366 1249 Sophonia:
2396 1183 2489 1239 lib.
2519 1183 2570 1252 1,
2623 1185 2870 1242 llahacuc
2898 1186 2989 1241 lib.
3019 1189 3071 1255 1,
3120 1188 3366 1244 Jcremize
3397 1189 3485 1244 lib.
3516 1191 3570 1254 1,

1993 1272 2239 1329 Ezechiel
2268 1275 2361 1331 lib.
2393 1277 2445 1345 1,
2475 1276 2656 1333 Daniel
2682 1278 2776 1333 lib.
2802 1278 2852 1346 1,
2894 1280 3073 1350 Aggmi
3106 1280 3197 1336 lib.
3220 1282 3271 1341 1.
3302 1280 3573 1335 Zachariae

1994 1363 2088 1420 lib.
2118 1366 2168 1433 1,
2208 1366 2478 1423 Malacbiat
2506 1369 2598 1424 lib.
2635 1370 2686 1424 1.
2739 1368 2998 1427 Caeterum
3030 1371 3097 1426 de
3123 1372 3343 1426 Joannis
3370 1372 3577 1441 Apoca-

1995 1454 2133 1526 lypsi
2162 1457 2298 1525 apud
2322 1457 2623 1514 Orientales
2646 1459 2932 1515 admodum
2961 1461 3231 1516 dubitatur
3252 1459 3300 1514 b.
3329 1459 3395 1513 D.
3421 1459 3576 1515 Nulla

1997 1547 2049 1603 in
2090 1547 2177 1603 his
2216 1548 2365 1605 libris
2408 1550 2510 1605 alia
2552 1552 2760 1620 species
2802 1550 3110 1607 invenitur?
3174 1550 3251 1605 Μ.
3305 1551 3579 1606 Accedunt

1999 1648 2223 1705 caetera;
2266 1640 2361 1695 sed
2406 1655 2510 1696 non
2547 1642 2933 1713 principaliter,
2965 1642 3066 1696 nisi
3112 1641 3176 1696 ad
3208 1640 3577 1711 probationem

2002 1730 2294 1799 prophetiae
2333 1747 2349 1786 :
2387 1733 2522 1787 sicut
2569 1733 2623 1787 in
2672 1732 2807 1788 lsaia
2855 1747 2974 1802 cap.
3025 1747 3116 1797 vn,
3161 1747 3317 1797 xxxi,
3374 1745 3580 1798 xxxvn,

327 1824 420 1879 sed
447 1825 624 1896 specie
660 1836 841 1883 narrat
868 1828 1140 1884 historica.
1190 1806 1445 1887 Similiter
1474 1840 1528 1887 et
1557 1806 1905 1904 prove-rbiali-
1935 1806 1984 1869 Β
2011 1820 2193 1877 Achaz
2222 1831 2274 1876 et
2298 1821 2542 1879 Ezechim
2566 1839 2748 1893 regum
2776 1824 2920 1879 Vell"
2947 1822 3194 1895 quadam
3235 1821 3464 1879 τθῖθτίυτ
3500 1822 3583 1877 δί’

327 1926 406 1974 ter
446 1935 824 1991 nonnunquam
867 1932 1021 1977 sonat
1053 1924 1294 1992 historia,
1332 1936 1388 1979 ut
1412 1934 1496 1981 est
1534 1943 1546 1978 :
1577 1925 1905 1981 Ambulantia

326 2010 714 2065 ambulaverunt
736 2011 895 2085 ligna,
922 2030 1109 2085 ungere
1126 2032 1279 2084 super
1303 2033 1356 2071 se
1371 2032 1536 2087 regem
1556 2016 1709 2088 (Jud.
1728 2034 1803 2083 tx,
1825 2018 1902 2089 8).

327 2100 632 2170 Aliquando
670 2101 989 2173 simpliciter
1030 2105 1213 2172 docet,
1264 2106 1315 2161 id
1362 2117 1444 2162 est
1476 2124 1487 2159 :
1521 2107 1679 2174 Audi,
1710 2107 1903 2178 Israel,

325 2189 582 2244 Dominus
600 2191 738 2246 Deus
759 2202 894 2259 tuus,
916 2194 1053 2251 Deus
1074 2212 1205 2250 unus
1224 2207 1297 2251 est
1317 2196 1491 2266 (Deut.
1514 2214 1589 2269 Vl,
1615 2200 1691 2270 4).
1716 2202 1907 2256 Omnia

326 2289 530 2345 tamen,
553 2291 611 2335 ut
633 2282 762 2349 dixi,
792 2285 972 2353 specie
1000 2294 1356 2342 contexuntur
1376 2288 1649 2345 historica.
1673 2275 1751 2346 .D.
1769 2291 1905 2359 Quid

327 2370 584 2426 historica
624 2374 901 2443 speciebus
947 2377 1156 2433 caeteris
1203 2380 1458 2447 praestat?
1503 2380 1581 2437 Μ.
1614 2382 1765 2449 Quod
1806 2384 1908 2454 ipsi

328 2474 538 2518 emtum
567 2464 841 2535 subiacent
872 2485 883 2521 :
915 2468 1049 2534 ipsa,
1083 2470 1234 2525 nulli.
1269 2469 1337 2526 D.
1364 2474 1500 2543 Quid
1525 2474 1598 2528 illi
1624 2489 1909 2534 commune

329 2569 450 2609 cum
479 2558 738 2613 exteris?
776 2557 854 2613 Μ.
886 2560 1056 2630 liabet
1077 2577 1362 2620 commune
1390 2581 1510 2621 cum
1541 2567 1771 2638 simplici
1810 2570 1909 2624 do-

330 2648 522 2712 ctrina,
550 2647 690 2718 quod
719 2660 938 2721 utraque
980 2642 1262 2723 superﬁcie
1289 2658 1461 2726 planae
1492 2658 1759 2727 videntur,
1788 2676 1909 2717 cum

330 2739 434 2792 sint
479 2738 752 2797 intellectu
791 2742 1105 2815 plerumque
1141 2745 1386 2806 difﬁciles
1424 2764 1439 2803 :
1481 2765 1604 2806 nam
1633 2751 1754 2807 alia:
1784 2767 1913 2809 eon-

331 2840 430 2885 Ira.

942 2924 1171 2983 CAPUT
1208 2927 1299 2985 Ν.

932 3016 1011 3074 De
1038 3021 1326 3093 praphetia.

403 3126 468 3183 υ.
496 3124 632 3194 Quid
659 3132 742 3182 est
767 3127 1081 3199 pr0phetia?
1107 3132 1183 3186 Μ.
1209 3131 1409 3190 Rerum
1442 3135 1741 3207 latentium,
1775 3154 1914 3209 prac-

330 3218 635 3286 teritarum,
662 3228 750 3273 aut
778 3223 1141 3292 praesentium,
1172 3232 1264 3279 aut
1288 3226 1608 3293 futurarum,
1638 3244 1701 3284 ex
1736 3230 1911 3289 divina
1940 3190 1989 3256 α

328 3309 683 3380 inspiratione
728 3314 1103 3370 manifestatio.
1150 3314 1221 3371 D.
1253 3318 1325 3373 Da
1367 3319 1423 3373 in
1464 3322 1748 3389 praeteritis
1791 3339 1917 3394 pro-

327 3403 591 3473 phetiam.
668 3402 746 3457 Μ.
790 3404 951 3459 Verbo
980 3406 1183 3461 Domini
1224 3409 1338 3463 caeli
1360 3410 1552 3481 ﬁrmati
1595 3422 1712 3467 sunt
1742 3413 1915 3479 (Paul.

328 3509 500 3562 xxxii,
534 3496 610 3565 ὕ).
639 3496 705 3550 Et
729 3511 743 3549 :
772 3495 1023 3562 Quoniam
1052 3497 1160 3567 ipse
1187 3498 1338 3567 dixit,
1363 3512 1407 3555 et
1432 3504 1569 3572 facta
1594 3514 1712 3558 sunt
1740 3494 1912 3575 (Psal.

327 3600 555 3654 csum,
590 3587 667 3657 5).
713 3587 782 3643 Et
806 3604 820 3641 :
849 3586 914 3642 In
936 3590 1185 3660 principio
1213 3593 1332 3663 fecit
1365 3592 1501 3649 Deus
1530 3597 1711 3650 cazlum
1738 3607 1786 3652 et
1814 3608 1913 3654 ter-

324 3692 437 3730 ram
470 3670 627 3747 (Gen.
660 3692 677 3733 ι
736 3678 811 3748 1).
844 3676 914 3735 D.
944 3679 1019 3734 Da
1050 3681 1101 3735 in
1125 3685 1497 3753 praesentibus.
1526 3686 1604 3743 Μ.
1639 3688 1913 3760 Cognitio-

325 3785 449 3825 ncm
484 3770 645 3826 futuri
680 3768 804 3826 lacti
826 3771 970 3828 Giezi
997 3776 1252 3844 propheta
1288 3778 1338 3831 in
1372 3781 1619 3849 praesenti
1649 3782 1780 3838 vidit
1805 3783 1915 3856 (IV

324 3860 462 3935 Reg.
498 3878 551 3931 v,
576 3862 669 3933 26)
697 3880 709 3917 ε
740 3873 796 3919 et
823 3863 1047 3921 Ananiae
1075 3881 1137 3922 ac
1164 3867 1440 3939 Saphirae,
1472 3871 1663 3929 Petrus
1702 3886 1918 3948 aposto-

324 3951 409 4037 lus
432 3953 577 4016 (Act.
608 3970 662 4022 v,
686 3955 766 4019 3).
817 3954 888 4014 D.
920 3957 999 4012 Da
1023 3958 1077 4014 in
1105 3959 1315 4017 futuris.
1344 3961 1420 4017 Μ.
1452 3962 1587 4020 Ecce
1611 3967 1753 4039 virgo
1782 3971 1918 4025 acci-

322 4047 429 4116 piet
452 4048 510 4100 in
532 4056 673 4102 utero
695 4046 828 4119 (15a.
855 4064 946 4115 vn,
972 4050 1086 4122 14),
1107 4061 1211 4108 etc.
1235 4052 1305 4110 ο.
1329 4054 1506 4123 Quare
1527 4058 1580 4112 in
1605 4058 1919 4119 deﬁnitione

322 4141 567 4208 positum
596 4149 678 4196 est
702 4139 1011 4197 latentium?
1064 4142 1142 4197 Μ.
1173 4143 1307 4212 Quia
1337 4146 1383 4202 si
1411 4150 1531 4219 quis
1564 4148 1673 4220 jam
1704 4155 1915 4223 Cognita

320 4228 500 4297 dicat,
534 4229 657 4286 licet
695 4240 747 4286 et
781 4230 958 4288 futura
986 4232 1115 4299 sint,
1145 4244 1322 4292 tamen
1361 4228 1620 4309 propheta
1657 4258 1764 4298 non
1793 4252 1913 4299 est:

318 4320 472 4376 sicut
496 4334 615 4388 nos,
638 4336 758 4377 cum
783 4325 1229 4382 resurrectionem
1252 4330 1622 4397 praedicamus,
1644 4335 1918 4403 propheta:

317 4426 435 4469 non
470 4428 679 4469 sumus.
728 4416 784 4469 Si
813 4432 942 4472 vero
988 4418 1351 4488 cujuscunque
1395 4425 1652 4491 temporis
1697 4425 1917 4481 latentia

313 4505 663 4571 manifestat,
694 4517 819 4561 tunc
848 4507 1107 4577 prepheta
1134 4518 1237 4580 est,
1260 4509 1397 4565 sicut
1418 4510 1529 4581 jam
1558 4516 1914 4572 ostendimus.

310 4595 395 4650 D.
426 4591 609 4647 Proba
639 4592 758 4649 hoc.
813 4593 892 4649 Μ.
924 4596 1168 4667 Apostoli
1215 4600 1540 4669 testimonio,
1590 4603 1643 4659 in
1676 4605 1914 4675 Epistola

313 4685 389 4741 ad
422 4684 763 4753 Corinthios,
796 4688 883 4757 qui
910 4687 985 4742 ait
1015 4704 1031 4742 :
1072 4687 1136 4744 Si
1159 4693 1442 4747 convenerit
1472 4695 1709 4752 universa
1735 4696 1917 4754 Eccle-

314 4779 398 4834 sia
420 4778 483 4830 in
504 4791 686 4845 unum,
706 4785 755 4832 et
776 4779 964 4852 linguis
993 4780 1265 4852 loquantur
1295 4800 1495 4853 omnes,
1528 4788 1716 4846 intrent
1746 4803 1919 4849 autem

313 4871 537 4937 idiotis,
582 4886 748 4926 nonne
776 4874 944 4929 dicent
972 4877 1091 4944 quia
1120 4878 1398 4937 insanitis?
1453 4882 1515 4940 Si
1545 4896 1715 4941 autem
1745 4904 1917 4946 omnes

314 4962 657 5034 prapltetent,
686 4964 835 5019 intret
861 4976 1029 5022 autem
1058 4970 1284 5039 inﬁdelis
1312 4983 1403 5028 aut
1434 4976 1617 5042 idiota,
1650 4981 1915 5053 convinci-

315 5066 407 5110 tur
428 5058 500 5110 ab
523 5058 774 5126 omnibus,
798 5062 1137 5133 interrogatur
1161 5066 1224 5118 ab
1252 5067 1505 5135 omnibus,
1534 5074 1733 5127 occulta
1761 5076 1917 5130 etiant

315 5150 508 5203 cordis
536 5153 648 5221 ejus
676 5154 948 5225 manifesta
976 5163 1123 5209 erunt
1148 5174 1167 5212 :
1193 5166 1240 5211 et
1268 5165 1387 5212 tunc
1414 5163 1598 5217 cadens
1626 5165 1678 5219 in
1707 5167 1913 5236 faciem,

315 5243 571 5296 adorabit
596 5243 783 5314 Deum,
833 5248 1142 5303 annuntians
1187 5252 1326 5321 quod
1374 5254 1639 5323 manifeste
1679 5254 1818 5314 Deus
1861 5260 1916 5314 in

317 5338 473 5390 vobis
502 5348 573 5390 est
603 5336 653 5409 (Ι
684 5339 804 5394 Cor.
831 5356 942 5409 xlv,
973 5341 1064 5411 25,
1110 5342 1226 5414 25).
1276 5344 1418 5403 Ecce
1436 5348 1745 5418 .Apostolus
1789 5367 1916 5423 pro-

320 5434 532 5504 phetiae
574 5434 679 5487 vim
727 5433 780 5489 in
823 5436 1148 5491 occultorum
1194 5439 1623 5497 manifestatioue
1665 5443 1915 5515 signavit.

320 5527 435 5583 Sed
468 5534 528 5581 et
548 5531 820 5599 sequentia
850 5529 902 5584 in
926 5529 1111 5585 eadem
1140 5530 1379 5601 Epistola
1408 5541 1465 5589 et
1492 5537 1720 5603 exteris,
1750 5546 1916 5609 multa

400 5675 429 5704 ι
463 5666 632 5721 Caute
660 5666 796 5736 lege,
830 5684 950 5747 nam
981 5686 1257 5741 perperam
1287 5677 1545 5747 quosdam
1573 5680 1739 5740 libros
1763 5703 1792 5744 a
1821 5703 1910 5745 ca-

321 5752 478 5823 ricae
511 5747 808 5823 sanctarum
836 5739 1229 5823 Scripturlirum
1272 5739 1471 5823 evellit.
1550 5739 1903 5823 ΒιιΑειέιῖείί.

319 5809 507 5869 ludio.
543 5807 723 5865 libror.
750 5807 991 5883 exourgI,
1022 5823 1151 5873 tom.
1183 5816 1222 5888 l,
1252 5832 1373 5891 pag.
1406 5820 1475 5876 57

2006 1914 2204 1980 storia;
2236 1914 2328 1969 sed
2368 1916 2658 1985 prophetia:
2697 1916 2921 1972 intentio
2950 1925 3054 1984 est,
3085 1931 3192 1971 non
3224 1922 3371 1987 gesta
3399 1921 3584 1969 conte-

2006 2021 2151 2072 xere,
2178 2006 2269 2061 sed
2292 2006 2667 2076 praedictorum
2696 2008 2895 2063 exitum
2926 2008 3293 2077 comprobare.
3322 2005 3584 2061 Jeremias

2007 2110 2127 2152 cum
2159 2098 2327 2154 dicit:
2375 2099 2552 2167 Terra,
2598 2107 2756 2169 terra,
2801 2100 2924 2153 audi
2972 2099 3173 2153 verbum
3212 2097 3420 2151 Domini
3447 2094 3584 2165 (Jer.

2008 2204 2140 2259 xxii,
2185 2189 2298 2261 29),
2351 2198 2570 2255 terram,
2620 2191 3051 2263 proverbialiter,
3085 2189 3382 2245 habitantes
3426 2188 3479 2241 in
3524 2200 3587 2243 ea

2010 2281 2250 2337 homines
2278 2296 2567 2352 nuncupat.
2596 2283 2661 2338 Et
2688 2298 2808 2337 cum
2836 2281 2999 2337 Isaias
3029 2280 3158 2337 dicit
3189 2297 3203 2334 :
3236 2280 3360 2335 Non
3386 2279 3487 2334 tale
3504 2281 3588 2353 je-

2000 2373 2210 2444 junium
2238 2374 2388 2446 elegi,
2417 2373 2541 2429 dicit
2570 2373 2817 2430 Dominus
2845 2390 2864 2430 :
2891 2378 2978 2431 sed
3005 2375 3143 2429 solve
3172 2390 3371 2428 omnem
3401 2374 3589 2427 nodum

2010 2464 2290 2534 iniquitatis
2312 2463 2447 2534 (Isa.
2473 2481 2619 2533 LVIII,
2644 2466 2722 2535 6),
2751 2474 2881 2532 etc.,
2907 2465 3050 2520 velut
3079 2464 3392 2535 simpliciter
3412 2467 3589 2529 ducet,

2012 2557 2106 2611 sed
2165 2564 2223 2610 ut
2277 2556 2588 2627 prophetico
2630 2556 2838 2627 spiritu
2892 2558 3073 2627 jussus
3139 2555 3252 2610 haec
3316 2570 3363 2621 pi
3398 2555 3589 2610 .Jlicat.

2014 2649 2083 2704 Β.
2109 2649 2241 2717 Quid
2277 2649 2571 2720 proilhetiae
2592 2664 2875 2705 commune
2894 2663 3016 2705 cum
3042 2648 3289 2704 caeteris?
3324 2648 3377 2701 Μ
3390 2688 3399 2699 .
3426 2646 3592 2703 liabet

2014 2756 2296 2797 commune
2336 2755 2456 2796 cum
2500 2740 2805 2797 Proverbiis
2848 2742 2989 2812 quod
3032 2750 3257 2810 utraque
3305 2738 3595 2810 superﬁcie

2015 2831 2254 2890 difﬁcilia
2275 2842 2420 2903 sunt,
2451 2833 2546 2891 sed
2577 2835 2827 2940 pleraque
2856 2836 3126 2892 intellectu
3164 2850 3268 2891 non
3299 2834 3483 2891 ardua.

2643 2946 2869 3007 CAPUT
2905 2952 2968 3007 ν.

2590 3041 2670 3098 De
2699 3042 3015 3101 Proverbiis.

2090 3152 2159 3209 D.
2189 3153 2318 3223 Qua:
2348 3164 2428 3210 est
2456 3155 2807 3225 proverbialis
2837 3156 3084 3227 species?
3134 3156 3211 3212 Μ.
3243 3155 3499 3224 Quaedam
3537 3156 3596 3212 ﬁ-

2017 3251 2204 3313 gurata
2235 3244 2453 3309 locutio,
2496 3245 2640 3299 aliud
2688 3258 2909 3315 sonans,
2955 3246 3097 3301 aliud
3144 3247 3405 3312 sentiens,
3451 3256 3507 3301 et
3545 3247 3598 3304 in

2019 3336 2271 3406 praesenti
2303 3349 2651 3392 commonens
2685 3346 2948 3407 tempore.
2997 3338 3061 3391 Ι).
3098 3338 3152 3393 In
3180 3337 3372 3407 quibus
3395 3337 3510 3393 hanc
3536 3338 3600 3395 li-

2018 3426 2129 3482 bris
2155 3427 2446 3505 accipitur?
2477 3425 2555 3481 M.
2589 3429 2645 3483 In
2675 3426 2883 3482 duobus
2908 3444 2922 3482 :
2954 3427 3255 3483 Salomonis
3284 3428 3600 3485 Proverbio-

2019 3533 2138 3575 rum
2168 3518 2261 3574 lib.
2288 3520 2341 3588 1,
2370 3528 2424 3574 et
2448 3518 2574 3575 Jesu
2608 3518 2701 3573 ﬁlii
2733 3518 2918 3575 Sirach
2947 3521 3035 3575 lib.
3072 3522 3122 3576 1.

2092 3607 2163 3663 D.
2226 3608 2414 3665 Nullus
2477 3609 2614 3665 alius
2679 3610 2816 3666 liber
2876 3609 3001 3667 huic
3057 3610 3252 3679 speciei
3311 3610 3601 3667 subditur?

2019 3700 2099 3758 Μ.
2129 3703 2439 3773 Adjungunt
2465 3703 2680 3776 quidam
2708 3704 2901 3759 librum
2932 3705 3021 3775 qui
3048 3713 3266 3760 vocatur
3286 3703 3601 3774 Sapientiae,

2020 3804 2075 3852 et
2100 3792 2315 3849 Cantica
2345 3777 2697 3849 canticorum.
2731 3793 2798 3849 D.
2829 3795 3163 3852 Acciduntne
3194 3795 3276 3850 his
3304 3784 3451 3849 libris
3481 3796 3601 3851 alia:

2020 3887 2264 3957 species?
2308 3882 2388 3941 Μ.
2424 3884 2550 3942 Sola
2590 3887 2815 3956 simplex
2845 3885 3087 3943 doctrina
3116 3887 3326 3955 accidit,
3355 3887 3451 3942 sed
3488 3902 3596 3943 non

2020 3977 2404 4050 principaliter,
2436 3977 2539 4033 nisi
2576 3977 2642 4033 ad
2674 3978 3111 4048 explanationem
3141 3980 3221 4034 vel
3253 3977 3598 4034 commenda-

2022 4072 2221 4126 tionem
2255 4069 2665 4128 Proverbiorum
2708 4086 2724 4127 :
2780 4080 2855 4137 ut,
2882 4069 3098 4126 Initium
3143 4070 3406 4143 sapientia:
3451 4071 3603 4128 timor

2021 4162 2229 4220 Domini
2252 4164 2432 4236 (Prov.
2459 4180 2499 4232 ι,
2533 4165 2584 4232 7;
2617 4180 2692 4231 ix,
2717 4163 2827 4234 10).

2091 4256 2164 4311 D.
2211 4255 2349 4323 Quid
2378 4255 2678 4313 Proverbiis
2727 4270 3012 4311 commune
3047 4269 3170 4309 eum
3220 4254 3468 4310 caneris?
3524 4254 3601 4309 Μ.

2022 4348 2196 4405 Habet
2219 4362 2340 4403 eum
2372 4348 2648 4418 prophetia
2677 4361 2978 4411 commune,
3012 4344 3154 4414 quod
3190 4343 3471 4411 superﬁcie
3494 4343 3602 4398 dii"-

2024 4438 2179 4493 ﬁcilis
2226 4439 2455 4506 videtur,
2500 4451 2620 4493 cum
2668 4436 2946 4491 integlcctu
2993 4434 3305 4505 plerumque
3355 4448 3462 4489 non
3508 4435 3599 4490 sit.

1945 4568 2000 4632 Β
2030 4530 2093 4584 D.
2128 4528 2265 4598 Quid
2307 4527 2467 4584 habet
2508 4526 2854 4597 proverbialis
2900 4530 3109 4598 species
3156 4526 3464 4598 proprium?
3522 4525 3601 4581 Μ.

2023 4620 2178 4690 Quod
2209 4620 2258 4677 ei
2284 4635 2456 4691 neque
2486 4618 2731 4688 historia,
2761 4634 2935 4691 neque
2964 4619 3241 4691 prophetia
3273 4618 3598 4686 miscentur;

2022 4725 2079 4772 et
2107 4715 2220 4771 sola
2246 4724 2330 4771 est
2358 4729 2475 4785 qua:
2503 4713 2577 4770 ita
2606 4714 2947 4785 intelligitur,
2977 4722 3036 4770 ut
3062 4714 3458 4787 quodammodo
3486 4729 3581 4770 ver

2019 4808 2213 4866 borum
2236 4807 2546 4878 superﬁcies
2568 4805 2859 4863 auferatur.
2884 4805 2954 4862 D.
2986 4809 3161 4873 Quare
3187 4808 3241 4863 in
3268 4805 3371 4863 hoc
3398 4816 3600 4862 tantum
3661 4832 3664 4856 ς

2022 4901 2226 4957 licitum
2293 4899 2447 4956 nobis
2492 4906 2616 4968 est,
2671 4915 2777 4955 non
2831 4907 3031 4955 textum
3076 4898 3368 4968 Scriptura
3440 4898 3607 4968 ipsius

2023 4993 2387 5061 considerare,
2422 4992 2515 5049 sed
2555 5007 2795 5059 sensum,
2823 5007 2944 5047 cum
2985 4991 3039 5047 in
3079 4992 3291 5048 caeteris
3324 4990 3493 5046 tribus
3531 4988 3604 5043 ita

2025 5084 2306 5155 allegorias
2336 5084 2586 5155 mysticas
2615 5084 2976 5149 adiuittainus,
3002 5091 3061 5138 ut
3088 5082 3411 5139 narrationis
3442 5078 3602 5132 tidem

2024 5186 2351 5247 prmseutare
2387 5189 2607 5231 necesse
2627 5174 2730 5230 sit?
2760 5173 2813 5229 Μ
2824 5215 2836 5231 .
2878 5175 3009 5243 Quia
3051 5174 3096 5230 si
3128 5172 3451 5230 voluerimus
3480 5182 3603 5238 pro-

2024 5267 2311 5324 verbialem
2359 5268 2592 5337 speciem
2640 5267 2834 5339 ubique
2873 5266 3183 5340 allegoriam
3220 5265 3299 5318 sic
3336 5260 3597 5331 recipere,

2025 5371 2083 5417 ut
2112 5360 2431 5417 narrationis
2457 5360 2653 5417 veritas
2682 5360 3015 5425 inﬁrmetur,
3064 5359 3240 5413 locum
3268 5353 3459 5410 damus
3500 5354 3602 5410 ini-

2026 5455 2201 5521 micis,
2227 5462 2384 5524 prout
2406 5454 2689 5521 voluerint,
2734 5453 2939 5508 divinos
2980 5451 3145 5505 libros
3191 5447 3597 5518 interpretandi.

2027 5554 2097 5612 D,
2127 5545 2268 5616 Quot
2311 5546 2484 5602 modis
2509 5545 2562 5600 in
2594 5545 2772 5601 divina
2799 5544 2913 5614 lege
2942 5538 3194 5614 allegoria
3219 5538 3600 5613 cognoscitur?

2091 5692 2121 5735 δ
2150 5695 2292 5751 Citra
2323 5703 2482 5745 omne
2505 5687 2613 5758 jam
2645 5685 2863 5742 dubium
2895 5687 3031 5758 liber
3049 5681 3404 5758 Apocalypsis
3431 5690 3485 5738 ei
3512 5692 3601 5737 ca.

2015 5767 2243 5827 nonicus
2268 5772 2319 5820 et
2347 5755 2692 5833 propheticus
2719 5768 2820 5815 est.
2848 5758 2925 5815 ld.
2954 5755 3086 5815 ibid.
