4038 6350
427 299 497 361 ta
1936 287 2173 345 JUNlLll
3627 289 3695 348 ao

426 406 508 464 Μ.
537 408 773 476 Quatuor
803 425 817 463 :
847 415 939 464 aut
966 407 1256 465 secundum
1288 402 1687 462 translationem
1727 402 1811 459 vel
1843 410 2013 457 meta-
2044 400 2097 461 Α

430 506 675 574 phoram,
725 514 781 561 ut
826 514 909 561 cst
950 521 964 559 :
1012 505 1187 559 Iratus
1234 511 1307 557 est
1348 499 1619 564 Dominus,
1664 507 1710 553 et
1750 497 2009 552 descendit

431 597 629 660 (Exod.
660 613 729 663 IV,
764 598 879 666 il),
910 606 963 652 et
989 595 1178 651 similia
1206 608 1324 662 quae
1358 591 1424 646 ad
1453 590 1797 647 insinuandas
1821 602 2011 645 causas

430 704 492 742 ex
542 688 789 751 humanis
836 688 1074 747 maribus
1119 685 1510 739 transferuntur
1560 682 1627 737 ad
1671 684 1871 747 Deum;
1921 688 2010 735 aut

430 780 722 833 secundum
771 779 1199 847 imaginationem
1231 776 1313 830 vel
1357 774 1733 845 bypotyposin,
1764 781 1823 827 ut
1849 781 1931 828 est
1958 774 2011 828 in

433 872 719 941 Evangelia
746 892 755 925 :
782 873 949 926 Homo
970 870 1180 941 quidam
1205 870 1536 924 descendebat
1562 868 1623 921 ab
1643 865 1927 922 Jerusalem
1956 867 2009 919 in

429 963 637 1018 Jericho
674 964 825 1032 (Luc.
857 980 908 1028 x,
933 964 1060 1034 50);
1090 971 1143 1017 et
1170 976 1353 1016 rursus
1380 960 1636 1031 parabola
1661 960 1827 1015 vincte
1855 967 2012 1028 atque

431 1058 782 1123 agricolarum
807 1055 1018 1125 (Maztli.
1044 1071 1133 1119 xx,
1170 1061 1304 1123 ut).
1334 1053 1478 1107 Ordo
1507 1054 1647 1107 enim
1680 1066 1862 1107 eorum
1893 1065 2011 1120 quae

429 1149 748 1216 gerebantur
773 1166 801 1202 a
825 1147 1058 1213 Christo,
1084 1148 1226 1202 velut
1250 1147 1475 1217 imagine
1500 1161 1739 1217 personae
1766 1155 1821 1201 ct
1847 1160 2011 1214 nego-

431 1240 488 1294 tii
521 1240 740 1292 alterius
772 1238 998 1293 refertur
1024 1239 1292 1307 impletus.
1341 1241 1447 1292 Aut
1479 1237 1769 1293 secundum
1798 1251 2014 1306 compa-

428 1330 693 1384 rationem
731 1331 813 1385 vel
860 1330 1287 1395 similitudinem,
1320 1330 1461 1385 sicut
1499 1329 1628 1384 dicit
1674 1346 1686 1381 :
1731 1328 1913 1384 Simile
1942 1336 2013 1381 est

426 1436 642 1490 regnum
680 1422 921 1475 crelorum
968 1437 1128 1493 grano
1174 1422 1368 1490 sinapis
1428 1421 1581 1489 (Luc.
1614 1436 1728 1490 xm,
1761 1421 1871 1491 l9),
1904 1428 2009 1475 etc.

429 1513 550 1569 Non
582 1514 725 1569 enim
756 1517 1025 1579 narratio,
1055 1516 1193 1569 sicut
1219 1516 1269 1567 in
1296 1514 1578 1583 superiore
1608 1515 1855 1583 exemplo
1884 1528 2013 1569 cou-

429 1608 651 1672 texitur,
680 1607 773 1662 sed
804 1622 1083 1662 causarum
1113 1607 1447 1662 solummodo
1478 1614 1855 1675 comparantur
1884 1605 2013 1661 elle-

429 1704 567 1751 ctus.
618 1699 723 1752 Aut
764 1698 1055 1753 secundum
1104 1698 1493 1768 proverbialem
1542 1699 1774 1761 modum,
1810 1707 1864 1751 ut
1894 1708 2010 1752 est:

334 1820 341 1827 ο
429 1785 557 1842 Bibe
583 1805 767 1858 aquam
797 1790 859 1842 de
889 1792 988 1843 tuis
1018 1792 1170 1854 vasis,
1200 1800 1245 1844 et
1273 1791 1335 1843 de
1360 1796 1575 1843 cisterna
1603 1801 1712 1856 tua,
1744 1798 1790 1843 ct
1823 1790 1885 1843 de
1911 1790 2010 1843 tuis
2045 1781 2088 1841 Β

428 1882 597 1950 puteis
640 1879 821 1951 (Prov.
854 1896 905 1945 ν,
942 1881 1054 1949 lii),
1103 1895 1222 1936 cum
1273 1882 1399 1934 velit
1444 1880 1716 1948 Scriptura
1768 1880 2008 1946 innucre,

429 1966 699 2024 carnalem
748 1972 1235 2041 concupiscentiam
1282 1970 1421 2025 intra
1457 1970 1727 2025 licentiam
1779 1970 2011 2038 conjugii

429 2060 824 2117 refrenandum.

1036 2215 1263 2272 CAPUT
1304 2216 1391 2273 Vl.

916 2326 992 2383 De
1017 2328 1237 2398 simplici
1264 2328 1515 2383 doctrina.

506 2484 573 2540 D.
614 2485 745 2554 Quae
789 2494 872 2543 est
917 2486 1145 2556 simplex
1191 2487 1468 2553 doctrina?
1518 2486 1595 2541 Μ.
1626 2485 1770 2555 Qua,
1805 2484 1879 2542 de
1914 2487 2017 2543 fide

430 2584 523 2633 aut
549 2577 617 2633 de
647 2578 887 2633 moribus
927 2578 978 2633 in
1012 2580 1262 2648 praesenti
1308 2589 1547 2649 tempore
1577 2579 1885 2649 simpliciter
1920 2578 2016 2633 do-

430 2683 638 2726 cennur.

506 2760 574 2816 D.
614 2761 794 2829 Quare
851 2763 953 2818 hoc
1002 2777 1194 2817 nomen
1246 2764 1489 2832 accepit?
1542 2762 1615 2816 Μ.
1657 2762 1788 2829 Quia
1842 2763 2017 2817 omnis

432 2854 646 2923 quidem
678 2855 950 2923 Scriptura
996 2855 1197 2925 aliquid
1244 2855 1432 2919 docet,
1465 2855 1557 2909 sed
1608 2856 1707 2909 sub
1737 2856 1856 2909 aliis
1899 2870 2019 2922 spc-

433 2946 614 3002 ciebus
646 2962 775 3016 quas
812 2964 970 3018 supra
1001 2949 1267 3014 diximus;
1312 2949 1411 3003 sub
1453 2948 1644 3016 quibus
1675 2947 1815 3001 aliud
1858 2947 2016 3002 etiam

435 3040 627 3109 agitur.
680 3040 806 3095 Haec
852 3051 1030 3095 autem
1080 3056 1251 3110 neque
1306 3040 1582 3095 historiam
1630 3040 1792 3107 texit,
1845 3052 2017 3110 neque

2723 404 2951 464 CAPUT
2992 404 3080 463 VII

2479 494 2557 551 De
2587 500 2889 555 auctoritate
2915 498 3325 569 Scripturarum.

2190 607 2263 664 D.
2309 609 2590 675 Quomodo
2636 612 2937 667 divinorum
2987 587 3271 668 Librorum
3321 612 3697 669 consideratur

2111 701 2439 757 auctoritas?
2470 702 2547 756 Μ.
2588 703 2718 771 Quia
2759 704 2973 774 quidam
3014 704 3265 775 perfectae
3306 705 3645 761 auctoritatis
3674 717 3699 745 ἰ

2113 800 2267 859 sunt,
2319 794 2533 864 quidam
2565 796 2786 864 medice,
2826 796 3039 867 quidam
3088 797 3304 851 nullius.
3339 795 3406 851 D.
3440 796 3540 865 Qui
3577 807 3701 853 sunt

2112 883 2363 952 perfecta:
2389 887 2758 942 auctoritatis?
2792 885 2867 940 Μ.
2894 887 3037 955 Quos
3064 886 3365 942 Canonicos
3397 888 3448 942 in
3479 887 3700 957 singulis

2114 976 2397 1046 Speciebus
2446 976 2689 1033 absolute
2735 978 3189 1032 enumeravimus.
3225 976 3294 1031 D.
3332 976 3432 1044 Qui
3476 979 3700 1032 mediie?

2116 1065 2193 1120 Μ.
2233 1068 2378 1135 Quos
2404 1067 2617 1137 adjungi
2653 1084 2680 1121 a
2723 1069 2964 1137 pluribus
2986 1069 3239 1122 diximus.
3270 1066 3339 1121 D.
3372 1067 3472 1133 Qui
3504 1068 3701 1123 nullius

2114 1158 2446 1215 auctoritatis
2484 1160 2640 1214 sunt?
2674 1159 2751 1214 M.
2783 1160 2989 1229 Reliqui
3020 1174 3231 1214 omnes.
3267 1158 3335 1213 D.
3369 1158 3423 1212 In
3453 1159 3701 1213 omnibus

2114 1252 2396 1321 speciebus
2427 1252 2507 1307 Inc
2535 1251 2854 1309 differentia:
2886 1253 3261 1309 inveniuntur?
3290 1252 3367 1306 Μ.
3399 1252 3453 1306 1η
3482 1251 3700 1307 historia

2114 1351 2168 1400 et
2216 1345 2443 1415 simplici
2495 1346 2775 1402 doctrina:
2808 1362 2996 1402 omnes
3042 1362 3273 1417 namque
3319 1348 3373 1401 in
3421 1346 3701 1416 prophetia

2114 1438 2304 1493 media:
2352 1441 2684 1495 auctoritatis
2732 1441 2884 1507 libri,
2936 1455 3042 1495 non
3091 1449 3287 1511 praeter
3333 1440 3703 1521 Apocalypsin

2114 1536 2503 1605 reperiuntur:
2553 1551 2725 1606 neque
2775 1536 2828 1592 iu
2879 1536 3203 1607 proverbiali
3253 1536 3434 1606 specie
3483 1535 3703 1592 omnino

2115 1635 2322 1682 cessata

2704 1740 2931 1798 CAPUT
2975 1741 3112 1797 Vili.

2371 1830 2447 1887 De
2473 1834 2807 1902 scriptoribus
2840 1833 3129 1887 divinorum
3161 1831 3447 1887 Librorum.

2194 1944 2259 1999 D.
2312 1944 2616 2015 Scriptores
2664 1946 2973 2002 divinorum
3022 1945 3304 2000 Librorum
3352 1958 3456 2014 qua
3497 1943 3707 2001 ratione

2119 2036 2529 2105 cognoscimus?
2579 2036 2657 2090 Μ.
2692 2035 2885 2091 Tribus
2935 2036 3133 2090 modis.
3164 2036 3273 2090 Aut
3323 2050 3385 2089 ex
3437 2032 3608 2089 titulis
3653 2041 3707 2090 et

2120 2127 2423 2196 prooemiis,
2466 2138 2526 2185 ut
2576 2128 2919 2197 Propheticos
2968 2128 3182 2195 Libros,
3226 2135 3281 2182 et
3324 2127 3706 2196 Apostolorum

2123 2219 2420 2287 Epistolas;
2462 2228 2549 2273 aut
2583 2234 2648 2274 ex
2700 2219 2865 2274 titulis
2912 2227 3147 2285 tantum,
3195 2225 3251 2274 ut
3291 2217 3704 2288 Evangelistas:

2122 2319 2211 2364 aut
2237 2325 2299 2365 ex
2334 2310 2620 2366 traditione
2665 2319 2940 2376 veterum,
2970 2319 3031 2365 ut
3060 2310 3270 2374 Moyses
3297 2310 3535 2366 creditur
3571 2310 3706 2365 scri-

2125 2404 2296 2469 psisse
2345 2404 2579 2473 quinque
2628 2404 2829 2473 primos
2880 2403 3047 2457 libros
3098 2402 3372 2466 historiae;
3424 2416 3547 2456 cum
3595 2414 3702 2458 non

2120 2492 2261 2548 dicat
2287 2495 2389 2550 hoc
2416 2495 2619 2559 titulus,
2654 2510 2751 2549 nec
2775 2494 2890 2562 ipse
2918 2493 3147 2559 referat,
3182 2491 3328 2547 Dixit
3359 2491 3612 2546 Dominus
3633 2493 3701 2545 ad

2122 2601 2201 2638 me
2226 2601 2244 2638 :
2273 2585 2365 2641 sed
2415 2586 2565 2655 quasi
2608 2586 2677 2640 de
2725 2585 2851 2650 alio,
2886 2586 3029 2639 Dixit
3075 2583 3330 2638 Dominus
3370 2584 3437 2637 ad
3469 2582 3705 2654 Jloysen.

2122 2676 2377 2733 Similiter
2404 2686 2456 2731 et
2490 2676 2614 2732 Jesu
2647 2676 2792 2732 Nave
2822 2676 2986 2743 liber,
3018 2676 3085 2731 ab
3114 2690 3180 2731 eo
3212 2691 3316 2743 quo
3345 2682 3703 2745 nuncupatur,

2124 2766 2349 2820 traditur
2371 2766 2622 2834 scriptus.
2654 2768 2715 2819 lit
2746 2766 2973 2835 primum
3012 2766 3203 2819 librum
3251 2765 3454 2834 Regum
3489 2764 3705 2820 Samuel

2122 2858 2400 2926 scripsisse
2429 2858 2769 2927 perhibetur.
2798 2857 3085 2913 Sciendum
3118 2865 3374 2925 praeterea
3404 2856 3546 2927 quod
3576 2871 3707 2927 quo-

2121 2948 2363 3003 rumdam
2416 2948 2694 3002 Librorum
2737 2948 2948 3017 penitus
2997 2948 3311 3017 ignorantur
3339 2956 3614 3013 auctores,
3648 2955 3706 3001 ut

2122 3048 2205 3093 est
2234 3038 2516 3105 Judicum,
2546 3047 2600 3101 et
2632 3039 2803 3105 Ruth,
2834 3046 2885 3094 et
2920 3038 3123 3106 Regum
3171 3037 3240 3094 lll
3286 3048 3339 3092 et
3384 3037 3626 3103 ultimus,
3654 3046 3707 3094 et

434 3132 806 3202 prophetiam,
844 3150 1017 3202 neque
1047 3134 1452 3204 proverbialiter
1483 3136 1531 3189 lo
1556 3136 1740 3201 ,uitur;
1774 3135 1866 3189 sed
1900 3144 2018 3188 tau-
2046 3160 2092 3223 Β
2121 3139 2317 3185 caetera
2361 3132 2553 3185 similia
2584 3148 2597 3185 :
2630 3130 2771 3201 quod
2815 3129 2935 3186 ideo
2964 3128 3295 3185 credendum
3324 3138 3410 3185 est
3448 3127 3703 3183 divinitus

433 3224 711 3279 tummodo
741 3226 1059 3294 simpliciter
1104 3226 1277 3281 docet.
1318 3226 1389 3281 D.
1422 3228 1517 3293 Qui
1552 3228 1669 3281 libri
1715 3225 1779 3280 ad
1814 3229 2019 3295 simpli-

434 3329 552 3371 cem
580 3316 877 3372 doctrinam
912 3319 1218 3387 pertinent?
1245 3316 1323 3373 Μ.
1354 3318 1607 3373 Canonici
1636 3318 1933 3385 sexdecim;
1969 3319 2017 3373 id

435 3416 547 3474 est,
577 3408 783 3463 Eccles.
809 3410 901 3462 lib.
929 3423 968 3462 ι.
1004 3410 1070 3461 Et
1098 3409 1264 3478 Epist.
1300 3409 1445 3462 Pauli
1475 3409 1712 3477 Apostoli
1745 3410 1809 3461 ad
1860 3410 2013 3464 Rom.

436 3498 493 3565 1,
516 3498 581 3553 ad
603 3496 845 3552 Corinth.
866 3498 921 3561 ἓ,
946 3498 1011 3551 ad
1031 3499 1145 3552 Gal.
1176 3500 1226 3563 l,
1249 3499 1315 3552 ad
1348 3499 1544 3567 Ephes.
1574 3500 1622 3562 i,
1649 3500 1713 3551 ad
1744 3499 1939 3568 Philip.
1968 3499 2016 3563 i,

437 3589 504 3645 ad
545 3589 751 3645 Coloss.
782 3590 837 3655 i,
874 3588 939 3643 ad
970 3588 1211 3643 Thessal.
1241 3588 1306 3655 2,
1341 3590 1407 3642 ad
1448 3588 1681 3643 Timoth.
1712 3589 1776 3655 ‘2,
1824 3589 1888 3641 ad
1932 3589 2021 3643 Ti-

438 3689 549 3738 tum
599 3683 660 3747 1,
702 3681 769 3735 ad
813 3681 1036 3735 Philem.
1067 3683 1128 3744 i,
1170 3680 1236 3733 ad
1284 3680 1415 3734 lieb.
1464 3680 1523 3745 i;
1566 3679 1713 3733 Beati
1763 3678 1908 3733 Petri
1953 3680 2020 3735 ad

440 3773 639 3829 Gentes
669 3774 729 3839 Ι,
758 3782 811 3827 et
840 3772 984 3827 Beati
1014 3772 1235 3826 Joannis
1264 3771 1453 3839 prima.
1487 3769 1550 3823 D.
1584 3770 1719 3824 Nulli
1753 3770 1839 3823 alii
1871 3771 2020 3825 Libri

440 3863 508 3917 ad
557 3863 855 3931 simplicem
915 3862 1209 3916 doctrinam
1252 3860 1552 3931 pertinent?
1596 3860 1672 3913 M.
1718 3860 2023 3930 Adjungunt

440 3956 817 4025 quamplurimi
854 3954 1084 4025 quinque
1122 3955 1256 4010 alias
1284 3969 1401 4025 quas
1429 3953 1806 4023 Apostolorum
1848 3953 2020 4008 Cano-

439 4048 575 4101 nicte
600 4057 974 4116 mmcnpautur
998 4065 1009 4099 ε
1037 4046 1087 4101 id
1114 4056 1224 4116 est,
1250 4046 1436 4103 Jacobi
1468 4047 1514 4110 i,
1543 4046 1682 4102 Petri
1711 4048 2019 4118 secundam,

439 4139 591 4194 Juda:
631 4154 822 4208 unam,
855 4139 1077 4194 Joannis
1117 4140 1269 4195 duas.
1316 4137 1386 4193 D.
1423 4139 1576 4193 Nulla
1620 4139 1670 4193 in
1719 4139 1799 4194 his
1848 4141 2023 4197 Libris

438 4233 543 4288 alia
591 4234 797 4303 species
841 4233 1140 4289 invenitur?
1197 4232 1273 4287 Μ.
1320 4231 1595 4287 Accedunt
1639 4243 1879 4299 eteterae,
1926 4235 2022 4289 sed

440 4343 547 4382 non
603 4328 1005 4398 principaliter,
1053 4328 1151 4382 nisi
1209 4326 1273 4382 ad
1325 4325 1693 4398 probationem
1743 4326 2019 4383 doctrinae.

439 4425 572 4481 Nam
616 4441 734 4479 cum
779 4425 909 4480 dicit
938 4425 1261 4495 Apostolus:
1298 4422 1365 4477 Et
1410 4424 1533 4476 dum
1571 4424 1818 4477 venissem
1860 4423 2025 4478 Troa-

440 4520 583 4583 dem,
626 4520 679 4571 in
722 4518 1003 4590 Evangelia
1041 4518 1230 4573 Christi
1273 4518 1461 4572 ostium
1508 4519 1636 4571 mihi
1678 4526 1909 4587 apertum
1948 4528 2023 4576 est
2050 4544 2102 4613 Ι)

438 4610 530 4685 (II
560 4611 676 4667 Cor.
701 4626 770 4679 ιι,
804 4611 923 4682 19.);
950 4621 1004 4667 et
1034 4611 1120 4665 ubi
1150 4611 1308 4666 Petro
1338 4610 1534 4665 dicitur
1565 4611 1616 4665 in
1650 4612 1838 4668 faciem
1866 4615 2023 4670 reSti-

442 4705 599 4768 tisse,
645 4703 789 4759 velut
834 4705 1108 4759 historiam
1152 4704 1363 4758 videtur
1408 4712 1607 4758 texere.
1654 4702 1859 4759 Rursus
1898 4721 2019 4762 cum

440 4798 606 4853 dicit:
643 4796 774 4853 Ecce
812 4799 1105 4869 mysterium
1142 4798 1279 4851 vobis
1311 4796 1458 4851 dico:
1493 4796 1679 4851 Omnes
1708 4798 1911 4866 quidem
1941 4816 2014 4854 re:

436 4906 724 4962 surgemus,
765 4892 853 4943 sed
896 4906 1000 4943 non
1045 4905 1215 4944 omnes
1259 4888 1642 4943 immutabimur
1686 4888 1751 4959 (I
1782 4889 1901 4945 Cor.
1928 4907 2014 4953 XV.

437 4982 565 5052 5i),
595 4980 866 5050 propheta:
906 4995 1039 5049 opus
1081 4979 1408 5050 aggreditur.
1436 4979 1569 5033 Cum
1612 4979 1721 5033 ait:
1757 4978 2017 5035 Cretenses

437 5084 635 5137 semper
661 5067 949 5132 mendaces,
979 5070 1128 5123 mala:
1167 5068 1364 5132 bestiat,
1403 5074 1598 5120 ventres
1632 5067 1766 5137 pigri
1807 5066 1942 5137 (Tit.
1968 5082 2016 5134 ι,

438 5158 560 5228 1‘2),
591 5158 1017 5227 proverbialibus
1063 5159 1232 5214 utitur
1271 5158 1487 5215 verbis:
1520 5159 1699 5213 omnia
1743 5167 1921 5213 tamen
1950 5158 2016 5213 ad

437 5248 696 5305 doctrina:
739 5250 1136 5321 probationem,
1186 5262 1241 5306 ut
1284 5250 1536 5318 diximus,
1571 5250 1899 5305 inseruntur.
1945 5248 2016 5304 D.

436 5341 574 5410 Quid
604 5356 887 5399 commune
925 5359 1044 5399 cum
1077 5344 1287 5399 caeteris
1338 5341 1617 5412 speciebus
1656 5339 1880 5408 simplex
1921 5340 2020 5396 do-

434 5437 609 5492 ctrina
635 5435 826 5491 habet?
848 5436 926 5493 Μ.
953 5437 1123 5493 Habet
1144 5452 1265 5492 cum
1296 5436 1519 5490 historia
1545 5447 1849 5497 commune,
1875 5432 2019 5502 quod

436 5537 678 5599 utraque,
705 5523 983 5601 superﬁcie
1014 5530 1195 5585 faciles
1217 5528 1492 5590 videntur,
1525 5539 1646 5578 cum
1688 5524 1792 5579 sint
1836 5522 2019 5595 inspe-

434 5620 608 5677 ctione
631 5630 719 5675 aut
742 5622 1010 5677 intellectu
1044 5623 1359 5691 plerumque
1386 5614 1653 5670 difficiles.

2126 3223 2492 3291 dispensatum
2512 3263 2527 3289 ,
2560 3229 2618 3277 ut
2643 3221 2731 3275 alii
2762 3236 2977 3292 quoque
3004 3220 3169 3275 divini
3202 3219 3351 3275 Libri
3394 3235 3500 3275 non
3528 3229 3708 3276 aucto-

2123 3331 2241 3371 rum
2273 3317 2487 3381 merito,
2520 3316 2615 3371 sed
2646 3315 2817 3371 sancti
2861 3315 3094 3384 Spiritus
3136 3314 3308 3383 gratia
3354 3322 3557 3369 tantum
3595 3310 3709 3370 cui.

2124 3424 2248 3465 men
2275 3408 2610 3464 auctoritatis
2639 3408 2936 3464 obtinuisse
2966 3415 3275 3464 noscantur.

2734 3521 2959 3577 CAPUT
3000 3520 3093 3577 lX.

2555 3612 2634 3667 De
2671 3614 2835 3668 modis
2875 3613 3291 3683 Scripturarum.

2198 3727 2268 3783 D.
2303 3726 2442 3783 Medi
2490 3726 2683 3783 divinae
2726 3727 3021 3798 Scriptura:
3065 3729 3233 3797 quot?
3270 3723 3349 3781 Μ.
3388 3724 3505 3780 Duo
3540 3742 3553 3779 :
3585 3737 3710 3781 nam

2127 3830 2221 3877 aut
2264 3823 2456 3877 metris
2506 3820 2781 3876 Hebraicis
2823 3821 2877 3876 in
2920 3835 3014 3875 sua
3055 3820 3229 3889 lingua
3276 3818 3709 3886 conscribuntur,

2124 3921 2216 3967 aut
2246 3913 2491 3968 oratione
2534 3911 2785 3981 simplici.
2820 3911 2886 3966 D.
2914 3912 3046 3980 Quae
3077 3918 3200 3965 sunt
3244 3910 3428 3965 metris
3468 3908 3712 3964 conscri-

2126 4004 2252 4073 pta?
2283 4004 2362 4059 Μ.
2402 4004 2471 4059 Ut
2501 4004 2733 4070 Psalmi,
2760 4012 2815 4059 et
2841 4002 2943 4058 Job
2974 4002 3219 4068 historia,
3251 4010 3306 4057 et
3336 4001 3711 4067 Ecclesiastes,

2127 4102 2184 4149 cl.
2226 4094 2278 4148 in
2313 4093 2599 4163 PrOpbetis
2637 4094 2901 4164 quaadam.
2930 4092 3004 4148 1).
3035 4094 3164 4161 Quae
3209 4077 3712 4162 simplici-oratione

2126 4186 2429 4255 conscripta
2470 4186 2630 4241 sunt?
2677 4184 2755 4239 Μ.
2788 4184 3011 4254 Reliqua
3041 4183 3238 4237 omnia.
3273 4180 3341 4236 D.
3370 4182 3544 4249 Quare
3573 4182 3715 4251 apud

2127 4293 2228 4335 nos
2274 4279 2465 4335 iisdem
2519 4280 2707 4335 metris
2754 4276 3055 4345 conscripta
3107 4289 3212 4329 non
3254 4274 3416 4329 sunt?
3458 4274 3538 4328 Μ.
3578 4275 3716 4342 Quia

2128 4372 2275 4426 nulla
2309 4370 2474 4427 dictio
2504 4380 2732 4426 metrum
2762 4368 2817 4425 in
2854 4368 2961 4423 alia
2993 4368 3170 4438 lingua
3192 4371 3504 4434 conservat,
3533 4366 3580 4421 si
3603 4366 3713 4422 vim

2125 4464 2409 4521 verborum
2438 4464 2787 4534 ordinemque
2816 4477 2920 4518 non
2952 4470 3143 4518 mutet.

2763 4573 2996 4629 CAPUT
3034 4572 3101 4626 Χ.

2550 4666 2631 4721 De
2657 4666 2837 4719 ordine
2864 4662 3276 4733 Scripturarum.

2199 4786 2271 4842 D.
2302 4786 2433 4854 Quis
2462 4788 2546 4837 est
2572 4781 2708 4837 ordo
2737 4780 3038 4835 divinorum
3067 4778 3436 4834 voluminum?
3468 4778 3548 4833 Μ.
3578 4777 3712 4847 Quia

2124 4878 2367 4947 quaedam
2398 4872 2603 4928 Veteris
2628 4871 2985 4937 Testameuti,
3016 4870 3259 4941 quaedam
3310 4870 3463 4926 Novi.
3494 4870 3562 4924 D.
3586 4870 3716 4939 Quae

2124 4968 2193 5024 ad
2222 4968 2425 5023 Novum
2447 4963 2847 5020 Testamentum
2880 4963 3183 5035 pertinent?
3214 4961 3292 5016 Μ.
3321 4962 3604 5032 Evangelia
3638 4961 3717 5032 (ut

2129 5072 2288 5128 supra
2319 5056 2519 5111 dictum
2551 5057 2656 5127 est)
2685 5066 2937 5127 quatuor,
2984 5053 3306 5124 Apostolieae
3355 5054 3630 5122 Epistolas,
3660 5062 3716 5110 et

2129 5150 2313 5204 Actus.
2343 5144 2411 5200 D.
2432 5145 2562 5215 Quae
2587 5147 2655 5203 ad
2682 5146 2848 5203 Vetus
2872 5144 3274 5201 Testamentum
3304 5144 3604 5213 pertinent?
3632 5141 3714 5199 Μ.

2127 5239 2351 5311 Reliqua
2379 5239 2578 5295 omnia.
2613 5237 2685 5294 D.
2715 5238 2845 5305 Quae
2874 5236 3203 5293 Testameuti
3239 5234 3443 5290 Veteris
3474 5233 3718 5306 Novique

2128 5344 2248 5390 sunt
2282 5334 2535 5405 propria?
2580 5329 2660 5387 Μ.
2690 5330 2895 5385 Veteris
2941 5328 3165 5385 intentio
3192 5336 3308 5397 est,
3340 5326 3544 5382 Novum
3581 5327 3717 5399 ligu-

2132 5427 2205 5484 ris
2257 5421 2871 5493 denuntiationibusque
2926 5428 3273 5477 monstrare:
3314 5417 3447 5474 Novi
3494 5428 3713 5488 autem,

2130 5527 2197 5582 ad
2252 5534 2470 5581 aeternae
2522 5518 2883 5577 beatitudinis
2927 5520 3150 5590 gloriam
3201 5517 3462 5573 humanas
3506 5525 3717 5573 mentes

2130 5618 2445 5677 accendere.

508 5755 788 5827 “Quinam
820 5755 944 5810 libri
983 5755 1034 5808 in
1086 5757 1375 5827 Scripturae
1435 5761 1697 5807 annonem
1748 5750 2066 5813 admittendi
2105 5763 2328 5826 essent,
2392 5750 2636 5810 nondum
2678 5758 2796 5810 erat
2841 5756 2949 5808 tam
2995 5746 3248 5820 explicito
3287 5764 3448 5822 quam
3477 5764 3618 5809 nunc
3643 5750 3715 5810 ab

434 5826 672 5889 Ecclesia
696 5828 1063 5887 constitutum.
