4038 6350
324 264 380 318 ει
692 302 693 305 γ
738 310 741 313 λ
786 312 793 315 -
1380 294 1470 353 ne
1510 292 1850 354 PARTIBUS
1886 291 2024 352 Inv.
2050 276 2267 352 LEGIS
2310 292 2440 351 ua.
2480 291 2522 350 ι.
3516 296 3587 354 es

931 409 1161 467 CAPUT
1197 408 1289 466 XI.
1714 410 1719 411 “
1929 411 1982 472 Α
2004 410 2186 467 uitatis
2237 404 2509 480 Scriptura
2560 402 2860 483 signiﬁcat?
2906 406 2986 466 ιι.
3028 406 3286 467 Similiter
3330 408 3583 467 duobus:

554 501 624 560 De
650 501 730 560 Itis
757 518 872 575 qua:
900 502 1168 577 Scriptura
1198 521 1344 560 sacra
1367 520 1459 560 nos
1485 503 1677 559 edocet.
2006 501 2379 573 Principaliter
2417 511 2472 559 et
2500 512 2908 575 consequenter.
2941 503 3332 575 Principaliter,
3364 513 3423 560 ut
3459 520 3580 562 eum

398 594 464 653 D.
491 595 752 665 Quoniam
800 598 930 653 satis
964 598 1164 654 dictum
1207 609 1289 654 est
1318 596 1384 653 de
1428 596 1511 652 his
1551 611 1669 667 quae
1704 595 1771 651 ad
1816 596 1896 667 ip-
2002 595 2217 662 dicitur,
2250 595 2429 662 Pater,
2458 594 2644 665 Filius,
2686 596 2921 667 Spiritus
2950 606 3193 653 sanctus.
3226 597 3582 667 Consequens

328 700 439 744 sam
466 687 754 758 Scriptura:
796 689 1133 759 superficiem
1164 691 1381 761 proprie
1423 689 1724 761 pertinent,
1758 700 1899 743 nunc
2005 697 2112 757 ter,
2147 704 2240 757 per
2262 702 2322 743 ea
2354 687 2543 758 quibus
2570 688 2897 759 signiﬁcatur
2916 689 3169 756 essentia,
3197 698 3286 745 aut
3313 690 3583 760 operatio,

326 778 539 849 requiro
567 794 687 850 quae
720 791 843 835 sunt
870 795 988 851 qum
1016 780 1133 851 ipsa
1161 781 1431 852 Scriptura
1461 795 1559 836 nos
1605 780 1781 837 docet.
1815 778 1893 833 Η.

326 868 451 925 Tria
470 870 713 940 quaedam
740 888 751 922 :
787 886 907 926 nam
936 881 1028 927 aut
1051 872 1119 929 de
1146 874 1254 931 Deo
1281 875 1532 944 loquitur,
1561 882 1652 929 aut
1675 874 1743 929 de
1771 887 1899 943 prte-

327 961 464 1017 senti
489 961 683 1018 szeculo
712 969 802 1019 aut
823 962 890 1019 de
916 963 1116 1021 futuro.

974 1080 1150 1138 APUT
1188 1080 1301 1140 XII.

974 1085 1006 1133 Α
1241 1080 1301 1140 ll.

400 1167 534 1235 Quot
568 1079 1331 1240 signi/icatiorri‘liuspgz'irﬁura
1356 1175 1417 1230 de
1449 1175 1555 1230 Deo
1586 1176 1830 1245 loquitur.

311 1280 321 1353 ε
398 1276 467 1333 D.
498 1278 635 1347 Quot
674 1281 1153 1352 signiﬁcationibus
1184 1285 1464 1357 Scriptura
1493 1286 1563 1344 de
1588 1288 1701 1344 Deo
1727 1288 1902 1359 loqui-

327 1370 445 1423 tur?
471 1369 549 1424 Μ.
573 1370 831 1438 Quatuor.
862 1376 968 1429 Aut
989 1377 1131 1431 enim
1155 1381 1441 1434 essentiam
1467 1378 1585 1450 ejus
1614 1380 1899 1453 signiﬁcat,

326 1476 485 1527 quam
515 1462 702 1518 Latine
738 1474 791 1520 et
834 1465 1185 1524 substantiam
1231 1484 1628 1540 nuncupamus,
1674 1480 1730 1525 ut
1777 1480 1900 1527 est:

327 1550 439 1622 Ego
468 1570 577 1607 sum
607 1556 695 1624 qui
722 1572 835 1609 sum
865 1556 1059 1627 (Exod.
1099 1575 1182 1627 nt,
1231 1561 1343 1630 14).
1373 1562 1479 1616 Aut
1506 1576 1788 1632 personas,
1820 1562 1907 1617 vel

326 1650 618 1705 secundum
648 1650 890 1717 Graecos,
924 1654 1322 1724 subsistentias,
1360 1665 1419 1710 ut
1448 1665 1567 1711 est:
1600 1655 1704 1723 Ite,
1734 1657 1910 1710 docete

327 1758 499 1796 omnes
527 1750 717 1814 gentes,
750 1743 1063 1812 baptisantes
1088 1762 1171 1801 eos
1200 1748 1254 1801 in
1280 1749 1483 1803 nomine
1516 1748 1711 1815 Patris,
1745 1758 1792 1801 et
1821 1745 1908 1801 Fi.

327 1832 416 1899 lii,
446 1842 495 1887 et
526 1833 754 1905 Spiritus
785 1837 947 1888 sancti
987 1835 1200 1906 (Matth.
1247 1854 1439 1904 xxvm,
1493 1838 1601 1910 19).
1644 1839 1750 1895 Aut
1776 1853 1903 1908 ope-

324 1923 623 1993 rationem,
667 1934 724 1979 ut
770 1927 1030 1995 scriptum
1072 1936 1188 1983 est:
1224 1928 1515 1985 Secundum
1565 1932 1903 2001 Operationem

327 2014 569 2082 potentia:
610 2014 805 2070 virtutis
836 2019 968 2087 ejus,
993 2033 1146 2087 quam
1190 2030 1429 2088 operatus
1465 2030 1537 2075 est
1581 2021 1636 2074 in
1684 2022 1902 2089 (.‘lrristo,

328 2104 584 2157 suscitans
612 2119 727 2159 eum
769 2122 801 2158 a
846 2108 1083 2175 mortuis,
1113 2120 1159 2161 et
1196 2110 1372 2165 sedere
1409 2112 1600 2179 faciens
1635 2114 1704 2165 ad
1736 2114 1908 2167 dexte-

327 2209 445 2247 ram
489 2210 637 2248 suam
668 2194 883 2264 (Ep/tes.
912 2213 959 2263 ι,
990 2199 1072 2265 l9,
1107 2199 1219 2270 20).
1267 2200 1374 2255 Aut
1412 2201 1749 2257 collationem
1792 2202 1908 2273 ejus

328 2284 396 2338 ad
428 2293 723 2351 creaturas,
754 2297 812 2341 ut
860 2297 985 2342 est:
1021 2289 1146 2359 Regi
1188 2300 1359 2345 autem
1398 2294 1699 2347 steculorum
1741 2294 1910 2349 incor-

331 2385 479 2447 rupto
505 2386 551 2441 ει,
582 2378 853 2447 invisibili,
888 2380 983 2434 soli
1012 2378 1123 2435 Deo
1153 2382 1315 2438 honor
1350 2392 1398 2439 et
1442 2384 1606 2455 gloria
1634 2386 1685 2439 in
1724 2384 1910 2441 swcula

332 2470 632 2524 swculorum
659 2469 708 2541 (l
741 2468 872 2527 Tim.
899 2483 949 2544 l,
978 2471 1092 2544 17).

919 2609 1145 2668 CAPUT
1182 2611 1322 2669 Xlll.

602 2699 677 2755 De
703 2701 1159 2773 signiﬁcationibus
1185 2706 1367 2760 divinm
1395 2708 1640 2762 essentite.

402 2812 474 2869 D.
505 2811 646 2881 Quot
686 2816 857 2870 modis
908 2816 1087 2873 divina
1134 2820 1466 2890 signiﬁcatur
1514 2822 1780 2878 essentia?
1834 2822 1912 2879 Μ.

338 2906 585 2972 Duobus;
620 2908 982 2978 principaliter
1008 2921 1061 2967 et
1090 2924 1503 2984 consequenter.
1546 2914 1611 2969 D.
1644 2915 1916 2985 Principa-

338 2997 462 3053 liter
511 2999 705 3067 quibus
750 3001 967 3056 verbis?
1016 3002 1095 3057 Μ.
1142 3003 1296 3059 Octo.
1350 3004 1553 3060 Dicitur
1601 3006 1782 3071 enim,
1826 3014 1918 3061 aut

2004 790 2095 836 aut
2136 780 2205 835 ad
2244 790 2516 836 creaturas
2556 780 2789 837 collatio.
2824 782 2955 837 Nam
2984 791 3039 838 et
3076 798 3197 838 cum
3235 782 3378 849 dico,
3410 780 3585 849 Deus,

2003 872 2143 942 quod
2174 871 2240 927 ad
2266 871 2584 938 essentiam;
2609 881 2661 928 et
2688 888 2807 929 cum
2831 874 2952 931 dico
2976 876 3321 945 omnipotens,
3347 875 3489 944 quod
3516 874 3581 930 ad

2004 966 2369 1033 operationem
2399 966 2660 1034 pertinet,
2690 964 2831 1021 dico.
2876 967 2945 1022 Et
2968 982 3090 1023 cum
3115 968 3255 1036 dico,
3287 968 3583 1022 immutabi-

2007 1055 2091 1121 lis,
2132 1055 2272 1126 quod
2312 1070 2377 1111 ex
2420 1056 2705 1111 collatione
2744 1056 2811 1111 ad
2857 1068 3134 1115 creaturas
3180 1058 3399 1125 dicitur,
3456 1058 3582 1113 licet

2006 1146 2147 1202 aliud
2181 1147 2382 1217 primus
2411 1147 2623 1204 auditus
2662 1148 2890 1214 sentiat,
2930 1158 3110 1205 tamen
3160 1150 3374 1206 Patrem
3403 1158 3457 1203 et
3488 1149 3581 1204 Fi-

2006 1238 2136 1295 lium
2164 1250 2219 1295 et
2249 1239 2503 1311 Spiritum
2548 1249 2793 1297 sanctum
2826 1241 2914 1297 vel
2960 1240 3153 1309 simul,
3199 1241 3281 1299 vel
3322 1242 3582 1312 singulos,

2006 1342 2395 1405 consequenter
2422 1335 2589 1390 Deum
2614 1335 2871 1405 intelligo.

2601 1446 2830 1504 CAPUT
2868 1447 2988 1504 XV.

2354 1539 2488 1605 Quot
2516 1540 2695 1594 modis‘
2713 1539 2872 1594 Pater
2898 1541 3235 1612 signiﬁcatur.

2083 1649 2152 1705 D.
2179 1650 2323 1718 Quot
2361 1651 2534 1707 modis
2582 1651 2739 1707 Pater
2779 1652 3146 1722 signiﬁcatur?
3177 1652 3255 1707 Μ.
3290 1652 3463 1709 Patris
3492 1668 3587 1708 no-

2012 1743 2153 1797 mine
2178 1756 2339 1797 uuam
2370 1757 2646 1811 personam
2672 1743 2950 1815 intelligis,
2981 1744 3074 1800 sed
3110 1759 3215 1800 non
3244 1759 3355 1799 uno
3384 1744 3545 1801 modo
3570 1761 3585 1800 :

2010 1834 2078 1888 ad
2117 1834 2307 1889 Filium
2333 1834 2474 1889 enim
2504 1835 2718 1903 proprie
2762 1834 2980 1900 dicitur,
3010 1834 3076 1890 ad
3106 1842 3409 1891 creaturam
3437 1849 3587 1890 com-

2010 1928 2285 1983 muniter:
2318 1927 2387 1981 ibi
2438 1936 2643 1981 naturae
2682 1927 2928 1994 veritate,
2963 1927 3050 1983 hic
3094 1928 3278 1998 gratim
3322 1928 3586 1991 bonitate.

2009 2014 2089 2072 οξ
2110 2018 2220 2073 Hoc
2249 2033 2357 2073 uno
2383 2017 2543 2073 modo
2570 2017 2728 2073 Pater
2768 2018 3137 2087 signiﬁcatur?
3168 2018 3245 2073 Μ.
3271 2019 3589 2089 Principali-

2008 2115 2091 2164 ter
2118 2110 2237 2164 hoc.
2268 2108 2398 2164 Nam
2433 2114 2825 2177 consequenter
2862 2117 2913 2163 et
2946 2122 3013 2163 ex
3047 2107 3129 2162 his
3154 2123 3271 2178 qua:
3297 2108 3587 2164 essentiam

2008 2199 2245 2265 deitatis,
2272 2210 2365 2255 aut
2391 2200 2792 2267 operationem.
2823 2208 2915 2255 aut
2943 2199 3287 2255 collationem
3333 2200 3402 2257 ad
3441 2216 3589 2257 crea«

2011 2300 2157 2347 turus
2181 2290 2419 2360 quolibet
2462 2289 2623 2345 modo
2652 2290 2974 2361 signiﬁcant.
3008 2291 3231 2362 Insuper
3259 2302 3313 2348 et
3351 2307 3421 2349 ex
3465 2293 3589 2349 Filii

2008 2382 2271 2439 vocabulo
2308 2388 2699 2451 consequenter
2745 2381 3057 2452 intelligitur
3104 2382 3293 2447 Pater;
3322 2391 3379 2439 et
3418 2384 3591 2441 sancti

2012 2474 2245 2545 Spiritus
2272 2474 2511 2540 nomine,
2555 2474 2673 2545 ipse
2712 2475 2921 2531 scilicet
2960 2474 3118 2532 Pater
3146 2475 3300 2546 cujus
3344 2486 3426 2533 est
3464 2478 3591 2549 Spi-

2015 2568 2177 2634 ritus,
2203 2566 2645 2637 subintelligitur.
2672 2566 2741 2623 ο.
2770 2566 2827 2623 In
2866 2567 2982 2637 ipsa
3026 2566 3309 2632 Trinitate,
3340 2567 3472 2624 nulli
3500 2570 3590 2624 alii

2014 2673 2259 2730 personat
2300 2659 2617 2716 vocabulum
2658 2658 2834 2715 Patris
2878 2658 3233 2715 adscribitur?
3266 2660 3346 2718 Μ.
3381 2660 3593 2732 Legitur

2014 2750 2084 2806 de
2112 2749 2247 2807 Filio
2274 2750 2475 2807 dictum
2510 2768 2522 2808 ;
2554 2749 2713 2806 Pater
2743 2752 2907 2821 futuri
2948 2752 3123 2807 steculi
3155 2751 3377 2825 (Psalm.
3407 2769 3598 2814 Lxxxt.

2017 2841 2107 2913 6);
2147 2843 2240 2898 sed
2289 2842 2392 2899 hoc
2435 2843 2731 2900 secundum
2763 2857 2983 2899 carnem
3032 2844 3235 2899 dictum
3266 2853 3381 2911 est,
3408 2855 3463 2902 et
3492 2859 3597 2905 non

2017 2934 2232 3004 proprie
2259 2944 2313 2990 et
2354 2934 2705 3005 signiﬁcative
2733 2950 2746 2989 :
2780 2944 2839 2989 ut
2864 2934 3244 2991 ostenderetur
3274 2936 3389 3004 ipse
3433 2949 3596 2992 causa

2019 3034 2075 3081 et
2117 3026 2327 3095 genitor
2373 3026 2717 3082 beatitudinis
2765 3035 2996 3092 nostrae;
3027 3027 3081 3082 in
3133 3040 3239 3096 quo
3283 3041 3377 3097 per
3420 3028 3599 3083 carnis

338 3090 500 3155 Deus,
530 3100 620 3144 aut
666 3090 947 3162 Dominus,
980 3102 1071 3148 aut
1110 3096 1302 3161 simul,
1337 3096 1589 3152 Dominus
1624 3098 1795 3165 Deus;
1827 3109 1914 3156 aut

2022 3116 2475 3172 resurrectionem
2531 3116 2764 3172 humana
2819 3126 3009 3174 natura
3058 3116 3289 3174 futuram
3335 3117 3493 3175 vitam
3548 3125 3599 3177 et

339 3182 550 3238 Adonai
570 3222 586 3250 ,
616 3193 707 3236 aut
736 3183 1000 3250 Sabaoth,
1030 3195 1121 3239 aut
1152 3187 1300 3253 lleli,
1330 3201 1421 3241 aut
1453 3188 1633 3253 llcloi;
1659 3198 1770 3253 aut,
1800 3190 1913 3243 Est.
1948 3159 1995 3223 C
2024 3159 2525 3277 'spér:,}:{n}il;{fcl
2553 3159 2787 3263 sum};

340 3270 403 3326 D.
427 3272 572 3328 Nihil
598 3273 741 3327 aliud
767 3290 922 3343 quam
958 3276 1120 3330 Deum
1144 3276 1259 3331 haec
1284 3278 1444 3332 verba
1477 3278 1810 3347 signiﬁcant?
1842 3277 1921 3333 Μ.

340 3362 451 3420 Duo
470 3374 675 3420 tantum
694 3381 1074 3437 nonnunquam
1100 3378 1153 3423 et
1176 3368 1242 3423 de
1264 3368 1379 3423 aliis
1403 3369 1624 3425 abusive
1645 3370 1924 3436 dicuntur;

340 3457 481 3514 Deus
511 3468 565 3512 et
596 3458 875 3528 Dominus,
915 3468 1048 3514 teste
1079 3460 1243 3516 Paulo
1270 3478 1281 3513 :
1319 3462 1572 3527 Quoniam
1602 3463 1675 3515 dii
1706 3462 1851 3516 multi
1879 3473 1926 3516 et

340 3551 538 3605 domini
588 3550 733 3604 multi
781 3549 836 3621 (I
882 3551 1002 3607 Cor.
1038 3569 1167 3621 vui,
1199 3554 1281 3626 5).
1317 3555 1419 3610 Et:
1455 3554 1548 3609 Dii
1597 3556 1715 3610 estis
1752 3567 1798 3610 et
1828 3556 1926 3625 lilii

341 3641 550 3700 Επειεὶ
595 3660 767 3697 omnes
807 3642 942 3714 (Isa.
994 3661 1067 3712 Ix,
1106 3647 1187 3715 ti).
1238 3646 1463 3716 Reliqua
1494 3663 1621 3702 vero
1651 3664 1742 3703 sex
1783 3664 1924 3703 nun-

341 3750 501 3807 quam
545 3734 644 3805 nisi
686 3735 753 3789 de
802 3734 911 3791 Deo
956 3737 1225 3793 dicuntur.
1261 3738 1328 3793 D.
1362 3738 1497 3806 Quid
1541 3739 1608 3794 de
1656 3739 1764 3794 Deo
1812 3737 1928 3795 hrec

342 3830 507 3884 verba
548 3825 886 3899 signiﬁcant?
918 3827 991 3883 Μ.
1022 3828 1137 3883 Non
1177 3830 1303 3900 quid
1334 3838 1448 3898 est,
1494 3830 1590 3885 sed
1636 3831 1756 3901 quia
1800 3842 1923 3886 cst:

342 3918 472 3988 quid
525 3919 666 3973 enim
715 3918 785 3973 sit
837 3918 997 3984 Dens,
1041 3921 1423 3989 comprehendi
1473 3937 1579 3976 non
1628 3930 1823 3993 potest.
1857 3922 1925 3978 D.

343 4013 549 4080 Quibus
593 4011 765 4066 modis
814 4012 953 4069 Deus
997 4023 1393 4085 consequenter
1439 4015 1806 4085 signiﬁcatur?
1847 4014 1925 4072 Μ.

344 4103 480 4157 Cum
537 4118 815 4171 personas,
864 4112 957 4158 aut
1007 4104 1409 4175 operationem,
1453 4114 1545 4163 aut
1587 4107 1927 4163 collationem

344 4193 463 4264 ejus
506 4194 573 4249 ad
621 4204 895 4250 creaturas
941 4196 1211 4267 Scriptura
1260 4198 1498 4268 exponit.
1546 4197 1677 4253 Nam
1717 4208 1927 4255 etcum

344 4285 588 4341 nominat
635 4286 883 4353 Patrem,
926 4286 1053 4343 licet
1100 4290 1299 4357 primus
1344 4288 1555 4347 auditus
1584 4298 1930 4361 generautem

345 4376 647 4447 signiﬁcet,
674 4385 1069 4444 consequenter
1100 4384 1277 4432 tamen
1325 4379 1669 4446 intelligimus
1716 4382 1927 4436 Deum:

344 4465 601 4522 similiter
648 4476 701 4520 et
746 4465 961 4535 quando
1014 4466 1253 4521 nominat
1301 4468 1493 4523 Filium
1542 4470 1626 4524 vel
1674 4471 1932 4542 Spiritum

2612 3318 2839 3377 CAPUT
2877 3318 3018 3374 XVI.

2373 3410 2510 3480 Quot
2537 3410 2702 3466 modis
2727 3408 2901 3465 Filius
2929 3410 3263 3483 signiﬁcetur.

2108 3525 2179 3583 D.
2206 3525 2347 3595 Quot
2393 3525 2571 3584 modis
2610 3527 2844 3598 loquitur
2888 3526 3166 3597 Scriptura
3202 3527 3270 3585 de
3310 3528 3482 3586 Filio?
3524 3530 3606 3589 Μ,

2027 3620 2291 3691 Quinque.
2335 3618 2469 3674 Nam
2512 3620 2656 3676 velut
2695 3619 2811 3675 sola
2840 3634 3220 3692 nonnunquam
3273 3621 3447 3677 deitas
3488 3623 3605 3694 ejus

2026 3710 2377 3782 signiﬁcatur,
2407 3718 2462 3765 et
2499 3717 2893 3782 consequenter
2937 3710 3253 3784 intelligitur
3295 3713 3474 3769 carnis
3521 3727 3606 3768 as-

2028 3806 2283 3874 sumptio,
2313 3814 2370 3861 ut
2394 3812 2478 3861 est
2503 3821 2516 3858 :
2550 3803 2852 3876 Unigem‘tus
2877 3803 3046 3860 Filius
3067 3807 3154 3876 qui
3182 3816 3254 3862 est
3276 3808 3329 3862 in
3357 3808 3471 3863 sinu
3501 3807 3607 3863 Pa-

2030 3899 2120 3954 tris
2150 3897 2331 3969 (Joan.
2355 3912 2390 3965 ι,
2422 3896 2535 3967 18).
2568 3896 2958 3969 Nonnunquam
2986 3914 3118 3954 vero
3149 3900 3297 3955 solus
3338 3899 3500 3957 homo
3538 3902 3607 3957 ab

2030 4004 2096 4046 eo
2125 3998 2439 4059 susceptus,
2486 3997 2540 4045 et
2582 3987 2753 4044 deitas
2794 3998 3217 4060 consequenter,
3251 3998 3312 4045 ut
3340 3999 3461 4048 est:
3498 3990 3609 4047 No-

2029 4080 2230 4151 vissime
2252 4081 2448 4136 locutus
2473 4087 2544 4134 est
2566 4079 2709 4135 nobis
2736 4080 2787 4134 in
2814 4078 2953 4135 Filio
2984 4080 3172 4151 (Hebr.
3207 4097 3245 4149 ι,
3273 4083 3326 4153 1,
3360 4083 3439 4152 2).
3468 4084 3610 4140 Non-

2031 4186 2305 4242 nunquam
2348 4171 2507 4228 simul
2554 4179 2873 4241 utrumque,
2918 4180 2976 4226 ut
3017 4180 3141 4227 est:
3176 4170 3295 4227 Hoc
3340 4175 3519 4229 sentite
3552 4174 3611 4228 in

2030 4264 2170 4317 nobis
2197 4263 2331 4332 quod
2360 4272 2406 4318 et
2436 4265 2488 4316 in
2518 4262 2720 4317 Christo
2754 4262 2916 4330 Jesu;
2946 4264 3031 4333 qui
3072 4279 3185 4317 cum
3214 4265 3268 4318 in
3307 4266 3473 4334 forma
3512 4264 3611 4319 Dei

2033 4362 2192 4415 esset,
2222 4368 2323 4407 non
2347 4353 2580 4423 rapinam
2601 4352 2875 4406 arbitratus
2896 4362 2969 4407 est
2995 4368 3101 4408 esse
3120 4370 3173 4409 se
3201 4356 3447 4425 aequalem
3475 4356 3610 4425 Deo,

2036 4443 2124 4498 sed
2175 4442 2500 4513 semetipsum
2549 4442 2830 4497 exinaniuit
2902 4444 3117 4514 formam
3179 4446 3307 4500 servi
3354 4447 3609 4517 accip.'ens

345 4569 617 4616 sanctum.
649 4557 715 4613 Et
742 4522 861 4613 eum
902 4558 1059 4626 dicit,
1102 4560 1419 4632 omnipotens
1441 4522 1626 4629 ,licet
1662 4522 1934 4633 (ξιξεὲὲίξᾶ
1960 4522 2013 4582 D
2037 4534 2256 4633 (“thp'
2280 4549 2339 4603 ην
2363 4534 2430 4633 δ’,
2448 4532 2941 4633 η’,Νθηηυηίλυθω
2965 4544 3019 4633 9"
3043 4534 3109 4633 ad
3138 4551 3331 4633 (ἕψους’
3359 4538 3608 4633 Υίίιεηευτ

344 4667 472 4709 nem
522 4649 638 4720 ejus
693 4651 892 4719 primus
939 4666 1120 4707 sermo
1171 4652 1483 4723 denuntiet,
1538 4666 1930 4727 consequenter

344 4753 528 4799 tamen
558 4743 897 4813 intelligimus
927 4743 1114 4799 Deum.
1150 4745 1216 4800 Et
1244 4760 1365 4802 cum
1408 4746 1537 4803 dicit
1564 4746 1885 4806 invisibilem
1910 4792 1926 4820 ,

347 4837 475 4890 licet
503 4850 621 4889 eum
649 4835 737 4906 qui
760 4834 927 4890 videri
957 4850 986 4889 a
1018 4837 1336 4895 mortalibus
1364 4849 1622 4911 nequeat,
1654 4844 1925 4916 principa-

347 4928 471 4983 liter
499 4936 683 4995 sonet,
716 4936 771 4983 et
797 4942 867 4982 ex
895 4928 1179 4986 collatione
1208 4940 1387 4987 nostra
1422 4932 1472 4987 id
1526 4934 1667 5005 quod
1701 4950 1804 4991 non
1836 4952 1928 4993 su-

348 5034 470 5074 mus
500 5020 548 5075 ei
578 5022 667 5090 qui
700 5034 798 5076 nos
848 5020 972 5077 fecit
1002 5022 1274 5093 assignet,
1306 5036 1696 5098 consequenter
1746 5038 1924 5089 tamen

348 5112 695 5186 intelligimus
724 5114 911 5172 Deum.

941 5226 1167 5287 CAPUT
1206 5229 1345 5289 XIV.

705 5316 785 5375 De
810 5318 1264 5391 signiﬁcationibus
1293 5322 1577 5381 Trinitatis.

424 5426 493 5485 ο.
522 5428 663 5500 Quot
707 5430 884 5489 modis
924 5431 1190 5490 Personas
1235 5432 1350 5492 sive
1376 5433 1403 5477 δ
1432 5435 1761 5497 substantias
1788 5439 1926 5499 diri-

424 5656 453 5687 ι
482 5648 637 5706 Juxta
671 5649 1069 5731 gr._&q>0éprqi._
1097 5651 1204 5731 Alii
1244 5660 1421 5731 tamen
1463 5654 1681 5731 codices
1723 5668 1778 5731 et
1818 5660 1923 5718 Pa-

352 5722 741 5863 tﬁignonnulli
786 5722 973 5787 letiun't
1015 5722 1274 5795 ἆθανάτω,
1321 5727 1601 5786 immortali
1661 5737 1717 5788 ιιι
1762 5730 1923 5791 habet

2035 4625 2197 4693 dicta,
2223 4641 2340 4695 quze
2366 4624 2431 4680 ad
2462 4625 2712 4681 deitatem
2742 4636 2867 4682 sunt
2908 4627 3271 4699 principaliter
3298 4629 3573 4687 referenda
3592 4676 3607 4701 ,

2033 4726 2093 4772 ut
2120 4726 2201 4773 est
2230 4735 2243 4770 :
2276 4714 2325 4769 F
2329 4718 2445 4772 ilius
2492 4718 2712 4774 hominis
2740 4728 2763 4757 ο
2802 4719 3007 4791 quidem
3044 4722 3099 4775 in
3140 4723 3266 4776 caelo
3314 4721 3493 4793 (Joan.
3520 4742 3609 4791 ιιι.

2034 4808 2151 4883 15).
2181 4809 2381 4865 Rursus
2408 4808 2674 4865 divinitati
2706 4824 3085 4881 nonnunquam
3119 4813 3365 4869 videntur
3408 4816 3610 4871 adscri-

2032 4907 2121 4968 pta
2167 4914 2283 4969 qua:
2329 4899 2638 4969 specialiter
2677 4898 2987 4958 referuntur
3014 4902 3079 4958 ad
3110 4917 3357 4971 carnem,
3399 4915 3456 4959 ut
3485 4917 3606 4965 est:

2032 4991 2093 5048 Si
2121 4992 2254 5045 enim
2280 4993 2657 5063 cognouissent,
2687 5009 2943 5062 nunquam
2982 4993 3258 5050 Dominum
3285 4998 3463 5066 gloria:
3490 5013 3607 5050 cru-

2031 5083 2308 5152 ciﬁatt'ssent
2337 5081 2394 5151 (ι
2422 5084 2539 5139 Cor.
2581 5099 2651 5152 ιι,
2684 5083 2763 5154 8).
2790 5082 2859 5139 D.
2899 5085 3076 5153 Quare
3104 5086 3187 5143 his
3212 5087 3446 5157 quinque
3491 5102 3603 5142 mo-

2033 5172 2113 5228 dis
2142 5173 2375 5243 loquitur
2404 5172 2681 5244 Scriptura
2703 5175 2771 5231 de
2794 5174 2966 5231 Filio?
2996 5177 3075 5235 Μ.
3101 5177 3361 5233 Distincte
3387 5176 3601 5248 quidem

2029 5261 2153 5319 ideo
2180 5264 2471 5320 secundum
2504 5272 2721 5319 naturas
2767 5264 3023 5335 loquitur,
3056 5274 3115 5321 ut
3158 5266 3464 5323 inconlusas
3508 5282 3606 5324 eo-

2031 5367 2149 5409 rum
2199 5356 2552 5426 proprietates
2596 5357 2891 5424 ostendat;
2937 5358 3330 5425 communiter,
3378 5361 3498 5419 ideo
3548 5373 3605 5419 ut

2030 5457 2235 5504 asserat
2260 5447 2537 5505 unitatem.
2568 5448 2817 5507 Alternat
2860 5465 2993 5509 vero
3036 5450 3270 5510 humana
3309 5453 3504 5512 divinis
3543 5464 3600 5513 et

2100 5660 2131 5703 δ
2162 5662 2288 5734 Leg.
2319 5665 2688 5723 suasistentias.

2105 5743 2129 5775 ο
2159 5732 2285 5807 Leg.
2316 5734 2473 5807 torte,
2496 5737 2581 5808 qui
2607 5748 2695 5794 est.
