4038 6350
442 284 517 346 as
1957 260 2194 321 .lUNlLll
3643 257 3714 315 ει

446 405 623 462 divina
655 397 919 465 humanis,
948 402 1008 453 nt
1050 399 1333 465 utrumque
1361 387 1518 446 unius
1568 384 1819 445 Personat
1866 380 2015 438 indi-
2052 380 2107 441 A
2131 380 2198 435 ab
2225 392 2289 434 eo
2317 377 2557 434 ordinata
2584 394 2596 432 :
2622 384 2677 434 et
2697 375 2897 446 Fortis,
2934 388 3000 433 eo
3034 374 3177 448 quod
3218 373 3412 447 potuit,
3455 386 3575 443 qua:
3608 378 3714 426 tam

448 497 729 564 visumque
772 497 1119 547 monstretur.
1170 485 1237 541 ο.
1288 483 1428 553 Quot
1475 477 1650 535 modis
1699 476 1836 535 solet
1896 472 2018 530 Filii

448 588 735 659 signiﬁcari
767 584 1033 640 Persona?
1064 580 1141 636 Μ.
1179 576 1433 633 Duobus:
1466 581 1523 631 et
1556 574 1672 642 ipse
1711 567 2025 640 principati-

449 692 533 739 ter
560 681 773 752 quidem
805 677 1155 748 signiﬁcatur,
1201 685 1322 725 cum
1356 668 1604 724 Christus
1633 665 1829 721 dicitur
1866 662 2030 717 abso-

451 777 580 834 lute.
610 773 740 830 Nam
764 786 884 825 cum
910 770 997 824 alii
1026 764 1225 822 Christi
1256 768 1536 827 vocantur,
1561 758 1778 815 alterius
1804 755 2024 827 quidem

451 872 723 932 dicuntur,
758 874 815 920 ut
851 871 961 926 est,
1007 857 1235 913 Christus
1265 851 1471 910 Domini
1519 848 1576 919 (I
1606 849 1762 920 Κεφ,
1793 862 1941 914 xxtv,
1969 846 2031 914 7,

451 970 480 1023 1
500 965 570 1035 l),
598 972 687 1019 aut
714 959 941 1016 Christus
968 970 1106 1009 meus
1134 951 1362 1025 (Psalm.
1389 963 1495 1017 etv,
1526 946 1636 1018 15).
1667 944 1827 999 Solus
1853 952 2032 997 autem

451 1061 596 1119 Deus
627 1055 937 1114 naturaliter
984 1049 1077 1105 Dei
1130 1046 1293 1102 Filius
1331 1043 1579 1099 Christus
1622 1038 1868 1094 absolute
1897 1037 2034 1093 dici-

453 1168 569 1223 tur;
604 1152 742 1209 nnde
769 1158 824 1205 et
853 1149 955 1203 hoc
981 1143 1147 1199 solius
1174 1140 1293 1210 ejus
1323 1150 1444 1192 esse
1484 1132 1757 1205 proprium
1796 1130 2037 1186 declara-

452 1222 561 1304 tur.
589 1248 992 1314 Consequenter
1021 1250 1150 1291 vero
1181 1230 1494 1299 intelligitur
1531 1227 1768 1280 Persona
1798 1222 1949 1287 Filii;
1983 1227 2037 1276 ct

452 1356 517 1396 ex
547 1338 651 1393 illis
682 1334 851 1390 tribus
883 1330 1072 1401 quibus
1102 1335 1157 1382 et
1201 1324 1381 1387 Pater,
1407 1328 1461 1374 et
1490 1332 1559 1373 ex
1593 1317 1708 1385 ipso
1741 1315 1850 1369 Pati
1867 1315 1912 1369 is
1945 1328 2038 1367 vo-

454 1430 667 1493 cabulo,
692 1436 748 1484 et
773 1442 836 1483 ex
866 1425 1071 1496 Spiritu
1105 1427 1319 1483 sancto;
1353 1415 1476 1485 quia
1506 1420 1560 1467 et
1586 1410 1817 1481 Spiritus
1846 1406 2039 1463 dicitur

453 1522 630 1581 Patris
650 1528 705 1577 et
734 1518 873 1575 Filii.

1029 1626 1254 1685 CAPUT
1295 1623 1458 1680 XVII.

556 1732 694 1799 Quot
720 1729 883 1785 modis
908 1726 1225 1797 signiﬁcatur
1257 1718 1486 1774 Persona
1516 1713 1741 1785 Spiritus
1763 1710 1948 1768 sancti.

531 1845 601 1902 D.
632 1846 773 1912 Quot
803 1842 975 1897 modis
1004 1838 1330 1909 signiﬁcatur
1367 1833 1599 1888 Persona
1642 1827 1871 1898 Spiritus
1914 1840 2039 1880 san-

456 1941 564 2000 cti?
605 1940 683 1996 Μ.
717 1934 1084 2003 Principaliter
1122 1945 1248 1997 uno,
1279 1938 1332 1982 ιιι
1373 1927 1566 1996 legitur
1597 1940 1610 1977 :
1643 1923 1744 1989 Ite,
1787 1922 2043 1992 baptizate

456 2048 632 2088 omnes
670 2037 842 2100 gentes
889 2026 941 2078 in
988 2023 1191 2076 nomine
1227 2019 1418 2083 Patris,
1452 2026 1497 2070 et
1530 2012 1679 2080 Filii,
1723 2022 1769 2067 et
1818 2011 2044 2083 Spiritus

454 2126 619 2182 sancti
647 2120 862 2192 (Matth.
897 2132 1079 2177 xxvtn,
1105 2113 1215 2183 l9}.
1243 2111 1309 2165 Et
1339 2111 1531 2165 iterum
1565 2125 1577 2160 :
1607 2104 1877 2175 Templum
1909 2104 2046 2158 enim

456 2220 576 2278 estis
607 2214 832 2288 Spiritus
855 2212 1015 2268 sancti
1041 2208 1091 2281 (Ι
1116 2206 1236 2262 Cor.
1259 2222 1331 2271 vt,
1364 2202 1472 2273 19).
1495 2202 1894 2270 Consequcnter
1916 2211 2045 2252 vero

456 2322 513 2369 et
536 2311 702 2384 gratia
731 2323 889 2378 quam
920 2306 1035 2375 ipse
1067 2300 1307 2369 largitur,
1333 2313 1450 2364 qua:
1494 2296 1607 2364 ipsa
1639 2291 1885 2347 similiter
1923 2303 2047 2343 san-

456 2414 578 2463 ctus
618 2402 849 2472 Spiritus
875 2396 1090 2460 dicitur,
1120 2400 1177 2446 ut
1202 2399 1285 2446 est
1316 2408 1329 2443 :
1364 2387 1595 2456 Spiritus
1624 2393 1829 2440 sanctus
1860 2396 2044 2449 super-

457 2500 623 2556 veniet
661 2498 714 2552 in
757 2507 802 2549 te
834 2493 985 2563 (an.
1021 2507 1057 2555 t,
1094 2488 1208 2557 '55).
1249 2485 1313 2539 Et
1340 2501 1354 2538 :
1385 2482 1610 2552 Accipite
1640 2478 1893 2549 Spiritum
1920 2490 2042 2529 san-

458 2603 596 2648 ctum
626 2588 802 2661 (Joan.
834 2602 925 2654 xx,
952 2582 1063 2652 22).
1089 2578 1346 2636 Similiter
1374 2583 1428 2630 et
1452 2590 1518 2628 ex
1548 2573 1629 2627 his
1653 2569 1842 2640 quibus
1867 2567 2044 2621 divina

458 2660 787 2754 signiﬁcatur
828 2673 1080 2739 essentia,
1121 2670 1206 2725 vel
1250 2664 1512 2737 operatio,
1547 2662 1629 2718 vel
1666 2660 1732 2714 ad
1772 2667 2045 2712 creaturas

458 2748 701 2839 collatio,
754 2770 892 2825 sicut
937 2776 991 2821 et
1031 2764 1098 2819 de
1149 2760 1283 2817 Filio
1328 2756 1602 2811 diximus:
1635 2751 1730 2808 sed
1774 2758 1831 2806 et
1873 2748 2044 2804 Patris

458 2864 684 2933 Filtique
721 2860 952 2916 Persona
992 2854 1251 2925 Spiritum
1292 2858 1536 2904 sanctum
1567 2842 1831 2915 signiﬁcat
1858 2853 2046 2896 conse-

458 2966 716 3029 quenter;
744 2952 866 3023 quia
907 2944 1162 3020 quidquid
1199 2943 1388 2998 hurum
1431 2939 1690 3001 dicamus,
1722 2935 1887 2989 etiam
1917 2932 2047 2987 Per-

459 3022 646 3108 sonam
677 3022 843 3103 sancti
873 3042 1103 3113 Spiritus
1133 3044 1225 3092 aut
1255 3033 1675 3102 eooperatrieem
1703 3035 1792 3081 aut
1813 3022 2044 3081 consub-

459 3140 763 3203 stantialem
793 3134 1137 3204 intelligimus
1168 3131 1582 3195 consequenter.

1027 3240 1253 3302 CAPUT
1287 3238 1472 3296 XVIII.

460 3349 601 3421 Quid
622 3347 804 3403 habent
826 3356 1089 3400 commune
1109 3337 1185 3393 vel
1206 3332 1470 3408 proprium
1491 3327 1735 3385 Persona:
1751 3321 2040 3381 Trinitatis.

527 3464 601 3519 Π.
647 3458 783 3528 Quid
829 3457 1028 3512 habent
1070 3450 1343 3523 proprium
1385 3446 1636 3500 Persona:
1666 3439 1890 3509 singulae
1919 3435 2043 3490 Tri-

454 3557 682 3618 nitatis?
711 3552 789 3608 Μ.
821 3550 972 3620 Quod
1002 3548 1162 3603 Pater
1189 3553 1463 3610 nunquam
1496 3536 1691 3592 dicitur
1719 3532 1914 3597 Filius,
1944 3542 2045 3583 nec

454 3645 758 3717 conjunctis
783 3619 1144 3702 sermonibus,
1166 3632 1397 3703 Spiritus
1422 3637 1670 3691 sanctus;
1711 3624 1837 3680 licet
1872 3619 2044 3676 divise

453 3751 514 3799 et
552 3715 785 3809 Spiritus
826 3733 931 3788 dici
971 3730 1139 3802 possit
1182 3737 1237 3783 et
1282 3732 1521 3780 sanctus.
1550 3720 1660 3776 Nec
1686 3717 1857 3774 Filius
1886 3715 2045 3770 Pater

454 3830 672 3906 proprie
698 3827 802 3884 dici
832 3832 1031 3897 potest,
1063 3830 1155 3877 aut
1177 3817 1515 3889 conjunctive
1540 3812 1772 3883 Spiritus
1802 3817 2042 3864 sanctus.

452 3902 573 3984 Nec
601 3937 788 3980 rursus
829 3927 1015 3975 sancto
1053 3912 1276 3986 Spiritui
1326 3909 1498 3966 Patris
1540 3915 1630 3961 aut
1678 3902 1797 3958 Filii
1845 3914 2041 3957 nomen

452 4018 762 4078 ascribitur.
807 4013 876 4069 D.
922 4014 1051 4081 Quce
1098 4014 1223 4066 sunt
1269 4006 1351 4061 his
1400 3998 1653 4058 Personis
1697 3991 2043 4053 communia?

453 4110 537 4171 ll.
567 4109 758 4167 Omnia
788 4123 907 4179 qua:
945 4105 1013 4161 ad
1050 4099 1492 4173 signiﬁcationem
1520 4101 1614 4150 aut
1644 4090 1917 4155 essentne,
1952 4095 2043 4141 aut

452 4202 804 4276 operationis,
848 4208 940 4255 aut
989 4195 1056 4253 ad
1105 4202 1381 4251 creaturas
1425 4184 1728 4245 collationis
1773 4180 2043 4251 pertinere

452 4275 793 4354 noscuntur:
821 4292 962 4349 unde
1008 4298 1063 4346 et
1109 4295 1321 4343 constat
1357 4282 1678 4339 Trinitatem
1720 4275 1882 4332 unius
1921 4285 2042 4328 esse

452 4366 789 4447 substantiis.
822 4384 892 4440 D.
920 4383 1095 4439 Patris
1121 4391 1173 4438 et
1201 4378 1323 4435 Filii
1344 4385 1397 4433 et
1424 4372 1653 4447 Spiritus
1680 4367 1853 4426 sancti
1884 4378 2044 4420 voca-

455 4482 617 4547 bulis,
645 4480 771 4550 quid
800 4480 854 4533 in
894 4478 976 4533 his
1015 4474 1268 4531 Personis
1304 4466 1666 4541 signiﬁcatur?
1697 4462 1776 4518 Μ.
1804 4459 2035 4515 Tantum

455 4572 599 4647 quod
626 4579 769 4628 sunt.
798 4567 931 4625 Nam
962 4566 1091 4638 quid
1117 4574 1238 4620 sunt
1267 4566 1348 4635 (ut
1369 4575 1530 4633 supra
1556 4559 1625 4614 de
1645 4556 1757 4613 Deo
1783 4550 2041 4621 diximus)

456 4680 638 4726 sermo
666 4678 774 4721 non
803 4668 982 4734 potest
1006 4658 1299 4729 explicare.

1046 4771 1274 4831 CAPUT
1314 4768 1457 4825 XIX.

562 4871 667 4929 Per
695 4880 818 4944 quos
841 4868 1031 4940 species
1059 4863 1338 4922 divinitatis
1369 4858 1598 4933 operatio
1626 4856 1938 4928 designetur.

533 4985 599 5043 D.
628 4986 731 5043 Per
753 4995 882 5056 quot
909 4981 1121 5055 species
1140 4978 1434 5035 divinitatis
1462 4972 1754 5032 efﬁcientia
1780 4973 1895 5029 sive
1923 4984 2047 5042 0pc-

455 5077 595 5135 ratio
623 5076 955 5147 designatur,
998 5087 1160 5145 quam
1204 5071 1378 5127 Grteci
1409 5070 1659 5148 ἐναργείαν
1699 5062 2045 5134 nuncupant?

458 5172 536 5229 Η.
577 5172 815 5239 Quatuor
854 5175 994 5225 :aut
1029 5165 1325 5231 creatione,
1371 5172 1464 5218 aut
1512 5159 1848 5232 providentia
1897 5157 2043 5213 circa

456 5274 754 5332 creaturas,
777 5272 867 5317 aut
898 5260 1197 5317 futurorum
1228 5257 1371 5312 circa
1397 5270 1490 5311 eas
1516 5253 1931 5326 praeparatione,
1955 5257 2048 5305 aut

459 5368 874 5426 praeparatorum
910 5353 1056 5410 exitu
1085 5350 1169 5406 vel
1203 5356 1420 5405 eventu.
1454 5346 1521 5401 D.
1562 5346 1639 5400 Da
1670 5344 1738 5399 ad
1767 5342 2042 5413 Operatio-

420 5492 423 5493 ν
460 5463 583 5504 nem
631 5448 967 5516 pertinentia.
1002 5443 1080 5501 Η.
1125 5443 1193 5500 Ut
1237 5457 1359 5499 cum
1402 5441 1599 5496 dicitur
1640 5438 1854 5501 Bonus;
1884 5449 1951 5491 ex
1978 5447 2043 5488 eo

458 5541 691 5599 tttaxime
717 5537 856 5607 quod
896 5552 1016 5607 quae
1060 5549 1167 5591 non
1202 5540 1374 5597 erant,
1399 5546 1523 5589 esse
1551 5529 1677 5585 fecit
1702 5542 1765 5584 ac
1794 5526 1921 5582 facit
1948 5542 1961 5580 :
1992 5533 2048 5579 et

459 5633 709 5704 Sapiens,
736 5646 801 5686 eo
833 5630 973 5702 quod
1018 5637 1127 5685 tam
1176 5626 1493 5685 mirabiliter
1535 5634 1729 5681 cuncta
1772 5622 2043 5680 cernimus

528 5798 557 5833 ι
596 5778 912 5849 Addenduni
940 5784 1153 5848 videtur
1181 5785 1355 5857 rebus,
1383 5797 1455 5843 ex
1479 5787 1762 5843 contextu.

2133 473 2272 529 bene
2296 479 2351 528 et
2371 471 2639 542 sapienter
2661 471 2850 536 voluit,
2883 470 3202 540 adimplere.
3248 469 3315 523 D.
3355 468 3409 522 In
3436 467 3569 533 Deo,
3600 466 3717 518 haec

2132 564 2367 621 essentia
2408 572 2551 631 sunt,
2582 579 2647 619 an
2677 562 3015 625 voluntates?
3058 564 3134 619 Μ.
3174 565 3315 618 Deus
3359 562 3581 630 simplex
3612 567 3716 621 est,

2136 672 2236 714 nec
2264 666 2348 713 est
2376 656 2426 713 in
2456 672 2523 713 eo
2558 657 2701 712 aliud
2733 658 2965 713 essentia
2997 671 3153 728 quam
3183 657 3427 710 voluntas
3458 672 3471 707 :
3497 653 3636 708 unde
3664 659 3720 708 et

2136 750 2311 807 omnia
2345 750 2561 806 nomina
2590 750 2914 821 operationis
2945 749 3079 819 ejus,
3112 749 3237 804 licet
3263 748 3401 803 inter
3434 762 3494 803 se
3532 745 3722 800 deﬁnio

2139 844 2669 927 tionibusldiﬁ‘erant,
2696 844 2834 915 apud
2876 844 3048 914 ipsum
3085 853 3260 898 tamen
3293 842 3437 897 nulla
3463 840 3719 895 ditl'eren-

2141 938 2212 993 tia
2256 936 2339 992 vel
2381 936 2666 991 diversitas
2714 935 3015 990 invenitur.
3060 935 3241 1003 Itaque
3284 942 3338 987 ct
3376 932 3606 987 essentia
3641 931 3724 987 vel

2141 1038 2330 1085 natura
2374 1028 2521 1095 facit,
2562 1028 2686 1099 quia
2731 1028 2780 1083 ei
2825 1027 2954 1083 nihil
3003 1026 3253 1083 accidens
3291 1037 3402 1091 est;
3449 1033 3503 1080 et
3547 1033 3723 1078 tamen

2141 1122 2304 1176 etiam
2352 1121 2647 1186 voluntate,
2696 1120 2821 1191 quia
2871 1119 2999 1174 nihil
3052 1120 3370 1174 necessitate
3409 1116 3593 1178 efﬁcit,
3634 1125 3727 1170 ant

2142 1220 2376 1266 coactus.
2419 1211 2532 1265 Non
2578 1212 2743 1275 enim,
2783 1211 2919 1266 sicut
2962 1212 3099 1279 ignis
3141 1210 3367 1264 naturali
3408 1207 3727 1263 necessitate

2143 1304 2271 1367 urit,
2294 1314 2382 1358 ant
2411 1317 2538 1372 apes
2564 1303 2791 1358 naturali
2823 1304 3141 1359 necessitate
3166 1303 3423 1357 fabricant
3450 1315 3619 1358 ceras,
3646 1299 3726 1353 vel

2144 1395 2280 1452 telas
2302 1411 2533 1463 aranem,
2564 1397 2635 1449 ita
2664 1396 2823 1450 etiam
2852 1395 2987 1450 Deus
3009 1404 3261 1463 cperatur
3286 1411 3299 1459 ;
3325 1393 3417 1447 sed
3442 1393 3582 1446 Deus
3605 1389 3726 1445 ideo

2146 1497 2332 1543 natura
2362 1487 2445 1542 vel
2489 1488 2725 1542 essen‘ia
2757 1485 2932 1542 facere
2965 1485 3179 1549 dicitur,
3211 1500 3279 1539 ne
3305 1484 3548 1537 voluntas
3579 1482 3631 1535 in
3662 1495 3727 1535 eo

2145 1581 2295 1648 quasi
2325 1579 2468 1634 aliud
2499 1580 2697 1650 aliquid
2726 1580 3123 1634 demonStrctnr
3155 1597 3166 1631 :
3195 1586 3248 1633 et
3281 1579 3404 1633 ideo
3432 1575 3723 1638 voluntate,

2147 1674 2269 1743 quia
2298 1673 2426 1727 nihil
2459 1674 2670 1744 operari
2698 1672 3070 1742 compellitur;
3096 1671 3189 1727 sed
3215 1670 3572 1726 cssentialitcr
3593 1666 3727 1732 vult,

2074 1775 2120 1835 Β
2148 1774 2201 1819 ct
2233 1765 2505 1819 voluntate
2542 1764 2803 1818 subsistit.
2847 1761 2911 1816 ι).
2944 1763 3019 1817 Da
3049 1761 3356 1832 specialiter
3393 1760 3457 1814 ad
3497 1759 3728 1815 creatio-

2144 1871 2265 1911 nem
2296 1857 2635 1925 pertinentia.
2669 1855 2745 1911 Μ.
2776 1856 2846 1911 Ut
2872 1871 2991 1909 cum
3023 1855 3216 1910 dicitur
3246 1854 3455 1916 Factor,
3491 1848 3727 1911 Artifex,

2144 1947 2387 2013 Creator,
2434 1957 2487 2002 et
2531 1947 2722 2002 similia
2757 1964 2770 2000 :
2799 1946 3043 2018 quamvis
3071 1946 3279 2001 dicatur
3313 1952 3368 1997 et
3406 1942 3605 2003 facere,
3635 1954 3733 2010 pro

2147 2040 2449 2110 disponere,
2486 2049 2541 2094 ut
2571 2047 2651 2095 cst
2678 2057 2690 2093 :
2721 2038 2864 2093 Fecit
2893 2039 3111 2094 salutem
3148 2039 3200 2091 in
3243 2036 3411 2090 medio
3441 2044 3590 2089 terra:
3611 2033 3729 2104 (Ps.

2147 2149 2333 2197 vant,
2365 2130 2451 2201 l2)
2491 2148 2503 2183 :
2534 2131 2626 2185 sed
2657 2140 2780 2185 tunc
2804 2130 3093 2185 secundum
3125 2128 3356 2197 speciem
3386 2123 3735 2195 providentia:

2147 2222 2362 2279 dicitur.
2399 2222 2463 2275 ι).
2510 2222 2580 2275 Da
2612 2237 2728 2291 qua:
2763 2221 2826 2274 ad
2863 2220 3247 2290 providentiam
3278 2216 3581 2289 specialiter
3610 2230 3736 2283 per-

2149 2316 2339 2371 tinent.
2371 2312 2544 2368 M.‘Ut
2571 2328 2691 2367 cum
2719 2313 2915 2366 dicitur
2947 2312 3190 2379 Adjntor,
3235 2308 3515 2374 Prmscins,
3548 2307 3736 2362 Omni—

2151 2414 2362 2475 potens,
2405 2411 2461 2458 et
2504 2403 2713 2458 similia.
2746 2402 2813 2456 D.
2860 2402 2934 2455 Da
2980 2400 3044 2455 ad
3092 2398 3534 2467 prteparationem
3575 2396 3738 2466 perti-

2150 2497 2331 2552 nentia
2372 2495 2691 2550 futurorum.
2734 2493 2810 2548 Μ.
2857 2493 2925 2549 Ut
2968 2507 3088 2548 cum
3120 2490 3317 2546 dicitur
3347 2489 3458 2553 Via,
3492 2498 3547 2545 et
3578 2489 3736 2558 Spes,

2148 2588 2458 2658 Refugium,
2489 2595 2543 2642 et
2571 2586 2786 2641 similia.
2824 2584 2891 2640 D.
2921 2585 2995 2638 Da
3024 2582 3088 2637 ad
3122 2594 3370 2639 eventum
3415 2587 3739 2651 praeparato.

2150 2694 2267 2734 rum
2323 2676 2666 2746 pertinentia.
2721 2675 2799 2729 Μ.
2860 2674 2928 2729 Ut
2975 2689 3094 2729 cum
3147 2673 3343 2727 dicitur
3396 2671 3739 2735 Exsultatio,

2152 2768 2434 2830 Gaudium,
2468 2777 2518 2821 et
2545 2778 2736 2821 caetera
2768 2766 2987 2821 similia.
3020 2763 3209 2819 Omnia
3241 2772 3414 2818 autem
3446 2762 3510 2816 ad
3542 2776 3740 2831 opera-

2150 2860 2350 2914 tionem
2394 2856 2738 2928 pcrtincntia,
2773 2865 2798 2893 ιι
2831 2872 2934 2910 non
2978 2855 3029 2909 in
3076 2853 3325 2907 omnibus
3374 2858 3599 2915 tantum,
3644 2851 3738 2905 sed

2150 2948 2311 3006 etiam
2345 2949 2397 3003 in
2426 2949 2626 3015 verbis,
2659 2948 2743 3002 vel
2786 2946 3199 3003 revelationihns
3241 2944 3504 2998 similibus
3540 2958 3737 3013 cogno-

2151 3049 2394 3097 scuntur.
2422 3039 2492 3095 D.
2536 3040 2628 3095 His
2660 3048 2862 3094 tantum
2891 3038 3064 3093 modis
3089 3037 3269 3091 divina
3300 3034 3538 3105 operatio
3567 3034 3740 3090 decla-

2078 3141 2124 3206 C
2154 3137 2337 3193 ratur?
2364 3136 2442 3190 Μ.
2472 3135 2562 3191 Est
2584 3135 2717 3190 alios
2744 3134 2996 3206 ﬁguratus
3021 3133 3231 3196 modus,
3256 3145 3377 3185 cum
3401 3146 3467 3185 ex
3497 3129 3740 3183 humanis

2147 3232 2389 3302 operatio
2418 3229 2596 3286 divina
2642 3228 2993 3298 signiﬁcamr.
3039 3225 3104 3280 lt.
3142 3224 3282 3290 Quot
3325 3222 3494 3277 modis
3531 3221 3624 3276 ﬁt?
3655 3219 3735 3276 Μ.

2151 3324 2387 3381 Duobus.
2414 3323 2545 3377 Cum
2575 3331 2666 3375 aut
2694 3335 2811 3389 qure
2840 3319 2905 3373 ad
2933 3316 3169 3372 animum
3197 3325 3437 3370 nostrum
3465 3312 3738 3384 pertinent

2148 3416 2438 3488 figuraliter
2466 3414 2717 3469 dicuntur
2764 3412 2816 3465 in
2858 3410 2988 3473 Deo,
3032 3417 3090 3463 ut
3128 3418 3209 3463 est
3249 3407 3416 3473 furor,
3460 3415 3512 3460 et
3555 3406 3655 3471 ira,
3687 3415 3741 3461 et

2148 3514 2461 3585 pmnitentia
2491 3527 2506 3565 :
2538 3517 2625 3563 aut
2656 3522 2716 3563 ea
2747 3522 2864 3575 quae
2893 3505 2960 3559 ad
2999 3519 3192 3572 corpus
3224 3512 3538 3570 tractantur,
3572 3499 3622 3554 id
3655 3509 3738 3555 est

2147 3605 2335 3677 pedes,
2380 3615 2591 3665 manus,
2640 3599 2813 3669 digiti.
2866 3595 3163 3667 Aliquando
3205 3594 3345 3649 enim
3391 3602 3447 3648 et
3492 3593 3738 3647 humana:

2146 3696 2487 3769 operatioues
2516 3692 2911 3748 transferuntur
2940 3690 3005 3743 ad
3043 3689 3229 3748 Deum.
3264 3696 3322 3741 ut
3349 3700 3467 3740 cum
3499 3685 3692 3739 dicitur
3719 3702 3735 3739 :

2147 3786 2484 3861 Apprehende
2512 3801 2660 3839 arma
2695 3793 2741 3839 et
2780 3794 2975 3838 scutum
3015 3781 3187 3852 (Psal.
3223 3795 3401 3846 χχχιιι,
3433 3777 3513 3847 2).
3549 3778 3736 3833 Omnia

2148 3892 2327 3937 tamen
2354 3878 2470 3934 haec
2502 3876 2770 3948 praedictis
2806 3884 3032 3943 quatuor
3067 3873 3348 3943 speciebus
3386 3869 3733 3941 operationis,

2147 3988 2247 4047 pro
2276 3970 2666 4029 sententiarum
2696 3969 2953 4041 qualitate
2976 3966 3248 4036 jungenda
3277 3972 3423 4022 sunt.

2756 4058 2981 4115 CAPUT
3021 4058 3139 4113 XX.

2151 4154 2347 4226 Quibus
2383 4152 2551 4210 modis
2587 4168 2650 4207 ex
2678 4150 2949 4207 collatione
2981 4150 3048 4203 ad
3080 4158 3343 4205 creaturas
3374 4147 3512 4206 Deus
3539 4140 3739 4223 signiﬁ-

2866 4232 3031 4276 catur.

2219 4318 2289 4375 D.
2319 4318 2460 4386 Quot
2484 4316 2657 4372 modis
2687 4331 2753 4372 ex
2782 4315 3071 4369 collatione
3097 4313 3160 4368 ad
3193 4324 3467 4371 creaturas
3500 4315 3636 4371 Deus
3663 4315 3739 4371 si-

2147 4408 2465 4485 gniﬁcatur?
2512 4409 2589 4463 Μ.
2630 4408 2849 4463 Duobus
2882 4423 2896 4460 :
2928 4406 3282 4460 afﬁrmatione
3328 4414 3382 4460 ct
3428 4408 3734 4476 negatione.

2067 4492 2119 4555 Ῑ)
2145 4510 2498 4567 Conl‘essione
2536 4509 2776 4580 quidem,
2821 4523 2941 4562 cum
2975 4523 3036 4563 ea
3069 4508 3319 4562 dicuntur
3350 4508 3417 4562 de
3460 4506 3591 4569 Deo,
3621 4522 3743 4579 quae

2143 4606 2298 4676 juxta
2324 4602 2572 4659 eumdem
2603 4601 2820 4655 modum
2852 4600 2981 4654 nulli
3011 4610 3271 4655 creatura:
3298 4601 3653 4665 conveniunt;
3685 4609 3743 4654 nt

2149 4707 2253 4765 est,
2298 4695 2558 4766 Simplex,
2610 4702 2665 4749 et
2709 4693 3229 4760 Vetustus.dierum,
3268 4695 3408 4749 Ante
3456 4694 3654 4756 omnia,
3686 4702 3742 4747 et

2152 4793 2384 4863 Spiritus
2416 4807 2430 4845 :
2460 4789 2511 4845 id
2544 4796 2626 4845 est
2667 4788 3180 4859 incircumscriptus,
3214 4797 3269 4846 et
3314 4788 3521 4843 Primus
3558 4786 3743 4841 Novis-

2154 4888 2344 4954 simus,
2375 4891 2430 4941 et
2458 4883 2667 4939 similia.
2705 4882 2830 4936 ihec
2868 4882 3009 4937 enim
3057 4882 3233 4937 omnia
3277 4881 3399 4936 ideo
3428 4880 3493 4936 de
3526 4880 3635 4935 Deo
3663 4878 3738 4932 di-

2153 4988 2373 5045 cuntur,
2404 4976 2524 5047 quia
2567 4974 2695 5029 nulli
2732 4982 2994 5030 creatura:
3036 4973 3178 5043 (ejus
3209 4970 3516 5042 collatione)
3550 4986 3745 5027 conve-

2154 5073 2326 5130 niunt.
2381 5070 2483 5127 Per
2533 5069 2874 5141 negationem
2933 5076 3109 5122 autem
3170 5066 3384 5121 collatio
3440 5065 3529 5133 ﬁt,
3583 5081 3739 5129 cum,

2152 5163 2532 5237 praepositione
2578 5160 2855 5233 privativa,
2889 5173 2950 5215 ea
2993 5159 3045 5213 in
3092 5158 3201 5213 Deo
3246 5166 3507 5227 negantur
3536 5172 3656 5227 qua:
3689 5159 3740 5211 in

2148 5265 2396 5314 creatura
2423 5264 2590 5311 sunt:
2618 5261 2677 5309 ut
2705 5260 2787 5306 est
2815 5250 3107 5321 lngenitus,
3144 5250 3512 5318 lncorporcns,
3540 5250 3744 5315 lncrea-

2148 5358 2255 5415 tus,
2283 5343 2733 5415 lncorruptibilis,
2758 5342 3096 5404 Immortalis,
3128 5341 3490 5411 lmpassibilis,
3518 5349 3571 5395 et
3593 5340 3744 5394 sinti-

2150 5443 2241 5498 lia.
2277 5440 2347 5495 D.
2377 5438 2512 5508 Quid
2543 5435 2702 5507 ergo?
2749 5435 2863 5491 haec
2893 5434 3056 5490 verba
3101 5449 3369 5504 nunquam
3400 5433 3466 5490 de
3495 5442 3741 5489 creatnra

2150 5530 2435 5591 dicuntur?
2483 5529 2563 5584 Μ.
2612 5527 2870 5583 Dicuntur
2905 5524 3145 5596 quidem,
3176 5525 3269 5580 sed
3302 5541 3403 5579 non
3449 5526 3743 5580 secnmlnm

2151 5626 2392 5684 eamdem
2424 5621 2708 5680 rationem.
2746 5618 2879 5678 Nam
2921 5634 3040 5675 cum
3075 5619 3236 5675 homo
3265 5618 3459 5676 dicitur
3493 5620 3741 5689 simplex,
