4038 6350
267 282 343 341 25
1353 277 1440 334 DE
1476 272 1819 333 PARTIBUS
1859 271 1996 330 mv.
2036 271 2237 331 LEGIS
2275 271 2402 332 LIB.
2444 272 2507 337 ΙΙ.
3488 272 3557 335 Ili

273 418 384 461 non
418 416 539 472 quia
567 411 898 472 compositus
937 410 1043 454 non
1091 403 1174 454 est
1216 394 1406 465 (solius
1450 394 1596 448 enim
1642 390 1740 445 Det
1785 395 1869 444 est
1897 386 2067 451 Ased
2095 384 2218 458 quia
2246 386 2455 458 aliquos
2499 385 2650 445 latet.
2690 384 2954 444 Similiter
2978 393 3035 443 et
3058 394 3255 445 caetera
3282 387 3555 447 dicuntur.

272 511 400 554 esse
428 495 714 552 essentiam
756 491 1102 562 simplicem),
1135 488 1231 545 sed
1273 487 1498 558 simplex
1540 487 1699 541 homo
1730 483 1866 538 d:ci-

273 598 386 655 tur,
421 590 541 661 quia
576 604 681 643 non
724 588 885 643 habet
922 586 1030 641 doli
1077 584 1467 659 duplicitatem.
1517 581 1605 638 Sic
1650 590 1705 637 et
1744 592 1866 635 cum

276 680 473 736 dicitur
506 679 704 751 aliquid
744 678 1032 745 invisibile,
1062 692 1168 732 non
1195 677 1317 748 quia
1347 690 1377 730 a
1417 675 1583 741 nullo,
1618 674 1670 729 in
1702 687 1868 745 quan-

277 781 391 827 tum
420 782 524 840 est,
546 771 716 830 videri
749 786 853 827 non
884 779 1059 842 potest
1086 753 1215 840 (hoc
1243 767 1385 824 enim
1416 767 1583 824 solius
1614 765 1708 823 Dei
1739 761 1867 836 est).

1975 478 2043 534 D.
2070 479 2200 547 Quae
2224 487 2349 534 sunt
2375 478 2642 546 collativa,
2672 494 2792 551 quae
2816 477 2883 534 de
2912 479 3023 535 Deo
3044 479 3121 535 sic
3142 479 3391 535 dicuntur
3416 489 3473 536 ut
3492 480 3559 536 de

1974 585 2218 630 creatura
2240 573 2343 628 dici
2375 588 2480 629 non
2508 573 2745 642 possint?
2775 572 2855 629 Μ.
2882 571 3013 639 Quae
3039 572 3093 628 in
3117 586 3183 627 eo
3203 587 3415 629 summa
3436 581 3561 627 sunt

1975 677 2030 724 et
2056 665 2368 738 singularia,
2398 673 2457 721 ut
2484 666 2778 738 lngenitus,
2808 665 3198 738 Sempiternus,
3228 664 3359 723 Sine
3383 664 3559 735 initio,

1977 770 2032 817 et
2059 759 2272 816 similia.

280 876 3543 909 ΝΜ

1680 959 1973 1042 LIBER
2036 957 2140 1036 II.

1774 1100 2070 1120 Ψ

798 1166 1026 1226 CAPUT
1060 1168 1354 1226 PRIMUM.

422 1278 564 1345 Quid
586 1278 650 1334 de
676 1280 914 1350 prwsenti
938 1280 1124 1335 swculo
1150 1279 1424 1352 Scriptura
1454 1279 1728 1352 signiﬁcet.

345 1387 422 1446 Β.
452 1391 713 1459 Quoniam
743 1368 872 1448 satis
901 1392 1100 1449 dictum
1129 1402 1258 1466 quot
1286 1394 1457 1449 modis
1485 1392 1552 1447 de
1582 1393 1692 1448 Deo
1723 1390 1872 1449 Scri-

274 1491 437 1553 ptura
464 1483 732 1555 loquatur,
761 1500 904 1541 nunc
934 1489 1150 1557 requiro
1187 1502 1328 1557 quae,
1366 1488 1434 1542 de
1470 1485 1725 1555 praesenti
1766 1500 1871 1539 sa:-

271 1574 405 1630 culo
429 1577 674 1648 loquens,
704 1577 980 1647 Scriptura
1005 1580 1289 1651 signiﬁcat.
1327 1579 1403 1635 Μ.
1437 1580 1691 1647 Quaedam
1717 1579 1875 1648 quin-

274 1680 426 1736 que:
458 1678 549 1723 aut
585 1671 987 1737 generationem
1027 1672 1165 1741 ejus,
1195 1673 1246 1726 id
1290 1680 1373 1727 est
1408 1673 1756 1739 creationem,
1784 1680 1877 1726 aut

272 1757 753 1829 gubernationem,
786 1772 881 1817 aut
908 1763 1207 1818 accidentia
1240 1763 1468 1830 naturis,
1496 1772 1587 1818 aut
1614 1764 1875 1819 evenien-

272 1851 351 1910 tia
382 1856 771 1924 voluntatibus,
793 1865 887 1912 aut
913 1857 1295 1928 subsequentia
1320 1857 1606 1914 voluntatis
1627 1866 1871 1914 eventus.

913 1991 1138 2048 CAPUT
1175 1991 1239 2049 11.

273 2074 425 2144 Quot
456 2080 632 2135 modos
673 2087 720 2135 et
758 2080 1075 2147 di/ferentias
1104 2085 1154 2137 in
1197 2085 1489 2153 Operatione
1525 2091 1873 2139 creaturarum

810 2152 1081 2223 Scriptura
1107 2152 1353 2224 posuerit.

350 2261 420 2318 D.
450 2263 590 2331 Quot
617 2264 789 2321 modis
814 2268 1217 2337 generationem
1241 2265 1421 2324 saeculi
1446 2267 1689 2339 Sriptura
1710 2270 1874 2341 signi-

273 2352 490 2408 ﬁcavit?
521 2354 595 2411 Μ.
624 2355 838 2413 Tribus.
874 2366 979 2413 Aut
1014 2358 1154 2415 enim
1204 2359 1318 2413 sola
1364 2360 1455 2414 Dei
1492 2361 1764 2415 voluntate
1795 2361 1873 2415 ia-

276 2456 422 2531 ctum
454 2449 655 2519 aliquid
691 2451 965 2517 scribitur,
990 2461 1050 2506 ιιι
1075 2462 1158 2513 est
1186 2471 1198 2505 ε
1222 2451 1290 2506 In
1318 2453 1565 2524 principio
1591 2456 1707 2524 fecit
1731 2452 1870 2508 Deus
1908 2475 1952 2535 Β

276 2528 461 2595 emtum
490 2550 537 2595 et
570 2549 755 2597 terram
783 2542 936 2613 (Gen.
982 2560 1022 2611 ι,
1062 2545 1137 2614 l).
1177 2546 1287 2600 Aut
1328 2546 1601 2601 Voluntate
1629 2547 1787 2601 simul
1816 2555 1870 2602 et

276 2644 430 2700 voce,
456 2632 571 2688 sive
592 2635 934 2704 prmeeptiva,
966 2644 1024 2689 ut
1050 2646 1132 2691 est
1156 2653 1169 2689 :
1200 2635 1320 2691 Fiat
1343 2637 1433 2691 tua:
1454 2636 1502 2707 (1
1513 2637 1640 2702 bid.,
1667 2637 1745 2706 5),
1776 2646 1829 2692 et
1857 2655 1869 2691 :

276 2716 401 2777 Fiat
419 2724 801 2793 ﬁrmamentum
825 2727 1011 2799 (Ibid.,
1041 2727 1129 2797 6);
1154 2729 1268 2784 sive
1290 2729 1657 2794 deliberativa,
1679 2739 1735 2783 ut,
1760 2739 1869 2784 cst:

277 2813 562 2873 Faciamus
599 2818 851 2873 hominem
879 2821 947 2874 ad
977 2821 1256 2891 imaginem
1283 2830 1333 2876 et
1366 2821 1749 2875 similitudinem
1776 2837 1872 2875 no-

276 2918 436 2961 stram
467 2906 656 2978 (lbid.,
683 2909 795 2980 26).
826 2911 931 2966 Aut
956 2912 1249 2981 voluntate,
1280 2928 1411 2969 voce
1448 2927 1509 2968 ac
1537 2913 1871 2979 delinitione,

278 3008 331 3052 ut
358 3007 450 3054 est
482 3016 495 3053 :
527 2998 768 3069 Crescite,
812 3011 860 3057 et
906 3004 1340 3075 multiplicamini,
1382 3014 1431 3061 et
1460 3006 1646 3075 replete
1685 3016 1875 3061 terram

278 3089 470 3161 (lbid.,
500 3091 618 3162 28).
647 3092 714 3150 Ει
744 3096 937 3150 iterum
974 3114 986 3149 :
1016 3094 1275 3151 Germinet
1305 3106 1439 3151 terra
1467 3096 1674 3152 herbam
1703 3096 1875 3165 pabuli

280 3182 527 3252 ferentem
555 3199 725 3238 semen
754 3187 1035 3239 secundum
1064 3203 1224 3255 genus
1255 3202 1427 3253 suum,
1463 3196 1508 3240 et
1538 3188 1737 3257 lignum
1764 3188 1876 3257 fru-

276 3273 514 3342 ctiferum
553 3275 747 3343 faciens
790 3276 1036 3346 fructum,
1071 3278 1220 3346 cuius
1249 3292 1418 3331 semen
1446 3277 1509 3330 sit
1532 3277 1588 3329 in
1616 3292 1674 3331 co
1701 3278 1769 3329 ad
1798 3277 1874 3330 si-

278 3365 620 3420 militudinem
654 3369 766 3438 ejus
803 3367 857 3420 iu
890 3375 1025 3421 terra
1058 3365 1246 3439 (Ibid,
1283 3367 1396 3438 Η),
1451 3377 1505 3423 et
1533 3376 1728 3421 caetera
1755 3381 1874 3437 qua

278 3467 397 3528 post
425 3460 712 3529 septimum
748 3459 914 3525 diem,
946 3473 1116 3529 usque
1147 3459 1199 3514 in
1225 3458 1385 3515 ﬁnem
1418 3458 1601 3514 saeculi
1634 3472 1726 3526 per
1750 3473 1873 3529 par-

279 3557 356 3606 tes
400 3560 660 3620 operatur
692 3569 705 3606 :
734 3566 801 3606 ex
844 3551 935 3606 illa
981 3553 1124 3606 enim
1171 3550 1482 3606 delinitione
1532 3550 1870 3620 proveniunt.

279 3637 345 3695 D.
376 3643 479 3697 Est
508 3643 560 3697 in
592 3643 675 3698 his
704 3643 885 3717 tribus,
913 3642 1088 3714 aliqua
1117 3642 1453 3699 diﬁ'erentia‘l
1484 3640 1564 3697 Μ.
1601 3641 1716 3707 Est,
1744 3642 1872 3712 quia

280 3748 342 3789 ea
368 3750 496 3806 qua:
524 3734 635 3789 sola
661 3736 936 3792 voluntate
966 3736 1047 3791 vel
1072 3736 1233 3791 etiam
1264 3750 1394 3790 voce
1435 3744 1560 3790 sunt
1584 3734 1743 3800 facta,
1775 3748 1875 3788 no.

280 3824 418 3880 viter
465 3824 602 3881 facta
642 3836 805 3893 sunt;
854 3842 976 3897 quae
1018 3841 1149 3882 vero
1200 3825 1552 3891 deﬁnitione,
1614 3825 1720 3879 illis
1761 3825 1873 3895 jam

280 3916 478 3972 similia
525 3932 645 3999 quae
695 3916 830 3974 facta
885 3920 1095 3974 noviter
1141 3917 1393 3973 diximus.
1438 3917 1505 3972 Et
1540 3930 1727 3972 rursus
1783 3915 1872 3970 illa

282 4009 500 4077 quidem
529 4009 583 4064 in
610 4024 703 4064 sex
736 4009 922 4079 primis
949 4009 1158 4077 diebus,
1194 4009 1308 4065 haec
1337 4024 1467 4066 vero
1496 4008 1668 4064 donec
1706 4020 1877 4062 saecu-

281 4099 390 4156 lum
445 4101 627 4157 stabit.
674 4100 747 4155 D.
798 4101 871 4156 Da
914 4102 1154 4157 ordinem
1201 4118 1297 4172 per
1339 4117 1435 4157 sex
1471 4101 1586 4157 dies
1618 4100 1875 4156 factarum

283 4204 485 4246 rerum.
518 4191 594 4247 Μ.
628 4192 685 4247 In
718 4192 834 4262 ipso
862 4194 1072 4263 quidem
1103 4193 1365 4265 principio
1386 4193 1709 4249 conditionis
1738 4192 1876 4247 facta

283 4297 410 4339 sunt
430 4286 647 4351 coelum,
673 4294 837 4353 terra,
864 4286 1063 4355 angeli,
1087 4300 1178 4340 aer
1203 4296 1257 4341 et
1285 4300 1440 4355 aqua.
1474 4284 1541 4339 D.
1575 4284 1875 4354 Comproba

281 4376 524 4445 angelos,
557 4385 614 4431 et
651 4391 841 4445 aquas,
873 4388 929 4431 et
973 4392 1153 4431 acrem
1196 4378 1414 4431 factum.
1450 4376 1527 4430 Μ.
1574 4376 1733 4430 Facta
1761 4376 1879 4444 qui-

282 4467 408 4522 dem
450 4482 514 4520 ex
567 4466 651 4520 his
692 4467 988 4534 Scriptura:
1018 4469 1151 4522 locis
1180 4468 1501 4530 ostenditur,
1533 4480 1588 4522 ut
1620 4477 1703 4522 est
1734 4485 1747 4522 :
1778 4467 1879 4532 Qui

281 4560 409 4630 facit
439 4557 649 4627 angelos
673 4574 789 4612 suos
817 4558 1027 4629 spiritus
1052 4559 1221 4624 (Psal.
1254 4573 1368 4626 cm,
1392 4557 1471 4627 ι).
1502 4559 1569 4615 Ει
1602 4576 1613 4611 :
1644 4558 1880 4612 Laudate

284 4667 421 4715 eum,
466 4666 639 4705 omnes
668 4650 838 4719 angeli
865 4654 976 4723 ejus
1003 4650 1179 4720 (Psal.
1222 4653 1549 4723 cxunlﬁﬁ).
1586 4654 1649 4707 Et
1678 4668 1695 4708 :
1720 4654 1879 4721 Aquae

280 4759 395 4812 qua
421 4759 578 4812 super
598 4742 750 4798 celos
771 4753 891 4796 sunt
921 4743 1133 4798 laudent
1159 4760 1340 4798 nomen
1362 4744 1570 4799 Domini
1593 4762 1612 4802 :
1632 4746 1877 4816 quoniam

280 4835 389 4905 ipse
417 4836 568 4902 dixit,
595 4845 643 4890 et
689 4838 831 4908 facta
870 4847 985 4891 sunt
1019 4836 1205 4907 (Ibid.,
1237 4838 1293 4905 4,
1323 4838 1400 4910 5).
1436 4839 1501 4894 Et
1529 4854 1623 4894 aer
1651 4839 1706 4894 in
1733 4837 1878 4894 Scri-

281 4928 452 4995 pturis
478 4929 600 4984 caeli
632 4929 849 4984 nomine
887 4930 1210 4998 ostenditur,
1246 4939 1302 4986 ut
1327 4941 1409 4987 est
1439 4950 1451 4985 :
1489 4931 1734 4988 Volucres
1762 4933 1876 4986 caeli

281 5017 453 5087 (l’sal.
494 5036 591 5086 vn,
637 5020 722 5091 9),
760 5034 882 5075 cum
924 5030 1128 5076 certum
1170 5022 1241 5076 sit
1278 5038 1404 5079 aves
1436 5025 1488 5077 in
1519 5037 1644 5079 aere
1669 5023 1869 5079 volare.

280 5108 485 5168 Caelum
517 5124 694 5171 autem
728 5115 1065 5170 ostendimus
1103 5115 1325 5171 factum.
1371 5116 1525 5184 Quod
1565 5132 1696 5173 vero
1742 5131 1879 5187 prae-

283 5210 537 5265 cesserint
564 5210 663 5266 ista
690 5221 919 5266 caeteras
947 5219 1247 5275 creaturas,
1272 5211 1324 5265 in
1348 5213 1573 5281 angelis,
1598 5212 1871 5281 Scriptura
1904 5250 1953 5311 υ

284 5299 635 5371 demonstrat,
662 5302 787 5358 dum
813 5304 864 5357 in
888 5302 1132 5358 laudibus
1154 5311 1208 5357 et
1237 5302 1698 5359 benedictionibus
1724 5317 1874 5359 crea-

287 5398 413 5452 turis
434 5398 643 5453 caeteris
671 5404 1057 5467 prmponuntur
1080 5414 1092 5450 :
1113 5407 1166 5452 et
1188 5396 1325 5451 ratio
1353 5396 1405 5451 id
1432 5395 1681 5464 postulat;
1711 5410 1873 5466 opor-

286 5492 383 5546 tuit
415 5490 556 5548 enim
600 5500 655 5546 ut
695 5498 937 5547 terrenas
974 5489 1212 5547 ccelestis
1240 5499 1487 5545 creatura
1521 5488 1867 5565 praecederet.

288 5579 361 5641 De
387 5588 539 5658 aquis
567 5601 694 5643 vero
724 5587 837 5657 ipsa
868 5586 1145 5657 Scriptura
1183 5585 1318 5642 dicit
1346 5584 1486 5656 quod
1518 5584 1744 5655 Spiritus
1772 5582 1871 5640 Dei

353 5734 378 5764 ι
419 5723 474 5780 Id
520 5731 622 5789 est,
666 5738 772 5777 non
821 5731 1037 5792 propter
1083 5723 1216 5777 alias
1258 5730 1532 5777 creaturas
1573 5736 1588 5775 :
1628 5719 1867 5789 alioquin

287 5796 423 5857 enim
467 5810 575 5856 non
604 5804 820 5868 prepter
842 5809 927 5865 se,
951 5794 1047 5853 sed
1071 5806 1291 5866 propter
1314 5795 1482 5854 Deum
1510 5804 1724 5852 creatos
1752 5807 1873 5852 esse

1975 1161 2237 1234 ferebatur
2259 1174 2413 1231 super
2430 1174 2588 1227 aquas
2610 1156 2765 1229 (Gen.
2792 1171 2831 1221 ι,
2854 1151 2933 1224 2).
2958 1155 3029 1213 D.
3058 1158 3295 1226 Sequere
3318 1157 3560 1213 ordinem

1974 1253 2362 1327 generationis.
2397 1251 2475 1306 Μ.
2519 1252 2577 1306 ιιι
2608 1249 2894 1321 principio,
2925 1249 3013 1304 die
3058 1250 3252 1319 prima,
3297 1252 3385 1305 lux
3424 1250 3559 1305 facta

1979 1354 2099 1401 est:
2132 1343 2367 1400 secunda
2398 1356 2525 1397 vero
2574 1342 2682 1407 die,
2727 1340 3122 1396 ﬁrmamentum
3156 1359 3169 1393 :
3203 1342 3381 1408 tertia,
3416 1356 3564 1398 mare

1976 1449 2031 1496 et
2061 1449 2218 1495 terra?
2247 1438 2521 1494 nascentia
2553 1454 2566 1491 :
2599 1445 2808 1507 quarta,
2842 1435 3125 1489 luminaria
3165 1436 3284 1490 coeli
3317 1454 3329 1488 :
3356 1438 3559 1506 quinta,

1976 1532 2212 1588 natantia
2245 1540 2297 1586 et
2326 1529 2566 1585 volatilia
2594 1546 2606 1582 :
2638 1536 2809 1595 sexta,
2840 1527 3045 1596 reliqua
3084 1525 3334 1580 animalia
3369 1535 3424 1581 et
3463 1526 3562 1582 ho-

1976 1638 2087 1678 mo.
2122 1622 2185 1676 ο.
2218 1623 2347 1690 Quae
2378 1630 2461 1677 est
2490 1621 2542 1675 in
2572 1620 2807 1689 ipsarum
2846 1626 3213 1674 creaturarum
3255 1618 3565 1687 operatione

1978 1712 2288 1767 distinctio?
2322 1712 2399 1766 Μ.
2430 1711 2581 1779 Quod
2612 1709 2858 1780 quaedam
2880 1724 2944 1765 ex
2973 1709 3142 1764 nihilo
3172 1708 3309 1763 facta
3338 1717 3482 1775 sunt,
3510 1718 3565 1765 ut

1978 1805 2194 1869 coelum,
2244 1813 2407 1871 terra,
2443 1812 2497 1859 ct
2536 1811 2725 1859 caetera
2767 1817 2885 1872 quas
2921 1816 3090 1871 usque
3134 1802 3199 1855 ad
3240 1808 3564 1870 completum

1977 1896 2121 1952 diem
2163 1896 2390 1967 primum
2434 1895 2666 1950 diximus
2711 1895 2850 1951 facta
2879 1913 2893 1961 ;
2928 1894 3173 1966 quaedam
3202 1911 3332 1952 vero
3359 1910 3425 1951 ex
3455 1895 3563 1963 iam

1978 1987 2133 2043 iactis
2165 1987 2343 2058 primo
2364 1986 2469 2041 die.
2502 1987 2571 2040 D.
2605 1987 2679 2041 Da
2712 1987 2902 2042 horum
2937 1988 3293 2056 probationes.
3322 1987 3400 2044 Μ.
3430 1988 3563 2055 Quia

1975 2078 2187 2148 quoﬁes
2232 2078 2507 2146 Scriptura
2554 2093 2617 2131 ex
2662 2076 2841 2146 aliquo
2882 2076 3050 2133 factas
3078 2095 3165 2135 res
3205 2079 3352 2147 cupit
3380 2088 3564 2135 osten-

1974 2170 2124 2235 dere,
2157 2178 2248 2224 aut
2293 2169 2468 2239 palam
2515 2168 2802 2237 signiﬁcat,
2850 2177 2905 2222 ut
2950 2177 3034 2225 est
3073 2188 3088 2225 :
3132 2168 3395 2224 Producat
3432 2182 3567 2224 terra

1975 2260 2167 2333 (Ibid.,
2200 2261 2315 2331 Η),
2342 2270 2397 2317 et
2429 2278 2443 2315 :
2473 2259 2775 2315 Producant
2799 2276 2943 2329 aqua?
2975 2258 3162 2330 (Ibid.,
3192 2261 3306 2328 20),
3336 2271 3388 2316 et
3419 2261 3568 2317 simi-

1977 2356 2068 2411 lia.
2111 2357 2217 2412 Λιιι
2254 2365 2402 2413 certe
2440 2371 2511 2410 ex
2550 2354 2733 2411 subtili
2764 2353 3151 2425 signiﬁcatione
3174 2355 3481 2420 verborum,
3511 2364 3568 2411 ut

1976 2463 2097 2503 cum
2129 2449 2257 2504 dicit
2289 2464 2305 2502 :
2338 2446 2457 2502 Fiat
2483 2447 2861 2517 ﬁrmamentum
2888 2445 3074 2514 (lbid.,
3097 2447 3175 2516 ϐ),
3205 2442 3386 2517 utique
3405 2447 3567 2516 signi-

1980 2542 2103 2596 ﬁcat
2129 2542 2290 2596 fuisse
2312 2540 2514 2611 aliquid
2536 2539 2758 2594 ﬂuidum
2782 2553 2846 2593 ac
2872 2538 3154 2608 liquidum,
3184 2538 3236 2593 id
3259 2548 3342 2593 est
3360 2554 3524 2609 aquas
3549 2557 3563 2593 :

1977 2650 2097 2707 qua:
2136 2643 2194 2688 ut
2237 2634 2481 2689 solidata:
2521 2631 2957 2697 ostenderentur,
2988 2630 3383 2686 ﬁrmamentum
3412 2645 3569 2685 voca-

1980 2736 2091 2782 tum
2121 2739 2224 2792 est,
2256 2725 2395 2797 quod
2428 2724 2606 2780 liebat.
2641 2725 2707 2779 Et
2734 2738 2924 2778 rursus
2964 2723 3247 2778 luminaria
3277 2723 3565 2778 derivativa

1979 2820 2290 2889 appellavit,
2323 2834 2444 2888 quae
2471 2830 2664 2889 quarto
2692 2817 2781 2873 die
2812 2817 2946 2873 facta
2979 2828 3143 2872 sunt:
3176 2826 3316 2873 utex
3341 2816 3566 2881 lumine,

1978 2913 2153 2983 primo
2181 2912 2268 2967 die
2299 2920 2544 2983 operato,
2599 2910 2733 2965 facta
2783 2919 3132 2965 monstraret.
3169 2910 3226 2965 in
3268 2910 3350 2965 his
3387 2919 3567 2965 autent

1979 3020 2097 3076 qum
2126 3006 2302 3075 primo
2332 3005 2418 3059 die
2447 3004 2583 3059 facta
2621 3012 2767 3069 sunt,
2801 3017 2973 3072 neque
3002 3010 3208 3071 aperte,
3241 3016 3414 3071 neque
3442 3002 3570 3056 sub-

1982 3097 2059 3151 tili
2088 3097 2255 3153 verbo
2285 3095 2481 3152 factum
2512 3094 2711 3166 aliquid
2738 3094 3040 3150 declaratur
3067 3109 3133 3148 ex
3163 3094 3353 3149 altero.
3386 3091 3456 3147 D.
3482 3093 3569 3149 Ni-

1982 3186 2058 3243 hil
2102 3202 2232 3257 ergo
2272 3194 2393 3257 post
2435 3186 2668 3257 primum
2698 3186 2843 3241 diem
2874 3185 3192 3250 ostenditur,
3222 3198 3292 3239 ex
3321 3200 3426 3238 non
3458 3185 3562 3239 exi-

1979 3279 2250 3336 stentibus
2275 3279 2506 3333 factum?
2537 3278 2614 3330 M.
2642 3278 2766 3334 Sola
2798 3277 3034 3333 hominis
3060 3278 3275 3331 anima:
3306 3278 3489 3346 inquo
3518 3286 3572 3333 et

1981 3370 2085 3426 hoc
2110 3370 2176 3426 ad
2203 3368 2596 3426 ostendendum
2619 3369 2744 3438 quia
2767 3383 2888 3423 cum
2915 3368 3022 3422 alia
3052 3377 3144 3423 aut
3170 3384 3235 3423 ex
3262 3367 3452 3433 nihilo,
3479 3376 3572 3424 aut

1978 3478 2044 3520 ex
2071 3462 2181 3534 jam
2208 3461 2362 3517 iactis
2392 3462 2524 3517 facta
2555 3463 2679 3527 sint,
2712 3460 2857 3515 solus
2883 3460 3042 3515 homo
3071 3475 3141 3516 ex
3171 3469 3401 3530 utroque
3422 3476 3571 3516 com-

1980 3555 2216 3625 ponitur.
2262 3552 2332 3606 ο.
2373 3551 2518 3620 Quas
2545 3551 2678 3607 alias
2705 3549 3035 3608 dilierentias
3062 3551 3324 3605 creaturis
3350 3550 3572 3605 ascribi-

1979 3644 2136 3700 mus?
2166 3642 2245 3698 Μ.
2278 3642 2431 3710 Quod
2460 3656 2522 3696 ca
2549 3657 2671 3713 quae
2705 3640 2889 3711 primis
2914 3655 3006 3697 sex
3037 3640 3227 3696 diebus
3254 3640 3393 3697 facta
3422 3650 3568 3708 sunt,

1980 3753 2087 3793 non
2121 3736 2457 3802 naturaliter,
2489 3749 2665 3805 neque
2692 3749 2757 3789 ex
2790 3732 3138 3789 similitudine
3167 3743 3571 3803 provenerunt;

1980 3828 2186 3898 reliqua
2221 3841 2348 3882 vero
2375 3840 2494 3896 quae
2527 3824 2659 3879 ﬁunt
2687 3824 3025 3889 naturaliter,
3057 3839 3121 3880 ex
3163 3824 3349 3879 divina
3376 3824 3571 3879 deﬁni-

1984 3924 2129 3979 tione
2166 3929 2484 3987 nascuntur,
2525 3918 2767 3989 exceptis
2806 3918 3014 3973 scilicet
3060 3916 3350 3973 miraculis.
3391 3913 3463 3970 Β.
3497 3917 3571 3973 Da

1982 4016 2196 4072 tertiam
2241 4012 2619 4069 diﬂ'erentiam.
2663 4010 2742 4066 Μ.
2774 4009 2929 4078 Quod
2960 4019 3325 4067 creaturarum
3355 4006 3573 4080 aliquae,

1980 4107 2033 4165 id
2080 4117 2162 4165 est
2203 4106 2517 4173 rationales,
2555 4114 2583 4142 ι
2620 4113 2837 4173 pr0pter
2874 4118 2935 4159 se
2975 4103 3117 4173 ipsas
3155 4102 3310 4159 factm
3342 4110 3489 4172 sunt,
3517 4110 3574 4159 ut

1979 4200 2153 4269 angeli
2177 4210 2228 4254 et
2251 4198 2519 4253 homines.
2553 4195 2791 4266 Reliquae
2813 4209 2945 4251 vero
2970 4210 3076 4248 non
3108 4203 3330 4264 propter
3361 4208 3443 4261 se,
3476 4194 3572 4250 sed

1982 4300 2202 4359 propter
2229 4289 2512 4358 praedictos
2538 4287 2757 4355 angelos
2784 4295 2876 4339 aut
2898 4285 3143 4338 homines
3167 4284 3321 4339 facta
3343 4298 3574 4338 noscun-

1982 4388 2086 4434 tur.
2116 4379 2286 4433 Homo
2303 4392 2430 4431 vero
2448 4377 2835 4446 principaliter,
2863 4374 3155 4429 secundum
3173 4374 3430 4439 animam,
3452 4388 3574 4443 pro-

1984 4481 2104 4541 pter
2140 4486 2201 4526 se
2242 4469 2268 4508 δ
2309 4467 2688 4536 intelligendus
2730 4476 2813 4523 est
2853 4465 3044 4521 factus.
3096 4465 3229 4522 Nam
3279 4468 3574 4523 secundum

1982 4577 2177 4635 corpus
2207 4568 2629 4631 consequenter.
2666 4558 2736 4614 Β.
2768 4558 2907 4626 Quid
2938 4559 3155 4615 autem?
3182 4568 3375 4630 praeter
3404 4558 3574 4615 homi-

1981 4672 2078 4712 nes
2107 4664 2160 4712 et
2188 4654 2428 4725 angelos,
2457 4652 2576 4706 alia:
2612 4660 2875 4707 creatura:
2910 4665 2971 4706 se
3016 4651 3145 4721 ipsis
3186 4651 3416 4708 invicem
3467 4666 3573 4708 non

1979 4747 2241 4819 egebant?
2269 4745 2348 4801 Μ.
2381 4744 2622 4816 ﬁgebant
2660 4744 2898 4815 quidem,
2928 4757 3035 4798 non
3071 4743 3138 4798 ad
3168 4744 3452 4800 utilitatem
3488 4756 3570 4798 ta-

1979 4856 2128 4907 men,
2169 4839 2264 4895 sed
2295 4837 2361 4892 ad
2393 4846 2639 4892 ornatum
2675 4853 2688 4891 :
2723 4835 2891 4891 utiles
2931 4836 3072 4890 enim
3110 4844 3258 4903 sunt,
3298 4851 3404 4892 non
3446 4835 3571 4900 sibi,

1978 4931 2075 4989 sed
2121 4929 2326 5001 angelis
2370 4927 2456 4985 vel
2500 4927 2805 4983 hominibus
2852 4942 2953 4997 pro
2989 4927 3183 4998 quibus
3218 4927 3380 4984 etiam
3422 4928 3573 4981 lacus

1978 5032 2299 5081 noscuntur.
2339 5021 2597 5079 Ornatum
2645 5036 2776 5077 vero
2812 5021 2974 5077 etiam
3016 5021 3244 5078 invicem
3280 5025 3571 5093 praestant:

1978 5120 2179 5190 quippe
2206 5126 2262 5174 et
2290 5116 2485 5173 caelum
2516 5116 2820 5170 inornatum
2851 5115 2971 5170 sine
2998 5115 3308 5172 caelestibus
3342 5112 3568 5169 lumina-

1978 5209 2129 5266 rihus
2170 5208 2302 5274 l'uit,
2346 5216 2401 5263 et
2445 5207 2730 5263 luminaria
2760 5207 2899 5277 ipsa,
2934 5222 3000 5263 ne
3026 5206 3291 5278 superﬂua
3323 5204 3458 5261 iacta
3488 5219 3573 5261 es-

1980 5310 2121 5371 sent,
2169 5301 2465 5358 videntium
2493 5299 2664 5356 oculis
2710 5300 3047 5370 indigebant;
3099 5308 3150 5355 et
3178 5313 3328 5355 mare
3353 5300 3573 5355 inorna-

1981 5405 2118 5462 tum,
2144 5394 2317 5450 d0nec
2337 5403 2431 5449 aut
2451 5393 2627 5450 locum
2655 5407 2811 5448 suum
2834 5394 3118 5462 reciperet,
3140 5399 3232 5446 aut
3252 5392 3572 5451 animalibus

1980 5489 2330 5559 impleretur;
2354 5494 2410 5542 et
2435 5494 2578 5542 terra
2602 5483 2974 5554 incomposita,
3002 5493 3196 5553 praeter
3219 5482 3570 5541 habitantium

1978 5585 2064 5641 vel
2095 5584 2429 5641 nascentium
2459 5596 2641 5647 usum;
2670 5589 2726 5635 et
2752 5577 3131 5635 irrationabilia
3154 5580 3429 5649 animalia,
3454 5580 3570 5636 sine

1978 5729 2188 5778 constat
2214 5718 2455 5775 homines
2481 5724 2533 5771 et
2561 5712 2801 5781 angelos.

2054 5791 2081 5831 ι
2125 5792 2302 5847 Malim
2331 5784 2688 5857 iutclligibilis.
