4038 6350
463 241 529 302 21
1974 230 2214 291 JUNlLll
3664 243 3737 299 ω

467 336 698 417 hominis
725 362 983 433 regimine
1019 361 1195 431 inepta
1224 378 1237 428 ;
1274 366 1329 417 et
1355 356 1562 425 herbae,
1596 356 1817 412 absente
1844 352 2047 407 anima-
2072 348 2122 408 Δ
2154 348 2330 419 aliqua
2364 348 2497 406 facta
2540 360 2684 419 sunt,
2714 367 2970 425 corporea
3011 364 3135 413 sunt
3164 375 3176 413 :
3209 356 3521 430 incorporea
3551 368 3731 416 autem

465 455 591 509 lium
625 471 745 519 usu,
779 455 1081 525 superﬂuae.
1115 454 1187 508 Ita
1215 452 1390 506 omnia
1414 461 1573 519 egent
1604 447 1829 503 invicem
1851 445 1934 501 vel
1959 444 2042 498 his

464 564 579 617 qua:
615 564 707 615 per
744 547 858 603 dies
894 563 989 601 sex
1033 547 1165 601 facta
1214 552 1359 608 sunt,
1393 542 1477 598 vel
1518 541 1602 596 his
1646 554 1765 611 qua:
1806 535 2043 608 quotidie

463 641 616 697 ﬁunt.
647 640 774 706 Sed,
804 650 862 695 ut
886 639 996 710 jam
1020 638 1273 705 diximus,
1298 635 1440 689 aliud
1464 649 1583 690 esse
1608 631 2039 700 incompositum,

466 735 607 789 aliud
642 735 769 789 utile
801 734 1229 801 incompositum,
1262 730 1461 801 aliquid
1503 744 1598 799 per
1638 743 1696 783 se
1729 728 1860 782 utile
1890 725 2041 779 alteri

463 824 788 879 declaratur.
820 823 886 877 D.
922 823 977 876 ln
1007 830 1319 876 ornamento
1346 823 1463 890 ipso
1488 819 1661 894 aliqua
1687 826 1769 874 est
1793 815 2045 871 differen-

465 916 566 970 tia?
597 915 675 969 Μ.
708 917 819 969 Est.
867 915 995 969 Nam
1026 914 1199 982 aliqua
1232 916 1282 967 in
1316 928 1409 967 sex
1441 912 1628 967 diebus
1654 919 1839 966 ornata
1872 917 1997 963 sunt
2025 922 2040 960 :

464 1021 519 1061 ut
562 1010 754 1063 cmlum
799 1006 1173 1072 luminaribus,
1206 1015 1258 1060 et
1298 1014 1436 1060 terra
1480 1004 1682 1071 herbis,
1714 1011 1769 1059 et
1808 1002 2043 1071 piscibus

463 1114 630 1154 mare.
677 1100 929 1165 Quaedam
984 1099 1155 1154 donec
1200 1097 1431 1153 mundus
1476 1098 1607 1151 vivit
1657 1104 1937 1162 ornantur,
1985 1099 2046 1148 ut

462 1207 608 1247 mare
640 1190 883 1260 navigiis,
918 1200 972 1244 et
1009 1200 1150 1245 terra
1182 1189 1422 1244 mditiciis
1448 1197 1500 1243 et
1538 1187 1750 1250 cmtsris
1788 1202 1907 1258 qua:
1947 1185 2044 1241 hu-

462 1300 621 1339 mano
648 1292 1034 1339 construuntur
1074 1284 1306 1353 ingenio,
1345 1294 1397 1337 et
1436 1282 1599 1336 homo
1640 1281 1755 1350 ipse
1797 1280 2041 1336 scientia.

461 1376 714 1443 Quaedam
760 1392 888 1431 vero
921 1376 1171 1431 decorem
1202 1391 1355 1431 suum
1386 1377 1438 1431 in
1469 1375 1649 1431 futuro
1678 1374 1955 1443 recipient,
1988 1382 2046 1428 ut

459 1483 655 1537 corpus
687 1470 1162 1539 incorruptionem,
1196 1477 1248 1523 et
1288 1468 1533 1524 mortalia
1563 1468 2041 1534 immortalitatem,

462 1568 516 1616 et
544 1562 760 1616 cmleste
787 1575 1005 1631 regnum
1040 1559 1425 1615 habitationem
1455 1568 1785 1615 sanctorum.

530 1655 830 1710 Notandum
862 1666 1037 1711 autem
1072 1656 1123 1709 in
1154 1656 1508 1719 ornamentis,
1535 1654 1676 1725 quod
1705 1668 1892 1710 eorum
1925 1668 2044 1725 quae

2145 458 2318 513 neque
2348 445 2461 515 ipsa
2489 462 2554 502 ex
2586 448 2785 518 aliquo,
2820 465 2994 518 neque
3020 468 3084 507 ex
3127 453 3257 523 ipsis
3297 454 3432 509 facta
3475 464 3599 511 sunt
3631 456 3730 510 ali-

2144 553 2269 607 qua.
2298 539 2424 595 Haec
2455 555 2585 595 vero
2610 543 2925 614 incorporea
2953 546 3262 616 accipienda
3290 558 3433 615 sunt,
3462 564 3567 604 non
3595 550 3734 606 sicut

2147 633 2287 689 Deus
2316 633 2667 705 incorporeus
2705 636 2940 703 dicitur;
2988 638 3105 709 ejus
3144 640 3287 695 enim
3334 642 3733 710 comparatione

2144 726 2275 781 nihil
2319 727 2692 798 incorporeum
2722 740 2825 797 est,
2855 732 2993 787 sicut
3024 747 3124 788 nec
3162 732 3486 799 immortale,
3519 749 3617 789 nec
3648 735 3731 788 in-

2143 819 2373 875 visibile.
2404 820 2556 876 Alius
2597 822 2739 877 enim
2786 823 2977 878 modus
3020 833 3104 879 est
3142 840 3250 894 quo
3287 825 3405 882 hmc
3434 826 3592 882 verba
3630 826 3731 882 soli

2145 913 2404 969 divinitati
2433 914 2779 983 conveniunt,
2807 914 2943 970 alius
2968 932 3074 985 quo
3100 916 3167 971 de
3194 918 3454 972 creaturis
3476 918 3728 986 loquitur,

2146 1006 2285 1061 sicut
2310 1007 2590 1063 animabus
2619 1010 2699 1063 vel
2731 1010 2953 1081 angelis.
2988 1009 3057 1065 D.
3091 1010 3373 1077 Quomodo
3413 1027 3507 1067 sex
3541 1011 3733 1067 diebus

2148 1098 2289 1153 Deus
2336 1099 2530 1154 dicitur
2574 1111 2828 1169 operatus
2870 1116 3010 1168 esse,
3044 1110 3098 1157 et
3141 1102 3371 1173 septimo
3400 1104 3486 1157 die
3516 1103 3731 1171 requie-

2146 1189 2306 1256 visse,
2336 1191 2381 1245 si
2408 1206 2508 1247 nec
2540 1191 2740 1247 faciens
2766 1192 2966 1262 aliquid
3002 1193 3230 1260 laborat,
3262 1205 3321 1248 ut
3353 1196 3653 1249 necessaria
3683 1194 3733 1249 ei

2146 1282 2359 1351 requies
2401 1281 2674 1352 credatur,
2722 1299 2821 1338 nec
2864 1284 3150 1354 aliquando
3180 1293 3376 1357 cessat,
3408 1284 3633 1339 Domino
3680 1284 3731 1339 in

2146 1372 2433 1445 Evangelio
2467 1374 2675 1430 dicente
2705 1392 2718 1429 ε
2752 1374 2909 1432 Pater
2932 1394 3072 1432 meus
3101 1394 3258 1448 usque
3292 1378 3442 1432 modo
3468 1386 3731 1447 operatur,

2146 1474 2194 1522 et
2223 1484 2312 1536 ego
2340 1484 2523 1538 operor
2547 1468 2725 1539 (Joan.
2765 1485 2819 1535 v,
2850 1468 2977 1540 l7)?
3008 1472 3085 1525 Μ.
3126 1471 3366 1540 Septimo
3393 1470 3479 1525 die
3516 1469 3733 1538 requie-

2146 1557 2288 1615 visse
2316 1559 2511 1616 dicitur
2544 1561 2705 1627 Deus,
2733 1576 2838 1616 non
2868 1576 2897 1615 a
2926 1561 3182 1629 creando,
3227 1563 3423 1631 quippe
3450 1575 3571 1616 cum
3598 1574 3732 1627 quo-

2150 1649 2277 1707 tidie
2320 1666 2383 1706 ex
2432 1651 2550 1722 ejus
2602 1652 3003 1722 dispensatione
3057 1668 3120 1708 ac
3174 1653 3507 1723 providentia
3557 1655 3734 1706 omnis

463 1748 546 1803 vel
579 1748 794 1817 ingenio
819 1750 901 1803 vel
923 1749 1124 1803 artibus
1148 1750 1301 1811 ﬁunt,
1335 1749 1386 1802 in
1418 1747 1724 1803 hominibus
1746 1762 1905 1801 causa
1929 1756 2039 1811 est;
2074 1731 2125 1794 Β
2149 1753 2389 1799 creatura
2437 1754 2723 1800 renovetur
2762 1753 2816 1800 et
2843 1752 3082 1810 constet;
3122 1744 3215 1800 sed
3246 1745 3347 1799 hoc
3373 1742 3733 1812 signiﬁcatum

463 1839 785 1910 reliquorum
814 1856 940 1895 vero
966 1842 1021 1895 in
1047 1842 1174 1895 Deo.
1203 1841 1268 1894 ο.
1296 1841 1368 1894 Da
1395 1848 1637 1911 quartam
1662 1840 2041 1895 differentiam.

464 1930 543 1985 Μ.
574 1933 726 1999 Quod
757 1932 999 2001 quaedam
1029 1933 1185 1987 simul
1215 1942 1269 1986 ct
1295 1932 1440 1986 velut
1468 1931 1643 1986 subito
1674 1940 1851 1987 creata
1878 1946 2045 1987 emer-

464 2032 669 2091 serunt,
728 2031 873 2078 utea
908 2038 1025 2093 qua:
1068 2024 1254 2092 primis
1298 2023 1484 2078 diebus
1524 2024 1757 2079 diximus
1799 2025 1955 2090 facta,
1992 2023 2044 2078 id

464 2125 546 2172 est
586 2118 800 2183 herbas,
842 2117 1146 2183 luminaria,
1194 2117 1427 2171 natantia
1454 2127 1508 2172 et
1535 2118 1794 2184 volatilia,
1838 2132 2041 2174 necnon

465 2216 677 2265 terrena
706 2208 954 2264 animalia
980 2217 1034 2263 et
1062 2208 1447 2278 quadrupedia.
1478 2208 1729 2276 Quaedam
1772 2224 1899 2265 vero
1937 2222 2043 2264 non

464 2300 644 2367 simul,
670 2301 763 2355 sed
796 2301 941 2355 velut
964 2314 1083 2355 cum
1116 2299 1345 2369 quadam
1378 2316 1552 2368 mora,
1582 2310 1642 2357 ut
1677 2316 1849 2368 mare,
1879 2311 2041 2368 terra,

467 2390 631 2446 homo
662 2408 678 2448 :
704 2402 760 2447 et
789 2392 899 2461 ipse
930 2392 1070 2447 enim
1105 2392 1355 2460 paulatim
1396 2392 1566 2448 factus
1604 2392 1877 2459 scribitur,
1910 2394 2046 2449 sicut

465 2492 517 2536 et
544 2492 757 2540 cratera.
792 2483 860 2537 D.
891 2483 964 2538 Da
992 2484 1229 2553 quintam
1271 2492 1635 2540 creaturarum
1663 2485 2042 2541 differentiam.

466 2570 543 2626 Μ.
573 2573 723 2640 Quod
752 2574 993 2644 qumdam
1023 2590 1206 2629 earum
1231 2576 1439 2631 ratione
1466 2577 1671 2632 caeteris
1701 2587 1959 2648 praesunt,
1990 2585 2046 2633 ut

464 2666 739 2720 rationalia
768 2682 782 2731 ;
814 2666 1057 2736 quaedam
1090 2681 1217 2721 vero
1244 2668 1361 2722 usui
1392 2666 1675 2736 habentur,
1710 2677 1768 2724 ut
1805 2668 2045 2724 ccelestia

466 2758 744 2814 luminaria
772 2776 785 2825 ;
818 2758 1060 2829 quaedam
1086 2768 1288 2814 natnrze
1317 2760 1633 2815 necessitate
1656 2760 2043 2830 obsequuntur,

466 2856 526 2905 ut
562 2864 690 2904 aves
729 2857 783 2904 et
830 2848 1227 2918 quadrupedes,
1262 2857 1316 2902 et
1355 2850 1567 2903 similia.
1618 2848 1687 2903 υ.
1729 2850 1803 2904 Da
1840 2860 2042 2905 sextam

464 2943 840 2998 diderentiam.
867 2942 944 2996 Μ.
970 2942 1120 3010 Quod
1149 2956 1209 2997 ea
1232 2956 1349 3009 qua:
1370 2943 1581 2995 caeteris
1609 2951 1864 3011 praesunt,
1890 2944 1941 2997 id
1966 2950 2049 2999 est

465 3035 769 3099 rationalia,
796 3035 1072 3090 voluntate
1099 3048 1162 3087 ac
1195 3032 1402 3086 ratione
1427 3041 1746 3099 moventur;
1770 3049 1888 3102 qua:
1918 3049 2045 3089 vero

2148 1844 2249 1902 est,
2279 1837 2417 1906 quod
2450 1846 2571 1906 post
2600 1837 2720 1893 illos
2751 1852 2845 1893 sex
2874 1837 2990 1893 dies
3020 1836 3217 1892 nullam
3259 1836 3460 1891 mundo
3490 1834 3733 1902 incogni-

2150 1938 2255 1983 tam
2279 1922 2681 1985 substantialem
2704 1932 2961 1999 speciem,
2990 1939 3081 1985 aut
3102 1937 3343 1983 naturam
3366 1942 3560 1981 novam
3584 1928 3735 1980 inex-

2148 2030 2461 2093 pertamque
2486 2024 2707 2080 creavit.
2742 2023 2807 2078 D.
2833 2022 3110 2092 Quomodo
3142 2024 3279 2077 Deus
3304 2020 3559 2076 mundum
3593 2018 3737 2075 recc-

2149 2114 2239 2177 rit,
2294 2128 2574 2183 possumus
2620 2115 2895 2183 quaereret
2945 2113 3024 2169 Μ.
3073 2113 3186 2169 Hoc
3235 2111 3516 2167 temerarie
3564 2111 3738 2177 magis

2149 2222 2307 2278 quam
2334 2214 2489 2263 caute
2518 2207 2828 2276 requiritur.
2861 2207 3063 2262 Nullius
3092 2207 3233 2262 enim
3258 2206 3449 2261 divina:
3471 2212 3735 2259 creaturm

2149 2302 2366 2358 modum
2417 2301 2620 2356 homini
2668 2302 2792 2357 licet
2833 2315 3126 2373 agnoscere
3153 2317 3168 2356 :
3198 2314 3319 2354 nam
3350 2298 3394 2353 si
3424 2299 3587 2353 sciret
3614 2299 3737 2367 quis

2148 2397 2415 2468 quomodo
2443 2413 2509 2453 ex
2547 2398 2713 2453 nihilo
2740 2398 2915 2468 aliqua
2947 2397 3081 2453 facta
3109 2403 3256 2465 sunt,
3286 2393 3526 2452 Creatori
3551 2392 3737 2463 utique

2146 2490 2371 2547 scicntia
2394 2505 2459 2547 ac
2484 2492 2721 2563 potentia
2754 2506 2848 2561 par
2877 2498 3041 2547 esset.

2760 2626 2988 2684 CAPUT
3026 2626 3111 2682 lli.

2254 2720 2333 2776 De
2357 2720 2436 2775 his
2463 2736 2576 2792 quae
2603 2721 2672 2774 ad
2700 2720 3115 2791 gubernationem
3145 2716 3327 2771 mundi
3355 2714 3621 2787 pertinent.

2218 2831 2289 2888 D.
2337 2834 2597 2900 Quoniam
2646 2835 2711 2889 de
2760 2834 3030 2889 creatione
3084 2830 3266 2885 mundi
3316 2836 3600 2883 tractatum
3654 2833 3738 2881 est

2146 2934 2533 2995 competenter,
2582 2934 2746 2980 restat
2786 2932 2841 2978 ut
2886 2936 3208 2992 quaeramus,
3257 2918 3573 2990 gubernatio
3617 2917 3737 2986 ejus

2148 3025 2274 3086 quot
2305 3017 2479 3072 modis
2504 3014 2873 3088 signiﬁcatur?
2902 3012 2977 3067 M.
3010 3012 3226 3066 Duobus
3251 3026 3264 3067 :
3288 3019 3376 3063 aut
3399 3008 3541 3065 enim
3569 3022 3738 3078 gene-

464 3145 563 3185 usu
611 3144 673 3184 ac
721 3128 1041 3184 necessitate
1083 3126 1468 3193 obsequuntur,
1515 3134 1700 3180 natura
1740 3136 2039 3183 moventur.
2073 3108 2119 3172 (ἶ
2151 3106 2274 3161 "ius
2303 3116 2405 3173 05‘»
2434 3114 2525 3161 al"
2546 3105 2814 3175 sl‘eCia‘is-
2845 3102 2912 3156 θ·
2936 3101 3063 3168 Qu“3
3090 3110 3171 3193 ξεί
3195 3098 3500 3193 ἔθηθῗθηδῗ
3524 3096 3738 3193 Μ’,Ρθτ

464 3221 534 3277 D.
568 3222 646 3276 Ea
673 3235 788 3289 qua:
817 3234 884 3273 ex
932 3217 1107 3286 aliquo
1153 3216 1287 3270 facta
1326 3223 1468 3281 sunt,
1502 3224 1627 3285 quot
1663 3217 1910 3273 materias
1948 3218 2045 3274 ha-

463 3311 731 3367 buerunt?
761 3309 837 3364 Μ.
872 3308 977 3363 Sex
1008 3325 1018 3360 :
1044 3315 1259 3372 terram,
1290 3320 1476 3376 aquas,
1507 3322 1710 3377 aerem,
1738 3309 1934 3379 ignem,
1966 3311 2047 3367 lu-

461 3418 608 3470 men,
639 3412 863 3459 costam.
893 3400 961 3454 D.
994 3399 1067 3453 Da
1096 3398 1147 3451 in
1178 3397 1396 3467 singulis
1424 3400 1658 3470 origines
1685 3414 1830 3457 suas.
1860 3401 1937 3456 M.
1962 3403 2041 3459 Ex

463 3506 628 3561 terra,
669 3493 917 3557 virentia,
950 3491 1209 3560 plantaria
1240 3499 1295 3547 et
1321 3493 1601 3559 animalia;
1634 3510 1699 3551 ex
1742 3496 1913 3563 aquis,
1948 3496 2041 3552 fir-

461 3592 809 3647 mamentum,
842 3597 1009 3645 mare,
1034 3582 1272 3637 natantia
1299 3598 1360 3638 ac
1382 3585 1645 3650 volatilia;
1673 3586 1829 3641 simul
1863 3596 2041 3645 autem

460 3697 525 3737 ex
559 3690 717 3743 terra,
751 3678 903 3747 aquis
933 3678 1051 3746 igne
1080 3686 1135 3732 et
1160 3692 1306 3747 aere,
1336 3679 1513 3734 omnia
1541 3696 1660 3751 qua:
1697 3697 1793 3752 per
1828 3698 2042 3741 succes-

459 3775 636 3830 siones
667 3779 1021 3835 renovantur;
1054 3786 1120 3825 ex
1166 3770 1383 3838 lumine,
1419 3773 1732 3841 luminaria;
1776 3790 1839 3829 ex
1870 3787 2037 3843 costa,

457 3866 591 3920 Eva.
622 3863 691 3915 D.
740 3860 878 3931 Ignis
925 3862 1195 3931 quomodo
1241 3862 1494 3933 probatur
1533 3865 1720 3929 factus,
1751 3875 1837 3921 aut
1877 3868 2035 3933 unde,

456 3956 540 4012 vel
564 3954 810 4025 quando?
840 3952 918 4007 M.
954 3952 1172 4009 Factum
1204 3954 1415 4025 quidem
1446 3965 1499 4010 et
1527 3970 1590 4011 ex
1624 3958 1860 4025 generali
1890 3958 2037 4015 Scri-

455 4058 607 4119 ptura
642 4061 922 4116 possumus
951 4050 1268 4118 approbare,
1292 4065 1412 4105 cum
1444 4049 1641 4106 dicitur
1666 4053 1732 4108 de
1756 4053 1867 4109 Deo
1897 4073 1910 4108 :
1939 4054 2038 4121 Qui

454 4142 575 4213 fecit
602 4140 782 4193 caelum
824 4149 873 4193 et
916 4150 1125 4207 terram,
1166 4158 1305 4195 mare
1334 4150 1381 4195 et
1410 4144 1577 4195 omnia
1602 4159 1716 4211 qua:
1746 4147 1796 4198 in
1821 4147 1892 4200 eis
1919 4154 2038 4201 sunt

452 4232 623 4305 (Psal.
655 4249 811 4299 chv,
844 4232 899 4304 6)
940 4251 951 4285 :
982 4233 1104 4304 quia
1147 4234 1327 4302 utique
1357 4234 1518 4289 etiam
1561 4235 1697 4303 ignis
1732 4235 1786 4289 in
1822 4236 1901 4291 eis
1930 4246 2032 4292 est.

450 4327 527 4383 Ex
560 4328 775 4399 speciali
805 4327 1133 4397 professione
1162 4344 1174 4381 :
1202 4326 1435 4381 Laudate
1466 4326 1743 4382 Dominum
1783 4329 1845 4383 de
1876 4340 2035 4395 term,

448 4420 711 4481 dracones,
745 4420 935 4487 abyssi,
966 4418 1118 4491 ignis,
1150 4421 1366 4489 grando,
1411 4419 1522 4485 nix,
1571 4420 1781 4489 glacies,
1828 4421 2035 4490 spiritus

448 4515 788 4584 procellarum
816 4487 1238 4581 (Psal.'CXL\l—lll,
1272 4516 1324 4579 7,
1357 4513 1435 4582 8),
1474 4514 1540 4569 de
1570 4487 1762 4583 quibus
1801 4487 1927 4570 ante
1952 4516 2033 4569 di-
2064 4487 2118 4547 D

447 4615 597 4661 xerat
629 4624 644 4663 :
678 4606 935 4674 Quoniam
960 4609 1069 4673 ipse
1090 4607 1240 4673 dixit,
1269 4616 1315 4661 et
1340 4609 1476 4678 facta
1503 4617 1617 4663 sunt
1647 4608 1835 4680 (Ibid.,
1866 4609 1941 4681 5).
1969 4612 2033 4666 Ει

2151 3215 2308 3271 quam
2337 3214 2396 3256 ea
2422 3214 2539 3268 qua:
2566 3198 2701 3252 facta
2731 3204 2875 3263 sunt,
2904 3192 3195 3249 secundum
3223 3191 3439 3245 modum
3466 3204 3573 3259 quo
3596 3189 3736 3243 facta

2148 3302 2274 3348 sunt
2304 3299 2648 3363 permanent;
2681 3288 2821 3360 quod
2851 3288 3197 3358 signiﬁcatur,
3225 3300 3345 3339 cum
3375 3284 3575 3339 dictum
3608 3295 3691 3337 εει
3718 3298 3733 3336 :

2156 3385 2296 3441 Vidit
2327 3383 2462 3438 Deus
2492 3383 2611 3454 quia
2638 3383 2821 3435 bonum
2862 3379 3013 3452 (Gen.
3048 3395 3087 3447 ι,
3120 3379 3154 3433 4
3193 3388 3237 3433 et
3265 3376 3424 3447 seq.);
3455 3385 3510 3430 ct
3542 3393 3553 3428 :
3593 3376 3736 3442 Quia

2149 3476 2278 3530 bona
2317 3476 2484 3541 valde,
2516 3482 2561 3529 et
2592 3471 2841 3526 benedixit
2873 3488 2931 3525 ea
2957 3468 3147 3542 (Ibid.,
3175 3470 3289 3537 51).
3320 3466 3469 3534 Quod
3510 3473 3565 3521 et
3608 3465 3736 3520 bea-

2148 3573 2231 3621 tus
2266 3564 2427 3619 David
2457 3561 2692 3619 ostendit
2720 3561 2902 3617 dicens
2937 3578 2951 3615 :
2986 3559 3108 3627 Ipse
3146 3561 3297 3624 dixit,
3328 3568 3374 3612 et
3413 3558 3550 3628 facta
3579 3566 3735 3620 sunt;

2145 3659 2253 3725 ipse
2281 3655 2563 3721 mandavit,
2601 3663 2647 3707 et
2673 3662 2841 3707 creata
2866 3661 3005 3707 sunt.
3036 3652 3229 3706 Statuit
3260 3666 3314 3705 ea
3344 3650 3396 3703 in
3418 3659 3664 3702 (uernum
3688 3656 3735 3701 et

2146 3749 2197 3802 in
2231 3748 2475 3802 sacculum
2509 3746 2683 3801 swculi
2708 3761 2726 3800 :
2756 3753 3061 3817 prwccptum
3101 3743 3287 3813 posuit,
3319 3752 3367 3796 et
3393 3758 3491 3795 non
3522 3750 3735 3807 praster-

2143 3843 2231 3897 ibit
2262 3842 2429 3914 (Psal.
2466 3858 2684 3909 CXLVIII,
2707 3843 2760 3908 5,
2786 3842 2866 3913 6).
2899 3840 2967 3896 1).
2993 3841 3123 3907 Qua:
3152 3848 3235 3893 est
3264 3836 3579 3907 gubernatio
3608 3850 3736 3904 spe-

2142 3934 2327 3989 cialis?
2361 3932 2439 3991 Μν.
2473 3934 2574 3989 Per
2600 3949 2756 4003 quam
2783 3933 3010 4002 singula,
3043 3940 3097 3986 et
3128 3931 3359 3985 maxime
3392 3927 3735 3982 rationabilia

2142 4027 2507 4096 gubernantur
2533 4040 2560 4078 a
2594 4026 2722 4091 Deo,
2757 4024 2892 4078 sicut
2924 4031 3247 4093 praeceptum
3272 4022 3323 4077 in
3356 4019 3628 4090 paradiso,
3664 4018 3734 4074 de

2142 4117 2284 4187 ligno
2313 4117 2463 4188 (Gen.
2497 4132 2555 4183 ιι,
2581 4116 2662 4185 9).
2686 4116 2835 4170 Sicut
2860 4116 2999 4169 enim
3032 4129 3218 4169 omnes
3245 4122 3521 4169 creaturas
3549 4111 3733 4167 divina

2141 4209 2380 4264 continet
2407 4208 2593 4274 virtus,
2628 4216 2685 4262 ut
2714 4215 2998 4272 maneant;
3032 4205 3100 4259 ita
3132 4204 3295 4260 etiam
3334 4204 3622 4260 rationales
3651 4202 3733 4259 di-

2144 4299 2310 4356 versis
2344 4297 2716 4355 occasionibus
2747 4296 2945 4363 erudit,
2972 4304 3030 4351 ut
3059 4294 3357 4366 proﬁciant.

2754 4410 2977 4467 CAPUT
3016 4410 3104 4466 IV.

2391 4507 2524 4573 Quot
2553 4507 2714 4562 modis
2744 4507 2836 4574 ﬁat
2866 4504 3116 4575 generalis
3147 4504 3467 4575 gubernatio.

2208 4619 2277 4673 D.
2308 4616 2583 4673 Generalis
2608 4618 2924 4686 gubernatio
2955 4617 3007 4670 in
3038 4626 3165 4683 quot
3193 4617 3404 4686 species
3434 4616 3723 4672 dividitur!

446 4712 629 4752 rursus
681 4715 694 4750 :
736 4697 1062 4761 Beuedicite,
1105 4700 1275 4751 omnia
1324 4714 1477 4769 opera
1524 4698 1762 4767 Domini,
1807 4700 2031 4757 Domino
2083 4708 2215 4763 οΜ,
2250 4709 2305 4762 In
2334 4707 2784 4762 duaszautenim
2816 4706 3159 4762 successione
3181 4716 3410 4772 constat,
3437 4716 3527 4762 aut
3558 4716 3725 4762 statu.

444 4790 607 4862 (Dan.
632 4806 711 4858 ιιι,
739 4790 864 4860 57);
893 4800 946 4845 et
967 4790 1238 4860 subjunxit
1262 4808 1280 4845 :
1302 4790 1611 4859 Benedicite,
1632 4795 1764 4865 ignis
1786 4804 1829 4848 et
1857 4805 2027 4862 astus,

447 4882 665 4935 Domino
692 4880 878 4951 (Ibid.,
920 4881 1033 4951 66).
1070 4882 1256 4938 Utrum
1296 4897 1425 4937 vero
1471 4899 1540 4939 ex
1588 4886 1776 4951 nihilo,
1809 4887 1946 4941 sicut
1977 4894 2031 4941 et

444 4973 568 5041 alia,
602 4973 769 5028 factus
797 4973 886 5037 sit,
917 4988 983 5027 an
1012 4989 1077 5028 ex
1108 4973 1309 5044 aliquo,
1340 4974 1632 5031 dubitatur.
1670 4978 1854 5032 Plures
1882 4978 2024 5033 enim

441 5064 623 5120 volunt
643 5064 941 5122 caelestium
965 5064 1303 5122 luminarium
1325 5084 1446 5123 esse
1471 5068 1810 5137 particulam;
1829 5069 2025 5139 quippe

443 5159 584 5213 enim
628 5174 767 5214 nunc
796 5158 1105 5227 frequenter
1132 5160 1374 5216 videmus
1418 5162 1662 5217 homines
1687 5171 1837 5217 certo
1862 5161 2023 5217 modo

440 5248 615 5317 ignem
637 5264 700 5303 ex
730 5250 860 5305 solis
881 5249 1047 5305 radiis
1072 5252 1303 5306 mutuari
1333 5270 1346 5303 :
1378 5252 1513 5321 quod
1545 5254 1588 5306 si
1616 5253 1689 5308 ita
1716 5261 1819 5319 est,
1850 5251 2021 5321 primo

439 5337 527 5392 die
569 5338 739 5394 factus
783 5347 885 5395 est.
934 5340 1041 5396 Sed
1083 5341 1373 5411 sapientius
1404 5342 1504 5396 hoc
1536 5342 1809 5409 Scriptura
1844 5342 2022 5397 lumen

438 5445 598 5501 quam
632 5433 805 5503 ignem
834 5436 1063 5499 vocavit,
1092 5444 1149 5491 ut
1176 5451 1243 5491 ex
1275 5436 1495 5492 meliore
1527 5452 1624 5491 usu
1655 5451 1850 5492 nomen
1884 5438 2024 5492 acci-

442 5536 611 5595 peret.
641 5525 710 5581 ο.
738 5528 809 5582 Da
837 5528 1116 5598 septimam
1144 5539 1507 5585 creaturarum
1530 5530 1905 5587 ditl‘erentiam.
1938 5530 2016 5587 Μ.

450 5618 591 5686 Quod
622 5621 797 5676 omnia
828 5635 948 5691 qua:
980 5637 1041 5677 ex
1072 5622 1250 5693 aliquo
1281 5622 1415 5678 facta
1445 5632 1589 5690 sunt,
1624 5622 1705 5679 vel
1735 5637 1802 5678 ex
1828 5621 2018 5693 quibus

508 5740 538 5773 ο
577 5732 649 5790 lta
681 5735 1056 5803 rescripsimus
1082 5751 1179 5807 pro
1200 5736 1546 5793 meditatione.
1574 5734 1712 5792 Edit.

2134 4800 2507 4859 Successione,
2540 4805 2598 4851 ut
2628 4795 2872 4851 homines
2897 4796 2980 4851 vel
3010 4796 3246 4866 jumenta
3270 4806 3575 4867 ceteraque
3604 4815 3728 4867 qua:

2137 4899 2311 4946 morte
2336 4891 2417 4945 vel
2448 4888 2790 4958 corruptione
2818 4889 3115 4957 pereuntia,
3145 4891 3540 4946 renascentium
3566 4891 3726 4945 sitni-

2135 4982 2362 5037 litudine
2393 4989 2734 5035 renovantur.
2761 4978 2907 5035 Statu
2934 4989 3134 5045 autem,
3164 4990 3218 5035 ut
3243 4995 3306 5036 ea
3336 4997 3453 5051 quze
3487 4982 3569 5035 his
3602 4997 3729 5051 pas-

2135 5071 2374 5127 sionibus
2419 5084 2521 5124 non
2567 5070 2917 5138 subjacentia,
2956 5070 3236 5125 mundanis
3278 5072 3514 5126 motibus
3562 5072 3730 5127 obse-

2137 5173 2374 5234 quuntur
2394 5204 2409 5228 ,
2434 5170 2491 5217 ut
2518 5163 2733 5227 ccelum,
2754 5161 2856 5225 sol,
2880 5169 2934 5214 et
2953 5160 3141 5227 stellae,
3169 5169 3225 5217 et
3248 5170 3463 5217 cmtera.
3491 5162 3563 5217 Ι).
3590 5163 3727 5230 Qua:

2134 5254 2189 5309 in
2220 5256 2297 5309 eis
2327 5254 2430 5308 alia
2458 5251 2753 5308 diderentia
2783 5250 2899 5306 est?
2930 5249 3008 5305 Μ.
3040 5250 3192 5317 Quod
3222 5267 3287 5308 ea
3327 5269 3449 5324 quae
3489 5271 3727 5312 renova-

2137 5346 2285 5400 tione
2312 5344 2587 5399 solvuntur
2614 5339 2850 5407 indigent
2878 5342 3038 5394 etiam
3076 5341 3395 5409 quibusdam
3437 5346 3723 5413 remediis,

2131 5435 2407 5491 alimentis
2438 5441 2493 5489 et
2522 5431 2744 5499 pluviis;
2775 5444 3150 5501 nonnunquam
3180 5440 3234 5501 et
3267 5434 3585 5492 ministeriis
3615 5453 3723 5494 an-

2130 5529 2395 5601 gelorum,
2430 5522 2743 5592 ueterisque
2768 5521 3051 5579 similibus.
3081 5524 3155 5578 Ea
3187 5540 3313 5581 vero
3341 5543 3463 5597 quae
3491 5546 3597 5585 non
3621 5547 3723 5601 per

2135 5615 2527 5676 successionem
2549 5611 2865 5679 subsistunt,
2888 5610 3004 5667 sine
3024 5610 3199 5680 aliqua
3227 5614 3315 5669 tali
3341 5618 3672 5675 mediatiove
3693 5629 3721 5663 ι
