4038 6350
302 302 367 357 29
1346 293 1436 352 DE
1472 286 1811 350 PARTIBUS
1849 286 1986 347 ΗΠ.
2017 287 2218 349 LEGIS
2257 288 2385 348 LIB.
2423 286 2496 347 II.‘
3487 270 3553 340 30

306 419 551 475 divinitus
596 415 980 488 gubernantur.
1033 411 1220 467 Utrum
1259 421 1391 464 vero
1426 415 1481 463 et
1519 405 1573 462 in
1601 404 1733 475 ipsis
1774 416 1871 474 per
1898 405 1954 467 Α

307 510 606 580 angelorum
632 504 984 561 ministerium
1011 501 1211 573 aliquid
1236 508 1445 572 agatur,
1470 506 1677 555 secreta
1697 504 1751 552 et
1769 494 1871 551 dil-

310 602 458 657 ﬁeilis
486 597 711 670 quaestio
737 603 841 652 est.

924 723 1147 780 CAPUT
1185 723 1252 779 ν.

534 820 727 886 Quibus
756 819 917 874 modis
944 818 1033 885 fiat
1062 814 1356 890 gubernatio
1383 810 1640 881 specialis.

380 956 443 1011 ο.
466 953 721 1025 Speeialis
748 950 1064 1022 gubernatio
1084 954 1214 1018 quot
1236 945 1409 1001 modis
1434 942 1528 998 ﬁt?
1549 941 1627 996 M.
1650 938 1873 996 Tribus:

309 1060 393 1105 aut
420 1049 562 1104 enim
589 1064 619 1102 a
645 1049 754 1102 Deo
784 1046 859 1111 ﬁt,
894 1059 989 1114 pro
1016 1042 1220 1111 angelis
1243 1048 1298 1096 et
1328 1035 1631 1092 hominibus
1658 1052 1672 1099 ;
1702 1042 1791 1087 aut
1809 1031 1877 1087 ab

308 1128 530 1210 angelis,
565 1146 781 1209 propter
807 1152 868 1192 se
897 1137 1040 1205 ipsos
1076 1140 1131 1188 et
1184 1129 1458 1194 homines;
1492 1137 1583 1182 aut
1610 1125 1677 1180 ab
1708 1122 1883 1178 homi-

310 1234 485 1298 nibus,
517 1239 732 1302 propter
758 1244 838 1286 se.
876 1229 945 1283 ι).
973 1230 1016 1282 Α
1046 1227 1156 1283 Deo
1187 1240 1282 1296 pro
1306 1222 1512 1294 angelis
1549 1227 1607 1277 et
1649 1216 1881 1275 homini-

310 1325 406 1381 bus
433 1325 700 1397 quomodo
728 1323 820 1379 lit?
849 1321 928 1377 M.
957 1321 1059 1378 Per
1084 1318 1491 1390 legislationem.

912 1453 1138 1512 CAPUT
1181 1454 1270 1510 Vl.

590 1550 671 1605 De
709 1549 1022 1620 legislatione
1060 1556 1105 1602 et
1143 1544 1442 1614 differentiis
1469 1544 1602 1614 ejus.

380 1663 449 1718 D.
483 1662 768 1732 Legislatio
790 1663 841 1715 in
870 1667 998 1732 quot
1028 1667 1204 1728 partes
1224 1654 1510 1711 dividitur?
1536 1652 1611 1707 Μ.
1634 1650 1692 1704 in
1713 1649 1844 1705 duas
1868 1666 1881 1702 :

310 1753 361 1810 in
390 1754 687 1809 naturalem
716 1727 1116 1813 discretionem,
1143 1754 1197 1801 et
1240 1747 1292 1801 in
1341 1746 1510 1814 legem
1553 1742 1885 1798 extrinsecus

312 1849 561 1919 positam.
605 1845 672 1900 ι).
716 1844 885 1899 Proba
931 1840 1226 1896 naturalem
1273 1837 1669 1903 discretionem,
1716 1834 1885 1903 legem

310 1938 438 1993 dici.
471 1936 549 1992 Μ.
581 1936 714 1991 Dicit
742 1933 1027 2004 Apostolus
1053 1949 1066 1986 :
1100 1932 1232 1997 Quia
1262 1939 1429 2003 gentes
1458 1945 1571 2000 qua:
1600 1928 1759 1998 legem
1787 1940 1889 1979 non

314 2029 524 2091 habent,
566 2026 866 2080 naturaliter
902 2039 1015 2095 quw
1055 2023 1178 2095 legis
1223 2030 1341 2076 sunt
1380 2021 1606 2093 faciunt;
1649 2018 1702 2071 hi
1728 2017 1889 2089 legem

314 2137 421 2178 non
450 2119 706 2185 habentes,
736 2117 833 2186 ipsi
859 2115 955 2168 sibi
981 2124 1097 2168 sunt
1128 2114 1207 2167 lea:
1236 2111 1409 2183 (Rom.
1446 2126 1503 2178 ιι,
1536 2108 1624 2176 Li)
1653 2125 1666 2162 :
1696 2121 1889 2161 secun-

312 2214 439 2268 dum
465 2210 601 2266 hanc
627 2219 680 2263 et
702 2210 829 2263 Cain
859 2222 982 2262 reus
1012 2215 1127 2260 erat
1154 2203 1331 2259 fratris
1358 2200 1438 2257 sui
1468 2198 1653 2255 occisi.
1686 2196 1755 2252 ι).
1788 2195 1892 2250 Ex-

313 2306 579 2359 trinsecus
606 2302 891 2357 constituta
922 2299 1005 2355 lex
1036 2299 1089 2353 in
1119 2306 1248 2369 quot
1276 2304 1455 2367 partes
1491 2290 1783 2348 dividitur?
1812 2288 1867 2344 Μ
1876 2312 1893 2347 .

316 2395 371 2450 In
400 2396 535 2450 duas
575 2412 586 2447 :
623 2394 674 2450 in
703 2407 888 2464 Opera,
920 2391 972 2447 id
1004 2400 1084 2447 est
1124 2398 1337 2445 actuum
1382 2384 1811 2452 retributionem,
1839 2388 1895 2439 et

318 2486 499 2542 verba.

916 2594 1144 2652 CAPUT
1185 2593 1295 2652 VII.

841 2688 919 2745 De
948 2691 1055 2760 lege
1084 2705 1173 2759 per
1201 2702 1375 2759 opera.

390 2804 459 2861 υ.
484 2801 542 2859 1η
564 2817 727 2874 opere
757 2816 851 2874 per
879 2810 1010 2872 quot
1040 2798 1262 2854 modos?
1287 2797 1365 2852 Μ.
1396 2796 1496 2853 Per
1523 2804 1745 2869 quatuor
1770 2813 1781 2849 :
1807 2804 1900 2852 aut

319 2913 413 2969 per
442 2896 747 2967 generalem
781 2903 1097 2965 praesentem
1130 2891 1554 2955 retributionem,
1587 2899 1645 2945 ut
1674 2898 1754 2945 est
1783 2889 1898 2944 fru-

319 3002 501 3047 ctuum
528 3004 813 3058 rerumque
844 2994 1171 3055 proventus;
1199 2994 1290 3040 aut
1316 2999 1412 3054 per
1440 2982 1724 3053 specialem
1761 2996 1900 3051 prae-

320 3092 528 3140 sentem
557 3080 984 3145 retributionem,
1018 3085 1073 3131 ut
1101 3084 1186 3132 est
1212 3075 1479 3130 Abraham
1504 3074 1559 3128 in
1586 3072 1897 3144 peregrina-

322 3181 466 3235 tione
502 3176 828 3243 tlitatus,°vel
877 3172 989 3228 Noe
1028 3172 1263 3226 salvatus
1306 3169 1359 3224 in
1405 3169 1608 3224 diluvio
1636 3185 1651 3233 ;
1683 3175 1773 3220 aut
1799 3180 1897 3235 per

320 3271 629 3342 generalem
658 3266 919 3324 visibilem
952 3278 1186 3339 pugnam,
1217 3272 1275 3315 ut
1299 3270 1382 3316 est
1410 3260 1576 3314 fames
1615 3258 1899 3328 generalis,

324 3376 411 3418 seu
459 3359 717 3425 siccitas;
752 3366 844 3413 aut
884 3371 979 3428 per
1027 3353 1338 3425 specialem,
1382 3360 1439 3406 ut
1476 3349 1608 3405 Cain
1652 3348 1735 3404 vel
1775 3346 1902 3405 Saul

325 3469 507 3526 paena.
542 3452 667 3507 liazc
709 3450 849 3507 enim
898 3448 1099 3514 omnia,
1130 3444 1198 3501 ad
1240 3444 1455 3499 modum
1502 3441 1654 3512 legis,
1681 3439 1903 3510 angelos

323 3556 490 3617 atque
530 3543 771 3597 homines
818 3540 1095 3606 erudiunt;
1134 3538 1328 3609 quippe
1364 3544 1419 3590 et
1462 3534 1680 3605 angelos
1707 3531 1903 3587 diaboli

323 3640 483 3694 ruina
529 3634 815 3705 perterruit
844 3641 1000 3703 atque
1029 3631 1260 3685 firmavit
1288 3645 1301 3681 :
1330 3627 1453 3683 licet
1480 3625 1802 3682 credendum
1834 3623 1907 3679 sit

324 3731 430 3785 alio
460 3728 619 3783 modo
649 3726 885 3796 angelos,
913 3724 1017 3777 alio
1044 3721 1291 3777 homines
1315 3720 1540 3777 erudiri.
1574 3719 1642 3772 ι).
1664 3718 1793 3783 Quae
1823 3723 1907 3771 est

328 3824 494 3880 totius
542 3818 885 3889 Iegislationis
926 3815 1174 3883 intentio,
1201 3823 1257 3871 et
1290 3814 1341 3869 in
1382 3827 1486 3884 quo
1514 3810 1794 3868 consistit?
1825 3808 1904 3868 Μ.

327 3915 379 3970 in
407 3894 747 3971 discretione.
774 3910 897 3965 boni
926 3923 989 3964 ac
1013 3907 1135 3963 mali
1164 3924 1176 3961 :
1205 3921 1324 3978 quas
1351 3907 1436 3962 vel
1478 3906 1531 3962 in
1558 3904 1823 3972 doctrina,
1852 3903 1907 3959 id

326 4018 406 4065 est
437 4004 567 4070 tide,
594 4004 674 4059 vel
696 4003 749 4059 in
777 4002 982 4058 actibus
1010 4008 1392 4071 agnoscuntur.

402 4098 475 4153 D.
510 4098 683 4163 Quare
725 4107 910 4164 poenas
947 4100 1003 4148 et
1030 4090 1411 4147 retributiones
1440 4094 1732 4159 praesentes
1761 4088 1906 4142 dlxl-

329 4188 491 4244 mus?
516 4185 591 4240 Μ.
623 4184 755 4251 Quia
779 4186 890 4254 ipsa
913 4190 1037 4239 sunt
1061 4196 1176 4253 qua:
1202 4183 1269 4236 ad
1290 4182 1460 4236 vicem
1484 4180 1614 4250 legis
1636 4177 1905 4234 erudiunt.

330 4280 466 4336 Nam
495 4280 662 4337 futura
694 4289 748 4332 et
772 4287 972 4332 alterna
1002 4289 1102 4330 nec
1122 4273 1467 4345 patientibus,
1490 4286 1589 4326 nec
1609 4269 1910 4326 videntibus

331 4370 651 4441 proderunt,
692 4369 781 4421 ubi
820 4366 930 4436 jam
969 4365 1296 4434 poenitentiae
1320 4378 1423 4417 non
1450 4365 1553 4417 erit
1578 4370 1806 4431 tempus.
1838 4359 1908 4414 D.

334 4462 466 4516 llaec
490 4456 826 4527 gubernatio,
859 4468 951 4522 per
980 4466 1114 4521 quos
1144 4452 1414 4506 ministros
1437 4451 1489 4505 in
1518 4449 1808 4519 Seripturis
1838 4450 1916 4507 le-

2566 390 2791 458 CAPUT
2828 396 2967 456 VIII.

2506 492 2584 548 De
2603 492 2710 563 lege
2731 507 2819 561 per
2845 489 3016 545 verba.

2049 602 2120 659 D.
2153 604 2263 659 Lex
2301 602 2356 659 in
2391 603 2570 658 verbis
2596 603 2878 659 constituta
2907 602 2959 656 in
2989 607 3118 671 quot
3157 606 3336 670 partes
3367 596 3554 653 dividi-

1981 695 2097 750 tur?
2124 695 2200 749 M.
2231 694 2287 749 ln
2316 694 2448 750 duas
2474 712 2487 748 :
2516 705 2608 749 aut
2635 697 2777 750 enim
2813 691 3143 748 immutabile
3184 689 3381 759 aliquid
3415 703 3552 758 pra!-

1981 790 2194 856 eipitur,
2226 796 2315 841 aut
2347 786 2660 855 temporale.
2700 784 2768 841 Ι).
2808 787 2948 853 Quot
2984 791 3109 838 sunt
3144 781 3550 837 immutabilium

1982 880 2210 950 genera?
2252 879 2329 932 M.
2370 879 2486 932 Duo
2518 894 2532 932 :
2564 878 2778 933 dilectio
2807 878 2925 942 Dei,
2955 884 3011 932 et
3044 874 3261 930 dilectio
3301 874 3550 943 proximi.

1984 969 2053 1025 D.
2095 968 2431 1038 Temporalia
2472 977 2736 1038 praecepta
2768 968 2819 1021 in
2847 974 2976 1037 quot
3010 972 3187 1035 partes
3216 962 3552 1018 dividuntur?

1984 1061 2063 1116 Μ.
2096 1061 2149 1115 lli
2178 1061 2346 1114 duas:
2374 1068 2467 1113 aut
2493 1058 2631 1113 enim
2663 1058 2751 1111 diu
2780 1067 2986 1111 servata
3021 1062 3163 1117 sunt,
3195 1061 3253 1107 ut
3281 1050 3557 1106 circumci-

1984 1156 2094 1221 sio;
2125 1162 2216 1207 aut
2244 1167 2403 1222 parvo
2426 1160 2685 1219 tempore,
2711 1158 2767 1203 ut
2795 1162 2998 1202 manna:
3018 1145 3307 1217 perceptio.
3329 1144 3399 1200 D.
3426 1144 3555 1209 Qum

1984 1250 2086 1304 alia
2117 1257 2199 1302 est
2230 1247 2401 1318 legum
2443 1242 2774 1299 dillerentia?
2801 1240 2878 1295 Μ.
2907 1240 3038 1307 Quae
3067 1248 3159 1293 aut
3186 1236 3384 1307 aliquid
3422 1250 3556 1305 prte-

1984 1340 2205 1410 cipiunt,
2240 1349 2301 1394 ut
2332 1356 2344 1391 :
2377 1336 2591 1391 Ilonora
2637 1345 2831 1404 patrem
2878 1342 3020 1386 tuum
3058 1329 3250 1402 (Exod.
3295 1344 3386 1393 xx,
3431 1326 3554 1395 1‘2);

1984 1447 2075 1490 aut
2101 1434 2299 1505 aliquid
2326 1442 2527 1494 vetant,
2559 1439 2619 1485 ut
2647 1448 2660 1483 :
2690 1428 2740 1484 Ν
2747 1444 2814 1483 an
2841 1427 3061 1494 occides,
3090 1423 3215 1480 Non
3238 1419 3558 1477 moechaberis

1986 1526 2173 1598 (Ibid.,
2208 1524 2436 1594 45,14).

2058 1618 2128 1672 ι).
2157 1618 2233 1673 Da
2261 1618 2470 1673 tertiam
2493 1613 2866 1671 dili‘erentiam.
2894 1609 2971 1665 Μ.
2998 1607 3150 1677 Quod
3179 1607 3279 1661 alia
3310 1612 3434 1661 sunt
3466 1617 3558 1672 per

1990 1728 2049 1769 se
2086 1712 2255 1779 utilia,
2297 1712 2399 1767 alia
2444 1718 2661 1780 propter
2690 1707 2784 1765 illa
2816 1704 3139 1761 necessaria.
3172 1700 3240 1756 ι).
3273 1700 3401 1765 Quae
3438 1702 3561 1751 sunt

1915 1783 1964 1844 Β
1993 1819 2087 1877 per
2125 1817 2185 1857 se
2228 1800 2414 1856 utilia?
2442 1801 2518 1853 Μ.
2554 1798 2647 1854 Dei
2686 1795 3021 1867 proximique
3065 1792 3298 1848 dilectio.
3334 1789 3399 1842 ι).
3431 1786 3561 1854 Quae

1990 1906 2117 1951 sunt
2154 1903 2368 1965 propter
2406 1892 2510 1947 alia
2551 1887 2883 1945 necessaria?
2926 1886 3005 1940 M.
3036 1883 3146 1940 Ut:
3176 1881 3300 1936 Non
3329 1878 3560 1942 occides;

1991 1985 2285 2042 homicidio
2314 1984 2455 2040 enim
2482 1981 2700 2037 dilectio
2729 1978 2907 2034 fratris
2934 1974 3219 2046 expellitur
3250 1990 3263 2027 :
3291 1978 3347 2027 et
3380 1969 3564 2023 obser-

1990 2078 2131 2133 vatio
2158 2075 2395 2139 sabbati;
2429 2074 2481 2127 in
2513 2072 2629 2142 ejus
2659 2071 2800 2125 enim
2834 2066 3204 2121 observatione
3242 2071 3565 2135 commemo-

1990 2172 2127 2227 ratio
2156 2178 2238 2225 cst
2286 2167 2482 2237 quietis
2515 2164 2607 2219 Dei
2636 2164 2703 2219 ah
2738 2162 3045 2234 operatione
3081 2164 3464 2217 creaturarum,
3511 2151 3565 2203 in

1993 2279 2095 2334 qua
2125 2261 2436 2318 celebritate
2489 2256 2579 2312 Dei
2631 2265 2688 2312 ut
2731 2251 3025 2309 conditoris
3053 2247 3266 2305 dilectio
3305 2244 3567 2313 signiﬁca-

1992 2333 2171 2414 batur.
2201 2354 2269 2409 D.
2294 2354 2368 2409 Da
2394 2360 2635 2422 quartam
2657 2346 3029 2402 diﬂ‘erentiam.
3054 2340 3131 2395 M.
3153 2338 3304 2408 Quod
3326 2333 3566 2405 quaedam

1996 2456 2264 2521 praecepta
2296 2446 2444 2502 velut
2481 2439 2776 2513 corporalia
2822 2445 2997 2501 erant,
3040 2444 3098 2489 ut
3144 2431 3211 2487 de
3252 2425 3568 2483 animalibus

1995 2520 2208 2599 mundis
2233 2548 2287 2596 et
2306 2537 2617 2604 immundis,
2652 2550 2714 2589 ac
2741 2534 2909 2603 lepra,
2936 2539 2989 2586 et
3010 2526 3289 2583 similibus.
3316 2520 3567 2591 Quaedam

1995 2633 2278 2705 Spiritalia,
2304 2638 2365 2685 ut
2395 2646 2409 2684 :
2444 2628 2525 2683 Ne
2563 2626 2731 2681 oderis
2776 2624 2987 2695 fratrem
3027 2630 3170 2674 tuum
3204 2617 3259 2670 in
3298 2613 3449 2668 corde
3485 2621 3570 2663 tuo

1995 2699 2182 2798 (Leuit.
2232 2738 2341 2786 XIX,
2394 2721 2509 2789 l7).
2554 2715 2625 2773 ο.
2672 2716 2745 2770 Da
2787 2714 3027 2783 quintam
3073 2706 3448 2763 differentiam.
3490 2699 3570 2754 Μ.

1997 2793 2149 2886 Quod
2197 2813 2440 2886 qutedam
2499 2820 2623 2867 sunt
2653 2807 2863 2863 Veteris
2894 2800 3222 2859 Testamenti
3272 2793 3570 2866 specialiter

1999 2884 2285 2978 praecepta,
2324 2912 2383 2958 ut
2424 2901 2493 2957 de
2534 2899 2736 2970 juhileo
2768 2915 2780 2951 :
2817 2894 3055 2965 quaedam
3088 2889 3388 2961 specialiter
3417 2884 3570 2949 Novi,

2001 2974 2058 3054 ut
2090 3016 2103 3052 :
2134 2974 2224 3052 Sic
2250 2994 2458 3049 orabitt’s
2481 3008 2501 3047 :
2529 2990 2685 3045 Pater
2709 2996 2895 3052 noster,
2920 2985 3006 3054 qui
3036 2999 3087 3037 es
3113 2983 3165 3036 in
3194 2980 3331 3035 caelis
3360 2974 3573 3046 (Matth.

2001 3107 2072 3158 v1,
2102 3092 2195 3159 9):
2220 3088 2463 3160 quaedam
2492 3083 2766 3152 utriusque
2791 3077 3115 3142 communia,
3142 3083 3235 3128 ut:
3259 3071 3450 3141 Diliges
3474 3066 3574 3160 Do:

2001 3144 2197 3237 minuit:
2236 3144 2400 3234 beam
2428 3186 2569 3229 tuum
2592 3172 2805 3243 (Matth.
2848 3184 2977 3231 χχιι,
3005 3166 3103 3230 57;
3133 3163 3302 3218 Marc.
3349 3176 3444 3225 xtl,
3474 3144 3583 3218 5οἷ

2002 3273 2133 3327 Luc.
2176 3286 2236 3335 ιι,
2266 3268 2383 3338 27).
2431 3266 2504 3320 D.
2545 3265 2620 3319 Da
2662 3270 2866 3318 sextam
2904 3255 3278 3313 diti'erentiam.
3310 3250 3388 3306 M.
3426 3247 3578 3315 Quod

2005 3363 2179 3433 aliqua
2221 3363 2487 3430 praecepta
2530 3356 2669 3410 sicut
2711 3358 2905 3408 sonant
2941 3346 3328 3415 intelliguntur,
3355 3347 3415 3394 ut
3449 3345 3533 3393 est
3562 3352 3579 3393 :

2007 3454 2131 3511 Non
2167 3448 2495 3506 moechaberis
2524 3444 2719 3518 (Exod.
2752 3458 2845 3507 xx,
2877 3438 2967 3510 14)
3004 3454 3021 3495 :
3055 3437 3231 3504 aliqua
3274 3439 3451 3487 autem
3496 3440 3581 3481 so-

2006 3554 2135 3603 nant
2159 3545 2297 3599 sicut
2322 3555 2410 3596 res
2440 3547 2524 3594 est
2553 3554 2566 3591 :
2597 3535 2725 3591 Cum
2762 3533 2941 3604 feceris
2970 3527 3365 3596 eleemosynam,
3393 3518 3582 3575 nesciat

2004 3641 2214 3697 sinistra
2237 3635 2359 3706 quid
2384 3634 2541 3704 faciat
2567 3632 2773 3685 dextera
2802 3636 2887 3683 tua
2912 3622 3127 3696 (Matth.
3153 3635 3227 3684 vr,
3253 3615 3332 3688 ὅ).

2079 3732 2146 3786 D.
2173 3730 2249 3786 Da
2278 3727 2559 3798 septimam
2589 3719 2966 3778 diﬁ'erentiam.
2998 3714 3079 3772 M.
3108 3712 3261 3781 Quod
3288 3709 3583 3779 aliquorum

2010 3822 2364 3895 transgressio
2404 3824 2792 3889 praeceptorum
2839 3826 2996 3882 pinna
3043 3807 3293 3877 punitur,
3338 3811 3396 3857 ut
3436 3809 3520 3855 est
3571 3815 3586 3854 :

2014 3888 2229 3972 Oculum
2257 3928 2350 3985 pro
2377 3888 2545 3977 oculo,
2580 3908 2779 3962 dentem
2804 3918 2896 3977 pro
2926 3902 3071 3956 dente
3099 3897 3286 3967 (Leuit.
3317 3909 3435 3958 ην,
3458 3888 3585 3961 ‘20):

2010 4011 2313 4082 aliquorum
2343 4018 2498 4075 poena
2525 4016 2632 4057 non
2662 4000 2907 4061 habetur,
2936 4004 3031 4050 ut:
3059 3992 3255 4046 Panem
3283 3985 3589 4042 sacerdma-

2012 4077 2118 4159 lem
2152 4097 2360 4155 comedi
2386 4095 2453 4151 ab
2477 4108 2544 4150 eo
2571 4092 2658 4162 qui
2691 4087 2941 4145 sacerdos
2968 4098 3075 4140 non
3100 4090 3214 4138 erat
3237 4078 3291 4150 (Ι
3320 4077 3447 4148 Reg.
3474 4090 3588 4140 xiii,

2014 4196 2081 4264 6;
2134 4192 2322 4247 Matth.
2370 4204 2465 4256 xlt,
2509 4187 2567 4257 4)
2614 4203 2626 4236 :
2670 4183 2894 4238 aliorum
2940 4190 3067 4231 vero
3109 4176 3268 4229 etiam
3312 4166 3591 4264 laudabilis

2014 4252 2372 4352 transgressio
2393 4252 2494 4342 est,
2518 4252 2575 4329 ιιί
2601 4281 2685 4327 est
2712 4288 2723 4323 :
2754 4271 2813 4324 Si
2834 4265 3037 4322 reddidi
3057 4257 3446 4314 retribuentibus
3468 4252 3592 4331 mihi

2017 4342 2375 4441 malavU’sal.
2422 4384 2516 4433 vil,
2561 4363 2642 4432 5').
2685 4362 2798 4416 Lex
2838 4357 2978 4413 enim
3021 4363 3146 4407 tunc
3182 4347 3405 4418 iubebat
3439 4342 3594 4398 malis

2023 4466 2163 4522 mala
2190 4438 2395 4519 restitui
2418 4468 2465 4512 ι.
2509 4453 2776 4511 Invenitur
2807 4463 2935 4519 ergo
2960 4451 3295 4513 contemptus
3321 4438 3450 4508 legis
3475 4449 3594 4491 esse

337 4551 485 4619 gitur
504 4526 695 4600 tacta?
723 4543 798 4599 Μ.
829 4542 1216 4613 Nonnunquam
1245 4542 1385 4598 Deus
1414 4556 1510 4611 per
1539 4556 1599 4599 se
1630 4544 1826 4614 ipsum,
1858 4550 1903 4597 ul

2025 4553 2328 4615 laudabilis.
2375 4548 2443 4603 D.
2493 4548 2566 4603 Da
2613 4553 2852 4600 octavam
2896 4534 3270 4595 dih‘erentiam.
3316 4528 3396 4585 Μ.
3441 4526 3593 4596 Quod

337 4639 474 4698 Adin
503 4636 751 4708 priecepit
795 4651 863 4692 ne
895 4642 1129 4705 tangeret
1156 4634 1388 4704 lignum;
1416 4649 1794 4705 nonnunquam
1821 4649 1918 4707 per

336 4731 581 4801 angelos,
616 4736 843 4783 testante
882 4726 1139 4798 Apostolo
1173 4743 1187 4782 :
1224 4727 1357 4795 Quia
1394 4727 1436 4782 si
1478 4744 1565 4799 per
1597 4728 1806 4799 angelos
1833 4727 1915 4783 ιο*

339 4834 486 4880 cluas
526 4837 688 4879 sermo
715 4822 881 4892 factus
909 4829 984 4874 est
1009 4820 1186 4889 ﬁrmus
1209 4819 1395 4892 (Hebr.
1418 4835 1478 4887 ιι,
1503 4819 1582 4889 2).
1609 4819 1677 4875 Ει
1704 4836 1915 4878 rursum

342 4913 692 4988 primogenita
723 4910 937 4983 ngypti
974 4911 1148 4981 angeli
1188 4926 1344 4966 manu
1378 4910 1626 4967 dicuntur
1654 4912 1918 4967 exstincta

345 5007 539 5081 (Exod.
576 5020 668 5072 xii,
694 5005 807 5073 ‘29).
841 5008 945 5057 Aut
973 5017 1064 5071 per
1103 5002 1366 5071 homines,
1398 5004 1534 5058 sicut
1564 5017 1659 5073 per
1690 5003 1922 5073 prephe-

344 5110 447 5160 tas.
494 5103 599 5154 Aut
644 5112 741 5169 per
778 5098 998 5164 bestias,
1038 5097 1178 5151 sicut
1219 5110 1314 5165 per
1351 5105 1625 5167 serpentes
1654 5096 1707 5151 in
1734 5110 1921 5153 eremo

348 5194 536 5267 (Nunt.
568 5208 680 5259 xxi,
712 5189 792 5263 6),
812 5198 969 5261 atque
993 5189 1209 5245 similia.
1234 5188 1304 5243 Et
1332 5203 1427 5259 per
1451 5190 1564 5243 haec
1590 5191 1754 5255 enim,
1781 5189 1923 5244 velut

345 5286 629 5360 quamdam
659 5283 1059 5340 substatltialem
1091 5297 1153 5338 ac
1182 5280 1509 5337 materialem
1535 5282 1725 5352 legem,
1754 5297 1781 5335 a
1811 5296 1924 5336 ma-

348 5379 413 5434 lis
457 5375 738 5448 prohibent
784 5383 1001 5447 propter
1044 5386 1165 5443 qua:
1208 5372 1554 5444 ingeruntur;
1587 5382 1641 5427 et
1683 5372 1749 5427 ad
1781 5372 1922 5429 bona

348 5480 567 5542 pr0pter
595 5480 819 5540 quorum
846 5465 1255 5522 retributionem
1285 5473 1489 5534 oratur,
1519 5464 1822 5534 impellunt.

423 5683 451 5712 ι
487 5672 653 5728 Caute
682 5671 780 5725 ista
809 5670 926 5739 lege
958 5684 971 5721 :
1007 5680 1149 5739 nam,
1172 5666 1257 5739 lex
1283 5679 1389 5722 non
1415 5664 1637 5735 jubebat
1675 5644 1917 5739 privatim

351 5745 492 5803 mala
517 5742 670 5835 malis
686 5737 915 5811 restitui,
939 5739 1030 5797 sed
1049 5738 1299 5810 juridice,
1330 5738 1642 5797 auctoritate
1669 5737 1912 5809 publica:

2022 4652 2198 4722 aliqua
2227 4652 2490 4720 praecepta
2514 4640 2581 4697 ad
2604 4638 2761 4694 fidem
2785 4634 3071 4722 pertinent,
3095 4628 3267 4699 aliqua
3288 4623 3355 4681 ad
3378 4636 3591 4722 mores:

2022 4714 2248 4817 quorum
2273 4714 2566 4795 subdivisio
2594 4726 2879 4786 admodum
2909 4720 3118 4796 prolixa
3144 4714 3492 4789 cognoscitur.

2625 4864 2849 4922 CAPUT
2889 4862 2980 4918 IX.

2436 4960 2515 5016 De
2540 4956 2771 5031 angelica
2799 4952 3177 5028 gubernatione.

2094 5099 2162 5154 ι).
2188 5096 2515 5171 Angelorum
2543 5099 2762 5166 propter
2785 5106 2845 5149 se
2873 5093 3019 5163 ipsos
3047 5096 3102 5146 et
3129 5084 3375 5143 homines
3404 5076 3597 5171 guber-

2023 5191 2167 5247 natio
2196 5169 2463 5259 quomodo
2508 5186 2599 5242 tit?
2646 5184 2724 5240 Μ.
2767 5184 2949 5239 Palam
2990 5179 3201 5252 quidem
3238 5177 3293 5230 in
3318 5169 3597 5238 Scriptura

2024 5297 2133 5340 non
2161 5280 2390 5353 legitur:
2424 5288 2601 5334 tamen
2632 5291 2752 5333 cum
2783 5275 2836 5331 in
2866 5289 2927 5331 ea
2954 5274 3199 5327 dicantur
3228 5278 3349 5321 esse
3375 5259 3596 5331 angelo-

2026 5391 2146 5432 rum
2175 5373 2371 5446 gradus
2399 5380 2454 5427 et
2477 5370 2712 5438 ordines,
2746 5375 2905 5437 atque
2939 5363 3211 5418 discursus
3249 5362 3463 5427 propter
3495 5353 3596 5407 ltit-

2028 5480 2240 5522 manam
2269 5464 2455 5532 vitam,
2483 5470 2540 5518 ut
2574 5476 2670 5532 pro
2705 5457 2872 5517 Tobia
2898 5463 2952 5512 et
2978 5451 3198 5510 Daniele
3227 5458 3280 5507 et
3308 5448 3447 5516 aliis,
3480 5447 3598 5503 sine

2027 5653 2125 5720 néb
2152 5662 2311 5732 hujus
2337 5658 2688 5732 transgressio
2714 5657 2891 5732 (bona.
2934 5656 3285 5732 Dentonem.
3328 5651 3494 5710 India.
3536 5648 3602 5707 li-

2023 5737 2171 5795 bror.
2200 5728 2529 5806 expurgand.
2555 5740 2686 5789 tom.
2712 5731 2755 5796 1,
2788 5742 2908 5803 pag.
2935 5728 3025 5787 57.
