4046 6528
484 422 547 486 Si

1993 394 2234 454 JUNILII

3744 387 3827 445 32

496 544 659 604 dubio
698 540 1061 614 significantur
1089 536 1227 611 quod
1266 536 1496 609 iniuncta
1532 530 1633 591 sibi
1664 532 1721 590 in
1748 529 1950 588 mundo
1974 540 2070 583 ne-
2095 523 2151 586 Δ
2175 529 2414 595 egestate
2466 528 2783 614 torquetur.
2823 518 2929 575 Aut
2980 525 3128 575 certe
3183 530 3357 614 neque
3407 514 3544 614 his,
3620 523 3827 614 neque

493 641 639 713 gotia
672 639 974 710 gubernant
1005 653 1018 691 :
1048 634 1238 704 quibus
1267 640 1322 688 et
1351 631 1450 685 sibi
1476 626 1761 685 consulunt
1789 626 1913 681 dum
1944 625 2072 679 obe-

495 735 650 790 diunt
675 729 947 795 Creatori,
980 738 1035 783 et
1069 725 1393 793 hominibus,
1418 721 1544 778 dum
1573 734 1761 777 eorum
1799 718 2075 788 dispensa-

498 825 627 884 tioni
657 824 1009 898 prospiciunt.

1123 931 1349 988 CAPUT
1385 930 1454 986 Χ.

737 1027 817 1086 De
839 1029 1065 1083 humana
1092 1025 1455 1097 gubernatione
1482 1036 1573 1093 per
1600 1018 1845 1075 homines.

576 1147 645 1203 ο.
674 1146 957 1202 IIominum
990 1153 1210 1213 propter
1228 1156 1287 1196 se
1308 1141 1454 1208 ipsos
1481 1138 1799 1209 gubernatio
1818 1142 1950 1207 quot
1969 1150 2083 1190 mo-

499 1240 583 1296 dis
638 1238 727 1293 Iit?
772 1237 850 1291 M.
897 1236 1139 1291 Tribus:
1174 1243 1267 1287 aut
1307 1233 1451 1287 enim
1504 1245 1600 1299 pro
1644 1230 1920 1300 republica
1966 1230 2086 1300 quis

505 1332 782 1387 hominum
814 1329 1037 1398 satagit,
1065 1336 1117 1380 ut
1146 1340 1277 1391 rex;
1305 1334 1397 1379 aut
1426 1338 1522 1392 pro
1556 1324 1736 1389 domo,
1769 1330 1828 1377 ut
1857 1321 2090 1392 paterfa-

508 1426 601 1480 mil
624 1439 715 1489 as;
743 1431 835 1479 aut
880 1437 977 1492 pro
1022 1435 1081 1476 se
1123 1419 1262 1489 ipso,
1296 1427 1351 1473 ut
1397 1416 1619 1487 quilibet
1670 1416 1964 1470 monachus
2004 1414 2088 1468 vel

510 1531 730 1587 egenus.
763 1515 835 1569 D.
868 1513 1038 1569 Nullis
1067 1511 1188 1566 aliis
1226 1509 1485 1566 creaturis
1529 1508 1780 1562 convenit
1821 1506 2090 1576 guberna-

511 1610 625 1665 tio?
651 1607 729 1663 M.
762 1606 1021 1661 Omnibus
1046 1603 1262 1674 quidem
1297 1601 1576 1665 convrnit;
1609 1598 1817 1655 cunctis
1840 1598 1981 1654 enim
2009 1614 2095 1654 se.

513 1701 745 1757 cundum
776 1714 927 1754 suam
958 1708 1223 1763 naturam,
1253 1696 1403 1751 velut
1445 1694 1777 1765 prudentiam
1809 1694 2093 1763 quamdam

514 1792 737 1846 Creator
781 1789 1013 1853 inclusit,
1046 1790 1187 1842 sicut
1231 1788 1421 1857 legitur
1455 1804 1467 1840 :
1505 1785 1660 1839 Volui
1692 1783 1930 1854 colligere
1963 1781 2097 1851 ﬁlios

518 1891 652 1947 tuos,
684 1881 814 1935 sicut
855 1880 1048 1950 gallina
1089 1876 1260 1950 pullos
1303 1893 1421 1931 suos
1460 1874 1676 1947 (Matth.
1716 1890 1866 1940 mn,
1897 1871 2012 1942 37),
2045 1880 2099 1927 et

518 1974 736 2029 similia.
767 1972 873 2029 Sed
904 1986 1079 2039 neque
1109 1970 1334 2025 intentio
1360 1968 1651 2037 Scriptura:
1681 1976 1763 2022 est
1792 1966 1861 2021 de
1891 1964 2101 2020 irratio-

520 2066 786 2121 nubilibus
828 2062 1093 2119 subtiliter
1132 2062 1385 2125 edocere,
1418 2073 1593 2129 neque
1631 2059 1683 2112 in
1724 2072 1787 2112 ea
1818 2055 2103 2127 prolicien-

521 2160 653 2215 tium
688 2167 772 2215 est
810 2156 1137 2213 desiderium
1183 2157 1237 2209 in
1282 2154 1367 2210 his
1396 2150 1697 2225 quaerendis
1727 2159 1935 2220 tempus
1970 2156 2102 2204 atte-

521 2265 662 2311 rere.

1140 2358 1367 2415 CAPUT
1391 2357 1486 2413 XI.

949 2451 1029 2507 De
1074 2452 1420 2507 accidentibus
1460 2460 1675 2506 naturae.

601 2568 669 2626 D.
709 2568 973 2637 Quoniam
1002 2568 1069 2623 de
1111 2567 1499 2639 gubernatione
1540 2565 1722 2623 mundi
1751 2566 1881 2623 satis
1908 2566 2108 2621 dictum

524 2672 640 2730 est,
668 2678 788 2731 qua:
813 2671 935 2716 sunt
966 2661 1171 2715 naturis
1198 2659 1530 2715 accidentia?
1558 2659 1637 2715 Μ.
1669 2660 1868 2714 Divinas
1893 2657 2109 2729 quidem

526 2764 730 2812 naturae
775 2754 905 2808 nihil
950 2752 1148 2808 accidit
1176 2768 1191 2808 :
1223 2767 1343 2807 cum
1384 2754 1525 2808 enim
1560 2753 1629 2807 sit
1658 2751 2115 2822 incomprehensi-

525 2845 686 2917 bilis,
716 2856 772 2902 et
793 2861 1008 2917 semper
1030 2846 1220 2901 eodem
1254 2846 1410 2901 modo
1436 2861 1493 2900 se
1524 2845 1754 2913 habens,
1790 2861 1895 2901 non
1925 2845 2114 2913 recipit

527 2940 883 2997 accidentium
936 2940 1323 2996 diversitatem.
1378 2939 1448 2994 ι).
1490 2940 1617 3006 Qua:
1669 2948 1817 2996 certe
1868 2940 2116 2995 accidunt

527 3032 825 3087 creaturis?
868 3031 947 3087 Μ.
984 3031 1175 3098 Stare,
1208 3042 1263 3085 ut
1303 3039 1494 3098 teme,
1542 3032 1833 3087 secundum
1877 3030 2117 3100 Scriptu-

529 3138 687 3191 ram;
735 3128 977 3193 moveri,
1037 3134 1094 3179 ut
1141 3124 1299 3190 coelo,
1334 3123 1475 3194 igni,
1508 3134 1562 3180 et
1602 3124 1753 3195 aquis
1799 3125 2118 3194 caaterisque

530 3218 933 3274 enascentibus.
967 3217 1166 3272 Deinde
1197 3225 1438 3288 tempus,
1472 3217 1650 3283 locus,
1684 3231 1956 3272 numerus.
1990 3217 2117 3271 0m-

471 3308 510 3344 ⁸
529 3309 617 3366 nia
647 3309 788 3364 enim
816 3317 870 3363 et
897 3307 1181 3378 aliquando
1210 3317 1518 3375 ceperunt,
1548 3317 1604 3364 et
1632 3308 1827 3364 alicubi
1871 3315 2028 3375 sunt,
2060 3320 2115 3364 et

530 3418 696 3460 unum
722 3401 807 3457 vel
838 3402 1009 3473 plura.
1042 3403 1170 3458 item
1200 3403 1478 3468 accidunt,
1503 3404 1781 3474 generari,
1807 3404 2111 3473 corrumpi,

529 3495 763 3561 sanitas,
796 3495 1081 3564 :egritudo,
1126 3495 1293 3549 forma
1322 3537 1337 3563 ,
1380 3497 1608 3565 positio,
1641 3496 1835 3550 artium
1882 3494 2119 3565 discipli-

528 3602 830 3659 narumque
858 3591 1149 3658 capacitas.
1184 3589 1315 3644 Item
1345 3604 1611 3655 crescere,
1642 3588 1862 3654 nutriri,
1895 3590 2115 3653 sentire,

528 3676 733 3742 vivere,
783 3677 952 3745 mori,
1003 3679 1142 3733 inter
1185 3693 1245 3733 se
1289 3678 1520 3743 dill'erre,
1574 3687 1629 3733 et
1674 3694 1796 3735 esse
1825 3678 2116 3733 contraria.

532 3766 757 3837 Insuper
803 3768 956 3834 ordo,
1009 3770 1340 3837 consecutio,
1391 3771 1748 3839 cohaerentia,
1805 3770 1996 3839 hisque
2047 3769 2122 3826 si-

532 3859 683 3916 milia
736 3867 899 3930 atque
949 3861 1258 3928 contraria;
1312 3875 1411 3917 nec
1459 3871 1637 3916 tamen
1693 3860 1945 3932 singulis,
2001 3860 2123 3916 uni-

534 3971 689 4016 versa
699 3993 714 4012 ο

1138 4064 1365 4122 CAPUT
1401 4066 1518 4123 XII.

944 4164 1022 4219 De
1049 4163 1389 4219 accidentibus
1418 4162 1714 4216 voluntatis.

608 4281 679 4337 ι).
719 4279 984 4350 Quoniam
1014 4281 1144 4336 satis
1171 4280 1372 4335 dictum
1413 4288 1495 4335 est
1538 4278 1606 4334 de
1637 4276 2002 4334 accidentibus
2029 4292 2126 4332 na-

504 4422 507 4427 ,
535 4383 809 4444 turarnm,
833 4375 1117 4432 dicendum
1148 4389 1288 4428 nunc
1318 4372 1385 4428 de
1413 4371 1784 4427 accidentibus
1814 4369 2124 4426 voluntatis.

535 4470 677 4540 Quid
705 4480 786 4526 est
813 4468 1093 4524 voluntas?
1123 4465 1203 4524 M.
1235 4466 1329 4521 Vis
1359 4467 1518 4520 animi
1550 4464 1800 4519 inviolata
1831 4464 1945 4520 sive
1964 4479 2129 4536 spon-

538 4571 718 4628 tanea,
740 4561 1034 4618 secundum
1055 4575 1213 4630 quam
1239 4559 1466 4615 diversae
1486 4568 1646 4629 atque
1668 4558 1953 4614 contraria:
1981 4558 2129 4629 cogi-

540 4654 768 4709 tationes
814 4652 1139 4715 efﬁciuntur,
1172 4659 1226 4706 et
1265 4666 1447 4720 opera.
1482 4649 1747 4705 Naturalis
1776 4658 1859 4705 est
1888 4650 1941 4704 in
1972 4648 2126 4705 nobis

539 4742 666 4799 boni
694 4743 929 4812 malique
954 4742 1252 4796 communis
1284 4742 1560 4807 discretio;
1591 4749 1921 4810 spontaneos
1947 4752 2125 4797 autem

540 4844 719 4891 motus
763 4837 814 4889 in
856 4834 939 4888 his
981 4849 1101 4903 qua:
1140 4833 1248 4903 jam
1296 4834 1529 4888 discreta
1577 4842 1631 4887 et
1667 4832 1938 4901 sequenda
1980 4842 2124 4891 sunt.

540 4927 717 4999 Ipsum
765 4926 855 4982 lex
900 4925 1112 4997 quidem
1155 4924 1359 4991 erudit;
1390 4925 1558 4996 gratia
1597 4934 1777 4982 autem
1826 4935 2127 4997 praeparat,

540 5018 785 5091 adjuvat,
817 5018 1163 5090 corroborat,
1198 5028 1442 5076 coronat.

1136 5131 1364 5189 CAPUT
1393 5131 1524 5189 XIII.

758 5225 838 5282 De
865 5228 1285 5300 consequentibus
1312 5236 1542 5283 eventum
1580 5226 1878 5284 voluntatis.

617 5339 687 5399 ι).
730 5342 859 5410 Quae
916 5351 1042 5399 sunt
1092 5344 1473 5412 consequentia
1527 5344 1821 5401 voluntatis
1872 5347 2132 5403 eventus?

543 5436 622 5492 Μ.
670 5440 931 5507 Quatuor.
978 5440 1231 5508 Quaedam
1278 5454 1420 5495 enim
1472 5442 1526 5497 in
1566 5444 1672 5499 hac
1710 5450 1965 5510 vita,au:
1991 5430 2131 5501 bona

542 5528 730 5594 bonis,
762 5539 818 5587 et
846 5533 985 5587 mala
1015 5532 1169 5588 malis
1209 5534 1498 5602 eveniunt,
1534 5543 1589 5589 ut
1637 5536 1867 5591 Abrahae
1909 5552 2131 5608 prospe-

542 5624 673 5678 ritas
702 5620 857 5694 (Gen.
907 5640 1035 5689 xttt,
1067 5625 1143 5696 6),
1200 5635 1255 5680 et
1310 5623 1441 5680 Cain
1489 5641 1644 5697 poena
1695 5626 1849 5701 (Gen.
1883 5644 1969 5696 tv,
2019 5630 2130 5703 Il).

542 5717 650 5771 Aut
675 5724 861 5771 contra
882 5757 896 5782 ,
930 5717 1067 5772 bona
1101 5715 1283 5782 malis,
1316 5726 1369 5772 et
1399 5718 1534 5773 mala
1569 5719 1741 5786 bonis,
1777 5730 1833 5774 ut
1864 5720 2014 5777 dives
2042 5721 2133 5791 qui

542 5809 599 5866 in
658 5810 944 5883 Evangelia
1000 5826 1170 5884 usque
1222 5812 1289 5868 ad
1347 5824 1570 5869 mortem
1626 5814 1752 5871 felix
1809 5815 2137 5872 describitur

546 5899 696 5973 (Luc.
749 5904 848 5973 16,
899 5904 1024 5972 19);
1074 5920 1105 5965 e
1150 5913 1339 5965 contra
1385 5904 1617 5965 Lazarus
1667 5907 1936 5967 ulceribus
1978 5918 2139 5977 atque

2175 617 2282 673 illis
2349 616 2599 671 utralibet
2641 612 2950 676 retributio;
2999 621 3057 666 ut
3124 626 3222 680 pro
3280 609 3487 679 Ioseph
3566 603 3828 661 vendito

2176 710 2337 785 (Gen.
2382 726 2447 775 ι,
2504 706 2596 778 18)
2641 706 2784 762 nulla
2834 703 2965 759 ultio
3014 704 3267 759 fratribus
3315 702 3636 771 irrogatur.
3704 694 3829 750 Nec

2180 816 2334 859 socer
2386 800 2553 872 Moysi
2612 813 2710 870 pro
2762 797 2996 869 regendo
3052 797 3249 867 p0pulo
3297 794 3609 850 consilium
3671 789 3829 845 dans

2183 876 2381 965 (Exod.
2419 910 2579 962 svnt,
2607 892 2720 964 I7),
2749 890 2874 946 licet
2903 889 3179 956 laudetur,
3219 904 3248 943 a
3282 888 3392 945 Deo
3424 887 3633 955 aliqua
3666 898 3831 939 mer-

2181 988 2315 1044 cede
2363 986 2613 1042 donatur.
2668 984 2737 1039 ο.
2777 984 2920 1050 Quas
2968 982 3122 1053 hujus
3170 981 3500 1037 diversitatis
3560 977 3828 1033 dicimus

2183 1082 2408 1136 causas?
2440 1079 2519 1134 Μ.
2560 1077 2841 1147 Aliquibus
2882 1076 2969 1131 hic
3007 1090 3240 1145 congrua
3283 1072 3713 1142 rependuntur,
3756 1084 3831 1123 ne

2185 1170 2418 1229 mundus
2464 1185 2575 1225 non
2618 1176 2834 1240 putetur
2881 1166 3216 1236 providentia
3262 1165 3439 1220 divina
3488 1163 3626 1230 regi
3655 1201 3671 1224 ,
3720 1160 3827 1214 sed

2187 1263 2430 1323 casibus;
2456 1260 2614 1316 simul
2641 1268 2696 1315 ut
2718 1269 2771 1316 et
2791 1260 2958 1314 bonos
2983 1259 3242 1314 bonorum
3265 1242 3416 1326 copia
3442 1254 3827 1316 consoletur,

2190 1365 2246 1413 et
2290 1355 2461 1411 malos
2508 1353 2760 1409 similium
2806 1366 2964 1423 poena
3006 1350 3293 1405 deterreat.
3339 1346 3408 1402 At
3446 1360 3599 1401 vero
3652 1343 3829 1398 malis

2193 1449 2421 1506 felicitas
2453 1446 2797 1518 permittitur,
2829 1455 2883 1499 ut
2913 1442 3034 1498 boni
3062 1441 3355 1512 probentur
3383 1448 3437 1494 et
3483 1439 3729 1491 discant
3762 1448 3831 1487 ea

2195 1553 2542 1598 contemnere
2570 1555 2688 1610 qua:
2716 1538 2897 1593 vident
2924 1536 3157 1607 indignis
3183 1548 3366 1589 secum
3389 1545 3519 1586 esse
3555 1543 3834 1583 commu-

2197 1636 2285 1691 nia
2319 1653 2334 1689 :
2367 1634 2521 1690 bonis
2549 1643 2728 1689 autem
2757 1645 2908 1699 teque
2946 1628 3194 1683 accidunt
3232 1626 3390 1680 mala.
3434 1626 3552 1678 Aut
3589 1621 3834 1689 utrique

2198 1731 2383 1802 generi
2430 1728 2572 1784 nulla
2604 1727 2691 1782 hic
2722 1721 3175 1793 compensationis
3215 1719 3391 1788 imago
3435 1712 3829 1778 conceditur,

2202 1833 2259 1878 ut
2285 1821 2411 1875 alibi
2449 1829 2502 1875 et
2526 1818 2789 1889 judicium
2821 1825 2876 1871 et
2925 1817 3135 1884 plenam
3168 1828 3265 1882 pro
3308 1810 3521 1868 actibus
3573 1808 3834 1863 retribu-

2131 1912 2179 1973 B
2208 1919 2403 1973 tionem
2437 1914 2734 1970 certissime
2771 1912 3037 1981 possimus
3060 1920 3409 1978 cognoscere.
3437 1902 3508 1956 D.
3542 1901 3627 1956 Dn
3657 1915 3834 1970 quar—

2207 2019 2317 2064 tum
2346 2006 2585 2060 modum.
2619 2002 2697 2058 M.
2740 2003 2871 2056 Cum
2912 2001 2946 2054 ii
2987 2014 3161 2066 neque
3192 1996 3317 2052 mali
3350 1992 3558 2064 aliquid
3599 2007 3707 2061 per
3734 2006 3832 2055 se,

2204 2114 2377 2168 neque
2406 2097 2531 2151 boni
2561 2103 2870 2167 gesserunt,
2905 2092 3042 2146 bona
3073 2089 3393 2161 participant
3414 2095 3507 2139 aut
3545 2084 3739 2150 mala,
3776 2091 3835 2136 ut

2204 2192 2468 2255 infantes;
2517 2197 2609 2242 aut
2657 2186 2877 2241 forsitan
2930 2191 3119 2239 neutra
3142 2223 3157 2249 ,
3195 2190 3251 2235 ut
3281 2187 3406 2235 sunt
3437 2176 3728 2240 abortivi;
3763 2172 3837 2229 de

2207 2299 2430 2355 quorum
2454 2291 2510 2338 et
2537 2288 2677 2337 statu
2698 2322 2711 2348 ,
2737 2286 2791 2336 et
2815 2277 3036 2346 merito,
3066 2290 3225 2331 causa
3255 2272 3468 2330 subtilis
3497 2270 3837 2343 dubiusque

2212 2386 2465 2436 tractatus
2495 2386 2598 2434 est.

2800 2486 3027 2543 CAPUT
3059 2485 3198 2541 XIV.

2398 2584 2470 2639 De
2495 2584 2572 2639 Itis
2598 2598 2711 2651 quw
2735 2582 2801 2636 ad
2827 2582 3054 2653 futurum
3080 2578 3322 2633 siccatum
3352 2574 3641 2647 pertinent.

2286 2698 2356 2753 D.
2398 2696 2659 2766 Quoniam
2690 2710 2877 2751 omnes
2907 2694 3210 2765 regularum
3240 2699 3421 2763 partes
3450 2690 3523 2744 de
3562 2686 3836 2759 praesenti

2217 2792 2414 2848 smculo
2439 2788 2862 2856 complevitnus,
2892 2802 3010 2853 quae
3034 2785 3100 2839 ad
3132 2784 3364 2838 futurum
3393 2781 3681 2836 credimus
3710 2794 3837 2849 per-

2218 2882 2427 2938 linere?
2457 2880 2533 2934 Μ.
2558 2880 2796 2947 Quatuor
2826 2877 3061 2947 quidem.
3096 2877 3200 2929 Aut
3225 2874 3367 2929 enim
3401 2871 3719 2942 acceptatio
3751 2876 3836 2926 est

2220 2976 2338 3029 sive
2380 2972 2609 3037 vocatio,
2658 2979 2750 3024 aut
2779 2968 2977 3039 ﬁgura,
3008 2975 3099 3022 aut
3132 2965 3428 3037 praedictio,
3458 2972 3556 3020 aut
3597 2964 3839 3021 eﬂ'ectus

2221 3066 2305 3123 vel
2335 3067 2508 3122 exitus
2548 3063 2950 3136 praedictorum.

2818 3197 3047 3255 CAPUT
3090 3196 3186 3254 XV

2734 3290 2812 3348 De
2851 3291 3303 3365 acceptationibus.

2143 3285 2191 3350 C

2296 3406 2364 3462 D.
2393 3404 2564 3475 Quam
2583 3419 2841 3462 vocamus
2858 3405 3278 3476 acceptationem
3303 3404 3415 3460 sive
3439 3400 3836 3460 vocationem!

2222 3498 2303 3555 Μ.
2321 3500 2449 3554 Eam
2461 3542 2475 3566 ,
2491 3499 2711 3563 scilicet,
2729 3515 2829 3568 qua
2851 3499 2989 3553 Deus
3005 3498 3262 3568 quosdam
3283 3496 3529 3550 homines
3545 3496 3634 3551 vel
3659 3511 3832 3567 popu-

2222 3591 2303 3645 los
2338 3590 2585 3658 specialis
2606 3590 2791 3659 gratiae
2822 3588 3083 3642 beneflcio
3106 3587 3205 3642 sibi
3231 3587 3522 3642 conciliare
3544 3587 3834 3657 dignatur,

2224 3679 2452 3749 plusque
2487 3682 2628 3734 circa
2666 3694 2760 3735 eos
2786 3693 2947 3748 quam
2971 3674 3120 3733 circa
3180 3685 3407 3733 caeteros
3452 3677 3708 3733 homines
3753 3678 3831 3733 di-

2223 3772 2363 3827 vinae
2388 3771 2731 3843 indulgentiae
2753 3780 2808 3827 et
2828 3770 2981 3842 quasi
3006 3769 3294 3825 familiares
3324 3768 3533 3825 favores
3559 3769 3831 3826 ostendit.

2226 3864 2299 3921 ι).
2338 3864 2483 3933 Quot
2511 3872 2634 3919 sunt
2663 3862 3098 3932 acceptationes?
3127 3860 3205 3916 M.
3248 3861 3468 3918 Decem.
3507 3860 3570 3916 D.
3618 3861 3699 3916 Da
3744 3876 3832 3916 or-

2224 3958 2404 4015 dinem
2451 3957 2902 4027 acceptationum.
2951 3955 3032 4011 M.
3074 3956 3253 4011 Prima
3283 3966 3365 4016 est
3390 3954 3531 4011 beati
3560 3955 3830 4020 Abrahae;

2224 4050 2459 4108 secunda
2477 4091 2492 4117 ,
2522 4050 2699 4116 Isaac;
2725 4050 2878 4106 tertia
2900 4090 2915 4117 ,
2942 4049 3109 4106 Jacob
3136 4058 3191 4105 et
3220 4064 3287 4105 ex
3316 4063 3382 4105 eo
3411 4057 3660 4104 natorum
3695 4049 3830 4103 duo-

2228 4143 2403 4199 decim
2435 4142 2892 4213 patriarcharum;
2931 4151 3157 4212 quarta,
3206 4140 3376 4196 tribus
3401 4139 3575 4205 Iuda;
3618 4138 3828 4210 quinta,

2230 4234 2399 4289 totius
2454 4234 2637 4305 populi
2693 4234 2746 4288 in
2805 4232 3078 4305 Egyplo;
3134 4240 3321 4299 sexta,
3382 4230 3550 4286 sancti
3613 4230 3826 4295 David;

2230 4325 2494 4393 septima,
2550 4325 2742 4381 domus
2774 4325 2940 4395 ipsius
2986 4324 3154 4380 David
3178 4369 3192 4392 ,
3236 4333 3292 4379 et
3331 4338 3428 4394 per
3460 4323 3632 4392 ipsam
3668 4323 3831 4378 totius

2232 4416 2403 4473 tribus
2445 4417 2581 4474 Juda
2615 4434 2628 4471 :
2661 4426 2880 4483 octava,
2931 4416 3137 4471 reditus
3176 4416 3356 4486 populi
3384 4430 3451 4470 ex
3490 4415 3827 4485 captivitate;

2232 4525 2403 4577 nona,
2437 4509 2647 4565 Domini
2681 4510 2846 4565 nostri
2873 4509 2999 4565 Jesu
3019 4507 3215 4565 Christi
3245 4507 3539 4563 secundum
3569 4521 3823 4572 carnem;

2234 4618 2393 4674 quam
2424 4602 2526 4659 sibi
2555 4603 2747 4659 uniens
2778 4601 2873 4657 Dei
2906 4602 3071 4658 Filius
3110 4617 3174 4658 ex
3202 4616 3398 4672 genere
3423 4600 3614 4668 David,
3648 4610 3698 4655 et
3735 4612 3826 4669 per

2234 4713 2357 4754 eum
2389 4712 2454 4754 ex
2483 4696 2753 4752 Abraham
2783 4704 2943 4766 atque
2982 4710 3048 4751 ex
3079 4694 3246 4750 Adam
3270 4736 3286 4761 ,
3314 4695 3552 4749 omnium
3584 4702 3825 4749 nostrum

2235 4792 2393 4847 saluti
2442 4790 2857 4861 remissionique
2905 4791 3180 4859 prospexit
3231 4808 3243 4843 :
3292 4789 3538 4857 decima,
3586 4788 3823 4843 omnium

2235 4885 2473 4956 gentium
2505 4899 2601 4954 per
2640 4883 3095 4953 dispensationem
3125 4882 3508 4939 incarnationis
3536 4881 3701 4953 ipsius
3734 4877 3825 4935 Dei

2237 4988 2290 5034 et
2319 4977 2613 5034 Salvatoris
2642 4976 2833 5031 nostri.
2868 4975 2933 5029 ο.
2968 4976 3102 5045 Quid
3133 4976 3303 5047 ergo?
3326 4973 3466 5031 Justi
3493 4982 3548 5029 et
3576 4973 3685 5028 Deo
3716 4971 3823 5041 pla-

2237 5079 2422 5126 centes
2452 5076 2575 5124 ante
2600 5067 2870 5124 Abraham
2904 5067 3146 5123 homines
3178 5082 3284 5122 non
3313 5065 3558 5121 fuerunt?
3582 5062 3658 5118 Μ.
3688 5061 3823 5118 Fue-

2237 5170 2361 5216 runt
2390 5159 2605 5231 quidem
2638 5175 2652 5216 :
2683 5159 2878 5231 quippe
2916 5173 3038 5214 cum
3069 5160 3166 5228 ﬁlii
3194 5158 3291 5213 Dei
3321 5157 3570 5228 appellati
3601 5155 3703 5210 sint
3733 5149 3819 5222 qui

2239 5272 2303 5312 ex
2336 5256 2467 5313 Seth
2500 5257 2709 5312 fuerant
2740 5256 3077 5327 progenerati
3110 5254 3262 5325 (Gen.
3305 5269 3388 5317 vt,
3443 5252 3529 5323 2);
3562 5260 3615 5307 et
3642 5243 3820 5305 Enoch

2239 5350 2529 5406 translatus
2572 5351 2669 5416 sit;
2715 5350 2828 5406 Noe
2873 5348 3144 5418 pereuntis
3186 5345 3368 5401 mundi
3420 5350 3706 5401 renovator
3747 5336 3820 5393 cI-

2238 5443 2439 5508 fectus;
2488 5452 2542 5497 et
2594 5440 3021 5505 Melchisedech,
3067 5440 3262 5495 sunnni
3306 5436 3601 5494 sacerdotis
3646 5447 3817 5490 exem-

2239 5536 2405 5605 plum.
2434 5534 2539 5591 Sed
2569 5534 2620 5588 in
2652 5532 2769 5589 istis
2798 5548 2901 5586 non
2934 5532 3110 5587 divina
3140 5531 3453 5601 acceptatio,
3485 5529 3535 5585 id
3563 5535 3676 5595 est,
3704 5538 3819 5595 spe-

2239 5631 2390 5686 cialis
2413 5631 2497 5685 illa
2522 5628 2853 5684 familiaritas
2875 5636 2929 5684 et
2954 5628 3101 5681 favor
3123 5626 3452 5691 ostenditur;
3477 5623 3570 5679 sed
3594 5623 3815 5692 ipsorum

2237 5724 2439 5794 justitia
2472 5722 2794 5780 declaratur.
2833 5721 2911 5776 Ad
2961 5720 3228 5775 Abraham
3280 5733 3407 5773 vero
3454 5717 3548 5772 Dei
3580 5713 3817 5783 frequens

2245 5816 2496 5873 allocutio
2522 5826 2576 5870 et
2621 5814 2771 5885 quasi
2817 5812 3089 5873 convictus
3112 5851 3127 5879 ,
3160 5825 3223 5867 ac
3254 5825 3348 5883 per
3380 5808 3587 5883 singula
3617 5806 3816 5876 dispen-

2239 5909 2399 5977 satio,
2432 5906 2765 5980 probationis
2793 5905 3061 5980 promissa
3089 5904 3344 5979 praemia,
3378 5904 3433 5963 in
3461 5910 3704 5978 posteros
3738 5908 3816 5955 re-

2154 4673 2206 4736 D
