4038 6350
252 252 319 310 53
1287 242 1376 300 DE
1413 235 1754 300 PARTIBUS
1792 232 1933 293 DIV.
1971 231 2179 294 LEGIS
2224 232 2353 293 LIB.
2394 231 2488 292 II.‘

251 369 477 432 cardatio
498 411 513 436 ,
536 364 642 423 vim
670 364 859 423 miram
889 363 1080 420 divina:
1108 361 1488 434 acceptationis
1512 358 1823 417 ostendunt.
1854 357 1911 417 Α

250 464 497 521 Similiter
538 470 593 518 et
629 461 769 515 circa
808 467 1037 514 caeteros
1085 472 1246 527 supra
1293 456 1501 520 dietos,
1547 452 1833 525 peculiaris

249 556 453 628 quidam
500 553 795 609 divinitatis
838 553 1009 616 favor,
1050 558 1105 605 et
1129 549 1280 620 quasi
1316 563 1409 619 per
1440 547 1679 618 singulos
1711 544 1834 600 vita:

248 659 391 707 actus
430 649 605 719 palam
647 647 951 717 dispensata
976 644 1323 717 gubernatio,
1358 643 1685 714 praecipuum
1712 655 1834 712 gra-

248 746 329 799 tia:
358 741 891 797 declaratauxilium.
923 738 991 794 D.
1020 738 1195 806 Quare
1229 740 1339 793 haec
1371 737 1437 792 ad
1462 737 1699 791 futurum
1731 750 1835 790 sa:-

246 837 415 891 culum
474 835 700 889 dicimus
752 832 1055 903 pertinere,
1106 846 1227 886 cum
1279 831 1332 884 in
1376 828 1630 899 praesenti
1679 834 1832 897 gesta

246 929 387 983 sint?
437 926 515 980 Μ.
550 927 681 993 Quia
725 938 1055 995 unaquteque
1097 937 1183 978 res
1226 938 1291 977 ex
1331 921 1525 976 effectu
1572 918 1831 988 perspici-

245 1031 355 1082 tur,
378 1028 429 1071 ct
448 1017 635 1073 eadem
664 1026 745 1071 est
770 1019 888 1070 facti
916 1028 1096 1078 causa,
1124 1025 1282 1084 atque
1309 1011 1554 1067 facientis
1580 1010 1827 1073 intentio.

246 1112 312 1165 Ι).
350 1110 519 1164 Proba
564 1110 747 1164 harum
777 1108 1201 1177 acceptationum
1228 1121 1415 1162 causas
1444 1106 1509 1161 ad
1540 1106 1715 1160 futura
1747 1118 1831 1160 re-

242 1202 466 1270 Spirere.
499 1199 577 1255 Μ.
619 1200 868 1256 Gentium
917 1200 1050 1255 ﬁdes
1081 1214 1178 1269 pro
1207 1214 1303 1269 spe
1334 1198 1456 1253 vitae
1485 1207 1701 1253 aeterna:
1740 1212 1829 1252 re-

242 1290 490 1363 ligionem
534 1295 775 1363 sequitur
822 1291 1199 1348 Christianam.
1244 1291 1377 1353 Nam
1423 1290 1670 1345 Christus
1713 1288 1830 1359 ipsa

242 1383 498 1439 Dominus
543 1394 653 1439 toto
686 1384 939 1439 doctrinae
968 1398 1079 1439 Sua:
1110 1383 1349 1439 remedio
1379 1391 1701 1452 actuumque
1729 1380 1830 1436 mi-

241 1477 467 1543 raculis,
521 1491 623 1531 nec
671 1492 777 1532 non
827 1477 1221 1532 resurrectione
1267 1485 1429 1546 atque
1472 1475 1824 1539 ascensione,

241 1570 468 1627 loturam
510 1576 672 1628 vitam
714 1574 925 1640 docuit,
960 1573 1237 1642 premisit,
1267 1571 1622 1643 approbavit,
1652 1572 1831 1625 indul-

238 1665 325 1718 sit.
378 1665 498 1720 .lam
543 1675 767 1721 cmtcras
812 1666 1247 1736 acceptatioues,
1295 1665 1412 1734 quis
1464 1678 1561 1735 pro
1605 1663 1831 1719 Domino

2516 361 2742 422 CAPUT
2771 361 2936 419 XVII.

2391 459 2466 515 De
2494 458 2791 527 differentiis
2821 466 3074 527 typorum.

2006 571 2078 628 D.
2144 573 2284 642 Quot
2337 583 2464 630 sunt
2523 582 2769 645 typorum
2833 569 2921 626 vel
2981 568 3271 639 ﬁgurarum
3339 568 3530 624 modi?

1936 666 2018 721 Μ.
2050 666 2424 738 Principaliter
2444 677 2694 737 quatuor.
2722 668 2827 720 Aut
2846 663 2988 721 enim
3015 672 3161 732 grata
3187 661 3349 732 gratis
3374 660 3531 729 signi-

1935 757 2183 825 ﬁcantur,
2214 767 2308 814 aut
2349 768 2540 815 mmsta
2574 760 2814 826 maestis;
2855 767 2946 813 aut
2984 765 3133 827 grata
3163 756 3367 811 unxistis
3388 798 3403 825 ,
3439 764 3533 812 aut

1936 849 2101 919 gratis
2143 859 2355 905 moesta.
2407 850 2473 903 D.
2516 850 2593 904 Da
2635 850 2880 920 exempla
2923 864 3017 920 per
3049 849 3285 918 singulos
3318 849 3525 904 modos.

1936 940 2016 997 Μ.
2055 942 2219 999 Grata
2249 944 2461 1014 quidem
2486 943 2651 1013 gratis
2700 944 3093 1013 signiﬁcantur,
3122 952 3181 998 nt
3210 942 3416 997 Domini
3446 957 3533 997 se-

1934 1034 2167 1090 cundum
2214 1050 2429 1092 carnem
2474 1035 2800 1090 resurrectio
2841 1044 2895 1088 ct
2943 1034 2993 1088 in
3040 1035 3191 1090 caelis
3246 1032 3525 1098 habitatio,

1937 1125 2121 1180 formae
2145 1137 2343 1181 nostrae
2367 1126 2796 1191 resurrectionis,
2821 1134 2875 1180 et
2901 1125 3093 1180 futurae
3117 1124 3278 1194 justis
3309 1125 3361 1178 in
3389 1125 3529 1178 ccelo

1935 1218 2284 1273 habitationis
2314 1218 2565 1273 iudicium
2591 1258 2607 1285 ,
2640 1218 2781 1272 sicut
2809 1217 2935 1272 dicit
2966 1218 3253 1283 Apostolus
3286 1234 3299 1270 :
3334 1215 3529 1269 Μονιηὶ

1932 1310 2069 1362 enim
2102 1311 2248 1374 estis,
2278 1319 2325 1362 et
2354 1311 2456 1363 vita
2486 1320 2652 1363 vestra
2680 1307 2978 1363 abscondita
3006 1317 3081 1361 est
3110 1324 3224 1360 cum
3249 1306 3448 1360 Christo
3476 1308 3527 1358 in

1932 1400 2041 1455 Deo
2066 1400 2286 1474 (Coloss.
2310 1444 2325 1470 ,
2355 1418 2445 1471 ιιι,
2476 1404 2557 1473 5).
2584 1401 2772 1457 Moesta
2792 1417 2920 1456 vero
2948 1403 3159 1457 mmstis
3183 1405 3531 1470 prtetiguran-

1932 1500 2039 1559 tur,
2069 1503 2126 1546 ut
2170 1491 2367 1547 diaboli
2395 1493 2812 1564 angelorumque
2833 1494 2949 1561 ejus
2972 1490 3220 1562 dejectio,
3251 1499 3305 1546 et
3339 1493 3530 1545 l’uturze

1936 1596 2106 1651 pmnac
2139 1584 2486 1651 repromissio
2507 1624 2520 1647 ,
2552 1582 2717 1653 ﬁgura
2750 1592 2833 1638 est
2861 1598 3047 1637 eorum
3080 1583 3166 1652 qui
3201 1598 3296 1651 pro
3335 1583 3529 1637 simili-

1936 1673 2120 1726 tudine
2165 1688 2385 1741 Operutn
2438 1676 2607 1744 pwnis
2647 1674 2912 1728 similibus
2956 1674 3337 1738 detrudeutur;
3389 1674 3531 1728 sicut

237 1758 696 1829 sacramentisque
759 1760 968 1827 ignorat
1019 1757 1281 1813 effectus?
1345 1757 1466 1825 Ipse
1522 1755 1824 1822 Abraham,
1860 1753 1907 1812 B
1934 1770 1988 1816 et
2018 1761 2203 1816 beatus
2236 1763 2424 1816 Petrus
2459 1765 2645 1817 eadem
2679 1763 2845 1837 forma
2882 1764 2948 1817 ad
2980 1763 3333 1817 deterrendos
3364 1763 3528 1817 utitur

241 1848 418 1914 Isaac,
458 1850 646 1918 Iacob,
692 1852 1021 1922 promittitur
1066 1852 1293 1905 salutem
1324 1852 1573 1921 gentibus
1611 1850 1830 1905 collatu-

237 1956 350 1995 rus.
385 1942 611 2012 PrOpter
637 1959 758 1998 eum
805 1943 1035 1998 Abrahae
1065 1958 1247 1998 semen
1276 1959 1305 1996 a
1337 1944 1548 1997 cmteris
1582 1942 1828 2012 gentibus

236 2046 587 2102 segregatur;
618 2045 670 2089 et
711 2045 928 2104 propter
978 2035 1153 2103 ipsum
1190 2034 1343 2089 Judae
1396 2034 1562 2087 tribus
1591 2044 1644 2088 et
1673 2034 1831 2087 bene-

235 2122 479 2178 dictione
511 2126 786 2193 przccellit,
819 2134 872 2180 et
902 2124 955 2179 in
980 2124 1338 2193 captivitatem
1376 2124 1556 2177 ultima
1590 2123 1824 2189 ducitur,

237 2226 286 2272 et
335 2217 508 2286 prima
559 2218 827 2283 salvatur;
884 2217 1004 2287 quia
1052 2232 1116 2271 ex
1170 2218 1282 2285 ipsa
1314 2217 1569 2271 Dominus
1608 2231 1824 2270 carnem

238 2311 532 2381 sumpsisse
556 2311 801 2380 dignatus
827 2320 940 2378 cst,
965 2310 1101 2365 adeo
1130 2318 1186 2364 ut
1214 2324 1279 2365 ex
1312 2310 1401 2362 illa
1432 2309 1597 2363 Judaei
1630 2308 1828 2363 iuerint

240 2404 544 2473 nuucupati.
580 2402 727 2473 Ipse,
766 2403 926 2458 David
967 2403 1258 2473 domuique
1288 2403 1404 2473 ejus
1431 2418 1493 2457 ac
1546 2402 1706 2456 tribui
1737 2419 1825 2456 re-

241 2499 586 2566 promittitur,
611 2498 664 2552 in
692 2507 1002 2568 perpetuum
1028 2496 1094 2553 de
1113 2497 1228 2567 ejus
1255 2498 1459 2552 semine
1487 2507 1824 2567 regnaturus.

242 2588 395 2657 Igitur
416 2590 463 2642 si
485 2588 618 2642 ﬁdes
639 2590 875 2659 gentium
918 2603 1015 2658 pro
1039 2588 1145 2642 vita
1184 2586 1357 2643 futura
1378 2629 1392 2653 ,
1425 2588 1621 2643 Christi
1654 2589 1827 2641 IIICJI"

244 2682 379 2734 natio
421 2695 518 2748 pro
563 2681 666 2735 ﬁde
695 2679 930 2748 gentium
958 2679 1059 2733 fuit
1106 2679 1264 2746 facta,
1292 2694 1480 2734 omnes
1506 2680 1827 2747 acceptatio-

244 2787 359 2826 num
405 2772 578 2827 series
624 2770 951 2825 adfuturum
983 2772 1237 2825 sacculum
1286 2773 1553 2841 pertinere
1600 2786 1663 2826 ex
1709 2770 1824 2837 ipsa

245 2863 531 2919 intentione
556 2864 842 2934 colligitur.
876 2863 1001 2918 Hazc
1044 2872 1223 2918 autem
1282 2864 1460 2918 omnia
1498 2864 1659 2918 etiam
1692 2862 1825 2917 Novi

246 2971 300 3012 ac
327 2958 540 3014 Veteris
572 2957 901 3012 Testameuti
934 2957 1257 3012 testimoniis
1287 2956 1443 3012 facile
1472 2956 1826 3027 comproban-

246 3054 336 3129 tur,
365 3063 494 3106 cum
521 3048 721 3119 ubique
751 3048 989 3119 dispersa
1015 3050 1143 3104 sint.

835 3143 1061 3200 CAPUT
1100 3142 1243 3199 XVI.

899 3236 978 3293 De
1006 3239 1161 3309 typis.

313 3329 373 3387 ι).
400 3328 543 3400 Quid
570 3338 653 3386 cst
679 3328 873 3401 typus?
895 3328 973 3383 Μ.
1000 3322 1171 3397 Quam
1195 3342 1290 3384 nos
1319 3326 1541 3398 ﬁguram
1570 3327 1828 3394 dicimus,

245 3424 354 3479 sive
383 3423 648 3486 formam;
678 3423 817 3478 sicut
846 3420 976 3476 dicit
1019 3422 1307 3491 Apostolus
1352 3438 1363 3473 :
1404 3420 1589 3474 Omnia
1617 3421 1748 3474 enim
1780 3421 1831 3474 in

246 3516 399 3588 ﬁgura
445 3517 799 3585 contingebant
838 3515 943 3567 illis
997 3512 1052 3584 (I
1095 3513 1213 3568 Cor.
1246 3531 1309 3583 χ,
1344 3512 1453 3582 II).
1490 3514 1558 3569 Et
1587 3515 1776 3568 iterum
1813 3530 1826 3566 :

246 3610 398 3662 Adam
428 3608 519 3679 qui
559 3616 631 3661 est
675 3611 839 3676 [arma
882 3605 1043 3676 futuri
1102 3608 1280 3678 (flant.
1323 3622 1376 3672 v,
1411 3607 1518 3675 14).
1550 3608 1656 3661 Nec
1687 3608 1829 3661 enim

244 3699 333 3753 abs
358 3715 418 3755 re
473 3707 555 3754 est
592 3714 751 3752 unum
782 3699 979 3767 aliquid
1012 3698 1193 3753 multis
1219 3699 1503 3769 signiﬁcari
1533 3699 1827 3755 vocabulis.

244 3786 307 3843 υ.
334 3789 476 3857 Quid
503 3800 585 3844 est
608 3803 735 3858 ergo
762 3798 939 3858 typus,
963 3789 1074 3842 sive
1102 3788 1307 3858 ﬁgura?
1340 3788 1417 3843 Μ.
1448 3790 1791 3845 Ριωδοιιιίιιιιι
1813 3829 1829 3858 ,

244 3890 328 3936 aut
357 3883 786 3952 praeteritarum,
819 3890 910 3935 aut
946 3880 1245 3935 futurarum
1280 3897 1456 3935 rerum
1489 3882 1787 3950 ignotarum
1814 3922 1828 3949 ,

246 3990 335 4045 per
362 3990 528 4047 Opera
558 3974 894 4044 (secundum
936 3976 986 4031 id
1035 3975 1175 4045 quod
1207 3989 1367 4044 Opera
1414 3976 1577 4047 sunt)
1611 3977 1833 4031 manife-

244 4068 423 4121 statio.
460 4065 525 4119 Η.
572 4067 641 4131 Da
692 4069 1082 4136 praeteritorum
1116 4075 1291 4137 typos.
1338 4066 1415 4123 Μ.
1462 4066 1527 4121 lit
1559 4080 1639 4122 est
1683 4080 1829 4123 cate-

241 4156 629 4214 chumenorum
676 4157 989 4224 humilitas;
1038 4170 1219 4229 typum
1264 4160 1405 4214 enim
1470 4169 1662 4229 gerunt
1706 4161 1834 4215 Adae

242 4258 492 4327 paradiso
521 4259 757 4325 exclusi,
787 4267 843 4314 et
872 4274 936 4313 ex
983 4257 1312 4313 conscientia
1371 4256 1687 4310 delictorum
1750 4256 1833 4309 di-

240 4350 425 4404 vinum
477 4350 764 4405 metuentis
822 4358 1137 4417 aspectum,
1194 4357 1411 4414 prOpter
1450 4347 1590 4412 quod
1631 4356 1685 4401 ct
1744 4362 1836 4412 per

239 4440 518 4511 publicum
549 4440 813 4509 capitibus
861 4440 1011 4493 tectis
1043 4438 1315 4491 incedunt.
1361 4436 1429 4490 D.
1472 4437 1544 4490 Da
1588 4438 1641 4491 in
1692 4452 1831 4507 pra:-

1934 1864 2246 1923 peccatores
2266 1897 2281 1921 ,
2313 1857 2499 1911 dict-ns
2525 1857 2592 1911 de
2623 1860 2730 1910 Deo
2768 1874 2780 1909 :
2820 1858 2955 1922 Quia
2984 1865 3031 1910 et
3076 1856 3271 1927 angelis
3314 1872 3530 1926 peccan-

1933 1949 2065 2001 tibus
2096 1966 2195 2001 non
2222 1952 2479 2019 pepercit,
2514 1950 2601 2001 sed
2633 1948 2918 2002 carceribus
2942 1951 3179 2021 caliginis
3209 1952 3420 2005 tradidit
3444 1966 3529 2006 eos

1932 2038 2001 2109 (1
2046 2040 2188 2094 Petr.
2234 2058 2301 2109 ιι,
2344 2044 2436 2112 li).
2491 2042 2704 2097 Tertius
2758 2042 2947 2096 modus
2999 2053 3116 2108 est,
3156 2060 3275 2098 cum
3318 2046 3527 2100 maestis

1929 2147 2076 2202 grata
2109 2136 2497 2203 signiﬁcantur,
2542 2144 2600 2189 ut
2650 2136 2781 2189 Atla:
2829 2137 3182 2204 transgressio
3238 2148 3393 2208 typus
3432 2138 3530 2192 fuit

1926 2224 2146 2292 justitiae
2200 2226 2495 2280 Salvatoris
2549 2227 2751 2289 nostri,
2804 2225 2940 2278 sicut
2991 2226 3179 2280 beatus
3237 2227 3528 2295 Apostolus

1931 2318 2085 2371 docet
2131 2334 2145 2371 :
2200 2320 2333 2383 Quia
2379 2319 2510 2371 sicut
2550 2335 2642 2389 per
2684 2318 3080 2372 inobedientiam
3121 2321 3273 2372 unius
3302 2320 3526 2375 hominis

1930 2422 2212 2479 peccnmses
2243 2412 2501 2464 constituti
2526 2424 2645 2465 sunt
2673 2414 2849 2478 multi,
2880 2414 2952 2466 sic
2980 2414 3134 2466 etiam
3162 2430 3251 2483 per
3281 2414 3521 2469 obedien-

1931 2501 2053 2552 tiam
2097 2518 2245 2554 unius
2293 2504 2513 2556 hominis
2544 2504 2676 2574 justi
2707 2507 3081 2557 constituentur
3110 2506 3279 2558 multi.
3312 2506 3521 2577 Regna-

1896 2656 1905 2661 _
1931 2594 1997 2644 vit
2022 2594 2151 2646 enim
2178 2611 2309 2647 mors
2339 2596 2402 2648 ab
2431 2596 2595 2647 Adam
2630 2611 2786 2666 usque
2816 2599 2883 2650 ad
2907 2595 3154 2667 Moysen,
3185 2600 3337 2652 etiam
3361 2600 3415 2653 in
3440 2616 3526 2656 eos

1930 2685 2016 2754 qui
2057 2701 2156 2738 non
2199 2698 2529 2753 prcctrcrunt
2553 2727 2568 2754 ,
2608 2689 2661 2740 in
2689 2689 3074 2743 similitudinem
3103 2694 3526 2762 transgressionis

1931 2778 2086 2844 Adae,
2117 2779 2204 2848 qui
2233 2789 2303 2832 est
2341 2782 2509 2847 [arma
2547 2781 2712 2849 futuri
2750 2780 2934 2853 (Rom.
2975 2797 3030 2849 ν,
3065 2784 3151 2858 19,
3180 2783 3313 2854 li),
3342 2784 3394 2839 id
3421 2796 3523 2853 est,

1934 2880 2110 2941 typus.
2165 2873 2220 2925 Iit
2268 2872 2459 2927 Graeco
2512 2876 2685 2941 cnim,
2735 2883 2920 2945 typus,
2969 2878 3278 2945 specialiter
3308 2880 3522 2950 legitur.

1929 2962 2162 3019 Secundi
2206 2980 2334 3036 ergo
2367 2968 2567 3034 Adam,
2600 2969 2653 3023 id
2681 2981 2798 3036 est,
2841 2968 3074 3037 Christi,
3120 2974 3320 3043 gratia,
3351 2974 3523 3032 forma

1930 3057 2015 3111 vel
2056 3066 2214 3127 typus
2254 3058 2351 3112 fuit
2393 3061 2834 3131 transgressionis
2862 3063 2991 3118 Adae
3024 3080 3119 3133 per
3148 3068 3479 3123 contrarium
3503 3108 3522 3137 ,

1859 3139 1906 3202 C
1936 3151 2459 3220 scilicet,,ﬁgurata.
2494 3154 2724 3220 Quartus
2778 3156 2969 3210 modus
3020 3169 3134 3221 est,
3189 3173 3309 3213 cum
3355 3160 3525 3229 gratis
3560 3144 3581 3161 ’

1936 3252 2127 3297 maesta
2171 3244 2492 3311 ﬁgurantur,
2536 3257 2592 3297 ut
2632 3247 2935 3315 baptisma;
2976 3249 3175 3302 etenim
3231 3251 3394 3317 figura
3437 3260 3527 3309 est

1935 3333 2125 3389 mortis
2150 3334 2358 3388 Domini
2381 3335 2549 3391 nostri
2575 3336 2701 3391 Jesu
2729 3335 2945 3401 Christi,
2976 3340 3113 3393 sicut
3139 3339 3267 3395 dicit
3299 3344 3527 3411 Aposto-

1935 3427 2019 3483 lus
2069 3444 2081 3480 :
2133 3428 2391 3499 Quotquot
2438 3431 2573 3485 enim
2619 3432 2862 3503 baptizati
2905 3434 3053 3501 estis,
3096 3439 3150 3490 in
3195 3447 3353 3491 morte
3398 3436 3527 3493 Iesu

1935 3521 2125 3577 Christi
2158 3524 2398 3594 baptismi
2445 3525 2562 3580 estis
2609 3525 2785 3597 (Rom.
2826 3542 2912 3593 vl,
2944 3528 3025 3598 5).
3062 3529 3194 3595 Quid
3246 3531 3389 3585 enim
3432 3543 3526 3587 aut

1933 3614 2254 3686 baptismate
2292 3619 2528 3687 gratius,
2564 3619 2651 3674 ubi
2684 3636 2709 3672 a
2746 3632 2964 3690 peceato
2995 3636 3304 3694 purgamur,
3338 3632 3392 3678 et
3420 3640 3526 3695 quo

1936 3706 2028 3761 ﬁlii
2080 3707 2174 3762 Dei
2221 3706 2513 3775 efﬁcimur;
2567 3718 2659 3763 aut
2713 3724 2884 3765 morte
2924 3711 3203 3778 maestius,
3247 3713 3313 3767 ad
3360 3730 3521 3783 quam

1934 3798 2049 3867 ipse
2076 3813 2286 3868 quoque
2312 3800 2401 3869 qui
2441 3814 2558 3854 eam
2603 3799 2777 3875 fuerat
2823 3812 3013 3870 sponte
3053 3813 3393 3873 sumpturus,
3440 3814 3523 3859 ta-

1936 3905 2057 3946 men
2091 3902 2313 3946 ιιιωειιιε
2344 3892 2610 3947 accessit?
2644 3892 2708 3946 1).
2751 3894 2882 3960 Quae
2910 3895 3010 3947 alia
3060 3896 3201 3965 typis
3240 3896 3526 3972 accidunt?

1940 3987 2015 4042 Μ.
2047 3987 2372 4057 Temporum
2402 3987 2721 4043 diﬁ‘crentia.
2753 3988 2881 4042 Nam
2912 3992 3155 4059 quaedam
3182 3999 3305 4046 ante
3330 3991 3524 4061 Legem

1936 4093 2094 4149 sunt,
2144 4092 2201 4138 ut
2246 4084 2379 4139 Abel
2425 4099 2455 4136 a
2507 4084 2671 4137 fratre
2721 4084 2930 4139 occisus
2975 4084 3169 4139 Christi
3222 4088 3523 4155 passionem

1938 4175 2317 4245 praeﬁgurabat
2372 4172 2528 4245 (Gen.
2571 4191 2644 4242 tv,
2678 4176 2734 4245 8)
2767 4193 2779 4229 :
2814 4186 2871 4231 et
2911 4176 3023 4230 Noe
3075 4190 3194 4228 arca
3237 4177 3525 4231 Ecclesium

1939 4267 2095 4338 (Gen.
2135 4283 2234 4331 vn,
2261 4270 2355 4336 7);
2386 4276 2440 4323 et
2467 4276 2661 4323 caetera
2702 4269 2920 4322 similia.
2952 4268 3205 4333 Quaedam
3258 4282 3386 4321 vero
3426 4268 3527 4321 sub

1940 4359 2084 4428 Lege
2104 4397 2118 4420 ,
2149 4368 2205 4410 ut
2235 4357 2401 4425 ipsius
2428 4358 2595 4427 Moysi
2626 4372 2799 4423 mors,
2830 4367 2883 4411 et
2911 4356 3249 4429 Jcsugloria.
3275 4356 3529 4423 Quzedam

1940 4450 2040 4504 sub
2067 4448 2250 4504 Gratia
2279 4489 2294 4515 ,
2329 4458 2385 4503 ut
2414 4448 2802 4517 baptizatorum
2832 4448 3168 4512 indumenta,
3199 4456 3251 4502 et
3282 4449 3530 4504 sacerdo-

236 4532 515 4590 sentibus.
539 4529 619 4583 Μ.
648 4530 714 4586 Ut
734 4533 912 4585 Aaron
938 4531 1118 4596 vestis,
1146 4545 1250 4600 qua
1291 4529 1571 4585 duodecim
1598 4530 1833 4585 tribuum
1865 4515 1916 4574 Ῑ)
1943 4549 2053 4597 tum
2088 4550 2285 4607 vestes,
2316 4548 2368 4596 et
2396 4515 2649 4595 dominici
2680 4540 2921 4608 corporis
2950 4539 3308 4609 participatio,
3339 4549 3393 4595 et
3420 4544 3531 4597 sin.

244 4626 467 4682 numina
497 4623 759 4693 lapidibus
787 4623 943 4678 insita
990 4625 1262 4694 gestabat,
1295 4623 1583 4679 ostendens
1620 4638 1679 4680 se
1705 4639 1835 4695 quo-

248 4717 535 4775 :latmuodo
560 4732 656 4788 pro
683 4718 825 4772 omni
857 4716 1050 4788 popqu
1078 4716 1397 4785 supplicare.
1428 4716 1499 4772 D.
1540 4717 1615 4770 Da
1657 4718 1724 4773 de
1756 4717 1833 4771 fu.

248 4812 401 4866 .uris.
437 4807 514 4862 Μ.
557 4808 613 4863 In
636 4808 743 4863 ‘his
771 4809 915 4863 nulla
947 4818 1029 4864 est
1057 4808 1342 4864 difﬁcultas
1387 4826 1398 4862 :
1444 4819 1618 4864 tamen
1646 4825 1712 4865 ex
1742 4825 1831 4864 su-

250 4905 483 4974 pcrlluo,
516 4912 568 4958 ut
617 4904 672 4957 in
721 4902 926 4957 duobus
973 4904 1094 4958 ﬁliis
1143 4904 1288 4958 Isaac
1334 4903 1439 4957 duo
1486 4903 1831 4959 Testamenta

251 5004 543 5051 monstrata
590 5004 715 5048 sunt
760 4992 911 5064 (Gal.
955 5010 1059 5059 xiv,
1104 4995 1136 5048 4
1163 4994 1205 5064 ).
1250 4994 1315 5047 υ.
1354 4995 1616 5061 Quoniam
1666 5005 1719 5049 ct
1768 4997 1837 5050 de

252 5088 563 5159 prophetica
595 5087 822 5142 similem
862 5102 995 5157 pene
1020 5086 1383 5142 deﬁnitionem
1411 5088 1675 5157 diximus,
1707 5088 1835 5160 quid

254 5178 512 5235 interest?
538 5177 618 5232 Μ.
658 5178 808 5244 Quod
842 5177 895 5232 in
929 5176 1204 5249 prophetia
1227 5218 1240 5243 ,
1289 5179 1467 5232 verbis
1498 5178 1517 5249 (
1544 5180 1835 5234 secundum

256 5272 355 5328 hoc
383 5271 526 5344 quod
556 5271 716 5326 verba
747 5283 870 5327 sunt
894 5270 912 5342 )
937 5272 1111 5326 fututa
1140 5269 1504 5341 signiﬁcantur
1530 5287 1545 5337 ;
1581 5272 1716 5341 typis
1741 5287 1839 5325 au-

259 5375 363 5422 tem
391 5382 479 5422 res
510 5365 865 5421 declarantur.
914 5366 990 5418 Ex
1033 5366 1193 5419 rebus
1241 5370 1462 5434 possunt
1509 5371 1686 5417 tamen
1726 5361 1840 5418 haec

260 5461 362 5515 duo
398 5467 455 5514 et
498 5458 571 5513 ita
599 5457 913 5514 deﬁnitione
944 5456 1174 5521 misceri,
1220 5466 1275 5510 ut
1305 5455 1543 5510 dicamus
1571 5452 1692 5523 quia
1720 5470 1842 5523 pro-

262 5552 435 5624 phetia
463 5562 545 5606 est
575 5560 729 5623 typus
755 5549 808 5605 in
836 5550 1043 5617 verbis,
1079 5548 1372 5604 secundum
1402 5547 1451 5603 id
1497 5547 1635 5619 quod
1677 5548 1839 5602 verba

261 5656 415 5712 sunt;
446 5654 499 5703 et
541 5656 754 5711 contra,
790 5654 944 5715 typus
994 5642 1271 5713 prophetia
1313 5652 1397 5701 est
1435 5641 1502 5701 de
1543 5642 1735 5710 rebus,
1784 5639 1837 5695 in

262 5751 511 5823 quantum
535 5756 621 5801 res
646 5753 764 5801 esse
792 5744 1105 5801 noscuntur.

1942 4635 2064 4707 gula
2096 4633 2196 4689 alia
2239 4652 2252 4688 :
2296 4649 2415 4704 qua:
2454 4633 2637 4689 omnia
2680 4633 2818 4704 typis
2851 4642 3181 4698 monstrare,
3215 4649 3319 4687 non
3348 4634 3412 4689 ad
3447 4652 3530 4691 re-

1940 4732 2184 4802 gularum
2213 4727 2510 4784 doctrinam
2530 4768 2544 4794 ,
2573 4727 2666 4783 sed
2695 4726 2759 4781 ad
2787 4727 3175 4796 expositionem
3206 4735 3380 4782 textus
3412 4745 3531 4796 per-

1904 4854 1913 4861 -
1941 4826 2094 4880 tinet.
2126 4824 2194 4877 D.
2236 4822 2351 4889 Qua
2382 4823 2588 4878 ratione
2613 4823 2808 4891 ﬁguras
2837 4822 2950 4876 sive
3004 4830 3158 4891 typos
3194 4820 3260 4876 ad
3293 4821 3525 4875 futurum

1938 4911 2192 4967 saeculum
2222 4910 2449 4965 dicimus
2480 4908 2782 4979 pertinere?
2822 4906 2900 4960 Μ.
2940 4905 3081 4983 Quia
3110 4906 3317 4964 Veteris
3343 4907 3529 4961 Testa-

1943 5003 2107 5057 menti
2140 5003 2324 5073 ﬁgura:
2352 5001 2419 5057 ad
2473 5001 2678 5057 Novum
2724 4999 3021 5056 intentione
3066 5003 3391 5071 respiciunt;
3428 5000 3530 5052 i\‘o-

1942 5111 2067 5150 vum
2107 5104 2285 5151 autem
2316 5096 2497 5165 ﬁgurae
2528 5094 2647 5149 vita:
2672 5091 3057 5149 beatitudinem
3086 5090 3442 5163 repromittit;
3478 5100 3531 5145 et

1944 5186 2023 5241 sic
2051 5188 2232 5241 omnia
2258 5187 2324 5243 ad
2356 5184 2519 5243 futuri
2557 5184 2740 5241 saeculi
2772 5199 2924 5258 spem
2962 5200 3031 5242 ex
3074 5184 3191 5257 ipsa
3233 5182 3532 5239 intentione

1945 5286 2187 5333 ουιτιιηι.
2829 5297 2832 5300 ’

2516 5412 2742 5471 CAPUT
2768 5412 2953 5471 XVIII.

2468 5507 2543 5563 De
2580 5506 3007 5581 pra’dirtionibtas.

2018 5644 2087 5703 Ι).
2135 5645 2391 5714 Quoniam
2438 5653 2685 5717 typorum
2728 5641 2971 5712 regulam
3010 5639 3269 5715 diximus,
3302 5645 3370 5702 de
3396 5658 3507 5717 pm

1946 5736 2181 5798 dictione
2220 5740 2515 5796 \‘idcatttus.
2552 5734 2685 5793 (ιυίά
2732 5742 2813 5795 est
2844 5739 3157 5819 prtedictioi
3188 5737 3266 5801 Il.
3306 5737 3533 5800 Futura-
