4038 6350
439 226 504 318 33
1586 226 1599 231 “
1955 244 2177 311 .lUNlLll
2694 244 2701 245 ί
3637 252 3706 314 se

441 394 557 435 runt
576 422 591 449 ,
614 386 667 434 et
688 376 1012 433 incertarum
1035 389 1213 432 rerum
1236 374 1408 432 verois
1440 370 1814 443 '(in'quantum
1849 368 2011 424 verba
2045 375 2093 432 Α
2122 347 2420 439 aliquorum
2450 362 2823 441 generationes
2852 378 2907 426 et
2938 369 3183 438 nomina,
3217 378 3275 426 ut
3302 372 3446 427 Isaac
3472 382 3527 429 et
3552 371 3707 430 Sam-

440 474 605 542 suut)
650 470 1023 526 manilestatio.
1072 468 1139 522 ο.
1181 468 1309 535 Quze
1359 466 1606 521 accidunt
1653 459 2019 533 prtedictioni-
2124 474 2242 513 son.
2298 462 2405 514 Aut
2449 462 2747 518 sublimitas
2795 474 3165 531 posterorum,
3214 474 3270 518 ut
3303 482 3317 518 :
3355 464 3514 535 Reges
3554 482 3617 520 ex
3659 477 3707 520 te

441 564 573 621 bus?
625 562 703 618 Μ.
754 561 1119 631 Principaliter
1172 560 1271 614 tris
1325 575 1340 612 :
1396 555 1539 627 quod
1593 555 1835 626 quaedam
1887 562 2017 607 ante
2122 559 2285 606 extent
2318 553 2471 623 (Gen.
2507 570 2642 620 xvn,
2679 554 2753 624 6).
2788 557 2891 609 Aut
2932 564 3108 615 motus
3135 555 3339 621 exitus,
3373 566 3431 610 ut
3455 566 3539 610 est
3572 573 3585 609 :
3623 555 3706 611 Tu

442 657 636 726 Legem
689 654 929 723 fuerunt,
978 652 1221 725 quaedam
1263 651 1364 707 sub
1408 650 1582 721 Lege,
1627 646 1869 719 quaedam
1920 646 2019 703 sub
2123 654 2291 699 autem
2337 645 2433 699 ibis
2474 647 2542 699 ad
2572 656 2740 716 patres
2771 656 2883 701 tuos
2912 664 3027 701 cum
3052 664 3201 718 pace,
3232 650 3457 701 nutritus
3484 650 3536 702 in
3558 664 3706 705 sene—

442 751 645 807 Gratia,
2122 746 2256 791 ctute
2283 737 2413 791 bona
2456 738 2608 810 (Gen.
2647 755 2737 806 xv,
2772 741 2877 811 15).
2904 743 3009 795 Aut
3032 741 3326 796 differentia
3360 740 3702 811 populorum,

1021 855 1250 913 CAPUT
1290 855 1433 911 XIX.
2123 838 2181 882 ut
2223 838 2342 884 est:
2376 827 2608 901 Papulus
2648 834 2895 902 papulum
2940 833 3215 903 prtecedet,
3247 843 3295 886 et
3325 836 3496 903 major
3524 834 3704 887 serviet

517 954 589 1012 De
612 953 1023 1027 prteatctionibus
1050 961 1167 1006 ante
1194 950 1381 1031 Legem
1404 990 1418 1017 ,
1450 955 1573 1021 quot
1603 948 1769 1003 modis
1797 951 1948 1015 facta:
2542 940 2664 1031 3“.”
2695 925 2812 995 ’25)-
2846 926 3299 1031 Αυξθῢιξηίξοωξίι
3331 938 3411 983 εει
3430 969 3458 1031 τε
3478 940 3534 981 ul
3571 941 3649 983 est
3688 945 3703 982 :

1146 1008 1311 1093 sunt"?
1405 1008 1417 1017 ’
1461 1008 1473 1021 ’
1797 1008 1810 1015 ’
2122 1008 2279 1065 Dabit
2304 1014 2394 1067 tibi
2423 1013 2563 1068 Deus
2606 1015 2668 1068 de
2714 1031 2830 1069 rore
2854 1016 2998 1082 caeli,
3029 1028 3077 1071 et
3124 1020 3187 1072 de
3215 1022 3523 1090 pinguedine
3552 1032 3703 1077 terrte

2123 1102 2493 1172 plenitudinem
2531 1107 2768 1175 frumenti
2806 1116 2854 1160 et
2895 1109 2994 1160 vini
3024 1107 3176 1178 (Gen.
3213 1125 3389 1175 xxvn,
3436 1112 3548 1181 28).
3600 1116 3705 1167 Aut

2120 1204 2359 1259 divinum
2384 1200 2664 1264 auxilium,
2696 1206 2752 1254 ut
2780 1208 2894 1254 est:
2930 1200 3060 1255 Ecce
3080 1218 3172 1271 ego
3202 1211 3364 1256 tecum
3395 1220 3505 1255 sum
3533 1216 3704 1258 custo-

2122 1297 2263 1350 diens
2292 1296 2345 1348 in
2399 1294 2537 1347 omni
2581 1294 2660 1346 via
2698 1289 2849 1365 (Cen.
2892 1309 3091 1358 xxvm,
3124 1294 3235 1363 15).
3274 1297 3375 1349 Aut
3419 1296 3704 1350 sacerdotii

2124 1389 2210 1444 vel
2239 1387 2502 1444 doctrinae
2527 1385 2743 1453 electio,
2770 1394 2829 1440 ut
2854 1394 2965 1441 est:
2995 1386 3231 1440 Dividam
3262 1404 3343 1441 eos
3365 1388 3420 1441 in
3445 1386 3625 1451 Jacob,
3656 1398 3704 1441 et

513 1135 579 1191 D.
622 1138 755 1190 Ante
797 1132 992 1203 Legem
1038 1132 1415 1202 praedictiones
1463 1139 1591 1201 quot
1636 1129 1814 1185 modis
1863 1128 2018 1186 facite

437 1228 597 1283 sunt?
625 1226 701 1280 Μ.
736 1226 1000 1295 Quinque.
1032 1227 1136 1280 Aut
1162 1224 1230 1279 de
1268 1222 1614 1293 generalitate
1638 1221 2016 1288 communiter,

438 1328 495 1373 ut
523 1327 603 1372 est
635 1336 648 1370 :
681 1316 961 1387 Propterea
1001 1316 1246 1385 relinquet
1293 1316 1443 1368 homo
1474 1323 1667 1383 patrem
1696 1322 1743 1367 et
1769 1322 1980 1367 matrem
2000 1355 2016 1377 ,

436 1417 482 1463 et
524 1408 805 1463 adhaerebit
833 1408 983 1462 uxori
1024 1421 1160 1474 suae,
1194 1414 1242 1459 et
1287 1415 1433 1458 ernnt
1477 1405 1578 1459 duo
1619 1405 1675 1459 in
1718 1419 1872 1458 carne
1916 1419 2018 1457 una

438 1500 617 1572 (Matt.
652 1517 741 1556 χιχ
763 1543 776 1566 ,
809 1498 886 1571 5).
932 1501 1000 1555 Et
1030 1514 1214 1555 rursus
1247 1515 1262 1554 :
1294 1496 1577 1551 Maledicta
1631 1508 1767 1551 terra
1811 1498 1865 1551 in
1896 1513 2012 1567 ape-

2122 1481 2407 1553 dispergam
2439 1495 2521 1533 eos
2558 1479 2611 1531 in
2651 1476 2819 1531 Israel
2849 1477 3000 1548 (Gen.
3036 1493 3184 1542 XLIX,
3216 1476 3289 1547 7).
3322 1480 3429 1532 Aut
3453 1478 3703 1533 fortitudo

435 1569 575 1645 ἤδη,
599 1594 695 1644 mis
722 1569 872 1662 (θεά,
906 1608 963 1645 ,η
986 1632 1000 1656 ,
1046 1591 1156 1661 1η,
1183 1590 1294 1645 Hoc
1319 1590 1493 1656 enim,
1526 1604 1620 1659 per
1644 1605 1839 1653 unum,
1870 1589 2015 1644 omni
2120 1582 2172 1630 et
2198 1572 2522 1628 baeredilatis
2560 1571 2996 1638 immutabilitas,
3030 1580 3088 1624 ut
3127 1578 3209 1625 est
3242 1587 3256 1629 :
3290 1569 3499 1625 Catulus
3541 1572 3703 1626 leonis

434 1678 668 1736 humano
696 1682 879 1751 generi
916 1682 1225 1752 praedictum
1258 1696 1378 1736 esse
1420 1681 1778 1751 cognoscitur.
1813 1682 1919 1736 Aut
1949 1696 2014 1737 ex
2117 1667 2281 1735 «Ιαάα,
2310 1683 2374 1721 επ
2398 1666 2571 1720 radice
2605 1666 2702 1733 ﬁlii
2731 1665 2828 1717 ’πεί
2860 1673 2885 1701 ⁸
2915 1663 3222 1729 αδεεηάέδιίέ
3253 1664 3542 1718 recumbens
3575 1665 3700 1717 άον-

434 1782 584 1842 parte
613 1775 693 1830 vel
726 1776 940 1844 medio,
971 1785 1028 1830 ut
1066 1787 1148 1830 est
1190 1791 1206 1831 :
1253 1775 1611 1845 Multiplicabo
1655 1775 1855 1830 dolores
1900 1784 2012 1829 tuos

2118 1764 2252 1817 misti
2292 1762 2421 1815 sicut
2467 1760 2566 1825 leo,
2609 1769 2654 1813 et
2703 1759 2832 1811 sicut
2862 1758 3067 1812 catulus
3097 1758 3289 1823 leonis;
3326 1758 3439 1826 quis
3467 1759 3702 1812 excitauit

434 1862 597 1936 (Ibid.
618 1906 633 1930 ,
665 1866 776 1936 16).
810 1867 872 1920 Et
898 1883 913 1918 τ
944 1865 1211 1921 Conversio
1240 1877 1329 1921 tua
1352 1867 1421 1921 ad
1439 1868 1606 1920 virum
1635 1876 1806 1932 tunm,
1834 1875 1881 1921 et
1908 1866 2012 1936 ipse

2119 1869 2238 1909 eum
2266 1850 2466 1922 (Ibid.,
2508 1850 2607 1920 9)?
2635 1852 2738 1904 Aut
2782 1851 3112 1920 propositum
3153 1851 3305 1916 vitae,
3339 1858 3433 1904 ut:
3464 1849 3702 1905 Zabulon

434 1955 524 2009 tibi
545 1956 888 2011 dominabitur
922 1955 1138 2027 (Ibid.).
1173 1956 1283 2012 Hoc
1311 1958 1452 2012 enim
1480 1972 1583 2013 non
1612 1956 1756 2011 omni
1784 1956 2017 2011 humano

432 2048 645 2117 generi,
671 2047 763 2102 sed
786 2047 1033 2103 omnibus
1055 2056 1259 2102 tantum
1288 2048 1503 2103 feminis
1524 2048 1745 2103 dictum.
1778 2048 1885 2102 Aut
1907 2047 2017 2101 sin-

433 2140 719 2209 gulariter,
753 2149 810 2195 ut
835 2149 919 2195 est
948 2157 962 2194 :
994 2139 1063 2194 Et
1092 2142 1285 2195 vocavit
1312 2140 1477 2194 Adam
1502 2155 1685 2193 nomen
1714 2140 1886 2193 umoris
1907 2153 2015 2193 sua:

432 2231 563 2299 an,
581 2232 701 2301 quia
725 2232 841 2301 ipsa
868 2242 941 2286 est
963 2240 1123 2287 mater
1144 2233 1369 2286 omnium
1398 2232 1664 2285 uiuentium
1688 2229 1875 2301 (Ibid.,
1896 2228 2013 2291 20).

432 2328 535 2382 Aut
585 2343 681 2397 pro
713 2327 868 2383 initio
898 2327 1107 2383 Veteris
1145 2328 1496 2395 Testamenti,
1526 2337 1582 2383 ut
1607 2335 1691 2382 est
1734 2341 1750 2380 :
1792 2324 2016 2379 Maledi-

432 2428 539 2473 ctus
566 2419 833 2486 Chanaan,
860 2436 1028 2475 servus
1058 2422 1149 2474 erit
1179 2419 1423 2491 fratribus
1452 2420 1557 2473 suis
1606 2416 1760 2490 (Gen.
1793 2433 1868 2484 ιχ,
1894 2416 2009 2487 25).

432 2512 538 2564 Aut
564 2524 661 2579 pro
699 2509 849 2564 Novo
894 2510 1238 2566 Testamento
1283 2509 1677 2580 principaliter;
1728 2522 1849 2563 nam
1890 2522 2013 2563 cum

431 2603 587 2660 dicit:
613 2602 894 2659 Faciamus
914 2603 1167 2659 hominem
1190 2605 1256 2658 ad
1274 2605 1545 2675 imagine»:
1563 2613 1609 2657 et
1628 2602 2015 2658 similitudinem

431 2704 658 2752 nostram
712 2695 864 2763 (Gen.
906 2711 954 2761 ι,
985 2695 1124 2765 26):
1184 2695 1388 2763 Venite,
1437 2695 1838 2762 descendemus,
1887 2711 2011 2749 con-

433 2790 708 2861 fundamus
735 2790 936 2863 linguas
980 2808 1153 2846 eorum
1186 2791 1336 2863 (Gen.
1382 2807 1464 2859 XI,
1488 2791 1586 2863 27)
1618 2810 1633 2846 :
1663 2792 1881 2862 pluralis
1907 2808 2010 2847 nu-

432 2894 615 2936 merus
652 2881 1199 2952 Trinitatisjudicium
1221 2892 1335 2951 est,
1363 2883 1451 2954 qui
1491 2884 1640 2940 Novo
1666 2883 2011 2939 Testamento

432 2974 669 3043 apertius
699 2948 1036 3043 praedicatur.
1070 2974 1136 3031 Et
1162 2991 1283 3031 cum
1314 2948 1507 3031 dicitur
1538 2993 1551 3028 :
1586 2977 1812 3048 Sanguis
1837 2977 2013 3048 fratris
2114 2948 2298 3048 "Adin"?
2336 2958 2573 3048 ‘“°{_““‘
2614 2950 2728 3048 luis
2765 2949 3041 3048 rem?“
3070 2951 3121 3003 in
3149 2962 3315 3004 mam
3345 2962 3521 3048 “me,”
3558 2954 3694 3048 “lo?

432 3042 505 3117 tui
525 3042 715 3116 clamat
737 3064 805 3116 ad
831 3080 909 3118 me
937 3066 1000 3119 de
1043 3074 1179 3119 terra
1223 3066 1377 3138 (Gen.
1414 3082 1495 3133 tv,
1523 3067 1654 3135 10),
1689 3042 1865 3135 passio
1906 3067 2011 3123 Do-

2118 3043 2219 3110 Qui
2273 3042 2561 3114 ingreditur
2614 3043 2721 3096 sine
2766 3044 3002 3110 macula,
3053 3052 3101 3096 et
3155 3052 3395 3112 aperatur
3434 3045 3690 3113 justitiam

434 3113 500 3117 τ-
1226 3113 1377 3138 κη.-.
1414 3113 1455 3121 ..
1479 3113 1495 3133 ,
1528 3113 1611 3135 ,η
1639 3113 1654 3133 ,
1689 3113 1862 3135 νη-.-
1906 3113 1980 3123 ,ν

430 3154 558 3210 mini
583 3158 753 3211 nostri
780 3157 906 3212 .Iesu
950 3156 1149 3212 Christi
1195 3158 1527 3228 praedicitur,
1574 3160 1833 3228 Apostolo
1874 3169 2009 3217 teste

2113 3137 2334 3210 (Psalm.
2371 3155 2488 3205 xw,
2515 3140 2575 3205 1,
2601 3138 2679 3207 2),
2724 3147 2777 3194 et
2795 3148 3011 3193 cetera.
3040 3137 3147 3192 Aut
3174 3139 3377 3206 species
3405 3154 3605 3207 ρωιιω,
3640 3146 3693 3193 ut

430 3243 485 3299 in
525 3244 761 3316 Ερίειοια
790 3248 855 3303 ad
898 3249 1152 3304 Hebmos
1188 3248 1374 3321 (Hebr.
1420 3266 1528 3318 xu,
1559 3250 1654 3322 ῃ)
1684 3268 1698 3305 τ
1731 3252 1851 3321 quia
1881 3267 2011 3308 c,,n_
2114 3239 2240 3322 est:
2286 3230 2431 3286 Venit
2464 3231 2576 3286 Gad
2617 3232 2685 3284 ad
2730 3229 2897 3322 Da:id
2941 3241 2988 3285 et
3034 3232 3355 3322 annuntfuvit
3400 3232 3446 3284 ei
3487 3232 3688 3299 dicens,

429 3339 635 3406 εμπεεο
683 3341 959 3410 sanguinis
1012 3341 1212 3397 Christi
1257 3343 1374 3412 plus
1418 3343 1591 3414 ροωίι
1623 3343 1690 3399 ad
1724 3344 2008 3401 Dominum
2115 3321 2263 3393 Elige
2307 3322 2396 3377 tibi
2438 3322 2548 3391 ﬁeri
2576 3330 2664 3376 aut
2707 3321 2864 3376 tribus
2891 3323 3039 3374 annis
3067 3321 3255 3390 [autem
3286 3336 3440 3389 super
3468 3330 3687 3385 terram,

430 3430 664 3487 cumam
710 3447 808 3502 pro
848 3434 1032 3503 nobis,
1080 3452 1240 3507 quam
1268 3439 1402 3494 Abel
1444 3440 1658 3511 sanguis
1686 3438 2010 3499 clamne”,
2114 3424 2203 3468 aut
2231 3425 2329 3469 tres
2351 3432 2544 3470 menses
2573 3417 2748 3486 fugere
2780 3433 2812 3468 a
2840 3417 2971 3485 facie
2996 3416 3319 3470 inimicorum
3358 3426 3692 3487 tuorumper-

430 3534 614 3579 comm
641 3524 878 3582 [mtrem
1098 3506 1115 3507 ί
1544 3506 1569 3511 ⁷
2112 3506 2421 3574 sequentium
2447 3514 2521 3571 te,
2560 3518 2647 3559 aut
2686 3506 2842 3560 tribus
2875 3507 3051 3560 diebus
3092 3508 3205 3575 ﬁeri
3243 3508 3600 3563 mortalitatem
3640 3512 3693 3564 in

2113 3604 2249 3651 terra
2272 3607 2360 3650 tua
2389 3595 2489 3669 (II
2524 3598 2654 3669 Reg.
2694 3613 2838 3666 XXIV,
2873 3600 3092 3668 11—15).
3126 3603 3230 3655 Aut
3260 3602 3439 3671 signa,
3472 3610 3529 3656 ut
3556 3614 3638 3660 cst
3674 3620 3689 3658 :

2118 1942 2417 2015 peregrinus
2440 1939 2740 1993 inltabitavit
2757 1982 2770 2007 ,
2799 1948 2845 1994 et
2871 1940 2977 2010 ipse
2998 1948 3176 2009 portus
3205 1940 3438 2006 navium,
3468 1950 3515 1993 et
3539 1942 3701 1994 sciens

2116 2034 2367 2103 requiem,
2415 2034 2535 2103 quia
2578 2033 2707 2087 bona
2738 2043 2812 2087 est
2840 2031 3034 2103 (Ibid.,
3083 2032 3193 2102 15),
3240 2040 3295 2087 et
3335 2042 3550 2088 caetera.
3595 2037 3702 2088 Aut

2117 2127 2495 2197 transgressio,
2523 2135 2580 2179 ut
2599 2125 2765 2179 dicit:
2797 2124 2919 2179 Scio
2945 2126 3079 2179 enim
3102 2126 3221 2196 quia
3249 2126 3301 2179 in
3322 2129 3422 2194 ﬁne
3451 2128 3699 2180 transitus

2116 2218 2216 2271 mei
2244 2217 2560 2286 iniquitatem
2587 2217 2745 2286 agetis
2763 2256 2777 2281 ,
2810 2226 2856 2270 et
2881 2217 3196 2272 declinabitis
3221 2236 3253 2272 α
3276 2220 3353 2271 via
3373 2235 3521 2288 quam
3549 2235 3698 2273 man-

2116 2310 2233 2365 davi
2258 2311 2395 2364 vobis
2441 2309 2619 2381 (Deut.
2658 2324 2812 2374 uxr,
2834 2308 2948 2377 29).
2975 2311 3077 2363 Aut
3103 2310 3453 2379 supplicium,
3482 2319 3539 2365 ut
3565 2321 3649 2366 est
3680 2329 3694 2364 :

2121 2404 2257 2471 Quia
2284 2410 2547 2456 occurrent
2578 2400 2717 2455 uobis
2746 2400 2884 2453 mala
2907 2402 2959 2453 in
2995 2401 3098 2469 [ine
3135 2403 3332 2455 dierum
3375 2400 3561 2473 (Ibid.)
3592 2405 3695 2457 Aut

2116 2493 2384 2566 generalis
2431 2492 2703 2563 expulsio,
2746 2503 2801 2546 ut
2846 2492 3042 2547 dicitur
3094 2511 3105 2544 :
3153 2493 3291 2561 Quia
3328 2494 3427 2562 ipsi
3468 2495 3694 2548 tumulati

2116 2595 2235 2642 sunt
2256 2602 2335 2641 me
2357 2585 2411 2639 in
2436 2586 2562 2651 diis,
2592 2593 2638 2638 et
2660 2584 3081 2639 exacerbaverunt
3111 2601 3187 2638 me
3212 2586 3265 2638 in
3291 2584 3441 2638 idolis
3464 2587 3568 2640 suis
3598 2601 3619 2640 :
3647 2596 3695 2638 et

2116 2692 2208 2747 ego
2236 2676 2516 2731 tumulabor
2539 2690 2624 2729 eos
2645 2675 2700 2728 in
2721 2691 2821 2729 non
2841 2684 3056 2747 gentem,
3081 2677 3134 2730 in
3156 2686 3354 2746 gentem
3374 2678 3695 2746 insipientem

2117 2767 2318 2821 tradam
2346 2783 2429 2821 eos
2481 2767 2659 2837 (Deut.
2707 2781 2886 2833 xxxii,
2917 2765 3029 2835 21).
3064 2768 3171 2821 Aut
3208 2769 3417 2823 virtutis
3442 2767 3689 2825 cll‘ecturn

2114 2869 2276 2929 atque
2307 2859 2637 2927 mercedem,
2686 2868 2743 2912 ut
2789 2868 2871 2914 est
2912 2874 2928 2913 :
2976 2859 3100 2922 Quis
3140 2859 3384 2913 habitabit
3431 2860 3483 2914 in
3527 2862 3693 2915 taber-

932 3686 938 3693 .
1029 3640 1253 3697 CAPUT
1289 3643 1407 3699 XX.

553 3729 686 3796 Quot
713 3732 875 3787 modis
899 3732 991 3786 sub
1021 3733 1153 3806 Lege
1182 3738 1537 3807 prwdictiones
1564 3738 1715 3809 facta:
1740 3750 1881 3795 sunt.

500 3845 569 3903 D.
599 3848 707 3904 Sub
733 3849 901 3920 Lege,
929 3851 1300 3920 praedictiones
1323 3864 1450 3924 quot
1474 3855 1646 3911 modis
1670 3856 1824 3913 factae
1848 3857 2009 3912 sunt?

430 3934 509 3992 Μ.
550 3938 787 3995 Duobus.
834 3942 938 3995 Aut
967 3956 1063 4011 pro
1092 3942 1175 3998 his
1204 3944 1364 4000 rebus
1392 3962 1508 4016 qua:
1534 3950 1634 4005 sub
1665 3948 1805 4021 Lege
1852 3949 2009 4006 facta:

429 4040 584 4102 sunt,
613 4041 703 4088 aut
728 4048 825 4104 pro
852 4034 934 4091 his
961 4052 1079 4105 quae
1108 4038 1207 4094 sub
1238 4038 1439 4097 Gratia.
1533 4064 1535 4066 ·

1010 4150 1235 4209 CAPUT
1274 4154 1416 4210 XXI.

480 4255 587 4313 Pro
613 4259 760 4315 rebus
789 4262 882 4317 sub
908 4262 1043 4337 Lege
1071 4268 1252 4339 factis,
1282 4280 1403 4341 quot
1433 4280 1551 4328 sunt
1576 4275 1946 4345 praedictiones.

496 4368 567 4425 D.
608 4372 711 4431 Pro
734 4376 897 4434 rebus
925 4394 1043 4449 quae
1068 4380 1167 4437 sub
1194 4381 1335 4454 Lege
1366 4384 1519 4440 factae
1540 4396 1691 4458 sunt,
1716 4399 1844 4459 quot
1864 4405 2002 4462 prte-

425 4461 714 4520 diCtionum
744 4471 950 4537 species
978 4472 1315 4530 invenimus?
1344 4477 1421 4532 Μ.
1466 4478 1599 4535 Fere
1636 4483 1821 4552 viginti
1845 4461 1999 4540 duas.
2028 4483 2085 4547 D

426 4552 533 4607 Aut
564 4557 705 4611 enim
731 4571 1074 4629 augmentum
1106 4564 1286 4632 p0puli
1333 4568 1660 4639 praedicitur,
1713 4581 1769 4627 ut
1814 4583 1895 4628 est
1938 4575 2004 4630 ad

426 4643 693 4701 Abraham
746 4664 760 4701 :
815 4648 881 4703 Et
928 4652 1027 4705 eris
1075 4654 1126 4706 in
1173 4665 1371 4725 gentcm
1415 4662 1662 4729 grandem
1705 4673 1751 4717 et
1791 4666 2006 4723 multam

422 4733 578 4805 (Gen.
614 4754 688 4793 xu
707 4778 723 4806 ,
752 4740 831 4813 2).
867 4744 971 4797 Aut
1000 4742 1328 4801 haereditatis
1357 4754 1667 4821 promissio,
1693 4766 1750 4810 ut
1770 4766 1884 4811 est:
1916 4759 2008 4814 Se-

422 4827 549 4919 mini
588 4838 673 4883 tuo
704 4830 836 4885 dabo
873 4841 1059 4888 terram
1084 4834 1215 4890 lianc
1239 4836 1429 4910 (Ibid.,
1461 4842 1535 4911 7).
1571 4845 1675 4899 Aut
1704 4849 2004 4919 segregatio

423 4916 793 4989 indignorum,
845 4934 904 4981 ut
945 4934 1073 4982 est:
1108 4928 1251 4999 Ejice
1293 4933 1533 4988 ancillam
1574 4935 1705 4991 hanc
1749 4916 1795 4994 et
1834 4916 1999 5009 ﬁlium

420 5012 570 5081 ejus;
610 5030 715 5069 non
745 5017 876 5071 enim
904 5018 1065 5076 haeres
1090 5022 1183 5076 erit
1207 5024 1345 5094 ﬁlius
1383 5029 1587 5107 ancillae
1628 5046 1739 5085 cum
1778 5032 1889 5101 filio
1930 5033 1998 5088 li-

422 5102 552 5197 berte
604 5106 748 5181 (Gal.
793 5125 868 5183 iv,
898 5112 1012 5187 50).
1051 5117 1157 5173 Aut
1185 5120 1419 5176 vindicta
1448 5122 1501 5177 in
1532 5102 1867 5182 adversarios
1906 5142 2000 5197 po-

420 5193 561 5261 puli,
592 5206 647 5252 et
673 5214 879 5258 merces
908 5204 964 5257 in
994 5208 1220 5273 amicos,
1250 5218 1308 5265 ut
1349 5219 1430 5267 est
1462 5228 1478 5267 :
1510 5211 1818 5269 Benedicam
1850 5193 1997 5271 bene-

419 5284 638 5343 dicentes
658 5298 733 5356 te,
756 5302 802 5346 et
828 5295 1126 5351 maledicam
1147 5302 1499 5357 maledicentes
1540 5314 1587 5357 te
1609 5302 1764 5375 (Gen.
1799 5321 1891 5374 xu,
1917 5307 1994 5376 5).

420 5376 525 5431 Aut
554 5378 798 5439 liberatio
829 5387 1005 5457 populi
1036 5388 1104 5445 ab
1132 5390 1392 5461 inimicis,
1422 5404 1478 5449 ut
1503 5405 1584 5451 est
1610 5414 1624 5449 :
1659 5397 1993 5467 Peregrinum

418 5476 512 5530 erit
552 5494 718 5533 semen
758 5489 897 5535 tuum
941 5482 995 5535 in
1023 5492 1157 5537 terra
1185 5502 1285 5541 non
1315 5503 1436 5553 sua,
1467 5499 1513 5542 et
1541 5491 1705 5543 exicnt
1732 5492 1849 5545 inde
1880 5508 1992 5546 cum

418 5574 790 5643 prwoaratione
842 5592 1031 5647 magna
1066 5577 1220 5649 (Gen.
1267 5597 1370 5650 xv,
1412 5580 1489 5650 5),
1534 5592 1588 5638 et
1629 5596 1843 5641 caetera.
1884 5588 1995 5645 Aut

487 5747 513 5778 ι
553 5737 732 5810 Vulg.,
759 5739 838 5809 ﬁli
885 5740 975 5796 mi.
1028 5741 1099 5798 Et
1145 5758 1295 5816 mox,
1345 5744 1587 5801 habitath
1635 5765 1727 5817 pro
1776 5752 2091 5815 inliabitavit.

2111 3684 2181 3740 Et
2221 3686 2317 3741 hoc
2360 3688 2449 3742 tibi
2486 3690 2720 3759 signum,
2750 3693 2869 3759 quia
2905 3693 3050 3746 unxit
3085 3701 3132 3745 te
3173 3691 3312 3746 Deus
3343 3710 3509 3763 regem
3539 3711 3692 3766 super

2111 3778 2457 3835 hwreditatem
2499 3798 2646 3835 suam
2695 3781 2759 3853 (Ι
2802 3783 2930 3856 Reg.
2984 3800 3047 3850 ιι,
3096 3782 3187 3855 1),
3219 3793 3270 3839 et
3311 3785 3537 3855 reliqua.
3585 3790 3693 3842 Atti.

2111 3871 2300 3927 electio
2329 3874 2623 3944 pr0pbetiuc
2644 3916 2657 3941 ,
2690 3883 2747 3929 ut
2772 3886 2855 3931 est
2887 3894 2899 3929 :
2930 3874 2999 3931 Et
3027 3886 3102 3944 tu,
3129 3894 3274 3947 puer,
3310 3880 3571 3948 Prop/seta
3594 3880 3689 3934 At-

2116 3964 2297 4018 tissimi
2326 3965 2580 4020 vocaberis
2623 3966 2775 4037 (Luc.
2819 3982 2869 4033 ι,
2924 3968 3039 4038 't'u).
3072 3970 3142 4025 D.
3193 3970 3266 4025 Da
3318 3972 3690 4041 prtedictiones

2113 4059 2181 4115 de
2200 4059 2447 4130 gentibus
2470 4075 2566 4131 pro
2599 4060 2816 4130 p0pulo.
2854 4060 2933 4116 Μ.
2971 4060 3038 4116 Ut
3069 4072 3150 4118 est
3194 4083 3206 4118 :
3252 4064 3439 4118 Manus
3475 4067 3587 4137 ejus
3608 4083 3689 4120 su-

2111 4164 2202 4219 per
2218 4166 2415 4215 omnes,
2432 4159 2479 4206 et
2494 4166 2675 4207 manus
2697 4153 2923 4207 omnium
2944 4169 3095 4224 super
3131 4171 3246 4209 eum
3263 4154 3417 4227 (Gen.
3441 4174 3549 4226 xw,
3576 4158 3686 4231 1‘2).

2111 4240 2217 4296 Et:
2248 4242 2457 4314 Surgite
2496 4252 2541 4298 et
2568 4246 2698 4299 exite
2730 4260 2793 4299 ea:
2818 4244 2931 4299 loco
2956 4246 3078 4314 Itoc,
3112 4248 3230 4313 quia
3259 4260 3477 4304 co.-.teret
3506 4250 3686 4305 Domi-

2110 4351 2205 4390 nus
2234 4336 2483 4392 civitatem
2523 4336 2674 4407 (Gen.
2721 4353 2806 4392 snt
2830 4382 2843 4407 ,
2908 4336 3019 4404 14).
3050 4338 3295 4397 Visiones
3331 4358 3542 4413 quoque
3582 4344 3688 4398 Na-

2108 4430 2523 4489 buchodonosor
2563 4444 2616 4487 et
2646 4431 2973 4502 Pharaonisf,
3005 4432 3335 4503 aliorumque
3375 4450 3559 4505 regum
3602 4436 3685 4493 vel

2109 4529 2347 4598 gentium
2376 4543 2470 4596 per
2505 4526 2790 4597 prophetas
2815 4527 2971 4583 dictae
2989 4568 3003 4593 ,
3029 4528 3303 4596 generales
3330 4529 3543 4598 quidem
3571 4544 3689 4586 cau-

2110 4636 2199 4677 sas
2243 4621 2512 4687 referunt;
2543 4621 2609 4674 ad
2658 4620 2908 4689 populum
2955 4630 3134 4676 tamen
3184 4631 3389 4691 spectat
3429 4623 3685 4692 intentio,

2109 4728 2208 4785 pro
2234 4713 2386 4784 cujus
2414 4712 2613 4768 ultione
2640 4711 2844 4780 singula
2878 4722 3262 4780 provenerunt.

2682 4823 2908 4882 CAPUT
2944 4824 3111 4881 XXII.

2333 4918 2411 4974 De
2438 4918 2848 4989 prtedictionibus
2876 4919 2970 4975 sub
2995 4919 3129 4992 Lege
3154 4923 3208 4977 in
3238 4922 3457 4979 Christo.

2178 5033 2249 5088 D.
2298 5033 2437 5100 Quot
2485 5041 2609 5089 sunt
2665 5036 2811 5091 modi
2876 5036 3275 5105 prtedictionum
3333 5038 3387 5093 in
3438 5037 3687 5095 Christo?

2109 5125 2187 5182 Μ.
2230 5125 2365 5180 Fere
2408 5126 2591 5197 viginti
2637 5142 2751 5183 sex.
2795 5129 2901 5183 Aut
2942 5128 3008 5183 de
3038 5129 3368 5185 mirabilibus
3412 5132 3528 5200 ejus
3554 5146 3682 5186 cou-

2107 5227 2263 5287 ceplu
2290 5225 2341 5272 et
2372 5220 2619 5287 nomine,
2651 5229 2708 5273 ut
2731 5226 2810 5273 est
2844 5235 2858 5272 :
2893 5218 3021 5272 Ecce
3055 5218 3212 5291 Virgo
3247 5224 3301 5274 in
3329 5230 3471 5275 utero
3507 5224 3680 5276 conci-

2107 5311 2211 5380 piet
2223 5354 2239 5380 ,
2262 5322 2306 5365 et
2330 5313 2490 5383 pariet
2510 5312 2711 5383 (ilium;
2729 5320 2777 5365 et
2793 5312 3035 5365 vocabunt
3052 5328 3229 5367 nomen
3245 5316 3354 5385 ejus
3379 5312 3594 5367 Entman
3603 5314 3679 5368 uel

2108 5400 2254 5472 (Isa.
2295 5418 2399 5469 vn,
2435 5401 2557 5474 14).
2592 5404 2696 5457 Aut
2734 5402 2800 5457 de
2844 5403 2962 5458 loco
2994 5402 3319 5471 nativitatis,
3360 5415 3416 5459 ut
3454 5413 3533 5461 est
3567 5422 3579 5457 :
3612 5403 3681 5460 Et

2103 5507 2156 5553 tu
2173 5540 2188 5565 ,
2215 5499 2528 5567 Betltlehem,
2551 5498 2725 5551 civitas
2745 5494 2779 5550 Ι
2786 5498 2916 5561 uda,
2940 5496 3079 5551 nullo
3103 5498 3249 5551 modo
3271 5499 3436 5552 minor
3460 5516 3511 5553 es
3529 5500 3581 5553 in
3606 5502 3680 5554 ci-

2102 5593 2335 5649 vitatibus
2360 5590 2515 5646 Judte
2541 5605 2555 5618 '
2574 5605 2638 5646 ea:
2660 5597 2707 5645 te
2726 5590 2863 5645 enim
2886 5590 3083 5661 prodiet
3110 5590 3218 5644 dux
3242 5590 3330 5662 qui
3358 5600 3494 5662 reget
3512 5608 3679 5664 p0pu-
