4046 6532
303 340 368 409 57
1372 346 1460 405 DE
1499 347 1840 408 PARTIBUS
1877 348 2013 406 ων.
2052 351 2253 409 LEGIS
2292 351 2422 409 LIB.
2467 348 2531 409 ll.
3499 352 3568 424 38

304 459 410 511 tum
456 474 623 512 meum
656 458 824 513 Israel
851 457 1037 533 (Mich.
1082 473 1140 527 v,
1171 459 1248 531 2).
1282 461 1387 515 Aut
1417 476 1514 531 pro
1552 464 1635 517 his
1678 479 1798 533 qua:
1828 462 1880 517 in
1911 463 1959 524 A
1985 462 2140 534 plaga
2166 471 2213 516 et
2240 480 2291 516 in
2314 479 2567 518 (erumna.
2593 461 2714 536 Ipse
2739 472 2911 520 autem
2937 468 3229 524 vulneratus
3259 478 3331 533 est
3360 486 3568 541 propter

303 550 621 611 rudimentis
670 552 863 621 gessit;
916 561 973 608 ut
1028 562 1109 608 est
1166 570 1179 605 :
1227 551 1536 624 Priusquam
1586 555 1713 609 sciat
1762 572 1885 624 puer

301 658 602 713 cognoscere
638 645 861 709 malum,
904 646 1176 716 etteligere
1214 645 1403 700 bonum
1460 647 1591 719 (Isa.
1634 665 1736 714 vn,
1771 648 1881 713 16).

304 735 409 791 Aut
448 734 514 789 de
547 733 756 804 justitia
798 736 914 806 ejus
948 748 1107 808 atque
1143 736 1380 808 judicio,
1410 748 1467 793 ut
1495 747 1615 795 est:
1643 737 1883 795 Dilexisti

305 827 553 888 iustitiam
614 834 662 881 et
718 828 871 883 odisti
929 830 1282 898 iniquitatem;
1329 842 1598 902 propterea
1642 834 1790 888 unxit
1837 843 1885 889 te

304 917 470 985 Deus,
514 917 653 976 Deus
696 930 838 989 tuus,
887 924 998 977 oleo
1041 923 1232 978 laetitia:
1271 940 1379 993 prae
1417 925 1746 995 participibus
1785 927 1884 982 tuis

307 1009 542 1079 (Psalm.
575 1027 726 1077 κων,
752 1011 840 1083 8).
864 1014 970 1067 A'ut
990 1014 1055 1068 de
1089 1014 1364 1071 divinitate
1397 1018 1545 1087 ejus,
1572 1027 1627 1073 ut
1649 1027 1730 1074 est
1754 1036 1767 1072 :
1792 1017 1886 1073 Ge-

307 1103 614 1156 tterationem
652 1105 764 1176 ejus
792 1106 902 1173 quis
932 1107 1188 1159 enarrabit
1221 1105 1369 1177 (Isa.
1400 1123 1522 1174 un,
1554 1108 1654 1179 8)?
1685 1111 1788 1164 Aut
1816 1111 1885 1167 de

308 1191 609 1250 visitatione
636 1196 1013 1265 assumptionis
1041 1197 1315 1264 humanae,
1348 1209 1403 1254 ut
1429 1209 1512 1255 est
1564 1218 1577 1255 :
1630 1201 1767 1266 Quid
1808 1210 1884 1258 est

281 1280 475 1350 'lioma,
513 1285 646 1354 quod
694 1302 883 1340 memor
927 1302 978 1341 es
1017 1289 1161 1358 ejus,
1193 1300 1279 1344 aut
1306 1291 1444 1358 ﬁlius
1481 1292 1732 1359 hominis,
1763 1297 1885 1364 quia

307 1375 518 1430 tisitasti
569 1393 683 1432 eum
738 1376 975 1448 (Psalm.
1030 1397 1157 1450 vni,
1206 1382 1317 1452 5)?
1372 1385 1477 1441 Aut
1541 1403 1636 1456 pro
1684 1388 1884 1446 unitate

307 1467 513 1522 deitatis
566 1478 619 1523 et
666 1471 876 1537 carnis,
927 1482 985 1527 ut
1031 1482 1115 1527 est
1170 1490 1185 1527 :
1234 1473 1376 1529 Puer
1428 1488 1573 1532 natus
1620 1489 1694 1533 est
1739 1482 1883 1537 nobis

308 1556 451 1629 (Isa.
484 1574 557 1627 ix,
579 1560 647 1631 6)
679 1579 692 1614 :
721 1571 773 1617 et
799 1563 1136 1632 postmodum
1160 1565 1399 1622 addidit:
1427 1568 1564 1622 Deus
1583 1570 1752 1640 fortis.
1778 1574 1886 1628 Aut

304 1647 369 1702 de
402 1651 636 1719 potentia
667 1651 781 1722 ejus
810 1661 864 1708 et
892 1668 1088 1723 regno,
1120 1663 1179 1710 ut
1205 1664 1289 1712 est
1318 1676 1329 1710 :
1364 1656 1477 1729 Ego
1505 1670 1670 1713 autem
1698 1663 1884 1716 consti-

307 1749 443 1795 tutus
469 1759 581 1796 sum
606 1760 696 1798 rea:
725 1744 787 1798 ab
816 1762 873 1800 eo
905 1764 1055 1817 super
1094 1748 1225 1803 Sion
1264 1761 1485 1805 montem
1511 1762 1743 1808 sanctum
1772 1757 1882 1824 ejus

1985 552 2277 622 iniquitates
2320 566 2550 623 nostras,
2582 565 2628 610 et
2672 558 2960 625 inﬁrmatus
3000 572 3072 616 est
3111 574 3315 633 propter
3361 577 3566 634 peccata

1986 652 2159 697 nostra
2194 642 2327 713 (Isa.
2377 661 2499 714 LIII,
2537 646 2681 719 52-5).
2721 649 2825 704 Aut
2866 651 3181 708 divisionem
3222 655 3569 712 vestimento-

1986 747 2104 786 rum
2136 734 2282 803 ejus,
2317 744 2372 790 ut
2404 752 2420 792 :
2455 736 2742 793 Diviserunt
2770 742 2864 796 sibi
2894 748 3189 799 vestimenta
3217 762 3357 813 mea,
3400 758 3447 802 et
3481 765 3569 804 su-

1987 841 2077 893 per
2103 839 2287 879 vestem
2321 844 2487 880 meam
2518 830 2759 886 miserunt
2788 843 2988 891 sortem.
3019 836 3038 907 (
3054 835 3248 892 Psalm.
3286 853 3407 903 XXI,
3444 840 3565 909 19).

1986 917 2093 970 Aut
2114 918 2557 973 resurrectionem
2584 920 2824 991 Domini,
2851 934 2906 979 ut
2932 944 2944 978 :
2972 924 3092 978 Non
3114 928 3428 997 derelinques
3454 930 3570 984 ani-

1988 1020 2125 1058 mam
2155 1022 2317 1059 meam
2342 1008 2394 1060 in
2422 1008 2645 1079 inferno,
2675 1027 2763 1064 nec
2794 1013 2936 1067 dabis
2964 1015 3212 1070 Sanctum
3240 1026 3379 1071 tuum
3402 1020 3569 1075 videre

1986 1101 2359 1169 corruptionem
2397 1099 2619 1172 (Psalm.
2663 1120 2761 1171 xv,
2796 1108 2906 1176 10).
2950 1111 3055 1164 Aut
3083 1114 3412 1169 vocationem
3447 1115 3567 1171 Filii

1987 1191 2278 1245 secundum
2337 1203 2662 1262 assumptam
2720 1194 3109 1269 humilitatem,
3167 1212 3226 1257 ut
3277 1214 3360 1260 est
3415 1223 3427 1258 :
3486 1204 3568 1262 De

1988 1278 2220 1351 As‘gypto
2252 1285 2427 1337 vocavi
2456 1285 2622 1353 ﬁlium
2678 1303 2843 1340 meum
2898 1288 3043 1361 (Ose.
3080 1309 3169 1359 ιι,
3204 1296 3272 1364 1).
3304 1298 3407 1351 Aut
3432 1294 3566 1352 divi-

1987 1375 2168 1427 nitatis
2199 1374 2317 1443 ejus
2346 1378 2745 1445 generationem
2775 1390 2895 1436 ante
2927 1385 3239 1454 principium
3265 1430 3281 1455 ,
3329 1400 3383 1445 ut
3422 1401 3504 1446 est
3548 1408 3563 1446 :

1987 1461 2070 1516 Ea:
2112 1473 2253 1518 utero
2295 1475 2415 1520 ante
2459 1467 2731 1538 luciferum
2771 1475 2923 1542 genui
2971 1484 3019 1529 te
3069 1475 3286 1545 (Psalm.
3318 1495 3436 1546 uix,
3483 1482 3561 1552 5).

1984 1554 2091 1605 Aut
2135 1556 2427 1608 secundum
2484 1556 2600 1625 ejus
2648 1559 2934 1616 adventum
2990 1581 3004 1617 :
3051 1565 3181 1619 Ecce
3224 1585 3377 1638 super
3410 1571 3565 1627 nubes

1985 1642 2097 1696 caeli
2144 1645 2270 1698 sicut
2302 1642 2472 1700 Filius
2522 1647 2741 1703 hominis
2782 1650 2942 1723 (Dan.
2995 1671 3086 1722 vn,
3125 1657 3236 1726 15).
3269 1658 3337 1711 D.
3370 1661 3566 1717 Omnes

1986 1731 2069 1785 hae
2100 1734 2473 1803 przedictLones
2504 1736 2569 1792 de
2608 1740 2724 1795 solo
2766 1743 3040 1800 Salvatore
3071 1757 3093 1785 ο
3125 1764 3228 1802 non
3266 1750 3565 1821 intelligun-

305 1830 530 1901 (Psalm.
568 1851 619 1889 xi
640 1876 656 1903 ,
687 1835 766 1907 6)‘.
807 1838 915 1892 Aut
948 1839 1015 1894 de
1049 1841 1386 1899 inimicorum
1409 1822 1804 1916 contractione,
1824 1858 1882 1905 ut
1912 1848 1961 1908 B
1989 1824 2105 1916 If"?
2152 1822 2210 1876 Μ
2216 1862 2230 1877 ⁸
2267 1825 2483 1881 DUObus
2512 1830 2684 1885 "mdis
2714 1830 2827 1887 1³³³⁸
2854 1836 3086 1891 ⁵⁰¹θ¹¹³¹¹⁵
3116 1841 3376 1908 πείρετε·
3409 1842 3566 1910 0⁸³⁸⁸

304 1934 384 1978 est
411 1940 423 1976 :
452 1924 637 1980 Omnia
657 1927 914 1999 subjecisti
933 1931 1024 1984 sub
1042 1932 1251 2002 pedibus
1273 1936 1383 2003 eius
1404 1934 1626 2007 (Psalm.
1659 1955 1774 2008 vni,
1803 1941 1881 2012 8).

306 2013 413 2068 Aut
459 2013 526 2070 de
570 2018 687 2085 ejus
732 2018 1000 2090 doctrina,
1032 2032 1089 2076 ut
1127 2034 1209 2079 est
1238 2042 1253 2078 :
1284 2026 1559 2097 Speciosus
1586 2031 1752 2100 forma
1781 2049 1886 2104 pra:

308 2102 432 2173 ﬁliis
462 2105 723 2162 hominum
747 2108 968 2181 (Psalm.
1003 2129 1145 2181 κων,
1176 2116 1250 2188 5).
1281 2121 1386 2173 Aut
1409 2122 1474 2176 de
1494 2123 1609 2191 ejus
1630 2102 1886 2181 doetrinaa

307 2195 558 2265 utilitate,
587 2208 642 2253 ut
662 2209 740 2255 est
768 2219 781 2256 :
807 2201 1027 2273 Pl‘Oplel'
1052 2208 1397 2277 veritatem,et
1422 2217 1883 2285 mansuetudinem,

306 2296 350 2340 et
373 2289 633 2355 justitiam
656 2289 819 2362 (Ibid.
844 2334 859 2360 ,
889 2294 965 2366 5).
996 2297 1103 2353 Aut
1130 2314 1226 2369 pro
1254 2303 1550 2373 miraculis,
1578 2316 1637 2360 ut
1662 2317 1744 2362 est
1771 2325 1785 2361 :
1817 2307 1887 2364 Et

308 2380 515 2436 deducet
547 2393 593 2436 te
619 2386 918 2441 mirabiliter
943 2390 1153 2445 dextera
1190 2402 1277 2447 tua
1306 2393 1516 2467 (Ibid.).
1544 2399 1651 2454 Aut
1679 2401 1747 2455 de
1771 2401 1885 2472 glo-

310 2470 605 2529 riticatione
648 2491 804 2546 quam
841 2479 984 2547 juste
1030 2496 1061 2535 a
1101 2482 1342 2540 ﬁdelibus
1370 2490 1633 2558 suscepit,
1668 2500 1726 2546 ut
1754 2470 1836 2547 est
1867 2509 1884 2548 :

308 2560 585 2634 Pmpterea
627 2570 803 2639 populi
832 2573 1203 2641 conﬁtebuntur
1230 2578 1406 2632 tibiin
1444 2591 1719 2652 wternum,
1757 2596 1805 2640 et
1831 2603 1885 2641 tn

308 2657 549 2708 sarculum
578 2662 752 2713 swculi
785 2659 940 2731 (Ibid.
960 2701 978 2731 ,
1014 2665 1125 2736 18).
1156 2668 1263 2723 Aut
1301 2669 1369 2725 de
1407 2673 1719 2740 probatione
1747 2693 1885 2747 prae-

307 2746 625 2819 dicationis,
671 2761 726 2807 ut
768 2766 849 2809 est
894 2773 909 2809 :
959 2756 1195 2827 Domine,
1232 2761 1480 2821 Dominus
1510 2778 1694 2834 noster,
1727 2787 1885 2841 quam

306 2843 608 2897 admirabile
635 2857 703 2900 est
748 2864 927 2904 nomen
972 2862 1111 2907 tuum
1160 2855 1396 2929 (Psalm.
1448 2878 1567 2930 vut,
1623 2863 1721 2934 2)!
1778 2868 1886 2926 Aut

306 2934 374 2988 de
421 2938 755 3007 sacerdotio,
807 2952 863 2998 ut
908 2955 989 3001 est
1037 2963 1051 3000 :
1102 2947 1180 3003 Tu
1217 2968 1269 3005 es
1294 2956 1528 3010 sacerdos
1558 2960 1611 3012 in
1637 2970 1883 3018 internum

306 3023 526 3095 (Psalm.
571 3045 684 3098 CIX,
714 3033 790 3104 5).
831 3037 934 3091 Αυι
962 3038 1029 3094 de
1064 3039 1265 3108 judicio
1293 3044 1407 3114 ejus
1445 3057 1604 3118 atque
1642 3051 1879 3127 justitia,

306 3129 363 3173 ut
402 3132 484 3177 est
535 3141 548 3177 :
601 3124 667 3179 In
713 3127 1070 3196 splendoribus
1114 3149 1407 3192 sanctorum
1436 3140 1631 3213 (lbid.,
1673 3148 1755 3217 4).

304 3226 489 3270 rursus
522 3232 536 3269 :
566 3216 858 3289 Judicabit,
890 3225 1118 3294 implebit
1146 3232 1352 3299 ruinas,
1384 3237 1669 3309 confringet
1712 3245 1883 3314 capita
1910 3218 1957 3284 θ’

306 3305 361 3358 in
392 3315 527 3361 terra
568 3310 842 3366 multorum
872 3312 1068 3384 (Ibid.,
1097 3319 1175 3389 6).
1222 3322 1330 3378 Aut
1368 3325 1435 3380 de
1462 3305 1732 3387 laboribus
1760 3305 1884 3389 vita

305 3398 452 3466 ejus,
502 3409 558 3454 ut
597 3412 678 3456 est
726 3422 738 3456 :
789 3403 864 3459 De
908 3416 1124 3464 torrente
1171 3412 1225 3466 in
1275 3415 1355 3468 via
1400 3416 1528 3471 bibet
1569 3418 1763 3490 (Ῑὺίάο,
1802 3425 1882 3496 9)ο

306 3490 413 3542 Αυι
447 3491 705 3559 placidum
738 3496 877 3552 circa
909 3500 1120 3556 Patrem
1151 3502 1533 3566 incarnationis
1569 3490 1880 3583 mysterium

306 3584 575 3657 Scriptura
596 3592 888 3662 significat,
922 3607 977 3652 ut
1005 3609 1085 3655 est
1113 3617 1128 3655 :
1158 3601 1290 3657 Ecce
1318 3622 1443 3675 puer
1471 3625 1641 3678 meus,
1667 3611 1883 3669 dilectus

303 3680 455 3746 milii,
488 3682 540 3734 in
585 3700 683 3748 quo
727 3688 1033 3760 complacuit
1076 3696 1248 3749 anima
1290 3713 1404 3752 mea
1451 3699 1630 3771 (Matt.
1672 3720 1723 3771 1,
1768 3705 1878 3779 18).

304 3768 409 3824 Aut
437 3774 606 3827 sancti
634 3774 864 3845 Spiritus
892 3789 916 3817 α
946 3781 1294 3856 inlusionem,
1322 3768 1480 3859 quam
1510 3794 1694 3865 utique
1711 3768 1881 3855 rhom'o

303 3862 370 3916 ab
397 3879 462 3919 eo
490 3880 768 3938 susceptus
794 3875 985 3931 meruit
1008 3877 1121 3935 sive
1144 3878 1196 3934 in
1224 3881 1489 3953 principio
1514 3887 1684 3956 ipsius
1707 3891 1883 3948 incar-

301 3955 531 4013 nationis
551 4000 566 4026 ,
594 3960 707 4017 sive
728 3962 779 4017 in
805 3967 1155 4038 incremento,
1185 3973 1298 4031 sive
1319 3976 1373 4031 in
1402 3976 1737 4049 baptismate,
1767 3986 1882 4041 sive

300 4044 358 4100 in
408 4050 717 4121 miraculis,
766 4056 879 4114 sive
927 4060 980 4115 in
1030 4062 1308 4135 doctrina,
1363 4070 1477 4126 sive
1530 4073 1582 4127 in
1636 4088 1879 4133 resurre-

298 4138 495 4207 ctione,
544 4154 599 4199 ut
640 4154 721 4200 est
765 4164 779 4201 :
818 4149 1016 4206 Ponam
1057 4153 1313 4227 Spiritum
1358 4176 1522 4218 meum
1568 4180 1722 4235 super
1764 4184 1881 4223 eum

301 4228 444 4300 (Isa.
475 4249 601 4303 xui,
634 4241 729 4311 l);
778 4253 832 4298 et
865 4262 878 4299 :
913 4245 1140 4315 Spiritus
1184 4250 1395 4310 Domini
1429 4274 1581 4329 super
1622 4228 1727 4329 ine,
1759 4282 1883 4335 pro-

298 4334 475 4392 pterea
502 4333 643 4385 unxit
666 4351 744 4388 me
770 4336 921 4408 (Luc.
949 4355 1022 4409 IV,
1058 4343 1171 4413 l8),
1200 4356 1253 4401 et
1274 4349 1499 4420 reliqua.
1526 4354 1633 4409 Aut
1659 4333 1882 4427 diligen-

303 4416 430 4472 tiam
481 4421 619 4477 circa
668 4425 988 4497 discipulos,
1039 4445 1095 4486 ut
1144 4445 1226 4491 est
1270 4456 1284 4492 :
1337 4416 1462 4494 Non
1505 4445 1672 4512 dicet,
1724 4465 1883 4517 neque

296 4508 571 4578 clamabit,
619 4532 779 4584 neque
825 4523 996 4574 audiet
1049 4526 1162 4593 quis
1212 4529 1265 4580 in
1318 4532 1501 4597 plateis
1545 4508 1716 4591 vocem
1768 4508 1881 4605 eius

294 4599 479 4671 (Matt.
523 4619 629 4670 xu,
668 4607 771 4676 19).
833 4612 939 4663 Aut
984 4614 1274 4672 sessionem
1320 4620 1434 4689 ejus
1482 4638 1643 4694 super
1665 4598 1881 4698 jumen-
1910 4598 1959 4658 θ

296 4700 410 4744 ῑυιη
430 4732 444 4755 ,
474 4700 530 4746 ut
557 4704 673 4749 est:
708 4696 788 4752 Ne
814 4700 1017 4769 timeas,
1044 4705 1152 4773 ﬁlia
1173 4708 1306 4764 Sion
1321 4753 1334 4777 ,
1356 4728 1470 4768 ecce
1494 4732 1585 4770 rea:
1606 4696 1724 4775 tuus
1747 4722 1878 4779 venit

290 4782 473 4837 sedens
520 4802 671 4856 super
710 4792 906 4861 pullum
937 4797 1098 4852 asinis
1146 4800 1335 4861 (luela.
1374 4822 1461 4874 Ix,
1494 4808 1569 4882 9).
1604 4813 1711 4870 Aut
1755 4831 1877 4887 pas-

292 4876 475 4931 siones
505 4881 589 4935 vel
614 4885 938 4950 sepulturam
969 4904 1262 4964 causasque
1288 4914 1471 4956 eorum
1494 4946 1507 4969 ,
1543 4914 1598 4960 ut
1626 4906 1823 4965 dicitur
1856 4930 1869 4966 :

300 4963 566 5038 Vidimus,
597 4982 645 5027 et
673 4992 773 5029 non
801 4978 1015 5035 habebat
1043 4963 1257 5054 speciem
1286 5009 1443 5061 neque
1484 4997 1747 5069 decorem,
1780 5007 1872 5060 sed

290 5059 481 5125 species
509 5062 904 5136 inhonorabilis,
941 5072 1155 5142 inferior
1184 5082 1414 5137 omnibus
1450 5085 1758 5151 hominibus.
1809 5098 1875 5154 Et

293 5161 478 5205 rursus
508 5170 519 5205 :
549 5153 721 5211 Homo
743 5159 795 5213 in
817 5162 1005 5233 plagis,
1027 5174 1073 5218 et
1098 5170 1261 5223 sciens
1286 5171 1419 5240 ferre
1444 5175 1470 5215 δ
1499 5178 1871 5257 humilitatem,

292 5239 413 5307 quia
462 5247 676 5302 adversa
731 5252 889 5320 [acies
935 5259 1069 5326 ejus-
1092 5268 1139 5313 et
1183 5261 1515 5324 dehonestata
1563 5283 1668 5341 est,
1714 5239 1780 5333 et
1805 5239 1874 5335 ad

292 5332 510 5387 nihilum
538 5352 797 5407 reputatus
840 5359 860 5398 :
900 5347 1007 5416 ipse
1035 5364 1246 5421 peccata
1275 5367 1446 5414 nostra
1474 5332 1670 5432 portat,
1703 5380 1750 5423 et
1780 5389 1872 5441 pro

291 5424 437 5480 nobis
481 5427 651 5496 dolet;
678 5441 724 5488 et
749 5450 842 5491 nos
869 5443 1155 5508 putavimus
1181 5463 1295 5503 eum
1324 5467 1430 5507 esse
1453 5424 1508 5509 in
1533 5458 1709 5517 dolore
1737 5424 1791 5519 ei
1814 5467 1868 5522 in

1988 1912 2109 1967 dam
2142 1917 2283 1969 enim
2314 1916 2386 1970 ita
2434 1918 2485 1971 in
2531 1919 2695 1989 ipsius
2731 1937 3012 1992 personam
3049 1929 3295 1995 prmdicta
3326 1943 3478 2001 sunt,
3510 1942 3567 1991 ut

1988 2004 2110 2058 aliis
2160 2010 2449 2063 convenire
2498 2026 2601 2064 non
2644 2015 2894 2082 possint,
2940 2018 3077 2073 sicut
3126 2020 3320 2090 legitur
3379 2041 3392 2077 :
3445 2023 3567 2082 Non

1987 2096 2184 2165 deﬁciet
2214 2099 2446 2170 princeps
2488 2116 2553 2156 ea;
2586 2101 2757 2171 Juda,
2791 2122 2948 2175 neque
2976 2110 3082 2163 dua:
3118 2127 3181 2164 ex
3207 2112 3398 2180 {emere
3426 2117 3566 2185 ejus,

1987 2190 2147 2244 donec
2174 2193 2339 2245 veniat
2368 2195 2451 2246 cui
2478 2196 2701 2263 reposita
2752 2207 2867 2251 sunt
2900 2198 3052 2269 (Gen.
3096 2217 3213 2256 itth
3233 2246 3247 2271 ,
3284 2203 3388 2273 IU).
3414 2206 3566 2271 Qua:-

1987 2279 2110 2334 dam
2146 2295 2273 2336 vero
2303 2283 2404 2337 sub
2434 2283 2657 2339 alterius
2697 2301 2941 2355 persona:
2971 2292 3252 2347 occasione
3289 2294 3564 2363 dicuntur,

1986 2369 2054 2424 ad
2098 2371 2370 2427 Christum
2404 2382 2583 2431 tamen
2629 2376 2901 2434 intellectu
2938 2383 3229 2449 respiciunt
3261 2401 3274 2437 :
3304 2383 3371 2438 In
3400 2396 3477 2454 te,
3522 2394 3567 2442 et

1985 2460 2173 2516 semine
2194 2471 2281 2516 tuo
2303 2464 2658 2520 benedicentur
2680 2484 2851 2524 omnes
2875 2482 3047 2540 gentes
3089 2473 3238 2545 (Gen.
3271 2492 3380 2533 xxu
3399 2519 3412 2545 ,
3453 2478 3564 2550 18).

2558 2603 2783 2662 CAPUT
2808 2606 2991 2663 XXIII.

1987 2707 2066 2763 De
2093 2709 2508 2780 praedictionibus
2534 2716 2602 2768 ad
2626 2721 2932 2841 rogationem
2954 2724 3181 2791 gentium
3202 2727 3567 2795 pertinentibus

2632 2803 2689 2841 su
2806 2805 2915 2841 eae.

2632 2803 2724 2841 suo
2761 2803 2915 2859 Lege.

2058 2910 2127 2967 ι).
2168 2912 2427 2981 Quoniam
2476 2916 2849 2985 praedictiones
2902 2921 2969 2977 de
3017 2922 3232 2981 Christo
3287 2927 3460 2984 dictas
3512 2930 3565 2987 in

1987 3005 2152 3058 veteri
2199 3004 2343 3075 Lege
2390 3007 2763 3076 probavimus,
2812 3015 2877 3065 da
2918 3028 3010 3068 eas
3058 3033 3175 3085 quae
3224 3019 3289 3074 de
3338 3023 3567 3091 gentium

1987 3093 2264 3149 vocatione
2285 3104 2407 3150 sunt
2430 3098 2634 3166 posite.
2663 3100 2737 3152 Μ.
2767 3100 2844 3156 De
2870 3106 3150 3163 vocatione
3174 3112 3406 3179 gentium
3435 3129 3545 3183 prae

1987 3183 2245 3240 dictiones
2278 3186 2389 3240 fere
2437 3188 2624 3244 decem
2668 3200 2720 3246 et
2749 3204 2955 3262 septem
2986 3199 3159 3253 modis
3196 3204 3395 3269 positas
3422 3207 3568 3259 acci-

1988 3274 2185 3341 pimus.
2232 3275 2531 3344 Aliquando
2569 3280 2709 3333 enim
2741 3284 3105 3351 acceptionem
3150 3302 3330 3343 earum
3371 3293 3573 3363 signiﬁv

1987 3370 2111 3415 cant
2132 3405 2145 3429 ,
2178 3376 2297 3416 cum
2326 3364 2521 3419 dicitur
2546 3384 2560 3418 :
2596 3367 2709 3438 Ego
2740 3374 2991 3426 cumulabo
3019 3391 3101 3428 eos
3132 3378 3183 3430 in
3211 3394 3312 3431 non
3340 3392 3567 3452 gentem,

1986 3452 2040 3505 in
2067 3463 2265 3524 gentem
2289 3454 2609 3524 insipientem
2640 3461 2848 3515 irritabo
2894 3479 2980 3517 eos
3028 3466 3208 3534 (Deut.
3250 3487 3431 3538 xxxn,
3455 3474 3567 3545 ‘21).

1986 3544 2288 3615 Aliquando
2342 3547 2711 3616 infirmitates,
2767 3568 3109 3624 peccatorum
3162 3564 3565 3634 expulsionem,

1987 3636 2380 3707 meliorumquc
2426 3639 2758 3711 doctrinam,
2789 3660 2909 3699 cum
2955 3648 3147 3705 dicitur
3177 3669 3192 3707 :
3224 3653 3569 3713 Pronuntiarc

1986 3728 2292 3797 pauperibus
2324 3730 2460 3784 misit
2489 3747 2569 3785 me
2588 3775 2602 3802 ,
2635 3736 2917 3804 prtedicare
2945 3742 3155 3811 captivis
3183 3748 3564 3820 remissionem,

1983 3826 2031 3871 et
2052 3820 2197 3873 circis
2218 3822 2377 3875 visum
2409 3822 2545 3893 (Isa.
2583 3841 2700 3895 ut,
2726 3826 2779 3899 1)
2805 3844 2820 3894 ;
2852 3830 3136 3901 aliquando
3161 3840 3382 3905 gratiam
3408 3858 3565 3912 quam

1984 3922 2335 3981 acceperant,
2370 3915 2483 3969 sive
2508 3917 2810 3987 adoptionis
2827 3963 2842 3989 ,
2868 3922 2982 3979 sive
3006 3926 3382 3986 miraculorum
3403 3973 3417 3999 ,
3445 3950 3565 3989 cum

1985 4002 2183 4058 dicitur
2215 4023 2228 4058 :
2275 4004 2432 4061 Filia:
2468 4025 2643 4079 regum
2682 4014 2735 4066 in
2774 4013 2967 4071 honore
3014 4029 3100 4072 tuo
3145 4038 3162 4074 :
3207 4026 3365 4078 astitit
3394 4028 3568 4097 regina

1983 4108 2015 4147 a
2040 4096 2223 4151 destris
2262 4100 2363 4151 tuis
2390 4097 2616 4168 (Psalm.
2648 4119 2793 4171 thv,
2824 4107 2933 4178 I0).
2966 4109 3264 4180 Aliquando
3292 4096 3568 4173 etiamad-

1984 4188 2332 4243 monitioncm
2356 4230 2369 4255 ,
2403 4200 2459 4245 ut
2484 4192 2611 4247 illud
2643 4197 2783 4265 quod
2816 4202 3056 4269 sequitur
3086 4220 3101 4259 :
3133 4207 3299 4276 Audi,
3342 4211 3489 4277 ﬁlia,
3521 4221 3567 4265 et

1983 4279 2123 4343 uide,
2178 4288 2226 4332 et
2276 4280 2474 4336 inclina
2524 4301 2702 4339 aurem
2751 4297 2925 4358 tuam,
2977 4294 3268 4351 obliviscere
3318 4302 3567 4369 populum

1984 4378 2126 4423 tuum
2168 4369 2377 4441 (lbid.,
2428 4373 2551 4445 11).
2600 4376 2898 4446 Aliquando
2938 4383 3375 4450 glorilieationem
3407 4404 3566 4455 quam

1982 4458 2194 4513 Christo
2239 4461 2497 4516 debemus
2516 4504 2530 4527 ,
2564 4480 2684 4517 cum
2714 4468 2746 4519 d
2770 4468 2907 4522 citur
2940 4487 2950 4521 :
2987 4471 3119 4536 Quia
3147 4473 3254 4543 ipse
3282 4484 3355 4527 est
3386 4474 3565 4532 Ποικί-

1984 4563 2076 4600 nus
2114 4546 2254 4602 Deus
2300 4561 2440 4616 tuus,
2473 4555 2711 4608 adorabis
2753 4574 2863 4610 eum
2892 4558 3085 4629 (Ibid.,
3123 4562 3233 4634 12).
3268 4565 3567 4636 Aliquando

1988 4638 2373 4696 beatitudinem
2404 4653 2457 4698 et
2486 4645 2734 4702 virtutem
2762 4664 2919 4719 quam
2952 4664 3185 4710 meretur
3214 4657 3415 4726 ﬁdelis,
3443 4679 3564 4717 cum

1986 4730 2180 4786 dicitur
2203 4749 2216 4786 :
2246 4732 2584 4789 Adduceutur
2606 4740 2709 4810 regi
2731 4742 2946 4811 virgines
2969 4756 3082 4816 post
3103 4764 3210 4801 eam
3231 4749 3389 4821 (Ibid.
3409 4798 3423 4822 ,
3458 4754 3564 4823 lii).

1982 4823 2283 4894 Aliquando
2311 4826 2549 4883 laetitiam
2584 4829 2634 4883 in
2668 4846 2769 4900 qua
2799 4842 2948 4901 sunt,
2983 4837 3277 4905 profectum
3305 4856 3457 4897 suum
3491 4847 3565 4899 vi-

1984 4916 2188 4981 dentes,
2215 4934 2334 4973 cum
2357 4919 2552 4975 dicitur
2578 4939 2590 4975 :
2618 4923 2949 4979 Adducentur
2975 4944 3089 4982 cum
3112 4934 3301 5002 gaudio
3324 4946 3370 4988 et
3394 4939 3567 4991 exsul-

1981 5009 2172 5062 tatione
2203 5007 2393 5077 (Ibid.,
2426 5011 2546 5081 16).
2582 5014 2880 5086 Aliquando
2910 5023 3264 5078 sacerdotium
3296 5038 3348 5081 et
3387 5030 3564 5084 cccle-

1976 5100 2248 5158 siasticam
2278 5107 2752 5177 consuetudinem,
2783 5127 2903 5168 cum
2935 5114 3129 5169 dicitur
3157 5133 3171 5171 :
3202 5116 3310 5172 Pro
3337 5122 3565 5189 patritus

1977 5193 2076 5247 tuis
2103 5197 2208 5249 nati
2234 5207 2352 5252 sunt
2376 5199 2464 5252 tibi
2489 5200 2586 5269 ﬁlii
2615 5201 2775 5275 (Ibid.
2797 5246 2810 5271 ,
2840 5204 2951 5277 l7).
2982 5208 3283 5279 Aliquando
3311 5212 3566 5269 Ecclesia:

1977 5282 2307 5352 spiritualem
2340 5289 2747 5349 tediilcationem
2767 5338 2781 5362 ,
2807 5312 2924 5351 cum
2953 5298 3149 5355 dicitur
3175 5319 3187 5354 :
3218 5300 3300 5355 Ea:
3322 5304 3564 5372 gradibus

1976 5376 2239 5450 eburneis,
2271 5397 2334 5436 ea:
2371 5384 2550 5453 quibus
2591 5394 2637 5440 te
2676 5388 3044 5444 delectaverunt
3089 5390 3279 5462 (Ibid.,
3329 5393 3406 5465 9).
3452 5396 3565 5451 Ali-

1977 5472 2188 5541 quando
2238 5474 2656 5533 ecclesiasticam
2706 5485 3114 5550 auctoritatem,
3157 5500 3276 5542 cum
3321 5486 3561 5550 dicitur;

1974 5650 2053 5735 sui
2095 5650 2488 5735 exaltationem.
2617 5655 2829 5725 Tltom.,
2862 5676 2916 5715 nt
2944 5670 3105 5728 part.,
3148 5682 3199 5732 ι).
3246 5668 3335 5735 ιο,
3360 5682 3461 5726 art.
3505 5676 3556 5729 5.

1970 5722 2323 5813 Bussltc‘tt‘etn.
2347 5723 2512 5813 ludio.
2536 5728 2722 5813 lib‘ror.
2746 5722 3075 5813 expurgand.
3094 5722 3230 5792 tuin.
3257 5739 3297 5805 Ξ,

2037 5791 2063 5831 ι)
2101 5794 2265 5871 pxx,
2296 5796 2564 5871 μαλακίαν.
2605 5800 2751 5867 Vulg.
2776 5841 2793 5867 ,
2818 5791 3200 5871 'inﬁimitatem.

2038 5875 2060 5905 ο
2100 5863 2261 5921 Forte
2290 5863 2421 5936 leg.,
2455 5885 2575 5923 num
2599 5863 2765 5927 inicit.
