4046 6524
482 374 548 431 5!)
2006 371 2236 431 JUNlLll
3670 375 3742 432 40

485 492 650 546 ιιοηεδ
679 506 760 546 eo,
784 489 1034 563 princip“
1072 506 1222 561 “me,
1260 505 1451 545 omnem
1482 497 1666 543 εενναηι
1695 485 1863 556 (Ps-it.
1904 502 2046 551 xttv,
2086 492 2130 547 Α
2162 492 2214 535 ιιι
2242 489 2320 536 est
2346 497 2358 534 :
2401 478 2574 534 l’emet
2602 479 2733 533 enim
2760 475 2923 533 Filius
2950 478 3167 534 hominis
3189 481 3238 534 in
3262 479 3429 551 gloria
3458 478 3630 537 Patris
3661 491 3739 541 sui

484 583 589 653 17).
627 583 925 654 Aliquando
956 583 1340 653 plenitudinem
1377 581 1730 646 credentium,
1761 594 1881 633 cum
1916 579 2057 633 dici-

482 682 567 727 tur
604 690 618 727 :
668 672 965 743 Replebitur
1011 673 1182 747 gloria
1223 677 1334 745 ejus
1382 672 1543 727 omnis
1586 681 1751 736 terra,
1793 671 1915 741 ﬁat,
1968 671 2061 737 ﬁat

482 764 707 837 (Psalm.
740 784 865 823 Lxxt
885 809 899 833 ,
924 767 1035 837 19).
1056 764 1355 835 Aliquando
1376 765 1715 819 tolerantiam
1746 766 1860 819 sive
1892 770 2063 817 tenta-

483 858 683 925 tiones,
728 860 843 914 sive
880 857 1306 929 persecutiones,
1333 871 1454 911 cum
1478 855 1669 911 dicitur
1697 873 1710 909 :
1742 854 1911 909 Donec
1934 856 2063 908 edn-

483 962 561 1003 cat
612 952 663 1003 in
718 953 925 1005 victoria
966 950 1253 1021 judicium,
1286 958 1333 1003 et
1380 950 1431 1002 in
1480 948 1683 1002 nomine
1728 944 1838 1009 eius
1886 957 2060 1021 gentes

482 1044 756 1111 sperabunt
812 1042 958 1112 (Isa.
1016 1058 1153 1109 xui,
1214 1041 1311 1110 4).
1370 1041 1665 1110 Aliquando
1723 1041 2058 1095 inimicorum

483 1136 895 1187 destructionem
919 1173 935 1201 ,
968 1148 1087 1187 cum
1128 1133 1323 1186 dicitur
1369 1147 1380 1182 :
1423 1130 1491 1183 Et
1519 1131 1707 1183 initttici
1735 1134 1846 1203 ejus
1874 1139 2057 1185 terram

483 1227 673 1293 [lugent
703 1223 926 1293 (Psalm.
960 1238 1079 1277 Lxxt
1099 1263 1115 1289 ,
1146 1222 1225 1291 9).
1259 1221 1556 1291 Aliquando
1587 1237 1767 1290 pacem
1800 1237 1903 1291 qua
1932 1238 2059 1292 gau«

482 1314 569 1368 det
600 1323 715 1382 post
745 1314 1144 1383 persecutiones
1178 1313 1443 1379 Ecclesia,
1473 1328 1592 1367 cum
1634 1312 1828 1367 dicitur
1860 1331 1875 1368 :
1911 1313 2057 1367 Orie-

481 1416 561 1457 tnr
593 1405 643 1457 in
676 1406 850 1459 diebus
890 1408 998 1478 ejus
1027 1406 1238 1474 justitia
1266 1414 1314 1459 et
1332 1405 1607 1477 ‘plenitudo
1638 1408 1811 1475 pacis,
1844 1416 1868 1443 ⁸
1900 1407 2058 1460 donec

479 1495 805 1562 conﬁrmetur
831 1497 954 1550 luna
988 1495 1149 1568 (Ibid.
1173 1536 1188 1561 ,
1228 1498 1305 1567 7).
1353 1498 1655 1568 Aliquando
1685 1498 2057 1554 ltmreticorum

480 1600 720 1649 errores,
775 1595 830 1641 et
881 1586 1009 1640 Elia:
1059 1588 1429 1655 prmsentiam,
1475 1606 1594 1643 cum
1646 1589 1838 1643 dicitur
1876 1606 1893 1644 :
1929 1588 2057 1643 Ecce

481 1676 765 1728 transmitto
814 1678 949 1729 vobis
990 1675 1159 1729 Etiam
1189 1676 1491 1743 Thesbiten,
1519 1690 1564 1731 et
1606 1681 1857 1733 revocabit
1900 1679 2056 1734 corda

480 1777 684 1837 patrum
704 1771 754 1823 in
783 1770 917 1837 ﬁlios
946 1768 1201 1838 (Malach.
1234 1786 1308 1836 tv,
1329 1772 1383 1839 5,
1407 1772 1481 1840 li).
1502 1771 1800 1841 Aliquando
1821 1772 2051 1826 ﬁdelium

2165 589 2282 625 cum
2321 570 2514 642 angelis
2554 572 2691 635 suis;
2724 579 2769 623 et
2800 580 2918 623 tunc
2947 571 3119 622 reddet
3150 572 3417 640 unicuique
3457 578 3737 632 secundant

2166 678 2320 730 opera
2344 678 2457 714 sua.
2491 659 2622 713 Dico
2669 669 2840 713 autem
2881 661 3015 716 vobis
3057 662 3176 729 quia
3219 671 3337 716 sunt
3385 664 3544 733 aliqui
3577 669 3636 720 de
3658 668 3742 721 hic

2162 757 2412 813 stantibus
2425 756 2509 826 qui
2524 771 2625 809 non
2641 755 2911 825 gustabunt
2933 764 3141 809 mortem
3155 755 3311 810 donec
3324 756 3527 811 videant
3552 757 3743 814 Filium

2165 848 2384 903 hominis
2427 848 2702 903 venientem
2746 848 2801 902 in
2849 864 3004 920 regno
3043 866 3136 903 suo
3166 847 3341 920 (Matt.
3374 867 3481 918 xVI,
3505 852 3592 917 27,
3624 855 3741 927 ‘28).

2162 942 2269 995 Aut
2296 940 2573 995 retributio
2621 941 2882 995 bonorum
2912 955 3005 995 seu
3036 940 3324 1008 malorum,
3360 951 3421 996 ut
3461 959 3579 998 cum
3607 946 3744 1001 dici-

2163 1039 2290 1086 tur:
2325 1031 2390 1083 Et
2421 1030 2560 1084 ibunt
2588 1031 2674 1084 isti
2718 1033 2769 1084 in
2802 1047 2999 1099 pamatn
3042 1043 3314 1101 arternam,
3357 1036 3489 1104 justi
3533 1054 3645 1091 cera
3690 1041 3743 1092 in

2162 1123 2315 1175 vitam
2341 1132 2585 1175 a'ternant
2630 1121 2807 1192 (Matt.
2858 1138 2983 1189 xxv,
3011 1124 3125 1193 46).
3160 1127 3264 1179 Aut
3294 1124 3525 1195 Spiritus
3570 1127 3742 1184 sancti

2161 1214 2445 1282 praesentia
2488 1214 2744 1282 apostolis
2770 1213 2913 1279 data,
2938 1222 2993 1268 ut
3023 1224 3107 1270 est
3137 1233 3151 1269 :
3179 1214 3291 1286 Ego
3315 1219 3501 1286 rogabo
3533 1218 3742 1274 Patrem

2160 1321 2347 1371 meum,
2377 1312 2424 1358 et
2472 1305 2689 1358 alterum
2719 1303 3041 1360 Puracletum
3071 1307 3231 1360 mittet
3259 1308 3397 1360 vobis
3415 1348 3429 1372 ,
3455 1318 3510 1361 ut
3540 1320 3742 1363 manent

2159 1396 2415 1449 vobiscum
2437 1395 2487 1448 in
2513 1404 2756 1450 retentum
2782 1394 3031 1467 Spiritum
3053 1398 3273 1451 veritatis
3296 1399 3475 1469 (Joan.
3510 1415 3619 1467 xw,
3651 1401 3739 1469 16,

2162 1485 2277 1555 17).
2307 1487 2413 1542 Aut
2440 1486 2801 1541 ecclesiastica
2830 1489 3220 1556 prantuntiatur
3248 1492 3570 1554 auctoritas,
3602 1491 3740 1547 sicut

2160 1576 2355 1632 dicitur
2385 1594 2398 1631 :
2433 1576 2502 1629 Et
2527 1578 2658 1632 dabo
2692 1560 2782 1631 tibi
2810 1579 2971 1632 claves
3000 1580 3143 1651 regni
3181 1583 3423 1635 calorum
3455 1598 3473 1636 :
3507 1595 3552 1637 et
3580 1586 3740 1651 quotl-

2157 1685 2358 1730 cunque
2388 1670 2621 1738 ligaveris
2647 1673 2696 1723 in
2719 1678 2876 1736 terra,
2902 1670 2994 1724 crit
3022 1670 3235 1740 ligatum
3257 1683 3302 1725 et
3330 1672 3382 1725 in
3406 1675 3530 1727 coelo
3558 1674 3739 1746 (Matt.

2157 1773 2271 1823 xw,
2307 1756 2413 1829 19).
2446 1760 2553 1814 Aut
2573 1774 2740 1826 mors,
2773 1761 2950 1829 passio
2980 1775 3042 1814 ac
3070 1763 3387 1817 resurrectio
3416 1763 3739 1831 Salvatoris,

482 1875 650 1930 spem,
669 1872 720 1917 et
742 1862 1030 1918 secundum
1053 1864 1341 1918 Salvatoris
1357 1865 1639 1918 adventum
1658 1905 1673 1930 ,
1693 1880 1811 1919 cum
1829 1865 2056 1920 dicitur:
2090 1862 2138 1922 B
2164 1851 2306 1905 δῖουι
2335 1852 2533 1906 diem"
2562 1869 2575 1907 ἒ
2614 1852 2696 1907 ΕΞ
2723 1852 2814 1907 mo
2835 1854 2981 1923 ‘09P“
3008 1852 3158 1908 19"“
3190 1856 3453 1911 οδιεηάενε
3474 1861 3743 1927 “bellum

483 1950 549 2005 Et
577 1954 683 2021 ipse
705 1955 797 2007 erit
826 1957 1134 2020 exspectatio
1163 1956 1387 2026 gentium
1441 1954 1593 2024 (Gen.
1619 1971 1773 2023 thx,
1810 1956 1916 2026 10).
1942 1958 2059 2012 Ali-

483 2046 691 2115 quando
718 2046 1035 2115 baptismum
1066 2045 1317 2114 Joannis,
1344 2061 1463 2100 cum
1489 2046 1685 2101 dicitur
1713 2064 1727 2100 :
1761 2046 1889 2101 Ecce
1916 2049 2058 2101 mitto

484 2137 720 2207 angelum
751 2154 917 2191 nteum
945 2147 1062 2191 ante
1089 2138 1273 2205 [aciem
1303 2147 1441 2192 tuam
1472 2138 1724 2210 (Malarh.
1758 2155 1844 2209 ιιι,
1878 2141 1951 2209 1).

1046 2270 1272 2329 CAPUT
1301 2273 1492 2329 ιιχιν.

555 2383 632 2441 De
670 2383 925 2457 speciebus
954 2386 1371 2458 prtedictionum,
1404 2403 1519 2460 qua:
1547 2388 1600 2443 in
1628 2387 1805 2444 Gratia
1837 2387 1988 2460 {actte

1202 2470 1341 2513 sunt.

554 2585 622 2641 ι).
662 2586 922 2654 Quoniam
971 2589 1178 2661 species
1230 2592 1631 2661 praedictionum
1676 2608 1794 2665 qu:e
1835 2594 1887 2649 in
1916 2594 2057 2665 Lege

480 2690 605 2736 sunt
641 2681 894 2750 diximus,
917 2683 984 2739 da
1008 2700 1099 2740 cas
1117 2701 1234 2757 quae
1276 2688 1328 2742 in
1351 2687 1530 2743 Gratia
1555 2689 1803 2759 leguntur
1822 2691 2053 2746 cmissze.

482 2769 560 2826 Μ.
602 2772 1011 2830 Praedictionum
1042 2793 1159 2846 qua:
1192 2778 1242 2832 in
1275 2778 1453 2833 Gratia
1488 2779 1639 2835 lactte
1691 2788 1815 2835 sunt
1848 2780 2055 2850 species

482 2863 663 2932 viginti
691 2874 801 2919 tres
831 2866 1188 2923 inveniuntur.
1222 2869 1327 2922 Aut
1354 2869 1496 2924 enim
1536 2871 1813 2940 generatio
1853 2880 1905 2925 et
1947 2871 2056 2925 vita

481 2953 697 3010 Joannis
725 2955 974 3026 Baptista:
1019 2960 1322 3029 prosdicitur
1365 2960 1430 3014 ad
1474 2972 1674 3030 patrem
1707 2961 1824 3030 ejus
1852 2960 2057 3016 Zaclta-

483 3042 649 3113 riam,
701 3060 757 3101 ut
810 3060 891 3104 est
933 3051 1106 3104 omnis
1151 3050 1345 3105 locutio
1395 3051 1488 3105 illa
1539 3066 1633 3120 per
1677 3054 1950 3122 angelum,
2001 3062 2055 3109 et

482 3138 753 3207 prepltetia
801 3139 965 3210 ipsius
1014 3142 1285 3198 Zacharias
1341 3142 1489 3216 (Luc.
1534 3160 1588 3209 ι,
1628 3145 1811 3212 15-17,
1844 3146 2051 3214 GS-79).

2162 1943 2290 2007 suis,
2323 1944 2444 2013 quia
2470 1953 2667 2011 Oportet
2697 1962 2811 1999 eum
2838 1947 2889 1999 in
2919 1944 3336 2018 Hierosolymam
3365 1951 3439 2004 ire
3462 1995 3476 2017 ,
3504 1962 3551 2005 et
3584 1956 3744 2007 multa

2162 2036 2412 2090 sustinere
2449 2052 2482 2088 a
2521 2036 2825 2106 presbyteris
2874 2048 2921 2092 et
2960 2038 3273 2107 principibus
3320 2043 3664 2108 sacerdotum,
3696 2054 3742 2099 et

2162 2128 2312 2191 mori,
2345 2133 2392 2179 et
2416 2128 2573 2179 tertia
2600 2127 2682 2180 die
2707 2144 2968 2198 resurgere
2998 2128 3148 2200 (Luc.
3180 2145 3228 2184 tx
3251 2169 3267 2195 ,
3298 2130 3412 2194 ἓξ).
3445 2134 3556 2186 Aut'
3580 2148 3740 2198 gene-

2165 2216 2298 2271 ralis
2323 2217 2667 2283 resurrectio,
2712 2229 2767 2273 ut
2808 2234 2929 2275 cum
2971 2221 3099 2275 dicit
3140 2222 3467 2292 Apostolus:
3501 2224 3647 2280 Sicut
3689 2229 3741 2281 in

2161 2309 2326 2362 Adam
2355 2326 2525 2364 omnes
2554 2313 2857 2378 moriuntur,
2890 2314 2962 2367 ita
2984 2325 3031 2367 et
3062 2315 3115 2367 in
3147 2313 3352 2369 Chrile
3376 2333 3548 2372 omnes
3579 2318 3742 2386 vici/i-

2160 2400 2409 2454 cabuntur
2432 2399 2485 2474 (I
2509 2400 2627 2456 Cor.
2657 2418 2747 2472 xv,
2772 2402 2885 2476 22).
2916 2409 3022 2459 Aut
3069 2406 3227 2461 simul
3264 2406 3461 2461 Christi
3485 2419 3535 2463 et
3559 2420 3741 2464 nostra

2161 2495 2509 2561 resurrectio,
2538 2494 2679 2549 sicut
2707 2495 2902 2551 dicitur
2935 2512 2947 2548 :
2980 2495 3104 2550 Cum
3126 2512 3216 2568 ego
3245 2498 3498 2553 exalta'us
3529 2505 3673 2569 [ueto
3706 2516 3737 2553 a

2162 2592 2320 2649 terra,
2354 2601 2525 2639 omnes
2551 2586 2754 2639 traham
2777 2588 2845 2640 ad
2873 2604 2951 2643 me
2978 2586 3158 2661 (Joan.
3181 2604 3251 2644 ιιι
3271 2631 3285 2657 ,
3313 2592 3426 2661 52).
3458 2594 3562 2645 Aut
3586 2592 3737 2648 Judte

2162 2675 2415 2744 proditio,
2441 2677 2579 2731 sicut
2601 2677 2731 2733 dicit
2753 2678 3034 2734 Christus:
3065 2680 3251 2736 Nonne
3272 2699 3365 2755 ego
3388 2700 3471 2738 vos
3495 2686 3590 2754 legi
3612 2686 3743 2739 duo-

2159 2766 2344 2832 decim,
2391 2776 2441 2820 et
2479 2782 2610 2820 unus
2641 2783 2703 2821 ca:
2732 2769 2868 2822 vobis
2897 2770 3128 2826 diabolus
3157 2782 3228 2825 est
3271 2772 3448 2845 (Joan.
3495 2782 3577 2843 vt,
3611 2774 3739 2845 71)?

2161 2857 2266 2913 Aut
2295 2860 2485 2914 modus
2516 2861 2824 2921 tentatiouis
2848 2873 2900 2918 et
2942 2866 3133 2919 mortis
3155 2866 3468 2936 [aliquorum
3502 2868 3739 2937 discipu-

2158 2950 2333 3005 lorum
2356 2993 2371 3018 ,
2400 2953 2538 3008 sicut
2564 2954 2723 3009 Petro
2766 2955 3023 3011 Dominus
3057 2966 3112 3012 ct
3141 2960 3476 3030 negationem
3506 2962 3733 3015 fututam

2158 3042 2406 3111 praedixit
2452 3054 2507 3098 et
2554 3045 2788 3114 speciem
2843 3048 3106 3117 passionis
3133 3090 3147 3116 ,
3198 3050 3421 3105 dicens:
3456 3053 3737 3122 Antequam

2157 3133 2326 3203 gallus
2352 3144 2546 3200 cantet,
2580 3145 2655 3189 ter
2678 3152 2759 3191 me
2806 3141 3013 3209 negabis
3041 3139 3218 3210 (Matt.
3251 3158 3370 3197 xxw
3398 3164 3413 3211 ,
3463 3145 3590 3214 '51);
3639 3157 3692 3200 et
3719 3163 3731 3197 :

485 3229 588 3284 Aut
627 3229 915 3286 Salvatoris
962 3243 1248 3303 conceptus
1289 3236 1645 3307 nativitasquc
1677 3236 1969 3303 mirabilis,
2000 3248 2054 3293 ut

2160 3225 2286 3279 Cant
2329 3244 2480 3282 senex
2506 3230 2666 3298 fueris
2694 3271 2709 3296 ,
2742 3233 2981 3286 extendes
3009 3250 3190 3290 manus
3242 3245 3389 3301 tuas,
3420 3247 3466 3291 et
3507 3237 3644 3291 alius
3687 3247 3738 3291 te

481 3330 563 3375 est
589 3322 860 3390 prscdictio
902 3338 1057 3391 quam
1085 3324 1151 3378 ad
1180 3335 1416 3381 sanctam
1455 3327 1671 3381 Mariam
1726 3328 1947 3399 angelus
1975 3330 2049 3385 dic

481 3412 560 3465 xit
580 3410 763 3481 (Ibid.,
786 3413 991 3485 28-37).
1017 3414 1121 3470 Aut
1143 3430 1417 3488 magorum
1440 3418 1715 3484 revelatio,
1736 3430 1828 3476 aut
1847 3420 2058 3478 Judteoo

481 3516 597 3558 rum
635 3504 976 3559 incredulitas
1005 3519 1161 3576 atque
1187 3510 1464 3564 conversio
1494 3509 1671 3578 (Matt.
1716 3528 1783 3575 ιι,
1820 3515 1840 3568 ι
1890 3517 2052 3584 seq.),

480 3596 618 3650 sicut
640 3594 837 3651 dicitur
868 3611 883 3648 :
912 3595 1042 3649 Ecce
1065 3599 1155 3651 iste
1180 3600 1373 3667 positus
1401 3609 1475 3653 est
1504 3601 1557 3652 in
1586 3602 1790 3654 ruinam
1821 3612 1866 3656 et
1888 3619 2055 3656 resur-

482 3686 751 3739 rectionem
780 3684 1054 3738 multorum
1084 3686 1137 3739 in
1164 3685 1362 3753 Israel,
1391 3697 1437 3742 et
1467 3689 1666 3759 signum
1696 3693 2056 3745 contradictio-

480 3778 558 3829 nis
606 3776 758 3845 (Luc.
802 3793 870 3842 ιι,
896 3777 1008 3849 54).
1036 3779 1137 3833 Aut
1164 3781 1439 3848 praemium
1468 3783 1611 3850 regni
1639 3785 1891 3851 cmlestis,
1919 3785 2057 3839 sicut

483 3877 590 3922 cst:
612 3866 970 3922 Paenitentiam
992 3871 1144 3940 agite,
1167 3873 1588 3942 appropinquavit
1612 3876 1686 3943 (.ll
1696 3884 1786 3927 att.
1808 3891 1883 3944 tn,
1900 3877 1976 3944 2),
2001 3888 2057 3932 ct

483 3958 703 4028 reliqua.
729 3963 830 4013 Ant
854 3960 1087 4028 gentium
1120 3964 1350 4029 vocatio,
1383 3965 1515 4018 sicut
1544 3966 1739 4020 dicitur
1773 3986 1784 4019 :
1821 3968 1971 4027 Multi
1993 3972 2055 4023 ab

484 4044 687 4099 Oriente
707 4058 753 4099 et
779 4046 1046 4102 Occidente
1058 4051 1277 4117 venient,
1296 4059 1343 4104 et
1364 4053 1647 4106 recumbent
1668 4070 1778 4106 cum
1803 4055 2065 4111 Abraham

482 4147 526 4189 et
556 4134 707 4191 Isaac
734 4147 778 4192 et
804 4137 962 4194 Jacob
989 4144 1042 4195 in
1084 4159 1241 4214 regno
1276 4146 1515 4199 caelorum
1559 4147 1736 4217 (Matt.
1782 4166 1907 4217 Vill,
1943 4151 2050 4221 11).

482 4228 585 4281 Aut
630 4227 976 4285 Hebrazorum
1019 4233 1287 4302 exclusio,
1349 4245 1407 4290 ut
1449 4245 1532 4291 est
1570 4238 1709 4307 quod
1752 4243 1989 4310 sequitur
2037 4261 2051 4297 :

481 4316 607 4374 Filii
642 4330 812 4375 autem
849 4326 991 4395 regni
1030 4326 1182 4397 hujus
1211 4327 1540 4384 excludentur
1576 4332 1628 4385 in
1656 4334 1880 4388 tenebras
1919 4346 2055 4390 exte-

482 4412 644 4468 riores
673 4412 995 4489 (Ibid.,1‘2).
1028 4419 1133 4472 Aut
1156 4420 1379 4475 salvatio
1409 4438 1504 4491 per
1532 4425 1890 4494 apostolorum
1921 4444 2054 4497 pra:-

480 4501 796 4560 dicationem
821 4546 836 4570 ,
867 4517 923 4560 ut
950 4522 1070 4563 eum
1101 4507 1295 4566 dicitur
1327 4528 1339 4563 :
1382 4511 1557 4567 Venite
1583 4524 1693 4583 post
1724 4532 1836 4582 me,
1868 4518 2053 4587 faciam

2160 3319 2325 3390 cinget
2369 3331 2415 3374 ct
2454 3323 2599 3378 ducet
2646 3340 2746 3395 quo
2775 3336 2830 3379 tu
2860 3343 2959 3381 non
2987 3328 3059 3383 vis
3114 3329 3294 3400 (Joan.
3328 3346 3435 3400 xxt,
3484 3334 3595 3402 18).
3628 3332 3736 3389 Ant

2161 3415 2445 3481 priesentia
2494 3416 2831 3473 detentorum
2877 3419 3097 3489 Christi,
3128 3436 3247 3476 cum
3294 3423 3461 3478 dicit:
3498 3425 3731 3497 Surgite,

2160 3518 2355 3568 eamus,
2382 3521 2494 3559 ecce
2517 3510 2941 3579 appropinquavit
2966 3512 3052 3580 qui
3073 3528 3151 3566 me
3183 3514 3346 3567 tradet
3378 3514 3554 3585 (Matt.
3586 3531 3731 3583 χχιιι,

2158 3594 2275 3663 46).
2320 3601 2423 3648 Aut
2465 3597 2726 3665 dispersio
2775 3600 3177 3669 apostolorum,
3222 3604 3359 3657 sicut
3394 3623 3404 3657 :
3436 3605 3733 3663 Percutiant

2158 3696 2429 3754 pastorem,
2480 3694 2527 3738 et
2557 3686 2909 3758 dispergentur
2938 3706 3051 3745 oves
3075 3694 3241 3764 gregis
3269 3692 3454 3765 (Ibid.,
3483 3698 3595 3768 3|).
3628 3704 3738 3758 Aut

2161 3774 2286 3841 pulli
2326 3774 2489 3828 asina:
2530 3780 2787 3846 repertio,
2834 3794 2993 3850 quem
3044 3782 3297 3841 Dominus
3345 3788 3399 3841 in
3444 3790 3732 3861 Evangelia

2161 3864 2403 3931 prmdixit
2430 3881 2460 3920 a
2490 3866 2767 3937 discipulis
2793 3871 3161 3930 adducendum
3186 3876 3364 3949 (Matt.
3417 3897 3526 3947 xxi,
3554 3883 3618 3949 2,
3652 3885 3729 3956 5).

2158 3958 2265 4012 Aut
2303 3957 2619 4015 Antichristi
2650 3967 2938 4032 praesentia
2960 4006 2977 4034 ,
3008 3982 3128 4023 cum
3161 3970 3355 4026 dicitur
3388 3990 3400 4026 :
3445 3974 3613 4030 Neuto
3646 3994 3731 4033 vos

2156 4048 2363 4102 scducat
2389 4050 2492 4105 ulla
2519 4052 2714 4107 modo:
2742 4056 2862 4125 quia
2887 4057 2984 4111 nisi
3004 4062 3193 4114 venerit
3217 4061 3457 4119 discessio
3482 4068 3728 4135 primunt,

2157 4148 2203 4192 et
2234 4142 2481 4197 revelatus
2512 4144 2667 4214 fuerit
2699 4145 2845 4201 homo
2874 4151 3095 4219 peccati,
3136 4152 3273 4220 [ilius
3315 4157 3615 4223 perditionis
3643 4172 3720 4228 qut

2156 4234 2460 4288 contradicit
2509 4235 2597 4308 (II
2643 4235 2820 4293 Thess.
2863 4239 2931 4307 2,
2959 4241 3040 4311 5).
3096 4243 3202 4298 Aut
3249 4245 3378 4299 Elite
3425 4251 3720 4317 prmscutia,

2156 4339 2276 4377 cum
2328 4325 2523 4382 dicitur
2555 4350 2569 4384 :
2600 4329 2744 4385 Elias
2779 4332 2941 4386 veniet
2980 4336 3200 4405 primum
3232 4337 3412 4408 (Matt.
3442 4355 3548 4394 xvn
3570 4381 3583 4405 ,
3617 4342 3728 4411 1|).

2155 4419 2262 4472 Aut
2285 4421 2621 4477 conscientiae
2645 4423 2955 4493 electorum,
2990 4436 3048 4481 ut
3069 4428 3134 4482 de
3157 4430 3318 4485 Paulo
3348 4446 3360 4483 :
3400 4430 3503 4485 Vas
3529 4435 3731 4487 electio-

2157 4509 2236 4562 nis
2266 4509 2390 4563 mihi
2418 4522 2488 4566 est
2519 4513 2611 4567 iste
2644 4513 2781 4585 (Act.
2812 4530 2886 4581 lx,
2921 4516 3033 4586 15).
3067 4520 3173 4573 Aut
3201 4520 3360 4591 aliqui
3409 4537 3511 4576 non
3542 4524 3732 4578 immu~

481 4608 564 4645 vos
594 4594 705 4659 ﬁeri
734 4596 1006 4665 piscatores
1038 4600 1302 4654 hominum
1345 4601 1524 4671 (Muri.
1567 4620 1643 4673 ιν,
1675 4607 1786 4675 19),
1819 4609 1921 4663 Aut
1951 4611 2052 4665 mi-
2078 4618 2129 4678 ι)
2157 4603 2324 4668 tandi,
2350 4604 2443 4658 sed
2470 4608 2731 4675 gustaturi
2756 4616 2980 4663 mortem
3020 4608 3394 4679 pra-dicuntur,
3422 4613 3555 4667 sicut
3590 4614 3735 4683 Apo-

481 4682 781 4737 raculurum
808 4687 1048 4753 claritas,
1075 4699 1133 4745 ut
1151 4690 1347 4746 dicitur
1370 4710 1382 4745 :
1412 4693 1509 4759 Qui
1529 4696 1686 4749 credit
1708 4698 1760 4749 in
1780 4713 1880 4763 me,
1899 4716 2054 4769 opera

479 4788 592 4841 qua:
629 4789 719 4846 ego
749 4777 882 4847 facio
912 4786 957 4832 et
988 4778 1095 4849 ipse
1123 4782 1278 4851 faciet
1298 4821 1314 4849 ,
1358 4794 1408 4836 et
1452 4786 1653 4855 majora
1689 4786 1871 4841 horum
1901 4792 2054 4861 faciet

479 4860 657 4930 (Joan.
696 4878 807 4930 xiv,
868 4864 981 4936 η).
1024 4869 1129 4922 Aut
1172 4871 1393 4925 tentatio
1434 4875 1841 4946 persecutioque
1882 4879 2056 4947 justo-

479 4967 627 5018 rum,
659 4963 717 5009 ut
745 4955 937 5011 dicitur
974 4975 987 5012 :
1017 4957 1243 5016 Tradent
1272 4964 1405 5017 enim
1432 4980 1517 5019 vos
1546 4966 1599 5020 in
1629 4968 1888 5035 conciliis,
1929 4980 1975 5024 et
2001 4972 2055 5026 in

479 5047 747 5119 synagoyis
778 5050 881 5102 suis
920 5052 1250 5123 ﬂagellabant
1296 5056 1472 5127 (Matt.
1520 5074 1582 5124 x,
1634 5059 1747 5130 17),
1798 5070 1904 5118 etc.
1950 5066 2056 5119 Aut

482 5137 731 5205 patientia
761 5138 997 5195 ﬁdelium
1030 5144 1169 5199 inter
1201 5144 1422 5202 adversa
1448 5187 1465 5214 ,
1496 5156 1553 5203 ut
1597 5165 1716 5205 cum
1760 5151 1955 5208 dicitur
1986 5155 2055 5211 de

481 5229 716 5286 Ecclesia
752 5248 764 5284 :
796 5231 862 5286 Et
908 5244 1069 5302 portte
1108 5234 1259 5303 inferi
1304 5252 1403 5291 non
1445 5240 1785 5307 praevalebunt
1812 5243 2054 5300 adversus

478 5336 591 5375 eam
625 5322 803 5393 (Matt.
851 5338 973 5393 xw,
1008 5326 1122 5393 18).
1177 5326 1243 5380 Ει
1287 5343 1468 5383 rursus
1500 5346 1511 5381 :
1543 5328 1778 5399 Regnum
1810 5333 2051 5389 cwlorum

480 5412 578 5463 tim
601 5417 823 5485 patitur,
851 5426 900 5471 et
928 5417 1133 5471 violenti
1165 5419 1412 5489 diripiunt
1439 5420 1570 5475 illud
1601 5422 1781 5494 (Matt.
1811 5441 1896 5493 χι,
1936 5426 2048 5500 1'2).

483 5502 583 5557 Aut
612 5508 992 5577 contemplatio
1015 5509 1163 5580 regni
1188 5509 1424 5566 ctelestis
1447 5521 1500 5567 et
1521 5515 1740 5570 secundi
1766 5516 2052 5587 adventus,

484 5614 583 5669 qua
614 5601 750 5656 etin
789 5603 889 5660 hac
917 5606 1027 5664 vita
1075 5614 1382 5664 sanctorum
1432 5610 1629 5666 anima:
1678 5610 2052 5685 perfruuntur,

2158 4695 2372 4750 stolus:
2418 4695 2550 4750 Ecce
2599 4698 2895 4767 mysterium
2941 4700 3055 4754 dico
3100 4702 3479 4757 vobis:omncs
3525 4709 3729 4774 quidem

2156 4802 2478 4857 resurgemus
2498 4826 2514 4851 ,
2546 4788 2633 4840 sed
2660 4803 2761 4841 non
2784 4796 2957 4843 omnes
3002 4792 3385 4847 immutabimur
3413 4796 3460 4865 (Ι
3487 4795 3604 4850 Cor.
3634 4813 3730 4863 xv,

2155 4875 2270 4944 51).
2296 4879 2402 4931 Aut
2423 4876 2596 4930 futura
2620 4878 2807 4946 pcatis,
2831 4879 2967 4934 sicut
2989 4882 3151 4951 Agabi
3185 4885 3457 4954 proplte:ia
3483 4888 3619 4957 (Act.
3655 4903 3727 4954 χι,

2156 4964 2273 5032 23).
2303 4966 2407 5020 Αυι
2437 4966 2701 5022 lueresum
2727 4971 3102 5035 contrarietas,
3135 4975 3272 5029 sicut
3310 4976 3505 5031 dicitur
3538 4994 3549 5030 :
3578 4976 3733 5031 Istud

2157 5067 2325 5111 autem
2352 5074 2571 5130 agnosce
2594 5100 2609 5124 ,
2649 5060 2769 5128 quia
2796 5062 2848 5115 in
2879 5062 3072 5118 ultimis
3102 5064 3276 5118 d‘ebus
3306 5078 3574 5140 exsurgent
3604 5078 3733 5122 tem-

2158 5166 2286 5219 pora
2332 5150 2558 5220 maligna
2605 5149 2689 5223 (II
2735 5151 2874 5210 Tim.
2910 5169 2996 5220 ιιι,
3054 5154 3128 5225 1).
3162 5155 3229 5211 Ει
3258 5174 3477 5214 rursus:
3512 5163 3729 5227 Quando

2155 5257 2296 5296 sance
2322 5241 2568 5298 doctrina:
2592 5261 2694 5298 non
2723 5246 3063 5316 acquiescent,
3095 5249 3183 5302 sed
3212 5251 3490 5306 secundum
3515 5267 3609 5304 sua
3638 5253 3730 5307 de-

2154 5335 2345 5390 sideria
2371 5346 2597 5407 quaerent
2618 5336 2712 5392 sibi
2740 5338 2967 5391 doctores
2992 5335 3079 5409 (II
3105 5338 3237 5394 Tim.
3268 5356 3340 5409 tv,
3367 5344 3444 5410 5).
3476 5341 3581 5395 Aut
3603 5344 3731 5412 bap-

2159 5427 2391 5483 tismatis
2418 5428 2606 5498 gratia,
2634 5436 2691 5482 ut
2718 5436 2801 5482 est
2831 5443 2846 5482 :
2876 5425 3000 5497 Ipse
3038 5445 3120 5484 vos
3149 5431 3420 5501 baptizabit
3446 5433 3498 5485 in
3524 5430 3725 5500 Spiritu

2158 5532 2332 5576 sancto
2372 5530 2418 5575 et
2468 5522 2584 5592 igne
2630 5518 2807 5591 (Matt.
2848 5535 2937 5588 Ill,
2973 5521 3080 5589 11).
3118 5524 3225 5577 Aut
3263 5526 3598 5594 consumptio
3637 5524 3729 5581 .le-

2156 5613 2393 5669 rusalem
2436 5624 2500 5666 ac
2527 5610 2715 5680 templi
2754 5610 2989 5681 judaici,
3023 5612 3160 5669 sicut
3203 5625 3284 5671 est
3319 5633 3331 5667 :
3367 5616 3523 5671 Orate
3551 5633 3612 5671 ne
3636 5617 3729 5685 ﬁat

552 5861 576 5894 ι
614 5849 778 5914 Hebr.
818 5853 885 5913 ad
912 5854 1172 5930 litteram,
1205 5854 1362 5916 donec
1392 5855 1516 5915 luna
1556 5861 1702 5920 desit.
1746 5854 1882 5922 LXX
1912 5914 1921 5933 ,
1956 5870 2044 5931 fis,-
2085 5867 2141 5926 νιῦ
2173 5866 2491 5945 iui-Imago;
2520 5862 2549 5924 ἡ
2581 5862 2782 5926 σελήνη.
2814 5862 3001 5940 Vulg,
3034 5865 3194 5926 donec
3220 5868 3487 5942 auferatur
3515 5867 3659 5929 tuna.
