4038 6350
290 328 352 384 ιι
1334 336 1423 396 DE
1460 338 1800 401 PARTIBUS
1838 343 1973 400 ΒΝ.
2012 345 2219 410 LEGIS
2256 350 2387 410 LIB.
2429 351 2501 415 ll.
3490 370 3563 426 ιε

290 450 411 518 fuga
437 452 603 501 uestra
642 444 807 503 hieme
855 448 935 506 vel
963 450 1169 509 sabbato
1198 452 1375 527 (Matt.
1420 475 1567 529 xxiv,
1600 460 1727 533 20);
1763 473 1816 518 et
1846 479 1861 517 :
1889 463 1946 523 Δ
1968 472 2021 519 et
2044 467 2228 523 iecerit
2254 472 2605 539 etgubernet.
2634 474 2741 533 Aut
2764 489 2835 534 ex
2858 477 3062 538 divinis
3087 481 3406 557 Scripturis,
3433 500 3555 558 quas

288 540 419 596 Ecce
464 543 775 612 relinquetur
803 544 941 600 vobis
988 547 1168 603 domus
1218 562 1385 607 uestra
1435 556 1635 613 deserta
1682 560 1866 632 (Matt.

288 645 437 696 nni,
464 634 577 700 58).
609 633 716 689 Aut
745 637 1015 706 Evangelii
1066 641 1398 713 praedicatio,
1445 649 1585 706 sicut
1625 654 1820 711 dicitur
1853 677 1869 716 :

288 721 356 778 Et
378 724 740 796 prtedicabitur
770 727 1106 801 Evangelium
1140 738 1287 807 regni
1311 738 1367 793 in
1396 743 1535 797 omni
1558 746 1678 800 orbe
1707 758 1871 805 terra-

285 836 420 887 rum,
451 822 507 877 in
537 824 881 880 testimonium
906 828 1133 883 omnium
1161 833 1423 902 gentium;
1457 847 1505 893 et
1522 840 1597 894 sic
1624 844 1720 897 erit
1750 844 1869 913 ﬁnis

287 914 466 989 (Matt.
502 933 655 988 xnv,
692 920 804 990 M).
831 919 939 977 Aut
966 925 1105 978 mala
1134 924 1255 981 ﬁnis
1278 926 1446 999 ipsius
1467 947 1572 989 una
1598 949 1720 991 cum
1750 939 1868 1009 ipso

282 1010 423 1078 ﬁne,
455 1019 515 1067 ut
552 1026 675 1068 cum
704 1012 903 1070 dicitur
932 1032 947 1073 :
987 1016 1178 1073 Statim
1204 1030 1317 1091 post
1345 1024 1725 1083 tribulationem
1755 1032 1870 1086 die-

283 1120 399 1159 rum
427 1105 636 1160 illorum
661 1108 737 1161 sol
765 1108 1099 1166 obctecabitur
1123 1111 1314 1184 (Ibid.,
1346 1116 1464 1189 29).
1496 1119 1563 1174 Β.
1587 1122 1870 1190 Quomodo

283 1197 384 1253 has
426 1198 798 1267 praedictiones
830 1201 898 1257 ad
946 1204 1180 1261 luturum
1211 1210 1465 1266 saeculum
1491 1212 1721 1272 dicimus
1749 1234 1873 1288 per-

284 1290 492 1345 tinere?
520 1288 595 1343 M.
630 1292 779 1347 Sicut
809 1301 836 1331 ει
861 1293 927 1349 de
947 1302 1405 1367 acceptationibus
1425 1306 1663 1366 diximus
1696 1330 1708 1365 :
1741 1314 1870 1383 quia

280 1395 348 1436 ea
394 1396 513 1452 quas
556 1383 807 1451 praedicta
838 1395 965 1441 sunt
992 1402 1118 1446 ante
1144 1391 1339 1464 Legem
1367 1436 1384 1464 ,
1422 1398 1652 1456 intentio
1680 1418 1867 1463 eorum

280 1474 384 1530 fuit
412 1476 479 1531 ad
528 1486 767 1548 tempora
812 1479 969 1554 Legis
1014 1493 1106 1539 aut
1151 1484 1351 1545 Gratia:
1383 1509 1398 1544 :
1429 1509 1618 1552 rursus
1662 1513 1784 1567 qua:
1814 1501 1869 1556 in

279 1564 428 1636 Lege
466 1569 720 1637 praedicta
767 1581 893 1627 sunt
939 1573 1176 1633 Gratiam
1218 1581 1543 1651 ligurabant;
1574 1596 1631 1642 et
1668 1564 1788 1658 qua:
1816 1592 1871 1647 in

282 1656 487 1725 Gratia,
507 1675 722 1717 causam
737 1672 793 1720 et
816 1668 1092 1731 praemium
1114 1672 1267 1740 regni
1282 1676 1521 1730 caelestis
1545 1656 1867 1738 habuerunt.

276 1750 357 1807 Ita
389 1753 659 1825 colligitur
689 1760 1096 1828 praedictionum
1130 1769 1306 1827 omnis
1328 1770 1554 1831 intentio
1582 1775 1652 1833 ad
1700 1776 1871 1837 futuri

271 1846 467 1903 saeculi
492 1846 634 1907 bona
659 1854 954 1924 respicere.

850 1968 1078 2028 CAPUT
1117 1974 1285 2033 XXV.

666 2053 742 2112 De
778 2059 1039 2127 effectibus
1075 2070 1491 2136 prwdictionum.

350 2165 425 2221 Ι).
468 2168 726 2237 Quoniam
761 2184 870 2230 tres
911 2176 1023 2246 jam
1068 2191 1247 2250 partes
1293 2187 1628 2248 ostendimus
1677 2207 1867 2254 eorum

273 2277 398 2332 qua:
420 2262 485 2317 ad
512 2264 747 2323 futurum
775 2271 1033 2328 saeculum
1059 2273 1300 2334 diximus
1327 2283 1599 2349 pertinere
1616 2327 1633 2355 ,
1656 2286 1761 2346 hoc
1781 2299 1867 2348 est

270 2359 671 2427 acceptationes
722 2370 777 2420 et
822 2364 1021 2436 ﬁguras
1091 2376 1149 2425 et
1220 2374 1642 2449 praedictiones,
1723 2398 1867 2441 nunc

272 2463 462 2522 quarta
483 2469 605 2523 pars
618 2466 804 2527 restat,
823 2472 877 2513 ut
892 2460 959 2516 de
971 2461 1344 2524 eﬁectionibus
1359 2469 1712 2531 disseramus.
1728 2476 1867 2545 Quid

272 2555 403 2601 sunt
434 2546 597 2618 igitur
622 2548 847 2607 eﬁectus
870 2553 893 2607 ἲ
919 2553 999 2611 Μ.
1035 2556 1271 2615 Eﬁ‘ectus
1299 2574 1426 2619 sunt
1452 2581 1641 2624 earum
1682 2586 1866 2629 rerum

272 2654 407 2709 quas
423 2643 851 2713 acceptationum
864 2651 1226 2719 prospiciebat
1241 2656 1493 2726 intentio,
1505 2671 1599 2718 aut
1614 2674 1865 2737 typorum

271 2728 566 2788 similitudo
610 2734 894 2807 ﬁgurabat,
945 2751 1038 2798 aut
1066 2743 1363 2806 dictionum
1413 2728 1865 2827 scientia'praelo-

271 2824 557 2895 quebatur.
580 2829 650 2886 D.
668 2832 809 2897 Quot
830 2844 955 2892 sunt
974 2838 1261 2898 eﬁ'ectuum
1289 2848 1566 2915 tempora?
1598 2824 1684 2906 Μ.
1714 2852 1866 2915 Tria.

274 2918 377 2971 Aut
403 2918 548 2975 enim
578 2920 736 2993 Legis
766 2933 1008 2999 tempore
1044 2932 1233 2990 eﬁ‘ecta
1263 2947 1390 2993 sunt
1432 2954 1552 3010 quae
1603 2944 1866 3012 praedice-

268 3009 490 3079 bantur,
537 3022 633 3069 aut
673 3032 816 3075 nunc
853 3021 955 3077 sub
1000 3023 1189 3082 Gratia
1226 3027 1386 3098 ﬁunt,
1420 3009 1514 3088 aut
1538 3009 1863 3095 saeculorum

270 3099 574 3162 futurorum
601 3113 844 3181 tempore
873 3117 1192 3187 complenda
1217 3130 1365 3180 sunt.
1454 3204 1483 3208 η

842 3225 1067 3287 CAPUT
1100 3231 1291 3289 XXVI.

432 3310 563 3379 Quae
586 3329 743 3369 causa
767 3317 924 3388 fuerit
951 3326 1216 3391 praesentis
1245 3327 1425 3384 surculi
1450 3330 1699 3402 faciendi.
1754 3320 1763 3335 ³

341 3419 411 3475 ι).
451 3422 506 3478 Si
535 3426 717 3482 omnia
755 3444 876 3498 qum
903 3431 957 3487 in
989 3439 1239 3503 praesenti
1285 3442 1485 3499 saeculo
1530 3456 1681 3515 gesta
1711 3429 1862 3508 "alii:

266 3510 332 3567 ad
382 3513 620 3574 futurum
667 3523 1052 3592 reSpiciebant,
1105 3530 1233 3599 quid
1276 3547 1411 3603 opus
1444 3510 1646 3595 eratut
1684 3557 1712 3595 a
1747 3543 1859 3599 Deo

266 3620 507 3675 praesens
549 3613 805 3669 saeculum
864 3617 1053 3675 ﬁeret?
1084 3622 1162 3678 Μ.
1197 3625 1330 3693 Quia
1371 3628 1549 3686 decuit
1590 3642 1647 3688 ut
1686 3639 1857 3693 ratio-

256 3972 538 4029 sccntibus
564 3984 831 4034 transacta
857 3984 1184 4051 certamina;
1233 3998 1291 4043 et
1329 3996 1452 4059 plus
1487 3999 1854 4063 gloriﬁcarent

1975 554 2055 626 (ut
2078 557 2334 629 diximus)
2377 562 2431 617 in
2462 574 2692 635 quatuor
2719 571 2927 639 species
2956 554 3296 645 dividuntur;
3327 554 3553 636 historic

1971 662 2112 715 cam,
2148 651 2538 727 propheticam,
2570 662 2984 735 proverbialem,
3008 658 3079 724 et
3108 670 3426 743 simpliciter
3448 671 3553 730 do-

1972 750 2207 799 centem.

2421 830 2424 833 “
2512 865 2741 925 CAPUT
2778 870 3018 932 xxvnt.

2047 951 2176 1018 Qute
2211 956 2464 1012 servanda
2490 957 2589 1014 sint
2615 960 2669 1015 in
2699 961 3087 1034 Scripturarum
3127 968 3485 1044 intelligentia.

2043 1065 2115 1121 D.
2153 1067 2282 1135 Quae
2310 1079 2438 1126 sunt
2478 1087 2599 1142 quae
2658 1074 2712 1129 in
2754 1076 3029 1136 intellectu
3073 1082 3372 1143 divinarum
3416 1089 3562 1148 Scri-

1972 1168 2247 1231 pturarnm
2277 1166 2548 1222 custodire
2573 1168 2868 1229 debemus?
2911 1173 2990 1229 Μ.
3024 1176 3092 1233 Ut
3134 1194 3195 1233 ea
3225 1196 3345 1251 quae
3372 1182 3562 1241 dicun-

1978 1261 2063 1307 tur
2092 1254 2291 1310 dicenti
2324 1259 2681 1330 conveniant;
2717 1274 2773 1319 ut
2801 1280 2830 1319 a
2878 1267 3056 1323 causis
3086 1286 3187 1339 pro
3208 1274 3402 1343 quibus
3432 1285 3562 1333 sunt
3618 1279 3625 1285 ’

1973 1345 2112 1400 dicta
2163 1362 2270 1402 non
2315 1350 2653 1423 discrepent;
2714 1368 2771 1413 ut
2823 1361 3151 1418 concordent
3199 1371 3558 1442 temporibus,

1974 1437 2131 1507 locis,
2184 1442 2381 1511 ordini,
2434 1447 2741 1506 intentioni.
2792 1452 2863 1508 D.
2889 1453 3056 1522 Quam
3088 1456 3319 1517 dicimus
3364 1462 3562 1521 divina:

1974 1531 2231 1591 doctrinae
2259 1537 2661 1600 intentionem?
2711 1545 2789 1601 Μ.
2824 1547 2943 1618 Ipse
2990 1551 3251 1609 Dominus
3280 1555 3452 1612 dixit:
3490 1556 3562 1614 Ut

1977 1624 2254 1695 diligamus
2277 1627 2556 1687 Dominum
2583 1651 2648 1690 ea:
2671 1646 2774 1691 toto
2804 1640 2957 1695 corde
2985 1650 3033 1696 et
3067 1660 3129 1699 ex
3153 1653 3257 1699 tota
3286 1650 3481 1715 anima,
3513 1652 3562 1702 el

1977 1718 2236 1785 proximos
2271 1730 2511 1793 tanquam
2549 1743 2641 1781 nos
2682 1729 2823 1797 ipsos
2858 1730 3039 1803 (Deut.
3073 1749 3146 1800 γι,
3181 1736 3260 1805 1).
3288 1734 3562 1795 Doctrina:

1980 1818 2160 1865 autem
2186 1817 2459 1883 corruptio
2489 1828 2571 1873 est
2592 1829 2646 1875 et
2667 1823 3025 1879 contrarium:
3052 1826 3219 1882 Deum
3244 1842 3347 1884 non
3376 1844 3561 1884 amare

1897 1877 1947 1938 Β
1973 1901 2054 1957 vel
2075 1904 2398 1972 proximum.
2425 1908 2492 1961 D.
2515 1910 2646 1976 Qua:
2668 1913 2821 1982 ltujus
2844 1917 3236 1972 contrarietatis
3258 1927 3339 1974 est
3358 1920 3558 1978 causa?

1971 1992 2051 2049 M.
2084 1997 2254 2052 Causa
2283 1999 2547 2056 malorum
2577 2004 2630 2056 in
2666 2004 2796 2072 ipsis
2836 2014 2917 2061 cst
2959 2009 3047 2083 qui
3094 2009 3219 2063 mali
3250 2021 3403 2076 sunt;
3434 2012 3561 2081 quia

1968 2085 2095 2141 dum
2131 2088 2300 2144 libero
2338 2091 2562 2147 arbitrio
2592 2104 2750 2165 atque
2776 2096 2915 2153 bene
2965 2111 3222 2154 concesso
3258 2100 3561 2160 inordinate

1969 2186 2192 2235 utuntur
2242 2183 2536 2240 rationales
2587 2197 2884 2259 creaturae,
2928 2197 2983 2245 et
3027 2190 3248 2248 malitia:
3290 2199 3347 2248 et
3384 2205 3560 2262 poenae
3596 2230 3609 2245 κ

1968 2289 2132 2335 causa
2154 2278 2373 2336 sibimet
2402 2282 2666 2341 existunt.

2537 2400 2767 2460 CAPUT
2790 2402 2984 2464 XXIX.

2145 2488 2297 2547 Unde
2324 2492 2442 2549 libri
2466 2494 2729 2566 religionis
2759 2499 3029 2553 catholica:
3054 2508 3377 2557 asseruntur.

2041 2603 2113 2664 D.
2157 2607 2310 2665 Unde
2333 2610 2619 2680 probamus
2642 2612 2808 2669 libros
2835 2615 3114 2684 religionis
3142 2626 3342 2674 nostrae
3374 2619 3560 2676 divina

1970 2710 2093 2753 esse
2114 2701 2467 2770 inspiratione
2486 2704 2857 2774 conscriptos?
2888 2705 2967 2758 Μ.
3000 2706 3078 2761 Ex
3102 2708 3303 2775 multis,
3327 2725 3558 2780 quorum

1970 2790 2200 2860 primum
2246 2802 2329 2849 est
2375 2795 2546 2864 ipsius
2591 2794 2885 2867 Scriptum
2934 2799 3165 2868 veritas;
3199 2800 3396 2858 deinde
3423 2803 3559 2860 ordo

1968 2897 2171 2953 rerum,
2199 2890 2549 2944 consonantia
2584 2902 3011 2961 praeceptorum,
3043 2895 3234 2951 modus
3273 2897 3558 2954 locutionis

1968 2979 2088 3035 sine
2118 2981 2342 3052 ambitu,
2378 2984 2689 3053 puritasque
2720 2986 3028 3043 verborum.
3058 2988 3286 3044 Additur
3310 2992 3555 3047 conscri-

1967 3072 2209 3131 bentium
2236 3085 2293 3132 et
2332 3077 2738 3147 praedicantium
2768 3080 3031 3149 qualitas:
3061 3082 3199 3152 quod
3223 3082 3426 3150 divina,
3459 3084 3557 3141 ho-

1969 3168 2177 3234 mines;
2206 3171 2437 3238 excelsa,
2486 3171 2651 3237 viles;
2696 3171 2990 3239 infacundi,
3042 3175 3278 3242 subtilia,
3313 3191 3420 3231 non
3452 3176 3559 3232 nisi

1754 3320 1757 3323 _
1785 3320 1819 3330 φ
1866 3258 1942 3330 ’,ο
1969 3259 2151 3316 divino
2172 3262 2364 3333 repleti
2384 3264 2589 3332 Spiritu
2612 3264 2993 3332 tradidissent;
3024 3273 3135 3320 tum
3158 3266 3557 3335 praedicationis

1967 3354 2160 3421 virtus,
2209 3368 2369 3425 quam
2408 3354 2534 3409 dum
2584 3355 2972 3425 praedicaretur
3001 3356 3151 3429 (licet
3178 3373 3208 3412 a
3241 3360 3427 3428 paucis
3454 3360 3555 3417 de-

1965 3445 2189 3516 spectis)
2236 3447 2488 3503 obtinuit.
2539 3447 2820 3504 Accedunt
2846 3449 2948 3517 bis,
2986 3450 3307 3506 rectiﬁcatio
3333 3463 3553 3509 contra-

1960 3539 2181 3608 riorum,
2218 3551 2274 3596 ut
2317 3541 2631 3612 sibyllarum
2669 3544 2751 3597 vel
2796 3542 3268 3613 philosophorum;
3303 3546 3552 3616 expulsio

1961 3634 2414 3703 adversariorum,
2445 3636 2644 3692 utilitas
2669 3637 3138 3708 consequentium,
3161 3638 3342 3693 exitus
3361 3653 3554 3696 eorum

1959 3742 2077 3798 qua:
2106 3744 2200 3796 per
2219 3730 2619 3797 acceptationes
2644 3739 2697 3784 et
2727 3729 2925 3801 ﬁguras
2958 3740 3009 3786 et
3034 3731 3410 3801 praedictiones
3429 3747 3553 3803 qua:

1960 3821 2209 3889 praedicta
2254 3832 2377 3877 sunt
2401 3838 2417 3888 ;
2449 3822 2515 3877 ad
2541 3834 2867 3893 postremum
2890 3819 3143 3879 miracula
3163 3823 3364 3895 jugiter
3385 3824 3549 3894 facta,

1755 3911 1854 3966 ini-
1956 3912 2131 3970 donec
2159 3916 2435 3985 Scriptura
2467 3917 2581 3987 ipsa
2604 3918 2970 3987 susciperetur
2993 3934 3022 3973 a
3050 3919 3320 3989 gentibus.
3345 3919 3422 3975 De
3442 3934 3550 3990 qua

1956 4006 2059 4057 hac
2088 4024 2231 4060 nunc
2256 4011 2319 4060 ad
2364 4012 2665 4075 proximum
2700 4013 3017 4067 miraculum
3052 4011 3273 4083 sul'ﬁcit,
3306 4014 3448 4085 quod
3477 4013 3547 4071 ab

256 4062 577 4122 donatorem
604 4072 694 4141 qui
726 4074 841 4141 pios
882 4074 935 4129 in
981 4079 1082 4131 hoc
1118 4082 1315 4161 stmulo
1338 4084 1517 4153 juvat;
1554 4098 1610 4143 et
1640 4102 1696 4145 ut
1735 4092 1851 4151 vin-
1953 4101 2206 4179 omnibus
2236 4112 2484 4173 suscepta
2512 4109 2879 4176 cOgnoscitur.

252 4167 469 4229 cerent,
510 4171 565 4218 et
588 4164 881 4224 victoribus
909 4179 1110 4226 aeterna
1139 4160 1360 4243 praemia
1392 4184 1740 4244 concederet.

817 4283 1045 4340 CAPUT
1084 4286 1298 4344 XXV".

471 4366 552 4422 De
580 4369 814 4425 doctrina
841 4376 1175 4431 rationalium
1208 4380 1261 4433 in
1289 4381 1385 4433 hoc
1413 4385 1628 4441 steculo.

321 4477 402 4532 D.
427 4477 570 4540 Quot
590 4479 764 4533 modis
788 4481 844 4534 in
868 4481 969 4537 hoc
999 4486 1197 4540 saeculo
1234 4489 1575 4550 rationalium
1598 4498 1845 4558 doctrina

240 4566 567 4639 peragitur?
593 4566 671 4623 Μ.
697 4568 935 4627 Duobus.
965 4574 1075 4629 Aut
1102 4576 1451 4652 intelligentia
1474 4600 1650 4643 rerum
1677 4589 1846 4646 lacta-

246 4673 396 4725 rum,
451 4658 591 4716 sicut
634 4661 765 4718 dicit
808 4668 1133 4736 Apostolus:
1167 4672 1302 4738 Quia
1348 4676 1624 4734 inuisibilia
1672 4687 1843 4757 ejusa

255 4757 489 4803 παιᾶνα
517 4756 717 4820 mundi.
750 4773 841 4826 per
868 4774 929 4813 ea
957 4777 1073 4830 qua:
1098 4764 1239 4835 facta
1269 4777 1406 4838 sunt,
1440 4756 1699 4830 intellecta
1726 4795 1845 4835 con-

242 4842 537 4945 spiciuntur
566 4843 746 4915 (Rom.
788 4864 836 4917 ι,
887 4852 1002 4923 20).
1051 4856 1284 4917 Necesse
1329 4872 1411 4918 est
1456 4869 1599 4923 enim
1647 4880 1703 4928 ut
1745 4876 1839 4945 qui

243 4930 507 4986 mundum
535 4944 695 5005 atque
715 4941 894 4997 omnia
920 4943 971 4999 in
997 4960 1063 5001 co
1094 4952 1266 5017 posita
1293 4959 1622 5029 considerat,
1658 4930 1834 5025 modis

242 5023 632 5098 ordinibusque
650 5029 926 5107 distincta,
955 5038 1221 5115 intelligat
1244 5063 1365 5107 esse
1388 5050 1576 5128 Deum,
1602 5023 1691 5130 qui
1713 5023 1830 5121 haec

2521 4219 2754 4275 CAPUT
2796 4220 2967 4276 XXX.

2277 4307 2374 4362 Ubi
2401 4310 2466 4364 sit
2497 4311 2624 4377 ﬁdes
2649 4311 2884 4383 religioni
2914 4316 3217 4367 necessaria.

2022 4422 2093 4477 D.
2135 4422 2192 4478 Si
2222 4421 2416 4477 divina:
2457 4422 2747 4492 Scriptura:
2793 4424 3197 4494 probationibus
3232 4428 3533 4502 sufﬁciunt,

1952 4513 2077 4583 quid
2109 4513 2411 4569 necessaria
2440 4524 2522 4568 est
2564 4512 2811 4584 religioni
2841 4515 3014 4572 ﬁdes?
3044 4517 3123 4573 Μ.
3156 4519 3314 4576 Fides
3344 4532 3532 4581 nostra

1950 4621 2111 4677 super
2150 4605 2359 4661 ratione
2388 4606 2603 4677 quidem
2635 4616 2747 4672 est;
2796 4624 2905 4664 non
2938 4618 3116 4666 tamen
3159 4617 3443 4673 temerarie
3476 4628 3535 4676 et

1949 4696 2248 4754 irrationab
2273 4698 2395 4752 liter
2431 4699 2722 4755 assumitur
2757 4718 2769 4756 :
2801 4716 2863 4757 ea
2892 4704 3035 4758 enim
3079 4721 3197 4777 quae
3224 4710 3361 4764 ratio
3396 4710 3533 4767 edo-

1946 4801 2053 4861 cet,
2086 4790 2218 4846 ﬁdes
2250 4790 2532 4860 intelligit;
2565 4800 2620 4847 et
2649 4792 2734 4848 tibi
2765 4794 2903 4848 ratio
2922 4794 3203 4864 delecerlt,
3234 4798 3367 4855 ﬁdes
3397 4818 3534 4870 prte-

1943 4886 2129 4940 currit.
2169 4883 2287 4939 Non
2316 4885 2459 4939 enim
2502 4892 2771 4957 utcunque
2806 4886 2985 4943 audita
3012 4890 3306 4961 credimus,
3337 4895 3433 4949 sed
3464 4910 3528 4951 ea

1941 4992 2062 5047 quae
2108 4979 2249 5031 ratio
2299 4992 2404 5031 non
2439 4978 2727 5046 improbat.
2762 4978 2955 5036 Verum
3001 4984 3141 5053 quod
3170 4988 3428 5057 consequi
3457 4986 3527 5045 ad

1938 5067 2154 5140 plenum
2184 5082 2293 5125 non
2320 5078 2517 5139 potest,
2550 5069 2692 5127 lideli
2722 5072 3007 5143 prudentia
3032 5077 3374 5137 conﬁtemur.

315 5234 347 5268 ι
381 5227 457 5286 ita
482 5234 857 5341 rescripsimus
879 5253 944 5301 ex
966 5247 1231 5318 superiori
1260 5266 1383 5327 cap.
1413 5256 1479 5313 15
1501 5267 1555 5318 et
1578 5274 1717 5339 cap,
1734 5265 1805 5323 25
1825 5266 1986 5341 ltujns
2027 5271 2171 5329 libri.
2205 5271 2370 5343 Editi,
2401 5274 2465 5331 de
2494 5279 2875 5352 acceptionibus
2901 5283 3136 5342 dicimus.

649 5545 1091 5599 o',.}‘~q".,‘.-‘

703 5586 711 5597 ι
771 5578 941 5597 ’.ι-ν·
1011 5582 1035 5595 Ν

628 5586 635 5596 ,
703 5586 711 5597 ι
756 5578 941 5597 ιι.ι.ν-
1011 5578 1035 5595 δ⁴

725 5624 785 5639 ι.
896 5638 899 5639 ν
1034 5625 1044 5639 τ’

673 5660 680 5669 ,
770 5658 785 5667 ν
850 5661 857 5667 σ
888 5658 907 5669 -χ
1030 5658 1035 5661 ”
1090 5658 1175 5670 που*
1254 5667 1265 5681 ι
1558 5658 1581 5667 ““

661 5692 681 5706 ι,
818 5702 911 5718 ..η
1056 5701 1083 5719 Ι,
1207 5689 1247 5717 Α·
1638 5714 1655 5719 ,.
1815 5693 1830 5738 λ

661 5721 753 5733 -ιο
834 5716 915 5751 ,ν
998 5719 1059 5743 ς...
1169 5710 1382 5744 .513..ι
1454 5735 1499 5757 .,
1555 5734 1558 5737 τ
1624 5728 1643 5738 ι.
1704 5724 1810 5741 .ιι

513 5969 785 6042 Panos.
829 5974 1113 6050 LXVI".

1102 5564 1179 5593 ..κτα
1212 5556 2019 5613 mw.

1164 5632 1214 5663 δ”
1558 5658 1564 5665 ι
