4038 6350
476 210 543 262 Η
1736 202 2037 260 ΜΑΡΡΙΝΙῙ

2175 182 2475 260 isroezs.‘
3668 182 3738 256 ιι

472 308 3731 355 W

1813 406 1980 450 ANNO
2024 406 2256 451 DOMINI
2292 405 2391 447 DL.

1447 528 2779 694 MAPPINIUS

1179 820 2088 955 RHEMENSIS
2170 823 3050 960 EPISCOPUS.

1018 1104 1796 1222 MAPPIJV‘II
1841 1022 2075 1211 ᾗ]

2175 1022 2707 1215 {fama
2755 1106 3194 1219 D033.

1980 1294 2268 1311 _.

955 1362 1292 1421 EPISTOLA
1331 1360 1565 1415 PRIMA.

909 1478 975 1516 an
1013 1474 1253 1515 smmum
1291 1458 1543 1512 NlCETlUl
1576 1463 1631 1522 τι,

588 1560 656 1618 In
682 1557 957 1615 concilium
986 1554 1228 1609 Tullensc
1260 1553 1325 1606 ad
1355 1567 1550 1605 annum
1572 1548 1676 1605 549
1704 1548 1955 1603 habitum.

550 1653 778 1711 Domino
804 1658 987 1707 sancto
1026 1657 1082 1703 et
1112 1648 1167 1702 in
1208 1644 1419 1699 ChriSto
1448 1640 1756 1698 beatissimo
1790 1640 1941 1695 fratri
1972 1638 2063 1695 Ni-

480 1747 618 1806 cetio
645 1760 797 1817 papa:
823 1742 851 1782 δ
887 1740 1187 1811 Mappinius
1214 1737 1525 1806 episcopus.

462 1834 485 1875 η’
550 1835 888 1906 Evangelica:
930 1828 1176 1887 lectionis
1221 1827 1466 1882 doctrina
1496 1830 1722 1878 testatur
1751 1836 1981 1893 regnum
2010 1823 2066 1877 in

480 1948 542 1989 se
593 1932 821 1987 divisum
878 1936 1020 1982 stare
1067 1938 1175 1979 non
1221 1934 1377 1991 posse
1417 1918 1631 1986 (Matth.
1675 1918 1796 1987 xu).
1841 1915 1900 1973 Si
1960 1916 2063 1971 hoc

482 2026 550 2082 de
571 2022 757 2079 mundi
779 2017 1104 2075 amatoribus
1128 2024 1182 2071 et
1208 2014 1261 2068 in
1288 2020 1503 2068 terrena
1527 2010 1819 2081 cupiditate
1843 2023 2066 2064 manen-

480 2118 622 2173 tibus
662 2122 811 2170 recte
853 2119 906 2166 et
953 2124 1062 2164 non
1089 2107 1361 2162 immerito
1392 2103 1665 2170 credatur,
1698 2101 2069 2157 indubitanter

479 2213 680 2268 rectius
730 2208 799 2262 de
842 2203 1182 2259 sacerdotum
1216 2197 1459 2269 personis
1503 2196 1753 2262 sentitur,
1788 2195 1833 2248 si
1862 2193 2069 2249 discor-

484 2301 741 2359 dantibus
772 2296 913 2353 votis
943 2309 1005 2349 ac
1033 2292 1224 2348 studiis
1252 2292 1393 2344 inter
1421 2304 1481 2343 se
1511 2287 1677 2342 dividi
1715 2284 2072 2354 comproben-

482 2411 588 2457 tur.
622 2399 727 2455 Aut
758 2410 861 2467 qua
886 2392 1077 2450 fiducia
1116 2388 1391 2446 Conditori
1418 2395 1600 2441 nostro
1624 2385 1711 2455 qui
1741 2399 1837 2439 nos
1866 2383 1927 2437 in
1948 2383 2069 2437 uni-

481 2504 594 2552 tate
632 2491 926 2563 compagis,
956 2486 1216 2558 quod.est
1243 2497 1438 2553 corpus
1486 2495 1597 2535 suae
1624 2479 1864 2546 deitatis,
1893 2479 2074 2533 vivere

481 2588 762 2663 praecepit,
810 2596 1000 2655 preces
1029 2578 1260 2637 oblaturi
1292 2589 1478 2633 sumus
1500 2620 1514 2644 ,
1547 2574 1593 2631 si
1640 2589 1738 2629 nos
1775 2573 2011 2628 vicissim
2043 2587 2073 2626 a

482 2691 666 2739 mutua
688 2678 949 2735 charitate
970 2672 1316 2744 seponimus?
1344 2667 1414 2727 Ut
1442 2669 1673 2739 quodam
1696 2668 1816 2722 loco
1844 2666 2067 2721 deificus

2086 1363 2143 1422 Α
2167 1359 2507 1418 bulationum
2528 1370 2827 1415 vestrarum
2853 1360 3206 1419 incommodis
3227 1375 3390 1433 quam
3420 1365 3758 1435 prosperita-

2172 1464 2286 1512 tum
2314 1454 2612 1519 commodis
2662 1455 2780 1512 fieri
2821 1455 3101 1514 studeatis.
3151 1458 3285 1514 Nam
3332 1474 3451 1526 nos,
3484 1460 3757 1516 mediante

2168 1551 2344 1618 capite
2370 1558 2554 1605 nostro
2581 1549 2726 1619 quod
2751 1558 2834 1605 est
2856 1549 3123 1620 Christus,
3152 1553 3315 1607 nullis
3339 1553 3758 1611 adversitatibus

2172 1653 2203 1693 a
2230 1650 2409 1696 vestra
2440 1641 2710 1697 anxietate
2741 1642 3064 1709 divellimur,
3091 1644 3360 1715 nullisque
3380 1646 3761 1716 asperitatibus

2171 1747 2203 1786 a
2253 1744 2431 1788 vestra
2481 1733 2743 1789 charitate
2772 1735 3086 1792 dividimur.
3124 1738 3197 1793 De
3243 1752 3349 1807 qua
3388 1753 3449 1794 re
3499 1739 3546 1794 si
3579 1748 3756 1796 tamen

2171 1827 2570 1895 praesuinptiosi
2600 1842 2707 1881 non
2740 1828 3047 1899 existimus,
3078 1829 3319 1886 indicare
3358 1832 3755 1902 praesumimus.

2173 1918 2438 1975 Decuerat
2462 1930 2519 1975 ut
2558 1932 2737 1977 vestra
2770 1923 3088 1991 consolatio,
3118 1938 3217 1994 pro
3248 1924 3554 1994 huiusmodi
3578 1927 3763 1983 condi-

2174 2010 2407 2065 tionibus
2435 2012 2610 2081 potius
2636 2027 2795 2084 quam
2818 2015 2977 2084 regite
2999 2016 3318 2085 vocationis,
3351 2031 3450 2073 nos
3477 2032 3763 2075 conserere

2173 2101 2475 2169 debuisset;
2508 2103 2630 2173 quia
2660 2105 2775 2175 pari
2817 2106 2998 2174 modo,
3043 2109 3088 2163 si
3132 2108 3290 2165 nobis
3329 2111 3531 2181 aliquid
3561 2112 3765 2181 simile,

2171 2195 2317 2265 quod
2346 2196 2398 2250 in
2428 2205 2701 2266 posterum
2728 2197 3054 2255 arbitramur
3075 2215 3233 2271 posse
3260 2203 3394 2270 fieri,
3424 2202 3758 2275 contigisset,

2176 2284 2360 2340 statim
2382 2286 2450 2341 ad
2473 2297 2708 2343 vestram
2728 2288 3119 2347 fraternitatem
3137 2294 3338 2364 scripta
3357 2296 3760 2365 direxissemus,

2177 2390 2235 2435 ut
2265 2396 2363 2437 nos
2388 2396 2628 2452 congruo
2666 2391 2909 2453 tempore
2940 2384 3023 2440 vel
3057 2386 3174 2442 loco
3215 2403 3394 2443 coram
3428 2391 3585 2459 positi
3615 2393 3767 2448 vide-

2173 2487 2378 2529 remus.
2431 2474 2744 2545 Quanquam
2794 2490 2987 2546 parere
3038 2493 3137 2535 nos
3168 2481 3329 2552 regiis
3377 2486 3664 2555 praeceptis
3710 2487 3768 2541 in

2176 2565 2334 2621 bonis
2358 2568 2521 2624 rebus
2548 2576 2601 2623 et
2628 2570 2913 2625 conveniat
2937 2579 2993 2626 et
3022 2571 3208 2640 libeat,
3235 2584 3412 2631 tamen
3440 2591 3545 2631 non
3571 2579 3767 2634 vestris

2179 2661 2360 2715 minus
2388 2660 2626 2731 scriptis,
2682 2661 2727 2716 si
2781 2662 2958 2720 studio
2987 2664 3303 2734 charitatis,
3337 2684 3440 2723 non
3485 2671 3769 2740 supercilio

482 2790 664 2834 sermo
708 2774 894 2838 docet,
939 2755 1157 2827 studere
1201 2782 1298 2823 nos
1348 2765 1600 2821 convenit
1630 2772 1688 2819 ut
1726 2763 1889 2818 frater
1916 2761 2069 2817 fratri
2100 2754 2151 2815 B
2177 2750 2477 2823 dirigantur
2502 2753 2893 2824 despeclionis;
2940 2756 3063 2827 quia
3104 2759 3406 2817 amaritudo
3434 2773 3615 2818 vestra
3644 2763 3768 2819 dul-

483 2866 744 2937 adjuvans
764 2906 778 2931 ,
810 2862 951 2917 sicut
976 2861 1163 2916 civitas
1194 2859 1396 2912 munita
1426 2864 1481 2911 et
1522 2855 1677 2911 fortis
1700 2894 1716 2920 ,
1750 2854 2072 2909 inconcusso

484 2956 796 3013 fundamine
822 2962 964 3010 stare
986 2951 1191 3022 possit;
1224 2948 1430 3005 scilicet
1455 2956 1513 3001 ut
1541 2947 1700 3002 unius
1728 2946 1907 3001 fratris
1936 2961 2076 3002 mte-

484 3049 646 3104 stitiae
668 3060 855 3103 omnes
879 3042 1251 3115 aequanimiter
1267 3038 1646 3110 compatiendo
1669 3037 2074 3109 participemus,

485 3143 795 3212 mutuisque
836 3155 932 3195 nos
978 3138 1256 3194 laboribus
1300 3136 1663 3191 sublevemus.
1710 3134 1817 3190 Pro
1855 3148 1959 3206 qua
1991 3149 2073 3201 re,

485 3233 731 3304 piissime
757 3246 821 3287 ac
845 3230 1073 3286 multum
1096 3227 1364 3300 diligende
1382 3227 1599 3284 domine
1621 3236 1678 3282 et
1704 3225 1873 3282 frater
1892 3268 1906 3293 ,
1938 3226 2078 3282 indi-

486 3341 670 3383 camus
699 3338 798 3381 nos
836 3324 1043 3380 litteras
1082 3322 1176 3377 ﬁlii
1210 3322 1379 3377 nostri
1418 3320 1625 3377 domini
1657 3322 1805 3390 regis
1832 3319 2080 3377 Theode-

488 3420 632 3477 baldi
658 3419 965 3489 excepisse,
1000 3425 1059 3470 ut
1089 3416 1142 3470 in
1170 3414 1505 3470 Tullensium
1537 3415 1673 3469 urbe
1710 3414 1798 3469 die
1827 3413 2077 3469 calenda-

486 3528 608 3569 rum
639 3512 919 3567 Juniarum
947 3509 1141 3563 adesse
1168 3507 1445 3572 deberem,
1477 3506 1677 3560 nullam
1704 3520 1921 3560 causam
1951 3520 2079 3561 evo-

487 3607 715 3663 cationis
752 3605 1116 3661 declarantes.
1163 3600 1553 3669 Reciprocante
1596 3598 1789 3670 pagina
1820 3598 2081 3655 indicavi-

487 3716 607 3756 mus
654 3712 751 3755 nos
797 3697 922 3752 illuc
977 3693 1237 3752 accedere
1290 3708 1397 3748 non
1440 3692 1662 3759 debere,
1713 3691 1837 3762 quia
1865 3706 2078 3747 causam

488 3792 957 3858 conditionemque
1014 3798 1112 3842 nos
1181 3785 1461 3841 constabat
1530 3786 1798 3855 ignorare.
1868 3784 2079 3840 Iteratis

488 3884 710 3955 scriptis
756 3880 971 3937 edocuit
999 3878 1383 3935 beatitudinem
1413 3886 1648 3932 vestram
1672 3919 1688 3945 ,
1720 3878 1845 3932 dum
1873 3877 2081 3947 aliquos

490 3977 821 4034 Francorum
852 3984 950 4040 pro
990 3972 1105 4025 zelo
1142 3970 1310 4025 divini
1349 3971 1559 4026 timoris
1589 3969 1846 4041 corripit,
1880 3986 1945 4027 ac
1984 3985 2081 4040 pro

491 4064 715 4121 incestis
762 4060 1162 4117 conditionibus
1215 4076 1245 4113 a
1295 4059 1680 4115 communione
1710 4057 2078 4113 ecclesiastica

489 4166 753 4223 removet,
785 4155 1033 4211 scandala
1075 4169 1172 4211 seu
1211 4156 1507 4210 anxietates
1539 4153 1881 4210 multimodas
1910 4154 2077 4210 susti-
2108 4132 2155 4198 (ἶ

489 4271 637 4313 nere.
674 4256 748 4310 Dc
776 4270 878 4326 qua
899 4270 962 4311 re
982 4268 1091 4310 non
1115 4252 1457 4308 mediocriter
1482 4252 1903 4322 ingemiscimus,
1935 4253 2077 4322 quod

490 4362 592 4403 nos
641 4347 901 4404 relatione
930 4356 1107 4403 vestra
1138 4347 1276 4401 scire
1308 4361 1412 4400 non
1463 4345 1727 4415 feceritis,
1784 4358 1963 4403 utrum
2012 4363 2078 4404 ex

488 4438 743 4496 canonica
770 4441 1002 4494 lectione
1030 4439 1377 4502 damnentur,
1423 4453 1491 4491 an
1535 4452 1632 4505 pro
1664 4440 1917 4507 pastorali
1945 4440 2076 4495 dili-

490 4534 667 4605 gentia
721 4533 787 4587 de
835 4531 1200 4587 mediocribus
1250 4532 1487 4585 rentibus
1536 4532 1892 4600 corrigantur.
1926 4531 2079 4589 Licet

488 4625 625 4681 nihil
648 4625 769 4679 novi
798 4638 893 4679 vos
932 4623 1000 4679 de
1041 4622 1128 4677 bis
1158 4623 1317 4677 rebus
1345 4623 1587 4678 invenire
1612 4638 1770 4693 posse
1799 4626 2079 4695 cognosci-

491 4734 614 4774 mus
645 4762 660 4787 ,
694 4715 836 4788 quod
868 4715 1042 4785 prisca
1072 4713 1291 4768 Patrum
1323 4715 1539 4770 solertia
1584 4731 1687 4769 non
1723 4718 1897 4785 potuit
1921 4731 2077 4788 repe-

490 4812 634 4879 rire;
667 4819 849 4866 tamen
875 4806 1168 4864 absurdum
1198 4820 1320 4863 esse
1348 4808 1558 4863 videtur
1586 4816 1645 4863 ut
1671 4824 1701 4863 a
1730 4809 1884 4865 nobis
1926 4809 2073 4866 reci-

491 4909 707 4979 piantur
736 4908 826 4976 qui
857 4918 888 4959 a
934 4903 1085 4959 vobis
1114 4904 1406 4959 secundum
1453 4906 1650 4960 seriem
1682 4920 1949 4961 canonum
1982 4919 2074 4961 ec-

489 5000 790 5056 clesiastica
820 4997 1109 5053 severitate
1140 4996 1477 5051 abdicantur.
1514 4997 1770 5052 Novimus
1814 4998 1955 5053 enim
1982 5038 1997 5064 ,
2029 5000 2074 5054 si

490 5091 725 5146 scienter
752 5088 856 5144 hoc
882 5088 1137 5159 gerimus,
1176 5088 1314 5158 quod
1351 5089 1667 5144 criminibus
1692 5090 1916 5144 aliorum
1948 5091 2077 5146 mis-

492 5195 742 5247 ceamur;
784 5184 830 5237 sl
872 5180 1200 5251 iguorauler,
1235 5182 1403 5237 reatui
1454 5197 1559 5236 non
1589 5181 1900 5237 subdamur.
1932 5181 2072 5249 Qua-

488 5285 711 5345 propter
730 5277 1020 5331 salutantes
1044 5275 1305 5331 charitate
1330 5277 1508 5331 debita
1536 5277 1854 5343 iudicamus,
1882 5276 2071 5332 simul-

490 5380 597 5435 que
624 5366 912 5423 suademus
940 5377 997 5421 ut
1023 5382 1122 5423 nos
1166 5368 1218 5421 in
1248 5366 1495 5422 omnibus
1525 5366 1811 5435 participes
1843 5376 1947 5423 tam
1979 5370 2074 5425 tri-

558 5540 585 5569 ι
624 5532 681 5588 S.
708 5534 942 5589 Nicetius
970 5531 1307 5587 Trevirensis
1333 5531 1641 5599 episcopus.

553 5601 580 5641 δ
624 5604 675 5658 ln
720 5608 905 5674 primis
940 5604 1190 5657 Ecclesiae
1224 5604 1463 5668 scurrilis,
1513 5619 1611 5657 vox
1646 5620 1777 5673 papa
1808 5603 2059 5660 omnibus

483 5674 745 5741 episcopis
776 5676 1139 5745 indifferenter
1166 5676 1385 5727 dabatur
1412 5714 1422 5736 ,
1460 5674 1581 5727 licet
1630 5674 1897 5731 Romanus
1930 5692 2060 5745 pou-

488 5745 633 5811 tifex,
680 5754 737 5797 ut
789 5744 1045 5797 Ecclesia
1080 5747 1341 5801 universae
1370 5756 1527 5816 €0le
1550 5786 1563 5812 ,
1598 5758 1643 5801 et
1692 5744 1963 5817 pastorum
2000 5762 2057 5801 ac

2176 2844 2312 2900 cedo
2344 2854 2528 2900 nostra
2560 2859 2681 2901 esse
2729 2861 2837 2902 non
2881 2849 3113 2919 poterit;
3164 2865 3265 2907 nec
3311 2852 3543 2923 abjectio
3589 2862 3770 2911 vestra

2178 2940 2381 3010 absque
2450 2949 2631 2995 nostra
2687 2940 2988 3012 dejectione
3051 2946 3317 3003 constabit
3349 2963 3363 3013 ;
3396 2958 3405 3015 ξ
3436 2956 3493 3005 et
3541 2962 3769 3006 venera-

2178 3030 2254 3085 tio
2314 3029 2467 3086 vobis
2504 3032 2682 3088 debita
2723 3032 2965 3104 impensa
3016 3048 3049 3091 a
3091 3038 3247 3094 nobis
3288 3053 3396 3095 non
3437 3040 3767 3110 dignoscitur

2179 3122 2368 3192 procul
2398 3124 2594 3192 posita.
2626 3125 2803 3194 Atque
2836 3126 3061 3194 utinam,
3091 3136 3152 3184 ut
3180 3130 3384 3199 praefati
3410 3145 3615 3201 sumus,
3642 3133 3769 3190 cha-

2180 3214 2339 3290 ritate
2367 3214 2628 3272 suadente
2658 3231 2721 3272 ac
2747 3218 2938 3289 pagina
2978 3218 3316 3290 decurrente,
3346 3230 3580 3279 vestram
3607 3226 3765 3282 nobis

2180 3288 2425 3387 patefieri
2455 3309 2837 3366 decrevissetis
2865 3310 3169 3368 animorum
3201 3288 3537 3371 molestiam!
3569 3330 3769 3380 conuo-

2184 3413 2433 3455 veramus
2478 3410 2660 3457 utrum
2708 3404 3065 3473 compatimur
3109 3406 3374 3463 molestiis
3430 3418 3644 3477 vestris,
3699 3425 3765 3464 an

2186 3488 2546 3559 delectamur;
2578 3509 2701 3549 nam
2732 3502 2964 3566 tacente,
2994 3506 3054 3552 ut
3078 3495 3182 3567 ipsi
3205 3500 3357 3555 scitis
3378 3542 3392 3567 ,
3423 3500 3623 3565 divina,
3656 3500 3771 3556 sola

2184 3582 2437 3655 loquente
2464 3586 2581 3644 viro
2619 3586 2924 3645 humanitas
2968 3588 3273 3661 intelligere
3301 3600 3499 3661 potest.
3544 3592 3660 3648 Hoc
3690 3600 3773 3648 ta-

2183 3692 2306 3733 men
2348 3680 2555 3749 plenius
2583 3683 2797 3739 noverit
2824 3691 3003 3740 vestra
3031 3684 3328 3755 perfectio,
3363 3686 3410 3742 si
3441 3686 3509 3742 ad
3534 3701 3635 3743 nos
3674 3686 3774 3742 ite-

2185 3781 2302 3826 rata
2332 3774 2534 3844 scripta
2582 3775 2781 3831 domini
2811 3776 2952 3847 regis
2980 3784 3107 3834 ante
3139 3779 3377 3848 quinque
3401 3779 3487 3834 vel
3529 3793 3622 3831 sex
3652 3776 3768 3831 dies

2186 3864 2528 3923 calendarum
2558 3866 2843 3925 Iuniarum
2885 3870 3294 3941 pervenissent,
3344 3870 3399 3922 in
3430 3867 3518 3923 die
3547 3868 3770 3938 prtefato

2185 3959 2525 4026 praesentiam
2560 3960 2878 4013 humilitatis
2923 3967 3125 4015 nostrai
3153 3959 3211 4017 in
3249 3960 3429 4019 locum
3458 3962 3767 4020 habueratis

2184 4047 2537 4105 constitutum
2571 4059 2616 4104 ο.

2754 4145 3090 4205 EPISTOLA
3122 4148 3187 4204 ll.

2468 4252 2536 4292 ΔΙ)
2573 4251 2824 4294 νιιιῐουιί
2862 4253 3151 4297 Εριεαορυκ
3191 4255 3490 4298 ΗΕΤΕΝΞΕΜ.

2256 4346 2483 4402 Domino
2512 4363 2612 4404 suo
2658 4346 2848 4409 Viﬂico
2899 4366 3085 4422 papae,
3134 4354 3431 4424 Mappinius
3458 4354 3763 4424 episcopus.

2253 4437 2487 4495 Felicem
2517 4441 2838 4513 beatumque
2886 4452 2971 4511 te,
3025 4444 3334 4502 beatissime
3374 4455 3547 4517 pater,
3578 4461 3767 4504 omnes

2184 4532 2505 4587 unanimiter
2526 4535 2903 4605 praedicamus,
2925 4537 3009 4593 cui
3026 4553 3085 4593 su
3095 4553 3255 4606 perna
3276 4540 3443 4609 pietas
3463 4540 3768 4610 bujusmodi

2184 4625 2370 4682 tribuit
2400 4627 2765 4695 intellectum,
2798 4638 2957 4698 atque
3000 4630 3348 4703 benignitatis
3392 4634 3663 4703 allectum,
3711 4638 3770 4689 ut

2182 4718 2441 4789 singulari
2485 4720 2817 4791 perfectione
2847 4723 3025 4779 vivere
3055 4726 3458 4796 comproberis,
3491 4727 3616 4781 licet
3643 4738 3767 4782 san-

2181 4817 2271 4865 cto
2299 4810 2458 4865 Petro
2487 4809 2589 4866 hoc
2619 4824 2649 4864 a
2676 4811 2909 4869 Domino
2930 4814 3133 4871 dictum
3165 4818 3424 4886 legamus,
3456 4814 3621 4872 Pasce
3650 4834 3766 4873 oves

2181 4917 2340 4969 meas,
2371 4901 2465 4958 sed
2494 4900 2561 4957 ad
2592 4911 2813 4959 cunctos
2843 4905 2934 4975 qui
2963 4906 3296 4963 sacerdotale
3326 4908 3617 4980 funguntur
3643 4909 3766 4965 olli.

2180 4993 2322 5049 cium
2368 4994 2598 5066 pertinet
2642 5011 2878 5065 prtesens
2926 4999 3212 5057 sententia.
3260 5001 3339 5057 Tu
3384 5017 3510 5058 vero
3539 5012 3765 5059 cunctos

2179 5088 2587 5159 supergrediens
2634 5089 2919 5149 dulcedine
2955 5096 3252 5166 singulari,
3301 5099 3391 5167 qui
3433 5113 3538 5153 non
3588 5096 3762 5153 solum

2180 5196 2307 5238 oves
2348 5183 2447 5240 tibi
2488 5189 2801 5242 commissas
2834 5202 3056 5257 pascere
3084 5192 3324 5246 cerneris
3348 5232 3363 5257 ,
3396 5190 3493 5247 sed
3534 5188 3762 5246 aliarum

2178 5277 2362 5333 ovium
2392 5280 2697 5336 sacerdotes
2724 5281 2975 5337 mellillua
3004 5283 3329 5353 perfectione
3346 5295 3511 5357 atque
3530 5283 3765 5340 delicia-

2179 5386 2299 5428 rum
2331 5372 2577 5428 ubertate
2606 5372 2855 5441 saginare
2881 5389 2989 5430 non
3016 5376 3243 5433 desinis.

2183 5535 2420 5591 fidelium
2454 5536 2700 5605 princeps
2727 5552 2940 5606 semper
2970 5538 3179 5594 habitus
3204 5538 3383 5594 fuerit.

2241 5617 2263 5644 ε
2308 5608 2507 5672 Labbe,
2536 5608 2755 5675 C0ncil.,
2789 5605 2919 5665 tom.
2958 5612 3016 5678 Υ,
3058 5615 3159 5665 col.
3213 5617 3281 5665 ιυ
3298 5610 3492 5678 i.Dom
3534 5605 3750 5673 Marlot,

2168 5677 2307 5736 Hist.
2343 5690 2558 5748 metrop.
2594 5678 2889 5749 Rhamnus”
2921 5690 3050 5738 tom.
3090 5685 3124 5741 Ι,
3161 5698 3211 5745 ρ·
3248 5677 3348 5729 213?-
