2019 3175
133 155 168 184 ιθ
578 154 730 182 ARATOR.
751 168 785 174 -—
805 153 837 181 ll.
859 153 883 181 τι.
905 152 1089 182 ARNTZENll
1109 154 1303 184 PREFATIO.
1731 158 1765 185 ιο

168 212 257 240 Testis
279 216 322 240 est
345 211 391 240 ille
412 215 596 247 perscrutator
614 212 687 241 renis
706 216 734 241 et
749 212 855 247 cordis,
870 219 925 240 non
941 212 968 244 Α
979 210 1045 244 bito,
1063 219 1154 241 amore
1168 213 1280 241 sollicito
1296 217 1435 248 precantes
1447 233 1454 247 ,
1474 214 1573 249 gratias
1594 222 1655 242 cum
1674 215 1767 245 sedula

135 258 316 287 assentatione
327 258 389 291 ista,
405 258 452 286 sed
467 258 585 287 veridica
605 258 682 287 nobis
697 259 846 287 assertione
862 265 927 286 con-

135 306 226 333 scribi.
241 305 318 339 Quod
339 305 364 334 si
386 310 413 334 te
434 304 566 334 Conditor
587 306 807 341 Redemptorque
834 310 928 335 noster

136 360 219 388 usque
233 353 439 388 sexagenarium
453 360 595 381 numerum
616 361 747 382 annorum
758 372 766 388 ,
781 358 810 381 ut
831 361 928 382 exora-

136 406 205 430 mus,
231 398 397 433 provexerit,
420 399 476 427 eris
490 400 593 428 cunctis
606 400 759 436 praecipuos
778 404 805 428 et
817 399 928 436 reliquis

136 444 321 474 sacerdotibus
340 446 544 481 anteponendos
555 466 562 479 .
582 450 610 475 et
631 447 722 475 cuncti
735 447 780 482 qui
796 447 857 475 vitae
871 451 926 475 tute

138 490 313 518 instructione
328 491 480 526 proﬁciunt,
495 491 604 520 doleant
622 496 649 520 te
662 492 768 526 deesse,
785 497 813 521 et
824 500 854 521 se
867 497 928 528 post

138 539 164 563 te
180 535 271 564 vivere
285 535 470 572 ingemiscant.
496 538 651 567 Salutantes
673 538 754 574 igitur
773 546 866 568 amore
879 539 927 567 de-

174 620 190 654 f
202 616 270 646 Vide
283 616 312 645 S.
325 617 438 654 Remigii
451 618 664 654 Testamentum,
677 623 742 648 tom.
754 618 825 647 LXV
837 619 930 647 Patro-

137 650 216 688 logiae
228 658 338 688 nostrae,
355 654 383 682 in
398 650 460 683 ﬁne.
477 654 556 683 Eon.

976 257 1126 292 relatione,
1142 258 1288 294 laudesque
1299 259 1447 288 referentes
1461 267 1509 294 pro
1524 260 1602 289 nobis
1616 261 1768 289 misericor-

977 303 1020 332 dis
1044 303 1151 332 Domini
1176 304 1386 333 misericordiam
1417 313 1529 334 exorare
1557 314 1609 335 non
1640 307 1765 336 desistas.

978 350 1147 386 Quapropter
1156 358 1282 386 rogamus
1294 357 1322 380 ut
1332 352 1408 381 nobis
1415 352 1531 381 charitas
1544 357 1633 381 vestra
1648 354 1769 382 indicare

978 397 1115 433 dignetur,
1139 402 1254 433 quantos
1270 399 1370 427 solidos
1386 398 1419 426 ad
1433 399 1629 434 comparandos
1644 407 1739 434 porcos
1755 405 1768 419 ι

980 443 1008 471 in
1018 444 1071 472 illis
1084 443 1206 478 partibus
1216 443 1375 479 dirigamus,
1388 444 1449 480 quia
1462 449 1568 473 constat
1582 444 1659 473 nobis
1668 444 1769 473 donum

980 497 996 518 a
1014 489 1092 518 vobis
1113 490 1232 517 muneris
1256 490 1316 517 loco
1331 491 1475 525 collatum,
1492 491 1515 519 si
1540 491 1591 519 hoc
1610 491 1770 520 beneficium

982 538 1058 566 vobis
1073 537 1259 566 ordinantibus
1273 538 1352 566 luerit
1362 543 1497 573 repertum
1512 538 1537 566 δ.

1003 618 1033 680 ab
1136 618 1230 646 Marlot
1243 639 1250 651 ,
1271 617 1344 646 Hist.
1362 621 1471 654 metrop.
1486 618 1624 648 Rhemens.
1638 640 1646 654 ,
1665 625 1731 649 tom.
1749 619 1773 655 Ι,

1018 661 1044 689 Β·
1114 674 1121 681 ι
1579 682 1581 685 .

984 662 1044 689 pag.
1058 662 1121 681 zu.

305 781 377 783 ea,
674 783 678 785 ,
845 782 850 784 ἡ
883 781 1002 792 7,-ε,
1057 781 1067 791 ,
1276 783 1279 785 .
1412 783 1421 791 ,

811 832 894 853 ANNO
915 832 1029 855 DOMINI
1051 833 1115 854 DL!-

551 892 1385 1080 ARATOR,

234 1103 298 1168 S.
325 1101 723 1168 ECCLESIZE
746 1099 1099 1206 ΜΨ
1123 1101 1684 1169 SUBDIACONUS.

753 1249 1181 1287 PROLEGOMENA.

887 1316 1043 1325 ..υ-

420 1357 602 1408 ΗΕΝΒ.
629 1363 795 1407 JOAN.
821 1361 1194 1407 ABNTZENIUS
1221 1363 1497 1407 LECTORI.

183 1436 350 1465 Decennium
361 1436 418 1465 fere
430 1440 471 1464 est
485 1443 520 1463 ex
534 1443 586 1471 quo
598 1435 749 1468 Sedulium,
764 1434 832 1463 meis
847 1434 934 1462 homi—
951 1436 976 1467 Β
989 1435 1011 1461 si
1026 1433 1184 1461 discesseris
1204 1433 1237 1460 ab
1260 1433 1338 1461 Arrio
1354 1434 1470 1462 Barbosa
1483 1456 1490 1468 ,
1506 1434 1647 1469 Lusitano,
1662 1437 1738 1471 cujus
1754 1437 1781 1465 in

145 1489 266 1518 numque
296 1482 537 1510 eruditissimorum
561 1481 795 1510 observationibus
821 1480 940 1508 illustra-

145 1531 215 1562 tum,
227 1527 407 1563 publicijuris
419 1527 540 1555 fecerim.
556 1526 615 1555 Jam
630 1531 692 1555 tunc
710 1527 850 1555 consilium
862 1533 940 1561 cepe-

145 1582 204 1602 ram
216 1574 248 1602 de
257 1574 370 1602 Aratore
379 1581 484 1609 quoque
494 1573 669 1601 emaculando
679 1582 686 1606 ;
698 1573 830 1608 plerisque
841 1572 940 1601 etenim

146 1621 175 1648 in
190 1619 351 1649 editionibus
367 1619 476 1648 Sedulio
490 1627 580 1647 comes
591 1619 747 1651 addebatur,
765 1620 881 1654 atquein
894 1627 941 1647 eo-

147 1667 209 1695 dem
230 1668 314 1702 magis
334 1667 451 1694 editores
471 1666 608 1693 arbitrium
625 1674 702 1693 suum
724 1673 801 1700 quam
816 1665 941 1692 codicum

149 1714 334 1741 auctoritatem
345 1733 353 1746 ,
369 1713 453 1740 secuti
468 1712 637 1739 videbantur.
650 1712 758 1739 Publice
771 1719 814 1739 me
828 1711 889 1738 huic
903 1711 941 1740 rei

148 1758 247 1786 dudum
266 1758 400 1786 obstrinxi
417 1758 467 1794 (a),
479 1758 525 1786 sed
540 1758 682 1793 quominus
696 1757 837 1784 consilium
846 1756 940 1784 fuerim

145 1813 303 1842 exsecutus,
318 1809 526 1837 intercesserunt
537 1815 636 1840 causae,
648 1815 740 1842 eaeque
753 1807 820 1834 satis
831 1813 939 1842 graves,

145 1855 175 1883 in
193 1855 304 1891 quibus,
321 1863 355 1883 ne
368 1854 465 1890 publici
479 1854 598 1882 muneris
612 1859 699 1888 partes
721 1852 870 1888 implendas
885 1859 941 1879 me-

144 1909 260 1934 morem,
275 1902 335 1937 jure
349 1901 509 1929 variantium
524 1908 557 1928 ex
570 1900 648 1928 codd.
662 1899 838 1927 Leidensibus
848 1898 942 1926 lectio-

144 1955 210 1975 num
222 1955 296 1982 spem
302 1949 391 1984 datam
401 1947 607 1975 numeraverim.
616 1947 716 1974 Harum
725 1953 835 1981 compos
842 1945 942 1978 factus;

143 1994 226 2022 telam
237 2015 244 2026 ,
265 2001 315 2029 pro
329 1997 449 2028 tempore
469 1993 634 2027 depositam,
650 1992 783 2027 resumpsi
800 1995 941 2027 pertexen-

144 2039 220 2072 dam,
234 2039 342 2075 jamque
365 2039 391 2066 in
414 2044 509 2065 manus
529 2037 576 2065 tibi
599 2037 676 2064 trado
694 2042 799 2071 poetam
812 2057 820 2069 ,
839 2037 863 2063 si
878 2035 941 2070 quid

144 2092 257 2119 sperare
272 2085 361 2119 liceat,
374 2085 444 2112 curis
459 2083 532 2111 bisce
545 2081 772 2115 emendatiorem,
783 2085 809 2109 et
824 2081 857 2108 ad
872 2081 941 2116 opti-

994 1480 1065 1508 hunc
1076 1483 1181 1515 poetam
1193 1481 1388 1512 commentarii,
1404 1481 1488 1508 forma
1505 1481 1613 1517 majori,
1627 1483 1782 1518 prodierunt

992 1527 1160 1556 Salmantica:
1178 1536 1222 1555 an.
1240 1528 1308 1556 1516
1325 1528 1372 1564 (b),
1385 1529 1431 1556 sed
1447 1536 1512 1564 quos
1534 1530 1599 1558 mihi
1621 1531 1711 1559 videre
1730 1539 1783 1559 non

992 1574 1115 1609 contigit.
1139 1574 1191 1601 Alii
1211 1574 1318 1609 quidem
1340 1574 1437 1601 similia
1459 1575 1583 1603 videntur
1607 1577 1709 1609 conati,
1734 1577 1782 1604 sed

992 1620 1081 1646 conati
1093 1623 1206 1646 tantum.
1221 1619 1404 1647 Christianum
1418 1620 1560 1647 Daumium
1572 1622 1604 1648 de
1621 1622 1783 1649 illustrandis

992 1663 1206 1692 Christianorum
1226 1665 1321 1699 poetis,
1337 1670 1417 1699 atque
1438 1666 1505 1693 adeo
1524 1666 1558 1693 de
1578 1667 1701 1700 Aratore,
1713 1667 1785 1700 cogi-

994 1714 1078 1743 tasse,
1091 1710 1180 1746 idque,
1194 1711 1215 1738 si
1231 1711 1387 1745 sumptuarii
1401 1710 1537 1745 adessent,
1558 1711 1696 1739 absolvere
1718 1719 1784 1746 opus

993 1758 1112 1786 voluisse
1126 1767 1159 1786 ex
1175 1759 1260 1794 ipsius
1276 1758 1309 1785 ad
1326 1758 1462 1786 Heinsium
1479 1759 1591 1794 epistola
1609 1764 1720 1794 apparet
1735 1759 1782 1794 (c).

993 1802 1159 1832 Referendus
1172 1803 1224 1831 huc
1239 1810 1346 1839 quoque
1358 1808 1399 1832 est
1415 1804 1535 1832 Andreas
1548 1804 1671 1837 Rivinus,
1687 1805 1783 1832 buma—

993 1849 1098 1876 niorum
1115 1849 1264 1877 litterarum
1286 1849 1424 1884 professor
1442 1849 1604 1884 Lipsiensis,
1626 1849 1703 1885 cujus
1718 1858 1785 1885 opu-

992 1895 1067 1922 scula
1077 1894 1291 1923 Christianorum
1303 1901 1440 1929 poetarum
1453 1896 1578 1923 Daumius
1589 1901 1720 1923 memorat
1733 1897 1783 1931 (ά),

993 1945 1020 1969 et
1038 1940 1163 1969 Nicolaus
1188 1941 1312 1969 Heinsius
1334 1942 1382 1978 (e),
1403 1942 1564 1976 eosdemque
1586 1949 1634 1976 pro
1656 1942 1785 1970 concione

992 1988 1150 2022 explicitas,
1171 1988 1447 2016 animadversionibus
1459 1988 1616 2021 illustratos,
1630 1993 1656 2016 et
1669 1997 1701 2016 ex
1717 1995 1783 2016 mss.

993 2034 1158 2061 emaculatos
1174 2033 1299 2061 Rivinum
1317 2033 1468 2068 divulgasse
1485 2033 1579 2061 scribit
1591 2034 1669 2061 Joan.
1686 2033 1783 2069 Georg.

993 2076 1116 2106 Graevius
1127 2078 1137 2113 (
1145 2078 1183 2113 ι’),
1201 2079 1281 2114 inque
1291 2079 1324 2106 iis
1335 2079 1500 2114 corrigendis
1512 2080 1634 2107 eumdem
1651 2080 1701 2107 sibi
1715 2080 1786 2107 mul-

143 2138 206 2158 mos
220 2131 326 2158 codices
343 2136 512 2165 expressum.
526 2128 560 2156 Et
580 2128 604 2156 si
624 2127 709 2163 magis
721 2130 797 2162 grata
811 2127 865 2154 sint
881 2132 941 2161 quas
954 2124 977 2156 Ο
994 2128 1049 2151 tum
1064 2123 1206 2152 indulsisse
1219 2130 1331 2152 testatur
1347 2125 1474 2153 Daumius
1488 2125 1537 2160 (g).
1550 2125 1625 2153 Notae
1638 2129 1785 2153 suntcerto

144 2176 250 2203 rariora
275 2175 431 2208 vidcantur,
459 2173 583 2209 augurari
608 2173 689 2201 liceat
715 2172 773 2199 fore
797 2172 940 2199 nonnullos

144 2223 193 2258 qui
209 2223 270 2256 hoc,
282 2222 410 2257 quidquid
421 2221 457 2248 sit
468 2220 584 2252 consilii,
595 2219 711 2254 probent
725 2217 865 2251 lubenter,
879 2225 940 2245 cum

145 2268 269 2296 Aratoris
290 2266 421 2294 editiOnes
443 2273 497 2292 non
515 2264 603 2292 ubivis
622 2262 718 2290 iuerint
742 2266 823 2295 notae,
843 2267 871 2290 et
890 2262 941 2290 hoc

145 2319 257 2341 carmen
289 2312 316 2339 in
342 2310 538 2346 antiquioribus
565 2307 778 2336 Christianorum
802 2311 941 2341 poetarum

145 2358 310 2387 editionibus
326 2357 478 2385 inveniatur
493 2355 617 2391 quidem,
630 2353 677 2382 sed
692 2354 870 2382 recentiorum
887 2361 940 2381 non

145 2404 181 2431 sit
193 2410 274 2438 opera
286 2402 459 2438 perpolitum.
473 2400 635 2429 Prudentius
650 2399 795 2428 Cellarinm
817 2404 844 2427 et
861 2398 942 2426 llein-

146 2449 232 2481 sium,
248 2447 382 2476 iuvencus
403 2447 549 2476 Omeisium
569 2451 596 2474 et
614 2445 793 2479 Reuschium,
817 2444 941 2474 Sedulius

146 2495 292 2523 Ccllarium
303 2499 331 2522 et
342 2494 492 2522 Grunerum
512 2493 582 2521 nacti
604 2498 668 2521 sunt
689 2493 876 2528 sospitatores,
893 2492 941 2520 scd

147 2542 194 2577 qui
215 2549 249 2570 ex
272 2540 466 2569 recentioribus
489 2540 630 2568 Aratorem
653 2539 723 2567 notis
746 2539 939 2571 illustraverit,

148 2589 208 2617 novi
231 2589 375 2616 neminem.
395 2588 429 2615 At
449 2586 513 2622 quid
536 2586 699 2613 recentiores
717 2586 858 2613 memoro?
879 2592 939 2612 cum

148 2635 295 2670 generatim
309 2633 405 2661 eruditi
421 2632 488 2660 nihil
504 2636 628 2660 notarum
640 2631 672 2658 ad
688 2638 748 2658 cum
766 2630 938 2663 contulerint,

183 2715 222 2750 (α)
236 2715 263 2743 In
276 2714 463 2748 Miscellaneis,
477 2722 504 2750 p.
514 2714 559 2742 59.

184 2748 222 2784 (ὁ)
240 2751 305 2779 Vide
319 2748 558 2778 Fabricium'liibl.
578 2748 648 2777 med.
670 2752 697 2776 et
711 2748 898 2784 iniimaLatin.
917 2748 937 2782 Ι,

168 2783 254 2815 (διδ.
273 2787 379 2814 Arrium
397 2785 550 2813 Mendosam
570 2793 630 2813 eum
654 2783 772 2819 appellat
786 2783 855 2811 idem
869 2783 937 2811 llibl.

155 2819 251 2855 latim,
264 2828 327 2849 tom.
341 2822 384 2856 lll,
398 2829 424 2857 p.
436 2822 498 2855 507,
515 2826 540 2848 et
551 2820 681 2849 Funccius
695 2821 728 2847 de
741 2819 848 2855 decrep.
863 2819 893 2847 L.
907 2819 937 2846 L.

155 2854 272 2881 Senem”
286 2865 311 2881 ιτ.
322 2858 384 2881 947.

191 2859 272 2886 DCCL,
286 2865 311 2886 ρ.
322 2858 384 2885 9,57.

189 2889 223 2924 (ο)
237 2888 343 2925 Syllose
357 2892 435 2925 epist.
447 2892 608 2926 Burmanni,
621 2896 685 2921 tom.
705 2891 740 2926 v,
755 2898 782 2927 p.
797 2889 860 2924 ait.
874 2889 939 2925 eis,

993 2169 1129 2198 Dracontii
1142 2175 1170 2199 et
1185 2170 1312 2205 Drepanii
1332 2170 1404 2198 Flori
1427 2170 1560 2198 editiones
1580 2178 1595 2198 a
1613 2171 1709 2197 Birino
1721 2178 1785 2204 pro-

993 2220 1103 2243 curatae.
1127 2215 1181 2244 Sed
1203 2221 1293 2243 utrum
1313 2216 1347 2243 de
1366 2217 1479 2243 Aratore
1502 2223 1608 2252 quoque
1629 2217 1785 2252 cogitaverit

994 2260 1108 2294 edendo,
1122 2268 1175 2288 non
1193 2261 1370 2289 deliniverim.
1383 2276 1418 2282 —
1430 2261 1459 2290 In
1473 2262 1531 2297 ipso
1545 2267 1671 2297 praeterea
1686 2267 1784 2292 conatu

994 2306 1114 2334 substitit
1134 2306 1291 2334 Franclscus
1310 2306 1426 2340 Juretus,
1442 2307 1477 2336 ob
1490 2307 1559 2336 idem
1572 2308 1783 2337 Christianorum

993 2352 1132 2387 poetarum
1155 2353 1319 2381 edendorum
1343 2354 1495 2388 consilium,
1516 2361 1642 2383 successu
1658 2355 1719 2383 licet
1739 2363 1784 2384 ea.

992 2400 1089 2433 ruerit,
1104 2399 1225 2428 laudatus
1240 2400 1273 2428 ab
1287 2400 1364 2428 Joan.
1380 2400 1482 2429 Albel‘t.
1496 2400 1618 2429 Fabricio
1631 2401 1688 2437 (lt);
1704 2409 1783 2437 quem

993 2444 1054 2471 dum
1071 2445 1179 2473 nomino
1191 2466 1198 2478 ,
1213 2445 1294 2474 doleo
1307 2452 1373 2474 sane
1392 2447 1512 2474 Aratoris
1530 2447 1614 2475 vicem
1626 2468 1633 2481 ,
1657 2455 1708 2483 qua
1731 2448 1782 2475 fata

992 2491 1081 2518 minus
1107 2491 1221 2526 benigna
1256 2491 1380 2520 eumdem
1407 2492 1445 2520 illi
1471 2492 1622 2521 Fabricium
1652 2497 1783 2528 negarunt

993 2537 1193 2571 sospitatorem.
1209 2538 1233 2565 ls
1248 2539 1346 2566 etenim
1370 2539 1515 2567 instructus
1539 2540 1630 2567 codice
1644 2539 1783 2567 Cantabri-

992 2585 1173 2620 giensi,quem
1187 2585 1279 2614 Ericus
1291 2586 1442 2621 Benzelius,
1457 2588 1598 2623 episcopus
1608 2588 1783 2622 Lincopensis

991 2635 1019 2658 et
1028 2631 1197 2660 bibliothecae
1208 2631 1372 2666 Upsaliensis
1386 2633 1538 2668 praefectus,
1547 2632 1705 2667 contulerat,
1716 2633 1783 2661 Ara-

1042 2749 1071 2783 d)
1083 2749 1148 2785 Syll.
1163 2750 1290 2777 Burman.
1307 2755 1370 2777 tom.
1386 2750 1416 2784 V,
1432 2759 1458 2785 p.
1472 2750 1533 2779 225.

1041 2785 1065 2820 e)
1080 2784 1213 2820 Sylloges,
1231 2784 1290 2812 loco
1306 2784 1469 2820 laudato,’p.
1484 2786 1546 2814 2l8.

1030 2820 1062 2857 (Γ)
1080 2819 1238 2848 Praefzitione
1250 2820 1281 2848 ad
1293 2822 1436 2855 Syntngma
1445 2819 1556 2850 dissert.

1031 2856 1068 2891 (g)
1086 2858 1193 2891 Sylloge
1208 2857 1331 2883 Burman.
1350 2861 1413 2883 tum.
1431 2858 1460 2889 Υ,
1475 2866 1500 2891 ιι.
1517 2859 1578 2887 226.

1031 2891 1073 2927 (Ιι)
1089 2892 1213 2921 Biblioth.
1231 2891 1317 2919 Latin.
1335 2897 1398 2918 tum.
1413 2893 1434 2927 ι,
1451 2903 1475 2928 ιι.
1491 2894 1551 2922 721.
