4038 6350
2669 145 2684 169 ι

448 226 515 282 47
1411 224 1520 268 θ’
1916 232 1999 291 ΑΕ

2103 233 2223 294 ‘OB.
3631 249 3704 308 48

447 354 618 402 torem
663 335 797 404 sese
831 337 1094 405 editurum
1126 345 1384 419 promisit
1424 346 1543 419 (a),-
1571 347 1653 402 cui
1692 347 2018 417 praemittere
2047 353 2099 416 Α
2122 364 2189 407 eo
2216 348 2484 408 disserere
2515 351 2676 422 hujus
2705 367 2813 410 non
2838 364 2923 413 est
2962 356 3090 416 loci.
3122 356 3179 415 ld
3209 360 3536 433 addendum,
3566 367 3704 425 Ara-

444 440 796 496 constitucrat
837 443 967 496 Acta
997 442 1358 511 apostolorum
1382 480 1399 506 ,
1439 439 1625 494 Graece
1667 449 1721 494 et
1761 441 1946 496 Latine
1988 458 2021 500 e

444 532 632 587 codice
654 533 926 589 Laudiano
955 550 1201 604 expressa
1225 578 1239 601 ,
1267 541 1519 602 praeterea
1544 532 1777 601 adjicere
1802 534 2017 591 Florum

444 624 788 694 Sparsionem
807 628 871 682 ad
894 626 1047 694 Acta,
1074 639 1126 683 et
1156 626 1322 681 Grotii
1350 630 1734 683 commentaria
1761 629 1867 699 (b);
1899 646 2019 699 qua:

443 721 621 775 omnia
651 722 695 776 si
726 722 843 791 quis
863 764 877 789 ,
920 722 1101 791 juncta
1134 721 1230 774 viri
1260 721 1459 791 egregii
1490 721 1809 783 eruditione.
1843 724 2022 778 oonsi-

441 810 609 876 deret,
643 826 707 865 co
734 814 899 881 magis
925 812 1207 865 dolendum
1229 819 1330 879 est,
1365 810 1582 881 Ajacem
1608 811 1749 866 hunc
1774 813 1826 866 in
1850 828 2018 881 spon-

439 903 580 970 giam
614 903 939 970 incubuisse,
970 918 1092 957 cum
1134 905 1331 958 eximia
1379 905 1581 969 qumvis
1619 904 1686 959 ab
1727 920 1793 960 eo
1823 907 2017 963 collata

440 990 582 1045 haud
613 992 772 1047 dubie
814 992 1039 1047 fuissent
1064 1038 1077 1062 ,
1113 1009 1338 1062 quorum
1368 1002 1543 1047 utrum
1569 994 1681 1063 jam
1723 995 1924 1064 primas
1957 998 2019 1051 li-

436 1098 566 1138 neas
588 1084 818 1151 duxerit,
839 1098 1005 1153 eaque
1018 1084 1083 1137 ad
1107 1084 1414 1139 Reimarum
1436 1085 1630 1139 deinde
1653 1088 2013 1157 pervenerint,

435 1190 655 1245 prorsus
708 1176 930 1245 ignoro;
972 1177 1157 1231 dubito
1206 1186 1417 1243 tamen,
1463 1192 1581 1232 cum
1632 1177 1912 1233 Reimarus
1961 1182 2016 1237 in

434 1267 731 1336 posthumis
768 1268 1003 1322 Fabricii
1052 1284 1182 1323 mss.
1212 1269 1345 1324 nihil
1389 1270 1455 1325 de
1502 1271 1604 1325 illis
1634 1283 1918 1340 memoret,
1950 1289 2016 1330 eo

431 1360 700 1430 praecipue
724 1360 843 1416 loco
871 1362 957 1415 ubi
989 1373 1286 1433 opportuna
1312 1365 1524 1421 adesset
1551 1366 1617 1421 ad
1647 1383 1834 1423 manus
1862 1385 2016 1426 occa-

429 1450 532 1515 sio,
563 1466 683 1505 cum
715 1464 1011 1522 exponeret
1054 1455 1120 1508 de
1151 1456 1444 1523 Specimine
1483 1457 1714 1513 Fabricii
1743 1460 1809 1515 ad
1849 1463 2016 1517 Actus

430 1544 819 1611 apostolorum,
851 1545 1023 1615 deque
1046 1548 1109 1601 iis
1146 1548 1333 1604 Grmce
1373 1549 1566 1605 litteris
1612 1556 1952 1621 majusculis,
1980 1572 2013 1612 e

429 1635 615 1689 codice
682 1635 988 1704 Laudiauo,
1043 1640 1406 1707 exprimendis
1458 1641 1552 1711 (ε).
1610 1642 1921 1713 Suspicatus
1959 1656 2011 1703 et

2125 441 2257 497 toris
2284 444 2541 512 neglecti,
2570 453 2623 499 et
2645 453 2847 500 tantum
2876 464 2981 502 non
3011 450 3265 520 incogniti
3286 468 3477 511 causas
3504 458 3555 513 in
3587 459 3700 529 ipsa
3741 441 3748 458 ’
3784 478 3803 489 ’

2122 534 2390 589 scribendi
2426 550 2527 604 qua
2572 551 2697 590 usus
2736 547 2818 593 est
2855 540 3105 595 methodo
3151 544 3281 599 sitas
3319 562 3459 602 esse.
3494 549 3703 609 Ninnius

2122 634 2267 681 certe
2296 634 2379 681 est
2403 628 2733 685 cumulandis
2774 632 3077 702 allegoriis,
3116 638 3231 691 sive
3254 654 3346 695 eas
3372 651 3561 713 typos,
3596 646 3709 701 ior-

2122 732 2260 785 mas,
2288 718 2480 788 ﬁguras
2506 721 2685 778 dicere
2713 726 2867 779 malis
2893 726 3003 798 (j);
3036 731 3128 785 sed
3152 740 3207 786 et
3242 733 3293 786 in
3324 733 3406 789 bis
3430 736 3585 791 facile
3612 754 3708 795 ex-

2121 813 2450 867 cusationem
2483 824 2721 870 meretur
2764 832 2829 872 ex
2870 822 3050 875 saeculi
3092 823 3237 879 illius
3280 830 3701 902 consuetudine,

2120 918 2223 972 qua
2263 919 2487 960 acumen
2538 906 2739 976 ingenii
2789 910 2984 966 talibus
3032 916 3323 971 tentabant.
3376 920 3568 975 Notum
3621 935 3704 980 est

2118 1005 2319 1061 quanto
2340 1010 2504 1065 opere
2526 998 2577 1052 id
2604 1001 2952 1068 expositionis
2981 1021 3149 1076 genus
3174 1006 3387 1080 Origeni
3417 1012 3699 1081 placuerit,

2118 1094 2277 1149 atque
2307 1087 2435 1142 illud
2483 1100 2604 1158 post
2638 1096 2892 1147 szeculum
2933 1111 2988 1150 ιιι
3034 1100 3189 1152 avide
3221 1104 3543 1169 arripuerint
3571 1107 3704 1164 scri-

2118 1186 2299 1246 ptores
2326 1180 2565 1236 Hebraea:
2596 1184 2865 1241 Griecaave
2891 1188 3083 1258 lingua:
3111 1192 3363 1262 imperiti,
3396 1196 3505 1265 qui,
3539 1213 3701 1266 quam

2116 1269 2290 1324 lucem
2316 1272 2453 1327 sacri
2477 1275 2676 1331 codicis
2704 1277 3063 1335 locationibus
3089 1282 3281 1339 aﬂerre
3321 1300 3427 1341 non
3454 1297 3701 1356 poterant

2117 1360 2412 1419 litterarum
2436 1367 2645 1439 inopes,
2663 1386 2733 1426 ex
2756 1373 2948 1429 talibus
2971 1376 3248 1449 elegantiis
3265 1380 3464 1438 addere
3483 1382 3702 1443 fuerunt

2115 1459 2291 1510 conati
2324 1476 2337 1511 :
2371 1461 2659 1517 accedebat
2687 1475 2743 1520 et
2778 1465 2927 1523 hisce
2957 1469 3101 1537 pium
3132 1474 3446 1542 consilium,
3475 1494 3581 1547 quo
3611 1495 3700 1535 res

2117 1546 2435 1616 historicas,
2482 1554 2622 1609 nude
2669 1558 2907 1623 positas,
2959 1575 3143 1628 parum
3190 1566 3422 1621 moribus
3467 1546 3699 1638 vitat-que

2115 1640 2280 1704 probe
2326 1639 2666 1697 iustituendae
2711 1646 2974 1704 inservire
3018 1653 3345 1723 credebant,
3390 1658 3530 1724 nisi,
3579 1662 3700 1716 velo

429 1725 716 1796 aliquando
767 1743 884 1782 Sum
926 1731 1203 1785 Aratorem
1260 1733 1422 1788 fuisse
1477 1735 1773 1803 sepositum
1827 1753 1857 1792 a
1910 1740 2011 1793 ρει..
2041 1745 2087 1803 Β
2117 1729 2263 1785 velut
2303 1742 2529 1797 remoto,
2585 1742 2758 1804 tecta,
2811 1748 2871 1793 ut
2913 1742 3228 1811 credebant,
3275 1748 3474 1803 veritas
3513 1751 3699 1819 pietati

428 1816 639 1883 bricio,
692 1828 969 1889 postquam
1020 1822 1347 1877 edendorum
1402 1836 1677 1893 poetarum
1734 1844 2008 1886 sacrorum

427 1911 709 1965 consilium
755 1913 1018 1982 rejecerit,
1068 1930 1138 1969 ex
1184 1930 1290 1983 quo
1344 1916 1637 1972 Juvencum
1679 1919 1913 1975 Omeisio
1955 1931 2011 1979 et

424 1998 693 2057 Reuschio
720 2003 1090 2058 illustrandum
1121 2008 1450 2062 concesserit
1484 2027 1497 2061 :
1532 2009 1583 2064 id
1613 2027 1743 2067 sane
1774 2014 2009 2071 lteimari

422 2092 477 2146 in
510 2092 620 2147 Vita
651 2093 879 2150 Fabricii
913 2096 991 2167 (ά)
1025 2097 1386 2153 testimonium
1423 2100 1660 2157 indicare
1706 2106 2005 2163 videbatur.

425 2184 529 2239 Sed
553 2185 676 2239 huic
703 2186 997 2255 suspiciOni
1026 2189 1243 2244 obstare
1274 2191 1525 2261 deinceps
1548 2209 1609 2248 ea
1637 2195 1963 2265 deprehendi
1988 2238 2004 2263 ,

421 2292 541 2345 qua:
566 2279 681 2347 ipse
711 2278 985 2333 Fabricius
1013 2280 1120 2335 alio
1150 2281 1267 2335 loco
1311 2284 1552 2350 promisit
1608 2285 1702 2356 (e).
1732 2320 1805 2330 —
1830 2292 2004 2360 Atque

420 2384 487 2423 ex
529 2369 612 2424 his
649 2380 905 2438 apparet,
957 2374 1100 2426 viros
1140 2374 1437 2430 eruditione
1481 2377 1716 2448 insignes
1762 2395 1859 2433 sna
1908 2384 2004 2437 hos

418 2462 711 2532 scriptores
733 2480 858 2519 cura
887 2480 991 2520 non
1018 2466 1259 2537 indignos
1278 2469 1566 2537 judicasse,
1590 2474 1853 2542 praecipue
1880 2490 2000 2531 cum

418 2563 473 2610 et
500 2556 581 2610 vel
611 2558 988 2613 eruditioribus
1019 2564 1191 2615 minus
1225 2563 1332 2617 noti
1363 2564 1701 2631 viderentur,
1735 2568 1873 2636 quod
1916 2568 2001 2623 vel

415 2649 552 2703 adeo
587 2665 804 2717 verum,
852 2660 909 2705 ut
958 2650 1215 2722 Georgius
1250 2655 1561 2722 Fabricius,
1601 2658 1684 2712 cui
1724 2668 1998 2727 poetarum

416 2753 660 2797 veterum
719 2744 1201 2801 ecclesiasticarum
1260 2750 1672 2818 collectionem,
1726 2752 1825 2806 hac
1876 2753 2000 2808 licet

414 2846 572 2891 attate
595 2837 1242 2910 rarissimam,debemus,
1263 2842 1313 2896 in
1342 2845 1652 2912 praefatione
1680 2847 1746 2899 ad
1767 2846 2003 2902 Alexan-

412 2924 569 2980 drum
610 2930 900 2998 principem
937 2932 1014 2999 (f)
1052 2932 1286 3001 proﬁteri
1324 2949 1430 2989 non
1471 2937 1774 3004 erubuerit,
1817 2954 1877 2994 se
1930 2955 1997 2995 ex

412 3017 563 3074 hisce
594 3022 785 3088 poetis,
816 3036 1040 3093 excepto
1071 3026 1363 3079 Prudentio
1385 3066 1400 3092 ,
1442 3030 1660 3085 novisse
1702 3031 1994 3087 neminem.

2116 1823 2496 1889 promovendis
2545 1839 2928 1893 exponeretur.
2973 1831 3125 1898 Quod
3174 1836 3385 1905 quidem
3415 1842 3693 1899 consilium

2115 1929 2215 1969 nec
2246 1916 2608 1973 damnaverim
2644 1935 2892 1988 prorsus,
2925 1939 3096 1993 neque
3126 1927 3475 1986 laudaverim.
3510 1934 3695 1992 Iliacos

2114 2007 2169 2062 in
2218 2008 2366 2066 hisce
2408 2023 2558 2068 extra
2603 2029 2786 2069 muros
2831 2027 3137 2085 peccatum,
3184 2028 3239 2076 ct
3286 2025 3441 2079 intra.
3477 2024 3695 2083 Pietatis

2110 2104 2493 2171 promovenda:
2520 2115 2765 2172 conatus,
2792 2122 2891 2163 suo
2930 2110 2985 2165 in
3017 2112 3165 2167 hisce
3204 2116 3553 2183 scriptoribus
3582 2134 3697 2174 me-

2110 2195 2235 2259 rito,
2270 2197 2489 2250 maximi
2518 2197 2759 2266 fecerim,
2792 2202 2884 2255 sed
2912 2217 3107 2259 cavere
3134 2206 3478 2277 debuissent,
3528 2227 3595 2266 ne
3637 2211 3696 2269 in

2113 2286 2377 2355 turgidam
2423 2287 2746 2359 orationem,
2797 2293 2850 2347 in
2897 2297 3161 2365 ampullas
3209 2309 3263 2355 et
3305 2302 3693 2372 sesquipedalia

2108 2376 2302 2441 verba,
2334 2386 2419 2444 et,
2454 2380 2537 2433 vis
2565 2383 2834 2451 amplius?
2868 2401 2936 2441 ne
2985 2388 3038 2442 in
3081 2405 3247 2460 nugas
3297 2393 3527 2463 prolapsi
3555 2396 3692 2451 fuis-

2104 2475 2245 2519 sent.
2278 2468 2446 2535 Quis,
2480 2486 2662 2538 quaaso
2687 2512 2702 2537 ,
2751 2473 2926 2539 ferat,
2970 2492 3037 2531 ex
3084 2479 3334 2536 historica
3385 2486 3694 2543 narratione

2103 2568 2315 2613 enatam
2344 2562 2485 2616 sacri
2510 2564 2712 2619 codicis
2734 2566 3229 2637 interpretationem
3251 2576 3533 2643 moralem,
3555 2579 3687 2635 alle-

2102 2650 2338 2719 goricam
2371 2660 2426 2707 et
2471 2658 2861 2728 anagogicam?
2908 2676 3008 2731 qua
3036 2662 3104 2718 d'e
3145 2680 3205 2720 re
3244 2668 3378 2722 lectu
3410 2670 3567 2737 digna
3608 2680 3693 2727 est

2102 2740 2315 2809 Georgii
2347 2743 2578 2801 Fabricii
2608 2749 2913 2805 observatio
2953 2753 3051 2824 (lt).
3082 2755 3152 2809 At
3179 2756 3362 2826 quidni
3394 2758 3507 2815 haec
3548 2760 3690 2817 fera-

2100 2848 2222 2889 mus
2255 2837 2305 2889 in
2337 2836 2475 2892 illius
2506 2842 2763 2908 temporis
2790 2847 3161 2914 scriptoribus,
3191 2864 3295 2918 quo
3325 2850 3377 2905 in
3409 2850 3690 2908 humanio-

2099 2936 2189 2977 res
2227 2924 2536 2997 disciplinas
2566 2932 2728 2985 ardor
2764 2931 2961 2988 dudum
3006 2937 3381 2996 deferbuerat?
3428 2958 3550 2998 cum
3596 2944 3687 3000 illa

2097 3024 2261 3081 actas,
2294 3034 2413 3087 qua:
2440 3022 2678 3091 supremi
2724 3024 2965 3081 Numinis
2996 3028 3255 3085 beneﬁcio
3287 3033 3475 3102 majori
3508 3035 3688 3091 erudi-

410 3109 542 3165 Cum
575 3114 717 3166 enim
745 3114 884 3168 haud
915 3116 1021 3169 alio
1050 3132 1206 3184 quam
1240 3117 1504 3185 religinsm
1542 3121 1850 3191 scriptionis
1888 3141 1991 3179 ηυ,
2021 3119 2068 3185 C
2100 3109 2261 3165 lienis
2299 3121 2353 3166 ct
2383 3114 2678 3171 litterarum
2730 3117 2848 3174 luce
2888 3119 3111 3190 fruitur,
3143 3124 3269 3178 talia
3302 3141 3683 3195 nonnunquam

412 3202 557 3257 mine
590 3203 900 3260 viderentur
928 3206 1354 3271 connuendaudi,
1390 3211 1569 3278 paucis
1599 3212 1815 3267 eosdem
1843 3216 1992 3269 evol-

408 3306 534 3348 vere
565 3294 789 3362 placuit,
819 3296 1053 3349 carmina
1085 3295 1198 3351 haec
1236 3300 1373 3353 levia
1404 3308 1458 3354 et
1485 3302 1652 3356 futilia
1692 3304 1994 3361 arbitranti-

406 3386 528 3441 bus.
575 3389 647 3442 De
682 3402 774 3442 sua
804 3398 961 3442 actate
998 3402 1323 3458 conquestus
1364 3402 1447 3446 est
1486 3394 1822 3450 Christianus
1856 3398 1993 3453 Dau-

406 3482 546 3535 mius
569 3482 644 3551 (g)
679 3497 827 3535 raros
859 3498 1008 3548 esse,
1049 3484 1136 3549 qui
1183 3494 1369 3553 poetas
1400 3485 1734 3541 Christianos
1776 3500 1987 3560 curent,

404 3586 659 3629 eorumve
701 3575 997 3641 elegantias
1045 3586 1352 3644 perspectas
1397 3577 1646 3633 habeant.
1683 3579 1814 3647 Quis
1856 3582 1990 3638 adeo

403 3664 651 3729 miretur,
676 3664 779 3720 illis
808 3666 1156 3719 emendandis
1182 3669 1265 3720 vix
1299 3669 1461 3721 ullum
1505 3685 1722 3736 Operam
1745 3715 1760 3737 ,
1804 3673 1989 3742 legen-

404 3751 557 3807 disve
590 3764 797 3823 tempus
834 3756 1229 3823 insumpsisse?
1266 3756 1341 3810 lta
1384 3758 1699 3813 Franciscus
1741 3762 1989 3819 Floridus

405 3841 637 3897 Sabinus
667 3861 680 3897 :
715 3843 803 3898 Sic
823 3883 837 3905 ,
874 3844 1041 3911 inquit
1070 3846 1171 3915 (Ii),
1212 3850 1459 3901 antecedit
1492 3848 1835 3905 Prudentium
1865 3855 1987 3908 Sin-

403 3950 569 3999 cerus,
595 3943 647 3987 ut
679 3936 785 3987 sine
817 3934 969 3987 dubio
1000 3939 1165 4004 pluris
1191 3939 1255 3991 sit
1282 3941 1573 4011 faciendum
1605 3948 1807 3999 unicum
1833 3946 1986 4012 huius

402 4029 470 4082 ad
495 4042 746 4079 summum
794 4028 1083 4096 pontificem
1128 4030 1473 4101 epigramma,
1513 4051 1666 4103 quam
1712 4039 1986 4091 innumera

407 4118 800 4174 Prudentiorum
822 4161 836 4183 ,
877 4122 1149 4175 Aratorum
1170 4168 1184 4190 ,
1221 4142 1282 4178 ac
1306 4124 1651 4181 Juvencorum
1677 4170 1692 4195 ,
1726 4145 1788 4181 ne
1819 4130 1985 4185 dicant

401 4209 551 4262 boum
584 4210 854 4277 myriades.
886 4214 1035 4278 Quod
1058 4214 1317 4282 judicium
1344 4218 1463 4271 licet
1496 4218 1654 4272 nimis
1693 4219 1762 4272 sit
1789 4220 1981 4276 dnrtttn

400 4309 453 4355 et
480 4299 755 4367 acerbum,
776 4318 931 4373 eque
954 4306 1203 4361 Daumius
1231 4308 1320 4377 (ί),
1353 4311 1515 4363 multa
1544 4324 1608 4365 ex
1640 4310 1785 4366 hisce
1814 4315 1984 4381 poetis

400 4391 537 4447 bona
560 4391 761 4448 hauriri
788 4414 944 4465 posse
965 4400 1409 4470 arhitratns,jure
1435 4405 1711 4470 restiterit,
1731 4406 1778 4459 id
1805 4418 1978 4464 tamen

2097 3204 2305 3271 probet,
2324 3214 2376 3258 et
2404 3207 2633 3263 libenter
2654 3209 2833 3265 audiat
2864 3211 2946 3282 (ι).
2990 3213 3094 3268 Sed
3116 3216 3182 3268 ad
3205 3222 3483 3273 Aratorem
3498 3220 3681 3287 redeo,

2100 3305 2158 3348 ut
2182 3298 2247 3349 de
2274 3298 2444 3365 ipsius
2472 3301 2743 3370 allegoriis
2773 3302 2911 3357 idem
2938 3302 3102 3359 feram
3128 3304 3410 3373 judicium,
3444 3311 3583 3380 quod
3612 3312 3681 3368 de

2093 3386 2337 3442 Ilanuele
2372 3390 2523 3444 Phila
2551 3393 2747 3446 alicubi
2790 3394 2888 3462 (m)
2920 3397 3109 3449 scribit
3143 3396 3475 3456 Christianus
3517 3404 3684 3460 Adol-

2092 3479 2231 3548 phus
2258 3480 2496 3535 Klotzius
2524 3500 2537 3535 :
2568 3482 2764 3553 Ubique
2789 3488 3018 3556 argutias
3048 3499 3255 3559 captat,
3292 3496 3509 3561 dumque
3548 3511 3677 3551 novo

2094 3572 2246 3624 modo
2284 3575 2553 3625 sententias
2591 3575 2732 3644 loqui
2775 3577 2946 3647 rupit,
2998 3608 3067 3618 —
3113 3582 3273 3634 risum
3316 3594 3496 3653 movet,
3527 3614 3597 3625 —
3625 3587 3679 3640 in

2090 3662 2271 3733 ﬁguris
2299 3674 2448 3733 atque
2475 3666 2527 3720 in
2555 3666 2798 3722 similium
2841 3673 3219 3741 comparatione
3257 3674 3568 3731 instituenda
3598 3679 3678 3731 in-

2090 3753 2237 3822 felix.

2161 3866 2338 3935 Ipsum
2371 3867 2651 3923 Aratorum
2679 3885 2875 3926 nomen
2898 3911 2915 3940 ,
2947 3882 3004 3929 ut
3031 3888 3097 3930 eo
3128 3886 3382 3944 pergam,
3413 3876 3552 3945 quod
3584 3892 3673 3933 res

2087 3969 2190 4027 est,
2222 3962 2273 4015 in
2299 3972 2540 4016 veterum
2571 3966 2933 4017 monumentis
2954 3978 3059 4018 non
3084 3976 3165 4021 est
3190 3980 3411 4036 prorsus
3434 3969 3676 4038 incogni-

2090 4056 2222 4101 tum.
2255 4048 2452 4104 Ducem
2497 4042 2763 4105 Aratorem
2807 4066 3067 4109 memorat
3106 4058 3418 4113 Ammianu.
3450 4060 3673 4115 Marcel-

2087 4136 2228 4193 linus
2248 4139 2348 4209 (n),
2374 4156 2531 4204 quem
2557 4141 2959 4199 Valentinianus
2979 4160 3071 4215 per
3097 4146 3375 4218 Syagrium
3401 4152 3669 4208 notarium

2081 4232 2239 4302 jussit
2266 4242 2413 4289 trans
2445 4236 2689 4290 Rhenum
2716 4236 2768 4290 in
2802 4248 2984 4292 monte
3014 4238 3119 4293 Piri
3161 4244 3549 4297 munimentum
3577 4259 3670 4297 ex-

2084 4335 2310 4381 SIruere.
2346 4327 2566 4382 Dubiam
2602 4337 2776 4382 tamen
2808 4329 2858 4382 in
2888 4328 3171 4385 Ammiano
3197 4335 3513 4400 scripturam
3545 4348 3668 4391 esse

2086 4430 2191 4470 non
2222 4417 2475 4489 dil’titeor,
2508 4435 2627 4473 cum
2652 4421 2703 4473 in
2738 4421 2901 4490 [legio
2928 4420 3147 4487 codice,
3180 4430 3233 4475 et
3262 4421 3409 4477 Colh.
3442 4434 3496 4478 ut
3528 4435 3583 4479 et
3614 4427 3665 4481 in

397 4500 503 4541 non
527 4485 862 4541 diflitendum
887 4501 989 4555 est,
1009 4494 1191 4546 saeculi
1215 4494 1340 4546 vitia
1364 4510 1542 4549 secum
1569 4498 1796 4552 traxisse
1821 4499 1982 4556 hosce
2013 4500 2063 4561 D
2085 4490 2392 4577 Augustana
2423 4485 2656 4565 editione
2688 4512 2955 4565 Oratorem
2995 4512 3097 4584 legi
3142 4521 3367 4569 leSlelur
3394 4514 3664 4573 Valesius.

395 4589 581 4646 poetas
612 4588 716 4629 tam
746 4580 793 4629 in
820 4578 998 4632 verbis
1018 4596 1176 4649 quam
1202 4582 1362 4636 rebus
1388 4586 1750 4653 exponendis;
1775 4599 1827 4640 at
1852 4603 1979 4646 vero

396 4670 465 4726 ob
496 4668 547 4725 id
579 4670 927 4725 eruditiorum
959 4672 1236 4727 hominum
1270 4677 1415 4729 curis
1457 4675 1597 4731 haud
1631 4677 1804 4735 minus
1831 4681 1977 4752 digni

394 4773 520 4824 sunt
550 4768 801 4822 censendi
822 4809 836 4831 ,
868 4784 1024 4839 quam
1048 4770 1202 4826 istius
1240 4772 1413 4827 mtatis
1440 4775 1667 4841 prosaici
1686 4816 1701 4841 ,
1728 4778 1972 4847 pluribus

394 4870 605 4931 quoque
647 4859 812 4914 naevis
833 4869 887 4916 et
904 4863 1275 4931 superstitioso
1291 4863 1496 4934 judicio
1517 4867 1757 4924 notandi.
1782 4871 1890 4928 Sed
1911 4874 1979 4933 de

462 5064 540 5134 (a)
570 5065 819 5122 Biblioth.
851 5067 1025 5123 Latin.
1060 5077 1189 5123 tom.
1223 5068 1263 5136 l,
1294 5086 1345 5138 p.
1377 5072 1501 5129 706.

483 5140 533 5203 ὸ)
563 5138 813 5213 Biblioth.
846 5141 1062 5213 mndaet
1092 5141 1255 5213 inlim.
1288 5143 1458 5197 Latin.
1492 5145 1533 5213 Ι,
1564 5162 1614 5213 p.
1649 5148 1774 5205 547.

484 5220 533 5282 c)
566 5208 698 5282 Yide
730 5210 960 5282 Beiniari
990 5210 1159 5265 Vitam
1194 5212 1440 5282 Fabricii,
1470 5208 1530 5282 p.
1552 5208 1677 5273 906.

456 5279 533 5351 (tt)
564 5276 687 5351 Pag.
716 5280 853 5343 206,
883 5282 969 5333 ubi
1000 5283 1067 5336 de
1096 5276 1958 5348 Commodiani'lnstructionibus.

457 5350 531 5416 (ε)
562 5350 809 5406 Btblioth.
836 5352 1009 5406 Latin.
1039 5362 1169 5408 tom.
1198 5355 1239 5422 Ι,
1273 5372 1327 5425 p.
1356 5358 1479 5414 705.

450 5419 526 5487 (fl
558 5420 679 5487 Pas.
713 5422 765 5476 8-

474 5420 526 5487 f)
558 5420 679 5487 Pag.
713 5422 765 5476 8.

379 5422 528 5617 {nigri
558 5422 882 5551 Plig'gausis
928 5496 1111 5553 amiss.
1151 5497 1319 5555 radic.
1366 5498 1428 5554 L.
1470 5499 1557 5569 L.,
1605 5514 1723 5571 cap.
1769 5504 1863 5569 21,
1895 5503 1963 5559 ad

401 5579 414 5616 Ι
495 5580 563 5612 Ill.

401 5576 563 5616 tnetn.

454 5632 527 5713 (If)
560 5632 809 5713 Lceliqn._
832 5637 1062 5713 _Subcis.
1097 5640 1193 5700 lib.
1217 5656 1275 5701 tu
1297 5682 1314 5712 ,
1341 5655 1459 5713 cap.
1492 5640 1549 5712 6,
1583 5652 1713 5705 tom.
1746 5643 1787 5713 Ι,
1824 5643 1953 5703 Fac.

378 5700 612 5769 Gruter.,
638 5717 689 5772 p.
718 5705 872 5759 Hdt.
899 5741 903 5745 ι

2084 4626 2154 4642 ο-
2184 4598 2277 4654 Est
2301 4609 2354 4653 et
2381 4600 2566 4653 Arator
2600 4601 2652 4653 in
2683 4602 2851 4655 veteri
2881 4602 3057 4671 lapide
3083 4601 3445 4671 Narbonensi,
3485 4604 3572 4661 cui
3597 4621 3664 4662 ex

2082 4704 2268 4746 sorore
2306 4706 2472 4761 nepos
2501 4690 2598 4745 fuit
2628 4690 2880 4746 Rusticus
2900 4734 2917 4761 ,
2948 4692 3210 4748 Narbona:
3237 4696 3552 4766 episcopus;
3584 4697 3665 4751 la-

2080 4784 2257 4855 pidem
2287 4784 2505 4852 protulit
2531 4782 2597 4837 ad
2628 4783 2935 4839 Salvianum
2964 4785 3264 4855 Stephanus
3287 4787 3531 4842 Baluzius
3560 4787 3660 4860 (a).

2085 4907 2155 4921 —-
2178 4878 2430 4933 Proxime
2468 4878 2674 4934 accedit
2718 4877 2940 4947 Arator,
2970 4879 3147 4935 Nostri
3190 4890 3371 4950 pater,
3402 4895 3561 4951 quem
3601 4881 3658 4938 in

2141 5084 2205 5155 (ὅ)
2239 5084 2314 5156 De
2342 5082 2502 5139 Caus.
2536 5085 2721 5141 amiss.
2754 5087 2950 5153 radic.,
2980 5101 3099 5156 cap.
3131 5086 3219 5141 2L

2096 5223 2109 5235 ,
2138 5154 2379 5235 (Ῐ),γί(19
2408 5166 2585 5211 notata
2624 5158 2689 5213 ad
2718 5159 2842 5235 _l_ih._
2877 5175 2924 5235 ι,
2958 5154 3082 5217 1ὓ9.
3113 5157 3306 5215 Confer
3340 5155 3388 5213 J.
3422 5156 3488 5215 G.
3513 5157 3653 5217 Vos-

2065 5225 2201 5278 sium
2234 5225 2405 5280 lnstit.
2437 5239 2573 5282 orat.
2602 5244 2674 5293 tv,
2708 5229 2797 5293 11,
2830 5230 2946 5283 init.

2137 5296 2213 5367 (lc)
2238 5297 2465 5352 Inferius
2495 5303 2560 5353 ad
2592 5300 2686 5353 lib.
2720 5315 2777 5363 ιι,
2805 5315 2885 5354 vs.
2914 5300 3038 5355 891.

2139 5368 2418 5448 (ίλῼρηῐθις
2434 5370 2586 5448 toan.
2622 5370 2895 5427 Francisc.
2912 5371 3187 5430 Buddeum
3206 5371 3406 5448 lsagog.
3430 5382 3560 5431 tom.
3583 5370 3649 5443 ll,

2067 5450 2122 5505 p.
2156 5438 2292 5493 mo
2318 5451 2372 5494 et
2398 5443 2556 5496 nso.
3228 5468 3241 5483 ι

2140 5509 2380 5587 (m)_Act.
2406 5512 2563 5565 liuer.
2591 5512 2695 5566 vol.
2728 5512 2791 5587 ν,
2826 5522 2961 5584 part.
2986 5530 3027 5583 ι,
3056 5530 3110 5587 p.
3141 5514 3229 5573 H.

2165 5582 2221 5651 η)
2248 5581 2363 5653 Lib.
2398 5598 2582 5647 xxvm,
2614 5597 2733 5653 cap.
2762 5586 2819 5639 2.

2165 5584 2221 5651 η)
2248 5584 2363 5637 Lib.
2398 5598 2582 5647 xxvm,
2614 5597 2733 5653 cap.
2762 5586 2819 5639 2.
3058 5584 3075 5587 ’

2137 5584 2212 5725 ἑο)
2244 5652 2300 5710 lu
2328 5658 2467 5709 notis
2493 5654 2559 5713 ad
2581 5653 2670 5711 lib.
2705 5670 2778 5714 vn
2805 5656 2872 5712 de
2895 5655 3127 5720 Gubern.
3164 5659 3276 5718 Dei,
3310 5675 3363 5722 ρο
3387 5650 3510 5710 διε.

2076 5745 2086 5757 θ
