4046 6526
327 404 399 467 ιο
1160 351 1193 355 μ
1463 403 1532 462 ιι.
1571 402 1622 464 ι.
1662 398 1925 462 unum

2059 399 2458 461 PREFATIO.
3012 348 3020 354 ⁵
3524 400 3602 466 50

325 520 537 593 Liguria
571 514 768 576 vixisse
795 512 1038 589 suspicor
1059 556 1075 586 ,
1107 515 1372 582 celebrem
1403 530 1534 572 vero
1561 515 1822 573 facundiae
1851 523 1902 571 et
1933 516 1985 578 Α
2010 514 2173 569 Paret
2214 512 2396 585 itaque
2439 511 2607 580 satis;
2651 509 2708 569 ni
2760 510 2944 585 lallor,
2981 527 3014 573 ο
3053 514 3268 589 Liguria
3304 516 3597 579 oriundum

324 614 642 672 eruditionis
676 612 830 668 laude
875 614 1071 680 fuisse;
1114 612 1269 667 testis
1316 620 1398 667 est
1444 610 1800 675 Athalaricus,
1838 610 1906 664 ad
2006 606 2196 676 fuisse,
2223 615 2277 661 et
2321 608 2458 663 forte
2499 623 2609 663 non
2656 609 2797 665 male
2841 610 3197 667 Mediolanum
3228 613 3331 684 ipsi
3368 616 3599 685 patriam

324 704 577 762 Nostrum
604 705 843 759 scribens
874 702 950 773 (α)
986 722 998 759 :
1027 700 1279 757 Genitoris
1300 702 1424 772 quin
1447 702 1602 755 etiam
1630 700 1702 753 tui
1723 704 1906 770 facun-

325 800 415 855 dia
444 810 491 855 et
519 800 745 855 moribus
771 799 1035 868 adjuvaris
1057 840 1075 866 ,
1116 802 1263 870 cujus
1290 808 1337 853 te
1369 798 1628 869 eloquium
1657 805 1906 852 instruere

324 894 521 967 potuit,
550 894 752 947 etiamsi
779 892 919 947 libris
948 903 1168 947 ueterum
1193 908 1297 946 non
1321 907 1571 946 vocasses.
1602 890 1727 945 Erat
1752 891 1908 958 enim,

326 997 385 1041 ut
404 987 610 1050 scimus,
635 985 830 1057 egregie
844 985 1024 1039 litteris
1046 985 1295 1039 eruditus.
1322 984 1391 1039 Et
1421 984 1614 1040 deinde
1645 1002 1658 1039 :
1686 983 1911 1039 Paterno

326 1075 484 1145 igitur
502 1075 735 1146 exentplo
758 1076 1019 1144 ingenium
1045 1075 1331 1129 extendisse
1355 1075 1640 1129 credendus
1670 1091 1744 1131 es.

403 1166 517 1222 Tali
542 1175 693 1236 patre
730 1177 887 1220 natus
918 1166 1015 1221 fuit
1042 1176 1195 1235 poeta
1223 1175 1427 1231 noster,
1458 1176 1689 1221 exeunte
1718 1164 1917 1222 saeculo

327 1273 383 1323 ν,
430 1259 570 1327 quod
616 1258 909 1314 nativitatis
940 1268 1149 1328 tempus
1187 1275 1251 1315 eo
1297 1260 1398 1315 erit
1446 1260 1667 1327 certius,
1703 1260 1749 1315 si
1788 1274 1917 1316 vera

332 1350 610 1419 scripserit
639 1349 1063 1420 Hoogstratenus
1113 1352 1221 1423 (b),
1273 1352 1661 1418 Laurentium,
1711 1352 1918 1422 episco-

331 1458 459 1513 pum
491 1442 963 1513 Mediulanensem,
995 1446 1133 1514 apud
1167 1459 1323 1513 quem
1371 1443 1565 1498 Arator
1613 1454 1731 1513 post
1773 1457 1919 1497 mor-

331 1542 446 1589 tem
472 1537 634 1602 patris
659 1536 753 1590 l’uit
781 1536 1060 1601 educatus,
1090 1550 1230 1589 anno
1257 1534 1362 1590 501
1388 1535 1715 1603 eXSpirasse.
1750 1535 1920 1589 Acce-

332 1624 413 1679 dit
449 1635 705 1695 prteterea
747 1627 995 1681 eumdem
1037 1627 1147 1695 jam
1188 1625 1349 1679 variis
1394 1626 1561 1680 fuisse
1609 1624 1914 1680 muneribus

332 1716 572 1773 functum
598 1729 720 1774 ante
748 1734 944 1773 annum
974 1718 1101 1784 544,
1126 1733 1232 1789 quo
1253 1734 1469 1773 carmen
1494 1718 1682 1787 Vigilio
1707 1717 1917 1784 obtulit,

333 1819 393 1864 et
420 1810 615 1864 talibus
642 1810 883 1880 quidem,
906 1826 1025 1879 qua:
1047 1812 1351 1879 junioribus
1378 1812 1466 1865 vix
1498 1812 1781 1866 commissa
1804 1824 1921 1865 cre-

336 1898 470 1967 das;
500 1900 642 1955 unde
686 1916 792 1955 non
841 1902 980 1956 male
1026 1903 1156 1957 mibi
1200 1904 1453 1959 videntur
1491 1904 1565 1958 illi
1595 1905 1793 1960 sentire
1831 1904 1919 1974 qui

336 2004 482 2047 anno
522 1993 627 2049 490
674 2004 853 2049 natum
898 1994 1171 2050 afﬁrmant
1214 1997 1313 2067 (c).
1362 1997 1472 2052 Hoc
1510 1999 1698 2053 saltem
1730 1997 1924 2068 majori

336 2082 458 2154 jure
475 2084 871 2155 constituerim,
896 2102 1055 2157 quam
1078 2088 1305 2144 alterum
1332 2090 1483 2157 illud,
1515 2091 1654 2158 quod
1685 2090 1925 2145 nonnulli

341 2175 648 2232 Ravennam
682 2180 857 2234 natale
888 2180 987 2248 ipsi
1018 2181 1190 2235 solum
1218 2182 1489 2237 vindicant
1520 2184 1624 2253 (d).
1657 2183 1925 2238 Ravenna

342 2266 507 2324 fuisse
536 2284 656 2324 cum
688 2271 979 2328 Parthenio
1001 2312 1016 2338 ,
1058 2282 1204 2342 patet
1235 2290 1300 2330 ex
1329 2274 1552 2346 epistola
1578 2276 1644 2330 ad
1677 2275 1923 2332 eumdem

340 2360 535 2430 scripta
565 2361 635 2435 (e)
671 2379 687 2416 :

433 2468 774 2543 His-quoniam
794 2473 999 2543 Laribus
1021 2476 1313 2543 tenebamur
1338 2479 1387 2528 in
1413 2481 1539 2543 urbe
1554 2477 1829 2543 Ravennae,

424 2580 427 2581 ν
494 2534 686 2596 Hospes
711 2538 849 2586 hians
868 2540 1085 2601 aderam,
1112 2548 1253 2589 nocte
1275 2541 1482 2601 dieque,
1510 2542 1616 2589 tibi.

346 2614 454 2671 Sed
505 2628 686 2674 natum
744 2621 855 2674 illic
887 2622 1051 2678 fuisse
1094 2623 1224 2677 mihi
1280 2624 1518 2677 nondum
1571 2625 1767 2695 liquet,
1798 2624 1929 2695 quin

345 2710 524 2779 potius
546 2726 761 2780 prorsus
788 2728 894 2767 non
922 2713 979 2767 lit
1004 2714 1332 2780 verosimile,
1368 2715 1628 2785 siquidem
1676 2716 1929 2772 Ravenna

347 2801 607 2855 remotior
633 2804 704 2857 sit
730 2818 759 2857 a
786 2803 998 2876 Liguria
1022 2846 1038 2872 ,
1083 2806 1174 2861 ubi
1213 2816 1419 2876 patrem
1468 2808 1669 2864 vixisse
1693 2812 1933 2880 suspica-

347 2888 482 2956 bar,
516 2903 826 2965 pactamque
871 2900 924 2951 in
952 2898 1124 2953 lucem
1151 2899 1383 2955 arbitror
1409 2900 1630 2956 editum.
1670 2900 1934 2974 Georgius

346 2982 559 3052 quidem
604 2986 879 3043 Fabricius
914 2989 981 3059 (f)
1012 2991 1246 3045 nondum
1283 2991 1480 3046 lectum
1532 2994 1694 3049 fuisse
1724 2994 1931 3067 scribit,

346 3088 447 3143 qua
481 3076 649 3143 patria
679 3078 874 3135 Arator
913 3081 1110 3147 fuerit,
1157 3083 1343 3138 Italum
1377 3093 1553 3141 tamen
1600 3086 1769 3143 fuisse
1800 3088 1933 3144 alios

346 3166 576 3233 Opinari.
604 3166 731 3236 Sed,
761 3171 813 3225 ui
843 3170 1013 3236 fallor.
1040 3174 1308 3244 Liguriam
1339 3176 1435 3246 ipsi
1480 3177 1707 3247 patriam
1754 3180 1933 3235 tribuit

348 3257 705 3329 Athalaricus,
747 3265 886 3333 apud
928 3266 1303 3324 Cassiodorum
1354 3269 1430 3343 (g)
1479 3272 1551 3326 ita
1594 3272 1838 3327 scribens
1868 3273 1933 3327 ad

2010 698 2287 754 constituit
2329 699 2382 752 in
2436 698 2609 753 lexico
2654 699 3111 769 lloogstratenus,
3168 707 3310 771 quod
3350 712 3407 760 et
3457 704 3600 760 idem

2011 790 2311 859 suspicatus
2351 798 2432 845 est
2478 790 2672 846 Saxius
2699 793 2794 865 (j),
2828 793 2979 862 cujus
3019 794 3251 862 suspicio
3281 809 3348 849 eo
3386 794 3605 863 quidem

2012 879 2076 935 ﬁt
2099 880 2466 950 verisimilior,
2498 881 2542 934 si
2573 882 2930 938 Mediolanum
2960 884 3024 939 ad
3057 885 3328 954 Liguriam
3374 884 3603 956 referas,

2014 987 2135 1029 cum
2164 973 2405 1041 ejusdem
2455 974 2722 1029 interdum
2776 979 3087 1047 metropolis
3126 980 3355 1034 dicatur.
3407 1009 3477 1020 —-
3526 979 3609 1035 In-

2015 1063 2235 1119 fantiam
2260 1066 2499 1120 Aratoris
2531 1066 2826 1121 celebravit
2858 1068 3134 1123 Eunodius
3154 1114 3168 1134 ,
3203 1070 3304 1137 ipsi
3346 1070 3610 1126 amicissi-

2017 1156 2323 1225 mus,cujus
2346 1157 2441 1210 tria
2474 1166 2762 1226 supersunt
2788 1156 2862 1211 De
2889 1158 3100 1228 ﬂagello
3123 1160 3339 1214 infantis
3366 1160 3608 1216 Aratoris

2019 1250 2400 1319 epigrammata
2443 1250 2522 1319 (k)
2549 1293 2564 1318 ,
2616 1266 2888 1320 unumque
2933 1250 2986 1305 in
3029 1255 3195 1321 ipsius
3251 1254 3478 1308 natalem
3512 1254 3609 1324 (ι).

2022 1338 2087 1394 Ει
2127 1339 2179 1391 in
2226 1337 2326 1393 ltac
2373 1338 2586 1407 quidem
2621 1348 2778 1393 aetate
2804 1380 2818 1404 ,
2860 1338 3029 1401 prima
3076 1356 3221 1396 certe
3257 1344 3500 1411 pueritia,
3531 1344 3614 1397 vi-

2022 1427 2177 1482 delur
2207 1429 2409 1496 optimo
2440 1437 2660 1497 parente
2695 1429 2943 1494 orbatus,
2976 1430 3114 1499 quod
3158 1433 3450 1487 verositntli
3480 1448 3612 1488 con-

2018 1520 2224 1590 jectura
2252 1521 2376 1576 inde
2396 1524 2688 1589 constituo,
2718 1523 2837 1593 quia
2871 1525 3009 1591 apud
3044 1525 3341 1579 Ennodium
3368 1527 3493 1596 (ιιι),
3520 1523 3612 1581 ubi

2024 1615 2091 1671 de
2124 1616 2221 1671 hac
2245 1617 2413 1685 patris
2446 1627 2616 1671 morte
2640 1618 2785 1687 agit,
2816 1629 3097 1686 susceptus
3127 1619 3323 1672 dicitur
3351 1620 3545 1673 Arator
3581 1632 3615 1673 τι
3714 1666 3715 1669 η

2023 1709 2352 1777 Laurentio,
2394 1711 2798 1779 archiepiscopo
2825 1708 3228 1764 Mediolanensi.
3274 1708 3427 1778 Apud
3472 1708 3615 1764 ltunc

2026 1802 2203 1871 itaque
2233 1802 2490 1856 educatus
2520 1812 2604 1857 cst
2627 1844 2642 1869 ,
2684 1814 2934 1873 tanquam
2969 1814 3231 1866 tutorem;
3265 1819 3324 1857 ea
3360 1803 3502 1857 enim
3533 1808 3620 1857 est

2026 1900 2119 1948 τοῦ
2149 1895 2402 1964 suscipere
2428 1897 2574 1949 notio
2598 1892 2704 1965 (n);
2728 1897 2865 1965 quod
2900 1911 3005 1949 non
3033 1911 3166 1965 OpllS
3193 1894 3401 1959 fuisset,
3429 1895 3474 1948 si
3499 1894 3617 1962 ipse

1959 1974 2005 2035 Β
2032 2008 2126 2062 per
2155 2004 2365 2048 aetatem
2393 2010 2513 2050 sese
2554 1996 2690 2049 tueri
2734 2004 2790 2051 et
2818 1995 3111 2052 defendere
3142 1998 3421 2066 potuisset.
3453 1995 3619 2049 Forte

2028 2088 2147 2157 quis
2177 2088 2427 2157 conjiciat
2457 2098 2657 2158 patrem
2682 2090 2857 2144 adhuc
2882 2090 3080 2143 vixisse
3106 2104 3225 2143 eum
3252 2091 3444 2142 Arator
3476 2087 3620 2142 litte-

2029 2194 2209 2233 rarum
2251 2180 2441 2233 studiis
2480 2195 2698 2249 operam
2732 2180 2904 2247 daret,
2950 2196 3018 2235 ex
3054 2182 3134 2234 bis
3178 2179 3469 2234 Atltalarici
3501 2194 3623 2233 ver-

2027 2270 2111 2327 bis
2137 2270 2213 2343 (0)
2250 2289 2264 2324 :
2299 2271 2557 2326 Genitoris
2583 2273 2859 2341 quinetiam
2896 2274 2972 2327 tui
3020 2273 3265 2343 fat-undia
3306 2283 3351 2327 et
3392 2272 3624 2325 moribus

2027 2364 2316 2432 adiuveris,
2362 2365 2506 2435 cujus
2538 2373 2583 2415 te
2626 2362 2882 2431 eloquium
2913 2365 3163 2416 instruere
3196 2363 3382 2431 potuit,
3424 2362 3625 2416 etiamsi

2031 2455 2174 2509 libris
2197 2466 2416 2509 ueterum
2444 2474 2545 2510 non
2569 2472 2819 2510 vocasses.
2842 2455 2967 2509 Erat
2999 2457 3154 2517 enim,
3174 2464 3226 2509 ut
3257 2456 3462 2520 scimus,
3482 2470 3626 2527 egre-

2030 2547 2112 2616 gie
2136 2548 2321 2601 litteris
2350 2549 2597 2601 eruditus.
2618 2549 2720 2603 Sed
2746 2549 2913 2618 magis
2940 2548 3053 2604 lucc
3079 2550 3345 2618 pertinent
3362 2548 3425 2602 ad
3444 2564 3628 2602 exem-

2033 2639 2176 2709 plum
2205 2655 2271 2694 ex
2303 2641 2492 2709 patris,
2518 2642 2623 2695 vita
2657 2642 2843 2706 functi,
2870 2640 3106 2695 moribus
3131 2650 3289 2710 atque
3320 2640 3627 2711 eloquentia

2034 2731 2377 2801 capiendum,
2401 2734 2540 2802 quod
2564 2734 2753 2788 sedulo
2782 2735 3108 2798 imitaretur;
3136 2734 3189 2788 in
3217 2734 3460 2788 facunda
3477 2741 3630 2789 certe

2036 2822 2355 2877 addiscenda
2386 2840 2491 2879 non
2521 2841 2678 2879 usum
2711 2824 2876 2879 fuisse
2907 2827 3073 2895 patris
3104 2826 3408 2897 praeceptis,
3439 2842 3507 2882 ex
3536 2840 3627 2882 so-

2035 2918 2323 2987 quentibus
2348 2916 2645 2988 apparebit.
2664 2947 2733 2958 —
2752 2918 2885 2971 Cum
2910 2934 3039 2972 vero
3071 2920 3235 2973 lortes
3254 2927 3506 2973 creentur
3522 2918 3631 2973 for-

2036 3006 2178 3061 tibus
2208 3014 2263 3062 et
2305 3007 2480 3075 bonis,
2529 3009 2607 3062 sic
2636 3023 2849 3077 quoque
2878 3008 3077 3063 Arator
3115 3009 3418 3077 exprimere
3459 3006 3630 3063 voluit

2037 3108 2180 3163 illius
2210 3108 2503 3178 exemplar,
2535 3109 2618 3163 cui
2653 3122 2841 3163 natura
2873 3109 3016 3163 illum
3042 3110 3281 3163 voluerat
3307 3122 3429 3165 esse
3451 3108 3628 3163 simil-

2038 3199 2249 3263 limum.
2279 3208 2336 3254 ut
2363 3199 2431 3255 de
2461 3198 2668 3254 Geuiali
2699 3216 2795 3253 suo
2829 3200 3099 3255 scribebat
3124 3200 3324 3254 Plinius
3356 3202 3461 3269 (p).
3497 3200 3633 3254 Eru-

2037 3290 2255 3345 ditiouis
2301 3306 2532 3360 namque
2565 3302 2801 3358 paternae
2834 3292 3077 3346 laudibus
3126 3293 3428 3346 stimulatus
3458 3300 3629 3347 totum

350 3347 627 3408 Aratorem
661 3370 677 3409 :
708 3355 999 3412 Romanum
1032 3362 1249 3433 denique
1286 3364 1541 3429 eloquium
1571 3380 1674 3420 non
1712 3368 1819 3419 suis
1846 3382 1925 3420 re-

2036 3396 2096 3436 se
2124 3382 2419 3435 litterarum
2447 3347 2642 3434 studiis
2661 3381 2897 3447 tradidit,
2920 3396 3045 3435 usus
3062 3382 3340 3451 disciplina
3368 3382 3630 3454 Deuterii,

353 3444 581 3511 gionibus
605 3447 861 3518 inuenisti,
903 3460 953 3504 et
1001 3452 1071 3505 ibi
1110 3461 1159 3507 te
1202 3453 1447 3509 Tulliana
1493 3455 1643 3510 lectio
1686 3456 1932 3512 disertum

353 3533 611 3603 reddidit,
640 3537 728 3592 ubi
751 3542 1012 3609 quondam
1059 3541 1262 3598 Gallica
1311 3546 1489 3617 lingua
1539 3549 1813 3603 resonarit.
1860 3577 1934 3591 -—

351 3620 509 3679 Hittit
546 3639 595 3682 ct
628 3628 848 3701 Liguria
880 3631 1079 3689 Tullios
1116 3652 1256 3693 suos.
1291 3638 1489 3694 Eodem
1532 3649 1587 3695 et
1616 3651 1931 3711 argumento

348 3727 477 3772 usus
515 3728 599 3773 est
644 3720 879 3779 Joannes
922 3726 1176 3783 Albertus
1217 3728 1493 3785 Fabricius
1522 3733 1623 3803 (Is).
1656 3733 1762 3787 Sed
1792 3733 1932 3790 forte

347 3812 467 3879 quis
504 3814 758 3882 conjiciat
803 3819 918 3873 haec
964 3822 1126 3877 verba
1159 3823 1330 3893 magis
1361 3826 1634 3894 pertinere
1657 3826 1723 3880 ad
1753 3826 1931 3882 locum

347 3912 454 3967 quo
490 3902 850 3973 eloquentiam
899 3908 1126 3979 didicit,
1180 3929 1339 3982 quam
1388 3918 1564 3970 natale
1617 3917 1809 3974 solum.
1861 3920 1932 3974 At

348 4002 477 4043 vero
506 3991 613 4047 duo
641 3996 770 4049 mihi
800 3998 1128 4067 signiﬁcasse
1159 4004 1371 4059 videtur
1399 4007 1757 4076 Atbalaricus,
1792 4009 1930 4065 Ara-

351 4085 519 4136 torem
574 4084 786 4152 iugenio
838 4087 1004 4144 fuisse
1063 4092 1199 4146 adeo
1255 4094 1441 4165 felici,
1505 4106 1563 4152 ut
1627 4100 1932 4169 eloquentia

349 4176 676 4243 prastiterit,
710 4178 834 4234 licet
864 4182 1047 4238 Romae
1076 4202 1180 4240 non
1210 4186 1468 4244 formatus
1497 4201 1699 4259 orator,
1724 4202 1778 4249 et
1806 4194 1931 4251 inde

347 4275 609 4333 apparere
637 4285 668 4325 e
690 4271 903 4342 Liguria
933 4292 1143 4348 quoque
1184 4282 1470 4348 provenire
1502 4288 1733 4353 potuisse
1758 4288 1932 4342 homi-

347 4368 445 4409 nes
475 4360 962 4431 eloquentissimos.
991 4369 1166 4438 lpsum
1193 4374 1319 4428 illud
1350 4376 1571 4430 verbum
1617 4380 1812 4432 mittere
1835 4395 1933 4434 na-

348 4445 467 4501 talis
486 4451 586 4504 soli
618 4453 815 4512 habere
833 4458 1041 4514 videtur
1070 4463 1345 4519 indicium.
1376 4468 1688 4533 Opportune
1712 4485 1933 4526 succur-

344 4536 671 4632 runtLatiui
705 4542 882 4597 l’acati
922 4548 1086 4599 verba
1134 4550 1193 4615 (ἱ)
1234 4565 1249 4601 :
1300 4550 1427 4602 Hac
1473 4553 1792 4625 (Hispania)
1835 4560 1934 4611 du-

345 4624 574 4715 rissimos
628 4629 848 4699 milites,
908 4632 1016 4685 lucc
1065 4636 1523 4705 experientissimos
1578 4624 1779 4715 duces,
1824 4646 1934 4702 luet:

345 4710 744 4780 facundissimos
784 4729 1029 4791 oratores,
1074 4727 1182 4780 ntec
1230 4728 1539 4788 clarissimos
1583 4746 1717 4790 vates

344 4801 453 4856 luet:
491 4806 719 4871 iudicum
767 4824 950 4882 mater,
999 4815 1107 4871 Ittec
1148 4820 1439 4893 principum
1481 4835 1597 4893 est;
1645 4801 1762 4884 Ittec-
1798 4801 1930 4887 Tra;

334 4895 522 4965 janum
547 4898 694 4952 illum
716 4942 731 4969 ,
761 4901 871 4957 lucc
898 4906 1131 4981 deinceps
1157 4911 1490 4970 Hadrianum
1529 4921 1665 4975 misit
1689 4922 1925 4995 imperio.

417 5011 494 5101 ςει)
522 5014 673 5101 apud
705 5018 1008 5101 Cassiodor.
1038 5027 1249 5090 Variar.
1283 5049 1396 5101 vttt,
1426 5034 1516 5092 12.

419 5084 496 5154 (ὁ)
530 5086 584 5138 In
612 5089 803 5155 lexiCo,
840 5108 890 5145 v.
922 5096 1133 5152 Arator.

421 5160 491 5224 (c)
524 5155 761 5213 Luiscius
790 5162 843 5215 in
874 5163 1031 5222 lextc.

419 5226 496 5300 (ιι)
521 5229 675 5300 lloog
707 5241 929 5291 straten.
961 5240 1013 5294 in
1040 5239 1199 5300 lexic.

420 5294 491 5365 (e)
521 5294 690 5353 Versu
718 5303 807 5357 55.

523 5367 961 5461 frigommentar.
992 5379 1048 5437 in
1067 5379 1220 5441 Poet.
1248 5385 1469 5459 Christ.,
1500 5403 1556 5461 p.
1585 5391 1676 5451 11.

418 5436 497 5512 (g)
526 5439 724 5498 Variar.
756 5461 869 5512 vni,
899 5452 987 5506 12.

528 5512 780 5571 Biblioth.
800 5509 951 5622 πιθα.
979 5527 1035 5578 et
1062 5521 1159 5582 inl'.
1189 5538 1360 5599 etab,
1384 5540 1513 5591 tom.
1544 5532 1597 5604 l,
1621 5548 1678 5606 p.
1698 5535 1803 5594 546
1822 5581 1840 5610 ,
1873 5539 1929 5599 in

347 5581 509 5637 notis.

424 5652 491 5735 li).
516 5651 926 5735 Ψηεειτ-ρθρο
958 5662 1012 5731 4,
1047 5663 1074 5735 5
1106 5666 1159 5723 5.

423 5724 743 5811 l‘l_)~P.I“«_t_tl_r':_
768 5730 835 5811 de
875 5724 1313 5811 'S_t_ud._"Mediol.,
1352 5758 1404 5801 c.
1434 5746 1499 5811 5;
1546 5748 1720 5804 locum
1754 5750 1926 5809 debeo

352 5787 1269 5885 geniti;afﬁgi—“gautbergem
1294 5787 1924 5885 ξιεῖἑιιῖίὶιὶὣῖἳοῖῗέἔέ

352 5863 739 5919 voruebmsten
764 5862 1223 5946 Schriltstettet’in',
1237 5862 1730 5956 §;t{.'ii};'5."ib5'.

2038 3473 2371 3545 grammatici
2397 3472 2828 3527 Mediolanensis.
2860 3473 3029 3542 Hujus
3056 3473 3375 3528 auditorium
3399 3489 3520 3528 cum
3548 3474 3631 3531 in-

2039 3563 2375 3636 grederetur,
2402 3562 2699 3630 Ennodius,
2722 3562 2813 3633 qui
2848 3563 3111 3632 praecipue
3143 3565 3353 3619 Aratori
3375 3579 3473 3619 suo
3493 3579 3629 3621 con-

2036 3656 2268 3709 soluisse
2296 3655 2506 3709 videtur
2535 3654 2638 3725 (q),
2679 3652 3043 3722 prmfationem
3073 3654 3280 3720 habuit,
3310 3671 3429 3725 quae
3455 3656 3632 3713 adhuc

2037 3748 2089 3803 in
2116 3747 2282 3818 ipsius
2305 3746 2789 3803 Dictionibusuona
2806 3756 3053 3818 superest
3072 3747 3164 3819 (r).
3201 3748 3370 3819 Ipsius
3397 3748 3630 3806 Enuodii

2037 3857 2198 3911 opera
2227 3842 2279 3895 in
2310 3852 2424 3896 arte
2451 3840 2661 3895 dicendi
2695 3852 2820 3895 tunc
2842 3856 3055 3911 quoque
3084 3841 3248 3896 fuisse
3276 3843 3634 3898 exercitatum

2036 3932 2199 3987 tradit
2219 3933 2454 3987 Joannes
2484 3932 2732 3987 Nicolaus
2765 3932 3029 3990 Funccius
3065 3932 3157 4004 (s).
3181 3962 3251 3975 -—
3281 3934 3481 3989 Tantos
3509 3935 3639 4006 qui-

2038 4023 2183 4088 dem,
2216 4023 2300 4077 ltis
2338 4024 2754 4097 prmceptoribus
2786 4041 2932 4090 usus,
2968 4040 3278 4095 progressus
3308 4026 3450 4094 fecit,
3484 4037 3544 4082 ut
3570 4028 3631 4084 ιιι

2036 4116 2228 4169 Studiis
2256 4116 2550 4170 litterarum
2575 4116 2773 4170 habere
2800 4132 2980 4184 parem
3007 4117 3511 4187 negetAtltalaricus
3537 4120 3626 4191 (εγ.

2039 4204 2117 4259 De
2149 4206 2407 4275 pangendi
2438 4208 2691 4261 carminis
2724 4207 2975 4263 facultate
3002 4209 3256 4278 deinceps
3285 4214 3389 4265 erit
3411 4212 3627 4266 dicendi

2038 4299 2210 4354 locus.
2238 4301 2554 4369 Eloquentia
2576 4300 2744 4371 ipsius
2768 4303 2997 4356 maxime
3030 4302 3127 4356 fuit
3158 4304 3446 4369 celebrata,
3472 4304 3626 4371 cujus

2038 4389 2251 4458 quidem
2294 4392 2435 4444 vires
2463 4406 2526 4444 eo
2574 4391 2731 4444 latius
2771 4393 3044 4459 explicare
3076 4394 3279 4457 potuit,
3322 4405 3426 4457 quo
3456 4391 3625 4459 magis

2040 4490 2229 4530 causas
2269 4480 2320 4531 in
2354 4479 2469 4531 foro
2499 4482 2665 4543 egerit
2702 4481 2922 4531 torrenti
2971 4476 3231 4532 facundiae
3262 4477 3477 4534 ﬂumine
3506 4496 3627 4549 per-

2041 4562 2213 4619 fusus.
2241 4566 2621 4633 Advocationis,
2647 4567 2817 4636 inquit
2842 4568 2907 4621 ad
2940 4583 3061 4623 eum
3084 4570 3325 4626 scribens
3356 4574 3633 4630 Athalari-

2043 4668 2135 4709 cus
2160 4655 2258 4725 (u),
2287 4662 2336 4709 te
2353 4670 2562 4725 campus
2585 4658 2825 4725 exercuit,
2849 4667 2897 4712 te
2906 4660 3097 4730 judicii
3127 4664 3286 4716 nostri
3305 4662 3505 4718 culmen
3524 4666 3629 4719 ele-

1753 4741 1931 4808 parit;
1954 4742 2012 4811 D
2034 4749 2125 4821 git.
2153 4747 2293 4803 Nam
2320 4750 2390 4803 ita
2416 4749 2553 4803 intra
2576 4760 2623 4804 te
2642 4750 2738 4818 fuit
2762 4754 2991 4819 quamvis
3015 4754 3318 4825 [legendum
3347 4766 3476 4825 puto
3496 4773 3629 4826 qua-

2036 4842 2245 4915 rumvis]
2275 4845 2449 4910 ampla
2478 4843 2725 4913 professio
2755 4843 3065 4912 litterarum,
3093 4857 3149 4899 ut
3177 4854 3323 4900 tuum
3344 4848 3412 4901 ibi
3437 4864 3625 4903 conse-

2034 4950 2237 4991 nescere
2277 4951 2377 4989 non
2405 4943 2692 5005 pateremur
2734 4934 3015 5006 ingenium.
3048 4937 3355 5006 Auspicatus
3400 4956 3451 4996 es
3479 4941 3625 4995 mili-

2105 5052 2183 5127 (lt)
2207 5052 2323 5127 Lib.
2356 5069 2392 5108 ιι
2421 5068 2611 5120 carm.,
2635 5055 2801 5124 epigr.
2834 5057 2956 5123 114,
2987 5056 3110 5127 115,
3132 5058 3255 5117 116.

2106 5124 2169 5192 (ι)
2202 5125 2315 5177 Lib.
2347 5140 2408 5188 ιι,
2436 5126 2605 5194 epigr.
2644 5129 2763 5181 tos.

2133 5198 2200 5259 ιιι)
2232 5195 2491 5263 Dictioue,
2522 5200 2636 5251 sive
2658 5199 2896 5253 suasoria
2925 5198 2980 5254 9.

2130 5266 2185 5330 ιι)
2215 5264 2446 5338 Curtius,
2476 5269 2540 5319 ad
2570 5269 2721 5322 Plinii
2745 5273 2898 5338 epist.
2926 5286 2985 5334 ll,
3008 5271 3065 5337 4,
3096 5269 3153 5327 2.

2129 5340 2177 5403 ο)
2206 5337 2359 5409 ᾼμιιᾱ
2388 5336 2691 5393 Cassiodor.
2728 5336 2849 5395 var.
2884 5355 2998 5409 vut,
3033 5336 3121 5397 12.

2130 5408 2185 5474 p)
2216 5406 2336 5463 Lib.
2365 5422 2477 5471 vnt,
2509 5411 2665 5474 epist.
2699 5410 2783 5465 15.

2105 5408 2162 5475 (ρ
2216 5408 2336 5463 Lib.
2365 5422 2477 5471 vin,
2509 5411 2665 5474 epis,"
2699 5410 2783 5465 ,δ’
2984 5408 2989 5409 ,

2105 5408 2185 5601 (ξιξ
2204 5478 2635 5601 εΑΙπιοῑῗίιὲιὲξιὲ.
2655 5479 2819 5601 llo-isse
2845 5490 2993 5552 patet
3024 5497 3093 5539 ex
3121 5480 3215 5539 lib.
3249 5482 3362 5557 νηί1
3388 5486 3549 5558 cpi“.
3580 5483 3623 5548 ι

2032 5552 2089 5601 et
2121 5551 2218 5612 il;
2256 5551 2345 5602 lib.
2380 5564 2452 5613 ιι,
2478 5551 2635 5616 epist.
2665 5551 2716 5604 1.

2103 5616 2175 5689 (r)
2210 5619 2357 5672 Adde
2386 5634 2437 5674 et
2469 5621 2695 5674 Diction.
2728 5622 2813 5679 12.
2849 5622 2939 5687 17,
2966 5623 3055 5680 18.

2106 5692 2173 5765 (_s)
2207 5689 2281 5765 De
2303 5691 2574 5765 decrepita
2589 5691 2658 5765 _L.
2693 5692 2753 5765 L.
2779 5694 3021 5761 Senect.,
3047 5710 3101 5765 p.
3126 5695 3254 5757 245.

2102 5762 2169 5899 ξι)
2199 5760 2353 5828 Apud
2383 5762 2684 5817 tiassiodor.
2719 5764 2844 5820 Var.
2874 5779 2987 5835 Vttt,
3010 5760 3109 5825 1'2.

2128 5830 2186 5899 u)
2214 5831 2548 5899 Cassiodor.,
2581 5834 2634 5888 d.
2660 5834 2698 5891 Ι.

2128 5830 2186 5901 u)
2214 5831 2548 5902 Cassiodor.,
2581 5834 2634 5888 d.
2660 5834 2698 5891 Ι.
