4038 6350
468 348 529 413 51
1941 341 2051 397 ARl

2154 340 2240 397 ιιι.
3655 348 3725 404 52

467 467 563 513 tem
583 455 682 527 (a),
714 472 827 511 Ctlm
865 457 1073 525 implere
1102 457 1323 526 potueris
1354 454 1678 525 cognitorem.
1711 448 1776 505 Et
1806 450 2034 521 quamvis
2058 454 2115 516 Λ
2141 451 2437 517 sustinenti,
2483 467 2600 521 quin
2629 449 2925 522 Ludewigii
2953 458 3037 507 est
3076 453 3341 511 sententia
3379 454 3482 528 (lt).
3519 458 3727 531 Sequor

468 546 685 602 traheret
732 556 775 599 te
805 546 1083 616 eloquentia
1120 563 1211 617 pro
1241 546 1531 617 defensione
1572 543 1754 609 dicere,
1788 543 2034 600 suadebat

468 648 633 693 tamen
662 640 869 708 (equites
891 638 1177 709 jndicanda
1206 638 1450 708 proferre.
1486 634 1764 689 Probatum
1791 643 1881 699 est,
1910 636 2039 708 quid

465 733 704 789 utilitatis
726 733 901 786 habeat
932 734 1148 786 moribus
1173 738 1365 785 armata
1396 730 1661 800 facundia.
1683 727 1915 785 Tantum
1946 745 2040 784 au-

466 834 573 881 tem
604 825 898 881 eruditione
918 835 973 882 et
995 824 1188 894 ingenii
1208 822 1419 878 dotibus
1438 822 1610 877 virum
1640 822 2043 887 ornatissimum

465 919 532 974 ad
554 932 791 975 summos
821 919 1049 974 honores
1077 916 1346 972 admoveri
1373 916 1589 985 jubebat
1617 917 1729 987 ipsa
1753 918 1831 973 rei
1859 917 2040 988 publi-

467 1024 543 1066 ca:
571 1011 735 1067 salus.
768 1012 1084 1066 Primazvum
1124 1010 1189 1064 ad
1231 1023 1320 1065 eos
1347 1008 1455 1077 jam
1483 1012 1795 1083 pervenisse
1818 1016 2043 1067 testatur

465 1100 801 1157 Athalaricus
842 1101 938 1171 (b).
986 1100 1088 1170 Ipsi
1131 1099 1436 1155 Athalarico
1478 1102 1641 1158 fuisse
1669 1118 1699 1156 a
1731 1100 1922 1156 tabulis
1951 1116 2042 1157 se-

466 1194 779 1249 cretioribus
795 1193 978 1249 scribit
995 1193 1439 1262 lloogstratcnns,
1459 1200 1512 1248 et
1532 1209 1595 1249 ex
1612 1208 1677 1249 eo
1693 1192 1930 1248 Luiscius
1946 1190 2041 1263 (c);

467 1287 559 1343 sed
581 1302 682 1359 qua
707 1285 759 1341 id
782 1286 873 1340 ﬁat
897 1286 1207 1341 auctoritate
1236 1300 1324 1343 me
1352 1289 1596 1358 ignorare
1617 1286 1805 1341 fateor.
1837 1284 2046 1341 Certius

467 1386 547 1431 est
577 1377 892 1447 legationem
935 1391 1030 1445 pro
1062 1376 1318 1433 Dalmatis
1346 1378 1545 1434 obiisse
1574 1378 1638 1432 ad
1666 1392 1843 1447 regem
1871 1376 2046 1433 Theo-

465 1471 722 1539 dericum,
746 1487 908 1546 quam
932 1472 997 1530 ad
1016 1488 1216 1529 annum
1241 1474 1344 1528 526
1373 1472 1537 1528 refert
1564 1472 1826 1528 Funccius
1856 1471 1959 1542 (ιι),
1993 1481 2048 1527 at

467 1581 598 1621 vero
644 1568 709 1621 ad
754 1582 950 1622 annum
996 1566 1099 1623 527
1128 1566 1521 1635 llambergerus
1551 1564 1620 1638 (e)
1648 1605 1661 1629 ,
1696 1573 1918 1632 uterque
1942 1603 1958 1631 ,
1990 1570 2048 1619 ut

469 1660 598 1713 mihi
628 1658 843 1729 quidem
869 1658 1097 1722 videtur,
1128 1671 1196 1713 ex
1225 1657 1554 1727 conjectura,
1583 1672 1682 1713 nec
1708 1664 1885 1711 tamen
1916 1654 2046 1711 satis

467 1758 633 1804 certa.
668 1749 880 1805 Funccii
926 1749 1107 1819 opinio
1140 1749 1490 1820 probabilior,
1538 1750 1583 1805 si
1628 1748 1693 1804 ad
1725 1748 2045 1818 principium

2145 557 2321 602 tamen
2366 548 2464 602 hac
2509 546 2563 601 in
2592 562 2751 603 causa
2793 548 2968 617 potius
2996 548 3148 604 Joan.
3198 549 3531 611 Fridericum
3574 555 3724 613 Bud-

2143 638 2301 693 deum
2336 638 2419 709 (ἱ),
2451 639 2591 693 circa
2627 653 2824 695 annum
2862 640 2965 695 551
2996 641 3095 695 hoc
3126 640 3323 697 factum
3359 646 3722 719 scribentem;

2143 732 2267 786 licet
2290 732 2463 799 ipsum
2492 732 2630 788 hunc
2654 748 2852 788 antrum
2873 733 3162 790 constituat
3187 735 3583 808 Hambergerus
3604 741 3723 813 (j);

2144 825 2284 901 quod
2316 825 2360 879 si
2400 839 2584 880 verum
2611 825 2701 892 sit,
2733 841 2837 880 non
2882 825 2971 881 diu
3008 836 3133 883 ante
3162 838 3389 886 mortem
3430 831 3725 891 Athalariei

2147 914 2245 969 hoc
2285 915 2573 985 contigisse
2602 914 2885 971 dicendum
2926 925 3026 985 est,
3076 918 3168 989 qui
3208 918 3400 977 eodem
3429 935 3571 981 anno
3598 923 3727 987 tabe

2143 1007 2415 1063 confectus
2444 1047 2459 1074 ,
2494 1007 2788 1063 octodecim
2831 1016 3034 1064 tantum
3081 1026 3251 1068 annos
3280 1022 3437 1069 natus
3477 1016 3725 1085 exspirao

2143 1099 2217 1161 vit
2244 1099 2337 1168 (Ir).
2371 1100 2485 1169 Ipsa
2517 1110 2693 1154 autem
2726 1098 3036 1167 Athalarici,
3066 1102 3171 1169 vel,
3200 1103 3247 1159 si
3288 1108 3477 1173 mavis,
3509 1107 3723 1164 Amala-

2143 1190 2350 1245 suntba:
2391 1191 2489 1245 hac
2527 1190 2593 1245 de
2636 1203 2695 1245 re
2723 1191 2946 1259 epistola
2980 1203 3224 1261 superest
3266 1196 3406 1265 apud
3432 1196 3727 1256 Cassiodo-e

2148 1298 2265 1339 rum
2296 1282 2382 1355 (ι),
2413 1284 2502 1338 ubi
2545 1284 2684 1338 inter
2708 1284 2841 1338 alia:
2875 1283 3016 1339 Hinc
3044 1296 3135 1355 est,
3182 1287 3373 1357 inquit,
3400 1290 3538 1360 quod
3564 1300 3613 1346 ts
3636 1306 3727 1348 ee-

2144 1378 2332 1432 mitiva:
2359 1378 2747 1432 domesticorum
2772 1376 3085 1433 illustratum
3106 1377 3299 1435 honore
3323 1380 3644 1451 decoram,
3667 1391 3724 1439 ut

2147 1470 2306 1524 multo
2334 1471 2536 1541 majora
2565 1472 2627 1522 de
2647 1470 2830 1524 nostris
2858 1470 3039 1526 debeas
3065 1488 3274 1540 sperare
3292 1473 3527 1544 iudiciis,
3557 1475 3641 1543 qui
3669 1476 3725 1529 in

2149 1573 2194 1617 te
2222 1564 2391 1618 adhuc
2420 1564 2630 1628 meliora
2658 1566 2909 1620 credimus
2952 1566 3186 1621 inveniri.
3218 1567 3424 1624 Grande
3453 1570 3545 1625 tibi
3571 1586 3728 1643 nego—

2149 1656 2275 1710 tium
2298 1656 2436 1711 vides
2462 1672 2568 1711 esse
2598 1657 2938 1712 commissum.
2968 1658 3269 1717 Posteriora
3298 1661 3416 1716 hac
3439 1660 3608 1718 lucem
3635 1676 3728 1718 ac-

2149 1747 2353 1815 cipiunt
2394 1762 2460 1803 ex
2487 1746 2551 1803 iis
2580 1764 2697 1818 quae
2726 1748 2791 1804 de
2831 1748 2935 1806 hoc
2970 1765 3193 1807 munere
3221 1751 3475 1809 disseruit
3497 1752 3731 1812 Jaoobue

469 1840 594 1895 anni
623 1840 725 1897 526
749 1840 971 1907 referas;
996 1850 1048 1896 at
1066 1841 1157 1896 illa
1178 1841 1520 1913 Hambergeri
1545 1854 1761 1910 prorsus
1794 1855 1897 1895 non
1930 1854 2045 1909 pro-
2075 1831 2121 1892 B
2150 1837 2433 1896 Gutherius
2462 1840 2557 1912 (ιιι)
2588 1848 2643 1897 et
2665 1840 2909 1898 Valesius
2933 1840 3043 1913 (n);
3068 1843 3180 1912 ipsa
3208 1852 3386 1900 autem
3410 1845 3571 1901 verba
3602 1860 3730 1917 pro-

469 1934 627 1998 cedit,
662 1949 781 1988 cum
822 1934 1185 1989 Theodericus
1223 1934 1331 2004 jam
1369 1947 1507 1987 anno
1534 1931 1637 1987 526
1668 1931 1809 1987 diem
1853 1931 2048 1986 obierit

467 2043 795 2098 supremum,
814 2043 995 2083 mense
1010 2029 1269 2097 Augusto,
1294 2028 1376 2083 vel
1399 2027 1613 2082 ineunte
1629 2026 1929 2097 Septembri
1950 2024 2013 2096 (Γ)
2030 2066 2044 2092 ,

466 2120 657 2175 relicto
703 2121 927 2190 imperio
972 2123 1149 2189 nepoti
1178 2120 1486 2175 Athalarico
1511 2164 1525 2188 ,
1579 2120 1796 2174 tutelam
1826 2127 2047 2188 gerente

428 2194 435 2200 ’
468 2210 875 2279 Amalasuntha,
896 2210 1211 2267 Theoderici
1236 2210 1365 2265 filia.
1388 2211 1624 2277 Quantas
1643 2224 1771 2265 vero
1793 2210 2047 2279 eloquen-

465 2304 556 2359 tiae
587 2302 768 2358 laudes
789 2301 913 2357 inde
945 2303 1142 2369 tulerit,
1166 2318 1271 2359 non
1293 2303 1528 2371 apertius
1551 2316 1708 2372 quam
1738 2301 1867 2372 ipsis
1883 2300 2049 2356 Atha-

468 2394 618 2450 larici
646 2395 824 2451 verbis
846 2396 1046 2465 exponi
1077 2404 1281 2463 potest:
1302 2394 1409 2451 Sed
1440 2403 1512 2464 ut,
1540 2394 1726 2466 inquit,
1760 2393 1939 2447 merita
1962 2402 2050 2446 tua

466 2486 709 2557 exernplis
736 2487 901 2558 potius
942 2486 1283 2542 laudabilzbus
1314 2502 1618 2554 asseramus,
1636 2488 1790 2559 juvat
1828 2494 2052 2554 repetere

470 2594 764 2650 pomposam
792 2580 1095 2650 legaticum
1118 2622 1135 2644 ,
1166 2596 1317 2650 quam
1337 2596 1438 2634 non
1470 2579 1819 2635 communibus
1848 2578 2049 2650 verbis,

467 2670 557 2727 sed
585 2671 793 2725 torrenti
821 2670 1122 2742 eloquentia:
1139 2673 1352 2741 ﬂumine
1375 2673 1629 2742 peregisti.
1660 2670 1897 2727 Directus
1918 2671 2051 2726 enim

469 2764 531 2817 de
561 2763 787 2833 partibus
814 2763 1186 2818 Dalmatiarum
1213 2768 1281 2818 ad
1317 2765 1579 2820 dominum
1623 2782 1775 2820 avum
1800 2774 2048 2831 nostrum,

456 2857 540 2933 sic
569 2857 886 2911 necessitates
912 2856 1323 2927 provincialium,
1353 2857 1427 2910 sic
1453 2858 1697 2911 utilitates
1719 2856 1947 2928 publicas
1976 2856 2053 2910 al-

469 2952 693 3020 legabas,
744 2960 797 3005 ut
828 2954 968 3022 apud
1007 2952 1174 3018 illum,
1206 2969 1392 3025 magna
1420 2952 1618 3007 cautela
1660 2952 1961 3018 sollicitum,
2004 2958 2053 3003 et

470 3045 702 3116 copiosus
742 3060 874 3098 esses
904 3055 949 3099 et
978 3046 1187 3115 fastidia
1215 3060 1317 3099 non
1347 3061 1587 3099 moveres.
1619 3042 1945 3097 Abundantia
1982 3043 2053 3096 si-

467 3138 672 3211 quidem
690 3136 837 3195 vcrba
857 3137 1288 3195 cuntmvissimo
1318 3137 1486 3213 lepore
1510 3133 1817 3209 deﬂuebant,
1843 3142 1911 3197 et,
1936 3147 2050 3185 cum

2154 1931 2270 1997 tuli,
2291 1943 2345 1986 ut
2363 1942 2614 2002 appareat
2629 1947 2734 1988 non
2762 1932 2892 1989 satis
2910 1945 3159 1991 accurate
3173 1935 3463 1993 Funccium
3484 1936 3657 2008 egisse
3676 1945 3732 1997 et

2152 2021 2307 2077 Joan.
2337 2022 2541 2078 Albert.
2581 2023 2917 2080 Fabricium:
2950 2025 3099 2081 illum
3131 2026 3343 2098 quidem
3372 2028 3473 2098 (ο),
3499 2042 3621 2084 cum
3650 2028 3732 2089 his

2152 2113 2347 2170 litteris
2374 2124 2611 2170 creatum
2657 2115 2823 2174 fuisse
2867 2116 3282 2175 domesticorum
3320 2126 3377 2175 et
3406 2120 3731 2190 privatorum

2153 2206 2404 2262 comitem
2452 2207 2712 2274 afﬁrmet;
2745 2208 2887 2262 hunc
2928 2223 3057 2264 vero
3107 2210 3207 2281 (p),
3237 2225 3359 2267 cum
3406 2210 3732 2281 privatarum

2154 2308 2358 2356 tantum
2403 2302 2655 2355 comitem
2683 2301 3025 2357 constitutum
3067 2301 3323 2358 declaret.
3354 2301 3546 2360 Comes
3586 2304 3734 2361 enim

2155 2394 2524 2463 privatarum,
2579 2394 2719 2463 quod
2775 2409 2969 2451 munus
3022 2395 3257 2451 maxime
3304 2405 3419 2454 erat
3472 2396 3733 2455 honorifi-

2154 2500 2273 2541 cum
2302 2486 2398 2557 (ᾳ),
2434 2486 2687 2554 deinceps
2706 2484 2921 2541 demum
2945 2484 3115 2544 factus
3142 2496 3245 2555 est,
3275 2488 3409 2545 forte
3431 2498 3551 2559 post
3570 2489 3736 2546 Atha-

2155 2578 2583 2635 laric'uuortem.
2611 2576 2725 2633 Hoc
2744 2590 2871 2633 vero
2892 2592 3116 2635 munere
3136 2587 3383 2636 ornatum
3406 2578 3589 2648 fuisse,
3612 2578 3737 2636 licet

2156 2671 2303 2727 nulla
2331 2670 2462 2726 certi
2492 2670 2770 2739 scriptoris
2790 2668 2965 2727 ﬁrmet
2990 2672 3301 2738 auctoritas,
3324 2670 3636 2726 memoriam
3658 2678 3737 2725 ta-

2157 2778 2281 2821 men
2312 2764 2452 2820 illius
2474 2764 2552 2819 rei
2577 2764 2856 2820 commode
2880 2764 3115 2821 servavit
3137 2764 3306 2822 codex
3328 2764 3568 2821 Arstoris
3594 2763 3738 2821 Rhe-

2156 2854 2359 2912 mensis
2384 2855 2768 2911 monachorum
2787 2856 2847 2912 S.
2865 2856 3114 2927 Remigii,
3140 2857 3194 2913 in
3214 2859 3366 2927 cujus
3379 2856 3605 2930 exordio
3621 2857 3739 2913 hac

2158 2946 2264 3017 legi
2297 2956 2559 3003 testantur
2584 2948 2814 3004 Jacobus
2838 2948 3157 3005 Sirmondus
3188 2949 3293 3020 (r)
3318 2990 3332 3015 ,
3373 2958 3432 3005 et
3470 2948 3606 3003 Aub.
3640 2946 3740 3003 Ili-

2157 3053 2299 3094 raeus
2329 3038 2400 3109 (s)
2435 3058 2447 3092 :
2480 3039 2643 3094 Beato
2684 3040 2894 3095 domino
2916 3040 3072 3096 Petro
3108 3041 3406 3113 adjuvante,
3434 3040 3633 3095 oblatus
3657 3039 3741 3095 hic

2157 3130 2320 3186 codex
2348 3132 2412 3185 ab
2447 3131 2658 3188 Aratore
2687 3132 2898 3197 illustri,
2928 3132 3174 3188 excomite
3205 3132 3616 3199 domesticorum,
3647 3144 3739 3185 ea:-

468 3232 621 3300 ﬁnem
650 3236 859 3303 faceres,
892 3233 1059 3287 adltuc
1088 3233 1252 3287 dicere
1279 3231 1585 3302 quarrebaris
1614 3245 1633 3283 :
1665 3224 1929 3296 movendo,
1964 3224 2033 3283 de
2074 3219 2136 3287 ὓ
2159 3223 2339 3283 comite
2359 3224 2697 3298 privatarum,
2720 3225 2825 3282 virs
2847 3224 3239 3302 religiosoretc.
3260 3248 3333 3269 ι-
3354 3223 3588 3283 Tandem
3609 3235 3741 3282 vero

468 3326 701 3381 lectando
732 3328 972 3398 implebas
1001 3330 1163 3399 magis
1184 3329 1287 3382 veri
1314 3326 1532 3382 oratoris
1570 3326 1769 3393 nisum,
1799 3341 1915 3380 cum
1937 3326 2053 3396 jam

468 3418 717 3473 causidici
744 3418 1050 3476 deseruisses
1080 3421 1315 3492 oﬁicium.
1366 3417 1661 3474 Memorant
1706 3428 1970 3489 praeterea
1998 3425 2055 3475 et

470 3509 583 3575 alii,
608 3510 676 3567 de
696 3526 802 3582 quo
828 3521 1003 3568 tamen
1032 3512 1163 3567 mihi
1189 3510 1423 3567 nondum
1463 3518 1611 3566 certo
1638 3510 1825 3579 liquet,
1857 3509 2054 3565 Arato-

470 3618 584 3659 rem
607 3603 772 3661 fuisse
812 3604 1106 3675 principem
1136 3602 1413 3674 legationis
1442 3601 1509 3657 ab
1535 3601 1845 3658 Athalarico
1866 3601 1933 3656 ad
1954 3598 2052 3657 Ju-

468 3696 760 3753 Stinianum
780 3697 982 3765 missae,
1012 3710 1170 3768 quam
1186 3693 1254 3750 ad
1274 3709 1474 3750 annum
1498 3695 1601 3751 527
1623 3694 1864 3753 referunt
1879 3692 2054 3763 Hoog-

470 3795 742 3844 stratenus
771 3798 825 3844 et
852 3788 1113 3845 Luiscius.
1147 3816 1216 3826 —
1243 3785 1456 3842 Certius
1486 3795 1572 3844 est
1597 3800 1692 3843 sua
1740 3788 1841 3843 sibi
1872 3788 2052 3845 erudi-

474 3878 618 3935 tione
645 3879 893 3936 eumdem
924 3879 1173 3948 deinceps
1210 3879 1351 3934 viam
1388 3892 1608 3949 parasse
1636 3879 1703 3937 ad
1735 3880 1967 3937 honores
1998 3880 2055 3936 in

473 3971 595 4027 aula
626 3975 768 4042 regia
794 3970 1090 4027 obeundas.
1124 3968 1460 4026 Constitutus
1488 3985 1717 4043 namque
1744 3972 1812 4028 ab
1832 3972 2052 4028 Athala-

471 4062 585 4119 rico
617 4071 699 4119 est
727 4076 907 4119 comes
934 4058 1369 4129 domesticorum,
1404 4064 1547 4133 quod
1592 4079 1698 4120 non
1731 4065 1861 4121 satis
1893 4079 2054 4123 accu-

470 4165 586 4213 rate
610 4156 763 4213 Joan.
791 4153 960 4210 Nicol.
992 4151 1261 4209 Funccius
1289 4154 1493 4213 referre
1522 4157 1731 4214 videtur
1760 4158 1826 4213 ad
1856 4173 2053 4216 annum

473 4248 580 4306 526
611 4249 713 4320 (g),
743 4246 989 4301 obstante
1017 4245 1208 4302 minori
1237 4248 1379 4319 regis
1409 4258 1567 4306 aetate
1593 4258 1649 4306 et
1674 4252 1864 4307 matris
1888 4253 2054 4307 Ama-

474 4339 736 4397 lasunthae
765 4335 964 4403 tutela;
989 4337 1089 4392 nisi
1121 4347 1295 4395 tamen
1321 4341 1575 4410 epistolas
1603 4358 1721 4412 quae
1759 4342 2053 4400 Athalarici

474 4447 669 4491 nomen
690 4428 1001 4501 praeferunt,
1023 4432 1181 4486 matri
1209 4432 1386 4503 potius
1416 4434 1726 4492 tribuendas
1753 4434 2051 4507 arbitreris,

474 4528 543 4584 ob
571 4522 1035 4593 corruptissimum
1058 4525 1355 4584 Athalarici
1396 4528 1669 4601 ingenium
1700 4530 1843 4587 vices
1888 4530 2055 4601 ipsius

547 4660 624 4733 (a)
652 4657 892 4735 Militiam
924 4657 1455 4735 intelligittogatam,
1487 4663 1721 4735 sivetut
1745 4663 2050 4735 moxgdicit,
2080 4667 2139 4735 ι)

477 4728 738 4803 armatam
768 4728 1380 4803 facundiameilitibus
1409 4728 1611 4803 passim
1634 4734 1726 4788 Icti
1758 4732 1983 4791 similes.
2010 4728 2053 4794 l.

479 4804 544 4859 M
585 4798 831 4877 God.__de
869 4803 1059 4877 Aduoc.
1106 4802 1212 4857 diu.
1245 4798 1486 4869 iudicior.
1519 4804 1591 4877 ιω
1634 4804 1784 4877 fortis
1812 4814 1931 4872 est,
1964 4808 2056 4877 qui

477 4871 986 4995 egregieclifntzibus
1012 4886 1229 4944 operam
1252 4883 1491 4945 praestat.
1510 4872 1681 4931 Grazv.
1711 4876 1778 4933 ad
1803 4871 2051 4936 Ciceron.

477 4958 575 4995 DI'O
648 4957 771 4995 “illc
799 4981 814 4995 ο
887 4984 899 4995 .

515 4958 575 4998 ro
600 4944 814 4998 Ouinct.
844 4944 899 4997 2.

477 4959 575 5014 pro
600 4959 814 5009 uomet.
844 4959 899 4997 2.

550 5014 625 5084 (b)
656 5012 957 5084 Cassiodor.
991 5012 1117 5084 Var.
1141 5027 1254 5080 vtu,
1287 5012 1375 5069 12.

577 5086 628 5153 c)
659 5083 891 5152 Uterque
919 5083 974 5138 in
998 5083 1179 5153 lexic.,
1209 5099 1261 5138 v.
1294 5085 1501 5143 Arator.

574 5153 631 5226 ά)
661 5154 739 5226 De
768 5153 982 5226 decrep.
1007 5155 1069 5209 L.
1096 5154 1157 5210 L.
1188 5154 1424 5226 δεηθείη
1452 5171 1507 5226 p.
1532 5156 1658 5214 243.

553 5224 624 5298 (ε)
656 5224 1009 5282 Nachrichten
1039 5240 1144 5298 von
1184 5224 1288 5282 den
1314 5224 1689 5285 vornebmsten
1720 5228 2056 5287 Schriftstel-

480 5296 617 5362 lern,
649 5306 788 5364 part.
823 5312 898 5360 ιιι,
932 5311 984 5364 p.
1017 5296 1143 5353 105.

521 5311 617 5362 :rn,
649 5311 788 5364 part.
823 5312 898 5360 ιιι,
973 5336 984 5349 .
1017 5311 1143 5353 suo.

521 5367 627 5450 ,(1)
654 5364 870 5451 Confer.
911 5311 1067 5451 ἕλη.
1107 5365 1249 5451 Petr.
1277 5367 1640 5451 Lndewigium
1669 5372 1719 5424 in
1746 5368 1867 5426 Vita
1892 5369 2058 5427 Justi~

480 5438 650 5503 niani,
677 5452 726 5493 c.
752 5439 806 5505 8,
832 5453 884 5506 p.
912 5438 1036 5504 401,
1069 5449 1122 5495 et
1148 5440 1201 5493 in
1225 5442 1384 5494 notis.

579 5508 630 5579 g)
664 5508 738 5579 De
761 5506 976 5579 decrep.
1003 5511 1062 5565 L.
1089 5509 1150 5566 L.
1179 5508 1419 5576 Senect.,
1442 5527 1497 5579 p.
1521 5510 1647 5565 245.

577 5578 781 5651 Ιιλνίιει
812 5578 1114 5649 Justiniani,
1143 5596 1190 5635 c.
1220 5582 1275 5645 8,
1304 5598 1357 5651 p.
1386 5578 1511 5649 115,
1547 5582 1599 5635 in
1628 5579 1783 5635 notis.

577 5598 633 5651 η)
672 5598 781 5634 vua
812 5598 1114 5649 susumant,
1143 5598 1190 5635 c.
1220 5598 1275 5645 δ,
1343 5620 1357 5636 .

576 5650 624 5733 ίλ
648 5650 1009 5733 l'sagogztom.
1046 5653 1196 5733 ΗΑ)ᾖ
1224 5598 1382 5707 icio.

657 5719 990 5788 Locodicto,
1016 5737 1069 5788 p.
1094 5719 1218 5779 405.

658 5739 801 5776 uoco
825 5739 968 5776 (llCtO
1054 5760 1069 5776 .
1094 5739 1218 5779 suo.

575 5739 993 5863 gadewigius
1016 5739 1139 5863 gite
1164 5790 1384 5861 Justin.,
1414 5804 1464 5849 c.
1490 5789 1545 5859 8,
1570 5804 1624 5863 p.
1652 5789 1779 5849 M2.

576 5856 620 5935 ι)
645 5856 851 5917 Variar.
880 5856 994 5929 inn,
1022 5860 1109 5917 12.

2156 3324 2373 3391 negotia
2397 3331 2451 3376 et
2479 3322 2754 3377 molestias
2782 3332 3058 3390 pertaesus,
3088 3334 3224 3392 quas
3250 3319 3367 3375 aula
3400 3320 3596 3390 passim
3617 3331 3742 3389 sug-

2154 3415 2317 3485 gerit,
2344 3413 2413 3469 ad
2439 3413 2581 3471 aliud
2606 3415 2730 3469 vitm
2756 3426 2923 3484 genus
2950 3425 3073 3469 sese
3094 3411 3303 3468 confert
3322 3414 3536 3469 Arator.
3560 3410 3745 3466 Mona-

2152 3508 2318 3569 chum
2366 3507 2513 3578 prius
2561 3507 2759 3563 factum
2808 3506 2969 3561 ﬁnisse
3014 3505 3205 3562 scribit
3253 3504 3512 3577 Georgius
3559 3503 3745 3560 Fabri-

2152 3599 2273 3671 cius
2301 3598 2389 3669 (ι).
2418 3598 2577 3654 Certe
2618 3598 2826 3653 militiae
2870 3610 3038 3653 sacrae
3066 3611 3187 3654 sese
3231 3599 3515 3667 accingens
3540 3603 3702 3664 caput
3724 3635 3741 3661 ,

2156 3694 2384 3748 solemni
2411 3705 2562 3749 more
2590 3691 2917 3747 tondendum
2958 3690 3187 3761 praebuit
3210 3690 3315 3764 (ιι),
3338 3702 3499 3761 atque
3523 3690 3596 3745 ita
3618 3691 3745 3746 sub-

2155 3787 2419 3847 diaconus
2440 3787 2695 3843 Ecclesite
2710 3788 2964 3843 Romanae
2985 3787 3153 3844 factus
3170 3796 3274 3858 est,
3296 3787 3436 3859 quod
3456 3787 3525 3844 ad
3544 3799 3742 3842 annum

2157 3881 2259 3937 541
2294 3880 2459 3938 refert
2498 3881 2761 3937 Funccius
2791 3882 2889 3953 (υ),
2922 3896 3043 3937 cum
3071 3881 3272 3937 Totilas
3300 3881 3355 3936 in
3381 3881 3533 3936 Italia
3561 3892 3744 3934 rerum

2158 3971 2442 4043 potiretur,
2464 3985 2635 4043 eoque
2658 3972 2821 4028 refert
2844 3986 2964 4041 quae
2993 3971 3046 4027 in
3068 3970 3240 4041 elegia
3264 3969 3334 4024 ad
3354 3967 3602 4040 Vigilium
3626 3966 3745 4036 ipse

2158 4038 2356 4123 ληιοι
2380 4038 2675 4129 memorat;
2706 4062 2801 4118 sed
2821 4038 2890 4119 de
2916 4076 2981 4119 eo
3003 4062 3110 4117 dixi
3142 4038 3194 4117 in
3226 4061 3366 4118 notis
3393 4038 3521 4117 etin
3544 4058 3746 4115 adden-

2158 4154 2265 4212 liis.
2286 4154 2346 4211 In
2360 4154 2627 4210 Chronico
2647 4162 2825 4212 tamen
2850 4155 3085 4210 auctoris
3105 4154 3293 4210 incerti
3316 4154 3454 4224 apud
3473 4151 3745 4209 Canisium

2158 4247 2347 4311 titulus
2385 4247 2699 4303 subdiaconi
2722 4247 2835 4318 jam
2870 4246 2946 4302 illi
2980 4246 3139 4302 datur
3163 4246 3229 4302 ad
3258 4260 3456 4301 annum
3484 4244 3608 4312 538,
3638 4244 3745 4299 nisi

2158 4339 2267 4411 hoc
2298 4355 2392 4411 per
2435 4340 2709 4411 prolepsin
2740 4341 2934 4395 factum
2962 4347 3137 4409 putes.
3185 4337 3301 4394 Non
3341 4338 3470 4395 satis
3497 4343 3747 4392 accurate

2158 4415 2341 4491 autem
2372 4434 2623 4492 Alfonsus
2652 4431 2938 4489 Ciaconius
2968 4433 3073 4503 (r),
3103 4441 3157 4488 et
3182 4431 3338 4487 loan.
3366 4429 3602 4487 Hildebr.
3632 4427 3747 4484 Wi-

2158 4519 2359 4586 thofius
2381 4527 2457 4600 (y)
2474 4528 2728 4585 Nostrum
2749 4527 3021 4598 appellant
3036 4526 3341 4584 diaconum.
3360 4524 3601 4582 Alterum
3618 4538 3748 4582 oon-

2180 4726 2203 4732 ,
2236 4664 2337 4739 (in)
2366 4664 2442 4739 De
2465 4664 2665 4739 Ofﬁciis
2692 4664 2839 4739 dom.
2866 4663 3002 4739 Aug.
3030 4677 3110 4731 ιιι,
3138 4662 3229 4719 28.
3259 4732 3313 4739 __
3372 4732 3406 4739 _
3503 4731 3517 4739 _
3681 4730 3711 4739 Α

2236 4664 2337 4808 Em)
2366 4664 2442 4722 De
2465 4664 2665 4719 Ofﬁciis
2692 4664 2839 4720 dom.
2866 4664 3002 4787 Aug.
3030 4677 3110 4731 ιιι,
3138 4664 3229 4719 28.
3700 4730 3711 4739 ⁸

2262 4737 2317 4807 n)
2347 4736 2429 4793 Ad
2468 4734 2739 4808 Ammian.
2783 4733 2960 4808 Marce
2984 4733 3023 4787 l.
3072 4748 3166 4787 xtv
3190 4732 3339 4808 ,__10.
3372 4732 3448 4808 D_e
3485 4731 3748 4787 domesti-

2159 4802 2259 4933 ἐξ
2285 4802 2469 4929 conger
2494 4806 2788 4861 Buneman.
2818 4804 2886 4860 ad
2933 4802 3178 4860 Lactant.
3220 4802 3377 4861 Mort.
3407 4804 3621 4861 Perseo.
3648 4842 3665 4870 ,
3692 4814 3747 4856 c.

2240 4921 2254 4933 .
2281 4893 2337 4933 ιι.
2407 4917 2421 4930 .

2258 4917 2423 5029 οῖιὲ
2434 4947 2651 5029 decr-ep.
2677 4944 2834 5029 L._L.
2851 4943 3186 5029 Senectute,
3198 4961 3254 5029 p.
3278 4944 3407 5029 243.

2261 5010 2317 5088 ρ’)
2348 5010 2616 5074 Βὶιιιὶοιιι.’
2640 5014 2784 5073 med.
2813 5023 2869 5073 et
2894 5016 3065 5074 inflm.
3094 5010 3271 5074 Latin.
3300 5025 3433 5073 tom.
3466 5013 3513 5085 1,
3538 5024 3593 5086 p.
3620 5010 3751 5081 5&6,

2158 5090 2213 5143 in
2242 5088 2411 5143 notis.

2233 5104 2638 5232 δῗιὲᾖιιιθιῇιιε
2665 5158 2739 5232 de
2771 5158 2929 5217 Offic.
2966 5159 3113 5217 dom.
3141 5159 3277 5232 Aug.
3321 5174 3402 5226 ιιι,
3440 5153 3532 5213 25.
3570 5153 3749 5212 Vales.

2164 5229 2235 5285 ad
2253 5229 2527 5285 Ammian.
2550 5229 2787 5288 Mareell.
2815 5247 2965 5299 xxix,
2998 5231 3049 5284 1.

2263 5300 2314 5368 ν)
2340 5301 2427 5379 Ad
2447 5300 2749 5379 E_nnodiu_m
2779 5318 2854 5379 ιιι,
2883 5304 3040 5379 epist.
3074 5302 3124 5379 1.
3145 5370 3160 5379 _
3474 5368 3493 5379 ,
3554 5367 3587 5379 _
3656 5365 3668 5379 ,

2264 5367 2310 5441 s)
2341 5371 2539 5443 Schol.
2564 5372 2633 5427 ad
2673 5367 2937 5443 εῖδει)όηί
2970 5370 3437 5443 Gemblacensem,
3461 5368 3530 5427 de
3553 5367 3753 5438 Script.

2169 5440 2384 5513 qucles.
2410 5458 2461 5513 o.
2485 5442 2574 5500 '58.
2607 5440 2759 5499 Adde
2784 5440 3069 5513 Funccium
3091 5444 3147 5499 d.
3175 5442 3238 5505 1.,
3268 5457 3320 5513 p.
3348 5440 3474 5513 245.

2268 5514 2309 5583 ι)
2336 5514 2395 5569 ιιι
2416 5512 2721 5569 Comment.
2749 5516 2816 5569 ad
2844 5512 2999 5571 Poet.
3026 5511 3341 5583 Christian
3367 5527 3419 5582 p.
3452 5511 3538 5566 11.

2271 5586 2325 5655 u)
2359 5586 2492 5640 Vide
2515 5586 2674 5654 epist.
2710 5586 2776 5640 ad
2811 5585 3064 5643 Parthen.
3087 5600 3169 5641 vs.
3198 5586 3288 5655 70,
3314 5584 3456 5641 etde
3476 5583 3580 5642 hoc
3603 5593 3759 5639 more

2170 5654 2541 5728 Sitjinond.»ad
2573 5655 2758 5711 Sidon.
2790 5673 2860 5724 IV,
2893 5659 3049 5728 epist.
3080 5656 3174 5713 24.

2269 5729 2318 5796 υ)
2352 5727 2424 5801 De
2443 5726 2663 5801 decrep.
2688 5728 2749 5781 L.
2783 5728 2845 5783 L.
2871 5726 3110 5801 Sénect.,
3139 5745 3189 5799 p.
3212 5726 3338 5783 241.

2267 5802 2327 5863 ε)
2356 5798 2410 5850 ln
2440 5796 2785 5867 Bibliotheca,
2820 5814 2869 5867 p.
2904 5801 3031 5867 259ἒ

2272 5856 2329 5935 y)
2356 5865 2586 5935 Specim.
2620 5856 2903 5928 Gunther"
2936 5876 2988 5933 p.
3017 5862 3106 5930 57,
3131 5856 3223 5931 92,
3249 5859 3371 5916 157.
