2023 3232
683 179 716 208 ll.
734 179 758 208 Ι.
779 177 959 207 ARNT’lBNll
981 178 1172 207 ΡΒιΕπΑΤιο.

1703 182 1736 210 ει

109 228 212 272 stanter
225 243 332 269 tuentur
342 235 459 274 codices,
470 244 497 269 et
511 240 656 269 Hermanni
670 239 805 268 Contracti
819 238 857 275 (a)
871 242 901 266 et
913 239 940 270 Α
953 236 1050 271 quibus
1064 240 1185 264 veterum
1198 234 1301 264 fabulas
1315 237 1481 281 expressisse
1495 236 1599 265 videtur
1613 237 1663 274 (ο),
1679 239 1741 267 hor-

108 288 226 317 auctoris
243 287 337 315 incerti
352 288 378 315 in
397 287 531 316 Chronico
544 287 584 323 (ό)
599 287 798 319 testimonium;
813 293 901 321 eoque
916 292 918 294 '

109 334 193 370 magis
206 333 257 361 hoc
270 333 425 367 tentandum,
447 341 507 362 cum
526 333 700 362 diaconorum
720 338 747 361 et
760 332 902 360 subdiaco-

107 388 203 409 norum
219 384 308 415 partes
322 381 438 408 maxime
460 385 552 409 essent
576 380 709 408 distinctas
730 379 793 416 (c).
810 378 902 413 Neque

107 428 210 456 meliori
219 427 281 462 jure
292 427 375 455 Aldus
386 427 440 463 (ιι),
452 427 595 455 Ciaconius
608 427 655 463 (ε),
667 426 799 462 Gyraldus
811 425 861 460 (f),
874 428 902 452 et

108 474 227 501 editores
240 473 361 500 nonnulli
371 472 496 500 dixerunt
509 473 653 500 diaconum
663 471 837 505 cardinalem,
847 477 899 506 qua

106 519 140 547 de
151 527 181 547 re
191 519 225 547 ad
236 518 383 554 Epistoiam
397 519 430 547 ad
440 519 596 547 Florianum
609 518 646 554 (g)
658 519 778 554 exposui.

73 560 92 632 J‘
145 589 184 616 Ex
201 589 276 618 hisce
290 594 403 625 apparet
416 590 575 623 clarissime,
590 590 736 625 praesertim
757 590 898 617 Aratorem

106 639 229 663 nostrum
247 635 370 664 ﬂoruisse
384 636 435 664 Sub
455 636 559 664 Justino
574 635 678 664 Thrace
692 639 720 664 et
733 635 898 668 Justiniano,

105 684 186 715 atque
202 681 343 713 pueritiam
368 681 452 715 ipsius
473 681 506 709 ad
521 682 655 710 Anastasii
679 681 820 716 imperium
836 688 898 710 esse

104 726 276 761 redigendam
294 726 345 763 (h).
368 727 453 756 Nimis
478 732 568 756 tamen
593 729 646 756 late
660 728 800 756 ﬂorentem
815 728 898 763 ipsius

103 776 210 800 aetatem
222 772 411 801 Taubmannus
422 773 466 809 (ἰ),
478 774 586 810 aliique,
598 774 745 802 extendunt
756 774 788 801 ad
798 781 897 802 annum

103 817 165 845 560.
192 817 286 845 Habita
302 818 364 846 vitae
384 818 508 847 humanas
525 820 641 854 ratione,
657 827 690 848 eo
705 819 825 854 potuisse
840 827 899 854 per-

102 863 197 890 venire
220 864 317 899 largior
332 864 410 891 facile
431 864 558 892 Ciaconio
573 865 625 901 (j),
645 871 706 892 cum
725 865 770 893 vix
786 869 841 892 tum
856 871 899 893 se-

102 909 282 944 ptuagenario
296 909 383 944 major
396 909 491 942 fuerit;
507 910 554 938 sed
570 910 640 937 aliud
656 914 709 944 est,
722 910 744 938 si
760 910 899 945 loquamur

101 955 135 983 de
153 960 285 990 tempore,
295 963 348 990 quo
359 956 418 991 quis
430 957 563 992 praecipue
577 956 658 985 rebus
668 956 752 992 gestis
759 957 899 991 scriptisve

103 1000 271 1034 iuclaruerit,
284 1001 366 1034 aliud,
376 1001 398 1029 si
412 1002 446 1029 de
456 1002 517 1029 vita:
534 1003 657 1033 termino.
674 1010 752 1038 quem
768 1003 899 1038 attingere

103 1046 234 1081 poluerit.
245 1046 341 1075 Nescio
353 1048 442 1083 itaque
452 1055 500 1076 cur
514 1048 593 1082 Aldo,
610 1049 750 1076 Aratorem
762 1056 833 1076 anno
846 1049 899 1077 544

102 1091 226 1120 ﬂoruisse
240 1093 423 1128 memoranti,
445 1093 585 1122 oblocutus
601 1093 680 1122 fuerit
695 1093 828 1128 Gyraldus
843 1095 879 1130 (It)
889 1114 898 1129 ,

102 1136 215 1164 Paulum
229 1137 387 1173 Diaconum,
403 1143 431 1166 et
445 1138 606 1166 Palmerium
625 1138 707 1167 duces
720 1144 838 1174 secutus,
854 1140 899 1175 qui

103 1181 136 1209 ad
146 1190 246 1210 annum
258 1183 309 1210 560
319 1183 451 1211 referunt.
464 1183 547 1219 Magis
562 1184 668 1219 placent
682 1192 742 1220 quae
753 1184 836 1219 addit,
849 1185 901 1213 nisi

104 1229 211 1263 fortasse
225 1229 271 1256 hoc
282 1229 412 1268 scripsisse
423 1234 535 1265 tempore
550 1230 633 1265 (anno
645 1237 743 1265 nempe
763 1230 838 1266 541i),
853 1230 898 1258 illo

105 1273 198 1308 (anno
212 1273 284 1309 560)
308 1274 446 1302 deressisse
459 1275 642 1311 intelligamus.
661 1275 737 1304 Licet
759 1276 830 1304 enim
845 1284 899 1303 non

105 1323 210 1346 constet
235 1319 383 1347 clarissime
398 1320 504 1355 quando
531 1321 612 1348 fuerit
626 1320 680 1349 fato
695 1321 800 1350 functus
825 1322 897 1356 (ι),

105 1367 194 1391 tamen
223 1365 377 1400 conjectura
405 1373 459 1393 non
487 1365 632 1400 rejicienda
660 1371 724 1395 aetas
754 1367 838 1402 ipsius
865 1367 899 1395 ad

106 1411 178 1438 hunc
207 1410 357 1439 similemve
387 1419 486 1440 annum
518 1413 626 1442 extendi
656 1414 765 1448 poterit.
800 1413 899 1441 Vellem

106 1456 205 1493 Georg.
226 1457 379 1493 Christoph.
402 1458 598 1495 Hambergerus
618 1460 805 1488 auctoritatem
824 1459 900 1487 addi-

107 1502 200 1536 disset,
215 1511 266 1538 qua
281 1508 414 1533 mortuum
429 1505 510 1534 fuisse
522 1506 662 1534 Aratorem
677 1513 748 1534 anno
760 1505 812 1535 555
826 1506 900 1534 afﬁr-

107 1550 218 1578 maverit
233 1549 293 1585 (m).

952 288 1009 311 tatu
1021 283 1158 311 Parthenii
1170 283 1204 310 ad
1218 290 1322 311 sacram
1335 283 1426 318 poesin
1435 290 1497 311 sese
1509 284 1653 317 convertit,
1662 289 1743 319 atque

952 329 1014 357 hinc
1027 329 1185 364 exponenda
1199 333 1262 357 sunt
1275 336 1335 364 quas
1347 329 1374 356 in
1388 329 1500 363 epistola
1515 329 1548 356 ad
1563 329 1687 365 Vigilium
1702 330 1743 365 (ρ)

952 379 1144 404 memorantur.
1160 375 1251 410 itaque
1258 375 1298 403 vel
1307 374 1414 403 Davidis
1427 375 1558 408 Psalmos,
1572 375 1615 403 vel
1623 375 1742 403 Genesin

952 422 1072 450 versibus
1084 428 1221 456 exponere
1235 422 1262 449 in
1274 422 1392 450 animum
1407 422 1510 450 induxit
1524 422 1573 458 (η).
1587 422 1680 457 Neque
1694 423 1744 450 mi-

951 476 1010 496 rum
1022 473 1064 496 est
1076 467 1249 496 Parthenium
1259 467 1346 496 eidem
1357 468 1436 503 hujus
1445 469 1485 496 rei
1498 473 1634 496 auctorem
1646 468 1740 502 fuisse,

951 513 1083 549 siquidem
1097 513 1229 549 pangendi
1243 514 1370 541 carminis
1384 514 1510 543 facultate
1531 515 1602 543 inter
1615 522 1679 543 suos
1693 522 1747 543 ex-.

951 560 1069 588 cellenti.
1080 560 1135 587 Hac
1149 559 1228 588 laude
1238 567 1326 595 neque
1340 560 1463 588 eumdem
1476 562 1637 595 posteriores
1645 561 1743 589 eruditi

950 610 1112 633 censuerunt
1125 605 1273 641 indignum.
1286 605 1390 633 Danieli
1401 605 1510 634 Heinsio
1521 606 1661 634 videbatur
1670 613 1686 633 a
1696 613 1745 633 na-

950 655 1009 678 tura
1029 651 1063 678 ad
1079 651 1170 686 poesin
1193 652 1278 679 factus
1290 671 1298 685 ,
1319 651 1371 678 nisi
1385 655 1515 686 quatenus
1535 659 1588 679 non
1604 659 1687 686 pauca
1709 652 1745 679 ab

950 702 1031 725 aetate
1041 705 1088 725 sua
1101 698 1223 726 trahebat
1232 699 1279 733 (r),
1292 705 1345 726 non
1354 698 1498 733 ignobilem
1514 703 1617 733 poetam
1627 698 1745 734 appellat

950 744 1028 772 Joan.
1049 745 1152 773 Ludnv.
1168 746 1201 773 de
1216 745 1251 774 Ln
1267 745 1352 773 Cerda
1368 745 1414 780 (s),
1436 750 1542 780 poetam
1556 753 1608 773 non
1628 746 1744 773 infelicis

950 790 1050 825 ingenii
1062 791 1185 819 Maderus
1199 791 1242 827 (ι),
1251 796 1341 819 vatem
1356 791 1446 826 magni
1459 791 1569 826 ingenii,
1579 795 1607 818 et
1616 791 1745 819 Christia-

952 844 1047 865 norum
1065 845 1118 865 non
1142 843 1306 873 postremum
1321 837 1447 866 Barthius
1461 837 1512 874 (ιι).
1529 838 1630 865 Mutato
1653 842 1743 865 autem

949 883 1074 917 consilio,
1092 884 1181 919 potius
1195 885 1291 913 Arator
1310 884 1344 912 ad
1363 884 1538 912 celeberrima
1561 883 1743 918 apostolorum

912 937 938 970 Β
951 930 1020 958 Acta
1031 931 1150 958 animum
1163 930 1303 965 applicuit,
1315 930 1412 958 ducem
1423 934 1530 958 secutus
1542 930 1653 962 Lucam,
1664 933 1745 964 atque

951 977 985 1004 ita
996 977 1102 1004 tandem
1113 977 1196 1005 edidit
1204 985 1313 1006 carmen
1321 978 1382 1009 hoc,
1394 977 1432 1004 De
1440 977 1544 1004 Actibus
1558 977 1744 1012 apostolorum;

951 1024 1022 1051 hanc
1042 1024 1113 1051 enim
1134 1024 1224 1059 potius
1239 1024 1327 1058 operis
1342 1024 1425 1051 fuisse
1438 1024 1651 1059 inscriptionem,
1665 1031 1746 1059 quam

951 1068 1077 1097 ἔκαον-ξω
1084 1069 1242 1104 apostolica,
1258 1069 1353 1097 utaliis
1368 1069 1518 1102 videbatur,
1534 1069 1646 1096 inferius
1654 1064 1746 1096 osten-

950 1115 1012 1144 dum
1027 1116 1076 1151 (υ).
1091 1116 1224 1143 Imitatum
1239 1116 1290 1143 hac
1302 1116 1329 1143 in
1343 1123 1373 1143 re
1386 1115 1469 1143 fuisse
1479 1114 1589 1143 Juvenci
1602 1119 1629 1142 et
1642 1114 1745 1142 Sedulii

951 1161 1074 1196 exempla
1087 1161 1182 1189 scribit
1201 1162 1228 1189 in
1241 1161 1331 1189 Nostri
1343 1160 1404 1188 Vita
1415 1160 1510 1193 Aldus,
1524 1168 1583 1195 qua:
1595 1160 1679 1195 ipsius
1689 1159 1746 1188 edi-

953 1207 1019 1234 tioni
1028 1207 1138 1242 praeﬁxa
1149 1212 1200 1235 est.
1215 1207 1367 1235 Perfectum
1376 1211 1464 1234 autem
1478 1206 1528 1234 fuit
1536 1206 1587 1234 hoc
1600 1213 1667 1241 opus
1674 1213 1745 1233 anno

950 1253 1049 1281 Christi
1062 1253 1126 1288 5H,
1137 1259 1165 1281 ut
1177 1261 1211 1282 ex
1224 1254 1318 1282 codice
1331 1253 1459 1281 Vaticano
1468 1257 1541 1280 recte
1560 1253 1663 1280 monuit
1678 1252 1746 1279 Lab-

952 1299 1017 1327 beus
1034 1300 1072 1335 (ac)
1085 1320 1094 1334 ,
1109 1305 1136 1328 et
1150 1308 1210 1328 mox
1225 1301 1324 1328 clarius
1343 1300 1501 1335 apparebit,
1518 1300 1588 1327 unde
1607 1306 1660 1327 non
1680 1299 1746 1327 satis

951 1351 1076 1373 accurate
1090 1346 1173 1373 Aldus
1184 1346 1210 1373 in
1222 1346 1345 1374 Aratoris
1358 1346 1418 1373 Vita
1435 1355 1442 1373 :
1460 1346 1523 1373 Cum
1538 1354 1595 1373 vero
1610 1345 1655 1373 hos
1670 1346 1747 1373 libros

951 1397 1123 1426 componeret,
1139 1393 1198 1420 urbs
1214 1393 1296 1419 Roma
1311 1402 1326 1419 ιι
1341 1392 1432 1419 Gothis
1455 1398 1479 1420 et
1497 1392 1622 1419 Vandalt's
1646 1393 1746 1420 obside-

951 1437 1036 1470 batur,
1051 1443 1153 1472 eratque
1167 1439 1193 1464 in
1210 1438 1277 1465 Urbe
1291 1438 1323 1465 de
1337 1438 1452 1473 eligendo
1468 1438 1588 1472 pontiﬁce
1601 1446 1652 1465 non
1667 1445 1747 1472 parva

953 1484 1091 1510 contentio.
1108 1483 1231 1517 Tandem,
1257 1484 1342 1510 divina
1356 1483 1490 1510 clementia
1506 1483 1574 1510 Urbe
1587 1483 1618 1509 ab
1633 1483 1747 1510 hostibus

951 1527 1070 1562 liberata,
1090 1528 1236 1564 Vigilioque
1248 1534 1332 1556 creato
1347 1529 1475 1564 pontiﬁce,
1491 1537 1541 1564 pax
1553 1529 1676 1557 Ecclesiw
1690 1529 1747 1556 red-

952 1578 1007 1605 dta
1020 1583 1057 1606 est
1070 1587 1137 1606 anno
1153 1579 1258 1608 Domini
1279 1580 1360 1606 nostri
1374 1579 1437 1607 Jesu
1452 1579 1546 1607 Christi
1560 1580 1621 1608 507.
1643 1580 1698 1608 Nisi
1714 1580 1747 1607 sit

143 1620 229 1656 Atque
241 1621 298 1649 haec
313 1621 419 1657 quidem
431 1626 494 1650 sunt
507 1630 566 1658 qum
580 1631 613 1651 ex
626 1624 727 1651 veteris
741 1624 791 1652 εενὶ
805 1632 900 1653 monn-
915 1628 937 1660 ο
953 1623 979 1650 in
995 1625 1113 1652 numeris
1135 1625 1292 1659 typographi
1307 1625 1411 1658 vitium,
1435 1626 1609 1660 gravissimus
1629 1629 1670 1652 est
1683 1625 1746 1652 Aldi

109 1666 204 1694 mentis
225 1670 254 1695 et
275 1667 412 1696 hominum
437 1668 679 1696 eruditissimorum
699 1671 900 1699 commentariis

111 1712 235 1749 colligere
250 1714 381 1750 potuerim
395 1714 428 1742 ad
440 1714 563 1743 Aratoris
576 1715 657 1742 vitam
669 1716 839 1750 pertinentia.
855 1716 902 1744 Pe-

112 1757 172 1786 dem
185 1767 330 1794 promoveo
341 1760 373 1788 ad
382 1767 494 1796 poeseos
504 1760 695 1796 cognitionem,
703 1762 843 1797 ipsumque
851 1762 902 1790 hoc

110 1810 228 1839 carmen,
242 1805 319 1841 cujus
338 1812 419 1833 causa
432 1806 521 1834 omnis
541 1806 598 1834 haec
612 1806 733 1842 prafatio
747 1812 901 1843 comparata

109 1854 158 1879 est.
175 1851 213 1881 Ut
225 1852 316 1888 itaque
329 1852 483 1881 liberalibus
498 1853 646 1889 disciplinis
660 1854 801 1882 Aratorem
815 1854 900 1882 tradi-

109 1899 162 1925 tum
174 1903 205 1926 et
218 1896 348 1927 imbutum
365 1900 447 1928 fuisse
460 1901 584 1936 superius
592 1901 707 1935 ostendi,
718 1901 756 1928 ita
768 1902 796 1929 in
806 1901 900 1929 iisdem

109 1944 265 1971 excolendis
278 1944 374 1973 ducem
396 1946 490 1974 habuit
514 1946 697 1974 Parthenium.
712 1947 779 1974 Cum
804 1946 900 1974 eodem

109 1987 243 2017 Ravennae
257 1994 376 2018 moratus
399 1992 514 2026 primum
530 1992 585 2019 illic
605 1993 668 2027 legit
680 1992 793 2021 Caesaris
809 1992 898 2020 Histo-

107 2032 170 2068 rias,
186 2035 244 2063 sive
257 2035 449 2071 Ephemeridas
463 2037 513 2073 (η).
525 2037 564 2065 Ex
578 2045 625 2065 sua
640 2042 729 2066 autem
741 2039 899 2068 eruditionis

107 2085 176 2113 penu
193 2080 265 2108 varia
287 2085 344 2109 tum
357 2082 523 2118 deprompsit
545 2083 716 2118 Parthenius,
741 2084 838 2120 quibus
853 2084 901 2113 doa

106 2127 174 2155 ctior
193 2127 269 2156 ﬁeret
284 2129 397 2163 Arator;
412 2137 526 2166 cumque
543 2131 601 2166 ipse
621 2137 759 2166 poetarum
773 2133 900 2170 legendo-

107 2178 166 2200 rum
181 2173 250 2201 miro
271 2181 363 2203 amore
377 2182 529 2212 caperetur,
550 2183 600 2204 suo
615 2177 648 2205 ad
663 2179 756 2212 poesin
775 2180 901 2214 exemplo

106 2216 232 2246 Nostrum
245 2220 401 2254 stimulavit,
412 2222 457 2256 qui
470 2229 530 2249 eum
545 2222 601 2257 jam
616 2222 678 2249 inde
693 2231 708 2249 a
723 2223 810 2258 prima
822 2227 900 2250 aetate

104 2264 255 2293 scribendis
268 2265 431 2294 caminibus
445 2273 556 2300 operam
575 2266 702 2300 dedisset,
719 2268 853 2302 praecipue
866 2267 898 2295 iis

198 2340 329 2378 Thesaur.
346 2341 436 2376 Canis.
448 2346 514 2371 tom.
528 2341 575 2376 ill,
590 2345 692 2378 parnt,
708 2349 735 2378 p.
746 2341 813 2370 225.

141 2340 181 2412 33
194 2340 329 2404 Khesaur.
345 2341 514 2384 panis._tom.
528 2341 575 2376 ill,
590 2345 659 2377 part.
673 2349 692 2375 ι,
708 2349 735 2378 p.
746 2341 813 2370 225.

102 2411 169 2440 2‘0.
219 2376 273 2412 pud
287 2376 424 2407 Cantsium
437 2386 467 2407 ιη
481 2378 564 2407 Thes.
581 2382 647 2406 tom.
662 2377 698 2407 Ill
708 2398 717 2413 ,
731 2382 800 2415 part.
815 2377 835 2407 ti
844 2397 854 2413 ,
869 2385 897 2413 p.

152 2431 178 2508 If.)
194 2446 332 2490 Videquat
345 2448 449 2490 notavi,
463 2449 532 2491 ρ..
556 2485 564 2493 ,
578 2486 585 2492 Ι
620 2485 626 2491 _

175 2485 182 2508 l
197 2482 225 2508 In
239 2483 299 2508 Vita
309 2483 442 2508 Aratus-ts.
454 2485 626 2508 editmmlrmr

152 2446 178 2508 9
194 2446 260 2475 Vide
273 2452 332 2482 qua:
345 2448 449 2483 notavi,
463 2456 490 2485 p.
504 2449 532 2477 2.

174 2485 182 2516 )
197 2482 225 2510 In
239 2483 299 2511 Vita
309 2483 442 2518 Aratoris,
454 2485 662 2521 editionilipsius
672 2485 791 2521 praeﬁxa.

152 2517 177 2552 ε)
193 2518 220 2545 In
234 2518 409 2552 Bibliotheca,
424 2527 451 2554 p.
462 2519 527 2549 259.

152 2553 179 2588 f)
194 2553 294 2581 Histor.
305 2559 390 2588 poet.,
404 2556 468 2583 dial.
483 2557 509 2588 5,
521 2563 548 2588 p.
561 2556 625 2584 297.

152 2553 179 2623 [ς
194 2553 294 2594 Hister.
305 2559 390 2589 poet.,
404 2553 468 2583 dial.
483 2557 509 2590 5,
521 2563 548 2592 p.
561 2556 625 2584 297.

152 2597 167 2623 g
198 2587 321 2623 Inferius,
335 2598 363 2623 p.
375 2591 394 2618 2
404 2596 431 2618 et
443 2591 469 2618 3.

151 2597 179 2623 θ)
198 2597 321 2623 interius,
335 2598 363 2625 p.
375 2597 394 2618 z
404 2597 431 2618 et
443 2597 469 2618 δ.
867 2613 868 2617 η

81 2624 88 2707 3‘
104 2657 129 2685 in
140 2597 405 2692 ibﬁgszéﬁe’xos‘sium,
416 2625 474 2654 Art.
486 2625 635 2656 Grammat.
646 2628 763 2663 u,39,et
772 2635 832 2663 quae
840 2627 895 2655 dixi

142 2694 173 2707 lzt
202 2694 236 2707 AA
256 2694 357 2707 IIl—-2“!
382 2696 494 2707 n..|!,__a
518 2705 544 2707 η.
576 2699 609 2707 -ιι
642 2703 662 2707 κ.
685 2706 689 2707 ν
720 2705 744 2707 _,
765 2705 787 2707 η.
799 2705 832 2707 ,4.
842 2701 895 2707 -..μ-

248 2678 268 2692 ι,
280 2678 304 2687 ν.
317 2678 345 2689 τι

141 2694 173 2729 (ί)
198 2694 238 2735 Ad
256 2694 358 2735 Virgilii
381 2696 499 2735 gulicem
517 2705 558 2727 vs.
576 2699 621 2732 78,
637 2703 747 2735 etquos
765 2701 897 2727 memorat

105 2728 366 2769 Fulncciusliedecr.
383 2731 414 2760 L.
427 2732 459 2760 L.
472 2733 594 2769 Senect.,
607 2728 634 2769 p.
647 2728 709 2762 246.

140 2765 180 2825 (ἦ)
195 2764 227 2805 In.
239 2764 413 2800 Bibliotheca,
428 2768 532 2810 p.259.

141 2801 150 2825 t
173 2802 180 2825 ι
196 2799 295 2825 Ηιειοτ.
312 2806 426 2825 Μειπ..
442 2803 506 2825 mal.
521 2805 532 2825 ιε

171 2799 295 2840 )_ll_isto£.
312 2799 509 2840 poetam—dial.
520 2805 548 2837 5,
565 2812 592 2840 p.
606 2803 670 2832 298.

153 2801 180 2834 k)
196 2801 295 2840 Hister.
312 2801 506 2837 poetar.,’dial.
520 2805 548 2837 5,
565 2812 592 2840 p.
606 2803 670 2832 298.

107 2801 176 2896 ῃὲ)
190 2834 259 2863 Vide
272 2836 430 2873 Funccium.
447 2838 481 2867 de
495 2839 605 2876 decrep.
621 2840 653 2868 ι..
668 2840 698 2868 L.
715 2840 823 2868 Senect.
836 2859 844 2873 ,
866 2846 894 2874 p.

144 2902 192 2939 (νη)
206 2903 383 2934 Nachrichtsn
396 2915 449 2937 von
462 2909 516 2939 den
528 2911 719 2940 vornehmsteu
734 2908 898 2939 Schriftstel-

105 2937 262 2979 μιαίνει-ι.
278 2947 318 2976 ιιι,
333 2948 360 2978 p.
374 2942 439 2971 405.

911 2345 942 2376 ³
985 2342 1027 2448 ἓξὲξ

953 1676 1049 1701 error,
1074 1676 1134 1696 cum
1157 1670 1303 1697 secundum
1328 1671 1491 1704 vulgatiores
1513 1670 1608 1697 Fastos
1632 1669 1746 1704 Vigilius

954 1713 1073 1749 pontifex
1095 1714 1177 1742 fuerit
1189 1718 1296 1742 creatus
1314 1721 1382 1742 anno
1404 1715 1456 1742 557
1470 1715 1513 1742 vel
1534 1714 1675 1750 sequenti,
1692 1722 1746 1750 quo

955 1766 1076 1795 tempore
1090 1764 1117 1787 et
1139 1760 1192 1787 illa:
1205 1759 1390 1788 contentiones
1411 1760 1538 1794 fuerunt,
1563 1760 1697 1795 praecipue
1710 1759 1746 1787 ob

954 1806 1108 1840 Silver-ium,
1120 1807 1185 1834 sede
1196 1806 1330 1842 pontificia
1344 1807 1458 1841 ejectum
1472 1806 1523 1842 (y).
1542 1821 1578 1827 —
1593 1806 1746 1834 Perfectum

954 1861 1018 1882 vero
1031 1860 1140 1881 carmen
1154 1853 1269 1889 primum
1282 1853 1378 1881 obtulit
1392 1853 1487 1881 Arator
1504 1852 1593 1881 abbati
1608 1851 1746 1887 Floriano,

955 1900 1081 1935 deinceps
1095 1899 1192 1934 Vigilio
1213 1906 1306 1935 papae;
1323 1900 1428 1935 utrique
1447 1897 1643 1928 commendavit
1658 1893 1746 1926 addita

953 1946 1088 1981 epistola,
1113 1952 1192 1981 qua
1216 1945 1283 1973 alios
1305 1950 1412 1974 secutus
1435 1946 1510 1981 operi
1533 1943 1746 1980 praemittendam

953 1993 1056 2021 censui.
1079 1992 1202 2020 Oblatnm
1224 1999 1289 2020 vero
1302 1992 1400 2027 Vigilio
1421 1996 1463 2020 est
1485 1999 1530 2019 Vill
1545 1991 1604 2019 idus
1620 1991 1725 2025 Apriles
1738 2012 1746 2025 ,

953 2040 1123 2073 maximeque
1141 2039 1251 2073 placuit,
1271 2038 1307 2065 ita
1322 2042 1352 2065 ut
1365 2045 1417 2065 non
1433 2042 1533 2065 tantum
1556 2037 1661 2073 publice
1676 2044 1746 2071 prae-

951 2084 1061 2118 lectum,
1075 2082 1122 2111 sed
1135 2088 1162 2111 et
1178 2083 1297 2111 omnium
1311 2083 1392 2111 laude
1412 2082 1570 2110 honoratum
1586 2082 1677 2110 fuerit.
1691 2081 1746 2115 An-

950 2139 1047 2167 ponam
1064 2130 1133 2157 hanc
1148 2130 1175 2158 in
1195 2138 1264 2165 rem,
1280 2137 1334 2165 quo
1347 2130 1431 2164 magis
1452 2130 1506 2157 fata
1519 2129 1598 2164 hujus
1619 2127 1746 2156 carminis

951 2180 1158 2212 cognoscantur,
1181 2183 1211 2204 ea
1226 2183 1286 2211 qua:
1307 2176 1333 2202 in
1354 2174 1415 2203 cod.
1430 2174 1561 2201 Vossiano
1581 2173 1699 2200 secundo
1712 2170 1746 2197 ad

952 2222 1033 2249 Inem
1042 2225 1119 2248 erant
1127 2222 1253 2255 ascripta,
1268 2221 1304 2247 ita
1313 2224 1341 2247 ut
1349 2219 1445 2246 addam
1458 2218 1545 2246 varias
1554 2224 1585 2245 ex
1593 2216 1655 2244 cod.
1666 2215 1743 2244 Voss.

953 2266 970 2292 5
982 2271 1011 2294 ιιι
1022 2270 1050 2293 et
1063 2266 1191 2294 Vaticano
1205 2266 1240 2300 (ι)
1255 2263 1394 2292 lectiones.

1044 2342 1130 2376 Epist.
1147 2341 1179 2368 ad
1195 2340 1332 2373 Parthen.,
1349 2340 1393 2367 59.

1042 2378 1126 2412 Epist.
1138 2377 1171 2404 ad
1187 2376 1313 2404 Parthen.
1324 2383 1364 2403 vs.
1380 2376 1425 2403 51.

998 2414 1026 2448 ρ)
1043 2411 1127 2440 Versu
1140 2413 1183 2445 16,
1198 2412 1243 2439 tibi
1255 2411 1346 2438 confer
1360 2415 1448 2438 notas.

998 2450 1025 2483 ιι)
1040 2449 1126 2483 Epist.
1142 2449 1175 2475 ad
1192 2447 1329 2483 Parthen.,
1346 2446 1445 2483 357.773.

998 2451 1025 2483 ιι)
1040 2451 1126 2483 Epist.
1142 2451 1175 2475 ad
1192 2451 1329 2479 l’attlten.,
1346 2454 1385 2473 vs.
1401 2451 1445 2473 75.

986 2451 1022 2520 ἓν)
1038 2484 1193 2521 Aristarcho
1205 2482 1293 2521 Sacr._,
1308 2482 1445 2521 p.1329.“

988 2515 1023 2556 (δ)
1039 2520 1077 2556 Ad
1084 2518 1244 2556 _Virgilium,
1259 2516 1367 2556 [ﬁngit].
1382 2524 1403 2548 ι,
1418 2515 1462 2556 59.
1538 2549 1554 2556 _
1579 2549 1585 2556 .

986 2549 1020 2588 ('1)
1030 2555 1071 2582 Ad
1084 2549 1252 2586 Paniinium,
1265 2553 1299 2580 dc
1309 2552 1456 2588 Triumpho
1466 2549 1605 2588 cap17_,_in
1619 2549 1684 2588 line.

986 2585 1026 2624 (ιλ)
1041 2589 1082 2617 Ad
1105 2588 1219 2616 Statium
1236 2585 1321 2616 Theb.
1342 2595 1380 2622 ιι,
1404 2585 1477 2620 706;
1499 2585 1533 2614 ad
1547 2585 1686 2615 Claudian.
1703 2591 1743 2612 ut.

948 2623 1030 2653 Cons.
1047 2625 1146 2651 Honor.
1160 2624 1266 2658 pratiat.
1281 2631 1321 2652 vs.
1336 2624 1363 2651 1.

984 2660 1019 2687 (vi
1037 2660 1100 2687 Paa.
1116 2660 1160 2687 52.

997 2668 1019 2687 vt
1037 2668 1100 2687 ['82.
1116 2668 1160 2687 οἳ.

1181 2695 1248 2722 Nov.
1264 2702 1342 2727 mss.,
1357 2695 1459 2731 tom,rl,
1476 2701 1512 2731 p._
1525 2692 1587 2731 688.
1603 2691 1669 2731 Vide
1688 2690 1741 2731 Ea:

948 2723 1020 2759 ιπιοί
1030 2730 1098 2758 Bibl.
1113 2730 1172 2758 Lat.
1194 2735 1258 2758 tom.
1275 2731 1304 2764 ι,
1330 2723 1355 2766 ῥ.
1380 2723 1543 2763 705;’i31bi.
1565 2723 1637 2766 med.
1652 2731 1679 2754 et
1691 2725 1740 2753 inf.

947 2767 1034 2795 Latin.
1050 2771 1114 2793 tom.
1131 2766 1152 2800 l,
1167 2773 1194 2801 p.
1208 2766 1271 2793 546.
1285 2763 1461 2794 Ᾱιιέυιιιᾱθιιι
1473 2771 1571 2801 annum
1583 2763 1665 2801 refert
1677 2768 1743 2796 quo-

947 2810 1000 2837 que
1014 2799 1182 2829 llermannus
1192 2801 1350 2829 Contractus
1370 2801 1396 2828 in
1408 2801 1540 2829 Tltesaur.
1553 2799 1655 2831 Canis.,
1674 2803 1741 2825 tom.

947 2838 991 2871 lli,
1009 2842 1077 2869 part.
1092 2845 1109 2869 ι,
1127 2844 1152 2870 p.
1169 2837 1231 2863 2‘25.

984 2873 1023 2907 (ῃ)
1045 2872 1112 2899 Vide
1126 2873 1241 2905 l’latina,
1258 2872 1310 2899 Vit.
1328 2871 1439 2904 Pontif..
1455 2879 1483 2907 p.
1501 2871 1545 2899 75.
1628 2905 1633 2908 _
1671 2903 1697 2908 Ν

1043 2908 1106 2940 Quae
1124 2908 1150 2933 in
1166 2902 1260 2934 eodem
1277 2908 1392 2940 ascripta
1408 2902 1613 2941 eraitt.exslattt
1626 2905 1654 2933 in
1670 2902 1738 2930 Bibl.

949 2943 1058 2972 Patrum
1073 2943 1168 2977 Lugd.,
1187 2946 1252 2971 tom.
1271 2942 1300 2974 Χ,
1318 2949 1342 2977 p.
1362 2942 1423 2970 125.
