4038 6350
533 308 604 364 55
2011 298 2315 358 ARATOB.
2635 312 2645 319 '
3732 297 3806 357 ω

543 458 550 466 ι
600 424 673 482 In
698 424 900 481 nomine
927 422 1101 480 Patris
1117 462 1134 492 ,
1166 426 1217 479 et
1243 420 1375 478 Filii
1389 424 1485 490 ,ἐι
1514 419 1745 491 Spiritus
1769 419 1933 476 sancti
1959 418 2103 494 [haec
2130 422 2185 483 Α
2209 419 2334 475 huic
2356 417 2553 475 addere
2577 414 2802 475 camini
2825 421 3078 490 poterat,
3104 421 3269 490 atque
3293 418 3430 478 adeo
3452 418 3555 493 ipsi
3578 421 3648 479 sb
3666 423 3804 481 Αη-

531 521 713 590 priora
739 519 948 589 ignorat
975 515 1192 588 Vatic.]
1218 535 1230 571 :
1265 516 1423 571 Beato
1452 514 1642 569 domno
1673 513 1975 587 [posterior
2001 529 2108 570 vox

530 610 682 667 abest
709 624 741 666 a
771 608 916 681 Vat.]
948 609 1104 664 Petro
1134 609 1412 675 adiuvante
1460 606 1663 661 oblatus
1699 615 1774 662 est
1811 607 2110 678 bujusmodi

534 706 699 761 codex
726 707 789 760 ab
819 706 1033 759 Aratore
1060 704 1369 759 subdiacono
1399 699 1559 774 [Vat.
1588 700 1739 755 addit
1765 701 1839 771 (a)
1860 740 1877 767 ,
1916 707 2109 754 sancta:

527 795 778 851 Ecclesia:
831 797 1079 851 Romana:
1129 791 1212 862 et]
1271 802 1447 847 sancto
1495 800 1645 862 atque
1682 793 1962 861 apostolico
1999 793 2109 846 viro

525 904 676 959 papa:
709 887 903 959 Vigilio
924 932 938 956 ,
970 897 1019 941 et
1046 895 1306 955 susceptus
1335 885 1396 938 ab
1429 900 1489 940 eo
1516 884 1600 939 die
1626 900 1719 939 vm
1748 885 1925 939 iduum
1953 885 2110 955 Apri-

524 980 592 1036 lis
619 983 673 1035 in
706 982 1011 1051 presbyterio
1037 988 1154 1034 ante
1185 980 1554 1048 confessionem
1584 979 1746 1032 sancti
1773 977 1937 1049 [Cod.
1961 979 2105 1047 Vat.,

525 1072 657 1127 beati
682 1070 700 1143 ]
734 1072 916 1142 Petri,
949 1087 1063 1125 cum
1090 1070 1275 1125 ibidem
1306 1069 1479 1141 plures
1507 1071 1731 1140 episcopi
1773 1071 1930 1142 [Vat.
1962 1071 2107 1125 addit

524 1163 875 1235 presbyteri],
918 1163 1164 1229 diaconi,
1207 1169 1253 1216 el
1291 1164 1456 1217 clerus
1496 1162 1655 1235 [lege
1695 1178 1759 1217 ex
1791 1161 1909 1216 Vat.
1943 1160 2104 1233 cleri]

522 1270 645 1325 pars
672 1270 893 1307 maxima
922 1255 1115 1325 pariter
1146 1254 1443 1319 interesset,
1475 1268 1618 1321 quem
1648 1268 1764 1306 cum
1792 1251 1980 1306 ibidem
2007 1252 2107 1323 legi

522 1359 643 1397 mox
670 1359 763 1413 pro
793 1344 968 1414 aliqua
997 1354 1144 1411 parte
1171 1345 1408 1414 fecisset,
1452 1342 1728 1413 Surgentio
1753 1385 1769 1409 ,
1807 1345 1915 1398 viro
1951 1359 2104 1398 uene-

520 1433 672 1487 rabili
694 1477 708 1501 ,
744 1434 1035 1503 primicerio
1066 1434 1264 1507 [Vatic.
1299 1434 1460 1489 habet
1490 1434 1792 1507 Surgentius
1814 1476 1829 1502 ,
1857 1442 1935 1491 vir
1961 1452 2106 1492 vene-

517 1526 722 1593 rabilis,
753 1528 1091 1595 primicerius,
1121 1536 1175 1583 et
1201 1529 1271 1581 ita
1314 1528 1483 1582 Aldus
1514 1529 1565 1582 in
1589 1529 1763 1583 Nostri
1789 1528 1928 1600 Vita]
1958 1531 2106 1585 scho-

520 1617 586 1669 la:
620 1619 943 1672 notariorum
974 1619 1028 1671 in
1063 1619 1248 1671 scrinio
1293 1619 1432 1671 dedit
1458 1629 1592 1671 recte
1619 1618 1776 1690 [lege
1805 1635 1868 1674 ex
1899 1621 2017 1676 Vat.
2050 1628 2105 1676 et

518 1704 677 1761 Voss.
710 1706 742 1759 5
762 1747 775 1773 ,
806 1706 1091 1779 Ecclesiw]
1123 1707 1503 1762 collocandum.
1538 1708 1699 1779 Cujus
1739 1710 2099 1765 beatitudinem

2213 520 2330 567 tore
2353 511 2779 568 commendatum
2806 518 2893 565 est
2919 509 3117 581 insigni
3146 512 3394 581 epistola,
3417 529 3484 569 ex
3507 528 3612 585 qua
3637 516 3799 574 sicuti

2212 604 2482 677 pleraeque
2507 602 2780 658 Parthenii
2809 602 2967 658 dotes
2994 611 3048 657 et
3079 602 3306 673 insignia
3333 605 3525 660 merita
3545 606 3802 678 cognosci

2211 704 2472 766 possunt,
2503 696 2575 750 ita
2605 694 2849 749 eamdem
2893 693 3102 749 doctior
3147 695 3296 751 orbis
3335 695 3498 753 debet
3537 708 3802 758 accurata:

2209 787 2394 844 Jacobi
2420 788 2691 843 Sirmondi
2715 788 3027 857 diligentiae,
3057 788 3146 858 qui
3174 788 3377 859 primus
3400 790 3568 846 edidit
3587 807 3652 847 ex
3674 792 3802 851 cod.

2210 876 2896 933 Rhemensimbnachorum
2920 881 2978 935 S.
3001 880 3245 950 Remigii,
3277 882 3329 937 in
3357 883 3498 937 notis
3522 884 3588 937 ad
3617 884 3804 941 Enno-

2209 967 2354 1023 dium
2399 970 2510 1039 (g),
2558 970 2699 1025 unde
2736 969 2989 1041 deinceps
3020 971 3372 1028 Biblimheca:
3403 971 3621 1030 Palmm
3654 977 3799 1048 Lug-

2208 1058 2462 1114 dunensis
2494 1060 2728 1117 editores
2760 1072 3149 1131 expresserunt
3178 1064 3259 1136 (h)
3281 1105 3298 1132 ,
3330 1065 3575 1137 idemque
3616 1070 3800 1125 consi-

2208 1152 2335 1207 lium
2365 1164 2579 1210 secutus
2609 1172 2762 1224 sum,
2797 1158 2922 1213 licet
2964 1160 3017 1213 in
3059 1159 3256 1215 nostris
3297 1161 3457 1217 codd.
3498 1179 3601 1218 non
3630 1181 3791 1233 repe-

2208 1248 2394 1305 riatur.
2438 1250 2690 1308 Barthius
2721 1254 2938 1324 quidem
2970 1256 3033 1326 (i)
3063 1257 3290 1313 Aratore
3327 1259 3567 1314 eamdem
3601 1262 3788 1317 statuit

2208 1340 2479 1412 indignam
2506 1386 2522 1410 ,
2565 1345 2659 1401 sed
2699 1358 3014 1416 argumenta
3050 1350 3169 1418 ejus
3214 1353 3343 1404 tanti
3383 1366 3491 1406 non
3527 1358 3670 1415 sunt,
3718 1356 3779 1404 ut

2208 1448 2434 1504 Operose
2476 1436 2809 1504 telellantur,
2852 1440 2991 1505 quod
3031 1456 3096 1494 ex
3135 1439 3241 1495 illis
3280 1443 3440 1495 etiam
3481 1441 3806 1512 apparebit“

2205 1539 2324 1595 quae
2357 1524 2424 1579 ad
2457 1525 2593 1581 hanc
2625 1528 2905 1595 epistolam
2936 1538 3061 1584 sunt
3091 1539 3293 1585 notata.
3317 1561 3389 1572 —
3410 1532 3525 1586 Alia
3553 1532 3797 1588 Aratoris

2205 1616 2402 1685 scripta
2430 1618 2557 1671 mihi
2589 1620 3010 1675 noninnotuerc.
3032 1625 3106 1676 Ex
3132 1622 3442 1679 Thomasini
3460 1625 3793 1682 Bibliocheca

2204 1710 2453 1767 Palatina
2488 1723 2660 1769 tamen
2692 1715 2966 1770 Fabricius
2987 1718 3055 1787 lj)
3085 1728 3347 1773 memorat
3375 1720 3627 1788 epistolas
3660 1722 3790 1775 Ara-

520 1794 733 1850 litterati
766 1814 939 1853 omnes
968 1800 1252 1853 doctissimi
1285 1799 1422 1871 [iege
1451 1800 1831 1869 doctissimique
1857 1816 1923 1857 ex
1955 1801 2101 1874 Vat.]
2132 1807 2181 1867 B
2210 1807 2341 1859 toris
2381 1821 2549 1871 mss.;
2593 1806 2687 1861 sed
2728 1823 2846 1860 cum
2891 1808 3011 1861 libri
3050 1808 3365 1877 inSpiciendi
3407 1809 3533 1863 mihi
3574 1825 3681 1864 non
3719 1810 3791 1865 sit

518 1888 757 1939 continuo
790 1898 1095 1958 rogaverunt
1117 1932 1131 1956 ,
1162 1898 1219 1943 ut
1249 1907 1362 1944 eum
1381 1891 1589 1962 juberet
1627 1892 1823 1962 publice
1860 1894 2098 1963 recitari,

517 1978 655 2043 quod
684 1995 797 2033 cum
823 1982 937 2048 ﬁeri
962 1985 1281 2053 praecepisset
1311 1984 1363 2036 in
1411 1984 1623 2038 ecclesia
1660 1985 1793 2040 beati
1819 1983 1965 2040 Petri
1989 2002 2103 2056 qua

517 2082 729 2127 vocatur
758 2074 841 2127 Ad
874 2074 1092 2129 Vincula
1112 2117 1127 2141 ,
1169 2077 1259 2130 sub
1301 2075 1452 2149 [dele
1481 2077 1584 2133 hoc
1613 2094 1677 2134 ex
1709 2075 1865 2151 Vat.]
1895 2080 2102 2149 religio-

514 2176 685 2215 sorum
724 2163 879 2216 simul
918 2180 978 2217 ac
1019 2166 1271 2219 laicorum
1310 2168 1591 2235 nobilium,
1633 2170 1721 2223 sed
1761 2180 1807 2223 et
1846 2186 1873 2224 e
1909 2168 2100 2241 populo

516 2254 837 2308 diversorum
863 2255 1092 2327 [novem
1123 2258 1491 2327 praecedentes
1522 2276 1680 2316 voces
1708 2262 1915 2331 ignorat
1944 2261 2097 2335 Vat.]

513 2346 658 2399 turba
688 2350 920 2403 convenit
938 2393 952 2417 ,
984 2361 1134 2421 atque
1160 2352 1336 2407 eodem
1357 2354 1573 2409 Aratore
1596 2354 1906 2410 subdiacono
1929 2356 2100 2428 [abest

513 2451 545 2490 a
577 2436 721 2509 Vat.]
753 2441 1031 2508 recitante,
1072 2444 1321 2498 distinctis
1352 2446 1527 2499 diebus
1553 2447 1699 2501 ambo
1731 2446 1851 2501 libri
1880 2458 2099 2519 quatuor

517 2525 690 2600 (Cod.
733 2530 892 2595 Vat.,
932 2541 1165 2602 septem;
1205 2537 1297 2590 sed
1336 2538 1509 2605 male,
1550 2548 1607 2593 ut
1646 2554 1713 2595 ex
1751 2541 2097 2611 sequentibus

513 2617 698 2690 patet]
725 2619 916 2679 vicibus
942 2632 1060 2677 sunt
1081 2626 1280 2692 auditi,
1307 2644 1420 2681 cum
1443 2629 1496 2682 in
1521 2645 1623 2683 una
1648 2631 1730 2685 die
1754 2632 1956 2685 modica
1977 2649 2099 2703 pars

514 2709 633 2764 libri
687 2710 849 2783 [Vat.
894 2714 1090 2781 habet,
1131 2735 1247 2771 cum
1284 2721 1439 2774 unius
1477 2723 1721 2777 medietas
1759 2723 1913 2793 libri,
1954 2724 2097 2795 quod

510 2801 728 2875 malim]
755 2808 1106 2861 tantummodo
1132 2810 1403 2880 legeretur,
1435 2824 1644 2885 propter
1670 2816 1989 2885 repetitiones
2013 2833 2097 2871 as-

510 2890 710 2960 siduas,
737 2910 865 2964 quas
890 2913 1005 2950 cum
1034 2902 1207 2969 favore
1231 2903 1507 2972 multiplici
1528 2908 1871 2976 postulabant.
1900 2906 2095 2962 Eadem

506 3001 628 3056 ergo
656 2990 890 3044 recitatio
922 2991 1073 3065 [Vat.
1106 2996 1271 3051 codex
1293 3039 1307 3063 ,
1338 3000 1510 3053 eadem
1537 3001 1647 3056 lucc
1676 3001 1927 3073 repetitio]
1957 3005 2095 3072 facta

506 3087 582 3133 est
636 3080 715 3136 Itis
770 3083 978 3150 diebus,
1037 3088 1202 3157 prima
1252 3090 1328 3144 id.
1360 3091 1550 3164 ,Apr.,
1590 3095 1813 3149 secunda
1863 3111 1931 3148 xv
1988 3094 2089 3149 cal.

2204 1898 2356 1964 c0pia
2378 1937 2393 1963 ,
2441 1912 2549 1951 non
2603 1899 2771 1951 ausim
2805 1898 3025 1953 delinire
3074 1910 3249 1952 utrum
3282 1899 3642 1969 intelligantur
3669 1900 3789 1970 epi-

2203 1988 2355 2043 stola:
2384 1988 2447 2041 ad
2481 1988 2782 2042 Florianum
2806 2030 2821 2055 ,
2853 1988 3102 2059 Vigilium
3134 1998 3189 2045 et
3216 1991 3560 2046 Parthenium
3592 1992 3752 2049 datas.

2272 2079 2353 2132 Ad
2394 2078 2567 2149 ipsum
2607 2094 2821 2134 carmen
2862 2080 3001 2150 quod
3037 2083 3261 2149 attinet,
3301 2083 3379 2135 uti
3422 2083 3554 2137 illud
3599 2083 3789 2151 Vigilio

2203 2168 2437 2238 placuit,
2477 2171 2554 2224 sic
2592 2186 2698 2225 non
2738 2172 2913 2225 minus
2951 2171 3178 2226 aliorum
3232 2172 3514 2241 laudibus,
3569 2183 3791 2244 propter

2202 2266 2554 2336 eloquentiam
2576 2308 2589 2330 ,
2620 2266 2720 2323 fuit
2746 2269 3095 2326 celebratum.
3128 2270 3206 2327 lta
3234 2287 3461 2344 namque
3498 2273 3788 2331 Venantius

2201 2360 2524 2416 Fortunatus
2554 2359 2629 2432 (k)
2654 2377 2670 2417 :

2294 2474 2451 2539 Sortis
2469 2476 2748 2537 aposloliCte
2768 2489 2878 2538 quas
2903 2480 3043 2538 gesta
3065 2481 3315 2537 vocantur,
3344 2484 3397 2529 et
3416 2477 3588 2539 Actus,

2293 2536 2521 2586 Facundo
2547 2538 2741 2600 eloquio
2766 2536 3131 2589 vates—suleavit
3151 2536 3347 2591 Arator.

2198 2628 2267 2684 Et
2291 2628 2632 2685 Eberhardus
2659 2630 3036 2686 Bethuniensis
3067 2630 3129 2704 (Ι)
3160 2649 3174 2686 :

2225 2727 2231 2732 ’
2322 2731 2428 2782 Non
2453 2740 2560 2782 aret
2577 2735 2707 2782 serie
2734 2734 2900 2793 metri,
2927 2735 3016 2782 sed
3040 2733 3185 2783 ﬂoret
3206 2734 3404 2785 Arator.

2380 2794 2580 2854 Doctus,
2606 2794 2867 2856 apostolica
2891 2795 3011 2845 facta
3034 2796 3279 2846 decenter
3300 2804 3424 2845 arat.

2196 2897 2559 2969 Eamdemque
2591 2899 2799 2954 laudem
2833 2914 2939 2954 non
2970 2899 3145 2954 minus
3174 2914 3203 2953 a
3235 2898 3620 2970 posterioribus
3655 2913 3782 2957 eru-

2196 2992 2320 3047 ditis
2360 2993 2496 3048 tulit.
2540 2992 2942 3048 Disertissimum
2980 2994 3249 3049 Aratorem
3285 2992 3339 3049 in
3378 2994 3629 3065 perpolita
3660 3009 3778 3048 car-

2194 3088 2329 3139 mine
2356 3085 2589 3156 appellat
2616 3086 2919 3142 Alexander
2947 3101 2978 3141 a
3010 3087 3180 3143 Turre
3205 3087 3297 3159 (m)
3326 3105 3341 3152 ;
3386 3089 3526 3141 acuti
3563 3089 3780 3157 scriptor

508 3169 643 3226 Mai.
674 3172 864 3245 [Aldus
893 3178 945 3232 in
972 3178 1093 3235 Vita
1124 3182 1336 3250 Nostri,
1363 3201 1454 3240 xm
1482 3187 1581 3241 cal.
1611 3186 1790 3258 Mai.j,
1824 3187 1973 3243 tertia
1996 3203 2087 3243 vm
2116 3186 2163 3252 ο
2195 3177 2385 3249 ingenii
2421 3178 2646 3234 habetur
2674 3177 2833 3249 Casp.
2866 3178 3084 3234 Barthio
3114 3179 3225 3251 (η),
3252 3189 3305 3235 et
3339 3178 3463 3234 bene
3487 3180 3701 3245 doctus,
3729 3185 3780 3232 et

506 3262 585 3318 id.
644 3263 776 3320 Mai.
813 3269 924 3341 (b),
966 3282 1151 3341 quarta
1188 3291 1305 3330 vero
1364 3279 1445 3331 die
1481 3294 1538 3334 tu
1576 3279 1681 3333 cal.
1733 3278 1884 3348 Jun.,
1942 3283 2087 3338 tertio

510 3352 656 3424 [Vah
687 3355 837 3413 addit
870 3362 1047 3434 anno]
1087 3374 1200 3437 post
1228 3367 1548 3423 consulatum
1571 3368 1757 3426 Basilii
1791 3371 1854 3427 V.
1884 3373 1942 3430 C.
1964 3417 1979 3443 ,
2008 3376 2089 3429 in-

506 3446 730 3503 dictione
754 3454 993 3521 septima.

578 3535 883 3596 Posteriora
922 3544 1036 3601 haec
1064 3547 1195 3603 satis
1225 3548 1462 3607 indicant
1490 3565 1689 3608 annum
1720 3553 1825 3608 5M
1845 3596 1861 3624 ,
1891 3556 1960 3611 de
1985 3571 2093 3626 quo

507 3630 753 3698 superius
778 3637 980 3690 monui.
1008 3638 1264 3695 Videatur
1285 3642 1556 3699 Relandus
1579 3646 1631 3700 in
1661 3646 1866 3713 FaStis;
1894 3647 2095 3702 Biblio-

509 3720 683 3777 thecze
710 3724 925 3783 Patrum
954 3731 1190 3788 editores
1218 3733 1289 3805 (τ)
1317 3736 1384 3791 ad
1411 3752 1611 3793 annum
1658 3738 1837 3809 Vigilii
1867 3740 1903 3795 5
1926 3748 1979 3794 et
2001 3738 2097 3796 Ju-

509 3814 728 3873 stiniani
757 3820 823 3876 19
852 3835 959 3877 non
988 3825 1117 3880 satis
1146 3835 1393 3884 accurate
1421 3829 1679 3885 referunt.

580 3904 657 3960 Ita
680 3923 799 3964 cum
833 3911 1102 3969 laudatum
1127 3925 1183 3971 et
1204 3919 1257 3972 in
1285 3921 1497 3975 scriniis
1520 3921 1774 3977 Ecclesiae
1798 3921 2092 3993 repositum

506 3992 697 4053 fuisset
726 3999 831 4056 hoc
857 4005 925 4059 de
950 4006 1169 4062 Actibus
1196 4011 1560 4079 apostolorum
1587 4028 1724 4081 opus
1743 4052 1760 4080 ,
1788 3992 1935 4069 misit
1965 4017 2094 4073 illud

507 4082 708 4142 Arator
729 4090 785 4144 in
808 4091 1035 4149 Galliam
1063 4096 1129 4151 ad
1151 4097 1496 4153 Parthenium
1516 4142 1531 4167 ,
1555 4099 1655 4166 ipsi
1678 4102 2093 4176 amicissimum,

507 4174 787 4269 liliumque
807 4187 1010 4241 sororis
1028 4188 1275 4251 Ennodii,
1294 4190 1364 4246 de
1376 4206 1479 4260 quo
1493 4191 1643 4261 plura
1654 4193 1970 4252 Sirmondus
1991 4174 2093 4269 (tl).

507 4264 751 4361 llratoris
800 4272 966 4330 fuisse
1012 4278 1437 4335 commilitonem
1483 4283 1641 4339 docet
1688 4283 1953 4341 Funccius
1998 4264 2090 4361 le).

505 4354 559 4413 Is
608 4361 801 4419 illustri
848 4366 1063 4422 nomine
1114 4367 1358 4438 insignis,
1404 4372 1659 4441 magister
1704 4354 2096 4434 ollit'iorum‘et

505 4452 765 4519 patricius
806 4456 921 4529 (ι’),
957 4471 1054 4514 sua
1090 4461 1416 4518 auctoritate
1452 4462 1749 4533 plurimum
1783 4469 2086 4524 ornamenti

2066 4652 2093 4660 ἡ.

497 4715 521 4739 ,ί
544 4656 661 4739 ta)
680 4656 755 4739 _I_n
791 4636 1230 4739 00d._RhelttegSi
1258 4642 1659 4739 monachorum
1706 4664 1795 4739 β.Δ
1819 4648 2083 4739 Remigii,

507 4732 647 4805 apud
678 4729 1018 4805 Sirmondum
1048 4733 1114 4787 ad
1148 4735 1357 4788 Ennod.
1389 4750 1439 4789 ιι
1463 4774 1476 4798 ,
1506 4738 1663 4803 epist.
1698 4736 1751 4801 1,
1782 4729 2004 4805 legitur:
2023 4729 2087 4794 ab

506 4797 727 4877 Aratorc
750 4801 942 4877 illustri
957 4843 972 4868 ,
998 4805 1240 4877 cncomite
1264 4797 1688 4877 domesticorum],
1711 4797 1959 4877 ρζῃςοῖηἱιε
1982 4797 2091 4877 pri-

506 4874 780 4943 natarum,
820 4874 929 4926 uiro
968 4875 1244 4943 religioso,
1283 4876 1600 4929 subdiacono
1640 4876 1703 4931 S.
1746 4874 1814 4931 E.
1845 4877 1915 4933 Β.
1954 4874 2090 4937 sedis
2188 4874 2323 4937 tom.
2355 4874 2430 4941 ll,

507 4941 837 5015 apostolicte,
867 4954 1045 4999 sancto
1067 4941 1226 5015 atque
1252 4946 1534 5014 apostolico
1552 4986 1568 5014 ,
1598 4957 1701 5001 etc.

2194 3268 2396 3336 facilior
2427 3270 2578 3324 etiam
2609 3270 2663 3325 in
2699 3279 2769 3324 tot
2809 3270 3218 3340 difﬁcultatibus,
3260 3286 3414 3342 quam
3440 3272 3611 3325 saculi
3635 3270 3786 3341 illius

2194 3358 2335 3413 trioa:
2370 3360 2476 3429 fere
2505 3361 2731 3429 ferebant
2773 3361 2851 3431 (of
2878 3376 2892 3425 ;
2922 3360 3203 3414 admodum
3230 3360 3415 3415 doctus
3441 3359 3561 3431 (p);
3597 3358 3777 3413 erudi-

2191 3459 2274 3505 tus
2305 3452 2379 3523 (q)
2408 3469 2421 3517 ;
2452 3454 2657 3507 minime
2688 3454 3085 3507 contemnendus
3126 3450 3197 3521 (r)
3224 3469 3238 3518 ;
3267 3451 3546 3521 ipsumque
3584 3463 3777 3521 poema

2194 3544 2361 3597 nobile
2410 3543 2603 3597 dicitur
2651 3544 2825 3598 eidem
2867 3543 2938 3614 (s)
2962 3584 2977 3608 ,
3017 3544 3146 3598 adeo
3186 3554 3242 3598 ut
3278 3545 3399 3597 satis
3434 3543 3690 3595 admirari
3722 3539 3778 3595 id

2194 3636 2357 3688 multa
2384 3635 2572 3688 saecula
2598 3650 2699 3688 non
2724 3635 3020 3705 potuerint;
3049 3643 3103 3690 et
3131 3649 3260 3691 sane
3297 3644 3447 3704 plura
3481 3633 3657 3688 eidem
3696 3635 3779 3688 in-

2194 3734 2320 3782 sunt
2350 3726 2614 3794 elegantia
2636 3768 2652 3793 ,
2681 3728 2950 3796 praecipue
2980 3743 3102 3782 cum
3141 3728 3373 3797 Optimos
3413 3740 3651 3796 quosque
3689 3738 3780 3780 se-

2194 3825 2348 3873 cutus
2379 3817 2537 3872 fuerit
2569 3818 2770 3886 duces,
2804 3820 2942 3890 quod
2984 3820 3092 3887 jam
3135 3819 3307 3888 attigit
3347 3817 3636 3873 Withoﬁus
3675 3817 3779 3887 (ι),

2195 3918 2249 3964 et
2278 3924 2342 3963 ex
2374 3909 2641 3964 veteribus
2668 3911 2932 3978 praecipue
2960 3909 3230 3964 Lucanum
3248 3949 3263 3973 ,
3293 3909 3433 3978 quod
3461 3906 3780 3977 quibusdam

2195 4000 2456 4069 exemplis
2497 4002 2547 4053 in
2579 3999 3055 4054 Observationibus
3092 4000 3248 4052 docui
3290 4000 3410 4069 (u):
3454 4007 3613 4068 atque
3658 3996 3781 4052 hinc

2194 4092 2554 4162 gratissimam
2584 4091 2813 4161 quodam
2856 4092 2975 4146 loco
3004 4105 3253 4145 versuum
3283 4090 3778 4144 concatenationem

2195 4185 2436 4240 laudavit
2465 4184 2607 4239 Beda
2635 4186 2746 4256 (v),
2777 4194 2834 4241 et
2865 4185 3112 4239 acumine
3151 4198 3286 4250 suo,
3329 4184 3380 4237 in
3420 4179 3777 4237 describenda

2199 4276 2351 4332 Pauli
2390 4276 2673 4343 discessu,
2716 4276 3057 4331 Latinitatem
3101 4275 3244 4329 illius
3283 4274 3457 4328 aetatis
3497 4284 3781 4342 superasse

2192 4386 2325 4428 vere
2356 4372 2572 4439 scripsit
2600 4370 2848 4425 Barthius
2876 4370 2977 4439 (a).
3010 4369 3193 4437 Neque
3224 4378 3403 4422 tamen
3428 4367 3663 4422 ditliteor
3699 4364 3775 4420 ni-

2196 4464 2306 4520 mio
2342 4462 2715 4535 allegoriarum
2751 4460 2929 4518 studio
2961 4459 3230 4515 interdum
3255 4457 3422 4514 fuisse
3460 4459 3742 4530 abreptum
3764 4493 3786 4529 ι

2102 4655 2168 4735 “1)
2257 4631 2620 4793 φὐῑιτιῐὸιιι.
2652 4653 2796 4720 med.
2826 4671 2881 4719 et
2909 4660 3239 4746 ineptiam,
3270 4669 3404 4717 tom.
3436 4657 3489 4729 ι,
3519 4674 3572 4732 p.
3602 4656 3730 4718 318.
3759 4638 3774 4662 ’

2262 4743 2280 4807 (
2323 4743 2338 4809 )
2376 4736 2850 4809 VitaiMartinAi,_in
2879 4736 3160 4809 principio.
3214 4802 3229 4809 _
3404 4802 3418 4809 _
3465 4800 3486 4809 _
3557 4800 3581 4809 _
3662 4800 3674 4809 _

2376 4739 2495 4793 Vita
2524 4735 3225 4803 Martini,inprincipio.i
3408 4800 3484 4803 7‘
3558 4800 3579 4803 _
3662 4800 3672 4803 _
3792 4782 3799 4796 .

2263 4800 2329 4881 ll)
2356 4808 2521 4881 AApttd
2553 4800 2893 4881 fabricium,
2925 4800 3066 4859 Bibl;
3110 4802 3254 4858 med.
3302 4810 3359 4858 et
3403 4800 3503 4859 ini.
3557 4800 3771 4858 Latin..

2263 4876 2725 5022 Εἶθῃὺθρῖεὲἓὲιῖιί
2768 4943 2921 5001 radio
2963 4942 3176 5001 Eccles.
3224 4942 3517 5007 hierarch.,
3550 4950 3687 5013 part.
3722 4943 3771 5015 ιζ.

578 5008 656 5091 (ὁ)
696 4999 1015 5091 Hunediem
1046 4999 1151 5068 vm'
1182 4999 1301 5071 idus
1344 4999 1518 5091 Maias
1553 4999 1751 5073 bmittit
1793 5018 1953 5087 γει,
1995 5022 2086 5091 qui
2187 4999 2646 5091 tib‘,"i'v,—é,;223,

496 5084 623 5156 tres
648 5082 1002 5156 repetitiones
1029 5095 1328 5153 memorat,
1374 5088 1690 5156 tertiamque
1718 5082 2087 5148 constituitur

508 5147 824 5223 eal._Jun.;
872 5154 967 5209 sed
1008 5156 1053 5211 is
1094 5171 1249 5211 error
1289 5147 1371 5212 est
1414 5147 1653 5223 librarii,
1700 5162 1877 5215 media
1919 5147 2087 5217 omit-1

495 5220 671 5301 ,ten‘tis
693 5226 769 5301 ob
800 5226 1217 5301 eamdemvocis
1258 5230 1438 5301 tertius
1476 5220 1888 5299 repetitionem,
1925 5234 1998 5286 ita
2028 5240 2087 5288 ut

508 5294 658 5369 tertia
685 5294 925 5369 uinxerit
954 5297 1130 5369 statim
1162 5294 1554 5369 sequentibus;
1575 5304 1724 5355 tertio
1745 5303 1848 5358 cal.
1874 5294 2009 5356 Jun.

564 5359 654 5435 (ιζ)
696 5361 849 5435 Tom.
881 5362 958 5433 X,
991 5382 1046 5435 p.
1082 5368 1202 5423 125.
1241 5359 1255 5367 ’
1525 5359 1537 5369 ’
1696 5433 1701 5435 _
1736 5421 1741 5432 ,
1876 5378 1880 5382 '

562 5430 659 5510 :(d)
696 5432 780 5510 ῥά
814 5430 1020 5510 Ennod.
1051 5438 1084 5510 6
1110 5440 1262 5510 epist.
1284 5482 1300 5507 ,
1333 5456 1386 5510 p.
1423 5441 1580 5501 1491.

578 5498 660 5582 (εί).
696 5500 771 5582 Ile
793 5506 1013 5582 Adecrep.
1047 5509 1108 5566 L.
1139 5498 1202 5566 L.
1234 5498 1447 5567 Sen'ect.
1471 5498 1577 5582 ,p.’
1602 5512 1731 5569 246.
1803 5579 1816 5582 _
1916 5581 1925 5582 ,
1974 5574 1982 5582 .

560 5570 665 5708 τυξ
706 5572 838 5656 Vide
866 5570 1272 5650 inscriptionem
1300 5570 1541 5655 epistolae
1579 5586 1648 5641 ad
1673 5574 2067 5641 Parthenium.‘

581 5639 635 5707 (g
700 5640 819 5701 Lib.
851 5664 936 5708 ιι.
967 5654 1126 5708 epist.
1160 5654 1211 5708 1.
1480 5705 1485 5708 _
1552 5668 1558 5677 '
1706 5670 1712 5677 ε
1820 5670 1823 5673 ’

695 5640 819 5721 μὴ.
851 5664 936 5721 ιε,
967 5639 1126 5721 epist.
1160 5654 1211 5709 1.
1335 5639 1352 5655 ³
1402 5639 1423 5721 λ
1804 5670 1823 5721 ᾖ

578 5712 663 5792 (’3)
695 5714 850 5792 Tom.
882 5712 963 5787 Χ,
995 5712 1049 5790 ᾖ.
1082 5722 1205 5778 141.

578 5783 657 5859 (ί)
684 5784 910 5850 Advers.
940 5783 1102 5864 sint,
1132 5792 1189 5847 2.
1224 5858 1225 5861 η
1353 5792 1359 5815 ³
1390 5802 1413 5811 ’“
1447 5856 1457 5864 .

2241 5730 2248 5749 1

2243 5759 2255 5795 1

2286 5090 2340 5160 n)
2382 5089 2459 5160 Ad
2491 5089 2641 5160 Statii
2670 5086 2929 5160 Silvasm
2949 5128 2967 5155 ,
2995 5088 3031 5140 2
3051 5087 3191 5160 [ξε.

2288 5157 2342 5225 o)
2380 5159 2459 5214 Ad
2491 5159 2717 5213 Statium
2749 5175 2801 5215 tv
2827 5159 3001 5216 Theb.
3022 5198 3038 5225 ,
3073 5157 3161 5212 19.

2263 5163 2316 5230 (ο
2380 5163 2459 5214 Ad
2491 5163 2717 5213 Statium
2749 5175 2801 5215 tv
2827 5163 3001 5216 Theb.
3022 5198 3038 5225 ,
3073 5163 3161 5212 19.

2263 5163 2346 5299 (pl
2388 5230 2465 5284 Ad
2496 5230 2719 5285 Statium
2745 5245 2801 5285 Vt
2829 5230 2998 5284 'l‘heb.
3020 5269 3036 5292 ,
3068 5227 3191 5284 530.

2286 5297 2340 5369 ᾳ)
2381 5302 2460 5356 Ad
2491 5302 2767 5355 (llaudtan.
2802 5300 2970 5355 Laud.
3002 5299 3248 5356 Slilicon.
3278 5313 3370 5368 Ill,
3404 5297 3527 5354 122.

2288 5372 2334 5439 r)
2376 5373 2598 5427 Advers.
2629 5388 2719 5425 vm
2743 5414 2758 5439 ,
2792 5372 2877 5425 12.

2286 5441 2332 5509 s)
2372 5442 2450 5496 Ad
2483 5444 2707 5496 Statium
2738 5457 2790 5494 tv
2817 5442 2988 5496 Theb.
3011 5486 3025 5509 ,
3061 5441 3148 5495 19.

2284 5514 2324 5581 ι)
2362 5512 2596 5578 Specitu.
2625 5512 2887 5567 Gunther.
2916 5553 2928 5575 ,
2962 5528 3016 5581 p.
3047 5512 3172 5567 108.

2239 5582 2341 5648 '(u)
2387 5584 2517 5637 Vide
2545 5584 2611 5636 ad
2641 5582 2732 5635 lib.
2767 5599 2819 5648 t,
2849 5582 2919 5635 49
2940 5626 2952 5637 .
2985 5593 3040 5636 et
3070 5584 3188 5637 aliis
3214 5582 3369 5636 locis.

2236 5647 2337 5734 ξζυ)
2376 5652 2689 5734 bellacis,
2722 5668 2776 5721 p.
2803 5654 2965 5734 2_5_67_,
2993 5654 3133 5734 inter
3160 5652 3407 5709 Gramm.
3440 5647 3705 5708 Putschii.
3813 5717 3838 5734 ς

2287 5721 2343 5796 :c)
2380 5723 2462 5783 Ad
2490 5721 2718 5787 Statium
2744 5739 2796 5779 tv
2820 5724 2989 5781 Theb.
3012 5763 3029 5791 ,
3061 5722 3149 5778 25.

2345 5908 2417 5925 κα-
