  <div class='ocr_page' id='page_1' title='image "/cluster/home/n/w/nwhite01/storage/ocr_20150623/68/hvd.32044015469331/034.png"; bbox 0 0 4038 6350; ppageno 0'>
   <div class='ocr_carea' id='block_1_1' title="bbox 244 234 1802 345">
    <p class='ocr_par' dir='ltr' id='par_1_1' title="bbox 244 261 1802 329">
     <span class='ocr_line' id='line_1_1' title="bbox 244 261 1802 329; baseline 0.003 -7"><span class='ocrx_word' id='word_1_1' title='bbox 244 261 311 322; x_wconf 73' lang='lat'><strong>57</strong></span> <span class='ocrx_word' id='word_1_2' title='bbox 1368 267 1435 326; x_wconf 80' lang='lat' dir='ltr'><strong>ﬂ.</strong></span> <span class='ocrx_word' id='word_1_3' title='bbox 1474 267 1525 327; x_wconf 78' lang='lat' dir='ltr'><strong>J.</strong></span> <span class='ocrx_word' id='word_1_4' title='bbox 1565 266 1802 329; x_wconf 66' lang='lat' dir='ltr'><strong>ARNTZ‘.</strong></span> 
     </span>
    </p>
   </div>
   <div class='ocr_carea' id='block_1_2' title="bbox 1908 234 3501 345">
    <p class='ocr_par' dir='ltr' id='par_1_2' title="bbox 1908 234 3501 345">
     <span class='ocr_line' id='line_1_2' title="bbox 1908 234 3501 345; baseline 0.009 -15"><span class='ocrx_word' id='word_1_5' title='bbox 1908 268 1939 330; x_wconf 67' lang='grc' dir='ltr'>πι</span> <span class='ocrx_word' id='word_1_6' title='bbox 1976 260 2386 335; x_wconf 65' lang='lat' dir='ltr'><strong>primario.”</strong></span> <span class='ocrx_word' id='word_1_7' title='bbox 2582 247 2598 268; x_wconf 79' lang='grc'><strong>⁸</strong></span> <span class='ocrx_word' id='word_1_8' title='bbox 3010 234 3036 301; x_wconf 62' lang='grc' dir='ltr'><strong>λ</strong></span> <span class='ocrx_word' id='word_1_9' title='bbox 3082 236 3086 238; x_wconf 48' lang='grc'><em>’</em></span> <span class='ocrx_word' id='word_1_10' title='bbox 3428 285 3501 345; x_wconf 77' lang='lat' dir='ltr'><strong>ss</strong></span> 
     </span>
    </p>
   </div>
   <div class='ocr_carea' id='block_1_3' title="bbox 243 375 3497 470">
    <p class='ocr_par' dir='ltr' id='par_1_3' title="bbox 243 375 3497 470">
     <span class='ocr_line' id='line_1_3' title="bbox 243 375 3497 470; baseline 0.006 -35"><span class='ocrx_word' id='word_1_11' title='bbox 243 380 450 451; x_wconf 77' lang='lat' dir='ltr'><strong>illisque</strong></span> <span class='ocrx_word' id='word_1_12' title='bbox 478 376 723 436; x_wconf 90' lang='lat' dir='ltr'><strong>eumdem</strong></span> <span class='ocrx_word' id='word_1_13' title='bbox 765 375 988 435; x_wconf 82' lang='lat' dir='ltr'><strong>carmini</strong></span> <span class='ocrx_word' id='word_1_14' title='bbox 1029 376 1429 451; x_wconf 86' lang='lat' dir='ltr'><strong>elegantissimo</strong></span> <span class='ocrx_word' id='word_1_15' title='bbox 1465 397 1574 440; x_wconf 91' lang='lat' dir='ltr'><strong>non</strong></span> <span class='ocrx_word' id='word_1_16' title='bbox 1616 398 1814 454; x_wconf 85' lang='lat' dir='ltr'><strong>paucas</strong></span> <span class='ocrx_word' id='word_1_17' title='bbox 1840 388 2346 458; x_wconf 75' lang='lat' dir='ltr'><strong>Acontrahebant,</strong></span> <span class='ocrx_word' id='word_1_18' title='bbox 2386 388 2470 446; x_wconf 91' lang='lat' dir='ltr'><strong>vel</strong></span> <span class='ocrx_word' id='word_1_19' title='bbox 2529 390 2887 451; x_wconf 77' lang='lat' dir='ltr'><strong>extendebant</strong></span> <span class='ocrx_word' id='word_1_20' title='bbox 2927 392 3027 468; x_wconf 75' lang='grc' dir='ltr'><strong>(Ιε).</strong></span> <span class='ocrx_word' id='word_1_21' title='bbox 3063 394 3137 455; x_wconf 89' lang='lat' dir='ltr'><strong>Ut</strong></span> <span class='ocrx_word' id='word_1_22' title='bbox 3177 401 3359 455; x_wconf 86' lang='lat' dir='ltr'><strong>tamen</strong></span> <span class='ocrx_word' id='word_1_23' title='bbox 3398 413 3497 470; x_wconf 89' lang='lat' dir='ltr'><strong>ap-</strong></span> 
     </span>
    </p>
   </div>
   <div class='ocr_carea' id='block_1_4' title="bbox 244 471 1816 543">
    <p class='ocr_par' dir='ltr' id='par_1_4' title="bbox 244 471 1816 543">
     <span class='ocr_line' id='line_1_4' title="bbox 244 471 1816 543; baseline 0.004 -16"><span class='ocrx_word' id='word_1_24' title='bbox 244 472 494 527; x_wconf 85' lang='lat' dir='ltr'><strong>inussisse</strong></span> <span class='ocrx_word' id='word_1_25' title='bbox 524 471 790 539; x_wconf 83' lang='lat' dir='ltr'><strong>maculas,</strong></span> <span class='ocrx_word' id='word_1_26' title='bbox 820 471 885 526; x_wconf 89' lang='lat' dir='ltr'><strong>iis</strong></span> <span class='ocrx_word' id='word_1_27' title='bbox 917 473 1179 543; x_wconf 84' lang='lat' dir='ltr'><strong>praecipue</strong></span> <span class='ocrx_word' id='word_1_28' title='bbox 1205 474 1338 530; x_wconf 88' lang='lat' dir='ltr'><strong>locis</strong></span> <span class='ocrx_word' id='word_1_29' title='bbox 1378 474 1469 530; x_wconf 89' lang='lat' dir='ltr'><strong>ubi</strong></span> <span class='ocrx_word' id='word_1_30' title='bbox 1508 490 1667 533; x_wconf 86' lang='lat' dir='ltr'><strong>voces</strong></span> <span class='ocrx_word' id='word_1_31' title='bbox 1706 475 1816 533; x_wconf 85' lang='lat' dir='ltr'><strong>He-</strong></span> 
     </span>
    </p>
   </div>
   <div class='ocr_carea' id='block_1_5' title="bbox 241 562 1817 635">
    <p class='ocr_par' dir='ltr' id='par_1_5' title="bbox 241 562 1817 635">
     <span class='ocr_line' id='line_1_5' title="bbox 241 562 1817 635; baseline 0.003 -16"><span class='ocrx_word' id='word_1_32' title='bbox 241 563 444 619; x_wconf 88' lang='lat' dir='ltr'><strong>braicas</strong></span> <span class='ocrx_word' id='word_1_33' title='bbox 475 562 612 617; x_wconf 89' lang='lat' dir='ltr'><strong>male</strong></span> <span class='ocrx_word' id='word_1_34' title='bbox 644 563 740 617; x_wconf 82' lang='lat' dir='ltr'><strong>fuit</strong></span> <span class='ocrx_word' id='word_1_35' title='bbox 767 562 1149 633; x_wconf 77' lang='lat' dir='ltr'><strong>interpretatus</strong></span> <span class='ocrx_word' id='word_1_36' title='bbox 1170 605 1186 631; x_wconf 96' lang='lat'><strong>,</strong></span> <span class='ocrx_word' id='word_1_37' title='bbox 1219 573 1381 635; x_wconf 84' lang='lat' dir='ltr'><strong>atque</strong></span> <span class='ocrx_word' id='word_1_38' title='bbox 1408 579 1475 621; x_wconf 78' lang='lat' dir='ltr'><strong>ex</strong></span> <span class='ocrx_word' id='word_1_39' title='bbox 1506 565 1570 622; x_wconf 91' lang='lat' dir='ltr'><strong>iis</strong></span> <span class='ocrx_word' id='word_1_40' title='bbox 1596 567 1817 624; x_wconf 82' lang='lat' dir='ltr'><strong>allusio-</strong></span> 
     </span>
    </p>
   </div>
   <div class='ocr_carea' id='block_1_6' title="bbox 240 654 1816 724">
    <p class='ocr_par' dir='ltr' id='par_1_6' title="bbox 240 654 1816 724">
     <span class='ocr_line' id='line_1_6' title="bbox 240 654 1816 724; baseline 0.006 -16"><span class='ocrx_word' id='word_1_41' title='bbox 240 667 354 717; x_wconf 86' lang='lat' dir='ltr'><strong>nes,</strong></span> <span class='ocrx_word' id='word_1_42' title='bbox 391 654 702 724; x_wconf 89' lang='lat' dir='ltr'><strong>plerumque</strong></span> <span class='ocrx_word' id='word_1_43' title='bbox 732 654 1041 724; x_wconf 87' lang='lat' dir='ltr'><strong>languidas,</strong></span> <span class='ocrx_word' id='word_1_44' title='bbox 1072 656 1357 712; x_wconf 78' lang='lat' dir='ltr'><strong>derivavit.</strong></span> <span class='ocrx_word' id='word_1_45' title='bbox 1388 656 1448 712; x_wconf 91' lang='lat' dir='ltr'><strong>In</strong></span> <span class='ocrx_word' id='word_1_46' title='bbox 1480 658 1672 715; x_wconf 85' lang='lat' dir='ltr'><strong>talibus</strong></span> <span class='ocrx_word' id='word_1_47' title='bbox 1718 660 1816 717; x_wconf 85' lang='lat' dir='ltr'><strong>bos</strong></span> 
     </span>
    </p>
   </div>
   <div class='ocr_carea' id='block_1_7' title="bbox 240 748 1813 819">
    <p class='ocr_par' dir='ltr' id='par_1_7' title="bbox 240 748 1813 819">
     <span class='ocr_line' id='line_1_7' title="bbox 240 748 1813 819; baseline 0.004 -17"><span class='ocrx_word' id='word_1_48' title='bbox 240 748 525 816; x_wconf 88' lang='lat' dir='ltr'><strong>scriptores</strong></span> <span class='ocrx_word' id='word_1_49' title='bbox 573 762 740 818; x_wconf 83' lang='lat' dir='ltr'><strong>nugas</strong></span> <span class='ocrx_word' id='word_1_50' title='bbox 790 749 987 817; x_wconf 59' lang='lat' dir='ltr'><strong>sapius</strong></span> <span class='ocrx_word' id='word_1_51' title='bbox 1015 749 1188 819; x_wconf 81' lang='lat' dir='ltr'><strong>egisse</strong></span> <span class='ocrx_word' id='word_1_52' title='bbox 1230 759 1377 805; x_wconf 90' lang='lat' dir='ltr'><strong>recte</strong></span> <span class='ocrx_word' id='word_1_53' title='bbox 1416 753 1670 807; x_wconf 89' lang='lat' dir='ltr'><strong>censebat</strong></span> <span class='ocrx_word' id='word_1_54' title='bbox 1708 753 1813 808; x_wconf 90' lang='lat' dir='ltr'><strong>Da-</strong></span> 
     </span>
    </p>
   </div>
   <div class='ocr_carea' id='block_1_8' title="bbox 238 836 1811 912">
    <p class='ocr_par' dir='ltr' id='par_1_8' title="bbox 238 836 1811 912">
     <span class='ocr_line' id='line_1_8' title="bbox 238 836 1811 912; baseline 0.008 -23"><span class='ocrx_word' id='word_1_55' title='bbox 238 837 343 890; x_wconf 90' lang='lat' dir='ltr'><strong>niel</strong></span> <span class='ocrx_word' id='word_1_56' title='bbox 377 837 622 890; x_wconf 84' lang='lat' dir='ltr'><strong>Heinsius</strong></span> <span class='ocrx_word' id='word_1_57' title='bbox 650 836 725 907; x_wconf 84' lang='lat' dir='ltr'><strong>(a)</strong></span> <span class='ocrx_word' id='word_1_58' title='bbox 748 877 764 904; x_wconf 90' lang='lat'><strong>,</strong></span> <span class='ocrx_word' id='word_1_59' title='bbox 795 846 849 892; x_wconf 92' lang='lat' dir='ltr'><strong>et</strong></span> <span class='ocrx_word' id='word_1_60' title='bbox 874 854 999 893; x_wconf 88' lang='lat' dir='ltr'><strong>vere</strong></span> <span class='ocrx_word' id='word_1_61' title='bbox 1025 836 1182 895; x_wconf 81' lang='lat' dir='ltr'><strong>Joan.</strong></span> <span class='ocrx_word' id='word_1_62' title='bbox 1209 843 1344 909; x_wconf 81' lang='lat' dir='ltr'><strong>Aug.</strong></span> <span class='ocrx_word' id='word_1_63' title='bbox 1372 842 1620 912; x_wconf 89' lang='lat' dir='ltr'><strong>Ernesti,</strong></span> <span class='ocrx_word' id='word_1_64' title='bbox 1655 842 1718 897; x_wconf 73' lang='grc' dir='ltr'><strong>ν.</strong></span> <span class='ocrx_word' id='word_1_65' title='bbox 1745 841 1811 902; x_wconf 88' lang='lat' dir='ltr'><strong>C.</strong></span> 
     </span>
    </p>
   </div>
   <div class='ocr_carea' id='block_1_9' title="bbox 240 924 1814 1001">
    <p class='ocr_par' dir='ltr' id='par_1_9' title="bbox 240 924 1814 1001">
     <span class='ocr_line' id='line_1_9' title="bbox 240 924 1814 1001; baseline 0.008 -23"><span class='ocrx_word' id='word_1_66' title='bbox 240 924 375 979; x_wconf 83' lang='lat' dir='ltr'><strong>Nam</strong></span> <span class='ocrx_word' id='word_1_67' title='bbox 406 943 520 979; x_wconf 89' lang='lat' dir='ltr'><strong>cum</strong></span> <span class='ocrx_word' id='word_1_68' title='bbox 542 967 556 990; x_wconf 96' lang='lat'><strong>,</strong></span> <span class='ocrx_word' id='word_1_69' title='bbox 591 926 761 997; x_wconf 85' lang='lat' dir='ltr'><strong>inquit</strong></span> <span class='ocrx_word' id='word_1_70' title='bbox 790 928 895 999; x_wconf 89' lang='lat' dir='ltr'><strong>(b),</strong></span> <span class='ocrx_word' id='word_1_71' title='bbox 928 931 1108 1001; x_wconf 82' lang='lat' dir='ltr'><strong>religio</strong></span> <span class='ocrx_word' id='word_1_72' title='bbox 1158 928 1454 986; x_wconf 86' lang='lat' dir='ltr'><strong>Christiana</strong></span> <span class='ocrx_word' id='word_1_73' title='bbox 1496 933 1563 986; x_wconf 87' lang='lat' dir='ltr'><strong>ad</strong></span> <span class='ocrx_word' id='word_1_74' title='bbox 1613 933 1814 990; x_wconf 66' lang='lat' dir='ltr'><strong>Graecos</strong></span> 
     </span>
    </p>
   </div>
   <div class='ocr_carea' id='block_1_10' title="bbox 238 1022 1814 1096">
    <p class='ocr_par' dir='ltr' id='par_1_10' title="bbox 238 1022 1814 1096">
     <span class='ocr_line' id='line_1_10' title="bbox 238 1022 1814 1096; baseline 0.006 -25"><span class='ocrx_word' id='word_1_75' title='bbox 238 1027 358 1071; x_wconf 83' lang='lat' dir='ltr'><strong>esset</strong></span> <span class='ocrx_word' id='word_1_76' title='bbox 388 1029 701 1089; x_wconf 88' lang='lat' dir='ltr'><strong>propagata,</strong></span> <span class='ocrx_word' id='word_1_77' title='bbox 733 1022 961 1075; x_wconf 87' lang='lat' dir='ltr'><strong>doctores</strong></span> <span class='ocrx_word' id='word_1_78' title='bbox 993 1022 1265 1090; x_wconf 68' lang='lat' dir='ltr'><strong>Ecclesiae,</strong></span> <span class='ocrx_word' id='word_1_79' title='bbox 1299 1027 1383 1095; x_wconf 90' lang='lat' dir='ltr'><strong>qui</strong></span> <span class='ocrx_word' id='word_1_80' title='bbox 1415 1025 1466 1078; x_wconf 90' lang='lat' dir='ltr'><strong>in</strong></span> <span class='ocrx_word' id='word_1_81' title='bbox 1496 1025 1814 1096; x_wconf 78' lang='lat' dir='ltr'><strong>explicandis</strong></span> 
     </span>
    </p>
   </div>
   <div class='ocr_carea' id='block_1_11' title="bbox 236 1108 1811 1186">
    <p class='ocr_par' dir='ltr' id='par_1_11' title="bbox 236 1108 1811 1186">
     <span class='ocr_line' id='line_1_11' title="bbox 236 1108 1811 1186; baseline 0.006 -26"><span class='ocrx_word' id='word_1_82' title='bbox 236 1108 413 1161; x_wconf 84' lang='lat' dir='ltr'><strong>divinis</strong></span> <span class='ocrx_word' id='word_1_83' title='bbox 435 1111 784 1177; x_wconf 74' lang='lat' dir='ltr'><strong>versabantur,</strong></span> <span class='ocrx_word' id='word_1_84' title='bbox 813 1111 1036 1182; x_wconf 76' lang='lat' dir='ltr'><strong>plerique</strong></span> <span class='ocrx_word' id='word_1_85' title='bbox 1051 1114 1432 1183; x_wconf 86' lang='lat' dir='ltr'><strong>—ignorabant</strong></span> <span class='ocrx_word' id='word_1_86' title='bbox 1453 1116 1681 1186; x_wconf 85' lang='lat' dir='ltr'><strong>linguam</strong></span> <span class='ocrx_word' id='word_1_87' title='bbox 1704 1115 1811 1170; x_wconf 84' lang='lat' dir='ltr'><strong>He-</strong></span> 
     </span>
    </p>
   </div>
   <div class='ocr_carea' id='block_1_12' title="bbox 236 1198 1811 1277">
    <p class='ocr_par' dir='ltr' id='par_1_12' title="bbox 236 1198 1811 1277">
     <span class='ocr_line' id='line_1_12' title="bbox 236 1198 1811 1277; baseline 0.008 -26"><span class='ocrx_word' id='word_1_88' title='bbox 236 1198 450 1252; x_wconf 82' lang='lat' dir='ltr'><strong>braicam</strong></span> <span class='ocrx_word' id='word_1_89' title='bbox 472 1245 486 1269; x_wconf 86' lang='lat'><strong>,</strong></span> <span class='ocrx_word' id='word_1_90' title='bbox 515 1201 721 1267; x_wconf 87' lang='lat' dir='ltr'><strong>solaque</strong></span> <span class='ocrx_word' id='word_1_91' title='bbox 746 1200 924 1257; x_wconf 65' lang='grc' dir='ltr'><strong>(ἔνατα</strong></span> <span class='ocrx_word' id='word_1_92' title='bbox 949 1206 1002 1258; x_wconf 87' lang='lat' dir='ltr'><strong>in</strong></span> <span class='ocrx_word' id='word_1_93' title='bbox 1030 1205 1407 1277; x_wconf 86' lang='lat' dir='ltr'><strong>interpretando</strong></span> <span class='ocrx_word' id='word_1_94' title='bbox 1430 1209 1716 1263; x_wconf 81' lang='lat' dir='ltr'><strong>utebantur.</strong></span> <span class='ocrx_word' id='word_1_95' title='bbox 1741 1239 1811 1251; x_wconf 94' lang='lat'><strong>—</strong></span> 
     </span>
    </p>
   </div>
   <div class='ocr_carea' id='block_1_13' title="bbox 233 1290 1805 1370">
    <p class='ocr_par' dir='ltr' id='par_1_13' title="bbox 233 1290 1805 1370">
     <span class='ocr_line' id='line_1_13' title="bbox 233 1290 1805 1370; baseline 0.01 -27"><span class='ocrx_word' id='word_1_96' title='bbox 233 1290 282 1344; x_wconf 85' lang='grc' dir='ltr'><em>Η</em></span> <span class='ocrx_word' id='word_1_97' title='bbox 292 1294 371 1345; x_wconf 89' lang='lat' dir='ltr'><strong>inc</strong></span> <span class='ocrx_word' id='word_1_98' title='bbox 399 1303 524 1347; x_wconf 74' lang='lat' dir='ltr'><strong>orta:</strong></span> <span class='ocrx_word' id='word_1_99' title='bbox 548 1304 662 1347; x_wconf 88' lang='lat' dir='ltr'><strong>sunt</strong></span> <span class='ocrx_word' id='word_1_100' title='bbox 691 1297 865 1350; x_wconf 74' lang='lat' dir='ltr'><strong>multa:</strong></span> <span class='ocrx_word' id='word_1_101' title='bbox 886 1299 1324 1370; x_wconf 86' lang='lat' dir='ltr'><strong>interpretationes</strong></span> <span class='ocrx_word' id='word_1_102' title='bbox 1354 1303 1601 1358; x_wconf 86' lang='lat' dir='ltr'><strong>librorum</strong></span> <span class='ocrx_word' id='word_1_103' title='bbox 1627 1321 1805 1359; x_wconf 88' lang='lat' dir='ltr'><strong>sacro-</strong></span> 
     </span>
    </p>
   </div>
   <div class='ocr_carea' id='block_1_14' title="bbox 231 1386 1809 1468">
    <p class='ocr_par' dir='ltr' id='par_1_14' title="bbox 231 1386 1809 1468">
     <span class='ocr_line' id='line_1_14' title="bbox 231 1386 1809 1468; baseline 0.012 -34"><span class='ocrx_word' id='word_1_104' title='bbox 231 1398 361 1454; x_wconf 81' lang='lat' dir='ltr'><strong>rum,</strong></span> <span class='ocrx_word' id='word_1_105' title='bbox 389 1395 437 1439; x_wconf 88' lang='lat' dir='ltr'><strong>et</strong></span> <span class='ocrx_word' id='word_1_106' title='bbox 462 1386 668 1441; x_wconf 75' lang='lat' dir='ltr'><strong>invecta:</strong></span> <span class='ocrx_word' id='word_1_107' title='bbox 689 1389 742 1442; x_wconf 91' lang='lat' dir='ltr'><strong>in</strong></span> <span class='ocrx_word' id='word_1_108' title='bbox 764 1388 1065 1457; x_wconf 83' lang='lat' dir='ltr'><strong>Ecclesiam,</strong></span> <span class='ocrx_word' id='word_1_109' title='bbox 1088 1411 1180 1463; x_wconf 88' lang='lat' dir='ltr'><strong>pro</strong></span> <span class='ocrx_word' id='word_1_110' title='bbox 1203 1396 1429 1465; x_wconf 82' lang='lat' dir='ltr'><strong>verisque</strong></span> <span class='ocrx_word' id='word_1_111' title='bbox 1448 1398 1691 1468; x_wconf 65' lang='lat' dir='ltr'><strong>probatas,</strong></span> <span class='ocrx_word' id='word_1_112' title='bbox 1714 1400 1809 1453; x_wconf 89' lang='lat' dir='ltr'><strong>etsi</strong></span> 
     </span>
    </p>
   </div>
   <div class='ocr_carea' id='block_1_15' title="bbox 231 1488 1809 1561">
    <p class='ocr_par' dir='ltr' id='par_1_15' title="bbox 231 1488 1809 1561">
     <span class='ocr_line' id='line_1_15' title="bbox 231 1488 1809 1561; baseline 0.01 -32"><span class='ocrx_word' id='word_1_113' title='bbox 231 1491 329 1530; x_wconf 87' lang='lat' dir='ltr'><strong>non</strong></span> <span class='ocrx_word' id='word_1_114' title='bbox 358 1493 639 1549; x_wconf 86' lang='lat' dir='ltr'><strong>pugnantes</strong></span> <span class='ocrx_word' id='word_1_115' title='bbox 666 1498 783 1535; x_wconf 87' lang='lat' dir='ltr'><strong>cum</strong></span> <span class='ocrx_word' id='word_1_116' title='bbox 804 1500 1004 1537; x_wconf 88' lang='lat' dir='ltr'><strong>summa</strong></span> <span class='ocrx_word' id='word_1_117' title='bbox 1030 1488 1273 1541; x_wconf 69' lang='lat' dir='ltr'><strong>doctrina:</strong></span> <span class='ocrx_word' id='word_1_118' title='bbox 1295 1488 1616 1557; x_wconf 65' lang='lat' dir='ltr'><strong>Christianae,</strong></span> <span class='ocrx_word' id='word_1_119' title='bbox 1646 1508 1809 1561; x_wconf 88' lang='lat' dir='ltr'><strong>quan-</strong></span> 
     </span>
    </p>
   </div>
   <div class='ocr_carea' id='block_1_16' title="bbox 230 1569 1808 1652">
    <p class='ocr_par' dir='ltr' id='par_1_16' title="bbox 230 1569 1808 1652">
     <span class='ocr_line' id='line_1_16' title="bbox 230 1569 1808 1652; baseline 0.013 -34"><span class='ocrx_word' id='word_1_120' title='bbox 230 1582 382 1635; x_wconf 80' lang='lat' dir='ltr'><strong>quam</strong></span> <span class='ocrx_word' id='word_1_121' title='bbox 409 1569 534 1623; x_wconf 91' lang='lat' dir='ltr'><strong>tales</strong></span> <span class='ocrx_word' id='word_1_122' title='bbox 560 1588 776 1643; x_wconf 88' lang='lat' dir='ltr'><strong>quoque,</strong></span> <span class='ocrx_word' id='word_1_123' title='bbox 801 1585 846 1628; x_wconf 90' lang='lat' dir='ltr'><strong>et</strong></span> <span class='ocrx_word' id='word_1_124' title='bbox 871 1576 1016 1643; x_wconf 70' lang='lat' dir='ltr'><strong>falsae</strong></span> <span class='ocrx_word' id='word_1_125' title='bbox 1037 1578 1339 1650; x_wconf 85' lang='lat' dir='ltr'><strong>minimeque</strong></span> <span class='ocrx_word' id='word_1_126' title='bbox 1362 1594 1639 1647; x_wconf 67' lang='lat' dir='ltr'><strong>accuratte,</strong></span> <span class='ocrx_word' id='word_1_127' title='bbox 1664 1600 1808 1652; x_wconf 64' lang='lat' dir='ltr'><strong>quae-</strong></span> 
     </span>
    </p>
   </div>
   <div class='ocr_carea' id='block_1_17' title="bbox 228 1662 1806 1743">
    <p class='ocr_par' dir='ltr' id='par_1_17' title="bbox 228 1662 1806 1743">
     <span class='ocr_line' id='line_1_17' title="bbox 228 1662 1806 1743; baseline 0.013 -32"><span class='ocrx_word' id='word_1_128' title='bbox 228 1673 329 1729; x_wconf 91' lang='lat' dir='ltr'><strong>que</strong></span> <span class='ocrx_word' id='word_1_129' title='bbox 362 1662 509 1727; x_wconf 80' lang='lat' dir='ltr'><strong>plura</strong></span> <span class='ocrx_word' id='word_1_130' title='bbox 542 1664 678 1719; x_wconf 84' lang='lat' dir='ltr'><strong>hanc</strong></span> <span class='ocrx_word' id='word_1_131' title='bbox 717 1666 766 1720; x_wconf 90' lang='lat' dir='ltr'><strong>in</strong></span> <span class='ocrx_word' id='word_1_132' title='bbox 800 1684 910 1721; x_wconf 89' lang='lat' dir='ltr'><strong>rem</strong></span> <span class='ocrx_word' id='word_1_133' title='bbox 944 1682 1260 1738; x_wconf 86' lang='lat' dir='ltr'><strong>sequuntur,</strong></span> <span class='ocrx_word' id='word_1_134' title='bbox 1293 1674 1429 1727; x_wconf 88' lang='lat' dir='ltr'><strong>lectu</strong></span> <span class='ocrx_word' id='word_1_135' title='bbox 1470 1690 1689 1743; x_wconf 86' lang='lat' dir='ltr'><strong>prorsus</strong></span> <span class='ocrx_word' id='word_1_136' title='bbox 1720 1677 1806 1730; x_wconf 84' lang='lat' dir='ltr'><strong>di-</strong></span> 
     </span>
    </p>
   </div>
   <div class='ocr_carea' id='block_1_18' title="bbox 1918 482 3494 560">
    <p class='ocr_par' dir='ltr' id='par_1_18' title="bbox 1918 482 3494 560">
     <span class='ocr_line' id='line_1_18' title="bbox 1918 482 3494 560; baseline 0.008 -27"><span class='ocrx_word' id='word_1_137' title='bbox 1918 488 2101 549; x_wconf 88' lang='lat' dir='ltr'><strong>pareat</strong></span> <span class='ocrx_word' id='word_1_138' title='bbox 2140 490 2395 550; x_wconf 88' lang='lat' dir='ltr'><strong>quantum</strong></span> <span class='ocrx_word' id='word_1_139' title='bbox 2435 482 2537 538; x_wconf 86' lang='lat' dir='ltr'><strong>sibi</strong></span> <span class='ocrx_word' id='word_1_140' title='bbox 2578 483 2632 539; x_wconf 89' lang='lat' dir='ltr'><strong>in</strong></span> <span class='ocrx_word' id='word_1_141' title='bbox 2671 483 2817 542; x_wconf 87' lang='lat' dir='ltr'><strong>hisce</strong></span> <span class='ocrx_word' id='word_1_142' title='bbox 2842 485 3081 545; x_wconf 80' lang='lat' dir='ltr'><strong>editores</strong></span> <span class='ocrx_word' id='word_1_143' title='bbox 3126 489 3494 560; x_wconf 83' lang='lat' dir='ltr'><strong>permiserint,</strong></span> 
     </span>
    </p>
   </div>
   <div class='ocr_carea' id='block_1_19' title="bbox 1916 570 3497 644">
    <p class='ocr_par' dir='ltr' id='par_1_19' title="bbox 1916 570 3497 644">
     <span class='ocr_line' id='line_1_19' title="bbox 1916 570 3497 644; baseline 0.008 -19"><span class='ocrx_word' id='word_1_144' title='bbox 1916 570 2105 626; x_wconf 85' lang='lat' dir='ltr'><strong>addam</strong></span> <span class='ocrx_word' id='word_1_145' title='bbox 2139 570 2227 627; x_wconf 90' lang='lat' dir='ltr'><strong>hic</strong></span> <span class='ocrx_word' id='word_1_146' title='bbox 2251 587 2315 627; x_wconf 88' lang='lat' dir='ltr'><strong>ea</strong></span> <span class='ocrx_word' id='word_1_147' title='bbox 2344 589 2464 644; x_wconf 69' lang='lat' dir='ltr'><strong>quae</strong></span> <span class='ocrx_word' id='word_1_148' title='bbox 2489 589 2554 632; x_wconf 85' lang='lat' dir='ltr'><strong>ex</strong></span> <span class='ocrx_word' id='word_1_149' title='bbox 2583 575 2771 632; x_wconf 87' lang='lat' dir='ltr'><strong>codice</strong></span> <span class='ocrx_word' id='word_1_150' title='bbox 2808 577 3135 635; x_wconf 86' lang='lat' dir='ltr'><strong>Baltbasaris</strong></span> <span class='ocrx_word' id='word_1_151' title='bbox 3173 578 3361 637; x_wconf 79' lang='lat' dir='ltr'><strong>Moreti</strong></span> <span class='ocrx_word' id='word_1_152' title='bbox 3401 595 3497 638; x_wconf 80' lang='lat' dir='ltr'><strong>ex-</strong></span> 
     </span>
    </p>
   </div>
   <div class='ocr_carea' id='block_1_20' title="bbox 1917 663 3495 745">
    <p class='ocr_par' dir='ltr' id='par_1_20' title="bbox 1917 663 3495 745">
     <span class='ocr_line' id='line_1_20' title="bbox 1917 663 3495 745; baseline 0.008 -28"><span class='ocrx_word' id='word_1_153' title='bbox 1917 663 2114 732; x_wconf 88' lang='lat' dir='ltr'><strong>cerpsit</strong></span> <span class='ocrx_word' id='word_1_154' title='bbox 2164 663 2337 720; x_wconf 91' lang='lat' dir='ltr'><strong>Nicol.</strong></span> <span class='ocrx_word' id='word_1_155' title='bbox 2380 666 2666 737; x_wconf 80' lang='lat' dir='ltr'><strong>Heinsius,</strong></span> <span class='ocrx_word' id='word_1_156' title='bbox 2722 667 2917 726; x_wconf 91' lang='lat' dir='ltr'><strong>additis</strong></span> <span class='ocrx_word' id='word_1_157' title='bbox 2954 671 3199 728; x_wconf 83' lang='lat' dir='ltr'><strong>versibus</strong></span> <span class='ocrx_word' id='word_1_158' title='bbox 3250 672 3319 729; x_wconf 88' lang='lat' dir='ltr'><strong>ad</strong></span> <span class='ocrx_word' id='word_1_159' title='bbox 3359 687 3495 745; x_wconf 87' lang='lat' dir='ltr'><strong>quos</strong></span> 
     </span>
    </p>
   </div>
   <div class='ocr_carea' id='block_1_21' title="bbox 1917 754 2355 812">
    <p class='ocr_par' dir='ltr' id='par_1_21' title="bbox 1917 754 2355 812">
     <span class='ocr_line' id='line_1_21' title="bbox 1917 754 2355 812; baseline 0 -2"><span class='ocrx_word' id='word_1_160' title='bbox 1917 754 2027 810; x_wconf 87' lang='lat' dir='ltr'><strong>sint</strong></span> <span class='ocrx_word' id='word_1_161' title='bbox 2053 755 2355 812; x_wconf 81' lang='lat' dir='ltr'><strong>referenda.</strong></span> 
     </span>
    </p>
   </div>
   <div class='ocr_carea' id='block_1_22' title="bbox 2244 893 3161 958">
    <p class='ocr_par' dir='ltr' id='par_1_22' title="bbox 2244 893 3161 958">
     <span class='ocr_line' id='line_1_22' title="bbox 2244 893 3161 958; baseline 0.008 -9"><span class='ocrx_word' id='word_1_162' title='bbox 2244 893 2703 953; x_wconf 84' lang='lat' dir='ltr'><strong>CAPITULATIO</strong></span> <span class='ocrx_word' id='word_1_163' title='bbox 2732 897 2914 956; x_wconf 83' lang='lat' dir='ltr'><strong>LIBRI</strong></span> <span class='ocrx_word' id='word_1_164' title='bbox 2950 898 3161 958; x_wconf 82' lang='lat' dir='ltr'><strong>PRlMl.</strong></span> 
     </span>
    </p>
   </div>
   <div class='ocr_carea' id='block_1_23' title="bbox 1915 1025 2821 1099">
    <p class='ocr_par' dir='ltr' id='par_1_23' title="bbox 1915 1025 2821 1099">
     <span class='ocr_line' id='line_1_23' title="bbox 1915 1025 2821 1099; baseline 0.008 -19"><span class='ocrx_word' id='word_1_165' title='bbox 1915 1025 1994 1081; x_wconf 86' lang='lat' dir='ltr'><strong>De</strong></span> <span class='ocrx_word' id='word_1_166' title='bbox 2018 1027 2322 1083; x_wconf 86' lang='lat' dir='ltr'><strong>Ascensione</strong></span> <span class='ocrx_word' id='word_1_167' title='bbox 2355 1028 2587 1099; x_wconf 84' lang='lat' dir='ltr'><strong>Domini,</strong></span> <span class='ocrx_word' id='word_1_168' title='bbox 2617 1045 2699 1085; x_wconf 90' lang='lat' dir='ltr'><strong>vs.</strong></span> <span class='ocrx_word' id='word_1_169' title='bbox 2730 1032 2821 1088; x_wconf 72' lang='lat'><strong>21.</strong></span> 
     </span>
    </p>
   </div>
   <div class='ocr_carea' id='block_1_24' title="bbox 1912 1115 3489 1200">
    <p class='ocr_par' dir='ltr' id='par_1_24' title="bbox 1912 1115 3489 1200">
     <span class='ocr_line' id='line_1_24' title="bbox 1912 1115 3489 1200; baseline 0.008 -30"><span class='ocrx_word' id='word_1_170' title='bbox 1912 1115 1992 1170; x_wconf 86' lang='lat' dir='ltr'><strong>De</strong></span> <span class='ocrx_word' id='word_1_171' title='bbox 2042 1118 2348 1173; x_wconf 84' lang='lat' dir='ltr'><strong>allocutione</strong></span> <span class='ocrx_word' id='word_1_172' title='bbox 2386 1123 2548 1174; x_wconf 82' lang='lat' dir='ltr'><strong>sancti</strong></span> <span class='ocrx_word' id='word_1_173' title='bbox 2589 1120 2753 1187; x_wconf 85' lang='lat' dir='ltr'><strong>Petri,</strong></span> <span class='ocrx_word' id='word_1_174' title='bbox 2783 1140 2846 1179; x_wconf 76' lang='lat' dir='ltr'><strong>ex</strong></span> <span class='ocrx_word' id='word_1_175' title='bbox 2888 1123 3112 1181; x_wconf 81' lang='lat' dir='ltr'><strong>Matthitt</strong></span> <span class='ocrx_word' id='word_1_176' title='bbox 3152 1140 3227 1183; x_wconf 73' lang='grc' dir='ltr'>ιιι</span> <span class='ocrx_word' id='word_1_177' title='bbox 3267 1126 3412 1200; x_wconf 83' lang='lat' dir='ltr'><strong>(lege</strong></span> <span class='ocrx_word' id='word_1_178' title='bbox 3439 1136 3489 1184; x_wconf 73' lang='lat' dir='ltr'><strong>et</strong></span> 
     </span>
    </p>
   </div>
   <div class='ocr_carea' id='block_1_25' title="bbox 1984 1207 2776 1282">
    <p class='ocr_par' dir='ltr' id='par_1_25' title="bbox 1984 1207 2776 1282">
     <span class='ocr_line' id='line_1_25' title="bbox 1984 1207 2776 1282; baseline 0.01 -21"><span class='ocrx_word' id='word_1_179' title='bbox 1984 1207 2207 1263; x_wconf 80' lang='lat' dir='ltr'><strong>Matthia</strong></span> <span class='ocrx_word' id='word_1_180' title='bbox 2232 1211 2307 1282; x_wconf 82' lang='lat' dir='ltr'><strong>in}</strong></span> <span class='ocrx_word' id='word_1_181' title='bbox 2350 1213 2532 1277; x_wconf 90' lang='lat' dir='ltr'><strong>relato,</strong></span> <span class='ocrx_word' id='word_1_182' title='bbox 2565 1229 2653 1268; x_wconf 90' lang='lat' dir='ltr'><strong>vs.</strong></span> <span class='ocrx_word' id='word_1_183' title='bbox 2687 1214 2776 1269; x_wconf 95' lang='lat'><strong>69.</strong></span> 
     </span>
    </p>
   </div>
   <div class='ocr_carea' id='block_1_26' title="bbox 1911 1296 3487 1382">
    <p class='ocr_par' dir='ltr' id='par_1_26' title="bbox 1911 1296 3487 1382">
     <span class='ocr_line' id='line_1_26' title="bbox 1911 1296 3487 1382; baseline 0.01 -31"><span class='ocrx_word' id='word_1_184' title='bbox 1911 1296 1990 1352; x_wconf 91' lang='lat' dir='ltr'><strong>De</strong></span> <span class='ocrx_word' id='word_1_185' title='bbox 2017 1302 2239 1354; x_wconf 87' lang='lat' dir='ltr'><strong>adventu</strong></span> <span class='ocrx_word' id='word_1_186' title='bbox 2273 1304 2438 1356; x_wconf 80' lang='lat' dir='ltr'><strong>sancti</strong></span> <span class='ocrx_word' id='word_1_187' title='bbox 2489 1302 2715 1375; x_wconf 84' lang='lat' dir='ltr'><strong>Spiritus</strong></span> <span class='ocrx_word' id='word_1_188' title='bbox 2754 1304 2807 1359; x_wconf 87' lang='lat' dir='ltr'><strong>in</strong></span> <span class='ocrx_word' id='word_1_189' title='bbox 2852 1305 2969 1376; x_wconf 84' lang='lat' dir='ltr'><strong>igne</strong></span> <span class='ocrx_word' id='word_1_190' title='bbox 2992 1323 3145 1380; x_wconf 90' lang='lat' dir='ltr'><strong>super</strong></span> <span class='ocrx_word' id='word_1_191' title='bbox 3186 1311 3446 1381; x_wconf 86' lang='lat' dir='ltr'><strong>apostolos</strong></span> <span class='ocrx_word' id='word_1_192' title='bbox 3468 1350 3487 1382; x_wconf 86' lang='lat'><strong>,</strong></span> 
     </span>
    </p>
   </div>
   <div class='ocr_carea' id='block_1_27' title="bbox 1982 1392 2207 1445">
    <p class='ocr_par' dir='ltr' id='par_1_27' title="bbox 1982 1392 2207 1445">
     <span class='ocr_line' id='line_1_27' title="bbox 1982 1392 2207 1445; baseline 0 0"><span class='ocrx_word' id='word_1_193' title='bbox 1982 1406 2061 1445; x_wconf 90' lang='lat' dir='ltr'><strong>vs.</strong></span> <span class='ocrx_word' id='word_1_194' title='bbox 2090 1392 2207 1445; x_wconf 86' lang='grc'><strong>119.</strong></span> 
     </span>
    </p>
   </div>
   <div class='ocr_carea' id='block_1_28' title="bbox 1909 1479 3408 1558">
    <p class='ocr_par' dir='ltr' id='par_1_28' title="bbox 1909 1479 3408 1558">
     <span class='ocr_line' id='line_1_28' title="bbox 1909 1479 3408 1558; baseline 0.01 -25"><span class='ocrx_word' id='word_1_195' title='bbox 1909 1479 1987 1533; x_wconf 91' lang='lat' dir='ltr'><strong>De</strong></span> <span class='ocrx_word' id='word_1_196' title='bbox 2011 1498 2240 1535; x_wconf 78' lang='lat' dir='ltr'><strong>sermone</strong></span> <span class='ocrx_word' id='word_1_197' title='bbox 2267 1481 2413 1537; x_wconf 90' lang='lat' dir='ltr'><strong>Petri</strong></span> <span class='ocrx_word' id='word_1_198' title='bbox 2441 1483 2511 1538; x_wconf 88' lang='lat' dir='ltr'><strong>ad</strong></span> <span class='ocrx_word' id='word_1_199' title='bbox 2539 1485 2843 1555; x_wconf 85' lang='lat' dir='ltr'><strong>baptismum</strong></span> <span class='ocrx_word' id='word_1_200' title='bbox 2869 1487 3142 1558; x_wconf 82' lang='lat' dir='ltr'><strong>hortantis,</strong></span> <span class='ocrx_word' id='word_1_201' title='bbox 3172 1506 3253 1546; x_wconf 88' lang='lat' dir='ltr'><strong>vs.</strong></span> <span class='ocrx_word' id='word_1_202' title='bbox 3286 1492 3408 1549; x_wconf 88' lang='grc'><strong>160.</strong></span> 
     </span>
    </p>
   </div>
   <div class='ocr_carea' id='block_1_29' title="bbox 1908 1568 3269 1648">
    <p class='ocr_par' dir='ltr' id='par_1_29' title="bbox 1908 1568 3269 1648">
     <span class='ocr_line' id='line_1_29' title="bbox 1908 1568 3269 1648; baseline 0.01 -26"><span class='ocrx_word' id='word_1_203' title='bbox 1908 1568 1988 1623; x_wconf 87' lang='lat' dir='ltr'><strong>De</strong></span> <span class='ocrx_word' id='word_1_204' title='bbox 2015 1588 2072 1624; x_wconf 87' lang='lat' dir='ltr'><strong>eo</strong></span> <span class='ocrx_word' id='word_1_205' title='bbox 2094 1573 2177 1624; x_wconf 79' lang='lat' dir='ltr'><strong>ubi</strong></span> <span class='ocrx_word' id='word_1_206' title='bbox 2208 1574 2309 1626; x_wconf 81' lang='lat' dir='ltr'><strong>illis</strong></span> <span class='ocrx_word' id='word_1_207' title='bbox 2330 1585 2471 1628; x_wconf 90' lang='lat' dir='ltr'><strong>erant</strong></span> <span class='ocrx_word' id='word_1_208' title='bbox 2500 1579 2671 1630; x_wconf 87' lang='lat' dir='ltr'><strong>omnia</strong></span> <span class='ocrx_word' id='word_1_209' title='bbox 2692 1583 3004 1648; x_wconf 85' lang='lat' dir='ltr'><strong>communia,</strong></span> <span class='ocrx_word' id='word_1_210' title='bbox 3031 1595 3114 1634; x_wconf 84' lang='lat' dir='ltr'><strong>vs.</strong></span> <span class='ocrx_word' id='word_1_211' title='bbox 3138 1579 3269 1636; x_wconf 73' lang='grc'><strong>211.</strong></span> 
     </span>
    </p>
   </div>
   <div class='ocr_carea' id='block_1_30' title="bbox 1910 1660 3482 1745">
    <p class='ocr_par' dir='ltr' id='par_1_30' title="bbox 1910 1660 3482 1745">
     <span class='ocr_line' id='line_1_30' title="bbox 1910 1660 3482 1745; baseline 0.01 -31"><span class='ocrx_word' id='word_1_212' title='bbox 1910 1660 1987 1717; x_wconf 91' lang='lat' dir='ltr'><strong>De</strong></span> <span class='ocrx_word' id='word_1_213' title='bbox 2015 1666 2197 1718; x_wconf 77' lang='lat' dir='ltr'><strong>claudo</strong></span> <span class='ocrx_word' id='word_1_214' title='bbox 2222 1684 2254 1719; x_wconf 88' lang='lat' dir='ltr'><strong>a</strong></span> <span class='ocrx_word' id='word_1_215' title='bbox 2290 1678 2464 1723; x_wconf 90' lang='lat' dir='ltr'><strong>sancto</strong></span> <span class='ocrx_word' id='word_1_216' title='bbox 2493 1668 2647 1725; x_wconf 88' lang='lat' dir='ltr'><strong>Petro</strong></span> <span class='ocrx_word' id='word_1_217' title='bbox 2677 1672 2745 1725; x_wconf 90' lang='lat' dir='ltr'><strong>ad</strong></span> <span class='ocrx_word' id='word_1_218' title='bbox 2783 1670 2997 1727; x_wconf 83' lang='lat' dir='ltr'><strong>Portam</strong></span> <span class='ocrx_word' id='word_1_219' title='bbox 3020 1673 3303 1745; x_wconf 88' lang='lat' dir='ltr'><strong>speciosam</strong></span> <span class='ocrx_word' id='word_1_220' title='bbox 3329 1689 3482 1729; x_wconf 86' lang='lat' dir='ltr'><strong>sura-</strong></span> 
     </span>
    </p>
   </div>
   <div class='ocr_carea' id='block_1_31' title="bbox 227 1752 2337 1838">
    <p class='ocr_par' dir='ltr' id='par_1_31' title="bbox 227 1752 2337 1838">
     <span class='ocr_line' id='line_1_31' title="bbox 227 1752 2337 1838; baseline 0.012 -35"><span class='ocrx_word' id='word_1_221' title='bbox 227 1752 504 1819; x_wconf 62' lang='lat' dir='ltr'><strong>gnissima.</strong></span> <span class='ocrx_word' id='word_1_222' title='bbox 546 1762 720 1826; x_wconf 86' lang='lat' dir='ltr'><strong>Atque</strong></span> <span class='ocrx_word' id='word_1_223' title='bbox 754 1758 867 1813; x_wconf 73' lang='lat' dir='ltr'><strong>lucc</strong></span> <span class='ocrx_word' id='word_1_224' title='bbox 898 1762 1038 1815; x_wconf 85' lang='lat' dir='ltr'><strong>ratio</strong></span> <span class='ocrx_word' id='word_1_225' title='bbox 1069 1772 1150 1816; x_wconf 81' lang='lat' dir='ltr'><strong>est</strong></span> <span class='ocrx_word' id='word_1_226' title='bbox 1174 1764 1313 1831; x_wconf 90' lang='lat' dir='ltr'><strong>quod</strong></span> <span class='ocrx_word' id='word_1_227' title='bbox 1338 1766 1601 1820; x_wconf 85' lang='lat' dir='ltr'><strong>Aratorem</strong></span> <span class='ocrx_word' id='word_1_228' title='bbox 1621 1770 1809 1824; x_wconf 82' lang='lat' dir='ltr'><strong>turbati</strong></span> <span class='ocrx_word' id='word_1_229' title='bbox 1839 1777 1888 1838; x_wconf 81' lang='grc' dir='ltr'><strong><em>Β</em></strong></span> <span class='ocrx_word' id='word_1_230' title='bbox 1984 1767 2033 1810; x_wconf 76' lang='grc' dir='ltr'><strong>το</strong></span> <span class='ocrx_word' id='word_1_231' title='bbox 2053 1798 2066 1822; x_wconf 69' lang='grc' dir='ltr'><strong><em>ν</em></strong></span> <span class='ocrx_word' id='word_1_232' title='bbox 2096 1774 2176 1813; x_wconf 76' lang='lat' dir='ltr'><strong>VS-</strong></span> <span class='ocrx_word' id='word_1_233' title='bbox 2214 1759 2337 1813; x_wconf 57' lang='lat'><strong>2“-</strong></span> 
     </span>
    </p>
   </div>
   <div class='ocr_carea' id='block_1_32' title="bbox 224 1846 1808 1931">
    <p class='ocr_par' dir='ltr' id='par_1_32' title="bbox 224 1846 1808 1931">
     <span class='ocr_line' id='line_1_32' title="bbox 224 1846 1808 1931; baseline 0.013 -38"><span class='ocrx_word' id='word_1_234' title='bbox 224 1846 472 1898; x_wconf 89' lang='lat' dir='ltr'><strong>sermonis</strong></span> <span class='ocrx_word' id='word_1_235' title='bbox 500 1849 794 1918; x_wconf 83' lang='lat' dir='ltr'><strong>scriptorem</strong></span> <span class='ocrx_word' id='word_1_236' title='bbox 824 1850 1058 1919; x_wconf 81' lang='lat' dir='ltr'><strong>appellat</strong></span> <span class='ocrx_word' id='word_1_237' title='bbox 1084 1850 1326 1907; x_wconf 72' lang='lat' dir='ltr'><strong>Barthius</strong></span> <span class='ocrx_word' id='word_1_238' title='bbox 1355 1862 1423 1925; x_wconf 78' lang='grc' dir='ltr'><strong>(ε)</strong></span> <span class='ocrx_word' id='word_1_239' title='bbox 1443 1897 1458 1923; x_wconf 88' lang='grc'><em>,</em></span> <span class='ocrx_word' id='word_1_240' title='bbox 1488 1872 1645 1912; x_wconf 83' lang='lat' dir='ltr'><strong>vatem</strong></span> <span class='ocrx_word' id='word_1_241' title='bbox 1676 1860 1808 1931; x_wconf 76' lang='lat' dir='ltr'><strong>diffi-</strong></span> 
     </span>
    </p>
   </div>
   <div class='ocr_carea' id='block_1_33' title="bbox 222 1933 1849 2024">
    <p class='ocr_par' dir='ltr' id='par_1_33' title="bbox 222 1933 1849 2024">
     <span class='ocr_line' id='line_1_33' title="bbox 222 1933 1849 2024; baseline 0.015 -39"><span class='ocrx_word' id='word_1_242' title='bbox 222 1933 421 1989; x_wconf 85' lang='lat' dir='ltr'><strong>cilioris</strong></span> <span class='ocrx_word' id='word_1_243' title='bbox 452 1940 640 2008; x_wconf 83' lang='lat' dir='ltr'><strong>eloquii</strong></span> <span class='ocrx_word' id='word_1_244' title='bbox 665 1939 746 2013; x_wconf 84' lang='lat' dir='ltr'><strong>(d)</strong></span> <span class='ocrx_word' id='word_1_245' title='bbox 766 1981 780 2005; x_wconf 95' lang='lat'><strong>,</strong></span> <span class='ocrx_word' id='word_1_246' title='bbox 814 1942 1114 2012; x_wconf 76' lang='lat' dir='ltr'><strong>scriptorem</strong></span> <span class='ocrx_word' id='word_1_247' title='bbox 1141 1945 1403 2012; x_wconf 77' lang='lat' dir='ltr'><strong>affectibus</strong></span> <span class='ocrx_word' id='word_1_248' title='bbox 1434 1953 1686 2007; x_wconf 81' lang='lat' dir='ltr'><strong>movendis</strong></span> <span class='ocrx_word' id='word_1_249' title='bbox 1710 1972 1803 2024; x_wconf 89' lang='lat' dir='ltr'><strong>pa-</strong></span> <span class='ocrx_word' id='word_1_250' title='bbox 1842 1988 1849 1991; x_wconf 95' lang='lat'><strong>-</strong></span> 
     </span>
    </p>
   </div>
   <div class='ocr_carea' id='block_1_34' title="bbox 220 2028 1804 2109">
    <p class='ocr_par' dir='ltr' id='par_1_34' title="bbox 220 2028 1804 2109">
     <span class='ocr_line' id='line_1_34' title="bbox 220 2028 1804 2109; baseline 0.014 -32"><span class='ocrx_word' id='word_1_251' title='bbox 220 2041 344 2078; x_wconf 88' lang='lat' dir='ltr'><strong>rum</strong></span> <span class='ocrx_word' id='word_1_252' title='bbox 375 2028 548 2081; x_wconf 87' lang='lat' dir='ltr'><strong>utilem</strong></span> <span class='ocrx_word' id='word_1_253' title='bbox 576 2032 650 2098; x_wconf 90' lang='lat' dir='ltr'><strong>(e)</strong></span> <span class='ocrx_word' id='word_1_254' title='bbox 670 2074 686 2098; x_wconf 90' lang='lat'><strong>,</strong></span> <span class='ocrx_word' id='word_1_255' title='bbox 715 2040 770 2086; x_wconf 86' lang='lat' dir='ltr'><strong>et</strong></span> <span class='ocrx_word' id='word_1_256' title='bbox 794 2033 1160 2089; x_wconf 84' lang='lat' dir='ltr'><strong>intricatiorem</strong></span> <span class='ocrx_word' id='word_1_257' title='bbox 1189 2036 1264 2109; x_wconf 79' lang='lat' dir='ltr'><strong>(f)</strong></span> <span class='ocrx_word' id='word_1_258' title='bbox 1289 2079 1303 2105; x_wconf 92' lang='lat'><strong>,</strong></span> <span class='ocrx_word' id='word_1_259' title='bbox 1334 2054 1516 2108; x_wconf 86' lang='lat' dir='ltr'><strong>parum</strong></span> <span class='ocrx_word' id='word_1_260' title='bbox 1549 2051 1719 2097; x_wconf 86' lang='lat' dir='ltr'><strong>tamen</strong></span> <span class='ocrx_word' id='word_1_261' title='bbox 1751 2044 1804 2100; x_wconf 90' lang='lat' dir='ltr'><strong>in</strong></span> 
     </span>
    </p>
   </div>
   <div class='ocr_carea' id='block_1_35' title="bbox 224 2116 1805 2193">
    <p class='ocr_par' dir='ltr' id='par_1_35' title="bbox 224 2116 1805 2193">
     <span class='ocr_line' id='line_1_35' title="bbox 224 2116 1805 2193; baseline 0.013 -24"><span class='ocrx_word' id='word_1_262' title='bbox 224 2116 384 2171; x_wconf 85' lang='lat' dir='ltr'><strong>hisce</strong></span> <span class='ocrx_word' id='word_1_263' title='bbox 413 2128 705 2187; x_wconf 88' lang='lat' dir='ltr'><strong>constans;</strong></span> <span class='ocrx_word' id='word_1_264' title='bbox 734 2138 907 2193; x_wconf 86' lang='lat' dir='ltr'><strong>neque</strong></span> <span class='ocrx_word' id='word_1_265' title='bbox 937 2126 1080 2181; x_wconf 90' lang='lat' dir='ltr'><strong>enim</strong></span> <span class='ocrx_word' id='word_1_266' title='bbox 1112 2128 1197 2181; x_wconf 87' lang='lat' dir='ltr'><strong>illa</strong></span> <span class='ocrx_word' id='word_1_267' title='bbox 1228 2130 1358 2185; x_wconf 85' lang='lat' dir='ltr'><strong>satis</strong></span> <span class='ocrx_word' id='word_1_268' title='bbox 1385 2137 1707 2189; x_wconf 88' lang='lat' dir='ltr'><strong>conveniunt</strong></span> <span class='ocrx_word' id='word_1_269' title='bbox 1738 2136 1805 2190; x_wconf 91' lang='lat' dir='ltr'><strong>iis</strong></span> 
     </span>
    </p>
   </div>
   <div class='ocr_carea' id='block_1_36' title="bbox 218 2213 1802 2294">
    <p class='ocr_par' dir='ltr' id='par_1_36' title="bbox 218 2213 1802 2294">
     <span class='ocr_line' id='line_1_36' title="bbox 218 2213 1802 2294; baseline 0.013 -32"><span class='ocrx_word' id='word_1_270' title='bbox 218 2223 346 2279; x_wconf 77' lang='lat' dir='ltr'><strong>quae</strong></span> <span class='ocrx_word' id='word_1_271' title='bbox 396 2226 460 2264; x_wconf 84' lang='lat' dir='ltr'><strong>ex</strong></span> <span class='ocrx_word' id='word_1_272' title='bbox 511 2213 701 2268; x_wconf 88' lang='lat' dir='ltr'><strong>eodem</strong></span> <span class='ocrx_word' id='word_1_273' title='bbox 751 2218 999 2285; x_wconf 85' lang='lat' dir='ltr'><strong>superius</strong></span> <span class='ocrx_word' id='word_1_274' title='bbox 1048 2221 1363 2275; x_wconf 85' lang='lat' dir='ltr'><strong>memoravi.</strong></span> <span class='ocrx_word' id='word_1_275' title='bbox 1417 2224 1521 2278; x_wconf 86' lang='lat' dir='ltr'><strong>Sed</strong></span> <span class='ocrx_word' id='word_1_276' title='bbox 1556 2224 1668 2294; x_wconf 89' lang='lat' dir='ltr'><strong>jam</strong></span> <span class='ocrx_word' id='word_1_277' title='bbox 1712 2228 1802 2283; x_wconf 81' lang='lat' dir='ltr'><strong>alii</strong></span> 
     </span>
    </p>
   </div>
   <div class='ocr_carea' id='block_1_37' title="bbox 218 2301 1803 2389">
    <p class='ocr_par' dir='ltr' id='par_1_37' title="bbox 218 2301 1803 2389">
     <span class='ocr_line' id='line_1_37' title="bbox 218 2301 1803 2389; baseline 0.011 -32"><span class='ocrx_word' id='word_1_278' title='bbox 218 2301 464 2357; x_wconf 83' lang='lat' dir='ltr'><strong>eamdem</strong></span> <span class='ocrx_word' id='word_1_279' title='bbox 497 2313 676 2357; x_wconf 82' lang='lat' dir='ltr'><strong>notam</strong></span> <span class='ocrx_word' id='word_1_280' title='bbox 707 2308 1022 2375; x_wconf 88' lang='lat' dir='ltr'><strong>quibusdam</strong></span> <span class='ocrx_word' id='word_1_281' title='bbox 1054 2310 1255 2366; x_wconf 87' lang='lat' dir='ltr'><strong>Bartbii</strong></span> <span class='ocrx_word' id='word_1_282' title='bbox 1288 2316 1608 2373; x_wconf 89' lang='lat' dir='ltr'><strong>testimoniis</strong></span> <span class='ocrx_word' id='word_1_283' title='bbox 1636 2334 1803 2389; x_wconf 75' lang='lat' dir='ltr'><strong>appo-</strong></span> 
     </span>
    </p>
   </div>
   <div class='ocr_carea' id='block_1_38' title="bbox 219 2394 1801 2484">
    <p class='ocr_par' dir='ltr' id='par_1_38' title="bbox 219 2394 1801 2484">
     <span class='ocr_line' id='line_1_38' title="bbox 219 2394 1801 2484; baseline 0.015 -38"><span class='ocrx_word' id='word_1_284' title='bbox 219 2403 462 2450; x_wconf 87' lang='lat' dir='ltr'><strong>suerunt.</strong></span> <span class='ocrx_word' id='word_1_285' title='bbox 495 2394 811 2453; x_wconf 89' lang='lat' dir='ltr'><strong>Accuratius</strong></span> <span class='ocrx_word' id='word_1_286' title='bbox 840 2407 923 2453; x_wconf 89' lang='lat' dir='ltr'><strong>est</strong></span> <span class='ocrx_word' id='word_1_287' title='bbox 946 2402 1207 2471; x_wconf 87' lang='lat' dir='ltr'><strong>judicium</strong></span> <span class='ocrx_word' id='word_1_288' title='bbox 1239 2405 1455 2463; x_wconf 83' lang='lat' dir='ltr'><strong>Funccii</strong></span> <span class='ocrx_word' id='word_1_289' title='bbox 1489 2411 1564 2481; x_wconf 88' lang='lat' dir='ltr'><strong>(g)</strong></span> <span class='ocrx_word' id='word_1_290' title='bbox 1596 2428 1609 2466; x_wconf 92' lang='lat'><strong>:</strong></span> <span class='ocrx_word' id='word_1_291' title='bbox 1641 2412 1801 2484; x_wconf 76' lang='lat' dir='ltr'><strong>Sufﬁ-</strong></span> 
     </span>
    </p>
   </div>
   <div class='ocr_carea' id='block_1_39' title="bbox 220 2486 1796 2577">
    <p class='ocr_par' dir='ltr' id='par_1_39' title="bbox 220 2486 1796 2577">
     <span class='ocr_line' id='line_1_39' title="bbox 220 2486 1796 2577; baseline 0.014 -38"><span class='ocrx_word' id='word_1_292' title='bbox 220 2486 283 2539; x_wconf 88' lang='lat' dir='ltr'><strong>cit</strong></span> <span class='ocrx_word' id='word_1_293' title='bbox 316 2502 445 2557; x_wconf 84' lang='lat' dir='ltr'><strong>Opus</strong></span> <span class='ocrx_word' id='word_1_294' title='bbox 473 2505 580 2543; x_wconf 90' lang='lat' dir='ltr'><strong>esse</strong></span> <span class='ocrx_word' id='word_1_295' title='bbox 604 2491 777 2561; x_wconf 88' lang='lat' dir='ltr'><strong>pium,</strong></span> <span class='ocrx_word' id='word_1_296' title='bbox 808 2492 1005 2549; x_wconf 86' lang='lat' dir='ltr'><strong>etiamsi</strong></span> <span class='ocrx_word' id='word_1_297' title='bbox 1025 2512 1125 2550; x_wconf 89' lang='lat' dir='ltr'><strong>non</strong></span> <span class='ocrx_word' id='word_1_298' title='bbox 1148 2499 1272 2553; x_wconf 89' lang='lat' dir='ltr'><strong>satis</strong></span> <span class='ocrx_word' id='word_1_299' title='bbox 1301 2502 1588 2570; x_wconf 84' lang='lat' dir='ltr'><strong>eruditum;</strong></span> <span class='ocrx_word' id='word_1_300' title='bbox 1621 2523 1796 2577; x_wconf 85' lang='lat' dir='ltr'><strong>neque,</strong></span> 
     </span>
    </p>
   </div>
   <div class='ocr_carea' id='block_1_40' title="bbox 220 2580 1798 2669">
    <p class='ocr_par' dir='ltr' id='par_1_40' title="bbox 220 2580 1798 2669">
     <span class='ocr_line' id='line_1_40' title="bbox 220 2580 1798 2669; baseline 0.015 -39"><span class='ocrx_word' id='word_1_301' title='bbox 220 2586 271 2630; x_wconf 90' lang='lat' dir='ltr'><strong>ut</strong></span> <span class='ocrx_word' id='word_1_302' title='bbox 299 2580 543 2633; x_wconf 77' lang='lat' dir='ltr'><strong>steculum</strong></span> <span class='ocrx_word' id='word_1_303' title='bbox 570 2581 761 2649; x_wconf 57' lang='lat' dir='ltr'><strong>ferebat</strong></span> <span class='ocrx_word' id='word_1_304' title='bbox 781 2625 797 2651; x_wconf 92' lang='lat'><strong>,</strong></span> <span class='ocrx_word' id='word_1_305' title='bbox 829 2585 882 2639; x_wconf 88' lang='lat' dir='ltr'><strong>in</strong></span> <span class='ocrx_word' id='word_1_306' title='bbox 911 2602 970 2640; x_wconf 88' lang='lat' dir='ltr'><strong>eo</strong></span> <span class='ocrx_word' id='word_1_307' title='bbox 1009 2593 1270 2646; x_wconf 78' lang='lat' dir='ltr'><strong>exarando</strong></span> <span class='ocrx_word' id='word_1_308' title='bbox 1307 2596 1545 2665; x_wconf 85' lang='lat' dir='ltr'><strong>scriptori</strong></span> <span class='ocrx_word' id='word_1_309' title='bbox 1583 2598 1798 2669; x_wconf 87' lang='lat' dir='ltr'><strong>spiritus</strong></span> 
     </span>
    </p>
   </div>
   <div class='ocr_carea' id='block_1_41' title="bbox 222 2668 1796 2753">
    <p class='ocr_par' dir='ltr' id='par_1_41' title="bbox 222 2668 1796 2753">
     <span class='ocr_line' id='line_1_41' title="bbox 222 2668 1796 2753; baseline 0.015 -34"><span class='ocrx_word' id='word_1_310' title='bbox 222 2668 379 2737; x_wconf 76' lang='lat' dir='ltr'><strong>defuit</strong></span> <span class='ocrx_word' id='word_1_311' title='bbox 407 2671 656 2739; x_wconf 88' lang='lat' dir='ltr'><strong>poeticus,</strong></span> <span class='ocrx_word' id='word_1_312' title='bbox 685 2673 800 2727; x_wconf 88' lang='lat' dir='ltr'><strong>licet</strong></span> <span class='ocrx_word' id='word_1_313' title='bbox 829 2677 1134 2749; x_wconf 88' lang='lat' dir='ltr'><strong>nonnullos,</strong></span> <span class='ocrx_word' id='word_1_314' title='bbox 1163 2682 1240 2735; x_wconf 85' lang='lat' dir='ltr'><strong>vel</strong></span> <span class='ocrx_word' id='word_1_315' title='bbox 1269 2683 1588 2753; x_wconf 87' lang='lat' dir='ltr'><strong>imprudens,</strong></span> <span class='ocrx_word' id='word_1_316' title='bbox 1609 2668 1796 2743; x_wconf 85' lang='lat' dir='ltr'><strong>contra</strong></span> 
     </span>
    </p>
   </div>
   <div class='ocr_carea' id='block_1_42' title="bbox 223 2755 1798 2851">
    <p class='ocr_par' dir='ltr' id='par_1_42' title="bbox 223 2755 1798 2851">
     <span class='ocr_line' id='line_1_42' title="bbox 223 2755 1798 2851; baseline 0.018 -42"><span class='ocrx_word' id='word_1_317' title='bbox 223 2755 347 2830; x_wconf 85' lang='lat' dir='ltr'><strong>leges</strong></span> <span class='ocrx_word' id='word_1_318' title='bbox 374 2761 526 2814; x_wconf 86' lang='lat' dir='ltr'><strong>metri</strong></span> <span class='ocrx_word' id='word_1_319' title='bbox 553 2779 749 2819; x_wconf 86' lang='lat' dir='ltr'><strong>severas</strong></span> <span class='ocrx_word' id='word_1_320' title='bbox 776 2769 1025 2823; x_wconf 85' lang='lat' dir='ltr'><strong>commisit</strong></span> <span class='ocrx_word' id='word_1_321' title='bbox 1050 2787 1267 2827; x_wconf 90' lang='lat' dir='ltr'><strong>errores.</strong></span> <span class='ocrx_word' id='word_1_322' title='bbox 1290 2773 1610 2834; x_wconf 88' lang='lat' dir='ltr'><strong>Posterioris</strong></span> <span class='ocrx_word' id='word_1_323' title='bbox 1636 2796 1798 2851; x_wconf 81' lang='lat' dir='ltr'><strong>gene-</strong></span> 
     </span>
    </p>
   </div>
   <div class='ocr_carea' id='block_1_43' title="bbox 220 2848 1794 2934">
    <p class='ocr_par' dir='ltr' id='par_1_43' title="bbox 220 2848 1794 2934">
     <span class='ocr_line' id='line_1_43' title="bbox 220 2848 1794 2934; baseline 0.018 -33"><span class='ocrx_word' id='word_1_324' title='bbox 220 2848 288 2901; x_wconf 88' lang='lat' dir='ltr'><strong>ris</strong></span> <span class='ocrx_word' id='word_1_325' title='bbox 313 2852 559 2922; x_wconf 80' lang='lat' dir='ltr'><strong>exempla</strong></span> <span class='ocrx_word' id='word_1_326' title='bbox 600 2852 653 2909; x_wconf 90' lang='lat' dir='ltr'><strong>in</strong></span> <span class='ocrx_word' id='word_1_327' title='bbox 695 2857 837 2912; x_wconf 91' lang='lat' dir='ltr'><strong>notis</strong></span> <span class='ocrx_word' id='word_1_328' title='bbox 876 2861 1074 2929; x_wconf 90' lang='lat' dir='ltr'><strong>passim</strong></span> <span class='ocrx_word' id='word_1_329' title='bbox 1116 2866 1345 2934; x_wconf 89' lang='lat' dir='ltr'><strong>protuli,</strong></span> <span class='ocrx_word' id='word_1_330' title='bbox 1388 2869 1439 2923; x_wconf 93' lang='lat' dir='ltr'><strong>in</strong></span> <span class='ocrx_word' id='word_1_331' title='bbox 1482 2848 1659 2927; x_wconf 74' lang='lat' dir='ltr'><strong>indice</strong></span> <span class='ocrx_word' id='word_1_332' title='bbox 1694 2875 1794 2931; x_wconf 91' lang='lat' dir='ltr'><strong>sub</strong></span> 
     </span>
    </p>
   </div>
   <div class='ocr_carea' id='block_1_44' title="bbox 222 2934 1795 3034">
    <p class='ocr_par' dir='ltr' id='par_1_44' title="bbox 222 2934 1795 3034">
     <span class='ocr_line' id='line_1_44' title="bbox 222 2934 1795 3034; baseline 0.02 -46"><span class='ocrx_word' id='word_1_333' title='bbox 222 2934 545 2995; x_wconf 85' lang='lat' dir='ltr'><strong>Prosodiacis</strong></span> <span class='ocrx_word' id='word_1_334' title='bbox 593 2944 826 3012; x_wconf 87' lang='lat' dir='ltr'><strong>collata;</strong></span> <span class='ocrx_word' id='word_1_335' title='bbox 877 2949 971 3004; x_wconf 87' lang='lat' dir='ltr'><strong>sed</strong></span> <span class='ocrx_word' id='word_1_336' title='bbox 1017 2951 1120 3007; x_wconf 88' lang='lat' dir='ltr'><strong>hoc</strong></span> <span class='ocrx_word' id='word_1_337' title='bbox 1168 2957 1363 3012; x_wconf 87' lang='lat' dir='ltr'><strong>Arator</strong></span> <span class='ocrx_word' id='word_1_338' title='bbox 1410 2975 1531 3015; x_wconf 90' lang='lat' dir='ltr'><strong>cum</strong></span> <span class='ocrx_word' id='word_1_339' title='bbox 1574 2963 1795 3034; x_wconf 81' lang='lat' dir='ltr'><strong>reliquis</strong></span> 
     </span>
    </p>
   </div>
   <div class='ocr_carea' id='block_1_45' title="bbox 226 3032 1795 3125">
    <p class='ocr_par' dir='ltr' id='par_1_45' title="bbox 226 3032 1795 3125">
     <span class='ocr_line' id='line_1_45' title="bbox 226 3032 1795 3125; baseline 0.018 -42"><span class='ocrx_word' id='word_1_340' title='bbox 226 3032 392 3099; x_wconf 89' lang='lat' dir='ltr'><strong>poetis</strong></span> <span class='ocrx_word' id='word_1_341' title='bbox 438 3034 866 3094; x_wconf 85' lang='lat' dir='ltr'><strong>Christianorum</strong></span> <span class='ocrx_word' id='word_1_342' title='bbox 910 3041 1073 3098; x_wconf 83' lang='lat' dir='ltr'><strong>habet</strong></span> <span class='ocrx_word' id='word_1_343' title='bbox 1114 3058 1434 3117; x_wconf 88' lang='lat' dir='ltr'><strong>commune,</strong></span> <span class='ocrx_word' id='word_1_344' title='bbox 1475 3067 1541 3107; x_wconf 79' lang='lat' dir='ltr'><strong>ex</strong></span> <span class='ocrx_word' id='word_1_345' title='bbox 1581 3054 1674 3125; x_wconf 86' lang='lat' dir='ltr'><strong>pio</strong></span> <span class='ocrx_word' id='word_1_346' title='bbox 1696 3032 1795 3111; x_wconf 76' lang='lat' dir='ltr'><strong>co-</strong></span> 
     </span>
    </p>
   </div>
   <div class='ocr_carea' id='block_1_46' title="bbox 222 3122 1797 3205">
    <p class='ocr_par' dir='ltr' id='par_1_46' title="bbox 222 3122 1797 3205">
     <span class='ocr_line' id='line_1_46' title="bbox 222 3122 1797 3205; baseline 0.018 -31"><span class='ocrx_word' id='word_1_347' title='bbox 222 3122 464 3179; x_wconf 89' lang='lat' dir='ltr'><strong>rumdem</strong></span> <span class='ocrx_word' id='word_1_348' title='bbox 505 3128 751 3194; x_wconf 90' lang='lat' dir='ltr'><strong>consilio,</strong></span> <span class='ocrx_word' id='word_1_349' title='bbox 794 3131 1156 3205; x_wconf 50' lang='lat' dir='ltr'><strong>quod-attigit</strong></span> <span class='ocrx_word' id='word_1_350' title='bbox 1195 3135 1357 3195; x_wconf 89' lang='lat' dir='ltr'><strong>Corn.</strong></span> <span class='ocrx_word' id='word_1_351' title='bbox 1405 3122 1797 3202; x_wconf 50' lang='lat' dir='ltr'><strong>Valet-:Vonc-</strong></span> 
     </span>
    </p>
   </div>
   <div class='ocr_carea' id='block_1_47' title="bbox 224 3209 1796 3297">
    <p class='ocr_par' dir='ltr' id='par_1_47' title="bbox 224 3209 1796 3297">
     <span class='ocr_line' id='line_1_47' title="bbox 224 3209 1796 3297; baseline 0.017 -32"><span class='ocrx_word' id='word_1_352' title='bbox 224 3209 333 3269; x_wconf 83' lang='lat' dir='ltr'><strong>kius</strong></span> <span class='ocrx_word' id='word_1_353' title='bbox 363 3215 472 3287; x_wconf 63' lang='lat' dir='ltr'><strong>th).</strong></span> <span class='ocrx_word' id='word_1_354' title='bbox 512 3246 583 3261; x_wconf 88' lang='lat'><strong>-</strong></span> <span class='ocrx_word' id='word_1_355' title='bbox 621 3220 755 3275; x_wconf 90' lang='lat' dir='ltr'><strong>Cum</strong></span> <span class='ocrx_word' id='word_1_356' title='bbox 785 3236 916 3278; x_wconf 89' lang='lat' dir='ltr'><strong>vero</strong></span> <span class='ocrx_word' id='word_1_357' title='bbox 938 3223 1049 3293; x_wconf 88' lang='lat' dir='ltr'><strong>jam</strong></span> <span class='ocrx_word' id='word_1_358' title='bbox 1080 3227 1133 3281; x_wconf 90' lang='lat' dir='ltr'><strong>in</strong></span> <span class='ocrx_word' id='word_1_359' title='bbox 1162 3242 1228 3283; x_wconf 90' lang='lat' dir='ltr'><strong>eo</strong></span> <span class='ocrx_word' id='word_1_360' title='bbox 1266 3229 1365 3285; x_wconf 89' lang='lat' dir='ltr'><strong>sim</strong></span> <span class='ocrx_word' id='word_1_361' title='bbox 1387 3271 1403 3297; x_wconf 90' lang='lat'><strong>,</strong></span> <span class='ocrx_word' id='word_1_362' title='bbox 1446 3242 1506 3287; x_wconf 95' lang='lat' dir='ltr'><strong>ut</strong></span> <span class='ocrx_word' id='word_1_363' title='bbox 1543 3236 1796 3293; x_wconf 87' lang='lat' dir='ltr'><strong>carminis</strong></span> 
     </span>
    </p>
   </div>
   <div class='ocr_carea' id='block_1_48' title="bbox 224 3302 1795 3393">
    <p class='ocr_par' dir='ltr' id='par_1_48' title="bbox 224 3302 1795 3393">
     <span class='ocr_line' id='line_1_48' title="bbox 224 3302 1795 3393; baseline 0.017 -36"><span class='ocrx_word' id='word_1_364' title='bbox 224 3302 373 3373; x_wconf 85' lang='lat' dir='ltr'><strong>hujus</strong></span> <span class='ocrx_word' id='word_1_365' title='bbox 405 3309 595 3364; x_wconf 90' lang='lat' dir='ltr'><strong>merita</strong></span> <span class='ocrx_word' id='word_1_366' title='bbox 626 3311 942 3383; x_wconf 76' lang='lat' dir='ltr'><strong>investigent</strong></span> <span class='ocrx_word' id='word_1_367' title='bbox 963 3355 980 3381; x_wconf 93' lang='lat'><strong>,</strong></span> <span class='ocrx_word' id='word_1_368' title='bbox 1011 3331 1120 3372; x_wconf 88' lang='lat' dir='ltr'><strong>non</strong></span> <span class='ocrx_word' id='word_1_369' title='bbox 1146 3321 1419 3376; x_wconf 88' lang='lat' dir='ltr'><strong>omiserim</strong></span> <span class='ocrx_word' id='word_1_370' title='bbox 1451 3336 1662 3393; x_wconf 90' lang='lat' dir='ltr'><strong>poetam</strong></span> <span class='ocrx_word' id='word_1_371' title='bbox 1693 3328 1795 3383; x_wconf 90' lang='lat' dir='ltr'><strong>sibi</strong></span> 
     </span>
    </p>
   </div>
   <div class='ocr_carea' id='block_1_49' title="bbox 224 3394 1797 3477">
    <p class='ocr_par' dir='ltr' id='par_1_49' title="bbox 224 3394 1797 3477">
     <span class='ocr_line' id='line_1_49' title="bbox 224 3394 1797 3477; baseline 0.018 -32"><span class='ocrx_word' id='word_1_372' title='bbox 224 3394 433 3461; x_wconf 88' lang='lat' dir='ltr'><strong>quidem</strong></span> <span class='ocrx_word' id='word_1_373' title='bbox 476 3396 644 3455; x_wconf 87' lang='lat' dir='ltr'><strong>Actus</strong></span> <span class='ocrx_word' id='word_1_374' title='bbox 674 3404 998 3471; x_wconf 86' lang='lat' dir='ltr'><strong>apostolicos</strong></span> <span class='ocrx_word' id='word_1_375' title='bbox 1023 3412 1374 3477; x_wconf 87' lang='lat' dir='ltr'><strong>proposuisse</strong></span> <span class='ocrx_word' id='word_1_376' title='bbox 1402 3414 1639 3471; x_wconf 88' lang='lat' dir='ltr'><strong>carmine</strong></span> <span class='ocrx_word' id='word_1_377' title='bbox 1667 3432 1797 3473; x_wconf 88' lang='lat' dir='ltr'><strong>con-</strong></span> 
     </span>
    </p>
   </div>
   <div class='ocr_carea' id='block_1_50' title="bbox 224 3486 1796 3579">
    <p class='ocr_par' dir='ltr' id='par_1_50' title="bbox 224 3486 1796 3579">
     <span class='ocr_line' id='line_1_50' title="bbox 224 3486 1796 3579; baseline 0.017 -40"><span class='ocrx_word' id='word_1_378' title='bbox 224 3486 564 3558; x_wconf 87' lang='lat' dir='ltr'><strong>scribendos,</strong></span> <span class='ocrx_word' id='word_1_379' title='bbox 600 3494 693 3547; x_wconf 89' lang='lat' dir='ltr'><strong>sed</strong></span> <span class='ocrx_word' id='word_1_380' title='bbox 724 3508 814 3549; x_wconf 90' lang='lat' dir='ltr'><strong>res</strong></span> <span class='ocrx_word' id='word_1_381' title='bbox 853 3496 997 3566; x_wconf 89' lang='lat' dir='ltr'><strong>ipsas</strong></span> <span class='ocrx_word' id='word_1_382' title='bbox 1038 3500 1225 3569; x_wconf 89' lang='lat' dir='ltr'><strong>primis</strong></span> <span class='ocrx_word' id='word_1_383' title='bbox 1264 3504 1576 3576; x_wconf 91' lang='lat' dir='ltr'><strong>plerumque</strong></span> <span class='ocrx_word' id='word_1_384' title='bbox 1615 3508 1796 3579; x_wconf 76' lang='lat' dir='ltr'><strong>digitis</strong></span> 
     </span>
    </p>
   </div>
   <div class='ocr_carea' id='block_1_51' title="bbox 222 3576 1794 3655">
    <p class='ocr_par' dir='ltr' id='par_1_51' title="bbox 222 3576 1794 3655">
     <span class='ocr_line' id='line_1_51' title="bbox 222 3576 1794 3655; baseline 0.018 -28"><span class='ocrx_word' id='word_1_385' title='bbox 222 3576 482 3646; x_wconf 80' lang='lat' dir='ltr'><strong>attigisse,</strong></span> <span class='ocrx_word' id='word_1_386' title='bbox 525 3589 706 3652; x_wconf 88' lang='lat' dir='ltr'><strong>atque,</strong></span> <span class='ocrx_word' id='word_1_387' title='bbox 741 3587 856 3640; x_wconf 89' lang='lat' dir='ltr'><strong>suis</strong></span> <span class='ocrx_word' id='word_1_388' title='bbox 885 3588 1103 3655; x_wconf 90' lang='lat' dir='ltr'><strong>additis,</strong></span> <span class='ocrx_word' id='word_1_389' title='bbox 1138 3592 1360 3648; x_wconf 90' lang='lat' dir='ltr'><strong>liberius</strong></span> <span class='ocrx_word' id='word_1_390' title='bbox 1382 3594 1618 3652; x_wconf 88' lang='lat' dir='ltr'><strong>Juvenco</strong></span> <span class='ocrx_word' id='word_1_391' title='bbox 1645 3576 1794 3655; x_wconf 85' lang='lat' dir='ltr'><strong>aliis-</strong></span> 
     </span>
    </p>
   </div>
   <div class='ocr_carea' id='block_1_52' title="bbox 220 3671 1796 3752">
    <p class='ocr_par' dir='ltr' id='par_1_52' title="bbox 220 3671 1796 3752">
     <span class='ocr_line' id='line_1_52' title="bbox 220 3671 1796 3752; baseline 0.018 -30"><span class='ocrx_word' id='word_1_392' title='bbox 220 3682 315 3738; x_wconf 88' lang='lat' dir='ltr'><strong>que</strong></span> <span class='ocrx_word' id='word_1_393' title='bbox 344 3671 511 3726; x_wconf 83' lang='lat' dir='ltr'><strong>luisse</strong></span> <span class='ocrx_word' id='word_1_394' title='bbox 534 3685 817 3745; x_wconf 86' lang='lat' dir='ltr'><strong>evagatum</strong></span> <span class='ocrx_word' id='word_1_395' title='bbox 839 3720 855 3746; x_wconf 94' lang='lat'><strong>,</strong></span> <span class='ocrx_word' id='word_1_396' title='bbox 887 3696 1006 3749; x_wconf 68' lang='lat' dir='ltr'><strong>quae</strong></span> <span class='ocrx_word' id='word_1_397' title='bbox 1035 3685 1184 3752; x_wconf 83' lang='lat' dir='ltr'><strong>vera]</strong></span> <span class='ocrx_word' id='word_1_398' title='bbox 1209 3694 1290 3739; x_wconf 90' lang='lat' dir='ltr'><strong>est</strong></span> <span class='ocrx_word' id='word_1_399' title='bbox 1330 3686 1579 3745; x_wconf 84' lang='lat' dir='ltr'><strong>Richardi</strong></span> <span class='ocrx_word' id='word_1_400' title='bbox 1619 3690 1796 3749; x_wconf 81' lang='lat' dir='ltr'><strong>Simo-</strong></span> 
     </span>
    </p>
   </div>
   <div class='ocr_carea' id='block_1_53' title="bbox 219 3759 1795 3846">
    <p class='ocr_par' dir='ltr' id='par_1_53' title="bbox 219 3759 1795 3846">
     <span class='ocr_line' id='line_1_53' title="bbox 219 3759 1795 3846; baseline 0.018 -35"><span class='ocrx_word' id='word_1_401' title='bbox 219 3759 293 3813; x_wconf 88' lang='lat' dir='ltr'><strong>nis</strong></span> <span class='ocrx_word' id='word_1_402' title='bbox 330 3761 399 3832; x_wconf 77' lang='lat' dir='ltr'><strong>(i)</strong></span> <span class='ocrx_word' id='word_1_403' title='bbox 443 3767 741 3831; x_wconf 84' lang='lat' dir='ltr'><strong>sententia,</strong></span> <span class='ocrx_word' id='word_1_404' title='bbox 784 3770 926 3823; x_wconf 87' lang='lat' dir='ltr'><strong>unde</strong></span> <span class='ocrx_word' id='word_1_405' title='bbox 968 3774 1151 3828; x_wconf 88' lang='lat' dir='ltr'><strong>nescio</strong></span> <span class='ocrx_word' id='word_1_406' title='bbox 1190 3790 1257 3829; x_wconf 91' lang='lat' dir='ltr'><strong>an</strong></span> <span class='ocrx_word' id='word_1_407' title='bbox 1299 3780 1417 3846; x_wconf 89' lang='lat' dir='ltr'><strong>quis</strong></span> <span class='ocrx_word' id='word_1_408' title='bbox 1447 3793 1661 3836; x_wconf 90' lang='lat' dir='ltr'><strong>carmen</strong></span> <span class='ocrx_word' id='word_1_409' title='bbox 1693 3783 1795 3839; x_wconf 83' lang='lat' dir='ltr'><strong>hoc</strong></span> 
     </span>
    </p>
   </div>
   <div class='ocr_carea' id='block_1_54' title="bbox 217 3849 1793 3934">
    <p class='ocr_par' dir='ltr' id='par_1_54' title="bbox 217 3849 1793 3934">
     <span class='ocr_line' id='line_1_54' title="bbox 217 3849 1793 3934; baseline 0.02 -31"><span class='ocrx_word' id='word_1_410' title='bbox 217 3849 573 3922; x_wconf 71' lang='lat' dir='ltr'><strong>Metaphrasin</strong></span> <span class='ocrx_word' id='word_1_411' title='bbox 612 3860 861 3926; x_wconf 81' lang='lat' dir='ltr'><strong>poeticam</strong></span> <span class='ocrx_word' id='word_1_412' title='bbox 887 3863 1129 3920; x_wconf 84' lang='lat' dir='ltr'><strong>Actorum</strong></span> <span class='ocrx_word' id='word_1_413' title='bbox 1156 3881 1299 3925; x_wconf 89' lang='lat' dir='ltr'><strong>recte</strong></span> <span class='ocrx_word' id='word_1_414' title='bbox 1328 3884 1447 3926; x_wconf 92' lang='lat' dir='ltr'><strong>cum</strong></span> <span class='ocrx_word' id='word_1_415' title='bbox 1475 3873 1556 3927; x_wconf 86' lang='lat' dir='ltr'><strong>Cl.</strong></span> <span class='ocrx_word' id='word_1_416' title='bbox 1587 3872 1793 3934; x_wconf 79' lang='lat' dir='ltr'><strong>Joanne</strong></span> 
     </span>
    </p>
   </div>
   <div class='ocr_carea' id='block_1_55' title="bbox 216 3944 1794 4032">
    <p class='ocr_par' dir='ltr' id='par_1_55' title="bbox 216 3944 1794 4032">
     <span class='ocr_line' id='line_1_55' title="bbox 216 3944 1794 4032; baseline 0.017 -34"><span class='ocrx_word' id='word_1_417' title='bbox 216 3944 460 4003; x_wconf 83' lang='lat' dir='ltr'><strong>Albertio</strong></span> <span class='ocrx_word' id='word_1_418' title='bbox 489 3950 685 4008; x_wconf 78' lang='lat' dir='ltr'><strong>dixerit</strong></span> <span class='ocrx_word' id='word_1_419' title='bbox 715 3956 805 4026; x_wconf 86' lang='lat' dir='ltr'><strong>(j).</strong></span> <span class='ocrx_word' id='word_1_420' title='bbox 829 3986 901 3999; x_wconf 89' lang='lat'><strong>-—</strong></span> <span class='ocrx_word' id='word_1_421' title='bbox 926 3958 1101 4029; x_wconf 86' lang='lat' dir='ltr'><strong>Atque</strong></span> <span class='ocrx_word' id='word_1_422' title='bbox 1130 3962 1201 4016; x_wconf 87' lang='lat' dir='ltr'><strong>ita</strong></span> <span class='ocrx_word' id='word_1_423' title='bbox 1236 3963 1349 4032; x_wconf 89' lang='lat' dir='ltr'><strong>jam</strong></span> <span class='ocrx_word' id='word_1_424' title='bbox 1392 3965 1673 4023; x_wconf 77' lang='lat' dir='ltr'><strong>defunctus</strong></span> <span class='ocrx_word' id='word_1_425' title='bbox 1712 3971 1794 4025; x_wconf 69' lang='lat' dir='ltr'><strong>vio</strong></span> 
     </span>
    </p>
   </div>
   <div class='ocr_carea' id='block_1_56' title="bbox 214 4036 1795 4133">
    <p class='ocr_par' dir='ltr' id='par_1_56' title="bbox 214 4036 1795 4133">
     <span class='ocr_line' id='line_1_56' title="bbox 214 4036 1795 4133; baseline 0.017 -40"><span class='ocrx_word' id='word_1_426' title='bbox 214 4036 340 4096; x_wconf 89' lang='lat' dir='ltr'><strong>deor</strong></span> <span class='ocrx_word' id='word_1_427' title='bbox 380 4043 491 4098; x_wconf 83' lang='lat' dir='ltr'><strong>illis</strong></span> <span class='ocrx_word' id='word_1_428' title='bbox 530 4062 650 4116; x_wconf 67' lang='lat' dir='ltr'><strong>qua:</strong></span> <span class='ocrx_word' id='word_1_429' title='bbox 687 4049 755 4103; x_wconf 86' lang='lat' dir='ltr'><strong>ad</strong></span> <span class='ocrx_word' id='word_1_430' title='bbox 800 4061 1008 4119; x_wconf 88' lang='lat' dir='ltr'><strong>poetam</strong></span> <span class='ocrx_word' id='word_1_431' title='bbox 1052 4053 1332 4127; x_wconf 86' lang='lat' dir='ltr'><strong>ipsumque</strong></span> <span class='ocrx_word' id='word_1_432' title='bbox 1372 4074 1588 4116; x_wconf 88' lang='lat' dir='ltr'><strong>carmen</strong></span> <span class='ocrx_word' id='word_1_433' title='bbox 1633 4068 1795 4133; x_wconf 80' lang='lat' dir='ltr'><strong>perli-</strong></span> 
     </span>
    </p>
   </div>
   <div class='ocr_carea' id='block_1_57' title="bbox 214 4135 1793 4215">
    <p class='ocr_par' dir='ltr' id='par_1_57' title="bbox 214 4135 1793 4215">
     <span class='ocr_line' id='line_1_57' title="bbox 214 4135 1793 4215; baseline 0.02 -31"><span class='ocrx_word' id='word_1_434' title='bbox 214 4143 374 4202; x_wconf 86' lang='lat' dir='ltr'><strong>nent,</strong></span> <span class='ocrx_word' id='word_1_435' title='bbox 411 4135 497 4191; x_wconf 91' lang='lat' dir='ltr'><strong>ubi</strong></span> <span class='ocrx_word' id='word_1_436' title='bbox 540 4138 643 4193; x_wconf 85' lang='lat' dir='ltr'><strong>hoc</strong></span> <span class='ocrx_word' id='word_1_437' title='bbox 681 4142 1012 4215; x_wconf 84' lang='lat' dir='ltr'><strong>addiderim,</strong></span> <span class='ocrx_word' id='word_1_438' title='bbox 1047 4147 1217 4204; x_wconf 88' lang='lat' dir='ltr'><strong>videri</strong></span> <span class='ocrx_word' id='word_1_439' title='bbox 1259 4153 1391 4207; x_wconf 87' lang='lat' dir='ltr'><strong>mihi</strong></span> <span class='ocrx_word' id='word_1_440' title='bbox 1430 4169 1647 4211; x_wconf 86' lang='lat' dir='ltr'><strong>carmen</strong></span> <span class='ocrx_word' id='word_1_441' title='bbox 1690 4158 1793 4215; x_wconf 90' lang='lat' dir='ltr'><strong>hoc</strong></span> 
     </span>
    </p>
   </div>
   <div class='ocr_carea' id='block_1_58' title="bbox 212 4227 1792 4312">
    <p class='ocr_par' dir='ltr' id='par_1_58' title="bbox 212 4227 1792 4312">
     <span class='ocr_line' id='line_1_58' title="bbox 212 4227 1792 4312; baseline 0.02 -38"><span class='ocrx_word' id='word_1_442' title='bbox 212 4227 460 4279; x_wconf 85' lang='lat' dir='ltr'><strong>cuntinua</strong></span> <span class='ocrx_word' id='word_1_443' title='bbox 490 4230 628 4284; x_wconf 89' lang='lat' dir='ltr'><strong>serie</strong></span> <span class='ocrx_word' id='word_1_444' title='bbox 659 4233 1046 4304; x_wconf 56' lang='lat' dir='ltr'><strong>conscripsisse</strong></span> <span class='ocrx_word' id='word_1_445' title='bbox 1086 4253 1152 4294; x_wconf 90' lang='lat' dir='ltr'><strong>eo</strong></span> <span class='ocrx_word' id='word_1_446' title='bbox 1192 4243 1352 4298; x_wconf 85' lang='lat' dir='ltr'><strong>modo</strong></span> <span class='ocrx_word' id='word_1_447' title='bbox 1381 4259 1487 4312; x_wconf 91' lang='lat' dir='ltr'><strong>quo</strong></span> <span class='ocrx_word' id='word_1_448' title='bbox 1517 4246 1792 4306; x_wconf 86' lang='lat' dir='ltr'><strong>Fabricius</strong></span> 
     </span>
    </p>
   </div>
   <div class='ocr_carea' id='block_1_59' title="bbox 210 4312 1791 4401">
    <p class='ocr_par' dir='ltr' id='par_1_59' title="bbox 210 4312 1791 4401">
     <span class='ocr_line' id='line_1_59' title="bbox 210 4312 1791 4401; baseline 0.018 -34"><span class='ocrx_word' id='word_1_449' title='bbox 210 4312 408 4385; x_wconf 83' lang='lat' dir='ltr'><strong>edidit,</strong></span> <span class='ocrx_word' id='word_1_450' title='bbox 443 4333 545 4373; x_wconf 89' lang='lat' dir='ltr'><strong>non</strong></span> <span class='ocrx_word' id='word_1_451' title='bbox 574 4336 702 4376; x_wconf 89' lang='lat' dir='ltr'><strong>vero</strong></span> <span class='ocrx_word' id='word_1_452' title='bbox 731 4324 786 4378; x_wconf 91' lang='lat' dir='ltr'><strong>in</strong></span> <span class='ocrx_word' id='word_1_453' title='bbox 813 4327 984 4395; x_wconf 86' lang='lat' dir='ltr'><strong>capita</strong></span> <span class='ocrx_word' id='word_1_454' title='bbox 1012 4328 1353 4401; x_wconf 85' lang='lat' dir='ltr'><strong>dissecuisse,</strong></span> <span class='ocrx_word' id='word_1_455' title='bbox 1384 4337 1545 4391; x_wconf 89' lang='lat' dir='ltr'><strong>veluti</strong></span> <span class='ocrx_word' id='word_1_456' title='bbox 1574 4339 1624 4392; x_wconf 92' lang='lat' dir='ltr'><strong>in</strong></span> <span class='ocrx_word' id='word_1_457' title='bbox 1654 4344 1791 4395; x_wconf 86' lang='lat' dir='ltr'><strong>Ant-</strong></span> 
     </span>
    </p>
   </div>
   <div class='ocr_carea' id='block_1_60' title="bbox 209 4408 1791 4488">
    <p class='ocr_par' dir='ltr' id='par_1_60' title="bbox 209 4408 1791 4488">
     <span class='ocr_line' id='line_1_60' title="bbox 209 4408 1791 4488; baseline 0.016 -29"><span class='ocrx_word' id='word_1_458' title='bbox 209 4408 486 4476; x_wconf 74' lang='lat' dir='ltr'><strong>Verpiensi</strong></span> <span class='ocrx_word' id='word_1_459' title='bbox 518 4412 752 4469; x_wconf 88' lang='lat' dir='ltr'><strong>editione</strong></span> <span class='ocrx_word' id='word_1_460' title='bbox 780 4419 1127 4486; x_wconf 88' lang='lat' dir='ltr'><strong>conspicitur,</strong></span> <span class='ocrx_word' id='word_1_461' title='bbox 1158 4422 1211 4474; x_wconf 91' lang='lat' dir='ltr'><strong>in</strong></span> <span class='ocrx_word' id='word_1_462' title='bbox 1242 4439 1345 4488; x_wconf 83' lang='lat' dir='ltr'><strong>qua</strong></span> <span class='ocrx_word' id='word_1_463' title='bbox 1375 4425 1579 4480; x_wconf 88' lang='lat' dir='ltr'><strong>initium</strong></span> <span class='ocrx_word' id='word_1_464' title='bbox 1609 4428 1726 4482; x_wconf 87' lang='lat' dir='ltr'><strong>libri</strong></span> <span class='ocrx_word' id='word_1_465' title='bbox 1753 4446 1791 4484; x_wconf 87' lang='grc' dir='ltr'><strong>ιι</strong></span> 
     </span>
    </p>
   </div>
   <div class='ocr_carea' id='block_1_61' title="bbox 205 4500 1872 4599">
    <p class='ocr_par' dir='ltr' id='par_1_61' title="bbox 205 4500 1872 4599">
     <span class='ocr_line' id='line_1_61' title="bbox 205 4500 1872 4599; baseline 0.013 -47"><span class='ocrx_word' id='word_1_466' title='bbox 205 4500 491 4553; x_wconf 57' lang='lat' dir='ltr'><strong>constituit</strong></span> <span class='ocrx_word' id='word_1_467' title='bbox 528 4514 686 4569; x_wconf 88' lang='lat' dir='ltr'><strong>caput</strong></span> <span class='ocrx_word' id='word_1_468' title='bbox 714 4504 808 4557; x_wconf 71' lang='grc'><strong>25.</strong></span> <span class='ocrx_word' id='word_1_469' title='bbox 841 4505 1003 4572; x_wconf 89' lang='lat' dir='ltr'><strong>Igitur</strong></span> <span class='ocrx_word' id='word_1_470' title='bbox 1029 4510 1258 4577; x_wconf 88' lang='lat' dir='ltr'><strong>capitula</strong></span> <span class='ocrx_word' id='word_1_471' title='bbox 1288 4511 1450 4580; x_wconf 89' lang='lat' dir='ltr'><strong>rejeci</strong></span> <span class='ocrx_word' id='word_1_472' title='bbox 1471 4553 1486 4579; x_wconf 94' lang='lat'><strong>,</strong></span> <span class='ocrx_word' id='word_1_473' title='bbox 1517 4530 1582 4571; x_wconf 82' lang='lat' dir='ltr'><strong>ex</strong></span> <span class='ocrx_word' id='word_1_474' title='bbox 1613 4516 1788 4572; x_wconf 88' lang='lat' dir='ltr'><strong>edito-</strong></span> <span class='ocrx_word' id='word_1_475' title='bbox 1817 4538 1872 4599; x_wconf 80' lang='lat' dir='ltr'><strong>D</strong></span> 
     </span>
    </p>
   </div>
   <div class='ocr_carea' id='block_1_62' title="bbox 1909 1848 3492 1934">
    <p class='ocr_par' dir='ltr' id='par_1_62' title="bbox 1909 1848 3492 1934">
     <span class='ocr_line' id='line_1_62' title="bbox 1909 1848 3492 1934; baseline 0.008 -32"><span class='ocrx_word' id='word_1_476' title='bbox 1909 1848 1989 1904; x_wconf 88' lang='lat' dir='ltr'><strong>De</strong></span> <span class='ocrx_word' id='word_1_477' title='bbox 2026 1851 2434 1907; x_wconf 86' lang='lat' dir='ltr'><strong>interminatione</strong></span> <span class='ocrx_word' id='word_1_478' title='bbox 2473 1854 2799 1929; x_wconf 76' lang='lat' dir='ltr'><strong>Judazorum,</strong></span> <span class='ocrx_word' id='word_1_479' title='bbox 2841 1860 2931 1930; x_wconf 86' lang='lat' dir='ltr'><strong>qui</strong></span> <span class='ocrx_word' id='word_1_480' title='bbox 2959 1858 3117 1916; x_wconf 84' lang='lat' dir='ltr'><strong>Petro</strong></span> <span class='ocrx_word' id='word_1_481' title='bbox 3149 1861 3492 1934; x_wconf 80' lang='lat' dir='ltr'><strong>respondente</strong></span> 
     </span>
    </p>
   </div>
   <div class='ocr_carea' id='block_1_63' title="bbox 1976 1949 2672 2017">
    <p class='ocr_par' dir='ltr' id='par_1_63' title="bbox 1976 1949 2672 2017">
     <span class='ocr_line' id='line_1_63' title="bbox 1976 1949 2672 2017; baseline 0.009 -18"><span class='ocrx_word' id='word_1_482' title='bbox 1976 1957 2094 1999; x_wconf 88' lang='lat' dir='ltr'><strong>sunt</strong></span> <span class='ocrx_word' id='word_1_483' title='bbox 2116 1949 2407 2017; x_wconf 85' lang='lat' dir='ltr'><strong>contempti,</strong></span> <span class='ocrx_word' id='word_1_484' title='bbox 2433 1963 2514 2002; x_wconf 88' lang='lat' dir='ltr'><strong>vs.</strong></span> <span class='ocrx_word' id='word_1_485' title='bbox 2548 1950 2672 2005; x_wconf 69' lang='grc'><strong>295.</strong></span> 
     </span>
    </p>
   </div>
   <div class='ocr_carea' id='block_1_64' title="bbox 1906 2036 3479 2116">
    <p class='ocr_par' dir='ltr' id='par_1_64' title="bbox 1906 2036 3479 2116">
     <span class='ocr_line' id='line_1_64' title="bbox 1906 2036 3479 2116; baseline 0.009 -25"><span class='ocrx_word' id='word_1_486' title='bbox 1906 2036 1985 2092; x_wconf 89' lang='lat' dir='ltr'><strong>De</strong></span> <span class='ocrx_word' id='word_1_487' title='bbox 2024 2055 2081 2093; x_wconf 87' lang='lat' dir='ltr'><strong>eo</strong></span> <span class='ocrx_word' id='word_1_488' title='bbox 2113 2040 2197 2093; x_wconf 88' lang='lat' dir='ltr'><strong>ubi</strong></span> <span class='ocrx_word' id='word_1_489' title='bbox 2225 2057 2396 2096; x_wconf 88' lang='lat' dir='ltr'><strong>onmes</strong></span> <span class='ocrx_word' id='word_1_490' title='bbox 2438 2042 2656 2113; x_wconf 82' lang='lat' dir='ltr'><strong>apostoli</strong></span> <span class='ocrx_word' id='word_1_491' title='bbox 2693 2047 2884 2115; x_wconf 87' lang='lat' dir='ltr'><strong>gratias</strong></span> <span class='ocrx_word' id='word_1_492' title='bbox 2924 2046 3032 2103; x_wconf 90' lang='lat' dir='ltr'><strong>Deo</strong></span> <span class='ocrx_word' id='word_1_493' title='bbox 3058 2048 3368 2116; x_wconf 86' lang='lat' dir='ltr'><strong>retulerunt,</strong></span> <span class='ocrx_word' id='word_1_494' title='bbox 3396 2061 3479 2105; x_wconf 80' lang='lat' dir='ltr'><strong>vs.</strong></span> 
     </span>
    </p>
   </div>
   <div class='ocr_carea' id='block_1_65' title="bbox 1975 2132 2101 2188">
    <p class='ocr_par' dir='ltr' id='par_1_65' title="bbox 1975 2132 2101 2188">
     <span class='ocr_line' id='line_1_65' title="bbox 1975 2132 2101 2188; baseline 0.016 -2"><span class='ocrx_word' id='word_1_495' title='bbox 1975 2132 2101 2188; x_wconf 73' lang='lat'><strong>333.</strong></span> 
     </span>
    </p>
   </div>
   <div class='ocr_carea' id='block_1_66' title="bbox 1905 2221 3477 2302">
    <p class='ocr_par' dir='ltr' id='par_1_66' title="bbox 1905 2221 3477 2302">
     <span class='ocr_line' id='line_1_66' title="bbox 1905 2221 3477 2302; baseline 0.008 -26"><span class='ocrx_word' id='word_1_496' title='bbox 1905 2221 1981 2277; x_wconf 91' lang='lat' dir='ltr'><strong>De</strong></span> <span class='ocrx_word' id='word_1_497' title='bbox 2026 2241 2087 2278; x_wconf 89' lang='lat' dir='ltr'><strong>eo</strong></span> <span class='ocrx_word' id='word_1_498' title='bbox 2126 2226 2211 2279; x_wconf 90' lang='lat' dir='ltr'><strong>ubi</strong></span> <span class='ocrx_word' id='word_1_499' title='bbox 2239 2237 2343 2282; x_wconf 87' lang='lat' dir='ltr'><strong>erat</strong></span> <span class='ocrx_word' id='word_1_500' title='bbox 2372 2229 2686 2284; x_wconf 85' lang='lat' dir='ltr'><strong>credentium</strong></span> <span class='ocrx_word' id='word_1_501' title='bbox 2730 2245 2818 2285; x_wconf 90' lang='lat' dir='ltr'><strong>cor</strong></span> <span class='ocrx_word' id='word_1_502' title='bbox 2856 2247 3017 2287; x_wconf 86' lang='lat' dir='ltr'><strong>unum</strong></span> <span class='ocrx_word' id='word_1_503' title='bbox 3040 2240 3089 2286; x_wconf 89' lang='lat' dir='ltr'><strong>et</strong></span> <span class='ocrx_word' id='word_1_504' title='bbox 3131 2233 3305 2288; x_wconf 88' lang='lat' dir='ltr'><strong>anima</strong></span> <span class='ocrx_word' id='word_1_505' title='bbox 3333 2248 3437 2288; x_wconf 88' lang='lat' dir='ltr'><strong>una</strong></span> <span class='ocrx_word' id='word_1_506' title='bbox 3462 2274 3477 2302; x_wconf 88' lang='lat'><strong>,</strong></span> 
     </span>
    </p>
   </div>
   <div class='ocr_carea' id='block_1_67' title="bbox 1975 2318 2210 2373">
    <p class='ocr_par' dir='ltr' id='par_1_67' title="bbox 1975 2318 2210 2373">
     <span class='ocr_line' id='line_1_67' title="bbox 1975 2318 2210 2373; baseline 0.013 -3"><span class='ocrx_word' id='word_1_507' title='bbox 1975 2332 2054 2371; x_wconf 87' lang='lat' dir='ltr'><strong>vs.</strong></span> <span class='ocrx_word' id='word_1_508' title='bbox 2088 2318 2210 2373; x_wconf 76' lang='lat'><strong>583.</strong></span> 
     </span>
    </p>
   </div>
   <div class='ocr_carea' id='block_1_68' title="bbox 1902 2406 2825 2482">
    <p class='ocr_par' dir='ltr' id='par_1_68' title="bbox 1902 2406 2825 2482">
     <span class='ocr_line' id='line_1_68' title="bbox 1902 2406 2825 2482; baseline 0.009 -21"><span class='ocrx_word' id='word_1_509' title='bbox 1902 2406 1982 2462; x_wconf 88' lang='lat' dir='ltr'><strong>De</strong></span> <span class='ocrx_word' id='word_1_510' title='bbox 2012 2409 2212 2463; x_wconf 83' lang='lat' dir='ltr'><strong>Anania</strong></span> <span class='ocrx_word' id='word_1_511' title='bbox 2234 2420 2280 2465; x_wconf 91' lang='lat' dir='ltr'><strong>et</strong></span> <span class='ocrx_word' id='word_1_512' title='bbox 2306 2411 2554 2482; x_wconf 89' lang='lat' dir='ltr'><strong>Saphira,</strong></span> <span class='ocrx_word' id='word_1_513' title='bbox 2581 2429 2661 2470; x_wconf 86' lang='lat' dir='ltr'><strong>vs.</strong></span> <span class='ocrx_word' id='word_1_514' title='bbox 2698 2415 2825 2471; x_wconf 75' lang='grc'><strong>417.</strong></span> 
     </span>
    </p>
   </div>
   <div class='ocr_carea' id='block_1_69' title="bbox 1902 2495 3385 2576">
    <p class='ocr_par' dir='ltr' id='par_1_69' title="bbox 1902 2495 3385 2576">
     <span class='ocr_line' id='line_1_69' title="bbox 1902 2495 3385 2576; baseline 0.007 -25"><span class='ocrx_word' id='word_1_515' title='bbox 1902 2495 1980 2552; x_wconf 87' lang='lat' dir='ltr'><strong>De</strong></span> <span class='ocrx_word' id='word_1_516' title='bbox 2000 2515 2058 2553; x_wconf 93' lang='lat' dir='ltr'><strong>eo</strong></span> <span class='ocrx_word' id='word_1_517' title='bbox 2083 2501 2168 2554; x_wconf 89' lang='lat' dir='ltr'><strong>ubi</strong></span> <span class='ocrx_word' id='word_1_518' title='bbox 2197 2503 2373 2557; x_wconf 88' lang='lat' dir='ltr'><strong>umbra</strong></span> <span class='ocrx_word' id='word_1_519' title='bbox 2400 2504 2543 2560; x_wconf 88' lang='lat' dir='ltr'><strong>Petri</strong></span> <span class='ocrx_word' id='word_1_520' title='bbox 2563 2508 2879 2562; x_wconf 86' lang='lat' dir='ltr'><strong>sanabuntur</strong></span> <span class='ocrx_word' id='word_1_521' title='bbox 2899 2507 3113 2576; x_wconf 83' lang='lat' dir='ltr'><strong>inﬁrmi,</strong></span> <span class='ocrx_word' id='word_1_522' title='bbox 3144 2522 3225 2563; x_wconf 88' lang='lat' dir='ltr'><strong>vs.</strong></span> <span class='ocrx_word' id='word_1_523' title='bbox 3257 2507 3385 2565; x_wconf 71' lang='lat'><strong>455.</strong></span> 
     </span>
    </p>
   </div>
   <div class='ocr_carea' id='block_1_70' title="bbox 1902 2588 3479 2669">
    <p class='ocr_par' dir='ltr' id='par_1_70' title="bbox 1902 2588 3479 2669">
     <span class='ocr_line' id='line_1_70' title="bbox 1902 2588 3479 2669; baseline 0.007 -27"><span class='ocrx_word' id='word_1_524' title='bbox 1902 2588 1981 2643; x_wconf 87' lang='lat' dir='ltr'><strong>De</strong></span> <span class='ocrx_word' id='word_1_525' title='bbox 2006 2607 2061 2644; x_wconf 89' lang='lat' dir='ltr'><strong>eo</strong></span> <span class='ocrx_word' id='word_1_526' title='bbox 2099 2594 2183 2645; x_wconf 88' lang='lat' dir='ltr'><strong>ubi</strong></span> <span class='ocrx_word' id='word_1_527' title='bbox 2206 2593 2261 2647; x_wconf 88' lang='lat' dir='ltr'><strong>in</strong></span> <span class='ocrx_word' id='word_1_528' title='bbox 2298 2600 2485 2664; x_wconf 89' lang='lat' dir='ltr'><strong>templo</strong></span> <span class='ocrx_word' id='word_1_529' title='bbox 2515 2598 2737 2666; x_wconf 83' lang='lat' dir='ltr'><strong>apostoli</strong></span> <span class='ocrx_word' id='word_1_530' title='bbox 2765 2598 2850 2668; x_wconf 91' lang='lat' dir='ltr'><strong>qui</strong></span> <span class='ocrx_word' id='word_1_531' title='bbox 2880 2597 2934 2652; x_wconf 91' lang='lat' dir='ltr'><strong>in</strong></span> <span class='ocrx_word' id='word_1_532' title='bbox 2965 2614 3168 2653; x_wconf 88' lang='lat' dir='ltr'><strong>carcere</strong></span> <span class='ocrx_word' id='word_1_533' title='bbox 3194 2600 3335 2653; x_wconf 85' lang='lat' dir='ltr'><strong>missi</strong></span> <span class='ocrx_word' id='word_1_534' title='bbox 3366 2600 3479 2669; x_wconf 78' lang='lat' dir='ltr'><strong>fue-</strong></span> 
     </span>
    </p>
   </div>
   <div class='ocr_carea' id='block_1_71' title="bbox 1971 2688 2736 2755">
    <p class='ocr_par' dir='ltr' id='par_1_71' title="bbox 1971 2688 2736 2755">
     <span class='ocr_line' id='line_1_71' title="bbox 1971 2688 2736 2755; baseline 0.009 -19"><span class='ocrx_word' id='word_1_535' title='bbox 1971 2693 2089 2738; x_wconf 87' lang='lat' dir='ltr'><strong>rant</strong></span> <span class='ocrx_word' id='word_1_536' title='bbox 2118 2688 2304 2755; x_wconf 83' lang='lat' dir='ltr'><strong>reperti</strong></span> <span class='ocrx_word' id='word_1_537' title='bbox 2331 2697 2471 2753; x_wconf 91' lang='lat' dir='ltr'><strong>sunt,</strong></span> <span class='ocrx_word' id='word_1_538' title='bbox 2501 2705 2580 2743; x_wconf 88' lang='lat' dir='ltr'><strong>vs.</strong></span> <span class='ocrx_word' id='word_1_539' title='bbox 2611 2690 2736 2745; x_wconf 82' lang='grc'><strong>515.</strong></span> 
     </span>
    </p>
   </div>
   <div class='ocr_carea' id='block_1_72' title="bbox 1900 2773 3475 2851">
    <p class='ocr_par' dir='ltr' id='par_1_72' title="bbox 1900 2773 3475 2851">
     <span class='ocr_line' id='line_1_72' title="bbox 1900 2773 3475 2851; baseline 0.004 -22"><span class='ocrx_word' id='word_1_540' title='bbox 1900 2773 1980 2830; x_wconf 89' lang='lat' dir='ltr'><strong>De</strong></span> <span class='ocrx_word' id='word_1_541' title='bbox 2008 2793 2065 2830; x_wconf 89' lang='lat' dir='ltr'><strong>eo</strong></span> <span class='ocrx_word' id='word_1_542' title='bbox 2104 2778 2190 2832; x_wconf 87' lang='lat' dir='ltr'><strong>ubi</strong></span> <span class='ocrx_word' id='word_1_543' title='bbox 2236 2779 2297 2831; x_wconf 88' lang='lat' dir='ltr'><strong>ab</strong></span> <span class='ocrx_word' id='word_1_544' title='bbox 2338 2782 2585 2851; x_wconf 82' lang='lat' dir='ltr'><strong>apostolis</strong></span> <span class='ocrx_word' id='word_1_545' title='bbox 2631 2781 2664 2836; x_wconf 90' lang='lat'><strong>7</strong></span> <span class='ocrx_word' id='word_1_546' title='bbox 2696 2781 2902 2836; x_wconf 85' lang='lat' dir='ltr'><strong>diaconi</strong></span> <span class='ocrx_word' id='word_1_547' title='bbox 2947 2781 3172 2837; x_wconf 86' lang='lat' dir='ltr'><strong>ordinati</strong></span> <span class='ocrx_word' id='word_1_548' title='bbox 3198 2789 3346 2850; x_wconf 88' lang='lat' dir='ltr'><strong>sunt,</strong></span> <span class='ocrx_word' id='word_1_549' title='bbox 3392 2796 3475 2837; x_wconf 86' lang='lat' dir='ltr'><strong>vs.</strong></span> 
     </span>
    </p>
   </div>
   <div class='ocr_carea' id='block_1_73' title="bbox 1970 2869 2096 2925">
    <p class='ocr_par' dir='ltr' id='par_1_73' title="bbox 1970 2869 2096 2925">
     <span class='ocr_line' id='line_1_73' title="bbox 1970 2869 2096 2925; baseline 0.008 -3"><span class='ocrx_word' id='word_1_550' title='bbox 1970 2869 2096 2925; x_wconf 78' lang='grc'><strong>552.</strong></span> 
     </span>
    </p>
   </div>
   <div class='ocr_carea' id='block_1_74' title="bbox 1897 2959 2990 3036">
    <p class='ocr_par' dir='ltr' id='par_1_74' title="bbox 1897 2959 2990 3036">
     <span class='ocr_line' id='line_1_74' title="bbox 1897 2959 2990 3036; baseline 0.007 -21"><span class='ocrx_word' id='word_1_551' title='bbox 1897 2959 1977 3016; x_wconf 88' lang='lat' dir='ltr'><strong>De</strong></span> <span class='ocrx_word' id='word_1_552' title='bbox 1996 2964 2231 3034; x_wconf 79' lang='lat' dir='ltr'><strong>passione</strong></span> <span class='ocrx_word' id='word_1_553' title='bbox 2256 2968 2421 3021; x_wconf 89' lang='lat' dir='ltr'><strong>sancti</strong></span> <span class='ocrx_word' id='word_1_554' title='bbox 2451 2966 2724 3036; x_wconf 86' lang='lat' dir='ltr'><strong>Stephani,</strong></span> <span class='ocrx_word' id='word_1_555' title='bbox 2749 2983 2832 3024; x_wconf 86' lang='lat' dir='ltr'><strong>vs.</strong></span> <span class='ocrx_word' id='word_1_556' title='bbox 2862 2968 2990 3025; x_wconf 82' lang='lat'><strong>586.</strong></span> 
     </span>
    </p>
   </div>
   <div class='ocr_carea' id='block_1_75' title="bbox 1899 3053 3482 3131">
    <p class='ocr_par' dir='ltr' id='par_1_75' title="bbox 1899 3053 3482 3131">
     <span class='ocr_line' id='line_1_75' title="bbox 1899 3053 3482 3131; baseline 0.007 -24"><span class='ocrx_word' id='word_1_557' title='bbox 1899 3053 1978 3107; x_wconf 89' lang='lat' dir='ltr'><strong>De</strong></span> <span class='ocrx_word' id='word_1_558' title='bbox 2031 3071 2090 3109; x_wconf 92' lang='lat' dir='ltr'><strong>eo</strong></span> <span class='ocrx_word' id='word_1_559' title='bbox 2136 3056 2221 3110; x_wconf 89' lang='lat' dir='ltr'><strong>ubi</strong></span> <span class='ocrx_word' id='word_1_560' title='bbox 2272 3058 2481 3114; x_wconf 87' lang='lat' dir='ltr'><strong>Simeon</strong></span> <span class='ocrx_word' id='word_1_561' title='bbox 2532 3064 2803 3131; x_wconf 87' lang='lat' dir='ltr'><strong>pecuniam</strong></span> <span class='ocrx_word' id='word_1_562' title='bbox 2845 3062 3085 3131; x_wconf 77' lang='lat' dir='ltr'><strong>o/ferens,</strong></span> <span class='ocrx_word' id='word_1_563' title='bbox 3118 3060 3274 3118; x_wconf 86' lang='lat' dir='ltr'><strong>Petro</strong></span> <span class='ocrx_word' id='word_1_564' title='bbox 3313 3061 3482 3118; x_wconf 46' lang='lat' dir='ltr'><strong>incree</strong></span> 
     </span>
    </p>
   </div>
   <div class='ocr_carea' id='block_1_76' title="bbox 1825 3154 2800 3227">
    <p class='ocr_par' dir='ltr' id='par_1_76' title="bbox 1825 3154 2800 3227">
     <span class='ocr_line' id='line_1_76' title="bbox 1825 3154 2800 3227; baseline 0.011 -29"><span class='ocrx_word' id='word_1_565' title='bbox 1825 3163 1870 3227; x_wconf 69' lang='grc' dir='ltr'>α</span> <span class='ocrx_word' id='word_1_566' title='bbox 1968 3158 2139 3218; x_wconf 63' lang='lat' dir='ltr'><strong>ponte,</strong></span> <span class='ocrx_word' id='word_1_567' title='bbox 2168 3154 2410 3221; x_wconf 77' lang='lat' dir='ltr'><strong>confusus</strong></span> <span class='ocrx_word' id='word_1_568' title='bbox 2441 3161 2532 3218; x_wconf 85' lang='lat' dir='ltr'><strong>est,</strong></span> <span class='ocrx_word' id='word_1_569' title='bbox 2557 3169 2636 3209; x_wconf 88' lang='lat' dir='ltr'><strong>vs.</strong></span> <span class='ocrx_word' id='word_1_570' title='bbox 2670 3156 2800 3211; x_wconf 73' lang='grc'><strong>624.</strong></span> 
     </span>
    </p>
   </div>
   <div class='ocr_carea' id='block_1_77' title="bbox 1900 3239 2900 3312">
    <p class='ocr_par' dir='ltr' id='par_1_77' title="bbox 1900 3239 2900 3312">
     <span class='ocr_line' id='line_1_77' title="bbox 1900 3239 2900 3312; baseline 0.009 -19"><span class='ocrx_word' id='word_1_571' title='bbox 1900 3239 1979 3295; x_wconf 89' lang='lat' dir='ltr'><strong>De</strong></span> <span class='ocrx_word' id='word_1_572' title='bbox 2001 3240 2246 3312; x_wconf 88' lang='lat' dir='ltr'><strong>Philippo</strong></span> <span class='ocrx_word' id='word_1_573' title='bbox 2269 3251 2316 3296; x_wconf 89' lang='lat' dir='ltr'><strong>et</strong></span> <span class='ocrx_word' id='word_1_574' title='bbox 2350 3243 2627 3311; x_wconf 84' lang='lat' dir='ltr'><strong>Eunucho,</strong></span> <span class='ocrx_word' id='word_1_575' title='bbox 2657 3260 2740 3302; x_wconf 86' lang='lat' dir='ltr'><strong>vs.</strong></span> <span class='ocrx_word' id='word_1_576' title='bbox 2774 3246 2900 3302; x_wconf 71' lang='lat'><strong>672.</strong></span> 
     </span>
    </p>
   </div>
   <div class='ocr_carea' id='block_1_78' title="bbox 1897 3330 3476 3410">
    <p class='ocr_par' dir='ltr' id='par_1_78' title="bbox 1897 3330 3476 3410">
     <span class='ocr_line' id='line_1_78' title="bbox 1897 3330 3476 3410; baseline 0.008 -26"><span class='ocrx_word' id='word_1_577' title='bbox 1897 3330 1975 3386; x_wconf 89' lang='lat' dir='ltr'><strong>De</strong></span> <span class='ocrx_word' id='word_1_578' title='bbox 2002 3332 2166 3386; x_wconf 92' lang='lat' dir='ltr'><strong>Saulo</strong></span> <span class='ocrx_word' id='word_1_579' title='bbox 2209 3348 2325 3386; x_wconf 89' lang='lat' dir='ltr'><strong>cum</strong></span> <span class='ocrx_word' id='word_1_580' title='bbox 2368 3342 2556 3403; x_wconf 89' lang='lat' dir='ltr'><strong>peteret</strong></span> <span class='ocrx_word' id='word_1_581' title='bbox 2594 3334 2908 3392; x_wconf 87' lang='lat' dir='ltr'><strong>Damascum</strong></span> <span class='ocrx_word' id='word_1_582' title='bbox 2949 3338 3175 3393; x_wconf 69' lang='lat' dir='ltr'><strong>caecitate</strong></span> <span class='ocrx_word' id='word_1_583' title='bbox 3216 3354 3476 3410; x_wconf 75' lang='lat' dir='ltr'><strong>percusso,</strong></span> 
     </span>
    </p>
   </div>
   <div class='ocr_carea' id='block_1_79' title="bbox 1964 3425 2204 3481">
    <p class='ocr_par' dir='ltr' id='par_1_79' title="bbox 1964 3425 2204 3481">
     <span class='ocr_line' id='line_1_79' title="bbox 1964 3425 2204 3481; baseline -0.004 0"><span class='ocrx_word' id='word_1_584' title='bbox 1964 3440 2048 3481; x_wconf 89' lang='lat' dir='ltr'><strong>vs.</strong></span> <span class='ocrx_word' id='word_1_585' title='bbox 2081 3425 2204 3480; x_wconf 88' lang='lat'><strong>708.</strong></span> 
     </span>
    </p>
   </div>
   <div class='ocr_carea' id='block_1_80' title="bbox 1894 3514 3474 3595">
    <p class='ocr_par' dir='ltr' id='par_1_80' title="bbox 1894 3514 3474 3595">
     <span class='ocr_line' id='line_1_80' title="bbox 1894 3514 3474 3595; baseline 0.006 -25"><span class='ocrx_word' id='word_1_586' title='bbox 1894 3514 1975 3571; x_wconf 90' lang='lat' dir='ltr'><strong>De</strong></span> <span class='ocrx_word' id='word_1_587' title='bbox 2022 3515 2380 3589; x_wconf 78' lang='lat' dir='ltr'><strong>Paralyticoa</strong></span> <span class='ocrx_word' id='word_1_588' title='bbox 2423 3528 2600 3576; x_wconf 89' lang='lat' dir='ltr'><strong>sancto</strong></span> <span class='ocrx_word' id='word_1_589' title='bbox 2640 3519 2798 3577; x_wconf 87' lang='lat' dir='ltr'><strong>Petro</strong></span> <span class='ocrx_word' id='word_1_590' title='bbox 2824 3522 2882 3579; x_wconf 89' lang='lat' dir='ltr'><strong>in</strong></span> <span class='ocrx_word' id='word_1_591' title='bbox 2928 3521 3101 3580; x_wconf 86' lang='lat' dir='ltr'><strong>Lidda</strong></span> <span class='ocrx_word' id='word_1_592' title='bbox 3129 3533 3306 3582; x_wconf 89' lang='lat' dir='ltr'><strong>curato</strong></span> <span class='ocrx_word' id='word_1_593' title='bbox 3331 3566 3347 3595; x_wconf 87' lang='lat'><strong>,</strong></span> <span class='ocrx_word' id='word_1_594' title='bbox 3393 3538 3474 3582; x_wconf 85' lang='lat' dir='ltr'><strong>vs.</strong></span> 
     </span>
    </p>
   </div>
   <div class='ocr_carea' id='block_1_81' title="bbox 1965 3609 2091 3664">
    <p class='ocr_par' dir='ltr' id='par_1_81' title="bbox 1965 3609 2091 3664">
     <span class='ocr_line' id='line_1_81' title="bbox 1965 3609 2091 3664; baseline 0 -1"><span class='ocrx_word' id='word_1_595' title='bbox 1965 3609 2091 3664; x_wconf 67' lang='grc'><strong>754.</strong></span> 
     </span>
    </p>
   </div>
   <div class='ocr_carea' id='block_1_82' title="bbox 1896 3696 3194 3773">
    <p class='ocr_par' dir='ltr' id='par_1_82' title="bbox 1896 3696 3194 3773">
     <span class='ocr_line' id='line_1_82' title="bbox 1896 3696 3194 3773; baseline 0.008 -22"><span class='ocrx_word' id='word_1_596' title='bbox 1896 3696 1975 3753; x_wconf 86' lang='lat' dir='ltr'><strong>De</strong></span> <span class='ocrx_word' id='word_1_597' title='bbox 2004 3699 2185 3755; x_wconf 89' lang='lat' dir='ltr'><strong>Tabita</strong></span> <span class='ocrx_word' id='word_1_598' title='bbox 2213 3717 2245 3756; x_wconf 90' lang='lat' dir='ltr'><strong>a</strong></span> <span class='ocrx_word' id='word_1_599' title='bbox 2273 3711 2449 3757; x_wconf 88' lang='lat' dir='ltr'><strong>sancto</strong></span> <span class='ocrx_word' id='word_1_600' title='bbox 2481 3701 2638 3759; x_wconf 90' lang='lat' dir='ltr'><strong>Petro</strong></span> <span class='ocrx_word' id='word_1_601' title='bbox 2666 3704 2933 3773; x_wconf 85' lang='lat' dir='ltr'><strong>suscitata,</strong></span> <span class='ocrx_word' id='word_1_602' title='bbox 2964 3720 3030 3761; x_wconf 90' lang='lat' dir='ltr'><strong>vs</strong></span> <span class='ocrx_word' id='word_1_603' title='bbox 3067 3705 3194 3763; x_wconf 89' lang='grc'><strong>801.</strong></span> 
     </span>
    </p>
   </div>
   <div class='ocr_carea' id='block_1_83' title="bbox 1896 3788 3043 3869">
    <p class='ocr_par' dir='ltr' id='par_1_83' title="bbox 1896 3788 3043 3869">
     <span class='ocr_line' id='line_1_83' title="bbox 1896 3788 3043 3869; baseline 0.011 -29"><span class='ocrx_word' id='word_1_604' title='bbox 1896 3788 1974 3843; x_wconf 90' lang='lat' dir='ltr'><strong>De</strong></span> <span class='ocrx_word' id='word_1_605' title='bbox 2000 3790 2234 3846; x_wconf 85' lang='lat' dir='ltr'><strong>Cornelio</strong></span> <span class='ocrx_word' id='word_1_606' title='bbox 2260 3794 2321 3846; x_wconf 92' lang='lat' dir='ltr'><strong>ab</strong></span> <span class='ocrx_word' id='word_1_607' title='bbox 2350 3795 2529 3865; x_wconf 88' lang='lat' dir='ltr'><strong>angelo</strong></span> <span class='ocrx_word' id='word_1_608' title='bbox 2556 3797 2781 3863; x_wconf 86' lang='lat' dir='ltr'><strong>visitata,</strong></span> <span class='ocrx_word' id='word_1_609' title='bbox 2808 3812 2891 3869; x_wconf 77' lang='lat' dir='ltr'><strong>vs.</strong></span> <span class='ocrx_word' id='word_1_610' title='bbox 2917 3798 3043 3853; x_wconf 74' lang='grc'><strong>846.</strong></span> 
     </span>
    </p>
   </div>
   <div class='ocr_carea' id='block_1_84' title="bbox 1898 3879 3473 3959">
    <p class='ocr_par' dir='ltr' id='par_1_84' title="bbox 1898 3879 3473 3959">
     <span class='ocr_line' id='line_1_84' title="bbox 1898 3879 3473 3959; baseline 0.008 -24"><span class='ocrx_word' id='word_1_611' title='bbox 1898 3879 1972 3936; x_wconf 87' lang='lat' dir='ltr'><strong>De</strong></span> <span class='ocrx_word' id='word_1_612' title='bbox 1999 3885 2190 3938; x_wconf 85' lang='lat' dir='ltr'><strong>visione</strong></span> <span class='ocrx_word' id='word_1_613' title='bbox 2220 3883 2381 3951; x_wconf 88' lang='lat' dir='ltr'><strong>Petri,</strong></span> <span class='ocrx_word' id='word_1_614' title='bbox 2411 3902 2526 3941; x_wconf 86' lang='lat' dir='ltr'><strong>cum</strong></span> <span class='ocrx_word' id='word_1_615' title='bbox 2547 3888 2594 3941; x_wconf 89' lang='lat' dir='ltr'><strong>ei</strong></span> <span class='ocrx_word' id='word_1_616' title='bbox 2627 3887 2690 3942; x_wconf 89' lang='lat' dir='ltr'><strong>de</strong></span> <span class='ocrx_word' id='word_1_617' title='bbox 2720 3888 2846 3942; x_wconf 75' lang='lat' dir='ltr'><strong>caelo</strong></span> <span class='ocrx_word' id='word_1_618' title='bbox 2867 3890 3075 3959; x_wconf 87' lang='lat' dir='ltr'><strong>plenum</strong></span> <span class='ocrx_word' id='word_1_619' title='bbox 3101 3906 3191 3946; x_wconf 80' lang='lat' dir='ltr'><strong>uas</strong></span> <span class='ocrx_word' id='word_1_620' title='bbox 3212 3898 3473 3947; x_wconf 82' lang='lat' dir='ltr'><strong>ostensum</strong></span> 
     </span>
    </p>
   </div>
   <div class='ocr_carea' id='block_1_85' title="bbox 1965 3975 2382 4041">
    <p class='ocr_par' dir='ltr' id='par_1_85' title="bbox 1965 3975 2382 4041">
     <span class='ocr_line' id='line_1_85' title="bbox 1965 3975 2382 4041; baseline 0.005 -14"><span class='ocrx_word' id='word_1_621' title='bbox 1965 3984 2115 4041; x_wconf 86' lang='lat' dir='ltr'><strong>esset,</strong></span> <span class='ocrx_word' id='word_1_622' title='bbox 2140 3990 2220 4030; x_wconf 93' lang='lat' dir='ltr'><strong>vs.</strong></span> <span class='ocrx_word' id='word_1_623' title='bbox 2255 3975 2382 4030; x_wconf 85' lang='lat'><strong>878.</strong></span> 
     </span>
    </p>
   </div>
   <div class='ocr_carea' id='block_1_86' title="bbox 1894 4062 3475 4143">
    <p class='ocr_par' dir='ltr' id='par_1_86' title="bbox 1894 4062 3475 4143">
     <span class='ocr_line' id='line_1_86' title="bbox 1894 4062 3475 4143; baseline 0.006 -26"><span class='ocrx_word' id='word_1_624' title='bbox 1894 4062 1974 4117; x_wconf 90' lang='lat' dir='ltr'><strong>De</strong></span> <span class='ocrx_word' id='word_1_625' title='bbox 1994 4080 2054 4117; x_wconf 90' lang='lat' dir='ltr'><strong>eo</strong></span> <span class='ocrx_word' id='word_1_626' title='bbox 2076 4066 2160 4117; x_wconf 89' lang='lat' dir='ltr'><strong>ubi</strong></span> <span class='ocrx_word' id='word_1_627' title='bbox 2184 4075 2391 4119; x_wconf 86' lang='lat' dir='ltr'><strong>sanctus</strong></span> <span class='ocrx_word' id='word_1_628' title='bbox 2420 4064 2609 4121; x_wconf 89' lang='lat' dir='ltr'><strong>Petrus</strong></span> <span class='ocrx_word' id='word_1_629' title='bbox 2632 4064 3008 4141; x_wconf 85' lang='lat' dir='ltr'><strong>Hierosolymis</strong></span> <span class='ocrx_word' id='word_1_630' title='bbox 3032 4070 3205 4126; x_wconf 85' lang='lat' dir='ltr'><strong>retulit</strong></span> <span class='ocrx_word' id='word_1_631' title='bbox 3232 4085 3324 4125; x_wconf 87' lang='lat' dir='ltr'><strong>cur</strong></span> <span class='ocrx_word' id='word_1_632' title='bbox 3352 4087 3475 4143; x_wconf 82' lang='lat' dir='ltr'><strong>gen-</strong></span> 
     </span>
    </p>
   </div>
   <div class='ocr_carea' id='block_1_87' title="bbox 1967 4157 2769 4228">
    <p class='ocr_par' dir='ltr' id='par_1_87' title="bbox 1967 4157 2769 4228">
     <span class='ocr_line' id='line_1_87' title="bbox 1967 4157 2769 4228; baseline 0.007 -19"><span class='ocrx_word' id='word_1_633' title='bbox 1967 4157 2101 4211; x_wconf 89' lang='lat' dir='ltr'><strong>tibus</strong></span> <span class='ocrx_word' id='word_1_634' title='bbox 2138 4160 2494 4228; x_wconf 78' lang='lat' dir='ltr'><strong>prtedicasset,</strong></span> <span class='ocrx_word' id='word_1_635' title='bbox 2522 4173 2605 4215; x_wconf 88' lang='lat' dir='ltr'><strong>vs.</strong></span> <span class='ocrx_word' id='word_1_636' title='bbox 2639 4160 2769 4215; x_wconf 87' lang='lat'><strong>966.</strong></span> 
     </span>
    </p>
   </div>
   <div class='ocr_carea' id='block_1_88' title="bbox 1894 4248 3479 4323">
    <p class='ocr_par' dir='ltr' id='par_1_88' title="bbox 1894 4248 3479 4323">
     <span class='ocr_line' id='line_1_88' title="bbox 1894 4248 3479 4323; baseline 0.001 -21"><span class='ocrx_word' id='word_1_637' title='bbox 1894 4248 1971 4303; x_wconf 91' lang='lat' dir='ltr'><strong>De</strong></span> <span class='ocrx_word' id='word_1_638' title='bbox 1992 4266 2049 4303; x_wconf 89' lang='lat' dir='ltr'><strong>eo</strong></span> <span class='ocrx_word' id='word_1_639' title='bbox 2070 4250 2154 4303; x_wconf 87' lang='lat' dir='ltr'><strong>ubi</strong></span> <span class='ocrx_word' id='word_1_640' title='bbox 2182 4261 2325 4305; x_wconf 88' lang='lat' dir='ltr'><strong>nocte</strong></span> <span class='ocrx_word' id='word_1_641' title='bbox 2344 4257 2556 4321; x_wconf 84' lang='lat' dir='ltr'><strong>angelus</strong></span> <span class='ocrx_word' id='word_1_642' title='bbox 2582 4248 2801 4306; x_wconf 88' lang='lat' dir='ltr'><strong>Petrum</strong></span> <span class='ocrx_word' id='word_1_643' title='bbox 2830 4252 3033 4309; x_wconf 86' lang='lat' dir='ltr'><strong>solvens</strong></span> <span class='ocrx_word' id='word_1_644' title='bbox 3070 4268 3100 4309; x_wconf 85' lang='lat' dir='ltr'><strong>e</strong></span> <span class='ocrx_word' id='word_1_645' title='bbox 3128 4268 3330 4309; x_wconf 84' lang='lat' dir='ltr'><strong>carcere</strong></span> <span class='ocrx_word' id='word_1_646' title='bbox 3356 4267 3479 4323; x_wconf 84' lang='lat' dir='ltr'><strong>per-</strong></span> 
     </span>
    </p>
   </div>
   <div class='ocr_carea' id='block_1_89' title="bbox 1965 4343 2435 4411">
    <p class='ocr_par' dir='ltr' id='par_1_89' title="bbox 1965 4343 2435 4411">
     <span class='ocr_line' id='line_1_89' title="bbox 1965 4343 2435 4411; baseline 0 -16"><span class='ocrx_word' id='word_1_647' title='bbox 1965 4343 2131 4411; x_wconf 76' lang='lat' dir='ltr'><strong>duxit,</strong></span> <span class='ocrx_word' id='word_1_648' title='bbox 2159 4358 2243 4397; x_wconf 74' lang='lat' dir='ltr'><strong>Vs.</strong></span> <span class='ocrx_word' id='word_1_649' title='bbox 2278 4343 2435 4397; x_wconf 81' lang='grc'><strong>1007.</strong></span> 
     </span>
    </p>
   </div>
   <div class='ocr_carea' id='block_1_90' title="bbox 2173 4476 3193 4538">
    <p class='ocr_par' dir='ltr' id='par_1_90' title="bbox 2173 4476 3193 4538">
     <span class='ocr_line' id='line_1_90' title="bbox 2173 4476 3193 4538; baseline 0.001 -4"><span class='ocrx_word' id='word_1_650' title='bbox 2173 4478 2628 4536; x_wconf 82' lang='lat' dir='ltr'><strong>CAPITULATIO</strong></span> <span class='ocrx_word' id='word_1_651' title='bbox 2664 4479 2849 4536; x_wconf 82' lang='lat' dir='ltr'><strong>LIBRI</strong></span> <span class='ocrx_word' id='word_1_652' title='bbox 2883 4476 3193 4538; x_wconf 84' lang='lat' dir='ltr'><strong>SECUNDI.</strong></span> 
     </span>
    </p>
   </div>
   <div class='ocr_carea' id='block_1_91' title="bbox 201 4592 3479 4696">
    <p class='ocr_par' dir='ltr' id='par_1_91' title="bbox 201 4592 3479 4696">
     <span class='ocr_line' id='line_1_91' title="bbox 201 4592 3479 4696; baseline 0.01 -50"><span class='ocrx_word' id='word_1_653' title='bbox 201 4606 328 4646; x_wconf 90' lang='lat' dir='ltr'><strong>rum</strong></span> <span class='ocrx_word' id='word_1_654' title='bbox 359 4592 580 4648; x_wconf 86' lang='lat' dir='ltr'><strong>arbitrio</strong></span> <span class='ocrx_word' id='word_1_655' title='bbox 612 4611 752 4652; x_wconf 88' lang='lat' dir='ltr'><strong>nunc</strong></span> <span class='ocrx_word' id='word_1_656' title='bbox 782 4598 1021 4669; x_wconf 85' lang='lat' dir='ltr'><strong>longiora</strong></span> <span class='ocrx_word' id='word_1_657' title='bbox 1044 4643 1060 4671; x_wconf 95' lang='lat'><strong>,</strong></span> <span class='ocrx_word' id='word_1_658' title='bbox 1090 4620 1230 4661; x_wconf 92' lang='lat' dir='ltr'><strong>nunc</strong></span> <span class='ocrx_word' id='word_1_659' title='bbox 1261 4607 1506 4666; x_wconf 87' lang='lat' dir='ltr'><strong>breviora</strong></span> <span class='ocrx_word' id='word_1_660' title='bbox 1528 4651 1543 4677; x_wconf 88' lang='lat'><strong>,</strong></span> <span class='ocrx_word' id='word_1_661' title='bbox 1577 4612 1704 4669; x_wconf 89' lang='lat' dir='ltr'><strong>licet</strong></span> <span class='ocrx_word' id='word_1_662' title='bbox 1731 4626 1788 4672; x_wconf 90' lang='lat' dir='ltr'><strong>et</strong></span> <span class='ocrx_word' id='word_1_663' title='bbox 1818 4592 1862 4599; x_wconf 56' lang='lat'><strong>-</strong></span> <span class='ocrx_word' id='word_1_664' title='bbox 1893 4621 1971 4677; x_wconf 89' lang='lat' dir='ltr'><strong>De</strong></span> <span class='ocrx_word' id='word_1_665' title='bbox 1999 4636 2058 4676; x_wconf 88' lang='lat' dir='ltr'><strong>eo</strong></span> <span class='ocrx_word' id='word_1_666' title='bbox 2088 4622 2173 4676; x_wconf 88' lang='lat' dir='ltr'><strong>ubi</strong></span> <span class='ocrx_word' id='word_1_667' title='bbox 2201 4621 2421 4691; x_wconf 89' lang='lat' dir='ltr'><strong>Saulus,</strong></span> <span class='ocrx_word' id='word_1_668' title='bbox 2447 4623 2537 4691; x_wconf 86' lang='lat' dir='ltr'><strong>qui</strong></span> <span class='ocrx_word' id='word_1_669' title='bbox 2558 4630 2604 4676; x_wconf 88' lang='lat' dir='ltr'><strong>et</strong></span> <span class='ocrx_word' id='word_1_670' title='bbox 2628 4622 2851 4690; x_wconf 86' lang='lat' dir='ltr'><strong>Paulus,</strong></span> <span class='ocrx_word' id='word_1_671' title='bbox 2874 4622 3012 4696; x_wconf 84' lang='lat' dir='ltr'><strong>apud</strong></span> <span class='ocrx_word' id='word_1_672' title='bbox 3037 4621 3301 4678; x_wconf 83' lang='lat' dir='ltr'><strong>consulem</strong></span> <span class='ocrx_word' id='word_1_673' title='bbox 3334 4621 3479 4678; x_wconf 80' lang='lat' dir='ltr'><strong>Pau-</strong></span> 
     </span>
    </p>
   </div>
   <div class='ocr_carea' id='block_1_92' title="bbox 204 4682 1785 4767">
    <p class='ocr_par' dir='ltr' id='par_1_92' title="bbox 204 4682 1785 4767">
     <span class='ocr_line' id='line_1_92' title="bbox 204 4682 1785 4767; baseline 0.019 -33"><span class='ocrx_word' id='word_1_674' title='bbox 204 4682 370 4736; x_wconf 89' lang='lat' dir='ltr'><strong>codd.</strong></span> <span class='ocrx_word' id='word_1_675' title='bbox 405 4684 592 4740; x_wconf 89' lang='lat' dir='ltr'><strong>eadem</strong></span> <span class='ocrx_word' id='word_1_676' title='bbox 625 4687 876 4759; x_wconf 88' lang='lat' dir='ltr'><strong>habeant,</strong></span> <span class='ocrx_word' id='word_1_677' title='bbox 900 4694 995 4749; x_wconf 90' lang='lat' dir='ltr'><strong>sed</strong></span> <span class='ocrx_word' id='word_1_678' title='bbox 1024 4712 1142 4766; x_wconf 70' lang='lat' dir='ltr'><strong>qua:</strong></span> <span class='ocrx_word' id='word_1_679' title='bbox 1169 4705 1371 4767; x_wconf 88' lang='lat' dir='ltr'><strong>tamen,</strong></span> <span class='ocrx_word' id='word_1_680' title='bbox 1398 4710 1458 4757; x_wconf 90' lang='lat' dir='ltr'><strong>ut</strong></span> <span class='ocrx_word' id='word_1_681' title='bbox 1483 4705 1537 4759; x_wconf 83' lang='lat' dir='ltr'><strong>in</strong></span> <span class='ocrx_word' id='word_1_682' title='bbox 1566 4705 1785 4765; x_wconf 88' lang='lat' dir='ltr'><strong>Sedulio</strong></span> 
     </span>
    </p>
   </div>
   <div class='ocr_carea' id='block_1_93' title="bbox 206 4772 1783 4870">
    <p class='ocr_par' dir='ltr' id='par_1_93' title="bbox 206 4772 1783 4870">
     <span class='ocr_line' id='line_1_93' title="bbox 206 4772 1783 4870; baseline 0.019 -45"><span class='ocrx_word' id='word_1_683' title='bbox 206 4772 572 4843; x_wconf 85' lang='lat' dir='ltr'><strong>deprehendi,</strong></span> <span class='ocrx_word' id='word_1_684' title='bbox 616 4779 881 4837; x_wconf 86' lang='lat' dir='ltr'><strong>debentur</strong></span> <span class='ocrx_word' id='word_1_685' title='bbox 924 4785 1192 4856; x_wconf 85' lang='lat' dir='ltr'><strong>librariis,</strong></span> <span class='ocrx_word' id='word_1_686' title='bbox 1239 4792 1304 4847; x_wconf 87' lang='lat' dir='ltr'><strong>iis</strong></span> <span class='ocrx_word' id='word_1_687' title='bbox 1347 4797 1643 4863; x_wconf 73' lang='lat' dir='ltr'><strong>praesertim</strong></span> <span class='ocrx_word' id='word_1_688' title='bbox 1690 4801 1783 4870; x_wconf 88' lang='lat' dir='ltr'><strong>qui</strong></span> 
     </span>
    </p>
   </div>
   <div class='ocr_carea' id='block_1_94' title="bbox 209 4868 1785 4954">
    <p class='ocr_par' dir='ltr' id='par_1_94' title="bbox 209 4868 1785 4954">
     <span class='ocr_line' id='line_1_94' title="bbox 209 4868 1785 4954; baseline 0.019 -33"><span class='ocrx_word' id='word_1_689' title='bbox 209 4868 530 4946; x_wconf 74' lang='grc' dir='ltr'><strong>καλλιγράφοι</strong></span> <span class='ocrx_word' id='word_1_690' title='bbox 556 4874 638 4929; x_wconf 89' lang='lat' dir='ltr'><strong>vel</strong></span> <span class='ocrx_word' id='word_1_691' title='bbox 665 4879 985 4954; x_wconf 70' lang='grc' dir='ltr'><strong>χρυσοσγάφοι</strong></span> <span class='ocrx_word' id='word_1_692' title='bbox 1015 4897 1327 4942; x_wconf 87' lang='lat' dir='ltr'><strong>ornamenta</strong></span> <span class='ocrx_word' id='word_1_693' title='bbox 1359 4890 1629 4948; x_wconf 89' lang='lat' dir='ltr'><strong>addebant</strong></span> <span class='ocrx_word' id='word_1_694' title='bbox 1658 4868 1785 4951; x_wconf 78' lang='lat' dir='ltr'><strong>titu-</strong></span> 
     </span>
    </p>
   </div>
   <div class='ocr_carea' id='block_1_95' title="bbox 210 4957 1783 5057">
    <p class='ocr_par' dir='ltr' id='par_1_95' title="bbox 210 4957 1783 5057">
     <span class='ocr_line' id='line_1_95' title="bbox 210 4957 1783 5057; baseline 0.02 -46"><span class='ocrx_word' id='word_1_695' title='bbox 210 4957 270 5013; x_wconf 86' lang='lat' dir='ltr'><strong>lis</strong></span> <span class='ocrx_word' id='word_1_696' title='bbox 299 4961 555 5018; x_wconf 89' lang='lat' dir='ltr'><strong>librorum</strong></span> <span class='ocrx_word' id='word_1_697' title='bbox 575 5008 591 5034; x_wconf 91' lang='lat'><strong>,</strong></span> <span class='ocrx_word' id='word_1_698' title='bbox 617 4970 960 5041; x_wconf 89' lang='lat' dir='ltr'><strong>capitumque</strong></span> <span class='ocrx_word' id='word_1_699' title='bbox 988 4975 1154 5031; x_wconf 88' lang='lat' dir='ltr'><strong>initiis</strong></span> <span class='ocrx_word' id='word_1_700' title='bbox 1171 5015 1189 5043; x_wconf 93' lang='lat'><strong>,</strong></span> <span class='ocrx_word' id='word_1_701' title='bbox 1213 4989 1371 5049; x_wconf 89' lang='lat' dir='ltr'><strong>atque</strong></span> <span class='ocrx_word' id='word_1_702' title='bbox 1394 4982 1531 5039; x_wconf 88' lang='lat' dir='ltr'><strong>adeo</strong></span> <span class='ocrx_word' id='word_1_703' title='bbox 1559 4984 1625 5040; x_wconf 92' lang='lat' dir='ltr'><strong>ad</strong></span> <span class='ocrx_word' id='word_1_704' title='bbox 1657 5000 1783 5057; x_wconf 89' lang='lat' dir='ltr'><strong>spa-</strong></span> 
     </span>
    </p>
   </div>
   <div class='ocr_carea' id='block_1_96' title="bbox 210 5051 1787 5134">
    <p class='ocr_par' dir='ltr' id='par_1_96' title="bbox 210 5051 1787 5134">
     <span class='ocr_line' id='line_1_96' title="bbox 210 5051 1787 5134; baseline 0.02 -31"><span class='ocrx_word' id='word_1_705' title='bbox 210 5051 281 5105; x_wconf 69' lang='lat' dir='ltr'><strong>tia</strong></span> <span class='ocrx_word' id='word_1_706' title='bbox 309 5067 431 5123; x_wconf 74' lang='lat' dir='ltr'><strong>quae</strong></span> <span class='ocrx_word' id='word_1_707' title='bbox 457 5069 487 5109; x_wconf 90' lang='lat' dir='ltr'><strong>a</strong></span> <span class='ocrx_word' id='word_1_708' title='bbox 518 5058 681 5125; x_wconf 87' lang='lat' dir='ltr'><strong>priori</strong></span> <span class='ocrx_word' id='word_1_709' title='bbox 709 5060 929 5117; x_wconf 88' lang='lat' dir='ltr'><strong>librario</strong></span> <span class='ocrx_word' id='word_1_710' title='bbox 959 5063 1044 5120; x_wconf 87' lang='lat' dir='ltr'><strong>bis</strong></span> <span class='ocrx_word' id='word_1_711' title='bbox 1073 5074 1401 5130; x_wconf 85' lang='lat' dir='ltr'><strong>ornamentis</strong></span> <span class='ocrx_word' id='word_1_712' title='bbox 1434 5090 1596 5132; x_wconf 85' lang='lat' dir='ltr'><strong>vacua</strong></span> <span class='ocrx_word' id='word_1_713' title='bbox 1633 5051 1787 5134; x_wconf 74' lang='lat' dir='ltr'><strong>erant</strong></span> 
     </span>
    </p>
   </div>
   <div class='ocr_carea' id='block_1_97' title="bbox 212 5142 1789 5239">
    <p class='ocr_par' dir='ltr' id='par_1_97' title="bbox 212 5142 1789 5239">
     <span class='ocr_line' id='line_1_97' title="bbox 212 5142 1789 5239; baseline 0.019 -42"><span class='ocrx_word' id='word_1_714' title='bbox 212 5142 396 5199; x_wconf 87' lang='lat' dir='ltr'><strong>relicta</strong></span> <span class='ocrx_word' id='word_1_715' title='bbox 435 5159 556 5204; x_wconf 84' lang='lat' dir='ltr'><strong>sese</strong></span> <span class='ocrx_word' id='word_1_716' title='bbox 593 5154 1097 5224; x_wconf 87' lang='lat' dir='ltr'><strong>accommodantes,</strong></span> <span class='ocrx_word' id='word_1_717' title='bbox 1140 5160 1276 5217; x_wconf 87' lang='lat' dir='ltr'><strong>tales</strong></span> <span class='ocrx_word' id='word_1_718' title='bbox 1312 5163 1685 5239; x_wconf 88' lang='lat' dir='ltr'><strong>inscriptiones</strong></span> <span class='ocrx_word' id='word_1_719' title='bbox 1706 5171 1789 5229; x_wconf 87' lang='lat' dir='ltr'><strong>vel</strong></span> 
     </span>
    </p>
   </div>
   <div class='ocr_carea' id='block_1_98' title="bbox 277 5322 1151 5422">
    <p class='ocr_par' dir='ltr' id='par_1_98' title="bbox 277 5322 1151 5422">
     <span class='ocr_line' id='line_1_98' title="bbox 277 5322 1151 5422; baseline 0.021 -46"><span class='ocrx_word' id='word_1_720' title='bbox 277 5322 354 5422; x_wconf 45' lang='lat' dir='ltr'><strong>sq?</strong></span> <span class='ocrx_word' id='word_1_721' title='bbox 390 5325 687 5422; x_wconf 46' lang='lat' dir='ltr'><strong>‘A‘r&#39;starch.</strong></span> <span class='ocrx_word' id='word_1_722' title='bbox 715 5331 908 5422; x_wconf 64' lang='lat' dir='ltr'><strong>§acro,</strong></span> <span class='ocrx_word' id='word_1_723' title='bbox 935 5351 995 5422; x_wconf 75' lang='lat' dir='ltr'><strong>_p.</strong></span> 
     </span>
    </p>
   </div>
   <div class='ocr_carea' id='block_1_99' title="bbox 300 5396 1410 5544">
    <p class='ocr_par' dir='ltr' id='par_1_99' title="bbox 300 5396 1410 5544">
     <span class='ocr_line' id='line_1_99' title="bbox 301 5396 1410 5481; baseline 0.023 -35"><span class='ocrx_word' id='word_1_724' title='bbox 301 5396 350 5463; x_wconf 86' lang='lat' dir='ltr'><strong>b)</strong></span> <span class='ocrx_word' id='word_1_725' title='bbox 390 5400 642 5466; x_wconf 85' lang='lat' dir='ltr'><strong>Upuscul.</strong></span> <span class='ocrx_word' id='word_1_726' title='bbox 679 5403 862 5469; x_wconf 86' lang='lat' dir='ltr'><strong>philol.</strong></span> <span class='ocrx_word' id='word_1_727' title='bbox 893 5396 956 5461; x_wconf 65' lang='lat' dir='ltr'><strong>et</strong></span> <span class='ocrx_word' id='word_1_728' title='bbox 977 5411 1172 5475; x_wconf 83' lang='lat' dir='ltr'><strong>critic.,</strong></span> <span class='ocrx_word' id='word_1_729' title='bbox 1199 5426 1254 5481; x_wconf 82' lang='grc' dir='ltr'><strong>ι).</strong></span> <span class='ocrx_word' id='word_1_730' title='bbox 1280 5412 1410 5472; x_wconf 72' lang='grc'><strong>215.</strong></span> 
     </span>
     <span class='ocr_line' id='line_1_100' title="bbox 300 5469 1233 5544; baseline 0.026 -29"><span class='ocrx_word' id='word_1_731' title='bbox 300 5472 351 5544; x_wconf 59' lang='grc' dir='ltr'><strong>τ)</strong></span> <span class='ocrx_word' id='word_1_732' title='bbox 391 5469 474 5544; x_wconf 76' lang='lat' dir='ltr'><strong>Ad</strong></span> <span class='ocrx_word' id='word_1_733' title='bbox 497 5470 720 5544; x_wconf 82' lang='lat' dir='ltr'><strong>Statium</strong></span> <span class='ocrx_word' id='word_1_734' title='bbox 752 5490 807 5527; x_wconf 85' lang='grc' dir='ltr'><strong>ιιι</strong></span> <span class='ocrx_word' id='word_1_735' title='bbox 837 5477 967 5531; x_wconf 64' lang='lat' dir='ltr'><strong>Silv.</strong></span> <span class='ocrx_word' id='word_1_736' title='bbox 991 5521 1005 5544; x_wconf 92' lang='lat'><strong>,</strong></span> <span class='ocrx_word' id='word_1_737' title='bbox 1040 5480 1107 5541; x_wconf 76' lang='grc'><strong>2.</strong></span> <span class='ocrx_word' id='word_1_738' title='bbox 1140 5484 1233 5538; x_wconf 85' lang='grc'><strong>58.</strong></span> 
     </span>
    </p>
   </div>
   <div class='ocr_carea' id='block_1_100' title="bbox 302 5536 1191 5607">
    <p class='ocr_par' dir='ltr' id='par_1_100' title="bbox 302 5536 1191 5607">
     <span class='ocr_line' id='line_1_101' title="bbox 302 5536 1191 5607; baseline 0.025 -21"><span class='ocrx_word' id='word_1_739' title='bbox 302 5536 358 5601; x_wconf 80' lang='grc' dir='ltr'><strong>α)</strong></span> <span class='ocrx_word' id='word_1_740' title='bbox 400 5538 475 5607; x_wconf 62' lang='lat' dir='ltr'><strong>nu</strong></span> <span class='ocrx_word' id='word_1_741' title='bbox 508 5542 733 5596; x_wconf 75' lang='lat' dir='ltr'><strong>sianum</strong></span> <span class='ocrx_word' id='word_1_742' title='bbox 764 5559 798 5596; x_wconf 89' lang='grc' dir='ltr'><strong>ιι</strong></span> <span class='ocrx_word' id='word_1_743' title='bbox 828 5536 1032 5607; x_wconf 64' lang='lat' dir='ltr'><strong>ruehl.</strong></span> <span class='ocrx_word' id='word_1_744' title='bbox 1068 5536 1191 5607; x_wconf 75' lang='lat'><strong>7&#39;06.</strong></span> 
     </span>
    </p>
   </div>
   <div class='ocr_carea' id='block_1_101' title="bbox 279 5605 1087 5683">
    <p class='ocr_par' dir='ltr' id='par_1_101' title="bbox 279 5605 1087 5683">
     <span class='ocr_line' id='line_1_102' title="bbox 279 5605 1087 5683; baseline 0.021 -28"><span class='ocrx_word' id='word_1_745' title='bbox 279 5608 351 5683; x_wconf 58' lang='lat' dir='ltr'><strong>te)</strong></span> <span class='ocrx_word' id='word_1_746' title='bbox 584 5614 648 5666; x_wconf 88' lang='lat' dir='ltr'><strong>ad</strong></span> <span class='ocrx_word' id='word_1_747' title='bbox 681 5628 731 5665; x_wconf 91' lang='lat' dir='ltr'><strong>tv</strong></span> <span class='ocrx_word' id='word_1_748' title='bbox 760 5615 931 5675; x_wconf 85' lang='lat' dir='ltr'><strong>Tlteb.</strong></span> <span class='ocrx_word' id='word_1_749' title='bbox 951 5658 966 5683; x_wconf 90' lang='lat'><strong>,</strong></span> <span class='ocrx_word' id='word_1_750' title='bbox 1000 5605 1087 5673; x_wconf 87' lang='grc'><strong>19.</strong></span> 
     </span>
    </p>
   </div>
   <div class='ocr_carea' id='block_1_102' title="bbox 277 5675 1129 5753">
    <p class='ocr_par' dir='ltr' id='par_1_102' title="bbox 277 5675 1129 5753">
     <span class='ocr_line' id='line_1_103' title="bbox 277 5675 1129 5753; baseline 0.018 -23"><span class='ocrx_word' id='word_1_751' title='bbox 277 5676 354 5753; x_wconf 60' lang='grc' dir='ltr'><strong>(ι)</strong></span> <span class='ocrx_word' id='word_1_752' title='bbox 398 5675 559 5753; x_wconf 55' lang='lat' dir='ltr'><strong>tua,</strong></span> <span class='ocrx_word' id='word_1_753' title='bbox 589 5683 654 5735; x_wconf 86' lang='lat' dir='ltr'><strong>ad</strong></span> <span class='ocrx_word' id='word_1_754' title='bbox 685 5699 737 5736; x_wconf 80' lang='lat' dir='ltr'><strong>Vl</strong></span> <span class='ocrx_word' id='word_1_755' title='bbox 764 5675 970 5753; x_wconf 71' lang='lat' dir='ltr'><strong>Theb.,</strong></span> <span class='ocrx_word' id='word_1_756' title='bbox 1003 5689 1129 5747; x_wconf 75' lang='lat'><strong>550.</strong></span> 
     </span>
    </p>
   </div>
   <div class='ocr_carea' id='block_1_103' title="bbox 286 5747 1432 5835">
    <p class='ocr_par' dir='ltr' id='par_1_103' title="bbox 286 5747 1432 5835">
     <span class='ocr_line' id='line_1_104' title="bbox 286 5747 1432 5835; baseline 0.019 -34"><span class='ocrx_word' id='word_1_757' title='bbox 286 5747 360 5818; x_wconf 87' lang='lat' dir='ltr'><strong>(g)</strong></span> <span class='ocrx_word' id='word_1_758' title='bbox 403 5748 476 5803; x_wconf 88' lang='lat' dir='ltr'><strong>De</strong></span> <span class='ocrx_word' id='word_1_759' title='bbox 502 5750 717 5824; x_wconf 88' lang='lat' dir='ltr'><strong>decrep.</strong></span> <span class='ocrx_word' id='word_1_760' title='bbox 749 5753 812 5811; x_wconf 87' lang='lat' dir='ltr'><strong>L.</strong></span> <span class='ocrx_word' id='word_1_761' title='bbox 843 5757 907 5813; x_wconf 74' lang='grc' dir='ltr'><strong>Ι..</strong></span> <span class='ocrx_word' id='word_1_762' title='bbox 938 5747 1155 5819; x_wconf 85' lang='lat' dir='ltr'><strong>Senect.</strong></span> <span class='ocrx_word' id='word_1_763' title='bbox 1174 5800 1195 5829; x_wconf 86' lang='lat'><strong>,</strong></span> <span class='ocrx_word' id='word_1_764' title='bbox 1224 5776 1277 5835; x_wconf 78' lang='grc' dir='ltr'><strong>ρ.</strong></span> <span class='ocrx_word' id='word_1_765' title='bbox 1305 5762 1432 5823; x_wconf 68' lang='grc'><strong>246.</strong></span> 
     </span>
    </p>
   </div>
   <div class='ocr_carea' id='block_1_104' title="bbox 1965 4713 3370 4788">
    <p class='ocr_par' dir='ltr' id='par_1_104' title="bbox 1965 4713 3370 4788">
     <span class='ocr_line' id='line_1_105' title="bbox 1965 4713 3370 4788; baseline 0.003 -21"><span class='ocrx_word' id='word_1_766' title='bbox 1965 4714 2071 4768; x_wconf 91' lang='lat' dir='ltr'><strong>lum</strong></span> <span class='ocrx_word' id='word_1_767' title='bbox 2115 4714 2414 4781; x_wconf 66' lang='lat' dir='ltr'><strong>praedicavit</strong></span> <span class='ocrx_word' id='word_1_768' title='bbox 2439 4714 2496 4768; x_wconf 90' lang='lat' dir='ltr'><strong>in</strong></span> <span class='ocrx_word' id='word_1_769' title='bbox 2524 4713 2661 4769; x_wconf 85' lang='lat' dir='ltr'><strong>Pasa</strong></span> <span class='ocrx_word' id='word_1_770' title='bbox 2691 4716 2830 4788; x_wconf 79' lang='lat' dir='ltr'><strong>[lege</strong></span> <span class='ocrx_word' id='word_1_771' title='bbox 2858 4717 2912 4769; x_wconf 89' lang='lat' dir='ltr'><strong>in</strong></span> <span class='ocrx_word' id='word_1_772' title='bbox 2946 4714 3170 4788; x_wconf 85' lang='lat' dir='ltr'><strong>Papho],</strong></span> <span class='ocrx_word' id='word_1_773' title='bbox 3198 4730 3281 4771; x_wconf 84' lang='lat' dir='ltr'><strong>vs.</strong></span> <span class='ocrx_word' id='word_1_774' title='bbox 3315 4716 3370 4771; x_wconf 93' lang='grc'><strong>1.</strong></span> 
     </span>
    </p>
   </div>
   <div class='ocr_carea' id='block_1_105' title="bbox 1891 4805 3479 4881">
    <p class='ocr_par' dir='ltr' id='par_1_105' title="bbox 1891 4805 3479 4881">
     <span class='ocr_line' id='line_1_106' title="bbox 1891 4805 3479 4881; baseline 0.001 -18"><span class='ocrx_word' id='word_1_775' title='bbox 1891 4805 1971 4863; x_wconf 88' lang='lat' dir='ltr'><strong>De</strong></span> <span class='ocrx_word' id='word_1_776' title='bbox 2000 4823 2059 4861; x_wconf 87' lang='lat' dir='ltr'><strong>eo</strong></span> <span class='ocrx_word' id='word_1_777' title='bbox 2091 4808 2173 4861; x_wconf 87' lang='lat' dir='ltr'><strong>ubi</strong></span> <span class='ocrx_word' id='word_1_778' title='bbox 2196 4805 2396 4860; x_wconf 90' lang='lat' dir='ltr'><strong>Paulus</strong></span> <span class='ocrx_word' id='word_1_779' title='bbox 2438 4807 2724 4863; x_wconf 79' lang='lat' dir='ltr'><strong>Antiochia:</strong></span> <span class='ocrx_word' id='word_1_780' title='bbox 2752 4810 2806 4862; x_wconf 90' lang='lat' dir='ltr'><strong>in</strong></span> <span class='ocrx_word' id='word_1_781' title='bbox 2836 4825 3151 4881; x_wconf 79' lang='lat' dir='ltr'><strong>synagogam</strong></span> <span class='ocrx_word' id='word_1_782' title='bbox 3192 4810 3479 4881; x_wconf 81' lang='lat' dir='ltr'><strong>prtcdicans</strong></span> 
     </span>
    </p>
   </div>
   <div class='ocr_carea' id='block_1_106' title="bbox 1962 4895 3477 4971">
    <p class='ocr_par' dir='ltr' id='par_1_106' title="bbox 1962 4895 3477 4971">
     <span class='ocr_line' id='line_1_107' title="bbox 1962 4895 3477 4971; baseline 0.001 -20"><span class='ocrx_word' id='word_1_783' title='bbox 1962 4898 2025 4951; x_wconf 88' lang='lat' dir='ltr'><strong>de</strong></span> <span class='ocrx_word' id='word_1_784' title='bbox 2075 4913 2279 4968; x_wconf 86' lang='lat' dir='ltr'><strong>egressu</strong></span> <span class='ocrx_word' id='word_1_785' title='bbox 2332 4895 2615 4952; x_wconf 83' lang='lat' dir='ltr'><strong>Israelitici</strong></span> <span class='ocrx_word' id='word_1_786' title='bbox 2669 4900 2849 4971; x_wconf 87' lang='lat' dir='ltr'><strong>populi</strong></span> <span class='ocrx_word' id='word_1_787' title='bbox 2910 4901 3079 4955; x_wconf 88' lang='lat' dir='ltr'><strong>attulit</strong></span> <span class='ocrx_word' id='word_1_788' title='bbox 3144 4901 3477 4965; x_wconf 84' lang='lat' dir='ltr'><strong>mentionem,</strong></span> 
     </span>
    </p>
   </div>
   <div class='ocr_carea' id='block_1_107' title="bbox 1893 4991 3478 5157">
    <p class='ocr_par' dir='ltr' id='par_1_107' title="bbox 1893 4991 3478 5157">
     <span class='ocr_line' id='line_1_108' title="bbox 1961 4991 2167 5045; baseline -0.01 0"><span class='ocrx_word' id='word_1_789' title='bbox 1961 5005 2045 5045; x_wconf 88' lang='lat' dir='ltr'><strong>vs.</strong></span> <span class='ocrx_word' id='word_1_790' title='bbox 2075 4991 2167 5044; x_wconf 76' lang='grc'><strong>40.</strong></span> 
     </span>
     <span class='ocr_line' id='line_1_109' title="bbox 1893 5079 3478 5157; baseline -0.001 -22"><span class='ocrx_word' id='word_1_791' title='bbox 1893 5079 1971 5135; x_wconf 91' lang='lat' dir='ltr'><strong>De</strong></span> <span class='ocrx_word' id='word_1_792' title='bbox 1998 5096 2055 5133; x_wconf 90' lang='lat' dir='ltr'><strong>eo</strong></span> <span class='ocrx_word' id='word_1_793' title='bbox 2082 5079 2165 5132; x_wconf 87' lang='lat' dir='ltr'><strong>ubi</strong></span> <span class='ocrx_word' id='word_1_794' title='bbox 2195 5080 2385 5135; x_wconf 83' lang='lat' dir='ltr'><strong>iterum</strong></span> <span class='ocrx_word' id='word_1_795' title='bbox 2414 5081 2468 5135; x_wconf 90' lang='lat' dir='ltr'><strong>in</strong></span> <span class='ocrx_word' id='word_1_796' title='bbox 2492 5082 2668 5136; x_wconf 87' lang='lat' dir='ltr'><strong>eadem</strong></span> <span class='ocrx_word' id='word_1_797' title='bbox 2710 5098 2975 5157; x_wconf 79' lang='lat' dir='ltr'><strong>synagoga</strong></span> <span class='ocrx_word' id='word_1_798' title='bbox 3015 5084 3080 5140; x_wconf 85' lang='lat' dir='ltr'><strong>de</strong></span> <span class='ocrx_word' id='word_1_799' title='bbox 3103 5082 3478 5142; x_wconf 75' lang='lat' dir='ltr'><strong>resurrectione</strong></span> 
     </span>
    </p>
   </div>
   <div class='ocr_carea' id='block_1_108' title="bbox 1962 5172 3101 5247">
    <p class='ocr_par' dir='ltr' id='par_1_108' title="bbox 1962 5172 3101 5247">
     <span class='ocr_line' id='line_1_110' title="bbox 1962 5172 3101 5247; baseline 0.004 -20"><span class='ocrx_word' id='word_1_800' title='bbox 1962 5180 2012 5227; x_wconf 87' lang='lat' dir='ltr'><strong>et</strong></span> <span class='ocrx_word' id='word_1_801' title='bbox 2039 5173 2279 5244; x_wconf 91' lang='lat' dir='ltr'><strong>passione</strong></span> <span class='ocrx_word' id='word_1_802' title='bbox 2307 5172 2517 5227; x_wconf 86' lang='lat' dir='ltr'><strong>Domini</strong></span> <span class='ocrx_word' id='word_1_803' title='bbox 2538 5175 2862 5247; x_wconf 79' lang='lat' dir='ltr'><strong>prtedicavit,</strong></span> <span class='ocrx_word' id='word_1_804' title='bbox 2893 5191 2975 5235; x_wconf 89' lang='lat' dir='ltr'><strong>vs.</strong></span> <span class='ocrx_word' id='word_1_805' title='bbox 3010 5176 3101 5234; x_wconf 86' lang='lat'><strong>96.</strong></span> 
     </span>
    </p>
   </div>
   <div class='ocr_carea' id='block_1_109' title="bbox 1961 5346 2880 5421">
    <p class='ocr_par' dir='ltr' id='par_1_109' title="bbox 1961 5346 2880 5421">
     <span class='ocr_line' id='line_1_111' title="bbox 1961 5346 2880 5421; baseline 0.008 -18"><span class='ocrx_word' id='word_1_806' title='bbox 1961 5346 2042 5421; x_wconf 75' lang='lat' dir='ltr'><strong>(It)</strong></span> <span class='ocrx_word' id='word_1_807' title='bbox 2068 5347 2323 5421; x_wconf 15' lang='lat' dir='ltr'><strong>,Lection.</strong></span> <span class='ocrx_word' id='word_1_808' title='bbox 2358 5347 2476 5404; x_wconf 88' lang='lat' dir='ltr'><strong>Lat.</strong></span> <span class='ocrx_word' id='word_1_809' title='bbox 2511 5349 2604 5406; x_wconf 88' lang='lat' dir='ltr'><strong>lib.</strong></span> <span class='ocrx_word' id='word_1_810' title='bbox 2636 5354 2711 5421; x_wconf 83' lang='lat' dir='ltr'><strong>it,</strong></span> <span class='ocrx_word' id='word_1_811' title='bbox 2740 5366 2794 5409; x_wconf 91' lang='lat' dir='ltr'><strong>c.</strong></span> <span class='ocrx_word' id='word_1_812' title='bbox 2822 5352 2880 5410; x_wconf 77' lang='lat'><strong>2.</strong></span> 
     </span>
    </p>
   </div>
   <div class='ocr_carea' id='block_1_110' title="bbox 1960 5420 3470 5491">
    <p class='ocr_par' dir='ltr' id='par_1_110' title="bbox 1960 5420 3470 5491">
     <span class='ocr_line' id='line_1_112' title="bbox 1960 5420 3470 5491; baseline 0.009 -20"><span class='ocrx_word' id='word_1_813' title='bbox 1960 5420 2024 5490; x_wconf 71' lang='grc' dir='ltr'><strong>(ξ)</strong></span> <span class='ocrx_word' id='word_1_814' title='bbox 2064 5420 2261 5491; x_wconf 85' lang='lat' dir='ltr'><strong>llistor.</strong></span> <span class='ocrx_word' id='word_1_815' title='bbox 2304 5424 2426 5491; x_wconf 61' lang='lat' dir='ltr'><strong>erit.</strong></span> <span class='ocrx_word' id='word_1_816' title='bbox 2470 5420 2761 5479; x_wconf 87' lang='lat' dir='ltr'><strong>comment.</strong></span> <span class='ocrx_word' id='word_1_817' title='bbox 2805 5422 2871 5479; x_wconf 86' lang='lat' dir='ltr'><strong>N.</strong></span> <span class='ocrx_word' id='word_1_818' title='bbox 2903 5423 2967 5478; x_wconf 83' lang='grc' dir='ltr'><strong>Τ.</strong></span> <span class='ocrx_word' id='word_1_819' title='bbox 2991 5462 3009 5491; x_wconf 83' lang='grc'><em>,</em></span> <span class='ocrx_word' id='word_1_820' title='bbox 3040 5435 3091 5479; x_wconf 90' lang='lat' dir='ltr'><strong>c.</strong></span> <span class='ocrx_word' id='word_1_821' title='bbox 3121 5420 3225 5491; x_wconf 74' lang='lat'><strong>25,</strong></span> <span class='ocrx_word' id='word_1_822' title='bbox 3256 5436 3312 5490; x_wconf 75' lang='grc' dir='ltr'><strong>ι).</strong></span> <span class='ocrx_word' id='word_1_823' title='bbox 3341 5424 3470 5484; x_wconf 77' lang='lat'><strong>335.</strong></span> 
     </span>
    </p>
   </div>
   <div class='ocr_carea' id='block_1_111' title="bbox 1885 5487 3364 5567">
    <p class='ocr_par' dir='ltr' id='par_1_111' title="bbox 1885 5487 3364 5567">
     <span class='ocr_line' id='line_1_113' title="bbox 1885 5487 3364 5567; baseline 0.005 -23"><span class='ocrx_word' id='word_1_824' title='bbox 1885 5487 2094 5567; x_wconf 27' lang='lat' dir='ltr'><strong>Locum.</strong></span> <span class='ocrx_word' id='word_1_825' title='bbox 2122 5490 2292 5567; x_wconf 75' lang='lat' dir='ltr'><strong>debeo</strong></span> <span class='ocrx_word' id='word_1_826' title='bbox 2325 5490 2808 5567; x_wconf 57' lang='lat' dir='ltr'><strong>BuddeoLlsagog.</strong></span> <span class='ocrx_word' id='word_1_827' title='bbox 2842 5487 3047 5550; x_wconf 69' lang='lat' dir='ltr'><strong>tam.“</strong></span> <span class='ocrx_word' id='word_1_828' title='bbox 3069 5540 3083 5565; x_wconf 85' lang='lat'><strong>,</strong></span> <span class='ocrx_word' id='word_1_829' title='bbox 3118 5511 3170 5567; x_wconf 88' lang='lat' dir='ltr'><strong>p.</strong></span> <span class='ocrx_word' id='word_1_830' title='bbox 3204 5487 3364 5554; x_wconf 69' lang='grc'><strong>1629.</strong></span> 
     </span>
    </p>
   </div>
   <div class='ocr_carea' id='block_1_112' title="bbox 1957 5560 2855 5633">
    <p class='ocr_par' dir='ltr' id='par_1_112' title="bbox 1957 5560 2855 5633">
     <span class='ocr_line' id='line_1_114' title="bbox 1957 5560 2855 5633; baseline -0.008 -9"><span class='ocrx_word' id='word_1_831' title='bbox 1957 5563 2029 5633; x_wconf 79' lang='lat' dir='ltr'><strong>(jl</strong></span> <span class='ocrx_word' id='word_1_832' title='bbox 2070 5560 2417 5633; x_wconf 28' lang='lat' dir='ltr'><strong>Athlesa‘r.</strong></span> <span class='ocrx_word' id='word_1_833' title='bbox 2451 5564 2515 5616; x_wconf 88' lang='lat' dir='ltr'><strong>N.</strong></span> <span class='ocrx_word' id='word_1_834' title='bbox 2552 5560 2647 5625; x_wconf 83' lang='lat' dir='ltr'><strong>T..</strong></span> <span class='ocrx_word' id='word_1_835' title='bbox 2758 5560 2855 5619; x_wconf 71' lang='grc'><strong>⁷78.</strong></span> 
     </span>
    </p>
   </div>
   <div class='ocr_carea' id='block_1_113' title="bbox 1957 5629 3474 5702">
    <p class='ocr_par' dir='ltr' id='par_1_113' title="bbox 1957 5629 3474 5702">
     <span class='ocr_line' id='line_1_115' title="bbox 1957 5629 3474 5702; baseline 0.011 -20"><span class='ocrx_word' id='word_1_836' title='bbox 1957 5629 2033 5702; x_wconf 77' lang='lat' dir='ltr'><strong>(lt)</strong></span> <span class='ocrx_word' id='word_1_837' title='bbox 2060 5630 2200 5702; x_wconf 19' lang='lat' dir='ltr'><strong>AVide</strong></span> <span class='ocrx_word' id='word_1_838' title='bbox 2238 5629 2537 5702; x_wconf 73' lang='lat' dir='ltr'><strong>Christian.</strong></span> <span class='ocrx_word' id='word_1_839' title='bbox 2570 5629 2773 5688; x_wconf 83' lang='lat' dir='ltr'><strong>Gotltb.</strong></span> <span class='ocrx_word' id='word_1_840' title='bbox 2808 5634 3174 5699; x_wconf 83' lang='lat' dir='ltr'><strong>Scliwarzium</strong></span> <span class='ocrx_word' id='word_1_841' title='bbox 3214 5642 3273 5700; x_wconf 85' lang='lat' dir='ltr'><strong>in</strong></span> <span class='ocrx_word' id='word_1_842' title='bbox 3301 5640 3474 5701; x_wconf 77' lang='lat' dir='ltr'><strong>Scho-</strong></span> 
     </span>
    </p>
   </div>
   <div class='ocr_carea' id='block_1_114' title="bbox 1888 5700 2956 5778">
    <p class='ocr_par' dir='ltr' id='par_1_114' title="bbox 1888 5700 2956 5778">
     <span class='ocr_line' id='line_1_116' title="bbox 1888 5700 2956 5778; baseline 0.005 -19"><span class='ocrx_word' id='word_1_843' title='bbox 1888 5700 1982 5759; x_wconf 84' lang='lat' dir='ltr'><strong>liis</strong></span> <span class='ocrx_word' id='word_1_844' title='bbox 2013 5700 2152 5758; x_wconf 88' lang='lat' dir='ltr'><strong>Pltil.</strong></span> <span class='ocrx_word' id='word_1_845' title='bbox 2183 5701 2251 5757; x_wconf 89' lang='lat' dir='ltr'><strong>ad</strong></span> <span class='ocrx_word' id='word_1_846' title='bbox 2281 5717 2506 5773; x_wconf 65' lang='lat' dir='ltr'><strong>prooem.</strong></span> <span class='ocrx_word' id='word_1_847' title='bbox 2539 5704 2744 5776; x_wconf 84' lang='lat' dir='ltr'><strong>Instit.,</strong></span> <span class='ocrx_word' id='word_1_848' title='bbox 2778 5722 2832 5778; x_wconf 91' lang='lat' dir='ltr'><strong>p.</strong></span> <span class='ocrx_word' id='word_1_849' title='bbox 2864 5708 2956 5768; x_wconf 74' lang='lat'><strong>25.</strong></span> 
     </span>
    </p>
   </div>
  </div>
