  <div class='ocr_page' id='page_1' title='image "/cluster/home/n/w/nwhite01/storage/ocr_20150623/68/hvd.32044015469331/035.png"; bbox 0 0 4046 6460; ppageno 0'>
   <div class='ocr_carea' id='block_1_1' title="bbox 482 269 3751 348">
    <p class='ocr_par' dir='ltr' id='par_1_1' title="bbox 482 269 3751 348">
     <span class='ocr_line' id='line_1_1' title="bbox 482 269 3751 348; baseline -0.006 -5"><span class='ocrx_word' id='word_1_1' title='bbox 482 287 554 348; x_wconf 78' lang='lat'><strong>50</strong></span> <span class='ocrx_word' id='word_1_2' title='bbox 1956 272 2267 333; x_wconf 74' lang='lat' dir='ltr'><strong>AMTOR.</strong></span> <span class='ocrx_word' id='word_1_3' title='bbox 3680 269 3751 327; x_wconf 82' lang='grc'><strong><em>60</em></strong></span> 
     </span>
    </p>
   </div>
   <div class='ocr_carea' id='block_1_2' title="bbox 478 380 3755 472">
    <p class='ocr_par' dir='ltr' id='par_1_2' title="bbox 478 380 3755 472">
     <span class='ocr_line' id='line_1_2' title="bbox 478 380 3755 472; baseline -0.007 -11"><span class='ocrx_word' id='word_1_4' title='bbox 478 402 559 461; x_wconf 89' lang='lat' dir='ltr'><strong><em>De</em></strong></span> <span class='ocrx_word' id='word_1_5' title='bbox 580 418 639 459; x_wconf 83' lang='lat' dir='ltr'><strong><em>eo</em></strong></span> <span class='ocrx_word' id='word_1_6' title='bbox 670 402 752 463; x_wconf 68' lang='lat' dir='ltr'><strong><em>tibi</em></strong></span> <span class='ocrx_word' id='word_1_7' title='bbox 778 398 977 459; x_wconf 82' lang='lat' dir='ltr'><strong><em>Paulus</em></strong></span> <span class='ocrx_word' id='word_1_8' title='bbox 999 400 1258 470; x_wconf 77' lang='lat' dir='ltr'><strong><em>inﬁrmum</em></strong></span> <span class='ocrx_word' id='word_1_9' title='bbox 1282 399 1493 472; x_wconf 79' lang='lat' dir='ltr'><strong><em>pedibus</em></strong></span> <span class='ocrx_word' id='word_1_10' title='bbox 1525 387 1724 453; x_wconf 73' lang='lat' dir='ltr'><strong><em>curavit</em></strong></span> <span class='ocrx_word' id='word_1_11' title='bbox 1763 392 1817 449; x_wconf 87' lang='lat' dir='ltr'><strong><em>in</em></strong></span> <span class='ocrx_word' id='word_1_12' title='bbox 1838 392 2047 461; x_wconf 87' lang='lat' dir='ltr'><strong><em>Lislris,</em></strong></span> <span class='ocrx_word' id='word_1_13' title='bbox 2080 391 2135 459; x_wconf 68' lang='grc' dir='ltr'>Α</span> <span class='ocrx_word' id='word_1_14' title='bbox 2158 400 2306 456; x_wconf 89' lang='lat' dir='ltr'><strong><em>spem</em></strong></span> <span class='ocrx_word' id='word_1_15' title='bbox 2349 382 2586 440; x_wconf 89' lang='lat' dir='ltr'><strong><em>omnium</em></strong></span> <span class='ocrx_word' id='word_1_16' title='bbox 2626 381 2889 456; x_wconf 76' lang='lat' dir='ltr'><strong><em>implevit,</em></strong></span> <span class='ocrx_word' id='word_1_17' title='bbox 2934 381 3163 456; x_wconf 84' lang='lat' dir='ltr'><strong><em>insigne,</em></strong></span> <span class='ocrx_word' id='word_1_18' title='bbox 3212 381 3353 451; x_wconf 84' lang='lat' dir='ltr'><strong><em>quod</em></strong></span> <span class='ocrx_word' id='word_1_19' title='bbox 3392 380 3594 439; x_wconf 90' lang='lat' dir='ltr'><strong><em>dudum</em></strong></span> <span class='ocrx_word' id='word_1_20' title='bbox 3628 383 3755 440; x_wconf 79' lang='lat' dir='ltr'><strong><em>fore</em></strong></span> 
     </span>
    </p>
   </div>
   <div class='ocr_carea' id='block_1_3' title="bbox 552 494 789 552">
    <p class='ocr_par' dir='ltr' id='par_1_3' title="bbox 552 494 789 552">
     <span class='ocr_line' id='line_1_3' title="bbox 552 494 789 552; baseline 0.004 -3"><span class='ocrx_word' id='word_1_21' title='bbox 552 511 633 552; x_wconf 91' lang='lat' dir='ltr'><strong><em>vs.</em></strong></span> <span class='ocrx_word' id='word_1_22' title='bbox 664 494 789 552; x_wconf 76' lang='grc'>156.</span> 
     </span>
    </p>
   </div>
   <div class='ocr_carea' id='block_1_4' title="bbox 481 584 2053 657">
    <p class='ocr_par' dir='ltr' id='par_1_4' title="bbox 481 584 2053 657">
     <span class='ocr_line' id='line_1_4' title="bbox 481 584 2053 657; baseline -0.004 -13"><span class='ocrx_word' id='word_1_23' title='bbox 481 586 560 645; x_wconf 82' lang='lat' dir='ltr'><strong><em>De</em></strong></span> <span class='ocrx_word' id='word_1_24' title='bbox 583 604 642 645; x_wconf 89' lang='lat' dir='ltr'><strong><em>eo</em></strong></span> <span class='ocrx_word' id='word_1_25' title='bbox 687 589 774 643; x_wconf 83' lang='lat' dir='ltr'><strong><em>ubi</em></strong></span> <span class='ocrx_word' id='word_1_26' title='bbox 831 586 1028 645; x_wconf 85' lang='lat' dir='ltr'><strong><em>Paulus</em></strong></span> <span class='ocrx_word' id='word_1_27' title='bbox 1079 586 1490 657; x_wconf 82' lang='lat' dir='ltr'><strong><em>Hierosolymam</em></strong></span> <span class='ocrx_word' id='word_1_28' title='bbox 1536 584 1695 641; x_wconf 82' lang='lat' dir='ltr'><strong><em>Petro</em></strong></span> <span class='ocrx_word' id='word_1_29' title='bbox 1726 592 1798 640; x_wconf 84' lang='lat' dir='ltr'><strong><em>vel</em></strong></span> <span class='ocrx_word' id='word_1_30' title='bbox 1858 586 2053 639; x_wconf 86' lang='lat' dir='ltr'><strong><em>cunctis</em></strong></span> 
     </span>
    </p>
   </div>
   <div class='ocr_carea' id='block_1_5' title="bbox 550 678 2054 751">
    <p class='ocr_par' dir='ltr' id='par_1_5' title="bbox 550 678 2054 751">
     <span class='ocr_line' id='line_1_5' title="bbox 550 678 2054 751; baseline -0.003 -15"><span class='ocrx_word' id='word_1_31' title='bbox 550 680 810 751; x_wconf 83' lang='lat' dir='ltr'><strong><em>Apostolis</em></strong></span> <span class='ocrx_word' id='word_1_32' title='bbox 850 680 915 736; x_wconf 80' lang='lat' dir='ltr'><strong><em>de</em></strong></span> <span class='ocrx_word' id='word_1_33' title='bbox 950 682 1355 747; x_wconf 79' lang='lat' dir='ltr'><strong><em>circumcisione,</em></strong></span> <span class='ocrx_word' id='word_1_34' title='bbox 1384 696 1540 750; x_wconf 86' lang='lat' dir='ltr'><strong><em>quant</em></strong></span> <span class='ocrx_word' id='word_1_35' title='bbox 1566 678 1739 734; x_wconf 75' lang='lat' dir='ltr'><strong><em>Judtei</em></strong></span> <span class='ocrx_word' id='word_1_36' title='bbox 1771 687 2054 744; x_wconf 86' lang='lat' dir='ltr'><strong><em>moverant,</em></strong></span> 
     </span>
    </p>
   </div>
   <div class='ocr_carea' id='block_1_6' title="bbox 548 771 1367 843">
    <p class='ocr_par' dir='ltr' id='par_1_6' title="bbox 548 771 1367 843">
     <span class='ocr_line' id='line_1_6' title="bbox 548 771 1367 843; baseline -0.002 -16"><span class='ocrx_word' id='word_1_37' title='bbox 548 773 720 827; x_wconf 75' lang='lat' dir='ltr'><strong><em>intulit</em></strong></span> <span class='ocrx_word' id='word_1_38' title='bbox 744 774 1099 843; x_wconf 73' lang='lat' dir='ltr'><strong><em>qumstionem,</em></strong></span> <span class='ocrx_word' id='word_1_39' title='bbox 1125 786 1205 827; x_wconf 87' lang='lat' dir='ltr'><strong><em>vs.</em></strong></span> <span class='ocrx_word' id='word_1_40' title='bbox 1238 771 1367 825; x_wconf 68' lang='lat'><strong><em>242.</em></strong></span> 
     </span>
    </p>
   </div>
   <div class='ocr_carea' id='block_1_7' title="bbox 481 861 2054 936">
    <p class='ocr_par' dir='ltr' id='par_1_7' title="bbox 481 861 2054 936">
     <span class='ocr_line' id='line_1_7' title="bbox 481 861 2054 936; baseline -0.002 -16"><span class='ocrx_word' id='word_1_41' title='bbox 481 864 559 920; x_wconf 85' lang='lat' dir='ltr'><strong><em>De</em></strong></span> <span class='ocrx_word' id='word_1_42' title='bbox 586 881 642 920; x_wconf 92' lang='lat' dir='ltr'><strong><em>eo</em></strong></span> <span class='ocrx_word' id='word_1_43' title='bbox 666 866 750 919; x_wconf 89' lang='lat' dir='ltr'><strong><em>ubi</em></strong></span> <span class='ocrx_word' id='word_1_44' title='bbox 773 863 968 919; x_wconf 80' lang='lat' dir='ltr'><strong><em>Paulus</em></strong></span> <span class='ocrx_word' id='word_1_45' title='bbox 1000 882 1031 918; x_wconf 92' lang='lat' dir='ltr'><strong><em>a</em></strong></span> <span class='ocrx_word' id='word_1_46' title='bbox 1064 864 1258 935; x_wconf 75' lang='lat' dir='ltr'><strong><em>Spiritu</em></strong></span> <span class='ocrx_word' id='word_1_47' title='bbox 1287 863 1583 936; x_wconf 81' lang='lat' dir='ltr'><strong><em>prohibetur</em></strong></span> <span class='ocrx_word' id='word_1_48' title='bbox 1606 863 1660 918; x_wconf 86' lang='lat' dir='ltr'><strong><em>in</em></strong></span> <span class='ocrx_word' id='word_1_49' title='bbox 1688 862 1881 918; x_wconf 79' lang='lat' dir='ltr'><strong><em>Achaia</em></strong></span> <span class='ocrx_word' id='word_1_50' title='bbox 1914 861 2054 935; x_wconf 87' lang='lat' dir='ltr'><strong><em>[lege</em></strong></span> 
     </span>
    </p>
   </div>
   <div class='ocr_carea' id='block_1_8' title="bbox 555 958 1295 1031">
    <p class='ocr_par' dir='ltr' id='par_1_8' title="bbox 555 958 1295 1031">
     <span class='ocr_line' id='line_1_8' title="bbox 555 958 1295 1031; baseline -0.001 -17"><span class='ocrx_word' id='word_1_51' title='bbox 555 958 698 1030; x_wconf 78' lang='lat' dir='ltr'><strong><em>Asia]</em></strong></span> <span class='ocrx_word' id='word_1_52' title='bbox 728 960 1030 1031; x_wconf 67' lang='lat' dir='ltr'><strong><em>pradicare,</em></strong></span> <span class='ocrx_word' id='word_1_53' title='bbox 1057 975 1137 1014; x_wconf 86' lang='lat' dir='ltr'><strong><em>vs.</em></strong></span> <span class='ocrx_word' id='word_1_54' title='bbox 1169 959 1295 1014; x_wconf 79' lang='grc'>507.</span> 
     </span>
    </p>
   </div>
   <div class='ocr_carea' id='block_1_9' title="bbox 483 1049 2058 1124">
    <p class='ocr_par' dir='ltr' id='par_1_9' title="bbox 483 1049 2058 1124">
     <span class='ocr_line' id='line_1_9' title="bbox 483 1049 2058 1124; baseline 0.001 -19"><span class='ocrx_word' id='word_1_55' title='bbox 483 1050 563 1106; x_wconf 91' lang='lat' dir='ltr'><strong><em>De</em></strong></span> <span class='ocrx_word' id='word_1_56' title='bbox 595 1068 648 1107; x_wconf 72' lang='lat' dir='ltr'><strong><em>ea</em></strong></span> <span class='ocrx_word' id='word_1_57' title='bbox 677 1052 762 1105; x_wconf 86' lang='lat' dir='ltr'><strong><em>ubi</em></strong></span> <span class='ocrx_word' id='word_1_58' title='bbox 792 1051 989 1106; x_wconf 88' lang='lat' dir='ltr'><strong><em>Paulus</em></strong></span> <span class='ocrx_word' id='word_1_59' title='bbox 1017 1051 1070 1105; x_wconf 86' lang='lat' dir='ltr'><strong><em>in</em></strong></span> <span class='ocrx_word' id='word_1_60' title='bbox 1098 1049 1357 1122; x_wconf 87' lang='lat' dir='ltr'><strong><em>Philippis</em></strong></span> <span class='ocrx_word' id='word_1_61' title='bbox 1387 1068 1419 1106; x_wconf 83' lang='lat' dir='ltr'><strong><em>a</em></strong></span> <span class='ocrx_word' id='word_1_62' title='bbox 1444 1052 1617 1124; x_wconf 88' lang='lat' dir='ltr'><strong><em>puella</em></strong></span> <span class='ocrx_word' id='word_1_63' title='bbox 1644 1050 2058 1122; x_wconf 82' lang='lat' dir='ltr'><strong><em>Pithonemjus-</em></strong></span> 
     </span>
    </p>
   </div>
   <div class='ocr_carea' id='block_1_10' title="bbox 554 1143 1063 1213">
    <p class='ocr_par' dir='ltr' id='par_1_10' title="bbox 554 1143 1063 1213">
     <span class='ocr_line' id='line_1_10' title="bbox 554 1143 1063 1213; baseline -0.002 -13"><span class='ocrx_word' id='word_1_64' title='bbox 554 1145 619 1200; x_wconf 85' lang='lat' dir='ltr'><strong><em>sit</em></strong></span> <span class='ocrx_word' id='word_1_65' title='bbox 647 1144 804 1213; x_wconf 70' lang='lat' dir='ltr'><strong><em>exire,</em></strong></span> <span class='ocrx_word' id='word_1_66' title='bbox 828 1158 908 1198; x_wconf 89' lang='lat' dir='ltr'><strong><em>vs.</em></strong></span> <span class='ocrx_word' id='word_1_67' title='bbox 940 1143 1063 1200; x_wconf 76' lang='lat'><strong><em>385.</em></strong></span> 
     </span>
    </p>
   </div>
   <div class='ocr_carea' id='block_1_11' title="bbox 486 1233 2063 1309">
    <p class='ocr_par' dir='ltr' id='par_1_11' title="bbox 486 1233 2063 1309">
     <span class='ocr_line' id='line_1_11' title="bbox 486 1233 2063 1309; baseline 0 -20"><span class='ocrx_word' id='word_1_68' title='bbox 486 1234 564 1289; x_wconf 89' lang='lat' dir='ltr'><strong><em>De</em></strong></span> <span class='ocrx_word' id='word_1_69' title='bbox 591 1252 650 1289; x_wconf 91' lang='lat' dir='ltr'><strong><em>eo</em></strong></span> <span class='ocrx_word' id='word_1_70' title='bbox 680 1236 765 1288; x_wconf 89' lang='lat' dir='ltr'><strong><em>ubi</em></strong></span> <span class='ocrx_word' id='word_1_71' title='bbox 808 1234 1006 1288; x_wconf 84' lang='lat' dir='ltr'><strong><em>Paulus</em></strong></span> <span class='ocrx_word' id='word_1_72' title='bbox 1042 1251 1157 1290; x_wconf 88' lang='lat' dir='ltr'><strong><em>cum</em></strong></span> <span class='ocrx_word' id='word_1_73' title='bbox 1186 1233 1494 1307; x_wconf 79' lang='lat' dir='ltr'><strong><em>Epicuratis,</em></strong></span> <span class='ocrx_word' id='word_1_74' title='bbox 1528 1234 1719 1294; x_wconf 78' lang='lat' dir='ltr'><strong><em>Stoicis</em></strong></span> <span class='ocrx_word' id='word_1_75' title='bbox 1745 1236 2063 1309; x_wconf 70' lang='lat' dir='ltr'><strong><em>philosophis</em></strong></span> 
     </span>
    </p>
   </div>
   <div class='ocr_carea' id='block_1_12' title="bbox 558 1329 1109 1396">
    <p class='ocr_par' dir='ltr' id='par_1_12' title="bbox 558 1329 1109 1396">
     <span class='ocr_line' id='line_1_12' title="bbox 558 1329 1109 1396; baseline 0.004 -13"><span class='ocrx_word' id='word_1_76' title='bbox 558 1330 847 1396; x_wconf 78' lang='lat' dir='ltr'><strong><em>decertarit,</em></strong></span> <span class='ocrx_word' id='word_1_77' title='bbox 876 1344 954 1384; x_wconf 93' lang='lat' dir='ltr'><strong><em>vs.</em></strong></span> <span class='ocrx_word' id='word_1_78' title='bbox 984 1329 1109 1386; x_wconf 72' lang='grc'><strong><em>445.</em></strong></span> 
     </span>
    </p>
   </div>
   <div class='ocr_carea' id='block_1_13' title="bbox 486 1418 2064 1496">
    <p class='ocr_par' dir='ltr' id='par_1_13' title="bbox 486 1418 2064 1496">
     <span class='ocr_line' id='line_1_13' title="bbox 486 1418 2064 1496; baseline 0.004 -23"><span class='ocrx_word' id='word_1_79' title='bbox 486 1418 564 1473; x_wconf 90' lang='lat' dir='ltr'><strong><em>De</em></strong></span> <span class='ocrx_word' id='word_1_80' title='bbox 584 1436 639 1473; x_wconf 91' lang='lat' dir='ltr'><strong><em>eo</em></strong></span> <span class='ocrx_word' id='word_1_81' title='bbox 670 1420 754 1473; x_wconf 88' lang='lat' dir='ltr'><strong><em>ubi</em></strong></span> <span class='ocrx_word' id='word_1_82' title='bbox 784 1419 985 1474; x_wconf 89' lang='lat' dir='ltr'><strong><em>Paulus</em></strong></span> <span class='ocrx_word' id='word_1_83' title='bbox 1011 1421 1242 1476; x_wconf 84' lang='lat' dir='ltr'><strong><em>Corinthi</em></strong></span> <span class='ocrx_word' id='word_1_84' title='bbox 1270 1424 1411 1493; x_wconf 85' lang='lat' dir='ltr'><strong><em>apud</em></strong></span> <span class='ocrx_word' id='word_1_85' title='bbox 1447 1423 1686 1495; x_wconf 82' lang='lat' dir='ltr'><strong><em>Aquilam</em></strong></span> <span class='ocrx_word' id='word_1_86' title='bbox 1733 1440 1940 1480; x_wconf 87' lang='lat' dir='ltr'><strong><em>manens</em></strong></span> <span class='ocrx_word' id='word_1_87' title='bbox 1972 1441 2064 1496; x_wconf 83' lang='lat' dir='ltr'><strong><em>po-</em></strong></span> 
     </span>
    </p>
   </div>
   <div class='ocr_carea' id='block_1_14' title="bbox 555 1513 1673 1585">
    <p class='ocr_par' dir='ltr' id='par_1_14' title="bbox 555 1513 1673 1585">
     <span class='ocr_line' id='line_1_14' title="bbox 555 1513 1673 1585; baseline 0.004 -18"><span class='ocrx_word' id='word_1_88' title='bbox 555 1513 733 1585; x_wconf 86' lang='lat' dir='ltr'><strong><em>pulum</em></strong></span> <span class='ocrx_word' id='word_1_89' title='bbox 759 1515 1001 1569; x_wconf 81' lang='lat' dir='ltr'><strong><em>convertit</em></strong></span> <span class='ocrx_word' id='word_1_90' title='bbox 1025 1516 1092 1568; x_wconf 85' lang='lat' dir='ltr'><strong><em>ad</em></strong></span> <span class='ocrx_word' id='word_1_91' title='bbox 1124 1514 1399 1583; x_wconf 77' lang='lat' dir='ltr'><strong><em>Christum,</em></strong></span> <span class='ocrx_word' id='word_1_92' title='bbox 1433 1531 1514 1571; x_wconf 88' lang='lat' dir='ltr'><strong><em>vs.</em></strong></span> <span class='ocrx_word' id='word_1_93' title='bbox 1546 1517 1673 1572; x_wconf 74' lang='lat'><strong>506.</strong></span> 
     </span>
    </p>
   </div>
   <div class='ocr_carea' id='block_1_15' title="bbox 487 1604 2072 1679">
    <p class='ocr_par' dir='ltr' id='par_1_15' title="bbox 487 1604 2072 1679">
     <span class='ocr_line' id='line_1_15' title="bbox 487 1604 2072 1679; baseline 0.002 -20"><span class='ocrx_word' id='word_1_94' title='bbox 487 1604 564 1660; x_wconf 89' lang='lat' dir='ltr'><strong><em>De</em></strong></span> <span class='ocrx_word' id='word_1_95' title='bbox 588 1622 645 1659; x_wconf 91' lang='lat' dir='ltr'><strong><em>eo</em></strong></span> <span class='ocrx_word' id='word_1_96' title='bbox 671 1606 755 1659; x_wconf 88' lang='lat' dir='ltr'><strong><em>ubi</em></strong></span> <span class='ocrx_word' id='word_1_97' title='bbox 783 1604 985 1661; x_wconf 81' lang='lat' dir='ltr'><strong><em>Paulus</em></strong></span> <span class='ocrx_word' id='word_1_98' title='bbox 1007 1606 1198 1677; x_wconf 84' lang='lat' dir='ltr'><strong><em>Ephesi</em></strong></span> <span class='ocrx_word' id='word_1_99' title='bbox 1224 1608 1292 1664; x_wconf 72' lang='grc'>12</span> <span class='ocrx_word' id='word_1_100' title='bbox 1316 1610 1472 1675; x_wconf 83' lang='lat' dir='ltr'><strong><em>viros,</em></strong></span> <span class='ocrx_word' id='word_1_101' title='bbox 1498 1610 1585 1679; x_wconf 87' lang='lat' dir='ltr'><strong><em>qui</em></strong></span> <span class='ocrx_word' id='word_1_102' title='bbox 1623 1626 1655 1662; x_wconf 92' lang='lat' dir='ltr'><strong><em>a</em></strong></span> <span class='ocrx_word' id='word_1_103' title='bbox 1684 1608 1885 1663; x_wconf 81' lang='lat' dir='ltr'><strong><em>Joanne</em></strong></span> <span class='ocrx_word' id='word_1_104' title='bbox 1906 1608 2072 1679; x_wconf 85' lang='lat' dir='ltr'><strong><em>bapti-</em></strong></span> 
     </span>
    </p>
   </div>
   <div class='ocr_carea' id='block_1_16' title="bbox 556 1699 1717 1770">
    <p class='ocr_par' dir='ltr' id='par_1_16' title="bbox 556 1699 1717 1770">
     <span class='ocr_line' id='line_1_16' title="bbox 556 1699 1717 1770; baseline 0.003 -18"><span class='ocrx_word' id='word_1_105' title='bbox 556 1700 659 1753; x_wconf 72' lang='grc' dir='ltr'><strong><em>ίαιὶ</em></strong></span> <span class='ocrx_word' id='word_1_106' title='bbox 684 1710 825 1768; x_wconf 88' lang='lat' dir='ltr'><strong><em>sunt,</em></strong></span> <span class='ocrx_word' id='word_1_107' title='bbox 854 1699 907 1753; x_wconf 85' lang='lat' dir='ltr'><strong><em>in</em></strong></span> <span class='ocrx_word' id='word_1_108' title='bbox 928 1699 1131 1754; x_wconf 80' lang='lat' dir='ltr'><strong><em>Christo</em></strong></span> <span class='ocrx_word' id='word_1_109' title='bbox 1151 1701 1447 1770; x_wconf 77' lang='lat' dir='ltr'><strong><em>baptizavit,</em></strong></span> <span class='ocrx_word' id='word_1_110' title='bbox 1472 1713 1556 1755; x_wconf 85' lang='lat' dir='ltr'><strong><em>vs.</em></strong></span> <span class='ocrx_word' id='word_1_111' title='bbox 1590 1700 1717 1755; x_wconf 87' lang='grc'><strong><em>569.</em></strong></span> 
     </span>
    </p>
   </div>
   <div class='ocr_carea' id='block_1_17' title="bbox 2160 478 3747 551">
    <p class='ocr_par' dir='ltr' id='par_1_17' title="bbox 2160 478 3747 551">
     <span class='ocr_line' id='line_1_17' title="bbox 2160 478 3747 551; baseline -0.001 -16"><span class='ocrx_word' id='word_1_112' title='bbox 2160 478 2477 551; x_wconf 85' lang='lat' dir='ltr'><strong><em>augurabar,</em></strong></span> <span class='ocrx_word' id='word_1_113' title='bbox 2510 493 2778 535; x_wconf 85' lang='lat' dir='ltr'><strong><em>musarum</em></strong></span> <span class='ocrx_word' id='word_1_114' title='bbox 2823 488 3125 535; x_wconf 88' lang='lat' dir='ltr'><strong><em>nostrarum</em></strong></span> <span class='ocrx_word' id='word_1_115' title='bbox 3160 478 3323 533; x_wconf 85' lang='lat' dir='ltr'><strong><em>decus</em></strong></span> <span class='ocrx_word' id='word_1_116' title='bbox 3366 484 3421 533; x_wconf 87' lang='lat' dir='ltr'><strong><em>et</em></strong></span> <span class='ocrx_word' id='word_1_117' title='bbox 3461 492 3747 534; x_wconf 72' lang='lat' dir='ltr'><strong><em>ornameno</em></strong></span> 
     </span>
    </p>
   </div>
   <div class='ocr_carea' id='block_1_18' title="bbox 2162 570 3749 642">
    <p class='ocr_par' dir='ltr' id='par_1_18' title="bbox 2162 570 3749 642">
     <span class='ocr_line' id='line_1_18' title="bbox 2162 570 3749 642; baseline 0.001 -15"><span class='ocrx_word' id='word_1_118' title='bbox 2162 580 2295 627; x_wconf 84' lang='lat' dir='ltr'><strong><em>tum.</em></strong></span> <span class='ocrx_word' id='word_1_119' title='bbox 2328 570 2591 627; x_wconf 78' lang='lat' dir='ltr'><strong><em>Caeterum</em></strong></span> <span class='ocrx_word' id='word_1_120' title='bbox 2612 572 2779 628; x_wconf 78' lang='lat' dir='ltr'><strong><em>codex</em></strong></span> <span class='ocrx_word' id='word_1_121' title='bbox 2807 574 3026 642; x_wconf 84' lang='lat' dir='ltr'><strong><em>primus,</em></strong></span> <span class='ocrx_word' id='word_1_122' title='bbox 3050 573 3124 627; x_wconf 90' lang='lat' dir='ltr'><strong><em>ita</em></strong></span> <span class='ocrx_word' id='word_1_123' title='bbox 3157 570 3333 627; x_wconf 86' lang='lat' dir='ltr'><strong><em>dictus</em></strong></span> <span class='ocrx_word' id='word_1_124' title='bbox 3363 572 3487 640; x_wconf 87' lang='lat' dir='ltr'><strong><em>quia</em></strong></span> <span class='ocrx_word' id='word_1_125' title='bbox 3517 573 3749 642; x_wconf 79' lang='lat' dir='ltr'><strong><em>reliquis</em></strong></span> 
     </span>
    </p>
   </div>
   <div class='ocr_carea' id='block_1_19' title="bbox 2163 664 3750 736">
    <p class='ocr_par' dir='ltr' id='par_1_19' title="bbox 2163 664 3750 736">
     <span class='ocr_line' id='line_1_19' title="bbox 2163 664 3750 736; baseline 0.002 -18"><span class='ocrx_word' id='word_1_126' title='bbox 2163 674 2419 733; x_wconf 64' lang='lat' dir='ltr'><strong><em>praestare</em></strong></span> <span class='ocrx_word' id='word_1_127' title='bbox 2445 664 2745 733; x_wconf 82' lang='lat' dir='ltr'><strong><em>videbatur,</em></strong></span> <span class='ocrx_word' id='word_1_128' title='bbox 2772 665 2943 720; x_wconf 79' lang='lat' dir='ltr'><strong><em>forma</em></strong></span> <span class='ocrx_word' id='word_1_129' title='bbox 2990 672 3071 720; x_wconf 87' lang='lat' dir='ltr'><strong><em>est</em></strong></span> <span class='ocrx_word' id='word_1_130' title='bbox 3100 673 3307 730; x_wconf 89' lang='lat' dir='ltr'><strong><em>octava,</em></strong></span> <span class='ocrx_word' id='word_1_131' title='bbox 3345 664 3538 736; x_wconf 82' lang='lat' dir='ltr'><strong><em>reliqui</em></strong></span> <span class='ocrx_word' id='word_1_132' title='bbox 3566 674 3750 721; x_wconf 85' lang='lat' dir='ltr'><strong><em>autem</em></strong></span> 
     </span>
    </p>
   </div>
   <div class='ocr_carea' id='block_1_20' title="bbox 2163 756 3753 829">
    <p class='ocr_par' dir='ltr' id='par_1_20' title="bbox 2163 756 3753 829">
     <span class='ocr_line' id='line_1_20' title="bbox 2163 756 3753 829; baseline 0.003 -18"><span class='ocrx_word' id='word_1_133' title='bbox 2163 767 2374 828; x_wconf 87' lang='lat' dir='ltr'><strong><em>quarta.</em></strong></span> <span class='ocrx_word' id='word_1_134' title='bbox 2398 756 2663 827; x_wconf 81' lang='lat' dir='ltr'><strong><em>integrum</em></strong></span> <span class='ocrx_word' id='word_1_135' title='bbox 2687 761 2968 814; x_wconf 81' lang='lat' dir='ltr'><strong><em>Aratorem</em></strong></span> <span class='ocrx_word' id='word_1_136' title='bbox 3009 758 3385 829; x_wconf 76' lang='lat' dir='ltr'><strong><em>complectitur</em></strong></span> <span class='ocrx_word' id='word_1_137' title='bbox 3405 760 3676 825; x_wconf 87' lang='lat' dir='ltr'><strong><em>secundus,</em></strong></span> <span class='ocrx_word' id='word_1_138' title='bbox 3700 760 3753 816; x_wconf 85' lang='lat' dir='ltr'><strong><em>si</em></strong></span> 
     </span>
    </p>
   </div>
   <div class='ocr_carea' id='block_1_21' title="bbox 2164 830 3795 920">
    <p class='ocr_par' dir='ltr' id='par_1_21' title="bbox 2164 830 3795 920">
     <span class='ocr_line' id='line_1_21' title="bbox 2164 830 3795 920; baseline 0.001 -14"><span class='ocrx_word' id='word_1_139' title='bbox 2164 852 2232 907; x_wconf 91' lang='lat' dir='ltr'><strong><em>ab</em></strong></span> <span class='ocrx_word' id='word_1_140' title='bbox 2259 852 2484 920; x_wconf 87' lang='lat' dir='ltr'><strong><em>epistola</em></strong></span> <span class='ocrx_word' id='word_1_141' title='bbox 2513 853 2581 907; x_wconf 89' lang='lat' dir='ltr'><strong><em>ad</em></strong></span> <span class='ocrx_word' id='word_1_142' title='bbox 2611 852 2925 908; x_wconf 86' lang='lat' dir='ltr'><strong><em>Florianum</em></strong></span> <span class='ocrx_word' id='word_1_143' title='bbox 2956 852 3300 917; x_wconf 85' lang='lat' dir='ltr'><strong><em>discesseris;</em></strong></span> <span class='ocrx_word' id='word_1_144' title='bbox 3337 853 3533 920; x_wconf 84' lang='lat' dir='ltr'><strong><em>primus</em></strong></span> <span class='ocrx_word' id='word_1_145' title='bbox 3570 861 3752 908; x_wconf 88' lang='lat' dir='ltr'><strong><em>autem</em></strong></span> <span class='ocrx_word' id='word_1_146' title='bbox 3790 830 3795 845; x_wconf 57' lang='grc'><em>’</em></span> 
     </span>
    </p>
   </div>
   <div class='ocr_carea' id='block_1_22' title="bbox 2165 941 3751 1013">
    <p class='ocr_par' dir='ltr' id='par_1_22' title="bbox 2165 941 3751 1013">
     <span class='ocr_line' id='line_1_22' title="bbox 2165 941 3751 1013; baseline -0.001 -15"><span class='ocrx_word' id='word_1_147' title='bbox 2165 942 2354 1013; x_wconf 88' lang='lat' dir='ltr'><strong><em>incipit</em></strong></span> <span class='ocrx_word' id='word_1_148' title='bbox 2382 942 2595 997; x_wconf 88' lang='lat' dir='ltr'><strong><em>demum</em></strong></span> <span class='ocrx_word' id='word_1_149' title='bbox 2625 942 2722 998; x_wconf 89' lang='lat' dir='ltr'><strong><em>lib.</em></strong></span> <span class='ocrx_word' id='word_1_150' title='bbox 2764 959 2803 1011; x_wconf 86' lang='grc' dir='ltr'>ι,</span> <span class='ocrx_word' id='word_1_151' title='bbox 2840 958 2995 998; x_wconf 90' lang='lat' dir='ltr'><strong><em>versu</em></strong></span> <span class='ocrx_word' id='word_1_152' title='bbox 3021 942 3157 1007; x_wconf 62' lang='lat'><strong><em>427;</em></strong></span> <span class='ocrx_word' id='word_1_153' title='bbox 3192 941 3369 995; x_wconf 85' lang='lat' dir='ltr'><strong><em>tertius</em></strong></span> <span class='ocrx_word' id='word_1_154' title='bbox 3401 954 3530 995; x_wconf 92' lang='lat' dir='ltr'><strong><em>vero</em></strong></span> <span class='ocrx_word' id='word_1_155' title='bbox 3571 941 3663 995; x_wconf 89' lang='lat' dir='ltr'><strong><em>lib.</em></strong></span> <span class='ocrx_word' id='word_1_156' title='bbox 3690 955 3751 1009; x_wconf 85' lang='lat' dir='ltr'><strong><em>it,</em></strong></span> 
     </span>
    </p>
   </div>
   <div class='ocr_carea' id='block_1_23' title="bbox 2165 1030 3759 1101">
    <p class='ocr_par' dir='ltr' id='par_1_23' title="bbox 2165 1030 3759 1101">
     <span class='ocr_line' id='line_1_23' title="bbox 2165 1030 3759 1101; baseline -0.001 -14"><span class='ocrx_word' id='word_1_157' title='bbox 2165 1047 2246 1088; x_wconf 90' lang='lat' dir='ltr'><strong><em>vs.</em></strong></span> <span class='ocrx_word' id='word_1_158' title='bbox 2280 1032 2406 1093; x_wconf 64' lang='lat'><strong>704.</strong></span> <span class='ocrx_word' id='word_1_159' title='bbox 2436 1032 2535 1088; x_wconf 82' lang='lat' dir='ltr'><strong><em>Hic</em></strong></span> <span class='ocrx_word' id='word_1_160' title='bbox 2558 1041 2640 1089; x_wconf 88' lang='lat' dir='ltr'><strong><em>est</em></strong></span> <span class='ocrx_word' id='word_1_161' title='bbox 2663 1032 2905 1088; x_wconf 91' lang='lat' dir='ltr'><strong><em>omnium</em></strong></span> <span class='ocrx_word' id='word_1_162' title='bbox 2925 1031 3377 1101; x_wconf 88' lang='lat' dir='ltr'><strong><em>corruptissimus,</em></strong></span> <span class='ocrx_word' id='word_1_163' title='bbox 3405 1032 3474 1087; x_wconf 91' lang='lat' dir='ltr'><strong><em>ita</em></strong></span> <span class='ocrx_word' id='word_1_164' title='bbox 3504 1038 3565 1085; x_wconf 92' lang='lat' dir='ltr'><strong><em>ut</em></strong></span> <span class='ocrx_word' id='word_1_165' title='bbox 3590 1030 3759 1086; x_wconf 88' lang='lat' dir='ltr'><strong><em>libra-</em></strong></span> 
     </span>
    </p>
   </div>
   <div class='ocr_carea' id='block_1_24' title="bbox 2166 1124 3755 1195">
    <p class='ocr_par' dir='ltr' id='par_1_24' title="bbox 2166 1124 3755 1195">
     <span class='ocr_line' id='line_1_24' title="bbox 2166 1124 3755 1195; baseline -0.003 -13"><span class='ocrx_word' id='word_1_166' title='bbox 2166 1129 2303 1183; x_wconf 87' lang='lat' dir='ltr'><strong><em>rium</em></strong></span> <span class='ocrx_word' id='word_1_167' title='bbox 2342 1129 2429 1184; x_wconf 81' lang='lat' dir='ltr'><strong><em>vix</em></strong></span> <span class='ocrx_word' id='word_1_168' title='bbox 2477 1128 2664 1183; x_wconf 86' lang='lat' dir='ltr'><strong><em>Latine</em></strong></span> <span class='ocrx_word' id='word_1_169' title='bbox 2710 1126 2932 1183; x_wconf 84' lang='lat' dir='ltr'><strong><em>scivisse</em></strong></span> <span class='ocrx_word' id='word_1_170' title='bbox 2977 1125 3210 1191; x_wconf 89' lang='lat' dir='ltr'><strong><em>diceres,</em></strong></span> <span class='ocrx_word' id='word_1_171' title='bbox 3262 1139 3431 1195; x_wconf 88' lang='lat' dir='ltr'><strong><em>eaque</em></strong></span> <span class='ocrx_word' id='word_1_172' title='bbox 3475 1131 3557 1179; x_wconf 89' lang='lat' dir='ltr'><strong><em>est</em></strong></span> <span class='ocrx_word' id='word_1_173' title='bbox 3612 1124 3755 1179; x_wconf 87' lang='lat' dir='ltr'><strong><em>ratio</em></strong></span> 
     </span>
    </p>
   </div>
   <div class='ocr_carea' id='block_1_25' title="bbox 2170 1214 3749 1292">
    <p class='ocr_par' dir='ltr' id='par_1_25' title="bbox 2170 1214 3749 1292">
     <span class='ocr_line' id='line_1_25' title="bbox 2170 1214 3749 1292; baseline -0.005 -17"><span class='ocrx_word' id='word_1_174' title='bbox 2170 1220 2310 1292; x_wconf 89' lang='lat' dir='ltr'><strong><em>quod</em></strong></span> <span class='ocrx_word' id='word_1_175' title='bbox 2340 1220 2619 1291; x_wconf 90' lang='lat' dir='ltr'><strong><em>plerasque</em></strong></span> <span class='ocrx_word' id='word_1_176' title='bbox 2653 1235 2719 1276; x_wconf 85' lang='lat' dir='ltr'><strong><em>ex</em></strong></span> <span class='ocrx_word' id='word_1_177' title='bbox 2753 1234 2819 1276; x_wconf 88' lang='lat' dir='ltr'><strong><em>eo</em></strong></span> <span class='ocrx_word' id='word_1_178' title='bbox 2847 1219 3114 1274; x_wconf 80' lang='lat' dir='ltr'><strong><em>variantes</em></strong></span> <span class='ocrx_word' id='word_1_179' title='bbox 3145 1218 3334 1273; x_wconf 89' lang='lat' dir='ltr'><strong><em>tacitus</em></strong></span> <span class='ocrx_word' id='word_1_180' title='bbox 3368 1214 3749 1286; x_wconf 75' lang='lat' dir='ltr'><strong><em>prazterierim,</em></strong></span> 
     </span>
    </p>
   </div>
   <div class='ocr_carea' id='block_1_26' title="bbox 2172 1300 3757 1383">
    <p class='ocr_par' dir='ltr' id='par_1_26' title="bbox 2172 1300 3757 1383">
     <span class='ocr_line' id='line_1_26' title="bbox 2172 1300 3757 1383; baseline -0.004 -16"><span class='ocrx_word' id='word_1_181' title='bbox 2172 1312 2352 1369; x_wconf 81' lang='lat' dir='ltr'><strong><em>futiles</em></strong></span> <span class='ocrx_word' id='word_1_182' title='bbox 2378 1313 2665 1383; x_wconf 87' lang='lat' dir='ltr'><strong><em>siquidem,</em></strong></span> <span class='ocrx_word' id='word_1_183' title='bbox 2699 1323 2753 1369; x_wconf 91' lang='lat' dir='ltr'><strong><em>et</em></strong></span> <span class='ocrx_word' id='word_1_184' title='bbox 2778 1312 3098 1369; x_wconf 89' lang='lat' dir='ltr'><strong><em>somniantis</em></strong></span> <span class='ocrx_word' id='word_1_185' title='bbox 3127 1310 3303 1380; x_wconf 84' lang='lat' dir='ltr'><strong><em>pctius</em></strong></span> <span class='ocrx_word' id='word_1_186' title='bbox 3330 1309 3532 1365; x_wconf 84' lang='lat' dir='ltr'><strong><em>librarii</em></strong></span> <span class='ocrx_word' id='word_1_187' title='bbox 3558 1300 3757 1365; x_wconf 80' lang='lat' dir='ltr'><strong><em>delira-</em></strong></span> 
     </span>
    </p>
   </div>
   <div class='ocr_carea' id='block_1_27' title="bbox 2171 1399 3758 1476">
    <p class='ocr_par' dir='ltr' id='par_1_27' title="bbox 2171 1399 3758 1476">
     <span class='ocr_line' id='line_1_27' title="bbox 2171 1399 3758 1476; baseline -0.004 -16"><span class='ocrx_word' id='word_1_188' title='bbox 2171 1416 2371 1461; x_wconf 91' lang='lat' dir='ltr'><strong><em>menta.</em></strong></span> <span class='ocrx_word' id='word_1_189' title='bbox 2400 1406 2457 1461; x_wconf 89' lang='lat' dir='ltr'><strong><em>In</em></strong></span> <span class='ocrx_word' id='word_1_190' title='bbox 2488 1406 2711 1461; x_wconf 85' lang='lat' dir='ltr'><strong><em>secundo</em></strong></span> <span class='ocrx_word' id='word_1_191' title='bbox 2738 1405 3203 1476; x_wconf 86' lang='lat' dir='ltr'><strong><em>conspiciebantur</em></strong></span> <span class='ocrx_word' id='word_1_192' title='bbox 3240 1403 3418 1471; x_wconf 88' lang='lat' dir='ltr'><strong><em>plures</em></strong></span> <span class='ocrx_word' id='word_1_193' title='bbox 3452 1401 3644 1470; x_wconf 69' lang='lat' dir='ltr'><strong><em>glossa:</em></strong></span> <span class='ocrx_word' id='word_1_194' title='bbox 3673 1399 3758 1454; x_wconf 86' lang='lat' dir='ltr'><strong><em>in-</em></strong></span> 
     </span>
    </p>
   </div>
   <div class='ocr_carea' id='block_1_28' title="bbox 2173 1494 3759 1569">
    <p class='ocr_par' dir='ltr' id='par_1_28' title="bbox 2173 1494 3759 1569">
     <span class='ocr_line' id='line_1_28' title="bbox 2173 1494 3759 1569; baseline -0.003 -19"><span class='ocrx_word' id='word_1_195' title='bbox 2173 1498 2505 1567; x_wconf 88' lang='lat' dir='ltr'><strong><em>terlineares,</em></strong></span> <span class='ocrx_word' id='word_1_196' title='bbox 2539 1512 2657 1569; x_wconf 73' lang='lat' dir='ltr'><strong><em>qua:</em></strong></span> <span class='ocrx_word' id='word_1_197' title='bbox 2683 1506 2859 1553; x_wconf 89' lang='lat' dir='ltr'><strong><em>tamen</em></strong></span> <span class='ocrx_word' id='word_1_198' title='bbox 2886 1496 2979 1551; x_wconf 91' lang='lat' dir='ltr'><strong><em>lib.</em></strong></span> <span class='ocrx_word' id='word_1_199' title='bbox 3004 1512 3040 1551; x_wconf 89' lang='lat' dir='ltr'><strong><em>ll</em></strong></span> <span class='ocrx_word' id='word_1_200' title='bbox 3072 1494 3356 1550; x_wconf 78' lang='lat' dir='ltr'><strong><em>maximam</em></strong></span> <span class='ocrx_word' id='word_1_201' title='bbox 3396 1501 3601 1563; x_wconf 90' lang='lat' dir='ltr'><strong><em>partem</em></strong></span> <span class='ocrx_word' id='word_1_202' title='bbox 3628 1504 3759 1546; x_wconf 90' lang='lat' dir='ltr'><strong><em>eva-</em></strong></span> 
     </span>
    </p>
   </div>
   <div class='ocr_carea' id='block_1_29' title="bbox 2173 1584 3758 1660">
    <p class='ocr_par' dir='ltr' id='par_1_29' title="bbox 2173 1584 3758 1660">
     <span class='ocr_line' id='line_1_29' title="bbox 2173 1584 3758 1660; baseline -0.005 -11"><span class='ocrx_word' id='word_1_203' title='bbox 2173 1604 2431 1660; x_wconf 89' lang='lat' dir='ltr'><strong><em>nescunt;</em></strong></span> <span class='ocrx_word' id='word_1_204' title='bbox 2457 1593 2555 1649; x_wconf 89' lang='lat' dir='ltr'><strong><em>bas</em></strong></span> <span class='ocrx_word' id='word_1_205' title='bbox 2581 1594 2712 1649; x_wconf 90' lang='lat' dir='ltr'><strong><em>locis</em></strong></span> <span class='ocrx_word' id='word_1_206' title='bbox 2740 1590 3137 1648; x_wconf 88' lang='lat' dir='ltr'><strong><em>obscurioribus</em></strong></span> <span class='ocrx_word' id='word_1_207' title='bbox 3166 1587 3428 1651; x_wconf 87' lang='lat' dir='ltr'><strong><em>consului,</em></strong></span> <span class='ocrx_word' id='word_1_208' title='bbox 3457 1595 3513 1642; x_wconf 89' lang='lat' dir='ltr'><strong><em>et</em></strong></span> <span class='ocrx_word' id='word_1_209' title='bbox 3540 1586 3594 1640; x_wconf 91' lang='lat' dir='ltr'><strong><em>in</em></strong></span> <span class='ocrx_word' id='word_1_210' title='bbox 3616 1584 3758 1641; x_wconf 82' lang='lat' dir='ltr'><strong><em>notis</em></strong></span> 
     </span>
    </p>
   </div>
   <div class='ocr_carea' id='block_1_30' title="bbox 2174 1678 3759 1759">
    <p class='ocr_par' dir='ltr' id='par_1_30' title="bbox 2174 1678 3759 1759">
     <span class='ocr_line' id='line_1_30' title="bbox 2174 1678 3759 1759; baseline -0.004 -18"><span class='ocrx_word' id='word_1_211' title='bbox 2174 1688 2374 1759; x_wconf 88' lang='lat' dir='ltr'><strong><em>passim</em></strong></span> <span class='ocrx_word' id='word_1_212' title='bbox 2397 1688 2585 1743; x_wconf 89' lang='lat' dir='ltr'><strong><em>iisdem</em></strong></span> <span class='ocrx_word' id='word_1_213' title='bbox 2615 1689 2789 1743; x_wconf 91' lang='lat' dir='ltr'><strong><em>locum</em></strong></span> <span class='ocrx_word' id='word_1_214' title='bbox 2812 1686 2955 1742; x_wconf 88' lang='lat' dir='ltr'><strong><em>dedi.</em></strong></span> <span class='ocrx_word' id='word_1_215' title='bbox 2980 1715 3048 1725; x_wconf 93' lang='grc'><strong><em>-</em></strong></span> <span class='ocrx_word' id='word_1_216' title='bbox 3076 1684 3278 1740; x_wconf 65' lang='lat' dir='ltr'><strong><em>Praeter</em></strong></span> <span class='ocrx_word' id='word_1_217' title='bbox 3299 1683 3413 1737; x_wconf 67' lang='lat' dir='ltr'><strong><em>haec</em></strong></span> <span class='ocrx_word' id='word_1_218' title='bbox 3437 1678 3759 1735; x_wconf 81' lang='lat' dir='ltr'><strong><em>celebranda</em></strong></span> 
     </span>
    </p>
   </div>
   <div class='ocr_carea' id='block_1_31' title="bbox 492 1769 3761 1864">
    <p class='ocr_par' dir='ltr' id='par_1_31' title="bbox 492 1769 3761 1864">
     <span class='ocr_line' id='line_1_31' title="bbox 492 1769 3761 1864; baseline -0.005 -21"><span class='ocrx_word' id='word_1_219' title='bbox 492 1789 567 1845; x_wconf 88' lang='lat' dir='ltr'><strong><em>De</em></strong></span> <span class='ocrx_word' id='word_1_220' title='bbox 603 1807 660 1845; x_wconf 91' lang='lat' dir='ltr'><strong><em>eo</em></strong></span> <span class='ocrx_word' id='word_1_221' title='bbox 698 1792 783 1845; x_wconf 82' lang='lat' dir='ltr'><strong><em>ubi</em></strong></span> <span class='ocrx_word' id='word_1_222' title='bbox 828 1792 882 1846; x_wconf 91' lang='lat' dir='ltr'><strong><em>in</em></strong></span> <span class='ocrx_word' id='word_1_223' title='bbox 925 1791 1129 1862; x_wconf 83' lang='lat' dir='ltr'><strong><em>Epheso</em></strong></span> <span class='ocrx_word' id='word_1_224' title='bbox 1170 1769 1419 1861; x_wconf 72' lang='lat' dir='ltr'><strong><em>7Judtei,</em></strong></span> <span class='ocrx_word' id='word_1_225' title='bbox 1450 1794 1579 1848; x_wconf 86' lang='lat' dir='ltr'><strong><em>sicut</em></strong></span> <span class='ocrx_word' id='word_1_226' title='bbox 1608 1793 1803 1847; x_wconf 81' lang='lat' dir='ltr'><strong><em>Paulus</em></strong></span> <span class='ocrx_word' id='word_1_227' title='bbox 1828 1794 2063 1864; x_wconf 75' lang='lat' dir='ltr'><strong><em>facietat,</em></strong></span> <span class='ocrx_word' id='word_1_228' title='bbox 2094 1782 2143 1843; x_wconf 85' lang='lat' dir='ltr'><strong>B</strong></span> <span class='ocrx_word' id='word_1_229' title='bbox 2171 1782 2325 1849; x_wconf 82' lang='lat' dir='ltr'><strong><em>mihi,</em></strong></span> <span class='ocrx_word' id='word_1_230' title='bbox 2355 1790 2407 1837; x_wconf 82' lang='lat' dir='ltr'><strong><em>et</em></strong></span> <span class='ocrx_word' id='word_1_231' title='bbox 2437 1792 2587 1853; x_wconf 84' lang='lat' dir='ltr'><strong><em>grata</em></strong></span> <span class='ocrx_word' id='word_1_232' title='bbox 2624 1790 2804 1836; x_wconf 88' lang='lat' dir='ltr'><strong><em>mente</em></strong></span> <span class='ocrx_word' id='word_1_233' title='bbox 2851 1778 3116 1850; x_wconf 84' lang='lat' dir='ltr'><strong><em>praecipue</em></strong></span> <span class='ocrx_word' id='word_1_234' title='bbox 3159 1773 3631 1864; x_wconf 83' lang='lat' dir='ltr'><strong><em>commemoranda</em></strong></span> <span class='ocrx_word' id='word_1_235' title='bbox 3676 1769 3761 1827; x_wconf 83' lang='lat' dir='ltr'><strong><em>est</em></strong></span> 
     </span>
    </p>
   </div>
   <div class='ocr_carea' id='block_1_32' title="bbox 560 1884 2073 1957">
    <p class='ocr_par' dir='ltr' id='par_1_32' title="bbox 560 1884 2073 1957">
     <span class='ocr_line' id='line_1_32' title="bbox 560 1884 2073 1957; baseline 0.001 -18"><span class='ocrx_word' id='word_1_236' title='bbox 560 1884 877 1940; x_wconf 71' lang='lat' dir='ltr'><strong><em>dmnoniaco</em></strong></span> <span class='ocrx_word' id='word_1_237' title='bbox 916 1902 1097 1940; x_wconf 87' lang='lat' dir='ltr'><strong><em>manus</em></strong></span> <span class='ocrx_word' id='word_1_238' title='bbox 1144 1887 1482 1957; x_wconf 83' lang='lat' dir='ltr'><strong><em>imponentes,</em></strong></span> <span class='ocrx_word' id='word_1_239' title='bbox 1533 1888 1596 1941; x_wconf 87' lang='lat' dir='ltr'><strong><em>ab</em></strong></span> <span class='ocrx_word' id='word_1_240' title='bbox 1644 1888 1822 1943; x_wconf 84' lang='lat' dir='ltr'><strong><em>eodem</em></strong></span> <span class='ocrx_word' id='word_1_241' title='bbox 1862 1886 2073 1941; x_wconf 85' lang='lat' dir='ltr'><strong><em>lacerati</em></strong></span> 
     </span>
    </p>
   </div>
   <div class='ocr_carea' id='block_1_33' title="bbox 562 1977 1477 2051">
    <p class='ocr_par' dir='ltr' id='par_1_33' title="bbox 562 1977 1477 2051">
     <span class='ocr_line' id='line_1_33' title="bbox 562 1977 1477 2051; baseline 0.005 -21"><span class='ocrx_word' id='word_1_242' title='bbox 562 1986 679 2030; x_wconf 84' lang='lat' dir='ltr'><strong><em>sunt</em></strong></span> <span class='ocrx_word' id='word_1_243' title='bbox 701 1977 987 2048; x_wconf 83' lang='lat' dir='ltr'><strong><em>pariterque</em></strong></span> <span class='ocrx_word' id='word_1_244' title='bbox 1017 1980 1216 2051; x_wconf 80' lang='lat' dir='ltr'><strong><em>fugati,</em></strong></span> <span class='ocrx_word' id='word_1_245' title='bbox 1246 1995 1327 2035; x_wconf 86' lang='lat' dir='ltr'><strong><em>vs.</em></strong></span> <span class='ocrx_word' id='word_1_246' title='bbox 1352 1980 1477 2035; x_wconf 76' lang='lat'><strong><em>6&#39;23.</em></strong></span> 
     </span>
    </p>
   </div>
   <div class='ocr_carea' id='block_1_34' title="bbox 494 2064 2075 2147">
    <p class='ocr_par' dir='ltr' id='par_1_34' title="bbox 494 2064 2075 2147">
     <span class='ocr_line' id='line_1_34' title="bbox 494 2064 2075 2147; baseline 0.004 -25"><span class='ocrx_word' id='word_1_247' title='bbox 494 2064 572 2122; x_wconf 89' lang='lat' dir='ltr'><strong><em>De</em></strong></span> <span class='ocrx_word' id='word_1_248' title='bbox 598 2084 658 2122; x_wconf 90' lang='lat' dir='ltr'><strong><em>eo</em></strong></span> <span class='ocrx_word' id='word_1_249' title='bbox 688 2070 773 2123; x_wconf 77' lang='lat' dir='ltr'><strong><em>ubi</em></strong></span> <span class='ocrx_word' id='word_1_250' title='bbox 799 2071 852 2124; x_wconf 85' lang='lat' dir='ltr'><strong><em>iu</em></strong></span> <span class='ocrx_word' id='word_1_251' title='bbox 877 2068 1083 2139; x_wconf 81' lang='lat' dir='ltr'><strong><em>Epheso</em></strong></span> <span class='ocrx_word' id='word_1_252' title='bbox 1111 2084 1287 2125; x_wconf 89' lang='lat' dir='ltr'><strong><em>contra</em></strong></span> <span class='ocrx_word' id='word_1_253' title='bbox 1315 2072 1542 2128; x_wconf 89' lang='lat' dir='ltr'><strong><em>Paulum</em></strong></span> <span class='ocrx_word' id='word_1_254' title='bbox 1573 2073 1863 2130; x_wconf 85' lang='lat' dir='ltr'><strong><em>Demetrius</em></strong></span> <span class='ocrx_word' id='word_1_255' title='bbox 1891 2091 2075 2147; x_wconf 84' lang='lat' dir='ltr'><strong><em>argen-</em></strong></span> 
     </span>
    </p>
   </div>
   <div class='ocr_carea' id='block_1_35' title="bbox 566 2162 1621 2232">
    <p class='ocr_par' dir='ltr' id='par_1_35' title="bbox 566 2162 1621 2232">
     <span class='ocr_line' id='line_1_35' title="bbox 566 2162 1621 2232; baseline 0.008 -19"><span class='ocrx_word' id='word_1_256' title='bbox 566 2162 724 2215; x_wconf 86' lang='lat' dir='ltr'><strong><em>tarius</em></strong></span> <span class='ocrx_word' id='word_1_257' title='bbox 745 2162 1038 2217; x_wconf 82' lang='lat' dir='ltr'><strong><em>seditionem</em></strong></span> <span class='ocrx_word' id='word_1_258' title='bbox 1066 2166 1355 2232; x_wconf 87' lang='lat' dir='ltr'><strong><em>concitavit,</em></strong></span> <span class='ocrx_word' id='word_1_259' title='bbox 1389 2183 1469 2222; x_wconf 91' lang='lat' dir='ltr'><strong><em>vs.</em></strong></span> <span class='ocrx_word' id='word_1_260' title='bbox 1496 2167 1621 2223; x_wconf 88' lang='lat'><strong><em>688.</em></strong></span> 
     </span>
    </p>
   </div>
   <div class='ocr_carea' id='block_1_36' title="bbox 493 2248 2078 2317">
    <p class='ocr_par' dir='ltr' id='par_1_36' title="bbox 493 2248 2078 2317">
     <span class='ocr_line' id='line_1_36' title="bbox 493 2248 2078 2317; baseline 0.007 -12"><span class='ocrx_word' id='word_1_261' title='bbox 493 2248 573 2306; x_wconf 87' lang='lat' dir='ltr'><strong><em>De</em></strong></span> <span class='ocrx_word' id='word_1_262' title='bbox 595 2269 654 2308; x_wconf 92' lang='lat' dir='ltr'><strong><em>eo</em></strong></span> <span class='ocrx_word' id='word_1_263' title='bbox 694 2255 781 2308; x_wconf 87' lang='lat' dir='ltr'><strong><em>ubi</em></strong></span> <span class='ocrx_word' id='word_1_264' title='bbox 832 2258 886 2310; x_wconf 85' lang='lat' dir='ltr'><strong><em>in</em></strong></span> <span class='ocrx_word' id='word_1_265' title='bbox 934 2256 1087 2312; x_wconf 85' lang='lat' dir='ltr'><strong><em>Troia</em></strong></span> <span class='ocrx_word' id='word_1_266' title='bbox 1142 2258 1343 2313; x_wconf 83' lang='lat' dir='ltr'><strong><em>Paulus</em></strong></span> <span class='ocrx_word' id='word_1_267' title='bbox 1392 2260 1667 2315; x_wconf 84' lang='lat' dir='ltr'><strong><em>Euthicum</em></strong></span> <span class='ocrx_word' id='word_1_268' title='bbox 1713 2262 1779 2317; x_wconf 83' lang='lat' dir='ltr'><strong><em>de</em></strong></span> <span class='ocrx_word' id='word_1_269' title='bbox 1814 2264 2078 2317; x_wconf 60' lang='lat' dir='ltr'><strong><em>cenaculo</em></strong></span> 
     </span>
    </p>
   </div>
   <div class='ocr_carea' id='block_1_37' title="bbox 594 2348 1404 2419">
    <p class='ocr_par' dir='ltr' id='par_1_37' title="bbox 594 2348 1404 2419">
     <span class='ocr_line' id='line_1_37' title="bbox 594 2348 1404 2419; baseline 0.01 -18"><span class='ocrx_word' id='word_1_270' title='bbox 594 2348 826 2404; x_wconf 80' lang='lat' dir='ltr'><strong><em>adentem</em></strong></span> <span class='ocrx_word' id='word_1_271' title='bbox 856 2350 1138 2419; x_wconf 86' lang='lat' dir='ltr'><strong><em>suscitavit,</em></strong></span> <span class='ocrx_word' id='word_1_272' title='bbox 1170 2368 1250 2407; x_wconf 85' lang='lat' dir='ltr'><strong><em>vs.</em></strong></span> <span class='ocrx_word' id='word_1_273' title='bbox 1280 2352 1404 2409; x_wconf 77' lang='lat'><strong><em>755.</em></strong></span> 
     </span>
    </p>
   </div>
   <div class='ocr_carea' id='block_1_38' title="bbox 496 2437 2082 2517">
    <p class='ocr_par' dir='ltr' id='par_1_38' title="bbox 496 2437 2082 2517">
     <span class='ocr_line' id='line_1_38' title="bbox 496 2437 2082 2517; baseline 0.006 -23"><span class='ocrx_word' id='word_1_274' title='bbox 496 2437 575 2494; x_wconf 84' lang='lat' dir='ltr'><strong><em>De</em></strong></span> <span class='ocrx_word' id='word_1_275' title='bbox 604 2458 663 2496; x_wconf 83' lang='lat' dir='ltr'><strong><em>eo</em></strong></span> <span class='ocrx_word' id='word_1_276' title='bbox 692 2443 779 2496; x_wconf 87' lang='lat' dir='ltr'><strong><em>ubi</em></strong></span> <span class='ocrx_word' id='word_1_277' title='bbox 809 2442 1008 2497; x_wconf 87' lang='lat' dir='ltr'><strong><em>Paulus</em></strong></span> <span class='ocrx_word' id='word_1_278' title='bbox 1060 2444 1470 2516; x_wconf 78' lang='lat' dir='ltr'><strong><em>Hierosolymam</em></strong></span> <span class='ocrx_word' id='word_1_279' title='bbox 1517 2448 1838 2517; x_wconf 78' lang='lat' dir='ltr'><strong><em>profecturus</em></strong></span> <span class='ocrx_word' id='word_1_280' title='bbox 1888 2449 2082 2504; x_wconf 83' lang='lat' dir='ltr'><strong><em>cunctis</em></strong></span> 
     </span>
    </p>
   </div>
   <div class='ocr_carea' id='block_1_39' title="bbox 569 2534 1840 2606">
    <p class='ocr_par' dir='ltr' id='par_1_39' title="bbox 569 2534 1840 2606">
     <span class='ocr_line' id='line_1_39' title="bbox 569 2534 1840 2606; baseline 0.009 -20"><span class='ocrx_word' id='word_1_281' title='bbox 569 2548 631 2587; x_wconf 70' lang='lat' dir='ltr'><strong><em>ea:</em></strong></span> <span class='ocrx_word' id='word_1_282' title='bbox 656 2534 779 2587; x_wconf 80' lang='lat' dir='ltr'><strong><em>Asia</em></strong></span> <span class='ocrx_word' id='word_1_283' title='bbox 805 2537 996 2589; x_wconf 82' lang='lat' dir='ltr'><strong><em>vocatis</em></strong></span> <span class='ocrx_word' id='word_1_284' title='bbox 1024 2537 1268 2591; x_wconf 73' lang='lat' dir='ltr'><strong><em>valedixit</em></strong></span> <span class='ocrx_word' id='word_1_285' title='bbox 1297 2539 1351 2591; x_wconf 90' lang='lat' dir='ltr'><strong><em>in</em></strong></span> <span class='ocrx_word' id='word_1_286' title='bbox 1384 2539 1575 2606; x_wconf 87' lang='lat' dir='ltr'><strong><em>littore,</em></strong></span> <span class='ocrx_word' id='word_1_287' title='bbox 1607 2555 1683 2595; x_wconf 89' lang='lat' dir='ltr'><strong><em>vs.</em></strong></span> <span class='ocrx_word' id='word_1_288' title='bbox 1716 2540 1840 2597; x_wconf 73' lang='lat'><strong>826.</strong></span> 
     </span>
    </p>
   </div>
   <div class='ocr_carea' id='block_1_40' title="bbox 498 2622 2085 2701">
    <p class='ocr_par' dir='ltr' id='par_1_40' title="bbox 498 2622 2085 2701">
     <span class='ocr_line' id='line_1_40' title="bbox 498 2622 2085 2701; baseline 0.005 -23"><span class='ocrx_word' id='word_1_289' title='bbox 498 2622 578 2681; x_wconf 86' lang='lat' dir='ltr'><strong><em>De</em></strong></span> <span class='ocrx_word' id='word_1_290' title='bbox 613 2642 671 2680; x_wconf 87' lang='lat' dir='ltr'><strong><em>eo</em></strong></span> <span class='ocrx_word' id='word_1_291' title='bbox 700 2627 787 2681; x_wconf 83' lang='lat' dir='ltr'><strong><em>ubi</em></strong></span> <span class='ocrx_word' id='word_1_292' title='bbox 824 2626 1021 2682; x_wconf 87' lang='lat' dir='ltr'><strong><em>Paulus</em></strong></span> <span class='ocrx_word' id='word_1_293' title='bbox 1054 2630 1196 2699; x_wconf 83' lang='lat' dir='ltr'><strong><em>apud</em></strong></span> <span class='ocrx_word' id='word_1_294' title='bbox 1236 2629 1447 2684; x_wconf 82' lang='lat' dir='ltr'><strong><em>Festum</em></strong></span> <span class='ocrx_word' id='word_1_295' title='bbox 1476 2632 1743 2701; x_wconf 60' lang='lat' dir='ltr'><strong><em>praesidem</em></strong></span> <span class='ocrx_word' id='word_1_296' title='bbox 1779 2632 2085 2687; x_wconf 85' lang='lat' dir='ltr'><strong><em>contendens</em></strong></span> 
     </span>
    </p>
   </div>
   <div class='ocr_carea' id='block_1_41' title="bbox 568 2718 2085 2796">
    <p class='ocr_par' dir='ltr' id='par_1_41' title="bbox 568 2718 2085 2796">
     <span class='ocr_line' id='line_1_41' title="bbox 568 2718 2085 2796; baseline 0.005 -23"><span class='ocrx_word' id='word_1_297' title='bbox 568 2734 685 2773; x_wconf 84' lang='lat' dir='ltr'><strong><em>cum</em></strong></span> <span class='ocrx_word' id='word_1_298' title='bbox 714 2718 932 2787; x_wconf 75' lang='lat' dir='ltr'><strong><em>Judteis,</em></strong></span> <span class='ocrx_word' id='word_1_299' title='bbox 958 2737 1037 2777; x_wconf 90' lang='lat' dir='ltr'><strong><em>vs.</em></strong></span> <span class='ocrx_word' id='word_1_300' title='bbox 1069 2721 1193 2779; x_wconf 91' lang='grc'>991.</span> <span class='ocrx_word' id='word_1_301' title='bbox 1223 2722 1329 2780; x_wconf 88' lang='lat' dir='ltr'><strong><em>Sed</em></strong></span> <span class='ocrx_word' id='word_1_302' title='bbox 1355 2738 1587 2795; x_wconf 89' lang='lat' dir='ltr'><strong><em>sequens</em></strong></span> <span class='ocrx_word' id='word_1_303' title='bbox 1616 2725 1907 2795; x_wconf 86' lang='lat' dir='ltr'><strong><em>capitulum</em></strong></span> <span class='ocrx_word' id='word_1_304' title='bbox 1945 2740 2085 2796; x_wconf 84' lang='lat' dir='ltr'><strong><em>prae-</em></strong></span> 
     </span>
    </p>
   </div>
   <div class='ocr_carea' id='block_1_42' title="bbox 572 2813 1079 2882">
    <p class='ocr_par' dir='ltr' id='par_1_42' title="bbox 572 2813 1079 2882">
     <span class='ocr_line' id='line_1_42' title="bbox 572 2813 1079 2882; baseline 0.006 -17"><span class='ocrx_word' id='word_1_305' title='bbox 572 2814 838 2882; x_wconf 81' lang='lat' dir='ltr'><strong><em>tigendum</em></strong></span> <span class='ocrx_word' id='word_1_306' title='bbox 871 2813 1079 2871; x_wconf 80' lang='lat' dir='ltr'><strong><em>luisset.</em></strong></span> 
     </span>
    </p>
   </div>
   <div class='ocr_carea' id='block_1_43' title="bbox 502 2902 2092 2979">
    <p class='ocr_par' dir='ltr' id='par_1_43' title="bbox 502 2902 2092 2979">
     <span class='ocr_line' id='line_1_43' title="bbox 502 2902 2092 2979; baseline 0.005 -21"><span class='ocrx_word' id='word_1_307' title='bbox 502 2902 580 2959; x_wconf 87' lang='lat' dir='ltr'><strong><em>De</em></strong></span> <span class='ocrx_word' id='word_1_308' title='bbox 612 2922 672 2960; x_wconf 91' lang='lat' dir='ltr'><strong><em>eo</em></strong></span> <span class='ocrx_word' id='word_1_309' title='bbox 699 2905 782 2959; x_wconf 83' lang='lat' dir='ltr'><strong><em>ubi</em></strong></span> <span class='ocrx_word' id='word_1_310' title='bbox 822 2904 1021 2961; x_wconf 86' lang='lat' dir='ltr'><strong><em>Paulus</em></strong></span> <span class='ocrx_word' id='word_1_311' title='bbox 1066 2908 1121 2962; x_wconf 92' lang='lat' dir='ltr'><strong><em>in</em></strong></span> <span class='ocrx_word' id='word_1_312' title='bbox 1155 2908 1341 2979; x_wconf 89' lang='lat' dir='ltr'><strong><em>templo</em></strong></span> <span class='ocrx_word' id='word_1_313' title='bbox 1388 2910 1778 2979; x_wconf 87' lang='lat' dir='ltr'><strong><em>comprehensus</em></strong></span> <span class='ocrx_word' id='word_1_314' title='bbox 1819 2920 1888 2964; x_wconf 85' lang='lat' dir='ltr'><strong><em>est</em></strong></span> <span class='ocrx_word' id='word_1_315' title='bbox 1929 2928 1963 2965; x_wconf 91' lang='lat' dir='ltr'><strong><em>a</em></strong></span> <span class='ocrx_word' id='word_1_316' title='bbox 1988 2909 2092 2966; x_wconf 81' lang='lat' dir='ltr'><strong><em>Ju-</em></strong></span> 
     </span>
    </p>
   </div>
   <div class='ocr_carea' id='block_1_44' title="bbox 574 2996 974 3064">
    <p class='ocr_par' dir='ltr' id='par_1_44' title="bbox 574 2996 974 3064">
     <span class='ocr_line' id='line_1_44' title="bbox 574 2996 974 3064; baseline 0.003 -13"><span class='ocrx_word' id='word_1_317' title='bbox 574 2996 720 3064; x_wconf 82' lang='lat' dir='ltr'><strong><em>dteis,</em></strong></span> <span class='ocrx_word' id='word_1_318' title='bbox 743 3011 824 3053; x_wconf 88' lang='lat' dir='ltr'><strong><em>vs.</em></strong></span> <span class='ocrx_word' id='word_1_319' title='bbox 848 2997 974 3054; x_wconf 83' lang='grc'>915.</span> 
     </span>
    </p>
   </div>
   <div class='ocr_carea' id='block_1_45' title="bbox 503 3090 2091 3169">
    <p class='ocr_par' dir='ltr' id='par_1_45' title="bbox 503 3090 2091 3169">
     <span class='ocr_line' id='line_1_45' title="bbox 503 3090 2091 3169; baseline 0.007 -24"><span class='ocrx_word' id='word_1_320' title='bbox 503 3090 584 3146; x_wconf 88' lang='lat' dir='ltr'><strong><em>De</em></strong></span> <span class='ocrx_word' id='word_1_321' title='bbox 600 3110 659 3147; x_wconf 90' lang='lat' dir='ltr'><strong><em>eo</em></strong></span> <span class='ocrx_word' id='word_1_322' title='bbox 700 3095 785 3147; x_wconf 82' lang='lat' dir='ltr'><strong><em>ubi</em></strong></span> <span class='ocrx_word' id='word_1_323' title='bbox 817 3093 1016 3149; x_wconf 86' lang='lat' dir='ltr'><strong><em>Paulus</em></strong></span> <span class='ocrx_word' id='word_1_324' title='bbox 1063 3098 1282 3151; x_wconf 72' lang='lat' dir='ltr'><strong><em>excussit</em></strong></span> <span class='ocrx_word' id='word_1_325' title='bbox 1329 3098 1557 3169; x_wconf 75' lang='lat' dir='ltr'><strong><em>viperam</em></strong></span> <span class='ocrx_word' id='word_1_326' title='bbox 1603 3101 1665 3155; x_wconf 85' lang='lat' dir='ltr'><strong><em>de</em></strong></span> <span class='ocrx_word' id='word_1_327' title='bbox 1699 3116 1855 3156; x_wconf 88' lang='lat' dir='ltr'><strong><em>manu</em></strong></span> <span class='ocrx_word' id='word_1_328' title='bbox 1894 3116 1989 3155; x_wconf 86' lang='lat' dir='ltr'><strong><em>sua</em></strong></span> <span class='ocrx_word' id='word_1_329' title='bbox 2037 3102 2091 3155; x_wconf 86' lang='lat' dir='ltr'><strong><em>in</em></strong></span> 
     </span>
    </p>
   </div>
   <div class='ocr_carea' id='block_1_46' title="bbox 577 3188 1696 3260">
    <p class='ocr_par' dir='ltr' id='par_1_46' title="bbox 577 3188 1696 3260">
     <span class='ocr_line' id='line_1_46' title="bbox 577 3188 1696 3260; baseline 0.008 -21"><span class='ocrx_word' id='word_1_330' title='bbox 577 3188 770 3257; x_wconf 79' lang='lat' dir='ltr'><strong><em>focum,</em></strong></span> <span class='ocrx_word' id='word_1_331' title='bbox 806 3197 850 3241; x_wconf 88' lang='lat' dir='ltr'><strong><em>et</em></strong></span> <span class='ocrx_word' id='word_1_332' title='bbox 877 3188 1069 3242; x_wconf 73' lang='lat' dir='ltr'><strong><em>illwsus</em></strong></span> <span class='ocrx_word' id='word_1_333' title='bbox 1098 3193 1394 3260; x_wconf 89' lang='lat' dir='ltr'><strong><em>permansit,</em></strong></span> <span class='ocrx_word' id='word_1_334' title='bbox 1429 3207 1510 3247; x_wconf 89' lang='lat' dir='ltr'><strong><em>vs.</em></strong></span> <span class='ocrx_word' id='word_1_335' title='bbox 1538 3194 1696 3250; x_wconf 78' lang='grc'>1156.</span> 
     </span>
    </p>
   </div>
   <div class='ocr_carea' id='block_1_47' title="bbox 508 3277 2093 3358">
    <p class='ocr_par' dir='ltr' id='par_1_47' title="bbox 508 3277 2093 3358">
     <span class='ocr_line' id='line_1_47' title="bbox 508 3277 2093 3358; baseline 0.006 -25"><span class='ocrx_word' id='word_1_336' title='bbox 508 3277 585 3334; x_wconf 87' lang='lat' dir='ltr'><strong><em>De</em></strong></span> <span class='ocrx_word' id='word_1_337' title='bbox 626 3294 686 3332; x_wconf 87' lang='lat' dir='ltr'><strong><em>eo</em></strong></span> <span class='ocrx_word' id='word_1_338' title='bbox 729 3279 813 3333; x_wconf 90' lang='lat' dir='ltr'><strong><em>ubi</em></strong></span> <span class='ocrx_word' id='word_1_339' title='bbox 845 3278 1043 3334; x_wconf 87' lang='lat' dir='ltr'><strong><em>Paulus</em></strong></span> <span class='ocrx_word' id='word_1_340' title='bbox 1073 3297 1106 3333; x_wconf 88' lang='lat' dir='ltr'><strong><em>a</em></strong></span> <span class='ocrx_word' id='word_1_341' title='bbox 1136 3280 1308 3337; x_wconf 72' lang='lat' dir='ltr'><strong><em>Milite</em></strong></span> <span class='ocrx_word' id='word_1_342' title='bbox 1336 3284 1531 3351; x_wconf 87' lang='lat' dir='ltr'><strong><em>insula,</em></strong></span> <span class='ocrx_word' id='word_1_343' title='bbox 1576 3287 1664 3340; x_wconf 87' lang='lat' dir='ltr'><strong><em>ubi</em></strong></span> <span class='ocrx_word' id='word_1_344' title='bbox 1694 3288 1934 3342; x_wconf 86' lang='lat' dir='ltr'><strong><em>sanitates</em></strong></span> <span class='ocrx_word' id='word_1_345' title='bbox 1957 3288 2093 3358; x_wconf 78' lang='lat' dir='ltr'><strong><em>fecit,</em></strong></span> 
     </span>
    </p>
   </div>
   <div class='ocr_carea' id='block_1_48' title="bbox 576 3372 2097 3451">
    <p class='ocr_par' dir='ltr' id='par_1_48' title="bbox 576 3372 2097 3451">
     <span class='ocr_line' id='line_1_48' title="bbox 576 3372 2097 3451; baseline 0.005 -26"><span class='ocrx_word' id='word_1_346' title='bbox 576 3374 824 3443; x_wconf 82' lang='lat' dir='ltr'><strong><em>navigans</em></strong></span> <span class='ocrx_word' id='word_1_347' title='bbox 861 3372 1079 3428; x_wconf 85' lang='lat' dir='ltr'><strong><em>Romam</em></strong></span> <span class='ocrx_word' id='word_1_348' title='bbox 1117 3390 1282 3448; x_wconf 81' lang='lat' dir='ltr'><strong><em>usque</em></strong></span> <span class='ocrx_word' id='word_1_349' title='bbox 1332 3379 1595 3449; x_wconf 83' lang='lat' dir='ltr'><strong><em>pervenit;</em></strong></span> <span class='ocrx_word' id='word_1_350' title='bbox 1624 3379 1877 3435; x_wconf 81' lang='lat' dir='ltr'><strong><em>Ctesarem</em></strong></span> <span class='ocrx_word' id='word_1_351' title='bbox 1916 3381 2097 3451; x_wconf 85' lang='lat' dir='ltr'><strong><em>appel-</em></strong></span> 
     </span>
    </p>
   </div>
   <div class='ocr_carea' id='block_1_49' title="bbox 582 3466 1017 3534">
    <p class='ocr_par' dir='ltr' id='par_1_49' title="bbox 582 3466 1017 3534">
     <span class='ocr_line' id='line_1_49' title="bbox 582 3466 1017 3534; baseline 0.011 -15"><span class='ocrx_word' id='word_1_352' title='bbox 582 3468 721 3534; x_wconf 88' lang='lat' dir='ltr'><strong><em>lavit,</em></strong></span> <span class='ocrx_word' id='word_1_353' title='bbox 750 3482 833 3522; x_wconf 92' lang='lat' dir='ltr'><strong><em>vs.</em></strong></span> <span class='ocrx_word' id='word_1_354' title='bbox 861 3466 1017 3524; x_wconf 72' lang='grc'>1206.</span> 
     </span>
    </p>
   </div>
   <div class='ocr_carea' id='block_1_50' title="bbox 584 3559 2099 3635">
    <p class='ocr_par' dir='ltr' id='par_1_50' title="bbox 584 3559 2099 3635">
     <span class='ocr_line' id='line_1_50' title="bbox 584 3559 2099 3635; baseline 0.005 -21"><span class='ocrx_word' id='word_1_355' title='bbox 584 3559 711 3615; x_wconf 66' lang='lat' dir='ltr'><strong><em>Hinc</em></strong></span> <span class='ocrx_word' id='word_1_356' title='bbox 737 3561 849 3630; x_wconf 84' lang='lat' dir='ltr'><strong><em>jam</em></strong></span> <span class='ocrx_word' id='word_1_357' title='bbox 872 3560 1109 3617; x_wconf 85' lang='lat' dir='ltr'><strong><em>librariis</em></strong></span> <span class='ocrx_word' id='word_1_358' title='bbox 1138 3563 1321 3618; x_wconf 84' lang='lat' dir='ltr'><strong><em>deberi</em></strong></span> <span class='ocrx_word' id='word_1_359' title='bbox 1347 3563 1433 3618; x_wconf 90' lang='lat' dir='ltr'><strong><em>vel</em></strong></span> <span class='ocrx_word' id='word_1_360' title='bbox 1456 3562 1580 3618; x_wconf 89' lang='lat' dir='ltr'><strong><em>inde</em></strong></span> <span class='ocrx_word' id='word_1_361' title='bbox 1608 3572 1848 3633; x_wconf 86' lang='lat' dir='ltr'><strong><em>apparet,</em></strong></span> <span class='ocrx_word' id='word_1_362' title='bbox 1882 3566 2099 3635; x_wconf 89' lang='lat' dir='ltr'><strong><em>quodin</em></strong></span> 
     </span>
    </p>
   </div>
   <div class='ocr_carea' id='block_1_51' title="bbox 513 3652 2099 3726">
    <p class='ocr_par' dir='ltr' id='par_1_51' title="bbox 513 3652 2099 3726">
     <span class='ocr_line' id='line_1_51' title="bbox 513 3652 2099 3726; baseline 0.003 -17"><span class='ocrx_word' id='word_1_363' title='bbox 513 3652 789 3709; x_wconf 81' lang='lat' dir='ltr'><strong><em>Vossianis</em></strong></span> <span class='ocrx_word' id='word_1_364' title='bbox 820 3652 976 3723; x_wconf 82' lang='lat' dir='ltr'><strong><em>longe</em></strong></span> <span class='ocrx_word' id='word_1_365' title='bbox 1018 3654 1229 3723; x_wconf 89' lang='lat' dir='ltr'><strong><em>plenius</em></strong></span> <span class='ocrx_word' id='word_1_366' title='bbox 1257 3655 1525 3724; x_wconf 87' lang='lat' dir='ltr'><strong><em>legantur,</em></strong></span> <span class='ocrx_word' id='word_1_367' title='bbox 1552 3655 1883 3726; x_wconf 86' lang='lat' dir='ltr'><strong><em>elegantiora</em></strong></span> <span class='ocrx_word' id='word_1_368' title='bbox 1920 3668 2099 3714; x_wconf 87' lang='lat' dir='ltr'><strong><em>tamen</em></strong></span> 
     </span>
    </p>
   </div>
   <div class='ocr_carea' id='block_1_52' title="bbox 515 3742 2101 3818">
    <p class='ocr_par' dir='ltr' id='par_1_52' title="bbox 515 3742 2101 3818">
     <span class='ocr_line' id='line_1_52' title="bbox 515 3742 2101 3818; baseline 0.005 -20"><span class='ocrx_word' id='word_1_369' title='bbox 515 3744 569 3798; x_wconf 92' lang='lat' dir='ltr'><strong><em>in</em></strong></span> <span class='ocrx_word' id='word_1_370' title='bbox 600 3742 762 3810; x_wconf 86' lang='lat' dir='ltr'><strong><em>priori</em></strong></span> <span class='ocrx_word' id='word_1_371' title='bbox 798 3744 944 3810; x_wconf 89' lang='lat' dir='ltr'><strong><em>eod.,</em></strong></span> <span class='ocrx_word' id='word_1_372' title='bbox 976 3744 1134 3799; x_wconf 86' lang='lat' dir='ltr'><strong><em>aliter</em></strong></span> <span class='ocrx_word' id='word_1_373' title='bbox 1161 3744 1357 3799; x_wconf 88' lang='lat' dir='ltr'><strong><em>iterum</em></strong></span> <span class='ocrx_word' id='word_1_374' title='bbox 1402 3745 1459 3801; x_wconf 88' lang='lat' dir='ltr'><strong><em>in</em></strong></span> <span class='ocrx_word' id='word_1_375' title='bbox 1498 3745 1619 3803; x_wconf 83' lang='lat' dir='ltr'><strong><em>Aldi</em></strong></span> <span class='ocrx_word' id='word_1_376' title='bbox 1650 3748 1912 3818; x_wconf 85' lang='lat' dir='ltr'><strong><em>editione,</em></strong></span> <span class='ocrx_word' id='word_1_377' title='bbox 1944 3751 2101 3805; x_wconf 85' lang='lat' dir='ltr'><strong><em>aliter</em></strong></span> 
     </span>
    </p>
   </div>
   <div class='ocr_carea' id='block_1_53' title="bbox 515 3833 1371 3907">
    <p class='ocr_par' dir='ltr' id='par_1_53' title="bbox 515 3833 1371 3907">
     <span class='ocr_line' id='line_1_53' title="bbox 515 3833 1371 3907; baseline 0.004 -17"><span class='ocrx_word' id='word_1_378' title='bbox 515 3835 568 3890; x_wconf 89' lang='lat' dir='ltr'><strong><em>in</em></strong></span> <span class='ocrx_word' id='word_1_379' title='bbox 593 3833 952 3889; x_wconf 70' lang='lat' dir='ltr'><strong><em>Tornaesianis</em></strong></span> <span class='ocrx_word' id='word_1_380' title='bbox 981 3835 1371 3907; x_wconf 83' lang='lat' dir='ltr'><strong><em>similibusque.</em></strong></span> 
     </span>
    </p>
   </div>
   <div class='ocr_carea' id='block_1_54' title="bbox 589 3930 2102 4005">
    <p class='ocr_par' dir='ltr' id='par_1_54' title="bbox 589 3930 2102 4005">
     <span class='ocr_line' id='line_1_54' title="bbox 589 3930 2102 4005; baseline 0.006 -20"><span class='ocrx_word' id='word_1_381' title='bbox 589 3932 762 4000; x_wconf 81' lang='lat' dir='ltr'><strong><em>Atque</em></strong></span> <span class='ocrx_word' id='word_1_382' title='bbox 789 3932 904 3985; x_wconf 65' lang='lat' dir='ltr'><strong><em>haec</em></strong></span> <span class='ocrx_word' id='word_1_383' title='bbox 932 3930 1149 4001; x_wconf 88' lang='lat' dir='ltr'><strong><em>quidem</em></strong></span> <span class='ocrx_word' id='word_1_384' title='bbox 1189 3940 1414 3989; x_wconf 87' lang='lat' dir='ltr'><strong><em>tantum.</em></strong></span> <span class='ocrx_word' id='word_1_385' title='bbox 1448 3934 1708 4005; x_wconf 87' lang='lat' dir='ltr'><strong><em>Superest</em></strong></span> <span class='ocrx_word' id='word_1_386' title='bbox 1744 3946 1802 3991; x_wconf 90' lang='lat' dir='ltr'><strong><em>ut</em></strong></span> <span class='ocrx_word' id='word_1_387' title='bbox 1824 3936 1893 3993; x_wconf 91' lang='lat' dir='ltr'><strong><em>de</em></strong></span> <span class='ocrx_word' id='word_1_388' title='bbox 1931 3936 2102 3994; x_wconf 90' lang='lat' dir='ltr'><strong><em>admi-</em></strong></span> 
     </span>
    </p>
   </div>
   <div class='ocr_carea' id='block_1_55' title="bbox 517 4020 2097 4096">
    <p class='ocr_par' dir='ltr' id='par_1_55' title="bbox 517 4020 2097 4096">
     <span class='ocr_line' id='line_1_55' title="bbox 517 4020 2097 4096; baseline 0.004 -20"><span class='ocrx_word' id='word_1_389' title='bbox 517 4020 707 4076; x_wconf 85' lang='lat' dir='ltr'><strong><em>niculis</em></strong></span> <span class='ocrx_word' id='word_1_390' title='bbox 731 4035 991 4089; x_wconf 85' lang='lat' dir='ltr'><strong><em>exponam</em></strong></span> <span class='ocrx_word' id='word_1_391' title='bbox 1021 4022 1212 4090; x_wconf 88' lang='lat' dir='ltr'><strong><em>quibus</em></strong></span> <span class='ocrx_word' id='word_1_392' title='bbox 1246 4023 1300 4077; x_wconf 89' lang='lat' dir='ltr'><strong><em>in</em></strong></span> <span class='ocrx_word' id='word_1_393' title='bbox 1329 4025 1572 4080; x_wconf 91' lang='lat' dir='ltr'><strong><em>ornando</em></strong></span> <span class='ocrx_word' id='word_1_394' title='bbox 1613 4035 1769 4096; x_wconf 86' lang='lat' dir='ltr'><strong><em>poeta</em></strong></span> <span class='ocrx_word' id='word_1_395' title='bbox 1797 4041 1924 4082; x_wconf 87' lang='lat' dir='ltr'><strong><em>usus</em></strong></span> <span class='ocrx_word' id='word_1_396' title='bbox 1957 4040 2097 4082; x_wconf 87' lang='lat' dir='ltr'><strong><em>sum.</em></strong></span> 
     </span>
    </p>
   </div>
   <div class='ocr_carea' id='block_1_56' title="bbox 520 4113 2103 4183">
    <p class='ocr_par' dir='ltr' id='par_1_56' title="bbox 520 4113 2103 4183">
     <span class='ocr_line' id='line_1_56' title="bbox 520 4113 2103 4183; baseline 0.004 -15"><span class='ocrx_word' id='word_1_397' title='bbox 520 4113 587 4168; x_wconf 78' lang='lat' dir='ltr'><strong><em>Et</em></strong></span> <span class='ocrx_word' id='word_1_398' title='bbox 620 4113 784 4181; x_wconf 84' lang='lat' dir='ltr'><strong><em>priori</em></strong></span> <span class='ocrx_word' id='word_1_399' title='bbox 811 4113 1027 4183; x_wconf 87' lang='lat' dir='ltr'><strong><em>quidem</em></strong></span> <span class='ocrx_word' id='word_1_400' title='bbox 1073 4115 1190 4171; x_wconf 91' lang='lat' dir='ltr'><strong><em>loco</em></strong></span> <span class='ocrx_word' id='word_1_401' title='bbox 1221 4120 1554 4175; x_wconf 88' lang='lat' dir='ltr'><strong><em>memorandi</em></strong></span> <span class='ocrx_word' id='word_1_402' title='bbox 1585 4130 1709 4175; x_wconf 90' lang='lat' dir='ltr'><strong><em>sunt</em></strong></span> <span class='ocrx_word' id='word_1_403' title='bbox 1739 4131 1849 4176; x_wconf 87' lang='lat' dir='ltr'><strong><em>tres</em></strong></span> <span class='ocrx_word' id='word_1_404' title='bbox 1879 4119 2103 4176; x_wconf 88' lang='lat' dir='ltr'><strong><em>codices</em></strong></span> 
     </span>
    </p>
   </div>
   <div class='ocr_carea' id='block_1_57' title="bbox 520 4206 2105 4286">
    <p class='ocr_par' dir='ltr' id='par_1_57' title="bbox 520 4206 2105 4286">
     <span class='ocr_line' id='line_1_57' title="bbox 520 4206 2105 4286; baseline 0.006 -25"><span class='ocrx_word' id='word_1_405' title='bbox 520 4206 789 4277; x_wconf 81' lang='lat' dir='ltr'><strong><em>Vossiani,</em></strong></span> <span class='ocrx_word' id='word_1_406' title='bbox 820 4209 876 4265; x_wconf 92' lang='lat' dir='ltr'><strong><em>in</em></strong></span> <span class='ocrx_word' id='word_1_407' title='bbox 922 4211 1235 4269; x_wconf 86' lang='lat' dir='ltr'><strong><em>membrana</em></strong></span> <span class='ocrx_word' id='word_1_408' title='bbox 1270 4216 1582 4285; x_wconf 85' lang='lat' dir='ltr'><strong><em>conscripti,</em></strong></span> <span class='ocrx_word' id='word_1_409' title='bbox 1630 4231 1765 4286; x_wconf 89' lang='lat' dir='ltr'><strong><em>quos</em></strong></span> <span class='ocrx_word' id='word_1_410' title='bbox 1810 4215 1993 4270; x_wconf 90' lang='lat' dir='ltr'><strong><em>talium</em></strong></span> <span class='ocrx_word' id='word_1_411' title='bbox 2024 4216 2105 4271; x_wconf 87' lang='lat' dir='ltr'><strong><em>di-</em></strong></span> 
     </span>
    </p>
   </div>
   <div class='ocr_carea' id='block_1_58' title="bbox 520 4302 2103 4380">
    <p class='ocr_par' dir='ltr' id='par_1_58' title="bbox 520 4302 2103 4380">
     <span class='ocr_line' id='line_1_58' title="bbox 520 4302 2103 4380; baseline 0.003 -21"><span class='ocrx_word' id='word_1_412' title='bbox 520 4302 723 4361; x_wconf 84' lang='lat' dir='ltr'><strong><em>tissima</em></strong></span> <span class='ocrx_word' id='word_1_413' title='bbox 743 4307 1032 4363; x_wconf 65' lang='lat' dir='ltr'><strong><em>academias</em></strong></span> <span class='ocrx_word' id='word_1_414' title='bbox 1059 4308 1316 4380; x_wconf 84' lang='lat' dir='ltr'><strong><em>Lngduno</em></strong></span> <span class='ocrx_word' id='word_1_415' title='bbox 1344 4310 1555 4364; x_wconf 79' lang='lat' dir='ltr'><strong><em>Batavae</em></strong></span> <span class='ocrx_word' id='word_1_416' title='bbox 1578 4310 1897 4366; x_wconf 84' lang='lat' dir='ltr'><strong><em>bibliotheca</em></strong></span> <span class='ocrx_word' id='word_1_417' title='bbox 1922 4324 2103 4366; x_wconf 88' lang='lat' dir='ltr'><strong><em>asser-</em></strong></span> 
     </span>
    </p>
   </div>
   <div class='ocr_carea' id='block_1_59' title="bbox 518 4398 2103 4472">
    <p class='ocr_par' dir='ltr' id='par_1_59' title="bbox 518 4398 2103 4472">
     <span class='ocr_line' id='line_1_59' title="bbox 518 4398 2103 4472; baseline 0.004 -17"><span class='ocrx_word' id='word_1_418' title='bbox 518 4408 625 4455; x_wconf 88' lang='lat' dir='ltr'><strong><em>vat.</em></strong></span> <span class='ocrx_word' id='word_1_419' title='bbox 654 4398 872 4456; x_wconf 89' lang='lat' dir='ltr'><strong><em>Consilii</em></strong></span> <span class='ocrx_word' id='word_1_420' title='bbox 894 4401 1000 4458; x_wconf 91' lang='lat' dir='ltr'><strong><em>mei</em></strong></span> <span class='ocrx_word' id='word_1_421' title='bbox 1020 4400 1089 4457; x_wconf 93' lang='lat' dir='ltr'><strong><em>de</em></strong></span> <span class='ocrx_word' id='word_1_422' title='bbox 1119 4402 1343 4459; x_wconf 84' lang='lat' dir='ltr'><strong><em>Aratore</em></strong></span> <span class='ocrx_word' id='word_1_423' title='bbox 1373 4416 1468 4472; x_wconf 87' lang='lat' dir='ltr'><strong><em>per</em></strong></span> <span class='ocrx_word' id='word_1_424' title='bbox 1493 4401 1702 4457; x_wconf 90' lang='lat' dir='ltr'><strong><em>clariss.</em></strong></span> <span class='ocrx_word' id='word_1_425' title='bbox 1738 4402 2103 4461; x_wconf 87' lang='lat' dir='ltr'><strong><em>Burmannum</em></strong></span> 
     </span>
    </p>
   </div>
   <div class='ocr_carea' id='block_1_60' title="bbox 520 4491 2104 4568">
    <p class='ocr_par' dir='ltr' id='par_1_60' title="bbox 520 4491 2104 4568">
     <span class='ocr_line' id='line_1_60' title="bbox 520 4491 2104 4568; baseline 0.004 -21"><span class='ocrx_word' id='word_1_426' title='bbox 520 4491 824 4549; x_wconf 89' lang='lat' dir='ltr'><strong><em>Secundum</em></strong></span> <span class='ocrx_word' id='word_1_427' title='bbox 864 4496 1063 4550; x_wconf 88' lang='lat' dir='ltr'><strong><em>certior</em></strong></span> <span class='ocrx_word' id='word_1_428' title='bbox 1108 4494 1281 4551; x_wconf 78' lang='lat' dir='ltr'><strong><em>iactus</em></strong></span> <span class='ocrx_word' id='word_1_429' title='bbox 1326 4495 1632 4550; x_wconf 87' lang='lat' dir='ltr'><strong><em>Ludovicus</em></strong></span> <span class='ocrx_word' id='word_1_430' title='bbox 1674 4494 1944 4568; x_wconf 76' lang='lat' dir='ltr'><strong><em>CaSparus</em></strong></span> <span class='ocrx_word' id='word_1_431' title='bbox 1985 4497 2104 4554; x_wconf 86' lang='lat' dir='ltr'><strong><em>Val-</em></strong></span> 
     </span>
    </p>
   </div>
   <div class='ocr_carea' id='block_1_61' title="bbox 2176 1861 3762 1942">
    <p class='ocr_par' dir='ltr' id='par_1_61' title="bbox 2176 1861 3762 1942">
     <span class='ocr_line' id='line_1_61' title="bbox 2176 1861 3762 1942; baseline -0.007 -15"><span class='ocrx_word' id='word_1_432' title='bbox 2176 1871 2399 1942; x_wconf 81' lang='lat' dir='ltr'><strong><em>insignis</em></strong></span> <span class='ocrx_word' id='word_1_433' title='bbox 2425 1872 2567 1926; x_wconf 84' lang='lat' dir='ltr'><strong><em>Petri</em></strong></span> <span class='ocrx_word' id='word_1_434' title='bbox 2598 1869 2889 1925; x_wconf 86' lang='lat' dir='ltr'><strong><em>Burmanni</em></strong></span> <span class='ocrx_word' id='word_1_435' title='bbox 2914 1866 3145 1923; x_wconf 86' lang='lat' dir='ltr'><strong><em>Secundi</em></strong></span> <span class='ocrx_word' id='word_1_436' title='bbox 3176 1865 3228 1920; x_wconf 88' lang='lat' dir='ltr'><strong><em>in</em></strong></span> <span class='ocrx_word' id='word_1_437' title='bbox 3262 1880 3348 1920; x_wconf 89' lang='lat' dir='ltr'><strong><em>me</em></strong></span> <span class='ocrx_word' id='word_1_438' title='bbox 3379 1861 3682 1918; x_wconf 85' lang='lat' dir='ltr'><strong><em>humanitas</em></strong></span> <span class='ocrx_word' id='word_1_439' title='bbox 3706 1868 3762 1918; x_wconf 84' lang='lat' dir='ltr'><strong><em>et</em></strong></span> 
     </span>
    </p>
   </div>
   <div class='ocr_carea' id='block_1_62' title="bbox 2176 1952 3760 2033">
    <p class='ocr_par' dir='ltr' id='par_1_62' title="bbox 2176 1952 3760 2033">
     <span class='ocr_line' id='line_1_62' title="bbox 2176 1952 3760 2033; baseline -0.008 -14"><span class='ocrx_word' id='word_1_440' title='bbox 2176 1964 2567 2031; x_wconf 87' lang='lat' dir='ltr'><strong><em>benevolentia,</em></strong></span> <span class='ocrx_word' id='word_1_441' title='bbox 2600 1963 2691 2033; x_wconf 89' lang='lat' dir='ltr'><strong><em>qui</em></strong></span> <span class='ocrx_word' id='word_1_442' title='bbox 2721 1970 2794 2017; x_wconf 88' lang='lat' dir='ltr'><strong><em>tot</em></strong></span> <span class='ocrx_word' id='word_1_443' title='bbox 2827 1962 2945 2015; x_wconf 89' lang='lat' dir='ltr'><strong><em>aliis</em></strong></span> <span class='ocrx_word' id='word_1_444' title='bbox 2975 1957 3230 2014; x_wconf 67' lang='lat' dir='ltr'><strong><em>amicitia:</em></strong></span> <span class='ocrx_word' id='word_1_445' title='bbox 3257 1971 3385 2027; x_wconf 83' lang='lat' dir='ltr'><strong><em>erga</em></strong></span> <span class='ocrx_word' id='word_1_446' title='bbox 3415 1970 3501 2011; x_wconf 90' lang='lat' dir='ltr'><strong><em>me</em></strong></span> <span class='ocrx_word' id='word_1_447' title='bbox 3528 1952 3760 2018; x_wconf 88' lang='lat' dir='ltr'><strong><em>indiciis,</em></strong></span> 
     </span>
    </p>
   </div>
   <div class='ocr_carea' id='block_1_63' title="bbox 2176 2046 3764 2121">
    <p class='ocr_par' dir='ltr' id='par_1_63' title="bbox 2176 2046 3764 2121">
     <span class='ocr_line' id='line_1_63' title="bbox 2176 2046 3764 2121; baseline -0.007 -10"><span class='ocrx_word' id='word_1_448' title='bbox 2176 2066 2379 2112; x_wconf 89' lang='lat' dir='ltr'><strong><em>tantum</em></strong></span> <span class='ocrx_word' id='word_1_449' title='bbox 2423 2058 2475 2112; x_wconf 89' lang='lat' dir='ltr'><strong><em>in</em></strong></span> <span class='ocrx_word' id='word_1_450' title='bbox 2513 2057 2737 2111; x_wconf 85' lang='lat' dir='ltr'><strong><em>Aratore</em></strong></span> <span class='ocrx_word' id='word_1_451' title='bbox 2778 2053 3002 2119; x_wconf 87' lang='lat' dir='ltr'><strong><em>addidit,</em></strong></span> <span class='ocrx_word' id='word_1_452' title='bbox 3042 2062 3119 2119; x_wconf 91' lang='lat' dir='ltr'><strong><em>ut,</em></strong></span> <span class='ocrx_word' id='word_1_453' title='bbox 3160 2049 3418 2121; x_wconf 87' lang='lat' dir='ltr'><strong><em>quidquid</em></strong></span> <span class='ocrx_word' id='word_1_454' title='bbox 3460 2046 3764 2102; x_wconf 85' lang='lat' dir='ltr'><strong><em>ornamenti</em></strong></span> 
     </span>
    </p>
   </div>
   <div class='ocr_carea' id='block_1_64' title="bbox 2174 2141 3765 2221">
    <p class='ocr_par' dir='ltr' id='par_1_64' title="bbox 2174 2141 3765 2221">
     <span class='ocr_line' id='line_1_64' title="bbox 2174 2141 3765 2221; baseline -0.006 -16"><span class='ocrx_word' id='word_1_455' title='bbox 2174 2152 2282 2220; x_wconf 85' lang='lat' dir='ltr'><strong><em>jam</em></strong></span> <span class='ocrx_word' id='word_1_456' title='bbox 2304 2159 2474 2221; x_wconf 79' lang='lat' dir='ltr'><strong><em>poetae</em></strong></span> <span class='ocrx_word' id='word_1_457' title='bbox 2506 2149 2813 2216; x_wconf 88' lang='lat' dir='ltr'><strong><em>accesserit,</em></strong></span> <span class='ocrx_word' id='word_1_458' title='bbox 2847 2148 2970 2203; x_wconf 90' lang='lat' dir='ltr'><strong><em>huic</em></strong></span> <span class='ocrx_word' id='word_1_459' title='bbox 2999 2147 3087 2201; x_wconf 91' lang='lat' dir='ltr'><strong><em>uni</em></strong></span> <span class='ocrx_word' id='word_1_460' title='bbox 3114 2144 3227 2199; x_wconf 85' lang='lat' dir='ltr'><strong><em>fere</em></strong></span> <span class='ocrx_word' id='word_1_461' title='bbox 3252 2143 3533 2199; x_wconf 85' lang='lat' dir='ltr'><strong><em>debeatur.</em></strong></span> <span class='ocrx_word' id='word_1_462' title='bbox 3562 2141 3765 2195; x_wconf 81' lang='lat' dir='ltr'><strong><em>Nactus</em></strong></span> 
     </span>
    </p>
   </div>
   <div class='ocr_carea' id='block_1_65' title="bbox 2178 2231 3767 2299">
    <p class='ocr_par' dir='ltr' id='par_1_65' title="bbox 2178 2231 3767 2299">
     <span class='ocr_line' id='line_1_65' title="bbox 2178 2231 3767 2299; baseline -0.01 1"><span class='ocrx_word' id='word_1_463' title='bbox 2178 2244 2388 2299; x_wconf 81' lang='lat' dir='ltr'><strong><em>scilicet</em></strong></span> <span class='ocrx_word' id='word_1_464' title='bbox 2414 2257 2530 2299; x_wconf 86' lang='lat' dir='ltr'><strong><em>sum</em></strong></span> <span class='ocrx_word' id='word_1_465' title='bbox 2560 2256 2591 2295; x_wconf 91' lang='lat' dir='ltr'><strong><em>a</em></strong></span> <span class='ocrx_word' id='word_1_466' title='bbox 2633 2241 2746 2296; x_wconf 89' lang='lat' dir='ltr'><strong><em>viro</em></strong></span> <span class='ocrx_word' id='word_1_467' title='bbox 2776 2239 3075 2294; x_wconf 87' lang='lat' dir='ltr'><strong><em>clarissimo</em></strong></span> <span class='ocrx_word' id='word_1_468' title='bbox 3116 2237 3275 2291; x_wconf 90' lang='lat' dir='ltr'><strong><em>trium</em></strong></span> <span class='ocrx_word' id='word_1_469' title='bbox 3320 2233 3477 2291; x_wconf 87' lang='lat' dir='ltr'><strong><em>codd.</em></strong></span> <span class='ocrx_word' id='word_1_470' title='bbox 3518 2231 3767 2287; x_wconf 89' lang='lat' dir='ltr'><strong><em>collatio-</em></strong></span> 
     </span>
    </p>
   </div>
   <div class='ocr_carea' id='block_1_66' title="bbox 2180 2319 3768 2402">
    <p class='ocr_par' dir='ltr' id='par_1_66' title="bbox 2180 2319 3768 2402">
     <span class='ocr_line' id='line_1_66' title="bbox 2180 2319 3768 2402; baseline -0.01 -12"><span class='ocrx_word' id='word_1_471' title='bbox 2180 2350 2298 2401; x_wconf 87' lang='lat' dir='ltr'><strong><em>nes,</em></strong></span> <span class='ocrx_word' id='word_1_472' title='bbox 2348 2331 2833 2402; x_wconf 75' lang='lat' dir='ltr'><strong><em>Cantabrigiensia,</em></strong></span> <span class='ocrx_word' id='word_1_473' title='bbox 2887 2328 3293 2391; x_wconf 87' lang='lat' dir='ltr'><strong><em>Universitatis,</em></strong></span> <span class='ocrx_word' id='word_1_474' title='bbox 3355 2334 3411 2381; x_wconf 90' lang='lat' dir='ltr'><strong><em>et</em></strong></span> <span class='ocrx_word' id='word_1_475' title='bbox 3467 2319 3768 2378; x_wconf 82' lang='lat' dir='ltr'><strong><em>Balthasari</em></strong></span> 
     </span>
    </p>
   </div>
   <div class='ocr_carea' id='block_1_67' title="bbox 2180 2416 3770 2495">
    <p class='ocr_par' dir='ltr' id='par_1_67' title="bbox 2180 2416 3770 2495">
     <span class='ocr_line' id='line_1_67' title="bbox 2180 2416 3770 2495; baseline -0.011 -12"><span class='ocrx_word' id='word_1_476' title='bbox 2180 2428 2386 2485; x_wconf 82' lang='lat' dir='ltr'><strong><em>Moreti.</em></strong></span> <span class='ocrx_word' id='word_1_477' title='bbox 2424 2428 2537 2481; x_wconf 87' lang='lat' dir='ltr'><strong><em>Duo</em></strong></span> <span class='ocrx_word' id='word_1_478' title='bbox 2568 2425 2772 2495; x_wconf 83' lang='lat' dir='ltr'><strong><em>priores</em></strong></span> <span class='ocrx_word' id='word_1_479' title='bbox 2802 2422 2870 2478; x_wconf 90' lang='lat' dir='ltr'><strong><em>ad</em></strong></span> <span class='ocrx_word' id='word_1_480' title='bbox 2899 2422 3196 2478; x_wconf 88' lang='lat' dir='ltr'><strong><em>editionem</em></strong></span> <span class='ocrx_word' id='word_1_481' title='bbox 3238 2416 3609 2473; x_wconf 83' lang='lat' dir='ltr'><strong><em>Fabricianam</em></strong></span> <span class='ocrx_word' id='word_1_482' title='bbox 3633 2426 3770 2468; x_wconf 89' lang='lat' dir='ltr'><strong><em>con-</em></strong></span> 
     </span>
    </p>
   </div>
   <div class='ocr_carea' id='block_1_68' title="bbox 2184 2508 3769 2584">
    <p class='ocr_par' dir='ltr' id='par_1_68' title="bbox 2184 2508 3769 2584">
     <span class='ocr_line' id='line_1_68' title="bbox 2184 2508 3769 2584; baseline -0.011 -8"><span class='ocrx_word' id='word_1_483' title='bbox 2184 2522 2374 2576; x_wconf 86' lang='lat' dir='ltr'><strong><em>tulerat</em></strong></span> <span class='ocrx_word' id='word_1_484' title='bbox 2413 2518 2622 2574; x_wconf 85' lang='lat' dir='ltr'><strong><em>Gotlieb</em></strong></span> <span class='ocrx_word' id='word_1_485' title='bbox 2661 2516 2894 2581; x_wconf 86' lang='lat' dir='ltr'><strong><em>Cortius,</em></strong></span> <span class='ocrx_word' id='word_1_486' title='bbox 2928 2522 3089 2584; x_wconf 89' lang='lat' dir='ltr'><strong><em>atque</em></strong></span> <span class='ocrx_word' id='word_1_487' title='bbox 3136 2526 3199 2567; x_wconf 81' lang='lat' dir='ltr'><strong><em>ex</em></strong></span> <span class='ocrx_word' id='word_1_488' title='bbox 3234 2508 3551 2565; x_wconf 86' lang='lat' dir='ltr'><strong><em>bibliotheca</em></strong></span> <span class='ocrx_word' id='word_1_489' title='bbox 3585 2508 3769 2560; x_wconf 82' lang='lat' dir='ltr'><strong><em>Menc-</em></strong></span> 
     </span>
    </p>
   </div>
   <div class='ocr_carea' id='block_1_69' title="bbox 2184 2601 3770 2679">
    <p class='ocr_par' dir='ltr' id='par_1_69' title="bbox 2184 2601 3770 2679">
     <span class='ocr_line' id='line_1_69' title="bbox 2184 2601 3770 2679; baseline -0.009 -14"><span class='ocrx_word' id='word_1_490' title='bbox 2184 2610 2433 2675; x_wconf 81' lang='lat' dir='ltr'><strong><em>keniana,</em></strong></span> <span class='ocrx_word' id='word_1_491' title='bbox 2480 2608 2675 2679; x_wconf 68' lang='lat' dir='ltr'><strong><em>Lipsiae</em></strong></span> <span class='ocrx_word' id='word_1_492' title='bbox 2712 2605 3013 2671; x_wconf 85' lang='lat' dir='ltr'><strong><em>divendita,</em></strong></span> <span class='ocrx_word' id='word_1_493' title='bbox 3055 2603 3299 2659; x_wconf 89' lang='lat' dir='ltr'><strong><em>eamdem</em></strong></span> <span class='ocrx_word' id='word_1_494' title='bbox 3344 2601 3447 2656; x_wconf 89' lang='lat' dir='ltr'><strong><em>sibi</em></strong></span> <span class='ocrx_word' id='word_1_495' title='bbox 3486 2610 3770 2667; x_wconf 88' lang='lat' dir='ltr'><strong><em>compara-</em></strong></span> 
     </span>
    </p>
   </div>
   <div class='ocr_carea' id='block_1_70' title="bbox 2187 2688 3772 2760">
    <p class='ocr_par' dir='ltr' id='par_1_70' title="bbox 2187 2688 3772 2760">
     <span class='ocr_line' id='line_1_70' title="bbox 2187 2688 3772 2760; baseline -0.011 -1"><span class='ocrx_word' id='word_1_496' title='bbox 2187 2711 2339 2760; x_wconf 89' lang='lat' dir='ltr'><strong><em>verat</em></strong></span> <span class='ocrx_word' id='word_1_497' title='bbox 2368 2702 2723 2756; x_wconf 86' lang='lat' dir='ltr'><strong><em>Burmannus.</em></strong></span> <span class='ocrx_word' id='word_1_498' title='bbox 2756 2698 2946 2753; x_wconf 86' lang='lat' dir='ltr'><strong><em>Moreti</em></strong></span> <span class='ocrx_word' id='word_1_499' title='bbox 2992 2696 3235 2751; x_wconf 87' lang='lat' dir='ltr'><strong><em>codicem</em></strong></span> <span class='ocrx_word' id='word_1_500' title='bbox 3280 2691 3581 2748; x_wconf 86' lang='lat' dir='ltr'><strong><em>contulerat</em></strong></span> <span class='ocrx_word' id='word_1_501' title='bbox 3608 2688 3772 2743; x_wconf 83' lang='lat' dir='ltr'><strong><em>Nico—</em></strong></span> 
     </span>
    </p>
   </div>
   <div class='ocr_carea' id='block_1_71' title="bbox 2188 2780 3774 2861">
    <p class='ocr_par' dir='ltr' id='par_1_71' title="bbox 2188 2780 3774 2861">
     <span class='ocr_line' id='line_1_71' title="bbox 2188 2780 3774 2861; baseline -0.011 -8"><span class='ocrx_word' id='word_1_502' title='bbox 2188 2798 2305 2854; x_wconf 91' lang='lat' dir='ltr'><strong><em>laus</em></strong></span> <span class='ocrx_word' id='word_1_503' title='bbox 2360 2793 2633 2861; x_wconf 83' lang='lat' dir='ltr'><strong><em>Heinsius,</em></strong></span> <span class='ocrx_word' id='word_1_504' title='bbox 2682 2792 3047 2861; x_wconf 87' lang='lat' dir='ltr'><strong><em>lectionesque</em></strong></span> <span class='ocrx_word' id='word_1_505' title='bbox 3099 2789 3369 2844; x_wconf 87' lang='lat' dir='ltr'><strong><em>variantes</em></strong></span> <span class='ocrx_word' id='word_1_506' title='bbox 3416 2786 3469 2840; x_wconf 91' lang='lat' dir='ltr'><strong><em>in</em></strong></span> <span class='ocrx_word' id='word_1_507' title='bbox 3516 2780 3774 2839; x_wconf 81' lang='lat' dir='ltr'><strong><em>schedula</em></strong></span> 
     </span>
    </p>
   </div>
   <div class='ocr_carea' id='block_1_72' title="bbox 2190 2879 3776 2956">
    <p class='ocr_par' dir='ltr' id='par_1_72' title="bbox 2190 2879 3776 2956">
     <span class='ocr_line' id='line_1_72' title="bbox 2190 2879 3776 2956; baseline -0.011 -8"><span class='ocrx_word' id='word_1_508' title='bbox 2190 2900 2498 2948; x_wconf 86' lang='lat' dir='ltr'><strong><em>notaverat.</em></strong></span> <span class='ocrx_word' id='word_1_509' title='bbox 2535 2886 3033 2956; x_wconf 86' lang='lat' dir='ltr'><strong><em>Cantabrigiensem</em></strong></span> <span class='ocrx_word' id='word_1_510' title='bbox 3063 2882 3390 2952; x_wconf 87' lang='lat' dir='ltr'><strong><em>ascripserat</em></strong></span> <span class='ocrx_word' id='word_1_511' title='bbox 3415 2879 3627 2935; x_wconf 81' lang='lat' dir='ltr'><strong><em>Cortius</em></strong></span> <span class='ocrx_word' id='word_1_512' title='bbox 3650 2891 3776 2933; x_wconf 89' lang='lat' dir='ltr'><strong><em>esse</em></strong></span> 
     </span>
    </p>
   </div>
   <div class='ocr_carea' id='block_1_73' title="bbox 2192 2968 3778 3046">
    <p class='ocr_par' dir='ltr' id='par_1_73' title="bbox 2192 2968 3778 3046">
     <span class='ocr_line' id='line_1_73' title="bbox 2192 2968 3778 3046; baseline -0.012 -6"><span class='ocrx_word' id='word_1_513' title='bbox 2192 2983 2315 3040; x_wconf 91' lang='lat' dir='ltr'><strong><em>cod.</em></strong></span> <span class='ocrx_word' id='word_1_514' title='bbox 2352 2982 2817 3038; x_wconf 88' lang='lat' dir='ltr'><strong><em>membranacenm</em></strong></span> <span class='ocrx_word' id='word_1_515' title='bbox 2863 2975 3074 3046; x_wconf 76' lang='lat' dir='ltr'><strong><em>collegii</em></strong></span> <span class='ocrx_word' id='word_1_516' title='bbox 3101 2971 3376 3029; x_wconf 89' lang='lat' dir='ltr'><strong><em>Trinitatis</em></strong></span> <span class='ocrx_word' id='word_1_517' title='bbox 3411 2970 3549 3039; x_wconf 90' lang='lat' dir='ltr'><strong><em>apud</em></strong></span> <span class='ocrx_word' id='word_1_518' title='bbox 3577 2968 3778 3024; x_wconf 80' lang='lat' dir='ltr'><strong><em>Canta-</em></strong></span> 
     </span>
    </p>
   </div>
   <div class='ocr_carea' id='block_1_74' title="bbox 2193 3060 3778 3145">
    <p class='ocr_par' dir='ltr' id='par_1_74' title="bbox 2193 3060 3778 3145">
     <span class='ocr_line' id='line_1_74' title="bbox 2193 3060 3778 3145; baseline -0.012 -14"><span class='ocrx_word' id='word_1_519' title='bbox 2193 3074 2507 3145; x_wconf 86' lang='lat' dir='ltr'><strong><em>brigienses,</em></strong></span> <span class='ocrx_word' id='word_1_520' title='bbox 2540 3069 2837 3127; x_wconf 89' lang='lat' dir='ltr'><strong><em>uncialihus</em></strong></span> <span class='ocrx_word' id='word_1_521' title='bbox 2865 3067 3057 3123; x_wconf 88' lang='lat' dir='ltr'><strong><em>litteris</em></strong></span> <span class='ocrx_word' id='word_1_522' title='bbox 3085 3065 3364 3135; x_wconf 89' lang='lat' dir='ltr'><strong><em>scriptum,</em></strong></span> <span class='ocrx_word' id='word_1_523' title='bbox 3399 3060 3778 3132; x_wconf 88' lang='lat' dir='ltr'><strong><em>perantiquum</em></strong></span> 
     </span>
    </p>
   </div>
   <div class='ocr_carea' id='block_1_75' title="bbox 2121 3156 3780 3235">
    <p class='ocr_par' dir='ltr' id='par_1_75' title="bbox 2121 3156 3780 3235">
     <span class='ocr_line' id='line_1_75' title="bbox 2121 3156 3780 3235; baseline -0.011 -12"><span class='ocrx_word' id='word_1_524' title='bbox 2121 3170 2168 3235; x_wconf 72' lang='grc' dir='ltr'><strong>ς</strong></span> <span class='ocrx_word' id='word_1_525' title='bbox 2197 3174 2253 3223; x_wconf 91' lang='lat' dir='ltr'><strong><em>et</em></strong></span> <span class='ocrx_word' id='word_1_526' title='bbox 2282 3164 2679 3221; x_wconf 88' lang='lat' dir='ltr'><strong><em>nitidissimum.</em></strong></span> <span class='ocrx_word' id='word_1_527' title='bbox 2724 3160 2873 3215; x_wconf 87' lang='lat' dir='ltr'><strong><em>Hunc</em></strong></span> <span class='ocrx_word' id='word_1_528' title='bbox 2916 3158 3146 3214; x_wconf 89' lang='lat' dir='ltr'><strong><em>arbitror</em></strong></span> <span class='ocrx_word' id='word_1_529' title='bbox 3183 3156 3425 3212; x_wconf 87' lang='lat' dir='ltr'><strong><em>eumdem</em></strong></span> <span class='ocrx_word' id='word_1_530' title='bbox 3467 3166 3588 3208; x_wconf 86' lang='lat' dir='ltr'><strong><em>esse</em></strong></span> <span class='ocrx_word' id='word_1_531' title='bbox 3615 3164 3780 3220; x_wconf 86' lang='lat' dir='ltr'><strong><em>quem</em></strong></span> 
     </span>
    </p>
   </div>
   <div class='ocr_carea' id='block_1_76' title="bbox 2204 3243 3785 3313">
    <p class='ocr_par' dir='ltr' id='par_1_76' title="bbox 2204 3243 3785 3313">
     <span class='ocr_line' id='line_1_76' title="bbox 2204 3243 3785 3313; baseline -0.01 -2"><span class='ocrx_word' id='word_1_532' title='bbox 2204 3258 2270 3313; x_wconf 90' lang='lat' dir='ltr'><strong><em>ab</em></strong></span> <span class='ocrx_word' id='word_1_533' title='bbox 2301 3257 2456 3313; x_wconf 86' lang='lat' dir='ltr'><strong><em>Erico</em></strong></span> <span class='ocrx_word' id='word_1_534' title='bbox 2501 3254 2750 3311; x_wconf 89' lang='lat' dir='ltr'><strong><em>Benzelio</em></strong></span> <span class='ocrx_word' id='word_1_535' title='bbox 2798 3252 3050 3309; x_wconf 88' lang='lat' dir='ltr'><strong><em>collatum</em></strong></span> <span class='ocrx_word' id='word_1_536' title='bbox 3090 3248 3279 3303; x_wconf 88' lang='lat' dir='ltr'><strong><em>habuit</em></strong></span> <span class='ocrx_word' id='word_1_537' title='bbox 3325 3248 3481 3303; x_wconf 82' lang='lat' dir='ltr'><strong><em>Joan.</em></strong></span> <span class='ocrx_word' id='word_1_538' title='bbox 3525 3244 3647 3299; x_wconf 80' lang='lat' dir='ltr'><strong><em>Alb.</em></strong></span> <span class='ocrx_word' id='word_1_539' title='bbox 3680 3243 3785 3297; x_wconf 34' lang='lat' dir='ltr'><strong><em>Fas-</em></strong></span> 
     </span>
    </p>
   </div>
   <div class='ocr_carea' id='block_1_77' title="bbox 2199 3336 3786 3423">
    <p class='ocr_par' dir='ltr' id='par_1_77' title="bbox 2199 3336 3786 3423">
     <span class='ocr_line' id='line_1_77' title="bbox 2199 3336 3786 3423; baseline -0.012 -15"><span class='ocrx_word' id='word_1_540' title='bbox 2199 3353 2401 3409; x_wconf 88' lang='lat' dir='ltr'><strong><em>bricius</em></strong></span> <span class='ocrx_word' id='word_1_541' title='bbox 2430 3350 2529 3423; x_wconf 90' lang='lat' dir='ltr'><strong><em>(a).</em></strong></span> <span class='ocrx_word' id='word_1_542' title='bbox 2562 3351 2710 3407; x_wconf 86' lang='lat' dir='ltr'><strong><em>Alter</em></strong></span> <span class='ocrx_word' id='word_1_543' title='bbox 2728 3348 2896 3405; x_wconf 82' lang='lat' dir='ltr'><strong><em>codex</em></strong></span> <span class='ocrx_word' id='word_1_544' title='bbox 2922 3355 3037 3402; x_wconf 88' lang='lat' dir='ltr'><strong><em>erat</em></strong></span> <span class='ocrx_word' id='word_1_545' title='bbox 3065 3343 3222 3414; x_wconf 87' lang='lat' dir='ltr'><strong><em>paulo</em></strong></span> <span class='ocrx_word' id='word_1_546' title='bbox 3250 3341 3541 3405; x_wconf 88' lang='lat' dir='ltr'><strong><em>recentior,</em></strong></span> <span class='ocrx_word' id='word_1_547' title='bbox 3564 3336 3656 3394; x_wconf 87' lang='lat' dir='ltr'><strong><em>sed</em></strong></span> <span class='ocrx_word' id='word_1_548' title='bbox 3682 3350 3786 3390; x_wconf 90' lang='lat' dir='ltr'><strong><em>ac-</em></strong></span> 
     </span>
    </p>
   </div>
   <div class='ocr_carea' id='block_1_78' title="bbox 2201 3433 3787 3518">
    <p class='ocr_par' dir='ltr' id='par_1_78' title="bbox 2201 3433 3787 3518">
     <span class='ocr_line' id='line_1_78' title="bbox 2201 3433 3787 3518; baseline -0.012 -11"><span class='ocrx_word' id='word_1_549' title='bbox 2201 3452 2437 3507; x_wconf 88' lang='lat' dir='ltr'><strong><em>curatius</em></strong></span> <span class='ocrx_word' id='word_1_550' title='bbox 2483 3448 2736 3518; x_wconf 89' lang='lat' dir='ltr'><strong><em>scriptus,</em></strong></span> <span class='ocrx_word' id='word_1_551' title='bbox 2769 3456 2907 3502; x_wconf 83' lang='lat' dir='ltr'><strong><em>teste</em></strong></span> <span class='ocrx_word' id='word_1_552' title='bbox 2933 3444 3134 3509; x_wconf 85' lang='lat' dir='ltr'><strong><em>Cortio,</em></strong></span> <span class='ocrx_word' id='word_1_553' title='bbox 3167 3443 3318 3510; x_wconf 90' lang='lat' dir='ltr'><strong><em>isque</em></strong></span> <span class='ocrx_word' id='word_1_554' title='bbox 3363 3439 3417 3495; x_wconf 90' lang='lat' dir='ltr'><strong><em>in</em></strong></span> <span class='ocrx_word' id='word_1_555' title='bbox 3460 3433 3787 3492; x_wconf 77' lang='lat' dir='ltr'><strong><em>bibliotheca</em></strong></span> 
     </span>
    </p>
   </div>
   <div class='ocr_carea' id='block_1_79' title="bbox 2202 3523 3787 3598">
    <p class='ocr_par' dir='ltr' id='par_1_79' title="bbox 2202 3523 3787 3598">
     <span class='ocr_line' id='line_1_79' title="bbox 2202 3523 3787 3598; baseline -0.011 0"><span class='ocrx_word' id='word_1_556' title='bbox 2202 3539 2577 3598; x_wconf 87' lang='lat' dir='ltr'><strong><em>Universitatis</em></strong></span> <span class='ocrx_word' id='word_1_557' title='bbox 2615 3537 2953 3594; x_wconf 86' lang='lat' dir='ltr'><strong><em>servabatur.</em></strong></span> <span class='ocrx_word' id='word_1_558' title='bbox 2980 3534 3116 3589; x_wconf 90' lang='lat' dir='ltr'><strong><em>Cum</em></strong></span> <span class='ocrx_word' id='word_1_559' title='bbox 3158 3532 3375 3587; x_wconf 86' lang='lat' dir='ltr'><strong><em>Cortius</em></strong></span> <span class='ocrx_word' id='word_1_560' title='bbox 3406 3543 3513 3583; x_wconf 92' lang='lat' dir='ltr'><strong><em>non</em></strong></span> <span class='ocrx_word' id='word_1_561' title='bbox 3559 3523 3787 3581; x_wconf 85' lang='lat' dir='ltr'><strong><em>addide-</em></strong></span> 
     </span>
    </p>
   </div>
   <div class='ocr_carea' id='block_1_80' title="bbox 2202 3615 3789 3699">
    <p class='ocr_par' dir='ltr' id='par_1_80' title="bbox 2202 3615 3789 3699">
     <span class='ocr_line' id='line_1_80' title="bbox 2202 3615 3789 3699; baseline -0.011 -12"><span class='ocrx_word' id='word_1_562' title='bbox 2202 3632 2295 3698; x_wconf 87' lang='lat' dir='ltr'><strong><em>rit,</em></strong></span> <span class='ocrx_word' id='word_1_563' title='bbox 2324 3632 2479 3699; x_wconf 84' lang='lat' dir='ltr'><strong><em>cujus</em></strong></span> <span class='ocrx_word' id='word_1_564' title='bbox 2502 3628 2868 3683; x_wconf 86' lang='lat' dir='ltr'><strong><em>universitatis</em></strong></span> <span class='ocrx_word' id='word_1_565' title='bbox 2896 3624 3077 3689; x_wconf 85' lang='lat' dir='ltr'><strong><em>luerit,</em></strong></span> <span class='ocrx_word' id='word_1_566' title='bbox 3100 3629 3305 3677; x_wconf 85' lang='lat' dir='ltr'><strong><em>tantum</em></strong></span> <span class='ocrx_word' id='word_1_567' title='bbox 3331 3621 3473 3674; x_wconf 88' lang='lat' dir='ltr'><strong><em>hunc</em></strong></span> <span class='ocrx_word' id='word_1_568' title='bbox 3492 3615 3621 3672; x_wconf 80' lang='lat' dir='ltr'><strong><em>Cod.</em></strong></span> <span class='ocrx_word' id='word_1_569' title='bbox 3655 3616 3789 3671; x_wconf 79' lang='lat' dir='ltr'><strong><em>Uisi-</em></strong></span> 
     </span>
    </p>
   </div>
   <div class='ocr_carea' id='block_1_81' title="bbox 2203 3709 3789 3791">
    <p class='ocr_par' dir='ltr' id='par_1_81' title="bbox 2203 3709 3789 3791">
     <span class='ocr_line' id='line_1_81' title="bbox 2203 3709 3789 3791; baseline -0.011 -10"><span class='ocrx_word' id='word_1_570' title='bbox 2203 3741 2334 3781; x_wconf 82' lang='lat' dir='ltr'><strong><em>vers.</em></strong></span> <span class='ocrx_word' id='word_1_571' title='bbox 2367 3724 2506 3789; x_wconf 82' lang='lat' dir='ltr'><strong><em>dixi;</em></strong></span> <span class='ocrx_word' id='word_1_572' title='bbox 2533 3722 2775 3791; x_wconf 88' lang='lat' dir='ltr'><strong><em>suspicor</em></strong></span> <span class='ocrx_word' id='word_1_573' title='bbox 2795 3728 2970 3773; x_wconf 85' lang='lat' dir='ltr'><strong><em>tamen</em></strong></span> <span class='ocrx_word' id='word_1_574' title='bbox 2993 3730 3114 3772; x_wconf 89' lang='lat' dir='ltr'><strong><em>esse</em></strong></span> <span class='ocrx_word' id='word_1_575' title='bbox 3139 3713 3608 3770; x_wconf 89' lang='lat' dir='ltr'><strong><em>membranaceum</em></strong></span> <span class='ocrx_word' id='word_1_576' title='bbox 3629 3709 3789 3767; x_wconf 79' lang='lat' dir='ltr'><strong><em>codi-</em></strong></span> 
     </span>
    </p>
   </div>
   <div class='ocr_carea' id='block_1_82' title="bbox 2204 3803 3797 3885">
    <p class='ocr_par' dir='ltr' id='par_1_82' title="bbox 2204 3803 3797 3885">
     <span class='ocr_line' id='line_1_82' title="bbox 2204 3803 3797 3885; baseline -0.011 -12"><span class='ocrx_word' id='word_1_577' title='bbox 2204 3831 2343 3884; x_wconf 89' lang='lat' dir='ltr'><strong><em>cem,</em></strong></span> <span class='ocrx_word' id='word_1_578' title='bbox 2386 3828 2547 3885; x_wconf 90' lang='lat' dir='ltr'><strong><em>quem</em></strong></span> <span class='ocrx_word' id='word_1_579' title='bbox 2594 3814 2649 3868; x_wconf 90' lang='lat' dir='ltr'><strong><em>in</em></strong></span> <span class='ocrx_word' id='word_1_580' title='bbox 2679 3810 2899 3867; x_wconf 82' lang='lat' dir='ltr'><strong><em>Paulina</em></strong></span> <span class='ocrx_word' id='word_1_581' title='bbox 2938 3808 3296 3878; x_wconf 88' lang='lat' dir='ltr'><strong><em>Lipsiensium</em></strong></span> <span class='ocrx_word' id='word_1_582' title='bbox 3332 3803 3651 3860; x_wconf 88' lang='lat' dir='ltr'><strong><em>bibliotheca</em></strong></span> <span class='ocrx_word' id='word_1_583' title='bbox 3694 3815 3797 3857; x_wconf 72' lang='lat' dir='ltr'><strong><em>ex—</em></strong></span> 
     </span>
    </p>
   </div>
   <div class='ocr_carea' id='block_1_83' title="bbox 2204 3891 3790 3971">
    <p class='ocr_par' dir='ltr' id='par_1_83' title="bbox 2204 3891 3790 3971">
     <span class='ocr_line' id='line_1_83' title="bbox 2204 3891 3790 3971; baseline -0.01 -8"><span class='ocrx_word' id='word_1_584' title='bbox 2204 3917 2348 3964; x_wconf 88' lang='lat' dir='ltr'><strong><em>stare</em></strong></span> <span class='ocrx_word' id='word_1_585' title='bbox 2400 3913 2660 3960; x_wconf 88' lang='lat' dir='ltr'><strong><em>memorat</em></strong></span> <span class='ocrx_word' id='word_1_586' title='bbox 2727 3903 2781 3958; x_wconf 90' lang='lat' dir='ltr'><strong><em>in</em></strong></span> <span class='ocrx_word' id='word_1_587' title='bbox 2842 3900 3068 3971; x_wconf 87' lang='lat' dir='ltr'><strong><em>epistola</em></strong></span> <span class='ocrx_word' id='word_1_588' title='bbox 3131 3898 3199 3954; x_wconf 88' lang='lat' dir='ltr'><strong><em>ad</em></strong></span> <span class='ocrx_word' id='word_1_589' title='bbox 3254 3895 3531 3953; x_wconf 84' lang='lat' dir='ltr'><strong><em>Heinsium</em></strong></span> <span class='ocrx_word' id='word_1_590' title='bbox 3584 3891 3790 3950; x_wconf 83' lang='lat' dir='ltr'><strong><em>Christ.</em></strong></span> 
     </span>
    </p>
   </div>
   <div class='ocr_carea' id='block_1_84' title="bbox 2206 3984 3791 4068">
    <p class='ocr_par' dir='ltr' id='par_1_84' title="bbox 2206 3984 3791 4068">
     <span class='ocr_line' id='line_1_84' title="bbox 2206 3984 3791 4068; baseline -0.011 -14"><span class='ocrx_word' id='word_1_591' title='bbox 2206 3998 2460 4054; x_wconf 86' lang='lat' dir='ltr'><strong><em>Daumius</em></strong></span> <span class='ocrx_word' id='word_1_592' title='bbox 2483 3995 2583 4068; x_wconf 74' lang='grc' dir='ltr'><strong><em>(ὁ).</em></strong></span> <span class='ocrx_word' id='word_1_593' title='bbox 2629 3994 2825 4052; x_wconf 86' lang='lat' dir='ltr'><strong><em>Moreti</em></strong></span> <span class='ocrx_word' id='word_1_594' title='bbox 2862 3992 3101 4049; x_wconf 86' lang='lat' dir='ltr'><strong><em>codicem</em></strong></span> <span class='ocrx_word' id='word_1_595' title='bbox 3151 3988 3400 4044; x_wconf 88' lang='lat' dir='ltr'><strong><em>lleinsius</em></strong></span> <span class='ocrx_word' id='word_1_596' title='bbox 3439 3984 3791 4041; x_wconf 73' lang='lat' dir='ltr'><strong><em>veterrimum</em></strong></span> 
     </span>
    </p>
   </div>
   <div class='ocr_carea' id='block_1_85' title="bbox 2205 4071 3785 4160">
    <p class='ocr_par' dir='ltr' id='par_1_85' title="bbox 2205 4071 3785 4160">
     <span class='ocr_line' id='line_1_85' title="bbox 2205 4071 3785 4160; baseline -0.011 -15"><span class='ocrx_word' id='word_1_597' title='bbox 2205 4090 2439 4160; x_wconf 86' lang='lat' dir='ltr'><strong><em>appellat</em></strong></span> <span class='ocrx_word' id='word_1_598' title='bbox 2464 4106 2478 4155; x_wconf 88' lang='lat'><strong>;</strong></span> <span class='ocrx_word' id='word_1_599' title='bbox 2518 4086 2612 4143; x_wconf 88' lang='lat' dir='ltr'><strong><em>sed</em></strong></span> <span class='ocrx_word' id='word_1_600' title='bbox 2649 4101 2756 4142; x_wconf 92' lang='lat' dir='ltr'><strong><em>non</em></strong></span> <span class='ocrx_word' id='word_1_601' title='bbox 2779 4086 2913 4141; x_wconf 88' lang='lat' dir='ltr'><strong><em>ultra</em></strong></span> <span class='ocrx_word' id='word_1_602' title='bbox 2941 4099 3023 4139; x_wconf 89' lang='lat' dir='ltr'><strong><em>vs.</em></strong></span> <span class='ocrx_word' id='word_1_603' title='bbox 3056 4074 3160 4136; x_wconf 70' lang='lat'><strong><em>204</em></strong></span> <span class='ocrx_word' id='word_1_604' title='bbox 3190 4078 3285 4135; x_wconf 90' lang='lat' dir='ltr'><strong><em>lib.</em></strong></span> <span class='ocrx_word' id='word_1_605' title='bbox 3314 4094 3332 4132; x_wconf 89' lang='grc' dir='ltr'><strong><em>ι</em></strong></span> <span class='ocrx_word' id='word_1_606' title='bbox 3362 4075 3607 4139; x_wconf 85' lang='lat' dir='ltr'><strong><em>contulit,</em></strong></span> <span class='ocrx_word' id='word_1_607' title='bbox 3639 4071 3785 4128; x_wconf 80' lang='lat' dir='ltr'><strong><em>unde</em></strong></span> 
     </span>
    </p>
   </div>
   <div class='ocr_carea' id='block_1_86' title="bbox 2204 4160 3797 4250">
    <p class='ocr_par' dir='ltr' id='par_1_86' title="bbox 2204 4160 3797 4250">
     <span class='ocr_line' id='line_1_86' title="bbox 2204 4160 3797 4250; baseline -0.012 -15"><span class='ocrx_word' id='word_1_608' title='bbox 2204 4178 2425 4250; x_wconf 91' lang='lat' dir='ltr'><strong><em>reliquis</em></strong></span> <span class='ocrx_word' id='word_1_609' title='bbox 2473 4193 2617 4248; x_wconf 72' lang='lat' dir='ltr'><strong><em>aegre</em></strong></span> <span class='ocrx_word' id='word_1_610' title='bbox 2666 4188 2933 4232; x_wconf 87' lang='lat' dir='ltr'><strong><em>caremus.</em></strong></span> <span class='ocrx_word' id='word_1_611' title='bbox 2977 4171 3243 4227; x_wconf 86' lang='lat' dir='ltr'><strong><em>Eumdem</em></strong></span> <span class='ocrx_word' id='word_1_612' title='bbox 3277 4168 3416 4225; x_wconf 77' lang='lat' dir='ltr'><strong><em>forte</em></strong></span> <span class='ocrx_word' id='word_1_613' title='bbox 3453 4162 3685 4234; x_wconf 80' lang='lat' dir='ltr'><strong><em>inspexit</em></strong></span> <span class='ocrx_word' id='word_1_614' title='bbox 3732 4160 3797 4217; x_wconf 86' lang='lat' dir='ltr'><strong><em>in</em></strong></span> 
     </span>
    </p>
   </div>
   <div class='ocr_carea' id='block_1_87' title="bbox 2209 4252 3798 4340">
    <p class='ocr_par' dir='ltr' id='par_1_87' title="bbox 2209 4252 3798 4340">
     <span class='ocr_line' id='line_1_87' title="bbox 2209 4252 3798 4340; baseline -0.016 -10"><span class='ocrx_word' id='word_1_615' title='bbox 2209 4273 2422 4340; x_wconf 89' lang='lat' dir='ltr'><strong><em>itinere,</em></strong></span> <span class='ocrx_word' id='word_1_616' title='bbox 2464 4285 2590 4326; x_wconf 92' lang='lat' dir='ltr'><strong><em>cum</em></strong></span> <span class='ocrx_word' id='word_1_617' title='bbox 2631 4285 2662 4324; x_wconf 89' lang='lat' dir='ltr'><strong><em>a</em></strong></span> <span class='ocrx_word' id='word_1_618' title='bbox 2706 4266 2969 4337; x_wconf 88' lang='lat' dir='ltr'><strong><em>Spadanis</em></strong></span> <span class='ocrx_word' id='word_1_619' title='bbox 3002 4262 3261 4327; x_wconf 77' lang='lat' dir='ltr'><strong><em>fontibus,</em></strong></span> <span class='ocrx_word' id='word_1_620' title='bbox 3292 4274 3428 4330; x_wconf 90' lang='lat' dir='ltr'><strong><em>quos</em></strong></span> <span class='ocrx_word' id='word_1_621' title='bbox 3474 4252 3798 4312; x_wconf 81' lang='lat' dir='ltr'><strong><em>valetudinis</em></strong></span> 
     </span>
    </p>
   </div>
   <div class='ocr_carea' id='block_1_88' title="bbox 2208 4345 3795 4430">
    <p class='ocr_par' dir='ltr' id='par_1_88' title="bbox 2208 4345 3795 4430">
     <span class='ocr_line' id='line_1_88' title="bbox 2208 4345 3795 4430; baseline -0.014 -8"><span class='ocrx_word' id='word_1_622' title='bbox 2208 4380 2368 4421; x_wconf 87' lang='lat' dir='ltr'><strong><em>causa</em></strong></span> <span class='ocrx_word' id='word_1_623' title='bbox 2398 4363 2624 4430; x_wconf 89' lang='lat' dir='ltr'><strong><em>adierat,</em></strong></span> <span class='ocrx_word' id='word_1_624' title='bbox 2654 4360 2826 4416; x_wconf 81' lang='lat' dir='ltr'><strong><em>redux</em></strong></span> <span class='ocrx_word' id='word_1_625' title='bbox 2870 4366 2925 4414; x_wconf 90' lang='lat' dir='ltr'><strong><em>et</em></strong></span> <span class='ocrx_word' id='word_1_626' title='bbox 2960 4356 3299 4412; x_wconf 89' lang='lat' dir='ltr'><strong><em>Brabantiam</em></strong></span> <span class='ocrx_word' id='word_1_627' title='bbox 3342 4361 3630 4421; x_wconf 73' lang='lat' dir='ltr'><strong><em>peragrans</em></strong></span> <span class='ocrx_word' id='word_1_628' title='bbox 3654 4345 3795 4401; x_wconf 79' lang='lat' dir='ltr'><strong><em>Ant-</em></strong></span> 
     </span>
    </p>
   </div>
   <div class='ocr_carea' id='block_1_89' title="bbox 2209 4456 3787 4542">
    <p class='ocr_par' dir='ltr' id='par_1_89' title="bbox 2209 4456 3787 4542">
     <span class='ocr_line' id='line_1_89' title="bbox 2209 4456 3787 4542; baseline -0.016 -13"><span class='ocrx_word' id='word_1_629' title='bbox 2209 4473 2408 4542; x_wconf 75' lang='lat' dir='ltr'><strong><em>verpiai</em></strong></span> <span class='ocrx_word' id='word_1_630' title='bbox 2436 4470 2717 4535; x_wconf 84' lang='lat' dir='ltr'><strong><em>Moretum,</em></strong></span> <span class='ocrx_word' id='word_1_631' title='bbox 2743 4462 3126 4538; x_wconf 80' lang='lat' dir='ltr'><strong><em>typographum</em></strong></span> <span class='ocrx_word' id='word_1_632' title='bbox 3148 4460 3264 4531; x_wconf 87' lang='lat' dir='ltr'><strong><em>ejus</em></strong></span> <span class='ocrx_word' id='word_1_633' title='bbox 3292 4456 3465 4513; x_wconf 70' lang='lat' dir='ltr'><strong><em>aetatis</em></strong></span> <span class='ocrx_word' id='word_1_634' title='bbox 3491 4465 3787 4517; x_wconf 80' lang='lat' dir='ltr'><strong><em>summum,</em></strong></span> 
     </span>
    </p>
   </div>
   <div class='ocr_carea' id='block_1_90' title="bbox 521 4543 2091 4659">
    <p class='ocr_par' dir='ltr' id='par_1_90' title="bbox 521 4543 2091 4659">
     <span class='ocr_line' id='line_1_90' title="bbox 521 4543 2091 4659; baseline 0.006 -20"><span class='ocrx_word' id='word_1_635' title='bbox 521 4584 774 4653; x_wconf 86' lang='lat' dir='ltr'><strong><em>ckenaer,</em></strong></span> <span class='ocrx_word' id='word_1_636' title='bbox 825 4585 892 4640; x_wconf 71' lang='grc' dir='ltr'>ν.</span> <span class='ocrx_word' id='word_1_637' title='bbox 935 4586 999 4643; x_wconf 92' lang='lat' dir='ltr'><strong><em>C.</em></strong></span> <span class='ocrx_word' id='word_1_638' title='bbox 1040 4587 1218 4644; x_wconf 76' lang='lat' dir='ltr'><strong><em>ofﬁcia</em></strong></span> <span class='ocrx_word' id='word_1_639' title='bbox 1274 4589 1328 4643; x_wconf 91' lang='lat' dir='ltr'><strong><em>in</em></strong></span> <span class='ocrx_word' id='word_1_640' title='bbox 1375 4588 1582 4645; x_wconf 90' lang='lat' dir='ltr'><strong><em>litteras</em></strong></span> <span class='ocrx_word' id='word_1_641' title='bbox 1616 4543 1964 4659; x_wconf 69' lang='lat' dir='ltr'><strong><em>humanitate,</em></strong></span> <span class='ocrx_word' id='word_1_642' title='bbox 2007 4590 2091 4647; x_wconf 86' lang='lat' dir='ltr'><strong><em>ho-</em></strong></span> 
     </span>
    </p>
   </div>
   <div class='ocr_carea' id='block_1_91' title="bbox 2188 4543 3791 4659">
    <p class='ocr_par' dir='ltr' id='par_1_91' title="bbox 2208 4558 3791 4659">
     <span class='ocr_line' id='line_1_91' title="bbox 2208 4558 3791 4659; baseline -0.015 -29"><span class='ocrx_word' id='word_1_643' title='bbox 2208 4575 2469 4630; x_wconf 87' lang='lat' dir='ltr'><strong><em>inviseret</em></strong></span> <span class='ocrx_word' id='word_1_644' title='bbox 2501 4570 2597 4641; x_wconf 89' lang='lat' dir='ltr'><strong><em>(c).</em></strong></span> <span class='ocrx_word' id='word_1_645' title='bbox 2641 4570 2751 4624; x_wconf 84' lang='lat' dir='ltr'><strong><em>Hoc</em></strong></span> <span class='ocrx_word' id='word_1_646' title='bbox 2795 4563 3120 4631; x_wconf 83' lang='lat' dir='ltr'><strong><em>addendum,</em></strong></span> <span class='ocrx_word' id='word_1_647' title='bbox 3177 4569 3371 4632; x_wconf 60' lang='lat' dir='ltr'><strong><em>prater</em></strong></span> <span class='ocrx_word' id='word_1_648' title='bbox 3414 4558 3791 4659; x_wconf 65' lang='lat' dir='ltr'><strong><em>variantesex</em></strong></span> 
     </span>
    </p>
   </div>
   <div class='ocr_carea' id='block_1_92' title="bbox 520 4675 2105 4749">
    <p class='ocr_par' dir='ltr' id='par_1_92' title="bbox 520 4675 2105 4749">
     <span class='ocr_line' id='line_1_92' title="bbox 520 4675 2105 4749; baseline 0.005 -18"><span class='ocrx_word' id='word_1_649' title='bbox 520 4690 643 4731; x_wconf 89' lang='lat' dir='ltr'><strong><em>rum</em></strong></span> <span class='ocrx_word' id='word_1_650' title='bbox 688 4675 1140 4746; x_wconf 84' lang='lat' dir='ltr'><strong><em>inspiciendorum</em></strong></span> <span class='ocrx_word' id='word_1_651' title='bbox 1190 4681 1396 4749; x_wconf 88' lang='lat' dir='ltr'><strong><em>copiam</em></strong></span> <span class='ocrx_word' id='word_1_652' title='bbox 1448 4681 1615 4748; x_wconf 84' lang='lat' dir='ltr'><strong><em>fecit,</em></strong></span> <span class='ocrx_word' id='word_1_653' title='bbox 1682 4682 1766 4736; x_wconf 91' lang='lat' dir='ltr'><strong><em>cui</em></strong></span> <span class='ocrx_word' id='word_1_654' title='bbox 1814 4682 1949 4737; x_wconf 91' lang='lat' dir='ltr'><strong><em>adeo</em></strong></span> <span class='ocrx_word' id='word_1_655' title='bbox 2002 4683 2105 4739; x_wconf 88' lang='lat' dir='ltr'><strong><em>hoc</em></strong></span> 
     </span>
    </p>
   </div>
   <div class='ocr_carea' id='block_1_93' title="bbox 524 4767 2105 4843">
    <p class='ocr_par' dir='ltr' id='par_1_93' title="bbox 524 4767 2105 4843">
     <span class='ocr_line' id='line_1_93' title="bbox 524 4767 2105 4843; baseline 0.004 -22"><span class='ocrx_word' id='word_1_656' title='bbox 524 4767 741 4823; x_wconf 89' lang='lat' dir='ltr'><strong><em>nomine</em></strong></span> <span class='ocrx_word' id='word_1_657' title='bbox 768 4767 1056 4824; x_wconf 84' lang='lat' dir='ltr'><strong><em>obstrictus</em></strong></span> <span class='ocrx_word' id='word_1_658' title='bbox 1083 4770 1282 4839; x_wconf 87' lang='lat' dir='ltr'><strong><em>gratias</em></strong></span> <span class='ocrx_word' id='word_1_659' title='bbox 1310 4786 1441 4841; x_wconf 86' lang='lat' dir='ltr'><strong><em>quas</em></strong></span> <span class='ocrx_word' id='word_1_660' title='bbox 1474 4787 1693 4843; x_wconf 89' lang='lat' dir='ltr'><strong><em>possum</em></strong></span> <span class='ocrx_word' id='word_1_661' title='bbox 1726 4772 1989 4827; x_wconf 82' lang='lat' dir='ltr'><strong><em>maximas</em></strong></span> <span class='ocrx_word' id='word_1_662' title='bbox 2019 4788 2105 4828; x_wconf 89' lang='lat' dir='ltr'><strong><em>me</em></strong></span> 
     </span>
    </p>
   </div>
   <div class='ocr_carea' id='block_1_94' title="bbox 523 4857 2107 4930">
    <p class='ocr_par' dir='ltr' id='par_1_94' title="bbox 523 4857 2107 4930">
     <span class='ocr_line' id='line_1_94' title="bbox 523 4857 2107 4930; baseline 0.003 -17"><span class='ocrx_word' id='word_1_663' title='bbox 523 4857 719 4915; x_wconf 88' lang='lat' dir='ltr'><strong><em>debere</em></strong></span> <span class='ocrx_word' id='word_1_664' title='bbox 745 4860 1024 4930; x_wconf 81' lang='lat' dir='ltr'><strong><em>proﬁteor.</em></strong></span> <span class='ocrx_word' id='word_1_665' title='bbox 1054 4860 1162 4916; x_wconf 90' lang='lat' dir='ltr'><strong><em>Nec</em></strong></span> <span class='ocrx_word' id='word_1_666' title='bbox 1190 4861 1365 4919; x_wconf 85' lang='lat' dir='ltr'><strong><em>minus</em></strong></span> <span class='ocrx_word' id='word_1_667' title='bbox 1410 4863 1463 4919; x_wconf 89' lang='lat' dir='ltr'><strong><em>in</em></strong></span> <span class='ocrx_word' id='word_1_668' title='bbox 1489 4880 1616 4922; x_wconf 86' lang='lat' dir='ltr'><strong><em>aere</em></strong></span> <span class='ocrx_word' id='word_1_669' title='bbox 1657 4879 1757 4921; x_wconf 89' lang='lat' dir='ltr'><strong><em>suo</em></strong></span> <span class='ocrx_word' id='word_1_670' title='bbox 1786 4879 1870 4921; x_wconf 90' lang='lat' dir='ltr'><strong><em>me</em></strong></span> <span class='ocrx_word' id='word_1_671' title='bbox 1900 4865 2107 4920; x_wconf 85' lang='lat' dir='ltr'><strong><em>consti-</em></strong></span> 
     </span>
    </p>
   </div>
   <div class='ocr_carea' id='block_1_95' title="bbox 525 4953 2104 5027">
    <p class='ocr_par' dir='ltr' id='par_1_95' title="bbox 525 4953 2104 5027">
     <span class='ocr_line' id='line_1_95' title="bbox 525 4953 2104 5027; baseline 0.004 -20"><span class='ocrx_word' id='word_1_672' title='bbox 525 4953 625 5007; x_wconf 90' lang='lat' dir='ltr'><strong><em>tuit</em></strong></span> <span class='ocrx_word' id='word_1_673' title='bbox 657 4968 804 5009; x_wconf 90' lang='lat' dir='ltr'><strong><em>reum</em></strong></span> <span class='ocrx_word' id='word_1_674' title='bbox 834 4954 1148 5011; x_wconf 85' lang='lat' dir='ltr'><strong><em>Evervvinus</em></strong></span> <span class='ocrx_word' id='word_1_675' title='bbox 1174 4954 1642 5027; x_wconf 81' lang='lat' dir='ltr'><strong><em>Wassenbergius,</em></strong></span> <span class='ocrx_word' id='word_1_676' title='bbox 1688 4958 1780 5027; x_wconf 91' lang='lat' dir='ltr'><strong><em>qui</em></strong></span> <span class='ocrx_word' id='word_1_677' title='bbox 1806 4957 2104 5013; x_wconf 89' lang='lat' dir='ltr'><strong><em>studiorum</em></strong></span> 
     </span>
    </p>
   </div>
   <div class='ocr_carea' id='block_1_96' title="bbox 524 5044 2105 5121">
    <p class='ocr_par' dir='ltr' id='par_1_96' title="bbox 524 5044 2105 5121">
     <span class='ocr_line' id='line_1_96' title="bbox 524 5044 2105 5121; baseline 0.005 -23"><span class='ocrx_word' id='word_1_678' title='bbox 524 5057 683 5099; x_wconf 87' lang='lat' dir='ltr'><strong><em>causa</em></strong></span> <span class='ocrx_word' id='word_1_679' title='bbox 710 5044 952 5116; x_wconf 88' lang='lat' dir='ltr'><strong><em>Lugduni</em></strong></span> <span class='ocrx_word' id='word_1_680' title='bbox 993 5056 1254 5115; x_wconf 87' lang='lat' dir='ltr'><strong><em>moratus,</em></strong></span> <span class='ocrx_word' id='word_1_681' title='bbox 1286 5049 1339 5104; x_wconf 90' lang='lat' dir='ltr'><strong><em>in</em></strong></span> <span class='ocrx_word' id='word_1_682' title='bbox 1380 5050 1462 5104; x_wconf 89' lang='lat' dir='ltr'><strong><em>his</em></strong></span> <span class='ocrx_word' id='word_1_683' title='bbox 1503 5049 1844 5105; x_wconf 83' lang='lat' dir='ltr'><strong><em>conferendis</em></strong></span> <span class='ocrx_word' id='word_1_684' title='bbox 1885 5064 2105 5121; x_wconf 84' lang='lat' dir='ltr'><strong><em>cperam</em></strong></span> 
     </span>
    </p>
   </div>
   <div class='ocr_carea' id='block_1_97' title="bbox 522 5141 2108 5215">
    <p class='ocr_par' dir='ltr' id='par_1_97' title="bbox 522 5141 2108 5215">
     <span class='ocr_line' id='line_1_97' title="bbox 522 5141 2108 5215; baseline 0.006 -21"><span class='ocrx_word' id='word_1_685' title='bbox 522 5152 618 5194; x_wconf 86' lang='lat' dir='ltr'><strong><em>sua</em></strong></span> <span class='ocrx_word' id='word_1_686' title='bbox 643 5149 832 5211; x_wconf 88' lang='lat' dir='ltr'><strong><em>sponte</em></strong></span> <span class='ocrx_word' id='word_1_687' title='bbox 861 5141 1075 5212; x_wconf 89' lang='lat' dir='ltr'><strong><em>obtulit,</em></strong></span> <span class='ocrx_word' id='word_1_688' title='bbox 1115 5151 1169 5200; x_wconf 90' lang='lat' dir='ltr'><strong><em>ct</em></strong></span> <span class='ocrx_word' id='word_1_689' title='bbox 1196 5145 1595 5200; x_wconf 88' lang='lat' dir='ltr'><strong><em>accuratissime</em></strong></span> <span class='ocrx_word' id='word_1_690' title='bbox 1621 5144 1863 5215; x_wconf 80' lang='lat' dir='ltr'><strong><em>perfecit.</em></strong></span> <span class='ocrx_word' id='word_1_691' title='bbox 1895 5145 1982 5202; x_wconf 86' lang='lat' dir='ltr'><strong><em>Uti</em></strong></span> <span class='ocrx_word' id='word_1_692' title='bbox 2012 5162 2108 5203; x_wconf 91' lang='lat' dir='ltr'><strong><em>au-</em></strong></span> 
     </span>
    </p>
   </div>
   <div class='ocr_carea' id='block_1_98' title="bbox 523 5234 2105 5306">
    <p class='ocr_par' dir='ltr' id='par_1_98' title="bbox 523 5234 2105 5306">
     <span class='ocr_line' id='line_1_98' title="bbox 523 5234 2105 5306; baseline 0.005 -21"><span class='ocrx_word' id='word_1_693' title='bbox 523 5238 631 5287; x_wconf 90' lang='lat' dir='ltr'><strong><em>tem</em></strong></span> <span class='ocrx_word' id='word_1_694' title='bbox 678 5234 899 5303; x_wconf 87' lang='lat' dir='ltr'><strong><em>probata</em></strong></span> <span class='ocrx_word' id='word_1_695' title='bbox 944 5234 1147 5306; x_wconf 89' lang='lat' dir='ltr'><strong><em>pietate</em></strong></span> <span class='ocrx_word' id='word_1_696' title='bbox 1187 5235 1377 5291; x_wconf 88' lang='lat' dir='ltr'><strong><em>ductus</em></strong></span> <span class='ocrx_word' id='word_1_697' title='bbox 1430 5236 1535 5291; x_wconf 87' lang='lat' dir='ltr'><strong><em>hoc</em></strong></span> <span class='ocrx_word' id='word_1_698' title='bbox 1582 5235 1735 5301; x_wconf 90' lang='lat' dir='ltr'><strong><em>mihi,</em></strong></span> <span class='ocrx_word' id='word_1_699' title='bbox 1787 5239 2105 5306; x_wconf 71' lang='lat' dir='ltr'><strong><em>przeceptori</em></strong></span> 
     </span>
    </p>
   </div>
   <div class='ocr_carea' id='block_1_99' title="bbox 522 5324 2109 5399">
    <p class='ocr_par' dir='ltr' id='par_1_99' title="bbox 522 5324 2109 5399">
     <span class='ocr_line' id='line_1_99' title="bbox 522 5324 2109 5399; baseline 0.006 -22"><span class='ocrx_word' id='word_1_700' title='bbox 522 5324 791 5393; x_wconf 89' lang='lat' dir='ltr'><strong><em>quondam</em></strong></span> <span class='ocrx_word' id='word_1_701' title='bbox 816 5341 935 5396; x_wconf 91' lang='lat' dir='ltr'><strong><em>suo,</em></strong></span> <span class='ocrx_word' id='word_1_702' title='bbox 966 5328 1216 5399; x_wconf 74' lang='lat' dir='ltr'><strong><em>praestitit</em></strong></span> <span class='ocrx_word' id='word_1_703' title='bbox 1252 5328 1506 5397; x_wconf 83' lang='lat' dir='ltr'><strong><em>ofﬁcium,</em></strong></span> <span class='ocrx_word' id='word_1_704' title='bbox 1542 5328 1639 5393; x_wconf 86' lang='lat' dir='ltr'><strong><em>ita,</em></strong></span> <span class='ocrx_word' id='word_1_705' title='bbox 1662 5326 1839 5382; x_wconf 89' lang='lat' dir='ltr'><strong><em>oblata</em></strong></span> <span class='ocrx_word' id='word_1_706' title='bbox 1871 5344 1997 5384; x_wconf 79' lang='lat' dir='ltr'><strong><em>mox</em></strong></span> <span class='ocrx_word' id='word_1_707' title='bbox 2031 5331 2109 5386; x_wconf 89' lang='lat' dir='ltr'><strong><em>ei-</em></strong></span> 
     </span>
    </p>
   </div>
   <div class='ocr_carea' id='block_1_100' title="bbox 524 5414 2109 5490">
    <p class='ocr_par' dir='ltr' id='par_1_100' title="bbox 524 5414 2109 5490">
     <span class='ocr_line' id='line_1_100' title="bbox 524 5414 2109 5490; baseline 0.007 -20"><span class='ocrx_word' id='word_1_708' title='bbox 524 5414 649 5473; x_wconf 87' lang='lat' dir='ltr'><strong><em>dem</em></strong></span> <span class='ocrx_word' id='word_1_709' title='bbox 683 5417 975 5478; x_wconf 88' lang='lat' dir='ltr'><strong><em>honoriﬁca</em></strong></span> <span class='ocrx_word' id='word_1_710' title='bbox 1006 5419 1060 5474; x_wconf 91' lang='lat' dir='ltr'><strong><em>in</em></strong></span> <span class='ocrx_word' id='word_1_711' title='bbox 1101 5419 1470 5475; x_wconf 87' lang='lat' dir='ltr'><strong><em>Daventriensi</em></strong></span> <span class='ocrx_word' id='word_1_712' title='bbox 1504 5417 1785 5490; x_wconf 86' lang='lat' dir='ltr'><strong><em>gymnasio</em></strong></span> <span class='ocrx_word' id='word_1_713' title='bbox 1812 5420 2109 5489; x_wconf 89' lang='lat' dir='ltr'><strong><em>provincia.</em></strong></span> 
     </span>
    </p>
   </div>
   <div class='ocr_carea' id='block_1_101' title="bbox 542 5674 2100 5755">
    <p class='ocr_par' dir='ltr' id='par_1_101' title="bbox 542 5674 2100 5755">
     <span class='ocr_line' id='line_1_101' title="bbox 542 5674 2100 5755; baseline 0.011 -27"><span class='ocrx_word' id='word_1_714' title='bbox 542 5704 551 5716; x_wconf 65' lang='grc' dir='ltr'><strong>η</strong></span> <span class='ocrx_word' id='word_1_715' title='bbox 597 5674 675 5755; x_wconf 78' lang='lat' dir='ltr'><strong><em>(a)</em></strong></span> <span class='ocrx_word' id='word_1_716' title='bbox 701 5675 853 5755; x_wconf 77' lang='lat' dir='ltr'><strong><em>Vide_</em></strong></span> <span class='ocrx_word' id='word_1_717' title='bbox 876 5679 1021 5755; x_wconf 64' lang='lat' dir='ltr'><strong><em>Bibl.</em></strong></span> <span class='ocrx_word' id='word_1_718' title='bbox 1053 5680 1254 5748; x_wconf 83' lang='lat' dir='ltr'><strong><em>Latin.,</em></strong></span> <span class='ocrx_word' id='word_1_719' title='bbox 1298 5682 1551 5755; x_wconf 74' lang='lat' dir='ltr'><strong><em>_tom._l,</em></strong></span> <span class='ocrx_word' id='word_1_720' title='bbox 1574 5699 1630 5755; x_wconf 91' lang='lat' dir='ltr'><strong><em>p.</em></strong></span> <span class='ocrx_word' id='word_1_721' title='bbox 1669 5685 1794 5745; x_wconf 82' lang='lat'><strong>706.</strong></span> <span class='ocrx_word' id='word_1_722' title='bbox 1849 5686 2100 5745; x_wconf 89' lang='lat' dir='ltr'><strong><em>Biblioth.</em></strong></span> 
     </span>
    </p>
   </div>
   <div class='ocr_carea' id='block_1_102' title="bbox 524 5747 1685 5820">
    <p class='ocr_par' dir='ltr' id='par_1_102' title="bbox 524 5747 1685 5820">
     <span class='ocr_line' id='line_1_102' title="bbox 524 5747 1685 5820; baseline 0.003 -14"><span class='ocrx_word' id='word_1_723' title='bbox 524 5747 669 5806; x_wconf 88' lang='lat' dir='ltr'><strong><em>med.</em></strong></span> <span class='ocrx_word' id='word_1_724' title='bbox 697 5756 753 5820; x_wconf 71' lang='lat' dir='ltr'><strong><em>et</em></strong></span> <span class='ocrx_word' id='word_1_725' title='bbox 776 5748 865 5820; x_wconf 84' lang='lat' dir='ltr'><strong><em>inf.</em></strong></span> <span class='ocrx_word' id='word_1_726' title='bbox 907 5749 1105 5819; x_wconf 86' lang='lat' dir='ltr'><strong><em>Latin.,</em></strong></span> <span class='ocrx_word' id='word_1_727' title='bbox 1135 5747 1265 5806; x_wconf 85' lang='lat' dir='ltr'><strong><em>tom.</em></strong></span> <span class='ocrx_word' id='word_1_728' title='bbox 1297 5751 1339 5816; x_wconf 86' lang='grc'>1,</span> <span class='ocrx_word' id='word_1_729' title='bbox 1366 5767 1429 5820; x_wconf 89' lang='lat' dir='ltr'><strong><em>-p.</em></strong></span> <span class='ocrx_word' id='word_1_730' title='bbox 1455 5747 1589 5809; x_wconf 60' lang='grc'>516.</span> <span class='ocrx_word' id='word_1_731' title='bbox 1680 5784 1685 5791; x_wconf 63' lang='grc' dir='ltr'><strong><em>ι</em></strong></span> 
     </span>
    </p>
   </div>
   <div class='ocr_carea' id='block_1_103' title="bbox 596 5817 1746 5912">
    <p class='ocr_par' dir='ltr' id='par_1_103' title="bbox 596 5817 1746 5912">
     <span class='ocr_line' id='line_1_103' title="bbox 596 5817 1746 5912; baseline 0.017 -42"><span class='ocrx_word' id='word_1_732' title='bbox 596 5819 672 5891; x_wconf 69' lang='lat' dir='ltr'><strong><em>(ti)</em></strong></span> <span class='ocrx_word' id='word_1_733' title='bbox 704 5817 907 5890; x_wconf 75' lang='lat' dir='ltr'><strong><em>Sylloe.</em></strong></span> <span class='ocrx_word' id='word_1_734' title='bbox 933 5817 1225 5878; x_wconf 88' lang='lat' dir='ltr'><strong><em>Burmanni</em></strong></span> <span class='ocrx_word' id='word_1_735' title='bbox 1258 5817 1412 5907; x_wconf 75' lang='lat' dir='ltr'><strong><em>toni.</em></strong></span> <span class='ocrx_word' id='word_1_736' title='bbox 1535 5841 1590 5885; x_wconf 80' lang='grc' dir='ltr'>υ.</span> <span class='ocrx_word' id='word_1_737' title='bbox 1618 5826 1746 5893; x_wconf 74' lang='grc' dir='ltr'><strong><em>255,Δ</em></strong></span> 
     </span>
    </p>
   </div>
   <div class='ocr_carea' id='block_1_104' title="bbox 2206 4648 3794 4726">
    <p class='ocr_par' dir='ltr' id='par_1_104' title="bbox 2206 4648 3794 4726">
     <span class='ocr_line' id='line_1_104' title="bbox 2206 4648 3794 4726; baseline -0.013 -2"><span class='ocrx_word' id='word_1_738' title='bbox 2206 4667 2462 4724; x_wconf 86' lang='lat' dir='ltr'><strong><em>Cantabr.</em></strong></span> <span class='ocrx_word' id='word_1_739' title='bbox 2513 4672 2567 4720; x_wconf 88' lang='lat' dir='ltr'><strong><em>et</em></strong></span> <span class='ocrx_word' id='word_1_740' title='bbox 2616 4662 2893 4726; x_wconf 86' lang='lat' dir='ltr'><strong><em>Univers.,</em></strong></span> <span class='ocrx_word' id='word_1_741' title='bbox 2927 4660 3168 4715; x_wconf 87' lang='lat' dir='ltr'><strong><em>Cortium</em></strong></span> <span class='ocrx_word' id='word_1_742' title='bbox 3210 4668 3423 4725; x_wconf 83' lang='lat' dir='ltr'><strong><em>quoque</em></strong></span> <span class='ocrx_word' id='word_1_743' title='bbox 3479 4648 3794 4719; x_wconf 83' lang='lat' dir='ltr'><strong><em>ascripsisse</em></strong></span> 
     </span>
    </p>
   </div>
   <div class='ocr_carea' id='block_1_105' title="bbox 2211 4739 3796 4828">
    <p class='ocr_par' dir='ltr' id='par_1_105' title="bbox 2211 4739 3796 4828">
     <span class='ocr_line' id='line_1_105' title="bbox 2211 4739 3796 4828; baseline -0.013 -15"><span class='ocrx_word' id='word_1_744' title='bbox 2211 4758 2479 4828; x_wconf 79' lang='lat' dir='ltr'><strong><em>quaedam,</em></strong></span> <span class='ocrx_word' id='word_1_745' title='bbox 2517 4751 2699 4805; x_wconf 90' lang='lat' dir='ltr'><strong><em>addita</em></strong></span> <span class='ocrx_word' id='word_1_746' title='bbox 2729 4750 2905 4804; x_wconf 89' lang='lat' dir='ltr'><strong><em>littera</em></strong></span> <span class='ocrx_word' id='word_1_747' title='bbox 2937 4747 3006 4801; x_wconf 90' lang='lat' dir='ltr'><strong><em>P.</em></strong></span> <span class='ocrx_word' id='word_1_748' title='bbox 3039 4746 3292 4813; x_wconf 87' lang='lat' dir='ltr'><strong><em>Suspicor</em></strong></span> <span class='ocrx_word' id='word_1_749' title='bbox 3317 4745 3435 4799; x_wconf 86' lang='lat' dir='ltr'><strong><em>haec</em></strong></span> <span class='ocrx_word' id='word_1_750' title='bbox 3478 4758 3545 4799; x_wconf 79' lang='lat' dir='ltr'><strong><em>ex</em></strong></span> <span class='ocrx_word' id='word_1_751' title='bbox 3578 4739 3796 4795; x_wconf 69' lang='lat' dir='ltr'><strong><em>schedia</em></strong></span> 
     </span>
    </p>
   </div>
   <div class='ocr_carea' id='block_1_106' title="bbox 2211 4829 3795 4909">
    <p class='ocr_par' dir='ltr' id='par_1_106' title="bbox 2211 4829 3795 4909">
     <span class='ocr_line' id='line_1_106' title="bbox 2211 4829 3795 4909; baseline -0.011 -7"><span class='ocrx_word' id='word_1_752' title='bbox 2211 4843 2493 4905; x_wconf 84' lang='lat' dir='ltr'><strong><em>Pulmanni</em></strong></span> <span class='ocrx_word' id='word_1_753' title='bbox 2518 4856 2640 4898; x_wconf 87' lang='lat' dir='ltr'><strong><em>esse</em></strong></span> <span class='ocrx_word' id='word_1_754' title='bbox 2661 4840 3002 4909; x_wconf 89' lang='lat' dir='ltr'><strong><em>deprompta,</em></strong></span> <span class='ocrx_word' id='word_1_755' title='bbox 3032 4837 3121 4906; x_wconf 91' lang='lat' dir='ltr'><strong><em>qui</em></strong></span> <span class='ocrx_word' id='word_1_756' title='bbox 3152 4834 3365 4905; x_wconf 88' lang='lat' dir='ltr'><strong><em>quidem</em></strong></span> <span class='ocrx_word' id='word_1_757' title='bbox 3400 4848 3467 4890; x_wconf 80' lang='lat' dir='ltr'><strong><em>ex</em></strong></span> <span class='ocrx_word' id='word_1_758' title='bbox 3492 4830 3648 4888; x_wconf 84' lang='lat' dir='ltr'><strong><em>codd.</em></strong></span> <span class='ocrx_word' id='word_1_759' title='bbox 3677 4829 3795 4884; x_wconf 58' lang='lat' dir='ltr'><strong><em>hac</em></strong></span> 
     </span>
    </p>
   </div>
   <div class='ocr_carea' id='block_1_107' title="bbox 2212 4906 3872 5002">
    <p class='ocr_par' dir='ltr' id='par_1_107' title="bbox 2212 4906 3872 5002">
     <span class='ocr_line' id='line_1_107' title="bbox 2212 4906 3872 5002; baseline -0.013 -8"><span class='ocrx_word' id='word_1_760' title='bbox 2212 4939 2422 4994; x_wconf 90' lang='lat' dir='ltr'><strong><em>videtur</em></strong></span> <span class='ocrx_word' id='word_1_761' title='bbox 2453 4906 2827 5002; x_wconf 73' lang='lat' dir='ltr'><strong><em>descripsisse,</em></strong></span> <span class='ocrx_word' id='word_1_762' title='bbox 2854 4906 2977 4985; x_wconf 81' lang='lat' dir='ltr'><strong><em>cum</em></strong></span> <span class='ocrx_word' id='word_1_763' title='bbox 3003 4914 3290 4999; x_wconf 86' lang='lat' dir='ltr'><strong><em>aliquando</em></strong></span> <span class='ocrx_word' id='word_1_764' title='bbox 3314 4935 3497 4998; x_wconf 84' lang='lat' dir='ltr'><strong><em>aperte</em></strong></span> <span class='ocrx_word' id='word_1_765' title='bbox 3522 4924 3628 4978; x_wconf 83' lang='lat' dir='ltr'><strong><em>sint</em></strong></span> <span class='ocrx_word' id='word_1_766' title='bbox 3647 4935 3791 4990; x_wconf 49' lang='lat' dir='ltr'><strong><em>,con-</em></strong></span> 
     </span>
    </p>
   </div>
   <div class='ocr_carea' id='block_1_108' title="bbox 2213 5012 3798 5091">
    <p class='ocr_par' dir='ltr' id='par_1_108' title="bbox 2213 5012 3798 5091">
     <span class='ocr_line' id='line_1_108' title="bbox 2213 5012 3798 5091; baseline -0.012 -6"><span class='ocrx_word' id='word_1_767' title='bbox 2213 5037 2297 5085; x_wconf 90' lang='lat' dir='ltr'><strong><em>tra</em></strong></span> <span class='ocrx_word' id='word_1_768' title='bbox 2320 5036 2571 5089; x_wconf 89' lang='lat' dir='ltr'><strong><em>metrum,</em></strong></span> <span class='ocrx_word' id='word_1_769' title='bbox 2602 5023 2788 5091; x_wconf 88' lang='lat' dir='ltr'><strong><em>veluti,</em></strong></span> <span class='ocrx_word' id='word_1_770' title='bbox 2821 5030 2879 5078; x_wconf 88' lang='lat' dir='ltr'><strong><em>ut</em></strong></span> <span class='ocrx_word' id='word_1_771' title='bbox 2903 5020 3062 5077; x_wconf 86' lang='lat' dir='ltr'><strong><em>unico</em></strong></span> <span class='ocrx_word' id='word_1_772' title='bbox 3094 5029 3298 5076; x_wconf 87' lang='lat' dir='ltr'><strong><em>tantum</em></strong></span> <span class='ocrx_word' id='word_1_773' title='bbox 3322 5017 3575 5086; x_wconf 83' lang='lat' dir='ltr'><strong><em>exemplo</em></strong></span> <span class='ocrx_word' id='word_1_774' title='bbox 3603 5012 3798 5069; x_wconf 81' lang='lat' dir='ltr'><strong><em>defun-</em></strong></span> 
     </span>
    </p>
   </div>
   <div class='ocr_carea' id='block_1_109' title="bbox 2213 5102 3865 5193">
    <p class='ocr_par' dir='ltr' id='par_1_109' title="bbox 2213 5102 3865 5193">
     <span class='ocr_line' id='line_1_109' title="bbox 2213 5102 3865 5193; baseline -0.011 -19"><span class='ocrx_word' id='word_1_775' title='bbox 2213 5134 2329 5191; x_wconf 88' lang='lat' dir='ltr'><strong><em>gar,</em></strong></span> <span class='ocrx_word' id='word_1_776' title='bbox 2353 5125 2509 5174; x_wconf 88' lang='lat' dir='ltr'><strong><em>vetus</em></strong></span> <span class='ocrx_word' id='word_1_777' title='bbox 2533 5116 2623 5171; x_wconf 91' lang='lat' dir='ltr'><strong><em>lib.</em></strong></span> <span class='ocrx_word' id='word_1_778' title='bbox 2655 5131 2697 5188; x_wconf 83' lang='lat' dir='ltr'><strong><em>i,</em></strong></span> <span class='ocrx_word' id='word_1_779' title='bbox 2718 5130 2800 5171; x_wconf 89' lang='lat' dir='ltr'><strong><em>vs.</em></strong></span> <span class='ocrx_word' id='word_1_780' title='bbox 2835 5114 2962 5183; x_wconf 72' lang='grc'>149,</span> <span class='ocrx_word' id='word_1_781' title='bbox 2998 5122 3053 5171; x_wconf 91' lang='lat' dir='ltr'><strong><em>et</em></strong></span> <span class='ocrx_word' id='word_1_782' title='bbox 3074 5122 3223 5169; x_wconf 86' lang='lat' dir='ltr'><strong><em>certe</em></strong></span> <span class='ocrx_word' id='word_1_783' title='bbox 3257 5107 3539 5167; x_wconf 86' lang='lat' dir='ltr'><strong><em>Pulmanni</em></strong></span> <span class='ocrx_word' id='word_1_784' title='bbox 3575 5118 3794 5162; x_wconf 88' lang='lat' dir='ltr'><strong><em>manum</em></strong></span> 
     </span>
    </p>
   </div>
   <div class='ocr_carea' id='block_1_110' title="bbox 2213 5196 3828 5309">
    <p class='ocr_par' dir='ltr' id='par_1_110' title="bbox 2213 5196 3828 5309">
     <span class='ocr_line' id='line_1_110' title="bbox 2213 5196 3828 5309; baseline -0.012 -41"><span class='ocrx_word' id='word_1_785' title='bbox 2213 5227 2335 5270; x_wconf 87' lang='lat' dir='ltr'><strong><em>sese</em></strong></span> <span class='ocrx_word' id='word_1_786' title='bbox 2360 5214 2416 5269; x_wconf 89' lang='lat' dir='ltr'><strong><em>in</em></strong></span> <span class='ocrx_word' id='word_1_787' title='bbox 2453 5211 2679 5266; x_wconf 85' lang='lat' dir='ltr'><strong><em>Aratore</em></strong></span> <span class='ocrx_word' id='word_1_788' title='bbox 2702 5208 2902 5265; x_wconf 86' lang='lat' dir='ltr'><strong><em>habere</em></strong></span> <span class='ocrx_word' id='word_1_789' title='bbox 2933 5215 3161 5263; x_wconf 88' lang='lat' dir='ltr'><strong><em>testatur</em></strong></span> <span class='ocrx_word' id='word_1_790' title='bbox 3189 5206 3242 5260; x_wconf 91' lang='lat' dir='ltr'><strong><em>in</em></strong></span> <span class='ocrx_word' id='word_1_791' title='bbox 3272 5202 3498 5274; x_wconf 83' lang='lat' dir='ltr'><strong><em>epistola</em></strong></span> <span class='ocrx_word' id='word_1_792' title='bbox 3539 5198 3607 5254; x_wconf 90' lang='lat' dir='ltr'><strong><em>ad</em></strong></span> <span class='ocrx_word' id='word_1_793' title='bbox 3631 5196 3828 5309; x_wconf 67' lang='grc' dir='ltr'><strong><em>Ηθῖιι-³</em></strong></span> 
     </span>
    </p>
   </div>
   <div class='ocr_carea' id='block_1_111' title="bbox 2216 5297 3798 5374">
    <p class='ocr_par' dir='ltr' id='par_1_111' title="bbox 2216 5297 3798 5374">
     <span class='ocr_line' id='line_1_111' title="bbox 2216 5297 3798 5374; baseline -0.014 -11"><span class='ocrx_word' id='word_1_794' title='bbox 2216 5306 2354 5364; x_wconf 88' lang='lat' dir='ltr'><strong><em>sium</em></strong></span> <span class='ocrx_word' id='word_1_795' title='bbox 2382 5303 2583 5360; x_wconf 88' lang='lat' dir='ltr'><strong><em>Christ.</em></strong></span> <span class='ocrx_word' id='word_1_796' title='bbox 2618 5303 2869 5359; x_wconf 89' lang='lat' dir='ltr'><strong><em>Daumius</em></strong></span> <span class='ocrx_word' id='word_1_797' title='bbox 2895 5298 3001 5374; x_wconf 86' lang='grc' dir='ltr'><strong><em>(ά),</em></strong></span> <span class='ocrx_word' id='word_1_798' title='bbox 3029 5297 3384 5367; x_wconf 89' lang='lat' dir='ltr'><strong><em>eumdemque</em></strong></span> <span class='ocrx_word' id='word_1_799' title='bbox 3426 5306 3556 5349; x_wconf 87' lang='lat' dir='ltr'><strong><em>mss.</em></strong></span> <span class='ocrx_word' id='word_1_800' title='bbox 3600 5301 3798 5345; x_wconf 87' lang='lat' dir='ltr'><strong><em>consu—</em></strong></span> 
     </span>
    </p>
   </div>
   <div class='ocr_carea' id='block_1_112' title="bbox 2218 5387 3798 5469">
    <p class='ocr_par' dir='ltr' id='par_1_112' title="bbox 2218 5387 3798 5469">
     <span class='ocr_line' id='line_1_112' title="bbox 2218 5387 3798 5469; baseline -0.012 -13"><span class='ocrx_word' id='word_1_801' title='bbox 2218 5400 2386 5456; x_wconf 89' lang='lat' dir='ltr'><strong><em>luisse</em></strong></span> <span class='ocrx_word' id='word_1_802' title='bbox 2410 5398 2536 5467; x_wconf 90' lang='lat' dir='ltr'><strong><em>tria,</em></strong></span> <span class='ocrx_word' id='word_1_803' title='bbox 2566 5398 2874 5469; x_wconf 83' lang='lat' dir='ltr'><strong><em>_Brugense,</em></strong></span> <span class='ocrx_word' id='word_1_804' title='bbox 2905 5403 2959 5451; x_wconf 91' lang='lat' dir='ltr'><strong><em>et</em></strong></span> <span class='ocrx_word' id='word_1_805' title='bbox 2997 5394 3119 5449; x_wconf 90' lang='lat' dir='ltr'><strong><em>bina</em></strong></span> <span class='ocrx_word' id='word_1_806' title='bbox 3149 5387 3469 5448; x_wconf 82' lang='lat' dir='ltr'><strong><em>Leodiensia</em></strong></span> <span class='ocrx_word' id='word_1_807' title='bbox 3498 5393 3685 5441; x_wconf 81' lang='lat' dir='ltr'><strong><em>auctor</em></strong></span> <span class='ocrx_word' id='word_1_808' title='bbox 3713 5389 3798 5438; x_wconf 84' lang='lat' dir='ltr'><strong><em>est</em></strong></span> 
     </span>
    </p>
   </div>
   <div class='ocr_carea' id='block_1_113' title="bbox 2282 5677 3789 5757">
    <p class='ocr_par' dir='ltr' id='par_1_113' title="bbox 2282 5677 3789 5757">
     <span class='ocr_line' id='line_1_113' title="bbox 2282 5677 3789 5757; baseline -0.004 -16"><span class='ocrx_word' id='word_1_809' title='bbox 2282 5689 2355 5757; x_wconf 84' lang='grc' dir='ltr'><strong><em>(ε)</em></strong></span> <span class='ocrx_word' id='word_1_810' title='bbox 2388 5689 2517 5743; x_wconf 86' lang='lat' dir='ltr'><strong><em>Vide</em></strong></span> <span class='ocrx_word' id='word_1_811' title='bbox 2552 5687 2913 5742; x_wconf 87' lang='lat' dir='ltr'><strong><em>Burmannum</em></strong></span> <span class='ocrx_word' id='word_1_812' title='bbox 2929 5678 3656 5750; x_wconf 85' lang='lat' dir='ltr'><strong><em>Secundum,Comment.de</em></strong></span> <span class='ocrx_word' id='word_1_813' title='bbox 3679 5677 3789 5735; x_wconf 84' lang='lat' dir='ltr'><strong><em>Vit.</em></strong></span> 
     </span>
    </p>
   </div>
   <div class='ocr_carea' id='block_1_114' title="bbox 2210 5759 2813 5826">
    <p class='ocr_par' dir='ltr' id='par_1_114' title="bbox 2210 5759 2813 5826">
     <span class='ocr_line' id='line_1_114' title="bbox 2210 5759 2813 5826; baseline -0.003 -12"><span class='ocrx_word' id='word_1_814' title='bbox 2210 5759 2383 5815; x_wconf 85' lang='lat' dir='ltr'><strong><em>Nicol.</em></strong></span> <span class='ocrx_word' id='word_1_815' title='bbox 2420 5760 2647 5817; x_wconf 84' lang='lat' dir='ltr'><strong><em>Heinsii.</em></strong></span> <span class='ocrx_word' id='word_1_816' title='bbox 2674 5773 2725 5826; x_wconf 92' lang='lat' dir='ltr'><strong><em>p.</em></strong></span> <span class='ocrx_word' id='word_1_817' title='bbox 2760 5759 2813 5812; x_wconf 83' lang='lat'><strong><em>5.</em></strong></span> 
     </span>
    </p>
   </div>
   <div class='ocr_carea' id='block_1_115' title="bbox 2281 5824 3406 5903">
    <p class='ocr_par' dir='ltr' id='par_1_115' title="bbox 2281 5824 3406 5903">
     <span class='ocr_line' id='line_1_115' title="bbox 2281 5824 3406 5903; baseline -0.002 -20"><span class='ocrx_word' id='word_1_818' title='bbox 2281 5830 2359 5903; x_wconf 88' lang='lat' dir='ltr'><strong><em>(d)</em></strong></span> <span class='ocrx_word' id='word_1_819' title='bbox 2387 5829 2588 5900; x_wconf 84' lang='lat' dir='ltr'><strong><em>Syllog.</em></strong></span> <span class='ocrx_word' id='word_1_820' title='bbox 2625 5824 2783 5889; x_wconf 78' lang='lat' dir='ltr'><strong><em>Burin</em></strong></span> <span class='ocrx_word' id='word_1_821' title='bbox 2799 5844 2913 5903; x_wconf 65' lang='lat' dir='ltr'><strong><em>an,</em></strong></span> <span class='ocrx_word' id='word_1_822' title='bbox 2945 5837 3073 5884; x_wconf 87' lang='lat' dir='ltr'><strong><em>tom.</em></strong></span> <span class='ocrx_word' id='word_1_823' title='bbox 3106 5827 3170 5894; x_wconf 72' lang='grc' dir='ltr'><strong><em>ν,</em></strong></span> <span class='ocrx_word' id='word_1_824' title='bbox 3201 5842 3253 5897; x_wconf 89' lang='lat' dir='ltr'><strong><em>p.</em></strong></span> <span class='ocrx_word' id='word_1_825' title='bbox 3284 5824 3406 5882; x_wconf 62' lang='lat'><strong><em>“254.</em></strong></span> 
     </span>
    </p>
   </div>
   <div class='ocr_carea' id='block_1_116' title="bbox 4039 2016 4046 2569">
    <p class='ocr_par' dir='ltr' id='par_1_116' title="bbox 4043 2126 4046 2569">
     <span class='ocr_line' id='line_1_116' title="bbox 4044 2126 4046 2219; baseline 0 0"><span class='ocrx_word' id='word_1_826' title='bbox 4044 2126 4046 2219; x_wconf 74' lang='lat' dir='ltr'><strong><em>l</em></strong></span> 
     </span>
     <span class='ocr_line' id='line_1_117' title="bbox 4043 2500 4046 2569; baseline 0 0"><span class='ocrx_word' id='word_1_827' title='bbox 4043 2500 4046 2569; x_wconf 61' lang='grc' dir='ltr'><strong><em>ι</em></strong></span> 
     </span>
    </p>
   </div>
  </div>
