4038 6350
306 283 363 339 81

514 487 729 543 Cantica
748 529 763 555 ,
795 486 1102 554 Hieremiae,
1127 485 1229 542 Job
1259 497 1472 555 quoque
1500 482 1641 538 dicta
1670 482 1870 538 ferunt.

440 582 551 657 29
578 580 692 639 Hoc
721 580 848 651 tibi,
876 593 1069 652 magne
1107 577 1289 649 Pater,
1316 590 1439 634 cum
1468 575 1656 633 defero
1684 588 1875 631 munus

1559 664 1801 741 [amoris,

1199 268 1543 330 ARATORIS
1581 270 1670 327 DE
1710 269 1864 328 ACT.
1906 265 2410 330 APOSTOLORUM
2447 266 2581 329 LIB.
2617 266 2663 323 I.

302 398 370 455 25
444 395 554 469 28
583 391 919 449 Hexametris
942 396 1189 447 constare
1208 388 1352 446 sonis
1384 390 1440 445 in
1460 387 1876 459 originelingute
1902 390 1958 454 Α
2021 462 2023 465 η

3493 272 3562 329 82

2048 464 2057 471 ο
2166 380 2438 457 Respice,
2464 384 2607 456 quod
2633 383 2839 442 meritis
2865 383 3044 443 debita
3067 385 3219 445 solvo
3241 389 3364 446 tuis.

2121 480 2229 552 3o
2255 478 2333 536 Te
2378 478 2514 536 duce
2557 479 2666 536 tiro
2698 480 2871 551 legor,
2914 488 2968 537 te
2995 480 3244 552 dogmata
3274 482 3423 539 disco
3450 496 3566 542 ma-

2197 663 2411 737 Siquid
2440 665 2508 723 ab
2528 680 2625 725 ore
2650 666 2864 739 placet,
2892 667 3011 725 laus
3038 576 3492 728 monitoriglztrii.’

1998 470 2045 483 υ.

1807 761 2037 821 NOTIE.

295 864 443 936 giaco
490 866 794 933 personant,
832 872 969 915 nunc
995 855 1258 983 Sapphica
1295 854 1486 922 nitent,
1530 855 1755 910 trimetro
1792 856 1870 909 vel

297 944 590 983 tetrametro
618 932 744 983 pede
765 932 1075 983 incedentes.
1127 946 1156 983 n
1182 928 1313 983 edit.
1343 926 1628 981 Parisiensi
1655 930 1870 983 antiaua

297 926 590 988 ietrametro
618 932 744 1004 pede
765 926 1082 986 incedentes.
1101 926 1156 983 In
1182 928 1313 983 edit.
1343 926 1628 1004 Parisiensi
1655 930 1873 1004 antiqua

295 1005 407 1060 illic
457 1014 570 1068 est,
618 997 903 1057 Psalmi—
929 1008 1158 1055 constant
1198 1014 1305 1053 esse
1348 998 1630 1065 compositi.
1673 997 1874 1068 Adugm-

298 1076 449 1149 brata
479 1066 654 1149 autem
688 1074 803 1129 haec
844 1082 972 1149 sunt
986 1087 1070 1149 ex
1090 1070 1399 1141 Hieronymi
1446 1068 1563 1149 loco
1601 1066 1740 1149 apud
1773 1066 1873 1149 Fa-

297 1145 545 1200 bricium.
576 1146 745 1213 Ipsam
787 1160 906 1199 cum
942 1144 1172 1197 Pindaro
1214 1140 1670 1213 comparationem
1717 1140 1872 1213 insti-

297 1217 397 1271 tuit
450 1219 520 1271 cl.
564 1210 967 1270 ll'uckerslelder
1007 1214 1212 1336 Syllogi
1253 1220 1572 1294 comment.,
1603 1210 1783 1292 fascic.
1814 1222 1870 1274 t,

297 1302 414 1336 can.
444 1288 469 1336 1
497 1300 686 1336 senm:
716 1302 744 1336 a
768 1302 873 1336 uno
902 1284 1149 1336 dissentit
1217 1283 1405 1336 lotzms
1436 1298 1487 1336 tn
1516 1284 1664 1335 Actis
1700 1284 1869 1335 litter.

295 1302 414 1355 cap.
444 1288 470 1341 1
497 1300 648 1355 seqq.
672 1303 686 1349 ;
716 1302 744 1339 a
768 1302 873 1355 quo
902 1282 1149 1338 dissentit
1168 1282 1405 1355 Klotzius
1436 1282 1487 1336 in
1516 1282 1670 1355 Actis
1688 1282 1869 1355 litter.

296 1352 399 1412 vol.
428 1357 466 1419 l,
491 1352 627 1426 part.
652 1372 710 1418 tt,
733 1352 797 1426 βξ
816 1355 939 1418 119,
966 1364 1022 1411 et
1049 1355 1153 1409 vol.
1178 1354 1248 1418 ll,
1275 1362 1410 1426 part.
1440 1369 1501 1414 ti,
1526 1368 1580 1426 p.
1608 1352 1731 1426 l_5l.

365 1427 455 1498 25.
493 1419 666 1498 Sonis]
708 1419 781 1481 lia
813 1419 1323 1498 rescripsiexcod.
1357 1419 1584 1498 Marcii,
1616 1419 1872 1476 Cantabr.

295 1506 352 1551 et
378 1492 666 1559 Univers,
679 1498 804 1550 edd.
832 1492 1038 1558 Aldinl,
1064 1494 1221 1549 Basil.
1247 1494 1439 1549 Caeteri
1465 1492 1751 1548 ediderunt
1769 1506 1880 1543 mo-

298 1568 399 1629 dis,
441 1568 533 1622 sed
568 1569 710 1622 vocis
749 1568 891 1621 illius
932 1566 1252 1636 signiﬁcatio
1294 1566 1347 1636 in
1391 1563 1727 1636 Hexametris
1767 1561 1879 1629 jam

297 1638 476 1693 inesse
508 1638 743 1692 videtur.
773 1632 1020 1701 Cortius',
1066 1638 1118 1689 in
1167 1635 1407 1703 margine
1449 1632 1698 1686 editionis
1745 1645 1878 1699 suae,

294 1711 441 1762 sonis
481 1708 731 1774 exiiosuit
764 1723 858 1775 per
906 1721 1113 1771 versus,
1145 1705 1330 1773 pedes.
1379 1704 1533 1757 Prius
1578 1704 1880 1757 maluerim.

298 1778 474 1834 Sanus
511 1795 607 1848 pro
648 1788 804 1832 cantu
825 1820 841 1844 ,
870 1793 1050 1830 sonare
1095 1791 1194 1848 pro
1224 1790 1442 1848 canere,
1472 1783 1761 1848 utrumque
1791 1787 1887 1848 ne-

293 1842 753 1974 glegtiiam‘thebiro,
779 1842 1068 1904 vindicavit
1089 1842 1437 1901 Menckenius
1458 1844 1681 1899 Observ.
1708 1843 1771 1898 L.
1796 1842 1886 1910 L.,

293 1934 351 1974 ι).
506 1936 535 1974 e
694 1959 707 1972 .

337 1958 351 1972 .
382 1920 486 1975 919
506 1930 561 1974 et
584 1921 707 1974 921.

293 1934 733 2061 po
771 1989 1004 2043 Isidorus
1050 1989 1197 2061 Orig.
1229 2003 1312 2053 vr,
1343 1986 1396 2051 2,
1426 1984 1517 2039 ubi
1542 1984 1626 2061 _de
1662 1983 1890 2061 Cantico

296 2060 449 2126 agit:
482 2059 685 2112 Harum
714 2056 885 2113 autem
922 2060 1072 2113 trium
1113 2060 1357 2113 librarum
1394 2056 1621 2110 carmina
1653 2056 1891 2110 hexame-

296 2130 395 2199 tris
425 2136 472 2180 et
500 2132 825 2199 pentametris
868 2131 1087 2183 versibus
1116 2129 1258 2196 apud
1298 2143 1415 2181 suos
1462 2126 1747 2199 composita
1771 2142 1889 2195 per-

294 2195 557 2263 hibentur,
586 2209 638 2251 ut
679 2198 931 2269 Iosephus
966 2209 1012 2252 et
1044 2199 1391 2269 Hieronymus
1433 2196 1678 2249 scribunt.
1708 2195 1886 2269 Caete-

296 2282 419 2322 rum
455 2278 619 2321 totam
651 2266 809 2323 hanc'
837 2269 906 2323 de
936 2269 1124 2323 metris
1165 2266 1514 2322 Hebraeorum
1569 2266 1846 2321 materiam
1868 2308 1885 2333 ,

298 2338 433 2392 satis
484 2338 833 2405 impeditam,
883 2340 1134 2407 exposuit
1188 2337 1457 2394 Robertus
1503 2336 1782 2392 Lowthius
1832 2337 1887 2392 in

297 2407 740 2465 Praalcctionibns
766 2410 1120 2465 Academicis.

312 2496 315 2503 ·
355 2478 795 2552 _26.__Hieremite]
836 2480 906 2552 Ita
947 2480 1163 2552 reposui
1200 2493 1268 2552 ex
1310 2475 1700 2552 cod._Moreti,
1747 2476 1891 2552 Gan-

296 2548 439 2603 tabr.
470 2548 716 2606 Univers.
747 2547 801 2605 ei
826 2551 955 2606 edit.
980 2551 1184 2617 Aldin.,
1214 2550 1406 2608 Basil..
1435 2547 1677 2602 Tornaes.
1704 2563 1742 2602 ι.
1774 2547 1892 2603 Cte-

299 2620 402 2689 teri
440 2619 783 2687 Hieremiam,
812 2632 904 2675 aut
930 2620 1240 2684 Jeremiam,
1271 2619 1413 2689 quod
1442 2626 1526 2673 est
1549 2619 1603 2673 in
1634 2618 1886 2673 BibliOIh.

300 2688 520 2744 Patrum
565 2692 809 2761 Lugdun.
840 2692 956 2747 Jam
988 2693 1115 2747 olim
1146 2693 1198 2746 in
1247 2688 1496 2761 Miscell.,
1528 2704 1582 2759 p.
1614 2689 1890 2761 50,,codi-

300 2774 421 2816 cum
458 2759 739 2816 lectionem
785 2763 1027 2831 praetuli,
1056 2762 1151 2817 sed
1197 2773 1306 2816 tum
1356 2760 1632 2814 Hieremiae
1658 2760 1722 2814 ad
1755 2759 1893 2814 Can-

301 2832 400 2884 tica
433 2835 636 2886 relerre
660 2834 875 2901 placuit.
904 2833 1053 2887 Nunc
1082 2833 1239 2887 aliter
1265 2834 1461 2896 sentio,
1496 2841 1796 2900 postquam,
1826 2846 1889 2886 re

300 2904 610 2957 accuratius
626 2905 987 2967 considerata,
1004 2905 1284 2959 Aratorem
1305 2904 1372 2957 de
1390 2903 1560 2956 tribus
1578 2902 1889 2972 librisloqui

300 2977 695 3041 perSpexerim,
729 2975 793 3028 de
838 2973 1083 3035 Canticis,
1113 2984 1171 3029 ut
1209 2977 1370 3029 etiam
1401 2973 1636 3041 appellat
1670 2970 1884 3039 infra‘t,

301 3044 401 3125 997
417 3048 537 3125 inde
565 3046 715 3125 dictis
746 3044 1022 3125 Hieremias
1052 3055 1103 3099 et
1132 3045 1279 3125 Jobi.
1306 3045 1406 3125 Per
1441 3045 1579 3097 dicta
1605 3042 1891 3124 .Hieremite
1919 3061 1965 3125 ρ

302 3112 555 3182 intelligit
586 3115 1043 3181 Lamentationes,
1076 3125 1134 3169 ut
1174 3124 1318 3170 recte
1358 3115 1411 3167 in
1452 3114 1689 3183 margine
1719 3128 1887 3182 expo-

301 3185 704 3256 suithortius;
746 3202 920 3256 neque
971 3197 1148 3240 tamen
1196 3187 1318 3239 ideo
1365 3183 1655 3256 dictagJobi
1706 3183 1890 3256 itidem

302 3267 396 3323 per
430 3253 850 3311 lamentationes
883 3256 1259 3326 exposuerim;
1303 3256 1391 3308 uni
1441 3253 1894 3326 enim_voca_bulo

305 3322 452 3393 Saepe
498 3326 693 3396 duplex
744 3328 886 3381 inest
933 3322 1279 3396 signiﬁcatio,
1318 3338 1437 3395 quae
1478 3322 1674 3393 pendet
1719 3323 1787 3396 ab
1829 3338 1894 3396 ea

304 3408 439 3452 voce
483 3393 761 3461 ad'quam
814 3398 865 3452 id
917 3393 1258 3452 referendum
1303 3393 1420 3461 est,
1477 3403 1535 3448 ut
1582 3394 1791 3448 ostendi
1838 3393 1893 3447 in

306 3464 855 3538 ‘Spet-im.70bserv.,
897 3483 946 3523 c.
986 3468 1049 3534 2,
1093 3468 1360 3538 p.17,7et
1401 3467 1453 3519 in
1502 3465 1794 3538 Afddelidis.
1822 3493 1895 3503 —

302 3535 379 3591 De
408 3537 810 3608 illogHieremiaa
836 3539 972 3593 libro
999 3535 1232 3594 Isidorus
1257 3537 1402 3608 Orig.
1429 3552 1465 3599 ι,
1497 3537 1565 3592 58
1591 3535 1891 3608 :__Threnos,

301 3610 441 3678 quod
487 3607 672 3663 Latine
719 3610 993 3663 [amentum
1043 3625 1305 3676 vocamus,
1354 3606 1547 3679 primus
1601 3606 1894 3660 Hieremias

303 3694 455 3733 versu
481 3682 763 3749 composuit
788 3696 941 3749 super
982 3682 1156 3734 urbem
1186 3678 1513 3733 Hierusalem
1538 3687 1587 3731 et
1618 3679 1890 3749 populum,

298 3750 512 3817 quando
559 3747 788 3815 captivus
828 3747 1011 3804 ductus
1056 3759 1164 3816 est;
1209 3760 1263 3805 et
1290 3749 1386 3804 lib.
1410 3764 1494 3813 vr,
1523 3749 1697 3816 cap.2
1724 3765 1736 3800 :
1761 3747 1895 3800 Hie-

299 3821 495 3874 remias
525 3821 759 3874 similiter
800 3822 959 3875 edidit
1001 3821 1180 3875 librum
1218 3837 1364 3874 suum
1387 3836 1502 3873 cum
1534 3817 1749 3871 Threnis
1787 3818 1896 3872 suis

302 3888 450 3961 [cod.
484 3890 744 3959 Groning.
773 3893 898 3959 legit
929 3890 1065 3962 eius]
1092 3908 1216 3960 quos
1249 3907 1339 3944 nos
1370 3892 1596 3962 lamenta
1611 3904 1889 3962 ‘uacamus,

300 3959 357 4015 ἑο
383 3964 527 4032 quod
553 3963 609 4015 in
635 3964 940 4016 tristioribus
966 3959 1112 4015 rebus
1141 3962 1501 4032 funeribusque
1530 3959 1889 4032 adhibeantur,

298 4032 353 4085 in
379 4030 568 4104 quibus
592 4034 916 4104 quadruplex
939 4030 1317 4086 diverso‘metro
1344 4030 1625 4104 composuit
1647 4030 1895 4104 alphabe-

299 4102 436 4170 tum,
476 4120 693 4171 quorum
725 4102 827 4157 duo
858 4105 1021 4173 prima
1049 4104 1195 4172 quasi
1231 4103 1491 4173 Sapphico
1519 4108 1678 4156 metro
1704 4102 1894 4171 scripta

297 4183 448 4236 sunt,
473 4174 597 4243 quia
620 4183 724 4227 tres
751 4175 1047 4240 versiculos,
1077 4175 1160 4241 qui
1190 4174 1283 4226 sibi
1314 4175 1429 4227 nexi
1458 4181 1592 4237 sunt,
1621 4180 1669 4225 et
1698 4173 1775 4243 abg
1793 4187 1896 4225 una

298 4242 702 4314 litteratantum
739 4245 1019 4314 incipiunt.
1050 4245 1306 4297 heroicum
1334 4258 1532 4297 comma
1561 4242 1891 4314 concludunt.

300 4309 538 4367 Tertium
565 4309 895 4376 alphabetum
935 4315 1160 4366 trimetro
1185 4315 1430 4379 scriptum
1462 4320 1533 4363 est
1553 4349 1567 4372 ,
1599 4321 1645 4362 et
1675 4328 1707 4361 a
1738 4312 1897 4363 ternis

296 4384 489 4437 litteris
510 4385 665 4437 iidem
692 4386 821 4435 terni
855 4398 1025 4435 versus
1054 4383 1328 4447 incipiunt.
1358 4382 1609 4445 Quartum
1649 4379 1895 4445 alphabe-

1914 1689 1962 1749 B
1992 1689 2113 1770 plici
2162 1705 2447 1757 hexametro
2497 1689 2737 1759 testatur”
2771 1705 2914 1760 Beda
2951 1689 3028 1760 Vde
3052 1689 3284 1771 Mle-tris,

1977 853 2287 980 gongggatur
2325 852 2548 911 Huetius
2572 853 2958 926 lDemonstrat.
2988 855 3192 929 Evang.
3236 869 3453 928 propos.
3490 858 3564 929 4,

1978 939 2296 1070 ῗῖἕεῗῖῖοῡ]
2344 996 2583 1070 Isidorus
2627 996 2774 1068 Orig.
2807 998 2995 1070 1,58:
3031 999 3295 1070 Siquidem
3342 1008 3392 1055 et
3432 998 3564 1068 Job,

1981 1066 2151 1142 Moysi
2181 1066 2489 1142 temporibus
2514 1066 2835 1142 adaequatus,
2866 1066 3156 1125 hexametro
3186 1074 3334 1142 versu
3363 1066 3569 1142 dactylo

1980 1140 2306 1209 spondeoque
2352 1140 2606 1203 decurrit;
2662 1148 2717 1193 et
2767 1139 2860 1192 lib.
2894 1156 2980 1206 v1,
3024 1156 3145 1209 cap.
3184 1143 3263 1197 2:
3297 1139 3566 1207 Principia

1980 1218 2151 1263 autem
2190 1220 2236 1263 et
2265 1210 2391 1281 ﬁnies
2426 1211 2541 1281 libri
2570 1210 2669 1264 Job
2699 1210 2838 1281 apud
2870 1208 3118 1265 Hebrtcos
3161 1230 3312 1279 prosa
3342 1214 3573 1266 oratione

1982 1289 2119 1351 [exta
2150 1289 2285 1333 sunt.
2320 1278 2497 1334 Media
2542 1278 2924 1348 autem‘ipsius
2953 1282 3016 1334 ab
3057 1298 3113 1336 eo
3152 1278 3262 1337 loco
3311 1299 3411 1351 quo
3458 1284 3572 1336 ait:

1980 1348 2167 1421 Pereat
2199 1352 2304 1404 dies
2334 1351 2389 1403 in
2420 1368 2522 1420 qua
2553 1361 2703 1404 natus
2740 1368 2887 1418 sum,
2929 1368 3086 1421 usque
3112 1354 3178 1405 ad
3217 1348 3331 1407 cum
3363 1355 3531 1407 locum
3552 1366 3576 1409 .'

1982 1419 2186 1494 Idcirco
2218 1426 2329 1490 ipse
2356 1419 2438 1475 me,
2478 1422 2795 1490 reprehendo
2825 1432 2871 1475 et
2900 1419 3011 1494 ago
3034 1424 3413 1492 pamitentiam,
3457 1440 3573 1478 om-

1983 1494 2072 1545 nia
2117 1492 2318 1546 heroico
2368 1504 2530 1546 metro
2580 1494 2897 1547 discurrunt.
2934 1492 3288 1549 Scribendum
3335 1495 3568 1558 coniicio

1987 1562 2292 1629 decurrunt;
2317 1564 2517 1633 reliqua
2548 1573 2725 1619 autem
2744 1603 2759 1627 ,
2784 1580 2902 1632 quae
2932 1564 3132 1619 diSIant
3158 1580 3186 1617 a
3214 1564 3567 1631 Gotliofredo,

1988 1634 2231 1700 expressi
2260 1648 2327 1687 ex
2360 1632 2462 1689 ms.
2506 1632 2864 1705 Groningano.
2893 1633 3267 1703 Conscriptum
3298 1650 3420 1690 esse
3451 1636 3574 1688 sim-

1992 1704 2113 1759 Dlici
2162 1705 2447 1757 hexametro
2497 1714 2721 1759 testatur
2771 1705 2914 1759 Beda
2962 1706 3028 1759 de
3076 1706 3284 1759 Metris.
3316 1722 3370 1759 ι).
3412 1704 3574 1759 2566.

3357 1745 3370 1758 .
3412 1720 3575 1758 2000.

1995 1722 2113 1770 ριιει
2162 1722 2447 1757 hexametro
2497 1722 2721 1759 teSLatur
2771 1722 2914 1760 ueaa
2962 1722 3028 1760 ae
3076 1722 3284 1771 metris,
3316 1722 3370 1775 p.
3412 1722 3575 1759 Σοου.

1995 1772 2367 1827 Cassiodorius
2416 1775 2655 1828 Divinar.
2696 1776 2937 1829 Lectiou.
2971 1792 3020 1831 c.
3048 1778 3116 1829 6:
3154 1776 3322 1829 Prosa
3358 1775 3578 1845 incipit,

1990 1858 2141 1915 uersu
2182 1846 2390 1911 labitur,
2424 1844 2643 1915 pedestri
2672 1863 2898 1901 sermone
2940 1847 3137 1915 ﬁnitur.
3170 1846 3286 1915 Sed,
3306 1845 3373 1899 de
3405 1844 3579 1901 metro

1993 1912 2156 1980 huius
2188 1915 2342 1981 libri,
2372 1912 2513 1984 quod
2544 1931 2648 1969 non
2679 1915 2834 1982 Jobo,
2876 1912 2970 1972 sed
3000 1917 3089 1971 alii
3121 1912 3394 1971 ascribunt
3434 1931 3575 1971 non-

1993 1984 2161 2056 nulli,
2202 1986 2333 2056 satis
2380 1994 2506 2040 sunt
2547 1987 2725 2039 omnia
2769 2001 2888 2041 cum
2932 1987 3150 2056 reliquis
3196 1989 3419 2041 incerta.
3450 1985 3575 2056 Yid.

1992 2054 2219 2127 Huetius
2250 2055 2555 2127 Demonstr.
2588 2056 2794 2127 Evang.
2824 2054 3143 2123 Proposih,
3185 2071 3236 2127 ι),
3278 2054 3582 2127 222;Ἐι·ἱ-

1992 2126 2108 2179 der.
2150 2125 2442 2194 Spanhem.
2468 2128 2608 2196 Opp.
2648 2124 2776 2181 tom'.
2811 2127 2886 2192 Il,
2922 2128 3015 2181 lib.
3049 2142 3096 2191 t;
3141 2124 3579 2196 sebultensium,

1992 2196 2165 2249 virum
2196 2211 2293 2250 sua
2320 2205 2476 2250 aetate
2503 2195 2819 2266 principem,
2855 2198 2911 2251 in
2941 2196 3359 2261 Commentario,
3390 2205 3443 2251 et
3476 2195 3576 2252 Sa-

1991 2267 2223 2321 muelem
2256 2266 2472 2323 Weslev
2498 2267 2551 2320 in
2582 2268 2775 2322 librum
2799 2266 2923 2322 Jobi
2954 2268 3166 2322 dissert.
3194 2269 3227 2323 5
3251 2278 3305 2321 et
3331 2269 3385 2322 4.
3414 2288 3417 2291 ·
3458 2288 3475 2300 ί-
3563 2307 3571 2317 .

2060 2337 2151 2392 29.
2187 2336 2459 2407 Magistro]
2492 2337 2570 2391 Ex
2599 2338 2698 2393 bac
2724 2352 2854 2394 voce
2884 2338 3238 2393 Bellarminus
3269 2337 3336 2392 de
3370 2336 3574 2407 Script.

1992 2409 2190 2479 eccles.
2215 2409 2495 2462 constituit
2523 2409 2805 2463 Aratorem
2834 2407 3013 2477 Vigilii
3043 2408 3206 2479 fuisse
3235 2408 3580 2479 discipulum.

1993 2477 2124 2532 Mihi
2154 2493 2263 2533 non
2313 2480 2508 2548 liquet;
2540 2486 2623 2544 et,
2656 2481 2827 2534 donec
2867 2480 3067 2534 certior
3096 2477 3353 2535 alIeratur
3375 2477 3581 2533 aucto-

1992 2548 2145 2619 ritas.
2172 2563 2361 2604 vocem
2409 2563 2622 2619 expono
2649 2551 2716 2604 de
2745 2565 2811 2604 eo
2840 2552 2927 2618 qui
2960 2550 3145 2618 majori
3196 2564 3303 2618 pra:
3333 2550 3452 2604 aliis
3482 2549 3584 2604 lio-

1993 2618 2232 2690 minibus
2262 2618 2524 2688 dignitate
2569 2620 2796 2690 insignis
2824 2629 2936 2688 est,
2968 2628 3029 2675 ut
3059 2621 3281 2689 Vigilius
3310 2619 3575 2690 pontifex.

1995 2688 2244 2760 Magister
2268 2691 2525 2743 auctionis
2554 2691 2657 2745 hoc
2684 2688 2847 2746 sensu
2887 2688 3174 2760 exponitur
3200 2706 3228 2743 a
3257 2688 3469 2746 Graevio
3509 2690 3580 2744 ad

1994 2758 2245 2831 Cicereii.
2278 2760 2343 2814 ad
2377 2761 2586 2816 Divers.
2616 2778 2722 2829 xtt,
2757 2762 2856 2827 50;
2886 2758 3092 2816 Prican
3118 2762 3184 2817 ad
3208 2761 3486 2829 Apuleium
3517 2775 3575 2831 ν.

1992 2830 2117 2903 589.
2145 2830 2394 2903 Magister
2418 2833 2617 2901 pecoris
2636 2843 2717 2887 est
2743 2833 2881 2900 apud
2910 2832 3186 2903 Virgilium
3216 2832 3434 2888 IEneid.
3467 2830 3576 2899 xtl,

1993 2902 2119 2956 717.
2143 2902 2297 2974 Quod
2318 2917 2382 2957 eo
2403 2905 2574 2974 magis
2593 2903 2698 2958 huc
2719 2902 3025 2974 retulerim,
3041 2906 3163 2973 quia
3186 2905 3303 2972 ipse
3328 2903 3576 2974 Vigilium

1994 2973 2197 3047 pastori
2219 2973 2765 3047 comparat’superius
2788 2991 2868 3047 vs.
2893 2976 2949 3028 4.
2973 2973 3331 3047 Μαρὶειενὶυηι
3360 2973 3455 3044 pro
3476 2973 3579 3028 im-

1997 3042 2147 3115 perio
2169 3046 2413 3113 exposuit
2445 3042 2677 3100 Pricaéus
2705 3046 2759 3100 d.
2792 3046 2855 3113 l.,
2880 3059 2936 3114 p.
2960 3042 3431 3115 62;'praecipue'et
3455 3058 3580 3112 apo-

1996 3114 2150 3167 stolis
2208 3114 2346 3167 hanc
2400 3128 2585 3168 vocem
2636 3117 2879 3171 tribuunt
2925 3116 3216 3170 Christiani
3259 3115 3577 3179 scriptores.

1997 3181 2253 3236 Paulinus
2293 3181 2531 3236 Carmin.
2568 3199 2702 3251 χιιι,
2734 3186 2867 3247 178;
2898 3199 3091 3251 xxxnt,
3127 3185 3233 3239 555
3262 3193 3317 3238 et
3346 3184 3471 3239 575.
3500 3184 3577 3239 De

1997 3252 2269 3324 nonnullis
2296 3260 2555 3321 praeterea
2587 3254 2691 3310 huc
2726 3254 3147 3324 pertinentibus,
3187 3254 3407 3309 consule
3436 3267 3577 3323 prae.

1999 3321 2258 3376 lationem
2290 3331 2552 3376 nostram.

2069 3392 2159 3447 50.
2190 3391 2289 3464 Ab]
2322 3392 2574 3464 Propter.
2596 3393 2720 3452 Vid.
2760 3394 2973 3451 Cortius
3003 3393 3073 3450 ad
3099 3394 3348 3451 Ciceron.
3373 3394 3441 3450 ad
3485 3393 3576 3449 Di-

1998 3476 2140 3518 vers.
2167 3462 2292 3532 xnt',
2321 3464 2407 3517 l0.
2442 3462 2582 3530 Quid
2610 3481 2738 3522 vero
2768 3467 2868 3522 sibi
2899 3482 2987 3521 ore
3016 3465 3173 3532 velit,
3215 3466 3346 3521 satis
3384 3466 3580 3521 obscu-

1996 3549 2113 3605 rum
2159 3545 2258 3589 est.
2295 3534 2670 3605 Conieceram,
2703 3539 2768 3592 ab
2815 3546 2956 3605 arte;
3003 3537 3079 3591 nil
3124 3546 3303 3592 tamen
3348 3536 3581 3603 deﬁnio;

1995 3604 2181 3676 videor
2212 3606 2353 3660 enim
2384 3605 2516 3659 mihi
2561 3604 2980 3676 deprehendisSe
3018 3609 3298 3663 Aratorem
3336 3608 3577 3663 maxime

1997 3675 2097 3748 bac
2120 3690 2257 3731 voce
2286 3675 2821 3748 fuissedelectatnm.
2853 3680 2959 3735 Pro
2986 3678 3373 3748 praedicatione
3396 3693 3579 3733 rerum

1996 3745 2294 3819 divinarum
2341 3747 2584 3802 adhibuit
2630 3764 2815 3806 vocem
2862 3745 3094 3813 intrati,
3138 3751 3201 3814 5;
3236 3765 3333 3819 pro
3381 3764 3581 3803 conve-

1997 3818 2227 3891 nientia,
2270 3833 2432 3889 supra
2472 3819 2539 3871 ad
2570 3818 2807 3876 Florian.
2839 3820 2896 3876 2.
2938 3820 3100 3875 Forte
3127 3820 3214 3876 hic
3238 3818 3579 3891 elegantiam

1998 3888 2315 3958 dicendique
2344 3898 2681 3961 venustatem
2730 3907 2824 3961 per
2870 3892 3011 3947 hanc
3040 3905 3226 3947 vocem
3274 3888 3579 3961 exprimere

1997 3970 2221 4032 conatus
2247 3970 2357 4025 est;
2386 3960 2481 4015 sed
2507 3970 2732 4017 conatus
2760 3970 3003 4028 tantum;
3031 3962 3167 4028 nisi,
3195 3960 3413 4032 propter
3443 3976 3583 4030 pra:-

1996 4029 2197 4085 cedens
2236 4046 2420 4085 manus
2465 4035 2678 4101 amoris,
2710 4033 2782 4088 sit
2810 4034 3038 4088 imitatio
3082 4029 3357 4087 Prudentii
3388 4029 3588 4086 Perist.

1999 4116 2126 4165 xm,
2168 4103 2225 4169 5,
2266 4102 2455 4156 Amore
2499 4111 2546 4155 et
2588 4120 2675 4159 ore
2721 4113 2911 4158 noster.
2944 4102 3001 4157 In
3048 4102 3271 4157 scholiis
3316 4101 3441 4157 cod.
3482 4116 3589 4156 ms.

1997 4185 2114 4243 quae
2140 4172 2427 4243 aliquando
2449 4172 2592 4239 vidi,
2622 4175 2762 4243 apud
2788 4173 3047 4230 Senecam
3079 4172 3295 4228 Hercul.
3322 4172 3475 4238 Fur.,
3499 4185 3587 4224 vs.

1999 4242 2157 4307 1510,
2185 4242 2348 4297 verba
2366 4283 2383 4308 ,
2413 4242 2841 4297 Animantilevcm
2868 4246 2924 4296 in
2953 4258 3041 4296 ore
3092 4244 3265 4310 primo]
3296 4247 3465 4305 teneo,
3494 4253 3591 4310 ex:

2001 4307 2443 4378 ponebantur,in
2474 4312 2637 4379 primo
2676 4314 2827 4365 verbo
2856 4312 2960 4364 oris
3003 4307 3113 4374 tui,
3142 4310 3185 4361 si
3214 4308 3407 4361 dixeris
3448 4307 3589 4377 quod

2001 4380 2151 4450 vives,
2184 4381 2502 4450 vivantega;
2529 4381 2575 4432 si
2616 4382 2807 4434 dixeris
2837 4380 2974 4450 quod
3012 4379 3245 4450 moreris,
3284 4379 3455 4450 statim
3495 4393 3589 4450 ego

294 4465 411 4507 tum
440 4452 608 4504 simile
632 4464 677 4505 et
704 4453 871 4521 prima
889 4459 937 4521 et
967 4440 1191 4503 secundo
1220 4440 1451 4521 habet—ur.
1490 4448 1689 4521 M_utavi
1705 4440 1766 4500 in
1806 4447 1892 4501 liis
1921 4440 1975 4501 D
2000 4440 2214 4521 moriar.
2266 4440 2491 4521 Meliora
2535 4456 2715 4505 tamen
2744 4440 2866 4521 illic
2914 4440 3325 4521 EarnabiuSI-y—
3356 4448 3415 4505 In
3457 4440 3581 4506 cod.

295 4520 555 4591 quaedam
602 4534 668 4575 ex
705 4517 845 4574 'cod.
900 4519 1262 4590 Groningano.
1314 4520 1391 4575 De
1438 4517 1625 4573 eadem
1678 4518 1778 4573 hac
1829 4532 1889 4572 re

2002 4518 2195 4573 Moreti
2226 4528 2280 4575 et
2306 4518 2559 4575 Vossian.
2588 4521 2624 4574 2
2651 4520 2886 4591 additur,
2914 4519 3143 4593 Explicit
3171 4519 3436 4594 prologus.

872 4780 1660 4913 ABATOR
1738 4780 3039 4901 SUBDIACONUS.

214 5031 604 5177 “DE
747 4925 1677 5195 ACTIBUS
1863 5032 3577 5182 APOSTOLORUM

1560 5307 1849 5388 LIBER
1904 5306 2317 5395 PRIMUS.

1797 5449 2120 5466 —

375 5507 604 5582 Actibus]
628 5510 988 5582 Apostolorum
1012 5510 1141 5565 Acta
1164 5507 1548 5574 inscribuntur,
1576 5510 1727 5582 velut
1749 5510 1879 5568 olim

301 5580 449 5650 apud
477 5580 704 5651 gentiles
734 5583 861 5637 Acta
891 5581 1092 5645 publica
1123 5581 1550 5651 appellabantur,
1577 5581 1767 5650 quibus
1792 5598 1880 5637 ra-

302 5654 377 5706 tio
428 5651 667 5720 ﬁdesque
716 5653 925 5721 imperii
974 5650 1249 5722 gesti,et
1300 5650 1692 5707 administratio
1739 5653 1877 5722 reip.

302 5668 377 5706 uo
428 5668 667 5720 nuesque
716 5668 925 5721 imperti
1011 5668 1141 5717 esu,
1194 5668 1249 5707 et
1300 5668 1692 5707 aumrmsrrauo
1739 5668 1877 5722 reip.

302 5723 611 5780 constabat.
638 5722 738 5793 Vix
768 5724 913 5783 enim
951 5668 1095 5777 nilus
1123 5731 1325 5793 nostrae
1354 5722 1601 5793 religioni
1632 5722 1769 5777 liber
1796 5730 1881 5780 est

302 5794 397 5862 qui
422 5794 665 5875 veritatis
691 5792 1021 5875 doctrinam
1049 5792 1793 5875 irrelutabilibusexemplis,
1821 5802 1880 5854 et

1988 5527 2106 5568 eam
2145 5519 2347 5568 secutae
2388 5511 2638 5583 historiae,
2668 5512 2773 5568 ﬁde
2809 5518 2917 5565 tam
2962 5504 3261 5583 luculenter
3302 5510 3577 5583 explanat.

1988 5584 2055 5639 Et
2094 5594 2261 5649 certe,
2310 5591 2505 5653 prater
2545 5581 2809 5653 Epistolas
2838 5578 3252 5653 apostolorum,
3284 5578 3405 5653 qua:
3455 5584 3574 5640 haec

1986 5654 2092 5709 duo
2121 5651 2382 5721 miscent,
2414 5651 2602 5708 nullus
2624 5662 2735 5721 est.
2755 5651 2904 5706 Talia
2946 5651 3332 5708 commentaria
3375 5654 3574 5710 Roma—

1960 5726 2071 5781 .nis
2116 5734 2306 5793 erant,
2348 5720 2469 5795 quae
2510 5723 2639 5795 Acta
2692 5720 2853 5795 Urbis
2887 5723 3340 5795 inscribebantur,
3375 5724 3573 5795 quibus

1984 5796 2233 5855 videlicet
2270 5791 2506 5867 posteri,
2533 5791 2797 5863 majorum
2828 5793 2933 5853 ﬁde
2968 5793 3113 5854 velut
3154 5795 3367 5865 publice
3391 5791 3571 5863 'depo-
