4046 6462
193 357 305 417 153

1220 356 1308 412 DE
1348 353 1638 414 ACTIBUS
1670 353 2173 413 APOSTOLORUM
2216 356 2345 413 LIB.
2388 356 2428 411 l.

3360 358 3462 416 154

350 466 503 535 13ἇ.
528 466 716 523 Postea
739 481 858 523 cum
892 467 1118 525 Domino
1143 468 1368 523 vicinius
1394 483 1489 523 ore
1506 468 1774 525 locutum.
1807 475 1858 533 Α
1883 469 1987 525 710
2032 472 2189 541 136
2234 472 2351 538 Quo
2398 478 2649 541 properat
2701 468 2891 527 stevire
2937 471 3113 542 lupus.
3163 472 3292 528 Sors
3344 474 3463 531 beta

197 562 306 619 695
343 563 477 629 Quid
511 563 724 629 mirum,
755 560 802 615 si
834 561 965 631 legis
994 575 1145 614 amor
1174 568 1299 614 tunc
1324 574 1567 614 crescere
1594 562 1775 629 erepit,

345 652 596 709 Ecclesiae
625 668 745 708 cum
772 652 954 722 juncta
990 651 1117 706 fuit?
1138 651 1279 722 quod
1310 665 1505 719 Sponsa
1530 653 1779 721 perennis

345 744 453 799 llac
476 744 652 798 veniat
676 742 741 798 de
767 753 926 812 gente
955 743 1144 813 magis,
1173 757 1275 797 nec
1299 744 1502 797 cantica
1530 742 1727 807 celant,

346 833 475 903 Qua:
498 834 700 889 luscam
725 832 1110 905 pulchramque
1134 842 1353 899 vocant;
1373 832 1496 888 haec
1521 834 1690 904 pergit
1715 834 1783 889 ab

1470 924 1707 995 [Austro,

3180 563 3389 636 {ruina},

2024 652 2080 707 In
2104 666 2205 721 qua
2233 654 2387 720 culpa
2415 652 2583 720 cadit;
2612 652 2795 708 didicit
2817 655 2906 724 qui
2936 667 3160 722 corpore
3185 656 3334 724 lapso

2025 744 2081 797 lo
2110 744 2305 799 mentis
2329 744 2440 812 jam
2465 756 2608 800 stare
2636 745 2835 816 gradu;
2867 760 2987 801 cum
3019 746 3217 800 lumina
3239 744 3461 810 claudit,

2027 838 2249 893 Pectora
2280 846 2403 893 tunc
2434 840 2621 907 aperit,
2658 840 2889 909 emlique
2923 840 3231 908 agnoscitur
3257 848 3462 905 auctor,

2026 926 2343 982 Discedente
2372 927 2460 981 die
2492 944 2504 979 :
2531 938 2786 997 quantum
2818 943 3063 983 meruere
3092 928 3357 983 tenebrae!

348 1015 658 1086 Ethiopum
685 1018 773 1087 qui
805 1024 973 1072 torret
998 1015 1243 1083 humum,
1275 1016 1579 1074 Solomonis
1608 1018 1662 1072 in
1692 1032 1785 1073 ore
1887 1015 1992 1073 7l5
2031 1016 2157 1071 Post
2183 1017 2366 1070 oculos
2392 1016 2592 1085 majora
2621 1017 2795 1082 videt;
2826 1018 3071 1073 mirabile
3100 1018 3272 1073 saeclis

200 1109 310 1169 700
350 1110 630 1164 Pacilicum
657 1108 874 1163 laudare
903 1125 1077 1176 suum,
1106 1125 1213 1179 quo
1237 1109 1454 1164 nomine
1482 1109 1678 1163 dudum

346 1200 626 1272 Signatum
656 1210 757 1268 est,
788 1199 932 1270 quod
957 1200 1207 1256 Christus
1251 1201 1408 1257 habet
1433 1219 1446 1254 :
1470 1202 1579 1271 jam
1609 1202 1785 1257 debita

474 1358 475 1361 η
1494 1292 1717 1363 [mundo

347 1382 635 1438 Custodem
662 1383 939 1453 praemittit
966 1397 1149 1453 opum,
1179 1398 1287 1453 quo
1310 1383 1532 1453 pignore
1559 1398 1717 1453 gazas

348 1473 575 1545 lncipiet
600 1475 843 1544 proferre
874 1490 1027 1539 suas;
1061 1475 1344 1530 thesaurus
1372 1477 1424 1529 in
1456 1475 1542 1530 illa

2032 1107 2343 1176 Exemplum
2369 1106 2513 1162 dedit
2543 1108 2683 1161 alma
2714 1108 2864 1162 ﬁdes.
2895 1109 3098 1163 Anania
3127 1108 3358 1163 furorem
3403 1112 3409 1117 ’

2031 1197 2265 1266 Excutit,
2308 1213 2342 1253 o
2385 1213 2527 1253 nova
2566 1198 2770 1269 palma!
2814 1198 2992 1269 lupum
3032 1199 3213 1256 domat
3255 1199 3344 1254 ille
3376 1213 3467 1254 ra-

3166 1293 3397 1367 [pacem,

2032 1380 2290 1437 Hebraeus
2318 1397 2475 1452 quem
2506 1382 2635 1437 dixit
2662 1398 2846 1448 ovem;
2877 1384 3193 1439 clamabitur
3221 1386 3365 1453 orbl,

2034 1472 2147 1528 Hoc
2169 1488 2435 1543 praecone,
2472 1472 2634 1540 Deus,
2658 1472 2894 1543 legisque
2916 1483 3107 1529 exutus
3135 1474 3200 1528 ab
3223 1474 3431 1541 umbra,

349 1567 482 1634 Quis
524 1567 719 1638 potior,
767 1584 928 1639 quam
977 1568 1139 1623 fontis
1185 1568 1395 1624 honor?
1441 1569 1582 1639 quod
1627 1570 1791 1628 ditius
1890 1563 1996 1618 790
2037 1564 2147 1619 Sub
2175 1578 2277 1633 qua
2307 1578 2483 1619 caecus
2515 1573 2650 1633 erat,
2675 1572 2843 1619 terras
2874 1564 3069 1619 lucebit
3098 1566 3150 1618 in
3177 1579 3364 1621 omnes

1484 1659 1718 1732 [aurum,

204 1743 315 1806 705
352 1748 525 1817 Quam
566 1747 808 1819 locuples
844 1748 945 1805 sub
974 1748 1136 1805 corde
1175 1748 1339 1806 ﬁdes?
1367 1764 1528 1821 quam
1563 1751 1792 1824 denique

1556 1844 1723 1916 [recte

354 1930 592 1985 Praevius
614 1930 739 1986 huic
761 1931 928 2001 spado
954 1931 1074 1986 est?
1099 1948 1204 2001 quo
1231 1935 1564 2004 procedente
1595 1935 1758 1992 libido

354 2017 600 2084 Pellitur,
631 2030 684 2075 et
713 2020 930 2090 capiunt
955 2021 1195 2075 cmlestia
1224 2039 1386 2094 regna
1418 2025 1612 2093 pudici.

428 2110 644 2178 Saulus,
681 2113 878 2167 acerba
932 2110 1168 2170 fremens
1194 2157 1209 2181 ,
1273 2118 1609 2172 committere
1650 2116 1795 2173 bella

1527 2209 1542 2281 [
1556 2208 1797 2265 Damasci

362 2294 515 2373 135
537 2293 756 2351 Judaica
776 2296 986 2357 feritate
1009 2307 1179 2370 parat,
1203 2300 1295 2355 sed
1317 2301 1582 2357 amabitur
1602 2316 1790 2372 agnus,

1820 1880 1870 1943 B

2035 1654 2297 1722 Perpetuo
2319 1654 2385 1709 de
2408 1654 2524 1709 sole
2546 1656 2749 1710 calens.
2774 1654 2847 1711 Ne
2873 1654 3079 1721 desine,
3108 1655 3289 1723 Saule,

2037 1747 2188 1804 Hunc
2217 1748 2492 1805 celebrare
2521 1748 2693 1817 diem;
2725 1751 3017 1806 multorum
3042 1751 3244 1805 lumine
3270 1751 3422 1821 plena

2034 1839 2149 1895 Nox
2177 1841 2334 1896 datur
2363 1842 2462 1898 ista
2493 1842 2607 1909 tibi,
2641 1853 2801 1913 tuque
2826 1843 2913 1898 hic
2943 1850 3033 1897 tua
3059 1843 3235 1897 nubila
3268 1850 3470 1913 portas,

2040 1929 2110 1986 Ut
2136 1931 2318 1985 mundi
2349 1947 2575 2002 purgare
2604 1948 2790 2003 queas.
2824 1934 2976 1989 Nunc
3009 1934 3161 2003 plena
3188 1932 3371 2003 ﬁguris

1901 2023 2003 2080 79.5
2040 2023 2266 2079 Interius
2292 2024 2609 2080 documenta
2641 2040 2855 2095 sequar,
2885 2037 3188 2096 tectumque
3210 2026 3426 2081 latebris

2041 2118 2336 2187 Aggrediar
2361 2118 2602 2187 proferre
2632 2119 2817 2188 jubar;
2843 2119 2983 2187 quod
3012 2130 3248 2188 tempora
3283 2119 3476 2175 Saulus

2046 2208 2101 2263 lu
2133 2209 2367 2264 tenebris
2394 2210 2635 2264 triduana
2658 2211 2812 2279 gerit,
2838 2210 2962 2265 facit
2981 2226 3099 2265 esse
3127 2210 3334 2264 ﬁdelem

2044 2301 2292 2370 Exempli
2323 2315 2572 2355 mensura
2600 2301 2709 2369 sui,
2740 2300 3059 2371 tandemque
3088 2308 3336 2356 coactum

1734 2436 1960 2494 NOTAE.

216 2552 359 2623 quod
408 2567 516 2617 pne
545 2551 867 2622 zEthiopissa
909 2552 1098 2622 probat
1142 2553 1366 2608 Vossius
1402 2554 1509 2608 Vit.
1552 2552 1725 2610 Serm.
1757 2569 1795 2617 ι,

221 2622 310 2679 16.
345 2622 645 2689 xEthiopam
673 2637 849 2676 autem
875 2624 1146 2678 ilerivasse
1173 2625 1383 2678 videtur
1405 2629 1597 2678 Arator
1621 2640 1651 2679 e
1672 2640 1796 2678 casu

218 2703 412 2765 quarto
434 2693 640 2765 Gr;eco,
666 2694 755 2762 qui
780 2694 1031 2748 similium
1054 2694 1192 2762 apud
1224 2695 1445 2749 Latinos
1468 2710 1654 2748 vocum
1682 2696 1797 2748 fons

221 2764 328 2824 est.
360 2765 434 2818 lta
467 2764 794 2826 Marathona,
823 2779 947 2816 eam
978 2777 1146 2830 recto,
1184 2766 1428 2826 produxit
1460 2765 1700 2819 Vorstius
1728 2765 1797 2819 ad

224 2834 431 2903 Sulpic.
460 2836 646 2888 Sever.
688 2834 749 2887 H.
784 2835 839 2887 S.
885 2850 940 2896 tl,
980 2836 1035 2900 9,
1068 2837 1119 2888 7.
1152 2835 1379 2901 Cratera,
1412 2837 1639 2905 crepido,
1672 2837 1802 2889 lam-

222 2906 388 2976 pada,
431 2906 638 2973 aliaque
681 2907 903 2958 contulit
955 2905 1175 2959 Vossius
1224 2905 1329 2961 Vit.
1374 2906 1546 2961 Serm.
1586 2921 1663 2975 tu,
1708 2907 1797 2963 15.

222 2975 453 3047 Iliadum
480 2976 710 3047 reddidit
748 2976 934 3030 Solino
977 2976 1264 3047 Polyhist.,
1294 2992 1347 3045 p.
1381 2978 1435 3042 7,
1480 2977 1794 3044 Salmasius,

225 3056 279 3103 et
306 3046 495 3114 probat
523 3045 750 3100 Collatio
771 3047 907 3113 apud
938 3062 1039 3100 me.
1064 3045 1237 3101 (ἔτωεί
1262 3052 1587 3103 recentiores
1611 3050 1798 3104 eodem

226 3118 385 3171 modo
418 3131 582 3191 novas
624 3131 778 3191 voces
823 3118 1137 3191 formarunt,
1171 3128 1228 3191 ut
1257 3116 1467 3191 ςιαγόνα
1498 3129 1643 3172 recto
1673 3136 1799 3176 casu

225 3191 496 3298 aninmo».
523 3187 785 3242 Meursius
815 3187 879 3241 ad
910 3186 1142 3242 Psellum
1175 3190 1225 3243 in
1254 3186 1458 3245 Catitic.
1490 3193 1708 3255 eantic.,
1744 3207 1794 3261 p.
1831 3237 1876 3298 Ο

293 3329 419 3385 696.
449 3328 576 3401 Qum
596 3326 799 3401 juncta]
826 3329 971 3401 Αιιιη
1006 3329 1149 3401 Bas.,
1177 3329 1343 3401 Torn.
1379 3332 1433 3395 1,
1459 3332 1747 3401 conjuncta.

296 3402 422 3455 697.
452 3398 651 3471 Celant]
687 3398 870 3467 Basil.,
898 3400 1065 3455 Torn.
1096 3400 1121 3452 1
1155 3410 1209 3453 et
1248 3398 1561 3466 Fabricius,
1592 3403 1803 3465 cadant;

228 3469 450 3526 Schelze
478 3469 754 3523 Pulmunni
784 3481 837 3524 et
864 3474 1142 3537 Atttverp.,
1171 3471 1377 3526 cedant.

300 3541 428 3595 69L).
460 3538 773 3609 Solomonis]
808 3542 880 3593 lia
925 3552 978 3595 et
1013 3542 1124 3602 alii,
1155 3542 1222 3595 de
1246 3542 1438 3609 quibus
1466 3541 1717 3596 Heinsius
1740 3542 1804 3597 ad

228 3610 485 3666 Prudont.
528 3612 582 3665 in
626 3613 920 3677 Addendis,
953 3628 1005 3682 p.
1036 3611 1139 3667 145
1167 3621 1220 3667 et
1254 3612 1374 3667 158.
1407 3614 1698 3668 Salomonis
1729 3624 1809 3667 ta-

225 3696 350 3752 men
384 3683 468 3737 hic
512 3682 712 3746 Aldin.,
750 3685 1031 3750 Antverp.,
1065 3683 1231 3737 Turn.
1267 3683 1319 3744 1.
1366 3683 1501 3739 Bibl.
1534 3682 1726 3752 Lugd.;
1753 3693 1807 3738 et

226 3751 295 3807 ita
334 3755 577 3821 superius
605 3769 683 3805 vs.
732 3754 858 3808 989.
903 3754 1013 3807 lloc
1056 3756 1107 3808 in
1141 3753 1434 3821 Vossianis,
1482 3751 1705 3810 alterum
1752 3757 1805 3810 in

224 3822 482 3885 Cantabr.
521 3836 571 3877 et
604 3823 845 3879 Uuivers.
880 3825 1155 3878 exstitisse
1182 3826 1410 3880 videtur.

295 3897 425 3950 7M.
458 3894 655 3963 Potior]
686 3895 837 3948 Voss.
870 3894 922 3955 9,
956 3896 1137 3960 potius.

295 3966 429 4020 704.
458 3965 644 4036 Diuus}
666 3967 885 4019 Schedae
909 3965 1189 4020 Polmanni
1212 3976 1266 4020 et
1285 3966 1566 4036 Antverp.,
1597 3968 1805 4025 dicitur.

296 4038 427 4091 706.
464 4033 600 4104 Quo]
628 4033 911 4098 "Cantabr"
944 4036 1099 4091 Voss.
1129 4037 1183 4099 ‘2,
1214 4054 1347 4103 qua;
1380 4033 1721 4092 hoc—Cortius
1753 4041 1805 4093 in

225 4109 473 4177 margine
502 4108 566 4159 ad
602 4106 881 4159 Ecclesium
919 4109 1103 4174 relert,
1134 4107 1228 4162 scd
1259 4124 1356 4163 vox
1396 4109 1485 4163 illa
1517 4112 1804 4176 remotior;

227 4176 431 4247 potius,
461 4177 504 4231 si
534 4176 583 4230 id
618 4181 845 4243 placeat.
870 4178 997 4245 ﬁdes
1027 4190 1226 4241 repete.

295 4249 426 4304 708.
458 4247 671 4319 Acerba]
708 4248 890 4318 Virgil.
919 4248 1133 4304 Aineid.
1166 4265 1258 4319 xtl,
1292 4250 1417 4317 598,

507 4365 676 4416 Stabat
700 4366 875 4415 acerba
898 4364 1133 4417 fremens.

227 4469 297 4529 Va
309 4473 412 4528 let.
443 4470 623 4525 Flacc.
649 4484 729 4532 ιιι,
753 4470 880 4531 9.9.9,

512 4561 659 4610 Saevit
684 4561 860 4608 acerba
885 4558 1119 4605 fremens.

230 4643 335 4700 Ubi
368 4642 624 4696 \Veitzius
655 4658 670 4696 :
708 4642 780 4696 lta
807 4642 1000 4711 passim
1041 4641 1296 4707 adjectivn
1331 4651 1513 4697 neutra
1549 4643 1809 4699 adhiben-

229 4724 339 4769 tur.
377 4714 627 4769 Burman.
659 4715 722 4766 ad
754 4715 931 4767 emml.
980 4730 1036 4775 ll,
1084 4713 1217 4774 19.6;
1249 4713 1588 4783 Ottdcndorp.
1624 4718 1674 4769 in
1706 4717 1810 4771 Ob-

228 4801 377 4840 serv.
408 4784 650 4848 Misceil.,
683 4784 789 4838 vol.
823 4783 883 4843 ll.
917 4800 969 4854 p.
996 4785 1120 4840 506.
1148 4785 1421 4851 Expressit
1450 4787 1643 4839 Arator
1665 4787 1809 4843 hisce

1898 2550 2108 2613 Scribe,
2142 2550 2265 2621 utile
2292 2550 2431 2619 quod
2458 2550 2620 2605 nobis.
2650 2551 2726 2605 lta
2768 2552 3012 2621 egregius
3050 2550 3216 2605 codex
3242 2547 3477 2621 Tbuani,

1903 2631 1957 2676 et
1986 2638 2047 2675 ex
2091 2620 2394 2690 conjectura
2438 2620 2751 2691 Rutgersius
2780 2619 2917 2676 Var.“
2949 2621 3096 2677 Lect.
3143 2636 3213 2683 vt,
3260 2636 3311 2689 p.
3352 2619 3479 2686 580,

1902 2693 2231 2745 assentiente
2276 2692 2570 2759 Scriverio,
2623 2708 2795 2761 neque
2843 2692 2996 2747 aliter
3044 2708 3107 2745 ex
3160 2692 3478 2753 membranis

1904 2762 2154 2817 Heinsius
2172 2763 2398 2816 Advers.
2425 2778 2461 2829 ι,
2486 2763 2541 2829 9,
2561 2774 2613 2817 et
2639 2778 2717 2829 in,
2746 2763 2827 2816 16.
2856 2764 2999 2817 idem
3022 2763 3273 2816 Martialis
3296 2761 3478 2829 vni,6,

2028 2876 2233 2941 Largius
2254 2877 2476 2928 rEacides
2500 2886 2550 2927 et
2572 2878 2696 2929 bibit
2723 2880 2829 2941 ipse
2851 2891 3059 2927 merum.

1904 2982 2072 3039 Recte
2095 2984 2392 3040 Scriverius
2419 2985 2603 3052 edidit,
2632 2986 2943 3055 vividiusque
2967 3002 3180 3049 merum,
3213 2984 3353 3053 quod
3384 2998 3478 3039 co-

1904 3056 2005 3109 dex
2035 3056 2240 3110 Tliuani
2270 3058 2573 3110 conﬁrmat.
2614 3057 2724 3111 lloc
2764 3074 2958 3110 merum
3000 3058 3216 3109 vividius
3246 3057 3296 3109 in
3329 3070 3481 3109 men-

1910 3136 2015 3179 tem
2045 3127 2176 3179 mihi
2206 3138 2421 3181 revocat
2464 3128 2639 3181 locum
2680 3128 2880 3181 Aurelii
2924 3127 3120 3181 Victor.
3154 3127 3349 3180 lllustr.
3383 3125 3473 3193 76,

1910 3195 1935 3263 §
1974 3198 2028 3262 8,
2069 3198 2206 3265 quod
2253 3198 2561 3266 (venenum)
2602 3214 2719 3250 cum
2766 3198 2960 3250 tardius
3000 3197 3201 3251 biberet.
3242 3196 3482 3264 Conjirio

1909 3266 2110 3329 viveret,
2146 3271 2314 3331 potuit
2341 3267 2482 3321 enim
2514 3269 2613 3321 hoc
2634 3267 2852 3319 verbum
2882 3267 3134 3319 adltibrre
3159 3268 3225 3319 de
3250 3280 3480 3329 veneno,

1908 3336 2061 3404 Cujus
2089 3335 2168 3389 vis
2199 3345 2364 3390 totum
2393 3351 2588 3401 corpus
2616 3345 2856 3403 penetrat
2876 3346 2929 3389 et
2955 3336 3137 3404 allicit,
3167 3334 3301 3386 haud
3329 3334 3481 3386 aliter

1908 3403 2068 3472 atque
2106 3412 2308 3461 vinum.
2362 3404 2565 3459 Viderat
2608 3406 2848 3475 placebat
2896 3406 3004 3459 illic
3031 3403 3219 3460 Crusio
3248 3403 3480 3457 Probab.

1908 3476 2119 3533 Critie..
2150 3493 2202 3533 ο.
2236 3477 2362 3531 957.

1981 3493 2119 3601 ίῖὀῧῗ
2148 3493 2393 3617 gift-$2.]
2434 3545 2606 3602 Judaei
2654 3561 2683 3601 a
2728 3545 2883 3611 .lnda,
2914 3544 3094 3617 Jacobi
3140 3552 3326 3617 quarto
3355 3542 3482 3617 tilio.

1906 3617 2066 3672 Plebs
2096 3618 2277 3671 Judma
2306 3628 2358 3670 ιιι
2384 3615 2601 3673 Iudaica
2626 3617 2815 3671 eodem
2845 3616 3145 3686 signiﬁcato
3176 3615 3312 3683 apud
3344 3615 3480 3686 Alci-

1908 3704 2075 3742 mum.
2112 3688 2217 3743 Sed
2252 3693 2301 3742 in
2342 3688 2443 3743 hoc
2484 3684 2915 3757 antepenultima'
2934 3687 3091 3743 modo
3129 3686 3383 3755 producta
3411 3684 3485 3738 ιε.

1907 3760 2067 3830 gitur,
2100 3767 2159 3813 ut
2183 3760 2322 3829 apud
2352 3759 2599 3815 eumdem
2634 3758 2766 3813 libro
2798 3774 2847 3823 v,

2033 3871 2234 3935 Quando
2257 3871 2529 3921 induratum
2556 3868 2728 3933 plebes
2749 3870 2947 3921 Judaica
2972 3882 3147 3935 regem

2029 3933 2313 3995 Etl‘ugiens;

1907 4037 2068 4092 modo
2097 4046 2367 4107 correpta,
2396 4047 2453 4092 ut
2484 4037 2621 4109 apud
2654 4010 2928 4094 scdulium
2960 4053 3021 4103 ll,

2033 4146 2244 4212 Jodaicis
2269 4162 2436 4212 nuper
2454 4150 2661 4212 populis,
2689 4150 2905 4201 Orientis
2929 4150 2988 4199 ab
3009 4162 3123 4210 axe,

2031 4210 2349 4273 Progenitum
2374 4210 2566 4261 fulsisse
2590 4210 2784 4274 ducem;

1909 4324 1962 4369 et
1984 4314 2119 4380 apud
2145 4318 2354 4369 Arator.
2382 4315 2664 4371 FABRICIUS
2686 4324 2977 4371 comment.
3008 4316 3057 4367 in
3085 4315 3232 4366 Poet.
3256 4312 3487 4377 Clirist.,

1912 4400 1961 4453 p.
1999 4385 2083 4437 74.
2118 4415 2186 4424 -
2208 4386 2449 4438 Τοτηεεε.
2476 4385 2526 4444 1,
2551 4384 2756 4439 Judwa.
2782 4384 2977 4438 Confer
3016 4382 3488 4453 Obsery._Miscell.

1911 4445 2063 4515 ᾖον..
2109 4465 2249 4521 part.
2286 4469 2335 4514 v,
2386 4470 2437 4517 p.
2480 4453 2605 4506 454.
2650 4454 2723 4507 Ει
2759 4454 2995 4505 moribus
3026 4448 3204 4521 populi
3235 4445 3488 4521 Juduicut

1915 4538 2057 4586 saepe
2087 4519 2182 4589 pro
2214 4522 2377 4589 feroci
2402 4523 2700 4589 adhibetur.
2737 4521 2981 4575 Barthius
3006 4519 3228 4575 Advers.
3259 4533 3331 4579 χι,
3354 4520 3415 4589 4.

1838 4603 1889 4663 ι)
1920 4661 1936 4663 _
1986 4586 2110 4663 710⁷.
2164 4588 2366 4663 Ituimc]
2410 4586 2485 4645 Ita
2528 4592 2685 4646 eodd.
2733 4602 2787 4647 et
2836 4591 2959 4647 edd.
3012 4595 3294 4659 Autverp.,
3346 4588 3485 4644 Bibl.

1916 4661 2086 4732 Lugd.
2114 4672 2167 4715 et
2199 4662 2498 4732 Fabricius;
2528 4673 2738 4717 cmterm
2762 4677 2835 4716 est
2861 4662 3080 4716 addunt.

1986 4729 2107 4789 711.
2143 4730 2263 4803 Qui]
2295 4733 2367 4788 lla
2394 4733 2546 4787 Voss.
2574 4736 2624 4795 1,
2649 4732 2712 4797 9;
2742 4734 3019 4796 didicitque
3046 4752 3072 4788 ε
3099 4747 3306 4800 corpore
3329 4729 3487 4785 habet

1914 4805 2189 4875 Cantabr.;
2219 4805 2494 4875 didicitque
2520 4807 2571 4858 iu
2594 4804 2815 4860 Scltcdte
2833 4804 3109 4860 Pulmanni
3145 4814 3196 4856 et
3227 4805 3486 4869 Antverp.

229 4856 363 4942 illud
412 4854 715 4942 [meatieum
749 4855 934 4942 .Alclib.
979 4859 1111 4942 ξιξ
1140 4859 1190 4920 1,
1224 4859 1446 4942 ξμζπνέων
1493 4860 1698 4942 ἐπειλῆς
1728 4865 1803 4942 usi

1912 4854 2487 4942 naiasin-aratas;

229 4928 418 5000 γόνῳ.-
441 4925 724 5000 Posterius
749 4927 1025 5000 iilustravit
1064 4925 1312 5000 Ιιιιωήιιδ
1345 4928 1470 5000 Fer.
1501 4928 1725 5000 Davttt,
1753 4929 1805 4985 ὅ.

232 4996 891 5083 ἔιιίρείιινηνειξυοείιὶριιίξι
929 5000 1078 5079 ἕνεκα.
1103 4999 1352 5054 indicavit
1397 4999 1595 5083 Albe‘iti
1634 4999 1802 5057 Periti.

229 5066 444 5141 Critic_.,
474 5068 561 5121 51.
593 5066 724 5141 (dum
773 5066 960 5141 Latino
998 5069 1215 5141 spirare,
1259 5068 1805 5141 praeteriElsnerum,

229 5139 571 5195 contulerunt
605 5138 784 5191 lleins.
815 5138 880 5189 ad
913 5139 1064 5191 Ovid.
1099 5139 1312 5192 Metam.
1342 5156 1390 5204 ν,
1423 5140 1546 5203 548,
1580 5154 1633 5195 et
1676 5138 1805 5197 Dra-

230 5206 397 5261 kenb.
445 5208 509 5261 ad
560 5208 747 5262 Silium
796 5224 928 5272 xvii,
969 5209 1093 5263 556.
1136 5238 1209 5249 -
1244 5210 1504 5265 Cancrum
1542 5212 1699 5267 Voss.
1746 5214 1802 5279 2,

228 5295 435 5349 acerra,
471 5278 667 5334 indicio
697 5294 853 5349 quam
894 5279 1198 5347 frequenter
1228 5279 1254 5332 b
1275 5294 1323 5333 et
1356 5298 1383 5334 v
1415 5278 1801 5349 permutentur.

228 5348 528 5415 Corruptus
559 5349 681 5403 hinc
706 5349 936 5403 tsidorus
958 5352 1158 5420 Origin.
1189 5366 1247 5415 ll,
1268 5352 1355 5415 50,
1381 5348 1499 5420 quid
1525 5353 1588 5405 sit
1614 5354 1804 5409 thesis?

229 5420 621 5486 respondeatur,
659 5420 741 5473 cui
780 5421 851 5474 vis
879 5422 1036 5483 deest,
1061 5432 1112 5474 ut
1149 5422 1213 5475 sit
1244 5425 1387 5475 artis.
1424 5423 1491 5475 Ita
1522 5421 1806 5477 Gotltol‘reo

231 5493 333 5544 dos
364 5507 379 5545 :
416 5490 511 5546 sed
550 5501 845 5563 monstrum
887 5501 966 5563 est
1014 5493 1284 5557 lectionis,
1333 5494 1530 5547 dudum
1575 5495 1684 5563 jam
1731 5496 1801 5551 ita

230 5570 515 5633 corruptze,
549 5570 606 5615 ut
634 5562 752 5633 ideo
783 5562 832 5614 in
871 5562 999 5615 edit.
1044 5564 1209 5618 veteri
1252 5565 1363 5618 Ιιωο
1394 5563 1549 5618 verba
1583 5577 1805 5633 praster-

233 5632 395 5687 tnissa
418 5633 664 5691 arbitrer.
700 5632 1048 5687 Scribendum
1077 5650 1139 5687 ex
1168 5634 1508 5702 Groningano
1533 5654 1544 5687 :
1577 5632 1710 5703 Quid
1739 5638 1801 5690 sit

232 5704 446 5781 tussis?
479 5703 861 5781 respoudcatur,
894 5706 973 5757 cui
1003 5704 1085 5781 ges
1125 5716 1196 5760 est
1225 5706 1421 5781 [potius
1449 5707 1627 5780 deest],
1660 5718 1711 5761 ut
1743 5709 1805 5762 sit

231 5773 380 5835 assis.
412 5773 563 5841 Apud
596 5773 885 5826 Martialem
919 5792 969 5838 v,
1000 5776 1091 5841 90,

358 5864 511 5928 Utile,
541 5864 665 5928 quod
694 5878 787 5915 uon
814 5865 904 5930 vis,
929 5867 989 5918 do
1013 5868 1098 5918 tibi
1124 5867 1387 5923 consilium.

1984 4947 2107 5000 717.
2154 4945 2381 5017 Excutit]
2423 4946 2595 5001 Probo
2632 4946 3078 5009 elegantissimum
3120 4943 3191 4998 cl.
3235 4942 3487 5017 Wassen:

1912 5016 2079 5087 lve'gii
2126 5012 2507 5083 conjecturam,
2559 5018 2787 5082 excutis;
2819 5026 2876 5069 ot
2916 5017 3114 5070 Auania
3159 5016 3227 5067 sit
3261 5012 3487 5087 vocandi

1911 5082 2097 5149 castis;
2126 5082 2322 5141 rectius
2352 5092 2492 5141 enim
2524 5088 2749 5139 Ananiae
2776 5099 2853 5141 est
2883 5089 3127 5155 superius
3152 5101 3233 5139 vs.
3264 5082 3403 5149 M5;
3433 5084 3487 5136 in

1908 5158 2154 5211 omnibus
2179 5167 2356 5212 tamen
2382 5167 2687 5211 constanter
2716 5163 3023 5212 estea'cutit.

1980 5228 2103 5281 79!.
2146 5226 2355 5297 {latens}
2381 5230 2659 5293 (Iantabr.,
2692 5229 2846 5282 Voss.
2876 5230 2931 5293 9,
2964 5244 3171 5281 caurus.

1980 5298 2104 5351 722.
2136 5294 2615 5366 PleualCatitabr.,
2638 5300 2878 5368 plenum;
2903 5305 2993 5351 sed
3018 5294 3488 5368 alter-ttmgAralori

1908 5369 2339 5434 convenientius,
2384 5384 2478 5437 per
2516 5366 2830 5439 oxymorum
2874 5372 2991 5424 talia
3029 5366 3266 5439 jungenti
3297 5366 3484 5435 saepis-

1907 5454 2064 5495 ειηιθ.

1978 5510 2101 5565 725.
2150 5508 2477 5581 Tectumque]
2528 5509 2809 5565 Pulmanni
2856 5510 3080 5566 Sclzedae
3119 5520 3173 5565 et
3204 5511 3485 5576 Antverp.,

1905 5590 2218 5651 rectumque.

1982 5649 2403 5724 726.7Tcmporu]
2432 5650 2710 5708 Pulmantti
2741 5651 2963 5708 Schedac
2984 5661 3038 5708 et
3059 5652 3337 5721 Antverp.,
3362 5658 3482 5701 tem-

1909 5738 2052 5790 pore.

1983 5793 2104 5847 79.7.
2143 5794 2420 5863 'I‘riduann]
2455 5794 2686 5848 Primam
2719 5794 2803 5850 hic
2846 5804 3029 5850 contra
3062 5809 3262 5852 morem
3300 5789 3494 5855 corripi

1913 5873 2057 5919 nutat
2091 5865 2305 5921 Vossius
2336 5869 2442 5920 Art.
2477 5876 2751 5935 gratnmat.
2786 5883 2841 5933 ﬂ,
2874 5868 2959 5922 ὗε).
