4046 6456
595 376 696 433 107

771 490 1015 557 Quatuor
1037 491 1316 547 ordinibus
1343 505 1399 545 se
1426 487 1891 553 submittentibus;
1930 503 2032 543 una

781 583 936 657 155
970 584 1222 638 Ecclesia:
1250 582 1416 636 forma
1444 590 1548 645 est,
1571 595 1689 650 qua:
1715 590 1942 650 quatuor
1965 580 2166 635 eminet

1927 673 2095 747 [orbis

773 767 1042 834 Partibus,
1071 777 1124 822 et
1152 767 1292 821 laxat
1324 764 1543 821 totidem
1576 763 1913 834 princonibus
1940 779 2054 829 ora,

770 859 942 913 Omne
970 871 1138 927 genus
1163 857 1403 911 retinens
1430 855 1730 919 volucrum,
1766 853 2164 923 pecudumque,

1815 945 2094 1017 [ferarum,

772 1038 1171 1110 Reptiliumque
1200 1036 1393 1101 simul;
1423 1036 1736 1092 mortalibus
1764 1037 1864 1091 ista
1896 1038 2170 1091 coluerent

772 1131 849 1186 Ex
900 1131 1107 1187 meritis
1146 1130 1396 1199 vitiisque
1440 1129 1550 1184 suis
1583 1136 1771 1199 :patet
1815 1143 1976 1199 ergo,
2024 1127 2167 1197 quod

1889 1219 2098 1289 [auctor

765 1314 933 1371 Jussit
962 1314 1014 1369 in
1046 1312 1304 1369 Ecclesiae
1332 1310 1631 1367 transiendi
1662 1311 1868 1365 viscera
1898 1319 2106 1379 gentes.

768 1408 940 1476 macta
985 1414 1041 1463 et
1075 1406 1365 1474 manduca,
1420 1405 1546 1460 dum
1580 1404 1850 1475 pmcipit;
1893 1404 2166 1469 abstrahe,

1760 1494 1920 1567 [quod
1952 1502 2094 1558 sunt,

767 1589 837 1645 Et
864 1590 955 1645 tibi
988 1588 1069 1643 [ac
1093 1588 1327 1653 similes;
1357 1587 1446 1656 qui
1478 1586 1727 1654 vertitur,
1760 1586 1895 1639 alter
1921 1585 2165 1650 habetur,

767 1681 1005 1751 Denique
1030 1681 1226 1735 Saulus
1246 1680 1378 1743 obit,
1402 1680 1528 1749 quia
1552 1680 1741 1734 Paulus
1771 1679 1951 1732 vivere
1983 1677 2165 1746 coepit.

771 1772 946 1837 Absit,
976 1772 1166 1826 Petrus
1202 1771 1512 1840 ait:quanta
1537 1778 1619 1825 est
1647 1770 1943 1824 reverentia
1968 1781 2166 1823 sancta:

772 1864 958 1934 Legis!
987 1874 1042 1920 et
1075 1863 1317 1918 esuriens
1342 1862 1548 1917 oblatas
1579 1862 1781 1931 respuit
1811 1876 1986 1916 escas.

768 1957 874 2012 Ter
902 1958 1078 2011 sonuit
1110 1956 1316 2010 Domini
1347 1970 1470 2021 vox,
1503 1970 1621 2024 quae
1646 1954 1839 2008 dictata
1870 1952 2029 2007 salui
2054 1961 2165 2008 est:

769 2046 883 2102 Hoc
912 2045 1157 2112 Genitor,
1188 2044 1459 2116 Notusque
1500 2045 1679 2110 simul,
1712 2053 2028 2115 sanctusque
2048 2058 2172 2115 per-

1972 2136 2102 2209 [egit

765 2228 1015 2299 Spiritus,
1047 2229 1171 2285 huic
1202 2229 1321 2285 ﬁdei
1348 2243 1556 2299 pugnax
1587 2228 1730 2284 cadit
1761 2230 1972 2294 Arrius,
2008 2242 2170 2282 unum

770 2320 1033 2374 Personas
1062 2330 1169 2374 tres
1198 2334 1319 2375 esse
1341 2335 1573 2389 negans;
1607 2318 1873 2373 Sabellius
1898 2333 2084 2382 unum,

769 2408 873 2465 Sed
902 2412 1111 2464 Patrem
1136 2413 1434 2475 confessus,
1462 2412 1557 2475 ait,
1588 2410 1677 2479 qui
1705 2410 1899 2464 deinde
1933 2409 2170 2465 vicissim

777 2502 946 2557 Filius
970 2514 1023 2558 et
1052 2513 1269 2559 sanctus
1299 2503 1509 2558 dicatur
1536 2503 1767 2571 Spiritus
1792 2501 1955 2570 idem,

771 2593 877 2651 Sed
917 2602 1059 2649 totus
1104 2596 1175 2651 sit
1218 2604 1275 2649 ut
1314 2594 1429 2664 ipse
1471 2594 1652 2660 Pater,
1693 2593 1940 2663 quodque
1983 2592 2172 2647 ordine

1933 2683 2096 2756 [trino

775 2775 1022 2831 Continet
1051 2792 1185 2831 unus
1211 2789 1370 2845 apex,
1406 2777 1491 2829 hic
1536 2775 1747 2840 dividit,
1778 2775 1867 2831 ille
1896 2776 2171 2846 relinquit.

780 2866 936 2938 156
985 2866 1167 2922 Victus
1202 2876 1428 2936 uterque
1463 2868 1626 2936 jacet,
1664 2882 1788 2921 nam
1826 2865 1997 2937 jussio
2035 2868 2173 2922 trina

1805 2957 2095 3028 [mouentis

597 3048 703 3105 925
778 3048 1026 3104 Personis
1053 3063 1333 3105 numerum
1364 3048 1644 3103 virtutibus
1682 3047 1885 3102 indicat
1914 3064 2098 3113 unum,

777 3140 891 3205 Quo
912 3149 1067 3194 vocat
1093 3141 1318 3210 imperio
1341 3150 1555 3209 gentes;
1581 3139 1682 3195 hoc
1708 3141 1935 3196 credere
1964 3143 2043 3196 ias
2064 3150 2167 3210 est,

595 581 700 638 905

592 1312 697 1370 910

594 2407 697 2465 920

774 3232 833 3288 Si
894 3233 1138 3287 volumus
1188 3232 1460 3302 complere
1503 3230 1699 3300 tidem,
1758 3230 1890 3287 facis
1952 3230 2244 3299 omnia,C

1867 3326 2077 3382 Christe

1867 3326 2077 3382 Christe

768 3419 1038 3492 Sanguine
1067 3414 1265 3473 munda
1289 3424 1402 3483 tuo,
1430 3414 1613 3473 lateris
1644 3414 1735 3486 qui
1769 3325 2008 3503 ﬂuititab
2034 3365 2164 3484 iciu,

2051 372 2395 432 ARATORIS

2197 493 2251 550 Δ

2202 1859 2243 1918 Β
2271 1854 2376 1909 910

3752 368 3855 431 103

2459 486 2714 543 Discrette
2737 489 3054 556 coniunctus
3082 500 3268 556 aquas;
3298 486 3599 542 maculosus
3628 489 3856 546 oberrat

2269 576 2376 634 950
2446 576 2675 648 Anguis,
2711 587 2765 633 et
2790 578 3108 633 exstinctum
3141 577 3371 647 lymphis
3392 576 3558 646 gemit
3595 589 3719 634 esse
3749 596 3844 634 ne.

3552 683 3751 722 nenunr
3761 710 3778 722 .

2521 757 2791 827 Comperit
2815 758 3038 822 accitus,
3068 773 3185 827 quae
3215 758 3281 812 sit
3318 771 3414 813 sua
3443 760 3599 828 visio,
3631 760 3852 827 Petrus,

2447 850 2523 905 De
2551 850 2743 905 merito
2773 849 2865 919 qui
2894 864 3087 905 nomen
3130 849 3311 915 habet,
3343 866 3465 905 nam
3504 851 3696 906 Petrus
3728 853 3841 909 lle-

3602 941 3780 1012 [δι’εο

2444 1032 2755 1103 Agnoscens
2771 1046 3018 1088 sermone
3038 1042 3220 1100 sonat;
3244 1049 3342 1104 pro
3361 1048 3583 1089 munere
3599 1036 3677 1088 Ch
3686 1035 3853 1094 risms

2445 1123 2534 1179 Sic
2559 1125 2797 1179 vocitare
2826 1123 2998 1191 dedit,
3030 1138 3134 1193 quo
3155 1136 3516 1193 cognoscente
3542 1128 3775 1194 patescit

2451 1212 2737 1268 Descendit
2764 1213 2970 1267 visurus
2999 1227 3093 1268 eos
3122 1229 3256 1282 quos
3288 1214 3508 1269 miserat
3534 1214 3684 1281 illuc,

2446 1304 2545 1371 Qui
2576 1304 2798 1359 laticum
2837 1304 3094 1375 qumsitor
3123 1314 3257 1370 erat,
3287 1304 3618 1361 descendere
3650 1308 3848 1362 Petrus

2447 1396 2683 1465 Dicitur,
2738 1396 2806 1451 ad
2864 1396 3073 1466 plebem
3116 1398 3336 1453 veniens
3385 1407 3712 1468 gentemque
3753 1415 3850 1454 no-

3540 1487 3782 1559 [vellam,

2449 1576 2579 1644 Quae
2602 1577 2825 1633 necdum
2848 1586 3103 1649 cognorat
3124 1593 3346 1649 aquam:
3370 1595 3493 1650 pars
3519 1596 3694 1636 mersa
3732 1597 3850 1650 pro-

3531 1670 3665 1725 fecto
3697 1682 3788 1725 est

2448 1759 2613 1815 Sacro
2642 1759 2788 1816 fonte
2815 1774 3026 1829 carens,
3058 1759 3211 1830 cujus
3246 1760 3330 1817 via
3359 1759 3507 1816 ducit
3527 1771 3719 1817 euntes

2452 1855 2532 1909 Ad
2565 1855 2749 1924 patriae
2772 1856 3012 1910 melioris
3041 1870 3218 1924 opem,
3249 1871 3349 1925 qua
3384 1871 3606 1926 pergere
3630 1871 3849 1911 cessans

2447 1945 2560 2000 Non
2579 1945 2761 2011 intrat,
2785 1962 2890 2015 quo
2904 1946 3007 2001 vita
3026 1955 3209 2011 vocat;
3230 1946 3611 2001 comitantibus
3633 1947 3849 2014 iisdem,

2446 2038 2676 2092 Cornelii
2706 2049 2951 2107 properat
2978 2038 3214 2094 cmlestia
3244 2054 3405 2109 regna
3434 2040 3675 2105 daturus,

2423 2128 2575 2199 157
2593 2127 2937 2184 Sanctiﬁcare
2952 2128 3190 2195 domum,
3206 2128 3431 2199 genibus
3451 2144 3630 2199 quem,
3648 2129 3853 2199 pep'ite

3619 2221 3781 2285 ﬂexo,

3619 2221 3781 2285 ﬂexo,

2414 2310 2529 2365 Non
2558 2310 2685 2366 sinit
2710 2309 2922 2367 advolvi
2950 2328 2964 2367 :
2988 2311 3152 2382 gratis
3175 2310 3305 2368 dare
3334 2326 3557 2367 munera
3586 2220 3786 2367 [suetus

2274 2406 2381 2464 915
2415 2411 2577 2464 Arcet
2620 2409 2841 2467 honoris
2892 2408 3251 2483 dpuszcaput
3298 2412 3423 2468 hinc
3466 2427 3636 2469 novus
3683 2413 3850 2484 erigis

3581 2509 3595 2579 ί
3612 2508 3782 2572 orbis,

2416 2595 2516 2663 Qui
2546 2610 2832 2666 percussus
2859 2611 2979 2651 eras
3008 2595 3211 2668 antiqui
3255 2598 3415 2653 dente
3446 2599 3703 2667 parentis,

2422 2687 2771 2758 Natalemquc
2803 2689 2896 2743 tibi
2928 2689 3046 2743 fons
3077 2690 3337 2754 reddidit;
3366 2690 3506 2745 edite
3537 2706 3744 2756 rursus,

2418 2779 2494 2834 Ne
2526 2796 2707 2849 preme
2733 2781 2871 2836 colla
2902 2783 3026 2845 tuis,
3061 2782 3250 2838 alienis
3277 2783 3467 2847 libera,
3497 2783 3690 2852 culpis.

2422 2871 2489 2928 Ut
2517 2873 2745 2942 primum
2774 2873 2873 2927 fari
2902 2873 3148 2928 sublimia
3178 2874 3423 2943 dogmata
3454 2874 3644 2929 Petrus

2275 2962 2381 3021 950
2417 2963 2614 3033 Cepit,
2643 2975 2697 3018 et
2726 2965 2912 3020 aeterni
2954 2965 3212 3035 mysteria
3239 2966 3470 3034 pandere
3499 2966 3718 3030 Christi,

2418 3055 2784 3126 Magnanimos
2810 3065 3067 3124 stupuere
3096 3059 3215 3123 viri,
3246 3073 3539 3128 vocemque
3567 3068 3852 3127 sequentes

2420 3146 2677 3202 Invenere
2703 3147 2841 3202 viam
2867 3164 2879 3199 :
2906 3148 3031 3218 quid
3064 3164 3167 3201 non
3192 3148 3533 3203 credentibus
3563 3149 3721 3205 olTert

2268 1212 2375 1267 933

2422 3237 2718 3293 Induhitata
2750 3239 2923 3295 ﬁdes?
2951 3241 3032 3295 cui
3064 3254 3328 3308 nunquam
3359 3255 3580 3295 munera
3615 3242 3851 3311 tardant,

2416 3331 2525 3387 Nec
2552 3331 2756 3387 faciunt
2778 3332 2956 3387 divina
2986 3332 3188 3385 moram
3212 3349 3224 3384 :
3252 3347 3374 3385 mos
3401 3332 3630 3401 Spiritus
3658 3334 3849 3401 almus,

2280 3423 2385 3479 955
2423 3422 2707 3495 Indulgens
2736 3424 2914 3479 varias
2944 3422 3197 3492 opulento
3226 3436 3448 3479 munere
3474 3422 3707 3494 linguas,

2118 3613 2324 3671 ΝΟΤᾹΞ
2335 3655 2348 3671 .

667 3759 793 3814 904.
841 3748 1141 3821 Ordinibus]
1185 3750 1355 3816 Quam
1404 3748 1847 3821 signiﬁcationem
1897 3751 2018 3804 huic
2050 3752 2167 3808 voci

597 3829 809 3885 dederit
832 3827 1043 3886 Arator,
1068 3818 1155 3875 me
1174 3822 1418 3887 ignorare
1441 3820 1624 3871 fateor.
1646 3818 1873 3875 Codices
1903 3822 2029 3874 nihil
2057 3838 2174 3875 mu-

597 3910 734 3960 tant,
755 3910 922 3963 neque
948 3894 1103 3945 datur
1119 3891 1439 3963 conjecturae
1471 3890 1637 3963 locus.
1674 3888 1984 3963 E_x_primere
2009 3893 2174 3946 voluit

598 3958 817 4043 ᾀρχᾲῖς,
843 3958 982 4032 quod
1013 3969 1107 4043 est
1143 3960 1195 4043 in
1226 3958 1402 4013 'Actib.
1435 3973 1491 4043 at,
1519 3958 1545 4028 §
1560 3959 1669 4043 “tl.
1709 3958 1963 4043 Vulgatus
1992 3963 2169 4043 vertit,

600 4028 780 4100 iiit't'iis,
804 4028 984 4102 neque
1012 4031 1065 4085 id
1094 4030 1223 4084 satis
1257 4040 1521 4102 accurate.
1556 4028 1728 4102 (irasci
1770 4029 1839 4102 ita
1869 4033 2174 4097 exprimunt

601 4098 977 4174 cujuscunque
1002 4102 1086 4174 rei
1117 4098 1528 4174 extremitates.
1578 4098 1908 4174 Dignissima
1929 4109 2013 4154 est
2053 4116 2172 4174 qua:

602 4168 705 4230 hac
746 4175 812 4229 de
847 4168 1250 4241 signiﬁcatione
1278 4170 1424 4221 vocis
1473 4168 1803 4241 inSpicjatur,
1862 4168 2167 4225 observatio

600 4237 965 4301 Vitlckenaerii
990 4242 1056 4294 ad
1085 4238 1335 4293 Herodot.
1368 4252 1437 4298 tv,
1475 4252 1526 4302 p.
1558 4237 1680 4291 1308.

674 4317 797 4371 905.
834 4308 1095 4380 Ecclesire]
1128 4310 1283 4380 Voss.
1317 4310 1367 4371 1,
1408 4306 1703 4380 Fabricius,
1726 4307 2004 4377 Antverp.,
2034 4309 2166 4366 Bibl.

601 4387 796 4456 Lugd.,
832 4378 1207 4451 transponunt.
1233 4378 1427 4433 Forma
1450 4384 1525 4432 est
1558 4378 1819 4436 Ecclesiae.
1844 4380 2076 4435 Consule
2104 4382 2171 4437 ad

601 4460 759 4504 enisi.
786 4455 849 4504 ad
887 4454 1065 4504 Vinii“
1092 4466 1171 4504 vs.
1201 4451 1253 4504 9.

600 4454 759 4515 eoiét.
786 4455 849 4508 ad
887 4454 1065 4515 Vigil.,
1092 4466 1171 4505 vs.
1201 4454 1253 4504 9.

637 4470 759 4527 ptst.
786 4470 849 4508 au
891 4470 1065 4523 Vtgn.,
1092 4470 1171 4505 vs.
1201 4470 1253 4504 υ.

670 4526 793 4581 911.
836 4520 1008 4591 Quod]
1039 4521 1314 4584 Cantabr.,
1346 4526 1494 4588 quot;
1531 4519 1627 4574 Ed.
1659 4518 1843 4586 Basil.,
1874 4537 2006 4590 quin.
2039 4520 2169 4576 Vul-

2348 3754 2474 3830 928.
2504 3754 2722 3830 Latiaris]
2753 3756 2958 3825 Aldin.,
2992 3758 3176 3827 Basll.,
3208 3758 3372 3814 Tortt.
3408 3761 3456 3827 1,
3497 3759 3849 3830 distinguunt,

2279 3835 2367 3879 tuo
2396 3826 2590 3892 lateris,
2619 3826 2727 3895 qui.

2350 3895 2478 3950 9:29.
2509 3896 2742 3969 Οέιεννιιι]
2783 3897 3036 3972 Qumdam
3073 3898 3465 3972 edd.._oberrel,
3498 3908 3551 3953 et
3579 3915 3738 3972 mox,
3768 3916 3846 3972 ge-

2278 3975 2385 4039 mat
2413 3983 2428 4029 ;
2460 3976 2693 4039 ut_cer_t-i
2729 3983 2814 4021 res
2836 3969 3164 4037 designetur.
3196 3970 3421 4024 alterum
3450 3971 3618 4039 magis
3657 3969 3848 4038 placet.

2351 4036 2475 4108 951.
2504 4036 2650 4108 Qum]
2677 4036 3224 4107 Pulmanni'Scbedm,
3261 4036 3753 4107 Antverp.,'quam.

2350 4106 2475 4161 954.
2506 4105 2752 4179 Pais—scit]
2779 4112 2847 4162 lta
2866 4110 3096 4179 codices,
3116 4105 3438 4172 st-d’Alilinq
3462 4105 3645 4173 casu.,
3671 4110 3714 4163 ἰ’
3726 4126 3845 4164 orn.

2277 4178 2856 4249 1,7patescatrilndicat
2907 4178 3175 4233 Christum
3204 4196 3301 4249 per
3349 4182 3485 4234 Petri
3528 4180 3851 4248 agnitionem

2277 4248 2440 4302 fuisse
2485 4246 2858 4315 manifestum;
2909 4246 3221 4320 cognoscere
3240 4266 3337 4320 pro
3376 4246 3685 4320 agnoscere.
3722 4250 3852 4306 Vide

2277 4319 2340 4371 ad
2362 4318 2543 4372 Sedul.
2573 4334 2625 4372 v.
2661 4320 2749 4372 11.

2275 4332 2340 4371 aa
2362 4332 2543 4373 aeaut.
2573 4334 2625 4383 v,
2661 4332 2749 4373 ιι.

2345 4387 2803 4460 938._Cognorat]
2850 4388 3127 4454 Cantabr.,
3172 4391 3423 4460 cognovit.
3483 4390 3601 4444 Mox
3661 4389 3848 4454 Basil.,

2275 4473 2458 4531 aquas.
2484 4458 2841 4531 Sed_alteruin
2865 4463 3084 4527 rectius,
3112 4458 3248 4529 quia
3266 4462 3540 4531 speciatim
3572 4475 3741 4529 aquas
3760 4460 3850 4516 ba-

2279 4529 2456 4599 ptismi
2482 4529 2749 4599 intelligit.

604 4604 780 4664 gatum
814 4585 1172 4671 pirazsta'tthac
1192 4585 1653 4671 sententia,‘auf_er
1675 4592 1744 4646 ab
1766 4585 1834 4647 iis
1855 4585 1979 4647 illud
2028 4592 2171 4661 quod
2200 4585 2303 4671 Di
2346 4598 2475 4671 942.
2512 4585 2757 4671 ϐοιηὲιὶἱ]
2791 4598 3067 4671 Fabricius
3114 4600 3164 4653 in
3208 4599 3384 4653 Indice
3416 4607 3599 4671 monet
3657 4614 3849 4671 secun-

605 4659 762 4725 sunt;
794 4659 962 4730 eoque
988 4661 1188 4730 ablato,
1224 4662 1303 4714 l‘ac
1332 4660 1422 4714 tibi
1453 4659 1681 4716 similes.

679 4732 804 4786 9M.
850 4728 1073 4802 Sancta]
1123 4730 1415 4802 Fabricius,
1466 4730 1749 4800 Antverp.,
1793 4732 1924 4787 Bibl.
1974 4730 2169 4802 Lugd.,

607 4812 806 4869 sancto,
840 4807 898 4853 tit
923 4801 987 4853 ad
1016 4799 1224 4854 Petrum
1263 4801 1545 4855 referatur.

678 4874 803 4924 916.
830 4868 1035 4924 Sonuitl
1063 4870 1211 4924 Voss.
1235 4871 1288 4924 ‘2.
1318 4868 1535 4923 sanavit.

678 4874 803 4925 916.
830 4868 1036 4938 Sonuit]
1063 4870 1211 4924 Voss.
1235 4871 1288 4933 ‘2,
1318 4868 1535 4923 sanavit.

605 4940 808 5067 duiiirgi:
833 4938 1114 5067 titulum]
1146 4940 1315 4995 Priori
1339 4941 1515 5006 longa’
1547 4955 1667 5010 qua
1696 4941 1981 5011 θοττίιιὶῑιιτ
2009 4955 2038 4996 a
2066 4942 2173 4997 Se-

647 5026 750 5067 uno
771 5027 808 5077 l,
833 5026 959 5076 on,

853 5144 1129 5205 Sumusque
1152 5142 1393 5192 Sabellius
1417 5156 1527 5193 esse
1554 5142 1819 5197 fatendum.

607 5246 667 5301 In
695 5249 940 5371 agnitore
981 5247 1082 5301 hoc
1123 5248 1232 5316 jam
1278 5249 1474 5301 notavit
1522 5247 1737 5303 Vossius
1790 5253 1901 5303 Art,
1945 5265 2171 5320 gramm.

607 5332 665 5371 II.
766 5356 780 5371 .

605 5332 665 5382 ιι,
695 5332 780 5371 av.

680 5388 803 5440 922.
824 5386 999 5456 Trinol
1016 5386 1205 5444 Voss.l
1236 5429 1251 5453 ,
1266 5388 1315 5440 in
1332 5404 1452 5454 uno,
1471 5398 1650 5443 contra
1663 5388 1903 5446 Aratoris
1919 5402 2145 5446 mentem
2157 5438 2171 5450 .

832 5456 1106 5531 {ie'inguit}
1134 5459 1279 5523 Λεὼ,
1312 5459 1495 5524 Basil.,
1522 5461 1745 5527 reliquit,
1782 5475 1832 5514 ut
1863 5477 2011 5531 supr.
2043 5463 2164 5518 895.

643 5595 650 5605 ι
682 5526 805 5605 924.
840 5528 998 5599 Nam]
1025 5526 1178 5605 Voss.
1211 5531 1263 5605 1,
1286 5535 1423 5605 jam.
1456 5532 1584 5585 Vide
1607 5546 1752 5601 supr.
1781 5533 1904 5599 618,
1934 5526 1992 5589 et
2029 5536 2166 5587 ami-

608 5595 1003 5670 cissimum_van
1041 5600 1179 5670 Dorp
1209 5599 1261 5652 in
1288 5595 1536 5666 Dbserv.,
1570 5595 1686 5670 cap.
1722 5606 1806 5659 11.

683 5664 1114 5791 ﬂagitatis]
1150 5664 1333 5737 Antv.,
1380 5664 1651 5739 moventis}
1688 5675 1872 5733 eadem
1922 5672 2165 5731 confusio

609 5745 689 5792 est
719 5745 839 5789 tnl'r.
866 5745 1022 5791 11144.

676 5806 799 5864 926.
829 5804 961 5875 Quo]
989 5806 1260 5880 Cantabr.,
1286 5813 1390 5883 qui.

2271 4666 2393 4720 dam
2426 4670 2509 4722 hic
2528 4666 2757 4738 corripi,
2774 4684 2892 4737 quae
2916 4670 3225 4736 producitur
3250 4685 3329 4723 vs.
3361 4670 3464 4723 816
3493 4681 3548 4723 et
3579 4669 3705 4724 8H.
3730 4671 3845 4724 Non

2271 4738 2460 4808 video;
2491 4739 2704 4793 ultimas
2738 4740 2970 4808 syllabas
2999 4742 3264 4794 contraxit
3295 4740 3509 4807 Arator,
3544 4751 3597 4793 ut
3642 4755 3766 4793 mox
3795 4742 3845 4794 in

2269 4806 2473 4861 iisdem.

2347 4898 2698 4969 943.-Quem’]
2751 4901 3027 4956 Pulmanni
3076 4902 3330 4964 Schvdaz,
3363 4904 3546 4967 Antv.,
3590 4917 3724 4971 qua.
3774 4900 3847 4956 De

2279 4972 2470 5040 poplite
2494 4972 2640 5042 flexo,
2662 4971 2779 5025 vide
2804 4974 2869 5025 ad
2897 4974 3077 5027 Sedul.
3126 4973 3318 5042 llymn.
3350 4988 3413 5037 ιι,
3443 4973 3532 5029 51.
3554 5001 3621 5011 -
3651 4974 3845 5042 Vocem

2278 5042 2598 5110 sanctiﬁcare
2626 5041 2890 5096 Latinitati
2925 5040 3301 5098 ecclesiastica:
3328 5054 3473 5097 recte
3503 5043 3699 5096 asserit
3725 5040 3849 5096 Nol-

2274 5113 2455 5235 ἓὶιῗιιε
2486 5113 2664 5167 Lexic.
2714 5112 2920 5181 Antib.,
2956 5129 3072 5184 pag.
3108 5113 3233 5169 718.
3264 5115 3414 5167 Adde
3440 5112 3741 5215 ad‘Sedul.
3785 5128 3845 5178 ιι,

2347 5251 2471 5325 915.
2504 5251 2696 5325 Erigis]
2745 5253 2816 5308 lta
2864 5254 3058 5321 scripsi
3100 5268 3164 5307 ex
3208 5253 3485 5325 Cantabr.,
3516 5253 3671 5308 Voss.
3700 5253 3755 5325 1.
3790 5251 3844 5307 lo

2276 5324 2524 5377 omnibus
2548 5324 2770 5391 reliquis
2795 5333 2877 5378 est
2897 5326 3069 5393 erigit.
3104 5326 3155 5378 Id
3187 5324 3442 5378 damnant
3468 5324 3847 5393 sequentia.--

2276 5342 2524 5377 OHIIIIDUS
2548 5342 2770 5391 Γθιιηιιιδ
2795 5342 2877 5378 ρει
2897 5342 2971 5378 eri
3012 5342 3069 5379 Η.
3104 5342 3155 5378 lt]
3187 5342 3442 5378 damnant
3468 5342 3847 5393 sequennn.--

2276 5393 2432 5448 Voss.
2456 5396 2505 5459 1,
2528 5405 2678 5463 caput
2700 5393 2834 5446 huic.
2866 5393 2949 5448 Cl.
2977 5342 3419 5463 (Vasscnbergius
3445 5404 3703 5463 pra'tcrea
3736 5408 3848 5446 rna-

2277 5465 2439 5531 lebat,
2468 5475 2601 5517 arcet
2627 5466 2985 5535 lionorisiopes
3004 5507 3016 5527 ,
3049 5467 3118 5518 ob
3150 5467 3455 5532 praecedens
3482 5466 3667 5534 gratis.

2342 5535 2465 5588 917.
2504 5534 2861 5605 Natalentque]
2897 5533 3046 5590 Voss.
3082 5537 3134 5603 1,
3170 5539 3391 5589 natalem
3424 5535 3514 5587 tibi
3555 5537 3669 5606 fons
3698 5533 3847 5585 modo

2270 5607 2510 5660 reddidit.

2341 5674 2891 5758 95t._‘Magn_mr'im.es]
2921 5676 3013 5758 .lta
3062 5678 3223 5758 Voss.
3251 5677 3300 5757 l,
3328 5674 3621 5758 2_,_t§ldin.,
3659 5673 3844 5758 Basili?

2270 5747 2453 5807 Antv..
2480 5745 2641 5799 Torn.
2666 5746 2712 5799 1.
2730 5745 2954 5815 Reliqui,
2982 5748 3316 5815 magnanimi,
3346 5746 3477 5801 Vide
3504 5745 3569 5798 ad
3603 5760 3683 5799 vs.
3717 5745 3841 5797 “6.

2344 5815 2469 5872 959..
2502 5815 2660 5886 Quid]
2692 5816 2848 5871 Voss.
2880 5820 2930 5882 1,
2957 5834 3129 5887 quant.
