4038 6350
487 335 590 394 171

481 451 594 510 995
631 447 675 505 E
705 443 913 518 populis
937 448 1167 500 ventura
1195 441 1362 506 foret,
1390 444 1686 510 gentesque
1725 436 1929 494 levavit

631 541 782 596 Tune
818 537 1112 594 famulante
1158 534 1295 604 salo,
1344 531 1607 603 plenaque
1650 530 1701 587 in
1738 545 1912 600 puppe
1944 528 2076 585 fate-

1919 629 2007 678 tur

1919 629 1932 678 t

637 735 953 800 Ecclesium,
981 731 1134 802 cujus
1166 725 1371 800 placida
1402 723 1635 781 statione
1662 621 1932 790 reconditl,

634 827 791 897 Quod
819 825 1030 883 Domini
1062 834 1313 878 sermone
1342 819 1506 890 capit,
1526 819 1618 890 qui
1640 818 1853 874 dixerat
1881 825 2006 874 ante

637 922 771 977 Esse
798 920 950 984 alias,
978 928 1111 987 quas
1140 920 1352 984 quaerat
1378 924 1538 977 oves;
1573 908 1669 966 has
1699 924 1894 980 nempe
1924 924 2077 980 para-

1896 1001 2004 1068 hat,

1896 1001 2004 1068 hat,

493 1108 635 1170 1000
671 1107 814 1174 Quas
841 1117 979 1159 nunc
1003 1101 1106 1158 rite
1135 1106 1312 1166 vocat,
1343 1111 1439 1168 per
1467 1110 1601 1167 quas
1624 999 1912 1152 clementia
1936 1093 2082 1152 Petri

433 1193 435 1196 ’
671 1199 970 1268 Congregat
1000 1192 1252 1249 tethereis
1284 1191 1513 1246 humana
1545 1190 1752 1259 peculia
1783 1189 1970 1260 septis.

671 1291 788 1347 Non
818 1289 993 1347 deerit
1014 1302 1112 1345 sua
1131 1286 1270 1344 fama
1301 1285 1455 1342 locis.
1484 1285 1701 1352 Petrus,
1722 1285 1904 1340 omnia
1927 1297 2083 1355 pren-

1853 1378 2008 1445 dens,

1853 1378 1885 1434 d
1923 1395 1954 1434 ιι
1992 1419 2008 1445 ,

671 1476 959 1536 Bctbsaitla
985 1483 1136 1533 satus
1153 1476 1288 1533 urbe
1308 1473 1432 1544 fuit,
1453 1489 1575 1547 quas
1606 1378 2081 1532 nomine[ll:b8raao

669 1569 1002 1627 Venetorum
1049 1578 1134 1626 est
1178 1567 1323 1626 dicta
1367 1567 1591 1634 domus,
1640 1568 1765 1638 quia
1810 1581 1970 1625 verus
2015 1568 2083 1625 ab

1924 1661 2014 1717 illa

1924 1662 2014 1717 illa

492 1756 637 1818 1005
673 1757 930 1814 Ecclesia:
961 1766 1187 1816 venator
1213 1757 1390 1829 adest,
1419 1758 1510 1828 qui
1553 1765 1747 1814 cuncta
1790 1662 2084 1827 perifgrans

674 1847 878 1917 Cinxit,
905 1859 961 1906 et
985 1849 1054 1906 ad
1083 1848 1208 1908 ﬁdei
1236 1849 1456 1921 collegit
1487 1851 1624 1906 retia
1653 1857 1864 1921 gentes.

750 1943 903 2016 161
917 1942 1197 2000 Clauditur
1209 1943 1464 2012 obscuro,
1481 1943 1577 2000 sed
1593 1957 1700 2000 non
1724 1942 1842 2000 sine
1860 1943 2085 2012 lumine,

1825 2036 2016 2094 Petrus

1825 2037 2016 2094 Petrus

672 2126 924 2194 Carcere,
952 2141 1053 2182 nec
1105 2135 1330 2196 possunt
1375 2127 1613 2185 tenebrae
1658 2037 1891 2198 caligine
1943 2126 2088 2184 fulva

681 2220 937 2277 Ecclesiae
977 2220 1156 2278 celare
1185 2220 1328 2276 diem
1355 2239 1368 2274 :
1392 2236 1678 2277 commune
1708 2236 1805 2291 per
1829 2234 2018 2278 omnes

493 2313 637 2374 1010
673 2311 1005 2382 Supplicium
1044 2311 1206 2366 timor
1243 2311 1336 2368 ille
1373 2312 1500 2368 facit
1525 2329 1538 2364 :
1561 2311 1804 2368 custodia
1838 2310 1985 2368 Petri

676 2405 893 2463 Publica
927 2418 1087 2476 poena
1120 2403 1248 2472 fuit;
1281 2404 1557 2475 proprium
1589 2405 1682 2462 sed
1716 2413 1901 2476 pastor
1925 2405 2087 2474 ovile,

565 2555 570 2560 .
675 2503 904 2560 Servate
929 2499 1176 2568 custode,
1204 2501 1362 2572 regit,
1396 2516 1556 2571 quem
1585 2502 1722 2559 ditat
1748 2502 1956 2559 honore

673 2594 785 2652 Ter
842 2593 1127 2654 Dominum
1188 2592 1468 2652 confessus
1525 2609 1713 2663 amor;
1756 2595 1826 2653 de
1874 2595 2091 2653 nomine

669 2777 878 2837 Nomen
908 2778 1101 2836 Petrus
1124 2777 1332 2836 habens
1361 2786 1562 2836 aeterna
1590 2687 2089 2851 vocabullfitd‘tfat,

494 2875 638 2939 1015
673 2874 1047 2931 Fundamenta
1071 2886 1269 2944 gerens
1299 2887 1574 2943 nunquam
1599 2886 1822 2942 passura
1852 2872 2088 2929 ruinam.

675 2968 1003 3038 Exspectate
1024 2966 1158 3037 tuis,
1180 2974 1484 3036 cunctoque
1515 2965 1572 3021 in
1605 2975 1848 3037 tempore
1870 2965 2090 3037 charus,

635 3060 746 3118 'Et
785 3057 941 3116 nobis
983 3056 1133 3132 jam,
1184 3057 1378 3126 Petre,
1428 3057 1587 3116 veuil
1633 3057 1797 3113 simul
1842 3056 2092 3114 omnibus

1888 3149 2022 3225 [exi,

673 3245 823 3318 Quos
868 3243 1112 3303 stimulat
1158 3253 1348 3300 natura
1394 3242 1572 3314 prior!
1604 3240 1722 3299 Jam
1763 3251 1920 3299 nocte
1963 3256 2090 3313 pru-
2117 3231 2164 3297 C

1833 3334 2020 3408 [funda

675 3431 936 3508 Angelus,
959 3438 1110 3490 astra
1156 3427 1362 3499 ferens,
1393 3428 1668 3500 ergastula
1715 3427 1980 3484 candidus
2009 3427 2094 3484 in-

1852 3519 2015 3591 ftrat,

1935 314 2284 376 ARATORIS

2104 443 2158 501 Α
2186 433 2325 491 1020
2362 434 2430 489 Se
2457 433 2745 488 comitante
2776 434 2891 499 die;
2924 433 3044 491 coeli
3076 431 3324 491 veniente
3362 431 3629 503 ministro,

2117 1834 2167 1896 B

3666 307 3775 372 17.2

2364 526 2517 598 162
2561 525 2804 582 Carceris
2838 528 3023 582 umbra
3052 527 3210 597 fugit;
3257 527 3420 598 pulsa:
3455 529 3662 596 periere
3693 539 3773 586 te-

3458 620 3696 697 [nehrat,

2359 712 2607 769 Lucifero
2645 715 2887 771 radiante
2917 729 3088 781 novo;
3118 716 3269 771 color
3299 717 3507 772 exsulat
3533 725 3670 784 ater,

2362 805 2428 860 Et
2462 814 2662 861 mutata
2706 807 2888 864 vident
2936 817 3198 863 nocturna
3229 809 3544 879 crepuscqu
3575 809 3773 868 solem.

2365 894 2656 950 Custodum
2683 897 2912 953 vallante
2950 913 3133 966 manu,
3167 898 3308 955 inter
3335 900 3549 955 vincula
3575 899 3736 957 Petro

2184 985 2325 1041 1025
2365 987 2604 1057 Corpore
2649 1002 2870 1045 somnus
2913 999 3062 1056 erat,
3113 990 3207 1046 sed
3253 1005 3377 1046 eum
3429 991 3675 1064 vigilaret
3719 992 3772 1048 in

3557 1083 3701 1158 [illo,

2362 1171 2496 1242 Quae
2539 1175 2714 1232 nescit
2760 1176 3020 1246 dormire,
3045 1176 3180 1234 iides
3207 1195 3220 1232 :
3246 1177 3349 1234 hoc
3392 1178 3613 1234 Cantica
3662 1179 3775 1236 cla-

3489 1269 3700 1343 [mant:

2368 1360 2588 1416 Dormio
2617 1360 2779 1417 corde
2808 1362 2954 1431 vigil.
2997 1361 3132 1418 ιωιὶ
3161 1360 3484 1418 documenta
3515 1361 3702 1433 ﬁgura:

2373 1454 2606 1522 Discite,
2637 1457 2724 1525 qui
2762 1455 2961 1526 liquido
2993 1455 3264 1512 meruistis
3292 1456 3440 1511 fonte
3467 1457 3704 1524 renasci,

2367 1546 2456 1614 Et,
2491 1562 2611 1618 quae
2641 1547 2812 1604 forma
2852 1556 3034 1608 manet
3076 1555 3288 1604 sacrato
3315 1547 3372 1603 in
3399 1561 3631 1618 corpore
3676 1547 3777 1606 Pe-

3593 1642 3706 1716 [ῑτῑ.

2190 1735 2331 1793 1050
2369 1734 2584 1793 Cernite
2619 1737 2784 1794 corde
2827 1737 2917 1808 pio
2939 1753 2954 1793 :
2974 1738 3133 1795 docet
3165 1739 3304 1795 hanc
3332 1738 3549 1796 virtutis
3575 1745 3776 1810 apertas

2373 1831 2610 1903 Angelus
2649 1830 2766 1902 ipse
2813 1833 2989 1899 viam;
3022 1842 3248 1906 tangens
3293 1835 3432 1892 latus
3461 1835 3694 1905 impulit,
3723 1834 3778 1891 in

2443 1968 2454 1976 .
3582 1927 3708 2000 [qua

2375 2018 2629 2075 Ecclesia:
2677 2028 2786 2076 stat
2831 2029 2982 2089 parte
3010 2030 3197 2090 caput;
3228 2037 3329 2091 qua
3361 2022 3578 2077 nuntius
3604 2030 3780 2080 ortam

2370 2111 2624 2179 Noverat,
2658 2112 2781 2168 inde
2819 2113 2979 2169 levat.
3014 2114 3192 2169 Lateri
3221 2115 3506 2171 subnexuit
3537 2129 3677 2172 arcas

2375 2205 2521 2261 Ostia
2551 2214 2735 2262 sancta
2766 2206 2877 2262 Noe
2919 2207 3119 2262 clausis
3144 2207 3483 2275 animalibus,
3519 2207 3646 2265 hinc
3669 2215 3773 2278 est,

2079 2299 2082 2302 ’
2197 2295 2337 2354 1055
2376 2297 2585 2352 Diluvio
2616 2306 2892 2366 vastante,
2922 2299 3088 2354 salus.
3121 2299 3440 2354 Producitur
3468 2298 3603 2371 Eva,

2377 2389 2714 2446 Dormitante
2739 2390 2878 2458 viro,
2912 2391 3096 2446 lateris
3125 2402 3379 2462 generata
3416 2407 3678 2464 propago,

2372 2481 2578 2538 Nomen
2609 2482 2814 2539 habens
2843 2483 2984 2551 vitae,
3017 2483 3062 2539 si
3093 2499 3363 2555 nunquam
3394 2485 3549 2556 culpa
3572 2484 3779 2556 fuisset,

2369 2576 2460 2632 Sic
2506 2589 2756 2632 mansura
2808 2576 2980 2647 magis
3015 2593 3028 2630 :
3062 2574 3312 2636 Christus
3357 2587 3478 2648 post
3527 2580 3786 2652 mysticus

3494 2671 3715 2746 [Adam

2377 2762 2638 2835 Dignatus
2680 2763 2810 2821 dare
2857 2764 3098 2822 membra
3139 2765 3307 2833 cruci,
3340 2767 3580 2836 atquein
3619 2781 3784 2827 carne

3417 2861 3718 2932 [perempta

2199 2954 2338 3011 1040
2379 2955 2550 3010 Morte
2600 2953 2790 3024 premi,
2841 2969 2945 3026 qua
2995 2955 3099 3011 vita
3148 2955 3317 3023 redit,
3362 2970 3500 3012 nova
3541 2956 3681 3013 dona
3722 2955 3784 3013 li-

3510 3050 3716 3125 [quoris

2378 3142 2482 3196 Per
2513 3141 2695 3196 lateris
2741 3143 2974 3197 sacravit
3002 3141 3104 3197 iter
3132 3160 3144 3195 :
3169 3156 3314 3198 nunc
3337 3141 3558 3213 angelus
3584 3141 3680 3198 illa

2378 3234 2592 3290 Petrum
2627 3243 2779 3304 parte
2807 3243 2981 3302 vocat,
3017 3250 3167 3292 mens
3196 3235 3380 3292 credat
3409 3246 3468 3292 ut
3495 3237 3696 3307 omnis,
3720 3235 3777 3294 in

3209 3321 3214 3331 ’
3572 3330 3714 3405 [ipso

2377 3423 2629 3480 Ecclesia:
2655 3433 2905 3481 constare
2943 3425 3127 3494 decus,
3157 3434 3447 3498 teneatque
3475 3439 3715 3496 superno

2380 3520 2664 3574 Assertore
2691 3517 2851 3576 fidem
2869 3561 2884 3587 ,
2917 3534 3026 3590 quo
3055 3521 3418 3579 calceamenta
3457 3527 3714 3598 mouente

2023 3657 2249 3717 NOTAS.

563 3799 695 3858 997.
725 3791 998 3867 Rocondit]
1017 3788 1306 3849 Pulmanni
1327 3786 1576 3855 Scheda,
1601 3786 1867 3842 recondat.
1895 3784 2081 3852 Antv.,

490 3870 926 4011 .Quia]
953 3935 1185 4011 Qtnnino
1216 3945 1321 3987 non
1336 3929 1597 4011 displicet
1631 3946 1801 4011 quam,
1835 3927 1978 3998 quod
2003 3937 2086 3982 est

489 4015 553 4072 in
595 4002 828 4071 Vesta
865 4002 926 4065 et
967 4006 1134 4062 Turn.
1162 4002 1612 4070 1.—-Apostolos
1651 4010 1917 4055 venatores
1965 4013 2086 4056 esse

491 4086 670 4142 dictos
690 4076 1204 4152 ostenditﬁarthius
1234 4075 1463 4152 Advers.
1493 4089 1646 4141 xuii,
1900 4141 1910 4152 _

567 4152 732 4209 1006.
763 4146 956 4222 Cinxit]
987 4147 1222 4217 Respicit
1241 4146 1310 4202 ad
1333 4153 1642 4214 venatores,
1667 4142 1836 4200 silvas
1865 4142 2086 4212 cingen-

488 4232 598 4284 tes.
628 4224 833 4279 Auson.
863 4221 1023 4291 epist.
1055 4233 1134 4288 tv,

613 4359 695 4414 An
711 4373 820 4411 eum
841 4357 994 4411 fratre
1010 4368 1162 4418 vagos
1180 4356 1382 4418 dumeta
1407 4365 1501 4418 per
1513 4353 1622 4418 avia
1643 4363 1822 4418 cervos

614 4423 898 4478 Circumdas
917 4416 1140 4484 maculis,
1168 4424 1222 4470 et
1244 4416 1655 4481 multa’indagine
1679 4417 1862 4479 pinnat.

486 4553 679 4613 Fiebat
715 4549 861 4608 enim
901 4549 1116 4605 venatio
1145 4562 1241 4617 per
1282 4546 1481 4602 lineam
1525 4545 1717 4617 pennis
1760 4542 2081 4617 rubentibus

2194 3778 2592 3908 'tlera.—;Nunc
2642 3796 2767 3835 cura
2815 3780 2957 3850 prior
2996 3779 3202 3848 Aldin.,
3251 3780 3443 3852 BasiL,
3491 3782 3784 3857 Antverp.,

2241 3868 2358 3908 orn.
2429 3893 2442 3907 .

2241 3868 2358 3908 orn.
2390 3857 2442 3909 1.

2265 3925 2422 3981 1018.
2454 3922 2595 3995 Jam]
2619 3922 2902 3995 pautatim,
2933 3939 3074 3978 nam.
3109 3923 3242 3995 Vide
3268 3923 3333 3979 ad
3373 3939 3454 3982 vs.
3485 3925 3612 3983 988.

2266 3995 2426 4050 1019.
2462 3993 2636 4066 Astra]
2662 3995 2854 4066 Lucem
2879 4010 3059 4049 secum
3085 3993 3333 4051 efferens.

2265 4068 2425 4142 1929.
2462 4066 2526 4120 Et
2557 4065 2691 4139 quin]
2726 4066 3006 4142 Pulmanni
3039 4066 3284 4142 Sghedru.
3317 4067 3577 4142 Antverp,
3608 4085 3779 4142 atque.

2192 4167 2263 4178 —
2286 4135 2469 4193 Firmo
2501 4135 2691 4200 monet,
2726 4137 2880 4190 Voss.
2914 4138 2936 4190 1
2972 4136 3099 4192 :sed
3131 4137 3251 4194 vide
3287 4139 3354 4194 ad
3381 4155 3464 4196 vs.
3506 4135 3635 4197 159.

2264 4210 2422 4265 1050.
2452 4208 2676 4280 Apertw]
2710 4209 2862 4262 Voss.
2892 4208 2942 4272 1,
2971 4209 3025 4275 2,
3056 4221 3245 4280 aperto.

2264 4282 2423 4336 1054.
2456 4280 2675 4353 Clausis]
2715 4280 2995 4353 Pu_|manni
3043 4280 3292 4353 St'heda‘,
3327 4283 3516 4352 Antv.,
3545 4283 3778 4338 clausus.

2190 4352 2308 4409 Non
2340 4355 2469 4408 satis
2495 4351 2742 4408 accurate
2771 4351 3045 4408 Fabricius
3072 4352 3350 4422 distinguit
3375 4373 3387 4407 :
3418 4351 3783 4411 Νοεξσιιηιεὶε

2190 4426 2495 4479 animalibus
2522 4423 2639 4477 hinc
2670 4435 2762 4478 est.

2265 4498 2423 4554 1058.
2457 4497 2641 4563 Adam]
2688 4496 2876 4569 Priori,
2906 4495 3084 4569 longa,
3131 4510 3248 4565 quas
3291 4496 3410 4551 aliis
3458 4497 3775 4569 corripitur.

2191 4567 2476 4640 Utriusque
2507 4567 2753 4640 exempla
2784 4568 3173 4640 satisAeopiose
3203 4569 3312 4636 peti
3340 4581 3566 4640 possunt
3593 4567 3658 4624 ex
3689 4569 3779 4624 in-

489 4625 832 4696 distincta!!!)
875 4615 1256 4696 ίιιιαέἕπηδίάτέ
1296 4617 1600 4696 νάίοὲδδίυν·
1658 4615 1958 4696 “5539?”!-
2013 4616 2078 4668 ³ί¹
2115 4615 3265 4696 Ι)(ῖίὲἐἙέὖῖῑξιῖἲῖῬόεἰέλζοιῖιῖιὲὶῖἑἷιὸὲῖ

486 4695 651 4766 Apul.
677 4685 943 4766 Apol"
974 4685 1097 4766 182,
1133 4699 1186 4766 et
1222 4689 1340 4766 late
1388 4687 1656 4766 Deinster.
1782 4687 1995 4766 _ltosin.
2035 4703 2073 4766 ι,

489 4706 651 4766 Apul.
677 4706 943 4820 Λῗοιηέ).
974 4706 1097 4756 ‘Izsz,
1133 4706 1186 4743 et
1235 4706 1340 4742 tate
1394 4706 1656 4742 uemSter.
1685 4706 1752 4740 au
1811 4706 1995 4742 nosrn.
2035 4706 2073 4752 ι,

489 4767 548 4837 7,
580 4781 639 4837 ι).
684 4763 712 4820 1
754 4762 815 4837 9._
883 4775 1035 4837 _anc_
1057 4759 1352 4837 indaginem
1370 4757 1482 4837 _di_ci_
1509 4757 1743 4837 ostendit
1782 4756 1977 4837 Dpker:
2009 4758 2076 4814 ad

487 4827 640 4897 Flo'r.
670 4851 751 4902 ιιι,
787 4833 840 4900 6,
877 4833 972 4902 11,
1004 4827 1273 4902 Drakenb.
1319 4827 1386 4902 ad
1424 4827 1632 4883 Livium
1657 4843 1758 4902 vn,
1789 4828 1876 4893 57,
1913 4830 1996 4884 14.

470 4958 476 4967 .
508 4963 536 4980 ί,
564 4899 746 4965 1012.
779 4899 953 4980 Regii]
998 4900 1307 4980 Legendum
1350 4899 1544 4980 _forte,_
1564 4901 1685 4980 tegit
1729 4915 1748 4954 :
1786 4914 1921 4980 sane
1946 4902 2073 4980 lusio

487 4979 599 5037 duo
620 4992 764 5046 saepe
785 4971 1104 5047 pei'mutata'.
1135 4971 1401 5047 Draken‘b.
1431 4971 1496 5047 ad
1517 4971 1648 5047 Liv.
1665 4986 1870 5036 xxxvii,
1900 4971 1990 5035 11,
2017 4971 2069 5024 5.

487 5042 748 5108 Burman.
778 5042 845 5104 ad
867 5045 1127 5102 Catalect.
1159 5059 1239 5108 ut,
1269 5042 1439 5116 epigr.
1467 5043 1605 5116 260.
1636 5044 1710 5100 ita
1739 5051 1892 5116 pater
1923 5057 2075 5116 meus

417 5147 421 5155 ν
486 5121 630 5192 apud
655 5121 838 5177 Aurel.
869 5117 1011 5192 Vict.
1039 5117 1174 5173 Caes.
1204 5114 1386 5192 ιδῃ-δ,
1419 5114 1756 5192 emendabat,
1791 5115 1958 5167 hostes
1984 5114 2076 5168 lto-

487 5185 702 5249 noreac
743 5187 1493 5261 fortunisimanerttibusrexit.
1539 5185 1845 5261 Lipsienses
1892 5192 2073 5261 tamen

486 5264 544 5322 in
575 5256 816 5318 Actis‘A.
850 5260 1021 5326 1751,
1045 5275 1100 5330 p.
1139 5259 1194 5329 3,
1224 5259 1348 5315 texit
1386 5259 1502 5316 illic
1540 5257 1858 5324 defendunt,
1891 5269 1989 5324 pro
2018 5256 2072 5310 in

485 5335 650 5392 ﬁdem
676 5331 901 5403 recepit.

562 5403 724 5477 1014.
756 5397 959 5477 Portet]
976 5400 1270 5477 Pttlmanni
1296 5399 1544 5477 schedae,
1573 5397 1760 5477 Ant},
1797 5407 1965 5477 porto.

559 5475 720 5532 1015.
752 5469 996 5545 Ruinam]
1017 5474 1222 5545 Aldin.,
1238 5472 1422 5545 Basil._,
1438 5469 1638 5523 ruinas.
1662 5469 1840 5545 Poetis
1858 5469 2070 5539 quidem

487 5562 771 5607 numerum
794 5539 1056 5618 pluralem
1077 5539 1570 5626 frequentissimum
1594 5554 1714 5595 esse
1736 5539 2072 5596 demonstra-

484 5621 566 5677 vit
588 5618 918 5676 Schraderus
949 5615 1014 5671 ν.
1036 5616 1101 5673 C.
1128 5616 1308 5671 Amm.
1341 5612 1408 5665 ad
1439 5610 1716 5678 Musaeum,
1742 5625 1862 5680 cap.
1886 5613 1948 5676 2;
1974 5613 2067 5668 sed

526 5629 566 5676 it
588 5629 918 5676 scnraderus
954 5629 1014 5671 ν.
1036 5629 1101 5673 u.
1128 5629 1308 5671 Amm.
1341 5629 1408 5665 an
1439 5629 1716 5678 musaeum,
1742 5629 1862 5678 cap.
1886 5629 1948 5676 z;

485 5705 610 5751 cum
630 5691 886 5762 intelligat
908 5688 1115 5762 ruinam
1131 5686 1462 5762 universam,
1476 5682 1798 5762 singularem
1820 5685 2067 5753 praefero,

485 5779 558 5824 ex
597 5761 783 5818 eadem
801 5755 1044 5815 'ratione
1085 5772 1191 5826 qua
1238 5755 1460 5808 cinerem
1508 5760 1689 5810 tuetur
1730 5756 2071 5812 Burmaunus

487 5831 816 5905 apud‘Qvid:
837 5830 1032 5905 Heiu},
1063 5826 1155 5884 24.

531 5896 723 5981 ξ1018.
774 5898 937 5970 Quos)
977 5896 1137 5957 Voss.
1160 5898 1217 5969 2,
1243 5914 1365 5973 quo.
1405 5898 1647 5963 Adhaeit
1693 5913 1926 5973 sequens
1970 5899 2070 5959 lit-

2259 4711 2418 4765 1014.
2444 4709 2817 4781 Calceamcnta]
2835 4711 3320 4781 Antepenultimam
3345 4710 3505 4768 habet
3525 4712 3773 4771 brevem.

2185 4782 2444 4839 Prudeut.
2477 4782 2666 4849 Steph.
2690 4799 2700 4833 :

2433 4873 2616 4922 Plantis
2637 4871 2967 4923 calceamenta
2990 4875 3236 4926 dissolutis

2432 4937 2621 4985 Pronus
2644 4935 2913 4988 detrahere
2934 4937 3163 4990 studebat
3187 4950 3329 4988 unus.

2178 5020 2319 5077 Vict.
2353 5035 2369 5076 ι
2393 5036 2409 5074 z

2551 5110 2636 5175 Cui
2664 5117 2875 5175 tangere
2900 5127 2997 5162 non
3020 5127 3126 5163 sum

2487 5173 2826 5226 Calceameuta
2852 5177 3030 5238 pedum
3056 5177 3245 5240 dignus.

2179 5258 2787 5325 Fauntmusmomment.
2807 5261 2856 5315 in
2872 5260 3019 5316 Poet.
3043 5260 3243 5316 Christ.
3261 5259 3774 5331 p.25.—Posterius

2183 5331 2322 5399 apud
2357 5331 2658 5386 Fabricium
2687 5333 3050 5386 testimonium
3090 5347 3193 5386 non
3231 5330 3309 5388 eat
3340 5330 3636 5399 Victorini,
3671 5332 3770 5390 sed

2181 5401 2362 5474 l‘iustri
2391 5404 2512 5457 infr.
2547 5415 2604 5470 ιι,
2635 5403 2722 5456 '79.
2761 5404 2923 5458 Miror
2950 5403 3246 5458 Falsterum
3291 5405 3343 5457 in
3387 5404 3670 5474 Supplem.
3703 5404 3768 5458 L.

2180 5472 2267 5540 L.,
2312 5489 2364 5543 p.
2414 5475 2500 5541 «17,
2539 5476 2889 5528 calcimentum
2929 5489 3024 5542 pro
3057 5476 3422 5531 calceamenta
3464 5472 3770 5532 adhibitum

2181 5546 2473 5601 affirmare.
2509 5547 2681 5600 Utitur
2706 5547 2821 5600 loco
2849 5543 3163 5600 Columella:
3193 5546 3256 5602 Η.
3286 5547 3350 5601 lt.
3384 5563 3476 5612 xu,
3513 5547 3598 5606 5.1
3631 5546 3771 5613 ;sed

2182 5617 2287 5671 illic
2331 5616 2672 5672 calceamenta
2721 5617 2931 5686 legitur.
2997 5618 3271 5687 Expressit
3308 5621 3422 5671 hmo
3465 5620 3663 5673 Arator
3702 5632 3771 5674 ex

2180 5691 2301 5743 Act.
2334 5699 2507 5754 apust.
2542 5705 2637 5751 XII,
2731 5690 2784 5751 8,
2813 5688 3073 5748 ὑπόδησαι
3109 5699 3172 5744 τὰ
3209 5688 3472 5746 σανδάλια.
3510 5689 3771 5760 Vulgatus

2178 5761 2336 5832 vertit
2377 5761 2641 5827 interpres
2672 5775 2685 5810 :
2712 5769 2770 5832 iet
2809 5761 2979 5832 calceo
3017 5771 3063 5832 te
3093 5761 3288 5832 caligas
3321 5773 3433 5815 tuas
3463 5777 3482 5812 :
3510 5777 3632 5832 qua:
3669 5775 3770 5832 ea-

2179 5831 2304 5887 dem
2329 5831 2487 5886 habet
2515 5832 2670 5886 Joan.
2699 5830 2988 5886 Cassianus
3009 5831 3077 5886 de
3101 5830 3334 5887 lnstitut.
3369 5830 3596 5889 Cmnob.
3625 5832 3669 5900 l,
3699 5831 3766 5886 2:

2181 5902 2272 5962 ubi
2301 5903 2482 5976 caligis
2523 5904 2623 5959 tuis
2665 5903 2860 5961 nollem
2891 5902 3213 5962 emendasse
3261 5903 3564 5964 Vonckium
3606 5903 3768 5962 Lect.
