4026 6462
487 348 571 363 φν--ινυ
594 343 599 351 ¹

154 411 282 469 185

1483 628 1690 702 [aperta

349 724 440 783 Sic
474 723 765 795 prohibens
790 723 999 780 ratione
1015 722 1159 779 viros
1191 738 1206 775 :
1238 719 1509 780 Solemnia
1532 723 1687 780 nobis
1732 706 1754 722 ’

355 817 484 887 Cur,
516 830 727 888 precor,
772 815 875 873 ista
921 813 1098 872 datis?
1135 814 1309 886 fragili
1357 831 1492 887 quos
1533 830 1761 887 corpore

1457 911 1692 984 [constat

351 1006 589 1064 Terrena
619 1005 721 1063 sub
748 1004 867 1076 lege
892 1004 1063 1076 premi
1096 1020 1110 1059 :
1142 1003 1243 1060 fuit
1272 1001 1466 1074 impius
1495 1003 1624 1058 olim

349 1099 667 1172 Belligionis
695 1099 888 1167 honos,
920 1114 1043 1155 cum
1073 1098 1292 1155 numina
1318 1097 1432 1153 fusa
1469 1096 1699 1153 metallis

352 1193 605 1250 Artiﬁces
634 1193 865 1248 timuere
894 1193 1000 1260 sui,
1028 1206 1151 1248 cum
1180 1190 1377 1261 templa
1404 1189 1651 1246 dicarent

348 1283 618 1339 Abscissis
641 1282 708 1340 de
733 1297 868 1353 rupe
896 1282 1042 1349 deis;
1078 1292 1201 1338 tunc
1242 1282 1383 1337 forte
1406 1280 1608 1337 libebat

352 1380 510 1454 182
549 1378 813 1436 innocuos
851 1385 1088 1435 mactare
1113 1390 1337 1449 greges,
1368 1376 1639 1446 ﬁbrasque
1671 1382 1756 1433 te-

1476 1468 1686 1542 [pentes

351 1558 667 1634 Consulere,
695 1571 751 1620 et
776 1577 963 1621 vocem
986 1562 1210 1634 pecudis
1234 1558 1512 1617 morientis
1535 1559 1590 1615 in
1622 1559 1760 1616 extis

348 1658 633 1727 Quaerere;
667 1674 811 1716 nunc
839 1659 1023 1726 libeat,
1049 1657 1201 1713 vanis
1223 1655 1561 1712 cessantibus
1588 1653 1723 1723 aris,

353 1753 577 1809 (Etet'no
604 1768 798 1824 parere
828 1753 960 1820 Deo,
993 1752 1085 1821 qui
1110 1750 1317 1805 semina
1344 1749 1471 1804 vitae

352 1846 614 1913 Prmbuit,
645 1853 701 1901 et
727 1845 892 1900 variis
918 1842 1267 1915 proventibus
1292 1856 1418 1897 arva
1447 1841 1667 1909 locavit,

348 1939 512 2010 Cujus
538 1941 607 1995 ab
636 1940 863 2011 imperio
903 1938 1080 2010 plenis
1105 1937 1379 2007 consurgit
1411 1936 1590 1992 aristis

350 2034 429 2089 De
454 2048 625 2104 grano
656 2033 921 2089 moriente
967 2045 1142 2101 seges,
1177 2030 1490 2102 palmesque
1520 2030 1725 2088 recisus

153 2125 267 2183 190
346 2126 587 2183 Vulnere
616 2135 905 2196 conceptas
933 2124 1212 2181 fecundius
1237 2133 1425 2181 evocat
1450 2139 1602 2193 uvas,

352 2219 470 2289 Quo
497 2219 813 2276 moderante
841 2217 1047 2289 polum,
1078 2214 1374 2273 succedunt
1402 2216 1609 2273 solibus
1651 2216 1759 2272 im-

145 1098 269 1158 180

147 1655 268 1713 185

1184 408 1273 467 DE
1312 409 1603 470 ACTIBUS
1632 408 2137 473 APOSTOLORUM
2182 414 2311 473 LIB.
2352 415 2416 475 ιι.

332 534 483 610 131
561 530 759 591 Paulus
785 531 855 590 ad
883 531 1000 588 haec
1029 528 1261 588 tunicam
1287 532 1489 605 rumpit
1512 532 1759 603 festinus,
1787 543 1843 607 Α

1790 1949 1839 2011 Β

3344 426 3450 486 180

2043 534 2243 593 Discite
2264 536 2375 608 jam
2401 554 2611 610 verum,
2644 553 2799 598 sacra
2818 542 2889 600 de
2920 541 3138 615 Virgine
3163 549 3372 617 natum,

1820 612 1832 621 ’
1863 624 1971 683 195
2044 627 2103 683 1n
2135 630 2291 684 terris
2316 632 2589 688 celebrare
2615 632 2805 704 Deum,
2830 651 2931 693 nec
2963 612 3085 694 vota
3116 638 3302 695 feratis

2037 719 2303 790 Lanigero
2323 723 2581 781 damnosa
2612 728 2780 798 gregi,
2812 745 2945 799 quos
2974 730 3168 789 liberat
3188 735 3373 805 Agnus

2041 811 2242 869 Unicus
2265 853 2279 879 ,
2331 815 2573 874 ablutum
2603 818 2692 890 qui
2728 822 2992 892 sanguine
3039 836 3316 895 comparat
3358 839 3447 883 or-

3228 920 3370 977 bem.

3228 920 3370 977 bem.

2040 998 2135 1056 liis
2158 999 2316 1058 dictis
2340 1002 2598 1059 instructa
2636 1006 2769 1064 ﬁdes
2800 1025 2814 1063 :
2844 1009 2939 1066 sed
2967 918 3224 1082 corporis[
3245 1027 3372 1069 usus

2039 1093 2097 1148 ln
2126 1095 2397 1166 geminant
2426 1098 2689 1167 processit
2715 1116 2872 1171 opus,
2901 1101 3276 1175 duplicemque
3304 1105 3439 1176 tigu-

3237 1201 3375 1274 [ram

2042 1282 2303 1338 Personat
2324 1297 2427 1339 una
2452 1284 2618 1351 salus,
2644 1294 2754 1341 toto
2775 1288 2920 1358 quod
2942 1288 2995 1344 in
3028 1305 3246 1361 mquore
3267 1292 3452 1350 mundi

2041 1375 2295 1432 Ecclesiae
2320 1377 2426 1433 duo
2452 1388 2578 1434 sunt
2601 1380 2785 1449 populi
2814 1396 2910 1451 per
2933 1384 3098 1440 verba
3124 1385 3375 1455 duorum,

2039 1464 2137 1523 Cui
2164 1468 2350 1538 plenas
2380 1478 2601 1539 captura
2630 1471 2764 1527 duas
2792 1471 2918 1527 facit
2941 1487 3060 1530 esse
3087 1478 3316 1533 carinas.

2044 1558 2284 1629 Namque
2314 1563 2429 1616 haec
2457 1561 2691 1620 humano
2717 1564 2904 1633 generi
2924 1565 3118 1622 collata
3144 1567 3379 1625 vicissim

2046 1650 2374 1708 Claudorum
2403 1653 2635 1710 docuere
2657 1654 2844 1724 pedes,
2873 1656 3067 1726 quibus
3094 1668 3233 1714 astat
3252 1660 3454 1731 imago,

2048 1740 2269 1814 Singula
2290 1758 2517 1815 quaeque
2537 1759 2753 1815 gerens,
2777 1748 2976 1818 populo
3000 1750 3300 1807 communis
3319 1752 3451 1807 utri-

1861 1278 1967 1337 200

1865 1739 1974 1800 205

3287 1859 3377 1900 ue.

3287 1859 3377 1900 ue.

2045 1928 2217 1996 Quem
2247 1929 2439 1987 Petrus
2470 1930 2702 2001 antiquis
2731 1931 2915 1989 tribuit
2938 1843 3281 2005 consurgerEi1
3296 1935 3453 2005 plan-

3280 2028 3345 2084 tis

3280 2028 3345 2084 tis

2044 2114 2130 2170 Ad
2160 2123 2370 2185 portam
2408 2115 2615 2172 vicinus
2642 2124 2790 2183 erat;
2822 2131 2954 2187 gens
2982 2118 3128 2173 venit
3152 2117 3220 2172 ab
3242 2028 3336 2173 i[llo
3364 2067 3382 2095 ’

2044 2208 2378 2269 Circumcisa
2402 2208 2542 2278 loco,
2576 2208 2775 2264 Psalmi
2798 2248 2813 2276 ,
2844 2208 2956 2266 Lex
2984 2218 3145 2280 atque
3171 2209 3457 2280 Propheta:

1514 2306 1683 2378 [bres,
2048 2299 2148 2358 Cui
2175 2298 2376 2357 Christi
2415 2300 2663 2358 cecinere
2711 2302 2887 2369 diem;
2934 2316 3094 2372 quem
3142 2301 3339 2359 Paulus
3385 2304 3454 2360 ab

355 2403 510 2477 183
551 2403 820 2476 Tempora
866 2400 1224 2473 temporibus,
1252 2415 1513 2473 quaecum
1534 2401 1759 2474 fugitiva
3221 2395 3385 2468 [arvis
3490 2408 3501 2421 ο

1382 2494 1690 2567 [recurrunt
1866 2486 1973 2545 210
2046 2486 2240 2557 Erigit,
2272 2485 2340 2542 ad
2370 2485 2555 2556 templi
2582 2499 2856 2557 nunquam
2877 2484 3199 2542 consederat
3222 2485 3391 2556 mdes,

354 2587 487 2647 Post
512 2602 606 2647 sua
639 2596 812 2661 terga,
832 2588 951 2661 vagi
971 2586 1275 2645 constantia
1301 2595 1580 2656 permanet
1606 2570 1761 2643 anni.
2045 2582 2360 2654 Longinqua
2390 2581 2588 2640 tellure
2621 2581 2833 2654 iacens,
2875 2581 2998 2652 quia
3025 2581 3275 2653 gentibus
3300 2595 3458 2640 orsus

1700 2718 1933 2778 NOTAE.

156 2856 367 2927 nempe
391 2846 646 2912 majores,
676 2846 961 2905 memorat,
1006 2846 1069 2919 in
1107 2846 1301 2908 quibus
1346 2846 1452 2894 hoc
1496 2853 1527 2894 ιι

157 2914 346 2993 fuisse
368 2914 527 2993 decet
549 2911 893 2993 Ιξιριιιιιςιιιιεἒ
914 2910 981 2993 ad
1009 2909 1209 2993 T1bull_.
1234 2924 1318 2993 ἰν,
1342 2909 1369 2963 1
1391 2952 1406 2978 ,
1439 2908 1529 2993 15.

239 2985 368 3041 175.
414 2981 595 3054 Tauri]
624 2984 673 3039 ls
701 2982 842 3054 enim
865 2980 983 3038 Jovi
1012 2979 1409 3054 immolabatur,
1435 2982 1523 3037 cui
1554 2982 1756 3038 Barna-

1107 2837 1301 2908 quibus
1346 2836 1452 2894 hoc
1496 2838 1752 2895 usitatum
1859 2832 2117 2907 Virgilius
2148 2832 2344 2905 Georg.
2368 2847 2452 2901 111,
2470 2832 2617 2901 491;

1986 2947 2092 3000 Nec
2109 2960 2346 3029 responsa
2368 2952 2537 3012 potest
2552 2948 2804 3001 consultus
2827 2950 3045 3003 reddere
3071 2954 3227 3005 vates.

67 3094 74 3105 ι
159 3057 291 3115 bam
322 3048 715 3131 assimilabant.
766 3053 840 3131 De
878 3063 1030 3109 tauro
1065 3050 1185 3131 Jovi
1210 3050 1489 3131 immolante
1510 3062 1757 3131 _testat_ur
1859 3048 2030 3131 quem
2059 3055 2237 3131 locum
2269 3055 2324 3131 i_n
2353 3054 2543 3131 eadem
2577 3055 2692 3131 hac
2720 3071 2780 3131 re
2826 3056 3069 3114 adhibuit
3112 3073 3325 3131 quoque
3352 3060 3461 3119 Ls-

163 3142 385 3199 quoque
423 3126 747 3199 Athanasius
775 3124 1079 3199 Opp_._tom.
1113 3122 1160 3188 l,
1177 3136 1241 3199 Β.
1288 3121 1378 3199 20.
1419 3122 1526 3178 Sed
1568 3125 1755 3199 confer
1858 3121 2093 3183 ciantius
2124 3126 2240 3180 Div.
2275 3125 2452 3199 lnstit.
2485 3142 2577 3199 _1v,
2619 3127 2716 3199 27,
2746 3128 2781 3183 5
2812 3146 2825 3181 :
2856 3144 3017 3199 quem
3047 3121 3254 3186 confer:
3286 3132 3353 3186 Et
3378 3135 3462 3190 sic

164 3192 274 3253 liae
298 3192 368 3253 de
399 3211 457 3252 re
483 3192 845 3267 disputantem
870 3194 1152 3267 Rhoerium
1176 3192 1300 3247 Fer.
1318 3192 1585 3267 Daventr.
1613 3210 1673 3261 ιι,
1698 3195 1751 3251 6.

164 3268 437 3325 Eumdem
468 3262 598 3323 vero
618 3267 882 3322 honorem
902 3264 1090 3330 Paulo,
1118 3278 1278 3333 quem
1313 3262 1579 3321 Mercurio
1604 3281 1753 3321 com-

1859 3213 2062 3269 sacrash
2087 3212 2230 3250 vaces
2248 3197 2347 3269 _de
2392 3196 2819 3269 pei_voiuntale
2848 3196 2982 3253 dixit
3025 3199 3233 3269 Suipic.
3265 3203 3456 3260 Sever.

1856 3265 1997 3324 Hist.
2032 3266 2095 3342 S71
2124 3282 2196 3342 tt_,
2248 3264 2316 3319 '55
2339 3267 2445 3342 ,_5.
2492 3265 2835 3342 Caeteroquin
2879 3264 3222 3342 conjecer'am
3246 3312 3263 3338 ,
3305 3282 3461 3342 atque

163 3338 718 3415 parabant,_habitun_t
740 3337 927 3415 fuisse,
947 3337 1076 3415 quia.
1094 3348 1379 3415 commune
1409 3335 1510 3391 hoc
1538 3351 1752 3392 sacrum
1780 3352 1827 3415 ο
1859 3354 2025 3394 omen.
2062 3337 2172 3415 Sed
2236 3351 2302 3415 ex
2356 3336 2607 3415 Aratoris'
2648 3335 2793 3415 stilo
2833 3335 3004 3392 vocem
3052 3340 3217 3415 habet
3247 3335 3463 3415 'quo'se

163 3402 319 3484 erat,
338 3402 637 3481 suspicatur
664 3402 933 3466 Hoveuius
961 3402 1111 3465 'Otiis
1151 3404 1220 3459 ad
1256 3402 1483 3474 lsalam,
1515 3416 1658 3477 part.
1702 3423 1750 3475 1,
1784 3402 1829 3454 ’Ἰ
1869 3416 2099 3484 tueatur.
2132 3407 2211 3462 De
2238 3407 2445 3484 i_psa_re
2476 3406 2670 3484 genter
2698 3402 3055 3477 Bulengerum
3082 3410 3149 3466 de
3179 3402 3385 3469 Sortib.
3416 3426 3464 3484 ι,

163 3496 223 3553 p.
254 3496 351 3539 ὃν.

239 3552 374 3625 176.
407 3552 644 3625 Rumpit]
665 3551 748 3608 Ob
768 3552 1028 3609 honorem
1049 3553 1312 3625 divinum,
1337 3565 1495 3624 quem
1523 3548 1760 3625 tribuere

165 3623 525 3681 conabantur.
546 3620 801 3679 'ld"enim
844 3624 1077 3696 inlaesa
1120 3626 1217 3681 Dei
1250 3620 1759 3696 tn'ajestatedudzeis

164 3697 451 3751 usitatum.
481 3696 617 3751 Vide
664 3695 826 3751 Barth
868 3694 935 3750 ad
964 3695 1107 3751 Stat.
1135 3696 1307 3753 Theb.
1336 3691 1428 3760 1x,
1462 3691 1588 3747 554.
1622 3692 1759 3747 Male

167 3766 322 3823 idem
352 3767 420 3823 ad
460 3766 555 3822 lib.
585 3781 603 3820 1
632 3766 803 3821 Theb.
838 3766 964 3835 595,
992 3776 1046 3822 et
1073 3784 1145 3829 ιιι,
1179 3768 1305 3834 554,
1343 3769 1486 3822 hunc
1514 3765 1758 3820 Aratoris

166 3837 356 3919 locum
387 3839 454 3894 ad
484 3838 685 3919 luctum
712 3837 902 3919 refert,
928 3854 1034 3919 quo
1054 3839 1270 3919 Judgnos
1300 3839 1541 3919 aliasque
1569 3845 1758 3919 gentes

163 3911 495 3966 vestimenta
545 3909 755 3978 rupisse
804 3905 986 3964 docuit
1036 3910 1104 3965 ad
1143 3911 1238 3965 lib.
1274 3926 1312 3964 ιι
1358 3905 1756 3978 Silv.,1,_171.

162 3979 247 4036 Ex
275 3980 397 4036 sola
430 3980 526 4035 Dei
554 3976 839 4051 majestate
868 3979 955 4051 hic
984 3982 1121 4036 ratio
1153 3980 1445 4051 repetenda
1473 3984 1590 4051 est,
1619 3976 1759 4033 haud

163 4052 335 4107 aliter
364 4066 524 4122 quam
556 4052 611 4105 in
633 4047 852 4119 Caipbce
884 4049 1044 4117 facto,
1075 4047 1234 4107 unde'
1249 4053 1447 4108 rectius
1477 4047 1761 4118 indignan-

164 4124 255 4179 tia:
287 4124 396 4177 hoc
427 4122 613 4177 tribuit
634 4122 701 4177 ad
735 4122 1022 4177 Claudian.
1049 4124 1101 4177 in
1130 4122 1312 4178 Rufin.
1344 4140 1385 4188 1,
1417 4122 1507 4177 55.

234 4195 370 4249 177.
386 4192 692 4265 Prohibcns]
706 4194 788 4249 Cl.
804 4193 1247 4265 Wassenbergius
1263 4194 1500 4265 coniicit,
1518 4192 1758 4263 prodens,

162 4264 270 4321 hac
303 4267 591 4329 sententia,
644 4264 862 4331 Paulus,
909 4266 1147 4320 tunicam
1202 4264 1525 4335 runtpendo,
1576 4272 1761 4330 aperta

162 4338 383 4392 ratione
410 4336 669 4405 prodebat
696 4350 756 4391 se
786 4347 840 4391 et
868 4337 1170 4391 Barnabam
1202 4334 1372 4403 viros,
1407 4335 1458 4389 id
1488 4341 1572 4389 est
1593 4334 1764 4405 homi-

164 4422 267 4463 nes
317 4404 474 4470 esse,
525 4422 633 4462 non
675 4408 827 4461 deos.
875 4406 1214 4475 Coniecturae
1262 4405 1474 4476 pondus
1520 4404 1670 4457 addit
1691 4419 1763 4457 ex

162 4477 502 4547 prtecedenti
534 4478 751 4545 festinus
771 4516 787 4541 ,
820 4485 876 4547 ut
899 4477 1049 4530 ocius
1077 4487 1229 4547 veste
1256 4479 1431 4547 scissa
1449 4512 1466 4539 ,
1494 4481 1549 4527 et
1576 4483 1763 4541 aperto

162 4543 395 4619 pectore
423 4543 696 4602 hominem
728 4544 1013 4613 proderet,
1050 4545 1191 4598 unde
1217 4559 1297 4597 vs.
1337 4543 1439 4597 178
1465 4559 1477 4594 :

677 4632 861 4697 Fragili
885 4647 1007 4696 quos
1025 4647 1233 4697 corpore
1254 4638 1444 4684 constat

489 4698 713 4748 Terrena
734 4697 827 4747 sub
850 4696 967 4759 lege
992 4696 1168 4760 premi.

239 4782 373 4840 181.
418 4777 538 4852 Sui]
564 4780 748 4852 Antv.,
781 4780 910 4833 suis.
943 4778 1170 4849 Egregie
1200 4779 1299 4835 hac
1329 4779 1398 4852 de
1424 4793 1482 4835 re
1509 4777 1763 4852 disseruit

166 4850 805 4910 Athanasius'Oratione
852 4859 1041 4907 contra
1089 4861 1276 4921 gentes
1304 4892 1317 4918 ,
1354 4850 1496 4922 Opp.
1548 4858 1681 4908 tom.
1714 4851 1758 4921 1,

210 4965 225 4979 .
258 4926 349 4981 15.

166 4937 684 5068 {£8021Abscissis]
711 4994 955 5051 Termes.
998 5010 1047 5061 ι,
1093 4993 1254 5049 Antv.
1306 4993 1517 5050 abscisis
1546 5009 1566 5048 :
1594 4996 1757 5054 male.

160 5065 311 5130 ,Vidc
339 5067 405 5122 ad
445 5067 541 5123 lib.
571 5082 620 5133 ι,
663 5065 823 5123 1051.

247 5138 375 5195 182.
408 5136 555 5211 Deis]
578 5136 857 5211 Canuter
883 5137 1033 5211 iiiis:
1058 5135 1225 5211 male;
1253 5135 1308 5191 in
1331 5134 1429 5211 hac
1451 5138 1759 5211 enimpscri-

176 5219 334 5336 ριιιόἓ
366 5208 514 5280 prior
537 5207 867 5280 producitur.
903 5207 1037 5263 Vide
1059 5207 1315 5262 Burman.
1353 5209 1406 5261 in
1434 5208 1754 5281 Antiklotz.,

176 5295 229 5336 ι).
341 5321 352 5334 .

406 5350 641 5423 Libebat]
689 5350 935 5423 Cantabr.
973 5392 1000 5423 ,ί
1050 5349 1204 5406 Voss.
1233 5349 1321 5423 Δ1,
1373 5347 1426 5423 2,
1456 5350 1579 5423 edd.
1606 5353 1755 5423 Ald.,

178 5416 346 5478 Torn.
377 5424 431 5492 1,
462 5416 665 5490 ticebai,
698 5432 756 5477 ut
796 5420 910 5477 hzec
932 5416 1093 5492 etiam
1120 5416 1344 5492 confusa
1394 5419 1520 5492 intr.
1549 5422 1674 5491 509,
1707 5416 1762 5484 ct

180 5494 323 5560 apud
353 5490 554 5551 Lucan.
587 5511 647 5562 ιι,
678 5494 805 5561 506,
835 5502 891 5549 et
919 5510 973 5558 v,
1006 5491 1129 5547 177.
1162 5491 1371 5547 Libebat
1413 5490 1498 5546 hic
1542 5493 1758 5553 ﬁrmare

180 5563 394 5639 {idetur
416 5567 665 5639 repetitio
685 5582 761 5622 vs.
802 5563 1093 5639 1857,71!th
1121 5564 1312 5639 libeat;
1331 5578 1558 5633 cumque
1590 5566 1758 5623 honor

184 5633 275 5708 i_l_ie
306 5633 495 5708 impius
537 5638 745 5693 dicatur
777 5652 857 5691 vs.
890 5637 993 5708 179
1014 5677 1032 5708 ,ί
1055 5650 1178 5708 non
1229 5636 1385 5690 video
1415 5638 1683 5704 quomodo
1711 5640 1764 5695 id

183 5701 388 5762 licuisse
408 5726 475 5763 ex
507 5709 655 5763 Pauli
685 5706 949 5764 sententia
980 5707 1237 5762 afﬁrmet.

184 5844 213 5851 ‘_
254 5778 377 5835 181.
417 5780 628 5850 Vocem]
654 5780 930 5847 Responsa
954 5778 1200 5851 deorum,
1236 5794 1302 5833 ex
1332 5778 1525 5849 quibus
1553 5792 1766 5840 eorum-

180 5844 300 5906 dcm
334 5844 659 5907 voluntatem
690 5844 914 5920 quaerat.
948 5850 1111 5904 Silius
1138 5866 1171 5916 ι,
1211 5851 1327 5918 120,

364 5942 531 5991 Hostia
562 5947 794 5991 umetatur
812 5944 956 6001 dtvce,
986 5944 1258 6003 raptimque
1285 5944 1495 5995 recludit

359 6003 618 6070 Spirmtes
639 6012 774 6060 astus
797 6016 1007 6071 poscens
1024 6016 1259 6071 reslmnsa
1279 6008 1531 6063 sacerdos.

1684 6002 1739 6013 ’νὴ

1864 3481 1918 3537 6.
1953 3478 2157 3536 Statius
2187 3493 2225 3532 ιι
2251 3474 2444 3543 Theb.,
2473 3474 2583 3532 216
2611 3494 2624 3530 :

2235 3598 2301 3650 Hi
2323 3597 2461 3650 ﬁbris
2483 3600 2746 3663 animaque
2769 3600 2931 3652 litant.

1863 3706 2026 3764 Miror
2052 3705 2342 3762 Cellarium
2374 3706 2441 3761 ad
2476 3705 2722 3763 Lactant.
2774 3706 2950 3762 lnstit.
2988 3721 3046 3763 ιιι
3068 3748 3082 3771 ,
3130 3707 3195 3775 8,
3240 3708 3305 3772 8,
3341 3708 3455 3765 illic

1863 3778 2089 3833 animam
2122 3793 2215 3847 per
2239 3777 2459 3843 animal,
2512 3793 2674 3847 pecus
2717 3792 3012 3847 exponere.
3046 3778 3286 3849 Respicit
3314 3780 3457 3834 enim

1864 3848 2073 3905 Statius
2101 3849 2168 3903 ad
2199 3849 2471 3918 duplicem
2505 3864 2731 3916 morem,
2757 3864 2864 3920 quo
2894 3851 2977 3904 vel
3006 3848 3169 3905 fibras
3198 3850 3455 3906 consule-

1864 3920 2015 3985 bant,
2050 3920 2159 3985 vel,
2191 3919 2239 3975 si
2271 3935 2379 3975 non
2403 3919 2784 3985 consulerent,
2810 3920 2980 3976 solam
3009 3921 3245 3975 animam
3269 3936 3447 3976 sacra-

1865 3990 2015 4054 bant,
2032 4006 2151 4061 quae
2164 3991 2382 4045 victima
2402 3992 2641 4045 animatis
2658 3991 2957 4048 dicebatur.
2977 3988 3175 4048 Confer
3200 3992 3448 4049 Servium

1865 4063 1931 4118 ad
1962 4061 2148 4132 Virgil.
2181 4063 2309 4117 ίΕιι.
2336 4078 2416 4128 ιιι,
2444 4062 2573 4129 251,
2602 4072 2655 4119 et
2686 4079 2761 4131 tv,
2796 4063 2887 4121 56.

1940 4130 2077 4188 185;
2109 4130 2454 4203 Cessantibus]
2482 4132 2604 4188 Arae
2634 4133 2777 4189 enim
2805 4134 2944 4204 apud
2975 4133 3311 4191 Christianos
3344 4136 3455 4203 pri-

1867 4218 1958 4276 mo
1989 4214 2231 4276 tempore
2262 4218 2479 4273 prorsus
2509 4204 2725 4260 fuerunt
2754 4206 2951 4276 ignotae
2976 4248 2993 4273 ,
3045 4216 3103 4260 ut
3127 4215 3274 4262 recte
3320 4208 3458 4262 vidit

1870 4272 2065 4345 Georg.
2099 4272 2300 4330 Remus
2328 4276 2384 4329 in
2415 4277 2573 4343 epist.
2609 4276 2675 4328 ad
2703 4272 3120 4331 Kirchmarinum
3148 4314 3162 4335 .
3207 4291 3330 4345 quae
3360 4291 3454 4331 ex-

1867 4354 1973 4400 stat
2006 4347 2060 4399 in
2090 4347 2257 4413 Epist.
2288 4348 2555 4401 clarorum
2583 4347 2776 4412 viror.,
2807 4362 2861 4414 p.
2892 4345 3030 4414 212.»
3049 4345 3241 4414 Postea
3270 4359 3457 4414 earum

1869 4429 1995 4469 usus
2027 4411 2298 4491 invaluit.“
2318 4418 2591 4491 Τράπεζαν
2638 4411 2902 4491 memorat
2932 4411 3277 4491 Athanasius
3314 4412 3456 4491 Qpp.

1870 4491 2006 4537 tom.
2041 4486 2081 4547 l,
2113 4499 2167 4550 p.
2198 4483 2332 4547 1:22;
2360 4479 2493 4535 'aras
2520 4493 2574 4536 et
2602 4483 2791 4535 altaria
2817 4481 3177 4536 Tertullianus
3217 4479 3285 4535 iis
3324 4479 3459 4538 lucis

1870 4568 1990 4621 quae
2024 4551 2285 4621 Rigaltius
2317 4551 2478 4621 habet
2506 4552 2575 4606 ad
2607 4554 2802 4606 Minue.
2836 4551 2948 4607 Fel.
2978 4551 3191 4619 Octav.,
3220 4565 3271 4607 c.
3298 4551 3386 4607 52.

1946 4623 2068 4678 190.
2096 4620 2330 4693 Evocat]
2359 4620 2434 4676 lta
2458 4623 2609 4678 solus
2634 4623 2885 4677 Cantabr.
2911 4622 3205 4693 Reliqui‘et
3224 4622 3381 4681 codd.
3408 4631 3465 4680 et

1872 4694 2024 4761 editi,
2052 4694 2257 4750 educat.
2292 4691 2363 4749 ita
2395 4693 2613 4750 Ovidius
2641 4709 2705 4749 ex
2732 4693 2889 4749 Pent.
2926 4710 2965 4766 1,
2989 4691 3171 4761 3(51:

1898 4773 1953 4786 Ο...

1994 4806 2102 4860 Non
2123 4820 2242 4871 ager
2264 4808 2349 4859 hic
2366 4820 2583 4872 pomum,
2605 4820 2703 4859 non
2723 4808 2895 4861 dulces
2912 4808 3089 4862 educat
3112 4822 3232 4862 uvas
3254 4824 3270 4873 ;

1806 4937 1823 4957 .
1869 4902 1925 4950 et
1948 4893 2151 4952 Seneca
2180 4896 2349 4965 epigr.
2369 4894 2435 4949 2:

1961 4985 2070 5038 Non
2094 4998 2232 5050 poma
2258 4994 2535 5049 autumnus,
2557 4992 2764 5049 segetes
2785 4999 2881 5037 non
2905 4987 3082 5039 educat
3105 4992 3267 5037 testas.

1866 5070 2080 5128 Placuit
2112 5087 2321 5126 euocare
2340 5113 2355 5136 ,
2392 5072 2536 5140 quod
2566 5073 2667 5127 hac
2696 5073 2749 5126 in
2790 5087 2849 5127 re
2876 5074 3100 5142 elegans
3126 5079 3229 5127 est.
3256 5071 3466 5129 Plinius

1866 5142 2005 5199 Hist.
2032 5142 2151 5197 Nat.
2182 5158 2315 5208 xvu,
2342 5142 2413 5195 22
2441 5160 2454 5196 :
2493 5142 2647 5210 Vitis,
2676 5153 2949 5213 antequam
2976 5142 3245 5213 septimum
3273 5159 3469 5198 annum

1873 5232 1907 5268 a
1933 5215 2141 5268 surculo
2167 5215 2440 5283 compleat,
2469 5224 2674 5271 evocata
2701 5215 2769 5268 ad
2800 5215 3062 5283 fructum:
3092 5227 3255 5282 quem
3288 5214 3466 5268 locum

1871 5285 2071 5359 Lexico
2101 5286 2321 5342 Rustico
2349 5284 2521 5340 debeo
2548 5328 2578 5359 ,,
2619 5286 2709 5343 ubi
2740 5295 2796 5342 et
2837 5299 2903 5341 ex
2930 5284 3227 5341 Columella
3267 5284 3466 5340 similia

1871 5356 2240 5427 proferuntur.

2111 5426 2275 5555 83m]
2287 5426 2571 5556 Pglmanni
2600 5427 2849 5496 Schedm,
2870 5444 3045 5499 quam.
3068 5426 3336 5486 Convenit
3358 5425 3466 5485 Ho-

1870 5508 1973 5555 rat.
2008 5515 2080 5566 ιν,
2111 5503 2211 5555 0d.
2244 5503 2297 5568 7,
2331 5503 2383 5556 9.

1941 5570 2069 5643 205.
2102 5570 2321 5643 Collata]
2362 5574 2514 5630 Voss.
2550 5576 2601 5640 1,
2634 5572 2868 5627 collecta.

1946 5642 2074 5715 201.
2118 5644 2286 5715 sistat]
2312 5644 2595 5715 Cantabn,
2629 5654 2817 5699 exstat.

1946 5712 2073 5768 205.
2117 5712 2329 5786 Cereris]
2360 5717 2432 5772 ita
2460 5716 2745 5782 Cantabr.,
2779 5715 2935 5771 Voss.
2959 5717 3013 5781 1,
3043 5716 3110 5785 2,
3133 5716 3317 5773 Aldin.
3351 5718 3467 5775 Cte-

1875 5792 2027 5849 terae,
2051 5801 2248 5854 regem.
2280 5787 2355 5840 lta
2385 5788 2500 5843 lnrc
2529 5788 2751 5844 confusa
2778 5789 3028 5853 superius
3051 5805 3095 5853 1,
3128 5790 3256 5846 796.

1948 5856 2073 5910 209.
2117 5854 2231 5928 Cui]
2262 5858 2335 5912 ita
2362 5860 2548 5927 scripsi
2579 5875 2645 5913 ex
2675 5857 2953 5924 Cantabr,
2978 5859 3135 5915 Voss.
3170 5861 3225 5925 2,
3250 5859 3467 5928 Aldin.,

1877 5926 2047 6001 Turn.
2080 5928 2131 5981 1.
2164 5926 2362 5998 supple
2393 5926 2555 5998 genti.
2599 5932 2655 5984 In
2690 5930 2844 5985 Voss.
2876 5931 2897 5985 1
2936 5932 3260 6001 reliquisque
3306 5926 3463 6001 editis

1710 6004 1739 6075 έ
1884 6000 2232 6074 legitutqui,
2265 6002 2424 6076 idque
2452 6004 2509 6065 iu
2540 6002 2697 6064 γους.
2730 6003 2764 6063 2
2801 6014 2918 6065 crat
2943 6018 2975 6064 ι
3011 6000 3174 6066 manu
3200 6000 3461 6062 secunda.
