4026 6526
209 419 309 474 301
1238 415 1330 475 DE
1363 414 1652 476 AC'I‘IBUS
1690 411 2195 476 APOS'I'OLORUM
2228 411 2359 473 LIB.
2397 413 2464 474 ιι.
3391 420 3495 478 202

386 543 517 612 Quae
549 540 742 611 tacitis,
772 541 1049 613 vacuoque
1074 548 1221 599 metu
1249 541 1474 599 caeleste
1499 541 1702 612 putatis
1823 543 1882 606 Α
2089 539 2370 596 Vivilicare
2392 537 2580 594 volens
2601 541 2725 607 post
2751 541 2952 594 tartara
2972 534 3208 594 reddidit
3237 536 3424 594 astris.

210 638 319 695 465
393 635 554 708 203
586 633 857 692 Auxilium
881 674 898 704 ,
949 635 1090 706 quod
1120 634 1287 706 gignit
1317 632 1553 690 humus?
1613 642 1804 689 natura
2091 633 2218 688 Haec
2247 632 2446 688 multos
2469 630 2537 687 ad
2559 630 2697 688 dona
2728 641 2945 688 vocant.
2973 632 3260 703 Dionysius
3286 633 3402 703 ipse

1509 725 1735 798 [metalli
2088 730 2252 803 204
2287 731 2498 788 Primus
2521 730 2577 786 in
2604 744 2729 786 arce
2751 730 2854 786 loci
2884 745 3023 785 nova
3064 731 3283 801 praemia
3323 729 3494 801 jungi‘

395 820 708 879 Visceribus
746 820 878 876 latet
920 818 1030 876 ima
1059 820 1180 888 soli,
1212 819 1412 892 quibus
1451 828 1605 876 eruta
1637 819 1805 876 sumit
3157 824 3372 896 [honori
3397 866 3414 890 ,

392 914 600 987 Ingenii
624 913 934 970 iabricantis
961 927 1145 983 opem,
1176 927 1274 970 seu
1305 913 1524 969 numina
1555 912 1770 983 templis
2089 916 2530 987 Complexusque
2557 918 2718 975 iidem
2746 919 2825 975 sic
2845 917 3033 987 incipit
3053 929 3176 972 esse
3196 914 3462 986 sOphista.

392 1007 532 1064 Hinc
578 1007 816 1075 veniant,
847 1021 942 1063 seu
985 1020 1113 1063 vasa
1158 1004 1332 1076 focis;
1374 1007 1479 1064 sibi
1526 1020 1690 1064 causa
1737 1007 1808 1062 ti-
1909 1009 2018 1068 485
2091 1009 2135 1066 0
2177 1008 2324 1080 lupe,
2372 1009 2559 1078 Paule,
2611 1012 2815 1082 rapax!
2867 1011 3014 1067 dedit
3057 1010 3161 1067 hoc
3198 1009 3504 1066 benedictio

1541 1098 1735 1171 [moris
3242 1101 3433 1175 [Jacob

393 1195 499 1252 Ars
527 1200 749 1265 operata
779 1193 951 1261 deos;
990 1192 1279 1251 Dominum
1307 1205 1472 1264 super
1499 1192 1684 1248 omnia
1713 1190 1799 1247 fu-
2091 1192 2299 1250 Nomen
2349 1192 2551 1250 habere
2581 1194 2720 1261 tibi;
2770 1194 2898 1265 quid
2943 1195 3054 1266 jam
3104 1194 3407 1253 remanebit
3449 1193 3507 1252 in

1594 1285 1738 1360 [sum
3257 1288 3434 1363 [orbe,

215 1381 323 1441 470
394 1380 662 1440 Claudere
690 1393 851 1438 nemo
872 1387 1072 1452 potest,
1105 1379 1392 1452 parvisque
1420 1385 1631 1435 arctare
1663 1377 1806 1449 ﬁgu-
2091 1381 2245 1450 Quod
2276 1395 2384 1437 non
2406 1395 2502 1437 ore
2531 1379 2734 1448 trahas,
2763 1390 3048 1451 postquam
3103 1382 3322 1439 solertia
3343 1379 3506 1438 Graia
3537 1383 3551 1441 ῗ

1603 1471 1740 1545 [ris;
2095 1474 2290 1541 Cessit,
2319 1482 2375 1529 et
2400 1473 2626 1529 invictas
2657 1473 2710 1528 in
2736 1472 2989 1544 dogmate
3010 1473 3182 1529 vincis
3202 1474 3479 1534 Athenas?

394 1569 548 1640 Quod
575 1569 806 1641 capitur,
841 1569 1021 1626 minus
1065 1576 1151 1626 est
1192 1570 1370 1640 spatio
1396 1567 1663 1639 capientis
1692 1583 1708 1632 ;
1755 1565 1811 1622 in
2092 1565 2202 1621 Cur
2234 1565 2555 1635 Epicureus,
2588 1565 2674 1622 vel
2704 1565 2920 1621 Stoicus
2950 1565 3115 1637 impia
3145 1567 3247 1622 soli

1583 1657 1740 1732 [auro
1914 1660 2022 1718 490
2093 1659 2242 1716 Bella
2294 1659 2480 1716 cient?
2530 1673 2774 1716 reserare
2813 1673 2948 1730 opus
2996 1669 3081 1716 est
3141 1675 3248 1731 quo
3286 1661 3506 1718 nomine

395 1756 619 1813 Materia
647 1762 731 1812 est
752 1793 770 1822 ,
795 1752 976 1824 opifex
1002 1767 1186 1811 rerum
1209 1767 1318 1810 non
1349 1751 1579 1808 sustinet
1607 1763 1764 1805 usum
3263 1754 3441 1827 [multi

395 1848 568 1916 Quem
605 1845 864 1903 simulant
911 1859 1048 1917 quos
1091 1846 1209 1916 ipse
1255 1850 1446 1902 creat:
1477 1857 1637 1914 quam
1677 1842 1811 1898 dura
2099 1845 2380 1902 Sectarum
2401 1845 2582 1900 coiere
2620 1859 2856 1917 greges:
2889 1844 3055 1900 vitam
3093 1845 3253 1902 ambo
3293 1845 3512 1902 beatam

1561 1936 1743 2010 [luetis
1842 1932 1894 1993 B
2103 1936 2332 2006 Elegere
2359 1935 2527 2006 sequi,
2560 1950 2721 2006 quam
2743 1950 2974 2005 corpore
3008 1936 3182 2008 diligit
3211 1936 3372 2004 alter,

394 2031 670 2086 Crimina!
696 2046 856 2102 quam
878 2029 1099 2087 smitam
1127 2044 1252 2087 sese
1276 2029 1536 2101 sapientia
1564 2037 1744 2084 vestra
1905 2065 1909 2071 ι
2108 2030 2270 2102 205
2297 2029 2394 2085 Hic
2414 2029 2578 2085 animi
2599 2030 2797 2085 virtute
2821 2029 2950 2085 colit
2974 2047 2988 2082 :
3016 2029 3178 2086 datet
3200 2029 3342 2085 actio
3364 2028 3517 2086 Pauli

212 2123 321 2181 475
394 2124 586 2180 Judicii
609 2131 694 2180 est
719 2139 946 2181 sensura
967 2123 1093 2180 die!
1120 2138 1242 2180 cum
1273 2138 1503 2195 corpora
1527 2123 1776 2179 Christus
2100 2123 2183 2178 Ad
2214 2123 2378 2178 vitam
2404 2130 2673 2192 praecepta
2697 2123 2880 2192 piam;
2911 2121 3010 2190 sic,
3043 2123 3278 2177 themate
3297 2120 3514 2193 juncto,

395 2216 632 2286 Surgere
655 2223 849 2273 cuncta
868 2215 1047 2286 jubet,
1093 2224 1467 2288 tormentaque
1508 2214 1616 2270 ﬁne
1660 2227 1811 2269 care-
1919 2216 2027 2274 495
2100 2216 2165 2272 Hi
2193 2217 2363 2288 magis
2387 2215 2612 2272 alternis
2638 2214 2922 2271 solverunt
2942 2214 3164 2270 vocibus
3191 2229 3285 2269 ora
3316 2231 3329 2267 :

1554 2307 1734 2380 [bunt,
2100 2310 2362 2383 Corporis
2421 2317 2584 2381 atque
2633 2310 2825 2365 animae
2881 2309 3202 2365 commissus
3269 2306 3515 2377 partibus

394 2402 568 2474 thue
593 2418 718 2460 reos
747 2404 975 2472 cruciet,
1005 2413 1205 2469 servat,
1227 2416 1365 2473 quos
1393 2401 1616 2459 devoret
1639 2399 1800 2473 ignis.
3309 2400 3442 2470 [exit

392 2496 480 2552 Sic
508 2512 656 2565 caro,
684 2498 869 2569 juncta
894 2498 1026 2567 Deo,
1055 2497 1301 2554 carnales
1329 2497 1508 2569 expiat
1539 2505 1710 2564 actus,
2102 2496 2302 2553 Plenus
2349 2495 2517 2552 homo
2537 2535 2552 2564 ,
2583 2493 2682 2552 sed
2721 2506 2866 2550 nunc
2888 2532 2906 2562 ,
2950 2492 3142 2549 studiis
3171 2491 3384 2548 diversa
3424 2507 3516 2548 se-

398 2587 466 2644 Et
489 2589 778 2646 commissa
804 2590 906 2645 sibi
928 2604 1112 2647 coram
1136 2591 1237 2646 hac
1268 2589 1546 2647 examinat
1570 2589 1736 2658 ultor,
3165 2584 3438 2658 [quentes,
3515 2615 3519 2619 ~

215 2677 325 2740 480
395 2681 509 2750 Qua
539 2682 705 2742 voluit
732 2683 1003 2743 moriente
1041 2684 1175 2756 pati,
1197 2698 1359 2756 quam
1385 2724 1402 2755 ,
1447 2683 1656 2742 funeris
1698 2697 1804 2740 ex-
2098 2677 2274 2734 Ambo
2300 2677 2493 2736 volunt
2531 2675 2676 2748 quod
2716 2684 2907 2734 neuter
2949 2676 3146 2744 habet;
3177 2675 3282 2732 Vas
3311 2676 3515 2734 lumine

1568 2777 1736 2850 [ρει-ε,
3197 2769 3444 2842 [plenum
3520 2826 3522 2833 ,

1749 2883 1983 2947 ΝΟΤΛΕ.
3247 2879 3250 2882 ’

217 2994 450 3082 λᾳξξῦπε
478 2998 758 3082 βάρξαρος,
785 3002 1151 3082 etc_.__F_‘rust_ra
1196 3003 1473 3082 Duportlis
1502 3001 1815 3082 suspicatus

217 3077 307 3124 est
323 3067 556 3125 Paultim'
571 3067 764 3128 Tristia
784 3067 960 3130 Ovidii
986 3074 1206 3145 legisse,
1229 3067 1322 3148 qui
1342 3091 1376 3132 v
1397 3075 1577 3148 Eleg.,
1601 3067 1694 3145 10,
1719 3073 1813 3145 57,

565 3161 812 3214 Barbarus
831 3165 909 3214 his
934 3178 1031 3229 ego
1053 3179 1183 3218 sum.

221 3238 283 3323 Id
311 3240 454 3295 enim
477 3256 543 3323 ex
563 3247 762 3323 _medio
792 3262 1045 3305 sermone
1075 3250 1301 3320 petitum
1323 3261 1428 3318 est,
1458 3259 1517 3308 ut
1554 3251 1671 3323 jam
1704 3250 1818 3307 illic

224 3311 535 3368 observavit
562 3315 924 3374 Burmannus.

236 3453 249 3465 .
296 3381 433 3465 466ζ
447 3383 630 3465 Latet]
660 3387 820 3465 Voss1
850 3400 1097 3465 uterque,
1123 3391 1333 3465 Aldin.,
1362 3393 1742 3465 Antv.,iTorn.
1763 3394 1818 3465 _1,

251 3465 380 3533 acet.
414 3453 503 3533 lta_
536 3453 652 3512 haec
682 3460 918 3533 confusa
941 3453 1101 3533 apud
1151 3453 1356 3520 Lucan.
1391 3479 1472 3533 ιι,
1509 3453 1634 3520 1⁷62.
1665 3453 1822 3524 Adde

276 3539 412 3578 urm.
441 3527 506 3579 ad
538 3529 720 3583 eumd.
753 3546 828 3595 ιν,
856 3530 986 3586 564.

291 3595 425 3677 έβἹ.
455 3595 634 3677 Qpem]
667 3600 972 3677 Fabricius,
1001 3602 1140 3677 Bibl.
1166 3603 1382 3676 ELugd.,
1417 3623 1588 3677 Opus;
1619 3606 1715 3664 sed
1744 3606 1820 3662 si-

226 3663 535 3741 milirnodo
565 3663 713 3741 opem
737 3673 933 3741 saepius
955 3663 1189 3730 adhibet
1215 3663 1433 3733 Arator.

458 3736 892 3813 IimdriglVoés.
928 3743 984 3813 2,
1017 3747 1190 3801 timori
1221 3757 1313 3802 est.

224 3891 278 3946 l’
457 3806 700 3882 Fusumf
713 3812 869 3870 Voss.
900 3806 1207 3888 2,'fassum.
1236 3818 1496 3876 Prudent.
1520 3820 1576 3875 in
1605 3817 1816 3892 Symm.

383 3969 638 4085 ἓξὲξ
657 3986 828 4040 verus,
853 3990 950 4041 quo
974 3991 1072 4029 non
1095 3985 1172 4032 est
1193 3983 1426 4044 grandior
1449 3983 1551 4034 ulla

303 4114 429 4191 ﬁgi.
457 4107 848 4191 Quetisl'Voss.
881 4123 935 4191 1,
968 4125 1187 4181 luentes.

457 4185 870 4262 QrucietiVoss.
901 4185 956 4262 2,
990 4198 1208 4251 cruciat.

305 4255 431 4342 47?.
468 4255 705 4342 [iecora]
734 4262 810 4319 lta
841 4255 998 4322 Voss.
1027 4278 1254 4340 uterque
1274 4310 1292 4340 ,
1322 4269 1530 4342 Aldin.,
1561 4271 1728 4328 Torn.
1761 4272 1816 4328 1.

234 4325 294 4381 In
324 4330 564 4398 reliquis,
591 4325 815 4388 devorat.

301 4398 429 4481 478.
454 4399 666 4474 Iuncta]
697 4404 853 4462 Voss.
884 4405 942 4474 2,
970 4409 1164 4480 vincta,
1197 4422 1256 4466 ut
1297 4427 1448 4481 supr.
1483 4428 1537 4480 ι,
1581 4413 1706 4469 615.
1739 4441 1811 4453 —

232 4465 489 4524 Cantabr.
519 4465 666 4538 mox,
694 4486 862 4530 arma.

302 4540 432 4613 179.
469 4539 641 4613 Ultor]
670 4544 950 4599 Pulmanni
973 4547 1233 4613 .Schedae,
1259 4550 1465 4604 author.

305 4610 436 4685 48.3.
469 4609 839 4685 L_o_ci]'AIdin.
861 4653 876 4675 ,
903 4609 1067 4685 Torn.
1102 4618 1156 4682 1,
1186 4609 1304 4671 soli.
1351 4619 1452 4672 Per
1501 4620 1724 4685 primum
1765 4621 1822 4673 in

1843 3312 1893 3379 C

2110 2996 2371 3048 Pallebant
2391 2999 2560 3060 aperis
2580 2997 2752 3049 studiis
2773 3006 2826 3049 et
2847 2998 3074 3061 dogmate
3098 2997 3244 3063 legis.

1925 3082 2094 3138 Erant
2137 3081 2316 3152 itaque
2363 3081 2574 3136 invictae
2619 3081 2673 3136 in
2717 3080 2999 3147 doctrina,
3043 3082 3200 3137 victae
3255 3089 3438 3140 tamen
3480 3099 3513 3138 a

1925 3153 2114 3208 Paulo.
2147 3152 2259 3207 Illic
2291 3161 2467 3208 natam
2495 3162 2549 3208 et
2588 3153 2752 3206 altam
2793 3166 2915 3207 esse
2945 3155 3207 3208 rationem
3235 3168 3300 3209 ac
3328 3155 3515 3210 mode-

1925 3225 2194 3278 rationem
2228 3223 2352 3277 vitae
2378 3224 2567 3278 scribit
2602 3222 2793 3278 Cicero
2836 3239 2890 3275 vr
2920 3224 2986 3276 ad
3018 3223 3253 3291 Divers.,
3291 3226 3316 3278 1
3347 3241 3362 3290 ;
3392 3226 3513 3280 lau-

1925 3295 2156 3362 demque
2176 3294 2427 3348 eximiam
2457 3293 2583 3349 huic
2612 3293 2740 3362 rurbi
2783 3292 2965 3347 tribuit
3006 3292 3248 3348 Justinus
3276 3310 3334 3358 ιι,
3368 3295 3422 3362 6,
3452 3298 3507 3350 (i.

1923 3361 2080 3419 Hinc,
2102 3365 2293 3434 ﬁngere
2331 3373 2504 3434 pectus
2537 3361 2774 3434 Athenae,
2809 3362 3058 3416 dicuntur
3100 3364 3241 3432 apud
3281 3361 3509 3421 Martial.

1922 3450 1976 3490 v1
2017 3433 2224 3504 Epigr.,
2258 3435 2356 3499 64;
2401 3433 2510 3489 illic
2550 3434 2696 3489 enim
2744 3433 3001 3504 ﬁnxerunt
3054 3434 3339 3503 legendum
3389 3450 3513 3492 esse

1924 3503 2210 3562 conﬁrmat
2275 3520 2490 3630 quoque
2522 3507 2780 3574 _-optimus
2829 3503 3038 3557 Thuani
3093 3505 3284 3560 codex.
3325 3506 3510 3589 .Adde

1924 3576 2113 3630 Barth.
2145 3577 2213 3630 ad
2255 3575 2384 3630 Clau
2427 3590 2533 3630 tan.
2567 3575 2636 3630 li.
2662 3573 2725 3630 P.
2753 3590 2814 3630 ιι.
2839 3574 2939 3630 19;
2969 3574 3158 3630 Savar.
3187 3577 3256 3630 ad
3281 3576 3470 3630 Sidon.

1924 3576 2113 3632 Barth.
2145 3577 2213 3631 ad
2255 3573 2533 3631 Claudian.
2567 3573 2636 3634 li.
2662 3573 2725 3632 P.
2753 3590 2814 3643 ιι,
2839 3574 2939 3640 19;
2969 3574 3158 3631 Savar.
3187 3577 3256 3632 ad
3281 3576 3470 3634 Sidon.

1924 3664 2038 3702 vm.
2065 3647 2223 3702 enist.
2257 3647 2311 3702 6.

1922 3664 2038 3714 vm,
2065 3657 2223 3716 epist.
2257 3657 2311 3702 ti.

1993 3719 2121 3774 492.
2152 3718 2398 3791 Corpore]
2426 3718 2665 3791 Respicit
2694 3717 3022 3788 voluptatem
3048 3726 3102 3774 et
3129 3719 3420 3788 luxuriam,
3446 3720 3506 3778 in

1924 3791 2118 3860 quibus
2144 3789 2415 3863 summum
2445 3789 2660 3863 bonum
2685 3792 2993 3863 reposuisse
3034 3792 3354 3863 credebatur
3382 3793 3512 3863 Epi-

1922 3876 2107 3916 curus.
2139 3860 2337 3915 Conter
2368 3860 2623 3915 Gataker.
2649 3860 2700 3914 in
2728 3860 3020 3932 praeloquio
3043 3862 3107 3914 ad
3130 3863 3198 3915 Μ.
3223 3860 3508 3932 Antonin.,

1923 3932 2002 3987 De
2031 3934 2192 3986 rebus
2223 3932 2334 3986 suis
2361 3973 2376 3999 ,
2413 3934 2530 3986 sive
2555 3932 2633 3986 Ad
2665 3931 2898 4000 seipsum
2927 3971 2941 3995 ,
2996 3940 3054 3986 ut
3110 3933 3319 3987 titulum
3373 3931 3514 3990 verti

1925 4003 2422 4074 mavultHeunian.
2458 4003 2644 4058 Poecii.
2673 4013 2811 4074 tom.
2845 4002 2908 4069 Il,
2943 4019 2996 4070 p.
3035 4003 3128 4067 10;
3157 4005 3247 4058 alii
3283 4014 3461 4074 tamen
3489 4045 3508 4073 ,

1925 4090 2026 4129 nec
2069 4073 2286 4143 injuria,
2319 4074 2606 4142 Epicurum
2637 4073 2705 4127 ab
2743 4075 2841 4127 hac
2873 4075 3085 4128 macula
3115 4075 3372 4131 liberant.
3405 4077 3510 4131 Vo-

1924 4145 2184 4217 luptatem
2219 4145 2364 4217 illum
2408 4160 2512 4199 non
2544 4145 2612 4200 de
2639 4143 2856 4217 deliciis
2901 4146 3021 4217 vitm
3045 4186 3061 4212 ,
3092 4147 3186 4200 sed
3218 4146 3286 4201 de
3332 4148 3512 4217 priva-

1926 4217 2073 4270 tione
2101 4215 2304 4269 doloris
2347 4224 2400 4268 et
2446 4216 2865 4285 perturbationis
2907 4215 3112 4282 cepisse
3154 4215 3378 4284 volunt,
3413 4217 3510 4272 sed

1923 4296 2048 4355 post
2079 4295 2306 4340 mortem
2337 4287 2506 4354 ipsius
2539 4288 2764 4354 turpiter
2793 4285 2932 4338 hanc
2965 4287 3292 4352 voluptatem
3339 4287 3510 4340 inter-

1966 4364 2166 4409 retatos
2207 4371 2367 4421 esse,
2413 4357 2502 4424 qui
2553 4367 2716 4410 sectae
2747 4356 3030 4422 Epicurea:
3060 4369 3119 4407 se
3162 4356 3506 4424 addixeram.

1966 4372 2166 4409 I‘BIalOS
2207 4372 2367 4421 esse,
2413 4372 2502 4424 qur
2553 4372 2716 4410 secula
2749 4372 3030 4422 nptcurew
3060 4372 3119 4407 se
3162 4372 3504 4407 addixeram.

1924 4372 2191 4479 gisseruit
2218 4427 2316 4478 hac
2345 4425 2414 4478 de
2441 4441 2501 4479 re
2526 4428 2740 4494 egregie
2769 4425 3101 4477 Staverenus
3143 4424 3210 4475 ad
3251 4422 3504 4492 Fulgent.

1927 4495 2152 4564 Mythol.
2181 4510 2237 4557 Ii,
2265 4495 2472 4564 p._665.

1997 4564 2123 4616 495.
2153 4561 2360 4632 Αιιὶιηὶ]
2385 4564 2538 4618 Voss.
2569 4563 2622 4628 1,
2653 4563 2856 4617 animai.

1999 4633 2125 4688 491.
2178 4631 2368 4705 Vitam]
2397 4633 2467 4688 ita
2511 4633 2694 4703 codd.,
2735 4634 2821 4688 ed.
2863 4631 3070 4702 Aldin.,
3113 4635 3279 4693 'I‘orn.
3326 4637 3396 4703 1;
3449 4635 3507 4692 in

232 4680 640 4774 circle-intelligi
666 4680 1401 4774 ar.eopag‘itarrji.-l\reopagns
1440 4680 1556 4744 erat
1588 4691 1815 4746 Athenis
1843 4709 1898 4770 ι)
1922 4680 2340 4774 relatum-ait}.

235 4751 292 4803 in
316 4763 461 4829 arce.
499 4748 759 4829 Respexit
799 4748 938 4829 i'or'te
962 4758 1027 4829 ad
1060 4748 1247 4829 Martis
1273 4748 1463 4815 collem
1487 4802 1502 4827 ,
1533 4777 1654 4829 qua:
1682 4778 1818 4816 non-

237 4820 510 4902 nullorum
544 4824 594 4874 in
633 4823 964 4902 derivatione
995 4828 1152 4898 hujus
1183 4834 1330 4885 vocis
1361 4840 1441 4885 est
1469 4820 1673 4900 opinio.
1706 4833 1817 4888 Ara:

235 4896 381 4968 enim
398 4905 547 4968 smpe
575 4905 902 4968 pro_monte,
928 4896 1078 4968 jugo,
1111 4903 1346 4965 ponitur.
1390 4896 1519 4958 Vide
1547 4903 1816 4959 Drakenb.

236 4960 304 5041 ad
330 4960 643 5041 Siliumﬁxv,
668 4963 801 5041 505;
837 4960 1091 5041 atque'ita
1111 4960 1367 5028 Heinsius
1395 4984 1541 5032 recte
1582 4975 1821 5031 reddidit

238 5030 462 5101 Virgilio
488 5032 707 5102 IEneid.
733 5051 846 5102 vui,
879 5030 1004 5094 357.

307 5103 434 5177 18:1.
470 5103 647 5177 Quod}
679 5106 832 5177 Voss.
856 5107 911 5174 2,
943 5125 1112 5177 quem.

307 5103 434 5156 487.
470 5101 650 5246 Quodl
679 5106 832 5161 Voss.
856 5107 911 5174 2,
943 5125 1112 5177 quem.
1306 5140 1310 5144 -

306 5173 627 5260 ﬁtilla-aia
685 5176 837 5233 γοδς.
869 5180 922 5247 1,
957 5178 1180 5248 Graeca;
1232 5183 1483 5254 Voss.2,
1535 5186 1832 5260 Pulmanni

235 5242 493 5316 Schedae,
509 5242 677 5316 grata.

305 5314 436 5399 488.
466 5312 535 5399 1
561 5315 817 5399 dogmate]
849 5319 1103 5399 Italcodd.
1133 5332 1187 5378 et
1210 5325 1375 5380 Tom.
1408 5325 1437 5399 1
1463 5343 1476 5399 ς
1503 5343 1639 5397 quos
1671 5329 1822 5399 sequi

238 5383 462 5459 placuit.
511 5385 568 5439 In
597 5383 759 5441 editis
787 5383 870 5444 est
908 5391 1186 5459 doctrina;
1217 5407 1391 5450 ortum
1426 5397 1477 5450 id
1510 5383 1722 5453 videtur
1743 5383 1822 5453 isi

235 5455 864 5542 glossarprohdoctriiia
913 5465 1059 5518 enim
1086 5455 1275 5522 vocem
1316 5466 1562 5525 adhibuit
1610 5484 1826 5542 quoque

235 5539 388 5596 supr.
418 5539 499 5580 vs.
531 5528 655 5594 150,

607 5639 745 5711 'I‘unc
766 5643 989 5711 dogmata
1007 5648 1242 5711 quosdam

521 5701 756 5754 Ecclesiae
778 5701 896 5758 da'nt
915 5710 1006 5760 ista
1025 5701 1174 5762 'viros.

234 5797 322 5840 vs.
353 5783 479 5855 160,

583 5879 843 5944 Comperto
857 5883 1088 5947 dogmate
1110 5886 1266 5938 Pauli.

238 5962 368 6023 intr.
399 5963 529 6034 515,

687 6058 957 6123 PATROL.
991 6059 1274 6126 LXVIII.

1996 4776 2124 4850 494.
2150 4775 2414 4850 Thentate]
2444 4781 2511 4833 Τὸ
2535 4781 2684 4846 θέμα,
2717 4779 2857 4846 quod
2901 4780 3138 4849 ponitur,
3170 4781 3506 4850 pr0positum

1925 4849 2011 4903 vel
2046 4847 2364 4918 propositio,
2398 4847 2565 4920 prima
2599 4851 2858 4918 producta
2884 4847 3076 4918 praeter
3108 4847 3374 4906 naturam.
3402 4852 3508 4906 Fx-

1927 4935 2132 4974 sntcws
2153 4933 2443 4975 comment.
2473 4921 2523 4974 in
2550 4921 2700 4974 Poet.
2724 4921 2925 4976 Christ.
2957 4938 3009 4991 p.
3039 4921 3235 4975 151L—
3262 4924 3391 4977 Vide
3411 4939 3507 4977 su-

1965 5005 2020 5044 ra
2060 4991 2127 5044 ad
2174 4992 2332 5060 epist.
2366 4991 2432 5046 ad
2477 4991 2654 5058 Vigi|.,
2685 4990 2774 5046 24.
2826 4990 2977 5045 Voss.
3019 4993 3089 5057 2,
3133 4994 3405 5049 schemate.
3438 5023 3508 5034 —

1965 5007 2020 5044 ra
2060 5007 2127 5044 au
2174 5007 2332 5060 epist.
2366 5007 2432 5046 aa
2482 5007 2654 5058 vrgn.,
2685 5007 2774 5046 24.
2829 5007 2977 5045 voss.
3019 5007 3089 5057 κ,
3133 5007 3274 5046 senem

1925 5007 2084 5116 Voss.
2143 5063 2196 5126 1,
2226 5062 2429 5117 vincto.
2461 5062 2592 5115 Vide
2617 5077 2780 5131 supra
2812 5077 2848 5129 ι,
2883 5064 3026 5124 615;
3058 5078 3116 5129 ιι,
3150 5066 3274 5118 478.

1997 5131 2122 5186 496.
2154 5131 2372 5197 Animae]
2395 5135 2645 5186 Cantabr.
2661 5134 2917 5185 animi.—
2945 5134 3094 5186 Voss.
3121 5135 3170 5197 1,
3201 5135 3508 5190 commissis.“

1999 5201 2126 5256 498.
2161 5201 2382 5268 Neuter]
2413 5204 2692 5258 Pulmanni
2721 5204 2966 5268 Schedm,
3001 5207 3285 5268 Antuerp.,
3312 5217 3506 5258 venter.

1928 5271 2195 5327 Referunt
2223 5271 2399 5343 itaque
2438 5277 2503 5328 ad
2533 5277 2678 5328 solos
2708 5277 3001 5343 Epicureos
3028 5295 3038 5332 ;
3074 5287 3241 5328 vuiiter
3265 5277 3407 5327 enim
3442 5275 3508 5328 li-

1930 5343 2164 5399 bidinem
2197 5353 2347 5398 notat
2374 5356 2427 5400 et
2457 5345 2746 5409 ingluviem
2769 5385 2785 5411 ,
2815 5347 2865 5398 in
2897 5346 3087 5406 quibus
3121 5345 3505 5412 Epicureorum

1931 5429 2197 5468 summum
2229 5415 2450 5471 bonum.
2499 5417 2574 5469 De
2613 5430 2743 5469 voce
2788 5417 2972 5469 confer
3017 5416 3198 5468 Barth.
3241 5418 3305 5468 ad
3344 5415 3507 5470 Clau-

1932 5484 2080 5538 dian.
2113 5501 2151 5539 ιι
2182 5488 2236 5538 in
2269 5487 2513 5554 Eutrop.,
2545 5484 2684 5551 528;
2718 5486 2811 5539 sed
2841 5488 2949 5554 agit
2979 5487 3174 5539 Arator
3196 5486 3264 5539 de
3291 5487 3509 5540 homine

1933 5557 2132 5624 pleno,
2181 5559 2293 5612 sive
2336 5572 2565 5626 corpore
2593 5566 2647 5610 et
2685 5557 2862 5609 anima
2911 5557 3153 5624 pra-dito.
3205 5558 3416 5613 Stoicos
3454 5567 3512 5612 et

1935 5625 2233 5695 Epicureos
2258 5671 2272 5694 ,
2305 5625 2527 5683 diversa
2569 5637 2855 5696 sequentes
2881 5667 2895 5690 ,
2925 5643 3029 5681 non
3063 5630 3218 5696 plene
3265 5630 3510 5685 homines

1934 5711 2056 5752 esse
2083 5700 2334 5763 aiiirmat,
2362 5716 2485 5752 cum
2532 5699 2584 5752 hi
2619 5709 2826 5752 tantum
2857 5713 3051 5764 corpus
3093 5712 3343 5754 curantes
3377 5699 3510 5754 illud

1933 5769 2244 5836 perderent,
2278 5771 2354 5824 ilii
2375 5784 2506 5824 vero
2532 5770 2765 5823 animam
2800 5769 2949 5822 falsis
2981 5771 3284 5838 praceptis.
3314 5770 3511 5824 Neuter

1934 5846 2113 5893 autem
2143 5840 2196 5894 in
2227 5853 2398 5895 venter
2420 5841 2568 5894 abire
2611 5840 2780 5908 potuit
2809 5855 2902 5908 per
2930 5841 3226 5895 litterarum
3259 5851 3509 5909 transpo-

1932 5909 2218 5981 sitionem,
2263 5927 2382 5981 qua:
2423 5921 2478 5965 et
2526 5910 2776 5981 librarios
2826 5911 3010 5965 ieieliit
3057 5918 3113 5967 et
3155 5911 3326 5981 bonos
3365 5924 3511 5981 sane

1931 5979 2222 6051 scriptores
2251 5979 2524 6053 corrupit;
2570 5980 2870 6042 Martialem
2905 5995 3039 6040 sane
3073 5997 3125 6037 xi
3170 5980 3355 6055 Epigr.
3383 5979 3515 6051 ωο,

3035 6072 3082 6142 ,7
