4026 6500
538 390 638 450 307
1995 399 2035 453 A
2045 396 2355 454 ΒΑΤΟΙΠΒ·
3693 387 3759 440 εἴ)
3770 388 3803 441 '3

536 506 643 562 560
714 504 1029 575 Tempestas
1075 505 1340 562 mundana
1382 506 1543 575 terat,
1593 506 1969 578 scelerumque
2016 514 2192 572 νει-Α
2394 504 2544 572 Quod
2608 504 2927 572 reddamus,
2990 502 3142 574 agis,
3204 502 3436 574 donique
3502 502 3800 572 resuscipis

1863 600 2043 674 [pores
3519 594 3726 664 lusum.

710 691 911 760 Ignitus
930 697 1165 746 tentator
1190 698 1338 759 agat;
1367 688 1469 745 sub
1498 690 1726 760 tegmine
1757 692 1848 747 tali
2356 758 2357 761 η
2395 687 2618 744 Nomine
2645 686 2854 745 venturi
2884 700 3186 758 prmcursor
3219 687 3270 740 in
3301 686 3431 741 orbe
3456 685 3695 742 Joannes

713 781 851 837 Tuta
877 780 1020 837 salus
1050 780 1255 837 nullum
1278 780 1608 837 discriminis
1642 782 1842 851 excipit
1874 784 2072 847 ictum,
2217 784 2322 840 585
2394 784 2647 839 Exhibuit
2674 783 2931 852 baptisma
2960 795 3147 844 suum,
3180 779 3511 848 Dominoqne
3545 779 3756 848 paravit

716 874 827 931 Nec
852 882 1119 946 prostrata
1148 872 1249 930 feri
1278 874 1573 929 succumbit
1601 873 1799 930 viribus
1832 874 2025 931 hostis.
2397 875 2514 945 Ipse
2559 876 2734 942 viam,
2780 887 3087 931 memorans
3136 872 3342 927 cunctis
3386 870 3650 941 baptisma
3703 869 3796 926 fu-

713 969 937 1041 Mystica
978 967 1128 1039 signa
1169 967 1338 1023 duces
1378 966 1706 1038 praemittunt
1754 968 2000 1023 laudibus
2027 982 2113 1024 ar-
3504 960 3721 1034 [turum,

1920 1059 2041 1132 [tis.
2393 1056 2521 1113 Post
2547 1056 2690 1113 aliud
2718 1056 2859 1128 quod
2902 1056 3023 1129 jure
3049 1057 3224 1119 datur,
3271 1054 3413 1127 quod
3445 1055 3584 1109 trina
3638 1061 3794 1123 pote-

540 1155 646 1214 565
717 1154 895 1212 Pisces
925 1140 1115 1210 Petrus
1160 1165 1347 1222 agens,
1380 1150 1623 1208 homines
1664 1151 1837 1221 capit;
1885 1150 2118 1222 aequoris
3595 1148 3725 1220 [stas

1829 1244 2047 1317 [hospes
2398 1245 2672 1301 llluslrare
2697 1244 2864 1309 solet;
2897 1243 2991 1299 sed
3022 1243 3163 1313 quod
3194 1242 3363 1312 magis
3386 1240 3536 1311 eligit
3566 1239 3724 1309 hujus

713 1339 771 1393 In
796 1336 963 1395 sacris
990 1337 1231 1409 persistit
1260 1337 1454 1408 aquis:
1487 1334 1790 1391 habitacula
1824 1332 2023 1388 Paulus
2395 1338 2638 1410 Tangere
2678 1338 2927 1394 οιιι-ῑειυε
2957 1352 3146 1408 aquas,
3190 1334 3419 1391 {omam
3450 1334 3578 1389 facit
3622 1334 3798 1388 omni-

712 1428 851 1485 Dum
898 1438 1114 1485 terrena
1161 1430 1333 1497 levat,
1389 1429 1548 1486 docet
1594 1436 1654 1484 ut
1698 1428 1939 1483 cmlestia
1989 1438 2117 1481 con-
3398 1426 3543 1499 [bus,
3576 1427 3725 1482 adse

1899 1516 2045 1590 [ἀπ
2219 1526 2326 1584 590
2395 1526 2643 1592 Currere,
2675 1526 2819 1580 fonte
2848 1524 2936 1594 pio
2961 1537 3167 1578 sacram
3194 1536 3262 1578 ne
3289 1521 3502 1577 deserat
3525 1520 3721 1575 undam

714 1618 985 1688 Factaque
1040 1629 1185 1684 saepe
1238 1630 1397 1669 manu
1462 1626 1601 1669 nunc
1660 1612 1921 1666 construit
1978 1608 2113 1664 atria
2400 1615 2635 1671 Ulterius
2670 1615 2896 1670 mortale
2924 1628 3116 1683 genus,
3149 1628 3310 1683 quam
3342 1626 3567 1680 corpore
3600 1608 3794 1665 mundo

1838 1700 2045 1773 [verb0.
2398 1709 2463 1765 Et
2490 1710 2742 1764 Dominus
2764 1708 3011 1778 dignatus
3040 1714 3189 1774 erat,
3217 1720 3338 1761 cum
3363 1704 3519 1760 diluit
3548 1719 3758 1759 amnem

792 1796 1055 1855 Ulteriora
1083 1810 1334 1866 sequens,
1364 1795 1603 1849 lustratis
1628 1794 1848 1863 ﬁnibus,
1884 1808 2008 1847 arva
2400 1799 2503 1855 Ρει·
2551 1799 2804 1854 [amulum
2854 1808 3132 1868 mei-genie
3182 1796 3294 1854 Deo
3326 1815 3340 1851 ;
3379 1797 3489 1866 jam
3513 1836 3530 1860 ,
3576 1796 3793 1849 ﬂumine

544 1889 651 1947 570
721 1888 1067 1947 Conveniens
1099 1889 1367 1959 Ephesum
1397 1886 1596 1942 Paulus
1625 1888 1819 1951 docet,
1847 1893 2007 1954 atque
2037 1882 2123 1943 ibi
2142 1898 2193 1959 Β
3532 1884 3713 1955 [tacto,

1760 1977 2042 2049 [quosdam
2400 1979 2561 2051 213
2592 1978 2871 2048 Discipulis
2899 1978 3000 2035 hoc
3021 1978 3183 2035 cessit
3210 1991 3364 2047 opus,
3388 1992 3528 2048 quos
3549 1978 3792 2045 dogmata

716 2073 1056 2144 Prospiciens
1079 2081 1254 2128 astare
1277 2071 1419 2127 viros
1454 2088 1467 2125 :
1498 2071 1578 2125 An
1605 2070 1835 2140 Spiritus
1863 2070 2037 2123 almus
3526 2069 3728 2142 [plures

719 2166 942 2225 Venerit
973 2165 1368 2237 hisiquaesitor
1401 2166 1501 2229 ait,
1532 2164 1622 2234 qui
1656 2163 1799 2217 fonte
1828 2162 2049 2217 Joannis
2225 2161 2329 2218 595
2402 2160 2709 2231 Baptizasse
2736 2172 2964 2229 canunt;
2996 2163 3136 2219 servi
3162 2175 3381 2219 cessare
3412 2162 3684 2239 lavacrum

714 2260 787 2319 Se
843 2259 1046 2317 dudum
1103 2259 1377 2314 maduisse
1432 2258 1645 2325 ferunt,
1703 2271 1823 2309 nam
1886 2252 2119 2307 nominis
2404 2259 2507 2313 Fas
2536 2258 2739 2326 fuerat,
2767 2260 3011 2314 veniente
3040 2239 3170 2323 Deo,
3204 2257 3535 2327 praenuntius
3565 2272 3631 2311 ex
3658 2272 3763 2327 quo

1869 2347 2050 2419 [hujus
2403 2350 2619 2405 Dixerat
2644 2351 2741 2404 ista
2775 2351 2954 2420 prius;
2985 2366 3092 2421 quo
3121 2350 3245 2404 fecit
3276 2359 3516 2418 tempore
3543 2348 3696 2403 Jesus

717 2448 879 2518 212
907 2445 1173 2516 Expertes
1210 2444 1487 2515 hucusque
1519 2441 1693 2510 trahi,
1725 2455 1858 2513 quos
1899 2441 2121 2495 ﬂumine
2401 2439 2519 2495 Jam
2542 2440 2755 2509 plenum
2781 2440 3039 2509 baptisma
3073 2442 3207 2511 geri,
3235 2440 3381 2495 velut
3399 2449 3522 2494 ante
3548 2439 3796 2505 Joannes,

1880 2533 2051 2605 [sacro
2402 2532 2509 2587 Cur
2556 2534 2771 2589 solitum
2814 2532 3193 2603 prepriumque
3236 2532 3425 2589 daret?
3453 2548 3572 2603 quae
3616 2532 3795 2603 regula

550 2630 657 2689 575
725 2630 936 2697 Abluit,
964 2639 1018 2687 et
1046 2639 1258 2687 sanctus
1288 2646 1410 2686 mox
1437 2630 1669 2701 Spiritus
1698 2643 1791 2683 ora
1824 2628 2083 2697 replevit,
3486 2625 3727 2698 [Paulum

724 2724 1130 2794 Verbornmque
1162 2724 1307 2779 dedit
1336 2724 1509 2779 solitis
1540 2722 1828 2778 virtutibus
1869 2720 2118 2776 imbrem.
2225 2722 2328 2779 000
2402 2720 2697 2789 Compulit,
2726 2729 2785 2775 ut
2809 2718 3008 2775 Christi
3036 2718 3296 2775 deberent
3318 2718 3467 2774 fonte
3491 2719 3729 2788 renasci,

718 2814 928 2885 Saepius
953 2830 1103 2870 arma
1133 2822 1349 2870 movent
1373 2814 1471 2869 ista
1500 2814 1567 2869 de
1596 2820 1746 2884 parte
1775 2813 2012 2883 profani,
2401 2813 2566 2881 Quem
2590 2826 2695 2868 non
2720 2822 3023 2878 venturum,
3049 2812 3143 2868 sed
3169 2812 3277 2882 jam
3301 2811 3512 2867 venisse
3535 2810 3768 2867 Joannes

718 2908 790 2965 Et
815 2908 1017 2965 bellare
1048 2918 1271 2979 parant,
1310 2907 1503 2979 quibus
1534 2913 1590 2963 ut
1613 2906 1882 2963 contraria
1912 2903 2122 2977 possim
2408 2908 2686 2964 lnsinuans
2714 2908 2881 2978 digito
2907 2909 3181 2963 caelestem
3211 2906 3693 2977 prodiditAgnum,

719 3001 967 3059 Fundere
999 3003 1100 3057 tela
1121 3002 1365 3073 loquens,
1388 3011 1445 3057 tu
1466 3016 1608 3057 nunc
1636 3002 1767 3057 mihi
1787 3003 1984 3072 largius
2006 3013 2123 3067 ora,
2402 2998 2554 3055 Hunc
2584 3010 2800 3069 peccata
2840 3014 3036 3056 canens
3065 3014 3093 3054 a
3124 3009 3316 3056 cuncto
3348 3000 3538 3054 tollere
3568 2996 3795 3054 mundo.

541 3092 650 3153 580
719 3091 952 3163 Spiritus
984 3093 1142 3161 alme,
1194 3095 1305 3164 riga
1326 3134 1339 3161 ,
1371 3094 1478 3150 sint
1506 3100 1565 3149 ut
1613 3094 1711 3151 tibi
1758 3093 2010 3165 dogmata
2039 3092 2123 3149 di-
2403 3091 2542 3159 Quid
2570 3093 2840 3163 geminum
2880 3093 3142 3164 baptisma
3184 3092 3335 3165 cupis
3362 3090 3643 3155 simulare,
3671 3103 3799 3158 pro-

1957 3201 2021 3241 na

716 3280 848 3348 Quae
875 3280 1115 3338 dederis!
1150 3287 1207 3336 tu
1230 3282 1376 3337 vocis
1402 3283 1521 3346 iter,
1560 3286 1620 3337 tu
1644 3280 1837 3336 semita
1860 3188 2006 3346 v[it8a3,
2034 3226 2053 3255 ’

717 3373 799 3431 Tu
821 3374 1027 3432 dicture
1058 3374 1213 3432 veni!
1251 3377 1338 3446 qui
1377 3389 1472 3446 per
1502 3383 1594 3431 tua
1621 3388 1846 3432 munera
1874 3386 2111 3445 semper,

2067 3526 2301 3588 NOTAE.

2294 3638 2418 3696 594.
2454 3637 2739 3710 Dogmata]
2785 3638 2934 3710 Ald.,
2967 3637 3131 3695 Torn.
3161 3637 3187 3690 1
3209 3680 3223 3704 ,
3257 3640 3513 3708 dogmate,
3546 3646 3601 3694 et
3645 3637 3801 3694 Voss.

609 3645 737 3718 §§0.
768 3645 1055 3718 [undam]
1083 3648 1252 3703 Voss;
1272 3650 1320 3712 l,
1352 3649 1617 3704 mundata.
2025 3716 2054 3718 7_
2085 3682 2106 3701 .

610 3714 737 3771 565.
780 3715 924 3788 Feri]
969 3714 1122 3773 Voss.
1167 3720 1226 3788 1,
1282 3719 1422 3788 feris.
1462 3719 1706 3775 Adhresit
1745 3731 1976 3789 sequens
2024 3716 2117 3772 lit-

544 3792 657 3839 lOl‘a
666 3820 682 3836 .

612 3853 737 3909 564.
772 3854 929 3927 Artis]
957 3858 1156 3924 Aldin.,
1184 3860 1346 3914 Torn.
1376 3862 1427 3925 l,
1454 3862 1629 3914 arteis.
1662 3861 1865 3917 Laudes
1888 3860 2014 3915 artis
2040 3858 2118 3914 vi-

550 3923 707 3979 detur
734 3923 1025 3982 adhibiium
1050 3945 1144 3993 pro
1162 3932 1369 3985 artibus
1396 3923 1638 3986 laudatis.

779 3995 967 4070 Zerbo]
996 4000 1197 4067 Aldin.,
1223 4001 1398 4056 verbis.

614 4065 741 4119 572.
779 4064 1004 4139 Venerit]

704 4173 721 4190 .
752 4153 870 4202 xix,

544 4147 696 4206 apost

1054 4071 1239 4125 Utrum
1286 4073 1539 4140 Spiritum
1588 4072 1937 4141 accepissent.
1985 4071 2105 4125 Act.

900 4138 926 4209 §
958 4138 1022 4205 2,
1062 4138 1463 4222 £0d7.7(;a7niabr.
1488 4143 1637 4222 illic-,7
1664 4138 1729 4198 εἰ⁷
1747 4151 1941 4222 Πνεῡμος
1969 4142 2110 4222 ἆγιρν

543 4207 859 4282 λαμϐάνουσί
885 4207 1036 4282 ξινις.
1066 4211 1170 4265 Sed
1198 4212 1249 4266 id
1278 4213 1669 4281 interpolatoris
1700 4228 1840 4276 esse,
1870 4207 2108 4282 'pltra'sin

542 4280 852 4354 nescientis,
880 4281 988 4349 jam
1036 4283 1240 4337 monuit
1284 4280 1605 4338 Marckland.
1635 4285 1700 4338 ad
1750 4280 1923 4354 Lysia:
1960 4286 2108 4337 Orat.

539 4363 602 4415 Χ,
634 4363 686 4416 ρ.

714 4350 836 4403 555.

510 4486 513 4487 7
771 4419 1051 4496 gaduisse]
1080 4423 1233 4479 Voss.
1258 4425 1292 4477 ‘2
1312 4466 1326 4489 ,
1352 4426 1610 4480 maluisse.

770 4490 850 4563 In
875 4489 1329 4563 mind-Cantabr”
1358 4513 1491 4549 nunc
1522 4508 1597 4550 tu.

769 4559 902 4641 Tibi]
938 4559 1132 4641 Rarior
1164 4559 1516 4641 constructio.
1548 4567 1791 4641 Dativum
1824 4581 1952 4641 sane
1989 4563 2112 4619 huic

537 4632 655 4683 voci
682 4632 864 4699 jungi,
900 4648 1003 4686 non
1048 4634 1327 4687 videbatur
1374 4636 1665 4691 Bondamio
1712 4638 1835 4691 Var.
1878 4638 2025 4692 Lect.
2058 4650 2105 4697 ι,

539 4700 603 4766 5;
629 4677 720 4773 hic
759 4677 936 4773 tanien
967 4718 1068 4755 non
1114 4715 1164 4756 te
1202 4706 1555 4773 expediveris,
1599 4708 1703 4759 nisi
1729 4719 1775 4759 te
1815 4677 2113 4760 rescribere
2140 4677 2234 4757 Di

3542 3182 3697 3256 [iane
3711 3180 3737 3233 2

2145 3278 2194 3346 C
2224 3277 2331 3335 605
2410 3277 2633 3335 Dissona
2672 3291 2779 3334 non
2821 3277 3047 3345 iterant;
3089 3275 3336 3349 repetitio
3374 3289 3490 3333 rem
3536 3281 3683 3330 tenet
3727 3272 3810 3341 ip-

3557 3364 3731 3436 [θεων

2220 3713 2255 3766 2
2277 3725 2306 3763 a
2335 3726 2491 3764 manu
2518 3712 2773 3765 secunda.

2294 3781 2420 3835 596.
2458 3780 2585 3851 Deo]
2619 3782 2689 3851 lta
2728 3779 3006 3847 Cantabr.,
3037 3779 3191 3834 Voss.
3220 3782 3275 3851 1,
3302 3780 3651 3851 eteditiones
3682 3779 3804 3846 plu-

2222 3866 2335 3917 res,
2387 3853 2541 3906 male.
2574 3850 2740 3906 ’Voss.
2774 3852 2838 3915 2,
2874 3852 3020 3917 Ald.,
3060 3852 3223 3905 Torn.
3259 3850 3317 3915 ί,
3350 3850 3539 3915 Antv.,
3583 3854 3805 3904 veniente

2224 3920 2318 3975 Dei
2344 3924 2681 3990 pra’nuntius.
2704 3922 2847 3976 Nihil
2871 3932 2952 3975 est
2979 3936 3082 3990 quo
3110 3930 3220 3975 tum
3245 3922 3468 3975 veniente
3494 3922 3713 3975 referas.
3732 3947 3805 3962 -—

2222 3990 2307 4045 Ea:
2350 4008 2461 4061 quo
2488 4006 2567 4045 est
2616 4002 2915 4061 postquam.

2211 4057 2640 4125 codicisfexime
2663 4057 2891 4117 Martiali
2924 4077 3005 4126 Vl,
3031 4062 3119 4127 50,

3014 3994 3211 4045 [ossam
3262 3992 3415 4058 hinc,
3444 4007 3546 4060 ope
3583 3991 3796 4045 Thunni

2364 4173 2618 4225 Obscenos
2641 4182 2893 4237 postquam
2919 4176 3066 4235 ccepit
3085 4184 3285 4223 servare
3309 4172 3538 4222 cinados.

2219 4279 2353 4336 Cod.
2378 4284 2635 4336 obscaenas
2662 4298 2724 4335 ea;
2750 4297 2806 4334 co
2832 4297 2849 4334 :
2878 4281 3017 4335 unde
3044 4280 3399 4350 efﬁngendnm
3424 4296 3488 4334 ea:
3514 4294 3638 4348 quo.

2296 4353 2420 4423 597.
2449 4352 2625 4423 Prius]
2655 4351 2932 4416 Cantabr.,
2967 4352 3113 4423 pius;
3138 4349 3229 4423 7iia
3263 4353 3624 4423 harecunl‘nsa
3656 4349 3796 4419 apud

2223 4422 2409 4478 Sedul.
2442 4438 2530 4489 nr,
2561 4421 2651 4479 44.
2685 4424 2870 4479 Posset
2901 4426 3001 4478 hoc
3030 4422 3095 4478 ad
3124 4421 3274 4478 Iesus
3316 4421 3533 4487 referri,
3567 4422 3660 4476 sed
3695 4436 3801 4476 non

2220 4507 2445 4549 necesse
2469 4506 2571 4548 ρει.

2290 4564 2418 4620 597.
2448 4564 2618 4635 Fecit]
2648 4566 2945 4620 Obsecutns
2974 4581 3089 4619 sum
3118 4565 3412 4619 codicibus.
3450 4561 3560 4635 Sed
3592 4563 3792 4628 Aldin.,

2219 4633 2382 4690 Torn.
2412 4634 2460 4698 II,
2495 4633 2876 4704 tratisponunt,
2906 4653 3004 4705 quo
3032 4646 3256 4707 tempore
3286 4636 3407 4705 fecit
3452 4634 3631 4707 Iesus.
3674 4636 3801 4687 Poso

2245 4707 2474 4759 eriorem
2506 4720 2715 4775 quoque
2750 4722 2932 4760 vocem
2965 4711 3017 4761 in
3052 4720 3159 4762 tres
3189 4707 3423 4778 syllabas
3454 4706 3648 4774 redigit
3678 4710 3801 4759 Ant-

537 4771 744 4847 malles.
779 4771 947 4847 ln7his
988 4771 1333 4847 scriptoribus
1363 4777 1485 4829 talia
1525 4776 1733 4831 admitti
1766 4786 2016 4847 possunt,
2058 4776 2111 4829 in
2223 4790 2370 4847 verp.

537 4841 1163 4916 aliis7j7tire_damnanda._
1339 4915 1342 4916 7
1419 4914 1428 4916 7
1768 4841 1781 4847 ’
2229 4914 2252 4916 7
2288 4841 2412 4899 500.
2447 4843 2547 4899 Cur
2578 4844 2803 4916 solitum]
2832 4846 2905 4900 lta
2938 4847 3099 4902 codd.
3126 4857 3178 4902 et
3208 4846 3416 4911 Aldin.,
3446 4846 3547 4900 nisi
3578 4844 3722 4913 quod
3748 4846 3798 4898 in

596 4912 734 4993 7581.
782 4910 1015 4984 Semita]
1072 4913 1349 4970 l'ulmanni
1410 4914 1638 4987 Sched.,
1688 4917 1975 4989 Antverp.,
2026 4938 2110 4975 se-
2215 4914 2494 4993 Cantabr._
2521 4916 2588 4968 sit
2612 4933 2741 4993 7cum
2761 4910 2802 4980 ;”
2830 4919 3319 4993 omnes77reliquze,
3360 4910 3651 4993 insolitum.
3696 4915 3799 4970 Sed

536 4984 694 5054 ηιὶῃᾳ.
789 5053 798 5054 7
925 5053 929 5054 7
1624 4984 1633 4987 ’
1892 4984 1907 4989 ⁷
1964 4984 1969 4987 ⁷
2118 5024 2121 5029 .
2215 4984 2437 5041 Joannis
2484 4986 2746 5054 baptisma
2786 4998 2903 5041 erat
2954 4984 3202 5054 solitum;
3248 4987 3443 5042 Christi
3495 4987 3796 5040 insolitum.

558 5122 570 5134 7
607 5051 730 5134 555.
767 5053 936 5134 Quod]
965 5055 1040 5110 lta
1063 5055 1243 5124 codd.,
1271 5056 1393 5112 edd.
1426 5057 1628 5127 Aldin,,
1654 5060 1819 5116 Tom.
1844 5062 1904 5126 1;
1939 5061 1992 5117 in
2022 5077 2107 5118 re.
2216 5058 2382 5134 Suum
2417 5051 2646 5125 itemque
2673 5058 2874 5134 Christi
2902 5059 3163 5128 baptisma
3189 5051 3307 5129 ipse
3335 5062 3577 5129 opponit.
3601 5054 3800 5111 Confer

537 5122 707 5199 liquis
723 5133 806 5199 es_t
833 5122 965 5199 quae.
998 5194 1016 5199 _
1051 5171 1099 5199 _.
1230 5122 1236 5124 ⁷
1610 5122 1622 5127 ⁷
1892 5122 1899 5126 ’
2215 5134 2271 5180 et
2299 5129 2415 5181 Act.
2443 5122 2611 5199 apost.
2646 5143 2770 5199 ως,
2799 5128 2902 5199 ςιί.

606 5193 729 5272 583.
762 5193 1018 5272 ponique]
1050 5196 1286 5253 Tornaes.
1314 5200 1367 5262 1,
1400 5200 1523 5254 doni
1551 5217 1750 5270 quoque
1778 5203 2020 5272 suscipis;
2053 5204 2107 5259 in
2214 5269 2224 5272 _
2286 5199 2409 5272 502.
2443 5193 2743 5269 lnsinuans]
2779 5193 2928 5252 Voss.
2958 5200 2993 5252 2
3013 5242 3024 5259 ,
3057 5201 3345 5271 insignitus.
3389 5197 3670 5272 Iasigilare
3705 5210 3798 5272 pro

537 5265 811 5341 resarcipis
842 5275 1234 5341 tamenonines
1262 5265 1598 5338 conspirant,
1631 5265 1685 5323 et
1715 5286 1818 5323 non
1850 5265 1947 5325 nisi
1976 5265 2109 5326 Ara-
2213 5266 2449 5341 indicare
2478 5279 2529 5341 et
2558 5271 2708 5338 signo
2726 5265 3033 5325 'ostendere
3074 5265 3180 5324 dici
3219 5271 3377 5325 docet
3425 5265 3719 5341 Du'Cange
3743 5269 3797 5320 in

536 5336 665 5387 toris
688 5337 999 5411 auctoritate
1032 5338 1130 5411 hoc
1160 5350 1373 5411 tuentur
1397 5336 1591 5393 iexica.
1619 5342 1697 5393 0h
1724 5344 1995 5395 reddamus
2027 5352 2109 5397 ta-
2210 5339 2452 5411 Clossdr.
2482 5336 2653 5394 Latin.
2687 5340 2739 5394 in
2763 5341 3003 5395 verbum.
3036 5343 3276 5397 Alterum
3318 5343 3433 5411 ipse
3468 5336 3679 5395 Arator'
3705 5338 3799 5392 ba-

536 5418 667 5478 men
681 5406 872 5478 similis
896 5408 1211 5475 compositio
1232 5408 1441 5462 videtur
1466 5412 1783 5465 necessaria.
2208 5410 2301 5465 bet
2324 5426 2373 5478 ι,
2396 5410 2497 5478 82,
2528 5424 2531 5425 ⁷

605 5475 729 5527 587.
760 5473 995 5529 Potestas
1002 5473 1034 5546 J'
1048 5478 1263 5531 Cortius
1302 5478 1619 5544 ascripserat
1648 5483 1991 5539 Hincmarum
2034 5484 2105 5542 de

532 5547 805 5618 non‘trina
832 5546 1034 5618 Deitate
1057 5558 1183 5603 tom.
1207 5549 1257 5612 Ι,
1288 5564 1343 5618 p.
1369 5550 1490 5603 500.

760 5614 1007 5690 ιζιρρτρμδ]
1027 5618 1193 5690 7Voss.
1214 5612 1534 5687 2,'alterius.

773 5684 959 5761 Diluit]
989 5683 1279 5754 'Cantabr.,
1318 5691 1463 5755 Ald.,
1506 5690 1685 5746 demit.
1722 5692 1857 5749 Vide
1896 5697 1962 5751 ad
2008 5697 2102 5753 lib.

530 5768 581 5821 ι,
603 5768 732 5812 206.

760 5826 874 5905 7112c
904 5829 1073 5905 cessit]
1102 5830 1257 5905 Yoss.
1290 5830 1341 5895 1,
1365 5834 1631 5905 concessit,
1684 5834 1841 5891 male.
1876 5835 2007 5893 Vide
2034 5839 2100 5894 ad

531 5897 687 5965 epist.
713 5898 778 5955 ad
812 5897 984 5969 Flor.,
1013 5897 1072 5958 in
1095 5901 1221 5971 ﬁne,
1253 5911 1302 5961 et
1333 5919 1379 5971 I,
1409 5903 1532 5959 50!.

2551 5521 2611 5572 Et
2633 5521 2883 5573 insinuans
2900 5523 3062 5574 divina
3082 5524 3299 5586 negotia.

2216 5628 2390 5702 Digito
2421 5638 2599 5685 tamen
2630 5630 2697 5687 ad
2727 5634 2953 5702 prodidit
2983 5631 3143 5698 refer,
3174 5630 3315 5700 quod
3355 5644 3479 5685 cum
3517 5643 3626 5702 non
3677 5642 3797 5693 per-

2212 5697 2445 5769 spiceret
2496 5697 2748 5757 librarius
2798 5704 2854 5767 in
2907 5704 3098 5767 Voss.,
3154 5697 3275 5759 ideo
3331 5702 3544 5757 videtur
3601 5697 3798 5753 inimu-

2211 5780 2407 5899 tasﬁsgfi.
2442 5843 2657 5916 [lerant]
2687 5844 2765 5916 ita
2794 5845 3066 5911 Cantabr.,
3102 5845 3253 5899 Voss.
3284 5844 3337 5905 ‘I,
3360 5842 3427 5911 2,
3451 5840 3601 5911 Ald.,
3629 5841 3795 5899 Tom.

2213 5915 2266 5969 1.
2293 5915 2445 5982 Aliae,
2475 5914 2657 5971 iterat.
2682 5914 2842 5985 Pejus
2870 5916 3012 5973 Bibl.
3042 5916 3240 5987 Lugd.,
3269 5917 3455 5972 inerat.
