4026 6456
513 432 612 489 911

516 634 622 693 610
696 636 914 705 Hospite
945 636 1016 690 sit
1046 633 1242 705 polluta
1266 645 1384 699 suo,
1415 628 1780 699 templumque
1809 627 2020 684 decoris

696 726 902 786 Iuticiat
932 725 1198 796 praedonis
1221 723 1389 789 odor;
1415 738 1524 793 quo
1549 733 1790 791 tempore
1816 730 2021 791 septem

696 820 855 892 217
881 818 1061 875 Judata
1090 817 1157 872 de
1179 816 1346 885 stirpe
1366 815 1467 870 viri
1494 829 1632 871 nova
1656 814 1837 883 praelia
1864 820 2089 869 tentant.

693 909 785 967 Sic
824 912 968 980 prius
989 908 1173 965 atrati:
1214 910 1381 974 Quem
1415 906 1608 963 Paulus
1633 906 1848 964 nomine
1871 905 2055 961 Jesum

700 1001 983 1070 Prtedicat,
1013 1002 1157 1059 hunc
1191 1000 1400 1057 tibimet
1435 999 1638 1071 pariter
1663 1005 2012 1070 proponimus
2038 1006 2095 1055 et

1858 1089 1978 1162 [nos
2004 1105 2020 1154 ;

520 1183 627 1243 6&5
698 1186 989 1243 Pervasum
1010 1184 1221 1249 dimitte
1248 1184 1448 1242 locum.
1482 1184 1593 1239 Vos
1620 1184 1826 1240 reddita
1847 1192 2053 1249 contra,

698 1281 942 1338 Christus
969 1280 1061 1352 qui
1089 1280 1180 1346 sit,
1211 1281 1306 1346 ait,
1346 1279 1437 1350 qui
1479 1279 1694 1347 Paulus,
1737 1279 1935 1345 sentio,
1970 1290 2094 1332 nam

1908 1372 2025 1444 [vos

696 1467 912 1539 Ignotos
941 1468 1118 1525 vitare
1139 1466 1302 1531 licet;
1347 1479 1614 1536 cognosce
1644 1465 1904 1532 furorem,

698 1561 843 1617 Gens
874 1560 1111 1624 inimica,
1138 1568 1287 1614 tuum
1312 1574 1327 1624 ;
1358 1557 1568 1614 daemon
1592 1572 1816 1629 regnare
1838 1558 2056 1624 fatetur,

694 1654 867 1721 Quem
918 1654 1131 1710 venisse
1171 1666 1356 1723 negas,
1404 1658 1567 1721 atque
1610 1651 1712 1706 hoc
1756 1650 2094 1707 convinceris

1862 1744 2020 1818 [ipso,

521 1835 627 1894 650
697 1834 815 1904 Quo
840 1838 1147 1893 stimulante
1171 1837 1302 1902 ruis,
1327 1835 1409 1893 cui
1434 1850 1539 1891 non
1561 1835 1715 1890 datur
1735 1847 1831 1891 ore
1856 1834 2088 1903 placere,

699 1925 851 1994 Quod
885 1936 1091 1984 terrore
1118 1936 1335 1991 movet;
1376 1926 1642 1982 contraria
1676 1926 1857 1982 dicere
1883 1935 2008 1981 voto
2124 1909 2174 1971 Β

700 2016 874 2074 Causa
903 2018 1001 2075 Dei
1026 2019 1290 2088 prohibet,
1314 2032 1473 2089 quam
1517 2018 1601 2074 lex
1632 2018 1919 2075 comitatur
1943 2033 2094 2074 amo-

1902 2110 2020 2183 [ris.

694 2201 823 2257 Haec
851 2210 935 2258 est
956 2217 1078 2258 vera
1105 2202 1234 2258 fides
1262 2220 1275 2257 :
1302 2218 1419 2272 quae
1444 2210 1569 2257 tunc
1592 2202 1895 2271 spectacula
1923 2202 2093 2272 plebi,

697 2295 934 2363 Quamve
983 2296 1382 2365 triumphalem,
1419 2294 1644 2350 Domino
1686 2296 1955 2359 vincente,
2001 2309 2097 2351 co-

1819 2385 2028 2457 [ronam

698 2475 930 2553 Conligit
960 2477 1084 2535 inde
1104 2478 1245 2549 geri!
1281 2476 1468 2534 rabido
1493 2492 1615 2533 cum
1642 2492 1918 2534 murmure
1949 2481 2096 2535 fren-

1874 2571 2028 2643 [dens

697 2662 966 2721 Daemonis
988 2664 1087 2731 ira,
1121 2665 1230 2719 suis
1258 2664 1395 2718 bene
1417 2663 1597 2730 noxia,
1621 2663 1820 2734 rumpit
1840 2666 2097 2736 amictus,

705 2758 949 2813 Dissecat
978 2764 1032 2813 et
1062 2755 1248 2823 facies,
1279 2754 1591 2825 fugiuntque
1619 2756 1852 2824 pericula
1875 2758 2025 2823 victi,

697 2847 957 2919 Nudaque
984 2847 1244 2917 praecipiti
1262 2855 1585 2903 convertunt
1611 2856 1761 2918 terga
1786 2861 2007 2919 pavore.

699 2939 861 3008 Quid,
886 2938 1073 2995 Judtea
1105 2938 1279 3007 ferox,
1300 2938 1413 3009 jam
1441 2951 1549 2995 non
1582 2937 1651 2995 de
1670 2938 1824 2995 clade
1848 2940 2104 3001 timebis?

528 3031 633 3093 660
702 3032 834 3102 Qum
869 3033 1016 3091 socio
1038 3031 1118 3092 sic
1150 3031 1309 3095 hoste
1330 3033 1497 3106 peris,
1524 3032 1610 3091 eui
1630 3033 1871 3092 criminis
1891 3048 2103 3105 auctor,

522 2477 628 2537 688

1962 414 2307 475 ABATORIS

699 541 911 613 Traxit,
932 550 987 597 et
1010 540 1243 597 auctoris
1271 538 1506 609 speciem
1528 548 1624 606 pro
1650 534 1868 605 pignore
1888 542 2096 605 gestat,
2120 533 2178 594 Δ

3671 429 3781 482 219.

2381 530 2712 601 Punitorque
2738 529 2878 588 idem
2908 541 3011 599 est,
3038 545 3107 589 ne
3134 533 3206 591 sit
3229 541 3283 592 te
3300 534 3481 607 judice
3503 539 3711 609 pulsus,

2375 625 2487 694 Qua
2534 626 2696 682 simul
2733 636 2816 683 est
2858 636 3113 698 peccante
3153 645 3299 687 reus.
3328 631 3449 688 Mox
3498 632 3635 689 fama
3683 651 3782 705 per

3590 741 3623 779 ιι

2374 811 2579 882 Sparsit
2605 813 2798 885 ubique
2837 812 3044 879 volans,
3090 820 3147 869 et
3183 814 3445 873 daemonis
3485 726 3783 875 edebat):

2376 998 2539 1070 218
2565 997 2719 1065 Quod
2749 994 2915 1054 virtus
2941 1007 3024 1055 est
3050 1012 3259 1056 summa
3299 996 3433 1057 Dei:
3457 908 3781 1059 codcuurr’em

3511 1095 3706 1149 audent

3511 1095 3706 1149 audent

2198 1180 2305 1238 665
2379 1180 2436 1236 In
2459 1180 2646 1238 latices
2676 1181 2879 1239 intrare
2917 1183 3057 1254 pios,
3090 1093 3706 1255 maculasquelgetustas

2372 1274 2543 1331 Fonte
2580 1273 2758 1332 lavare
2802 1289 2961 1345 novo,
2994 1277 3301 1348 sanctisque
3339 1276 3603 1334 nitescere
3633 1278 3775 1350 lym-

3598 1373 3702 1427 his.

3598 1373 3702 1427 his.

2375 1462 2421 1519 Ε
2464 1460 2660 1533 quibus
2694 1474 2799 1518 una
2845 1462 3005 1519 datur
3067 1458 3229 1521 simul
3280 1464 3465 1521 insons
3525 1372 3770 1521 gruibus

3603 1567 3702 1612 tas.

2375 1649 2473 1704 Ast
2499 1648 2589 1703 alii
2614 1647 2833 1719 magicis
2872 1656 3076 1719 ponunt
3106 1647 3355 1703 incendia
3392 1553 3597 1713 libri?

2379 1740 2448 1797 Ut
2475 1750 2784 1797 mereantur
2812 1756 2998 1813 aquas,
3021 1752 3076 1799 et
3102 1742 3270 1797 vitent
3299 1740 3513 1813 ignibus
3532 1741 3697 1811 ignes.

2200 1834 2307 1893 670
2377 1836 2558 1891 Ardua
2585 1836 2797 1891 flamma
2828 1837 3009 1903 nimis,
3044 1837 3198 1906 cujus
3226 1852 3388 1905 super
3415 1851 3539 1892 aera
3570 1837 3739 1907 fulgor

2379 1926 2589 1993 Evolat,
2622 1937 2675 1983 et
2698 1927 2891 1983 ctrlum
2925 1928 3060 1984 tales
3093 1929 3295 1998 petiere
3326 1924 3539 1984 favillae.

2381 2018 2772 2091 Quinquaginta
2794 2019 2952 2075 etiam
2980 2021 3208 2091 pretium
3240 2034 3467 2090 posuere
3490 2019 3678 2076 libellis

2381 2110 2541 2166 Millia
2566 2125 2928 2177 nummorum,
2960 2111 3211 2181 quoniam
3247 2127 3493 2167 meruere
3526 2122 3776 2169 nocentes

2381 2202 2471 2260 Sic
2514 2204 2735 2260 abolere
2799 2202 2984 2271 nefas;
3044 2202 3203 2275 hujus
3246 2202 3363 2260 haec
3401 2220 3562 2262 causa
3600 2204 3783 2277 figura

2206 2385 2313 2443 675
2384 2384 2527 2458 Lege
2546 2400 2698 2443 sacer
2718 2400 2971 2444 numerus
2993 2388 3183 2445 delicta
3206 2390 3451 2458 resolvit,
3468 2398 3529 2445 ut
3547 2296 3674 2446 (Elei:
3688 2342 3704 2355 ο

2384 2481 2548 2552 219
2576 2480 2738 2536 Diluit
2758 2480 2813 2535 in
2842 2487 2957 2537 toto
2980 2478 3149 2536 David
3172 2495 3266 2536 sua
3290 2482 3515 2538 crimina
3540 2480 3782 2552 Psalmo,

2382 2572 2802 2645 Contactusque
2826 2567 3005 2645 fugat;
3034 2588 3157 2630 nam
3184 2572 3658 2646 quinquagesimus
3687 2591 3786 2633 an-

2386 2759 2520 2815 Cum
2538 2759 2792 2832 jubilseus
2814 2759 2987 2828 adest,
3019 2760 3223 2832 proprii
3248 2760 3527 2818 distractio

2389 2852 2621 2924 Antiquo
2648 2853 2876 2911 donatur
2901 2854 3072 2921 hero;
3120 2856 3330 2913 servire
3356 2866 3573 2912 coactos

2207 2942 2313 3003 680
2386 2945 2629 3001 Libertas
2657 2947 2854 3003 amissa
2882 2947 3049 3017 petit;
3096 2948 3234 3003 mala
3252 2944 3431 3004 debita
3461 2946 3605 3003 laxat

2387 3037 2657 3106 Crcditor,
2685 3046 2740 3095 et
2768 3038 2933 3095 limen
2973 3038 3159 3111 patriae
3180 3047 3331 3097 vetus
3350 3038 3547 3113 aspicit
3570 3037 3746 3095 exsul.

2044 3171 2273 3233 ΝοτΑς.

589 3284 716 3357 669,
746 3284 939 3357 Gestat]
971 3284 1129 3357 Voss.
1153 3284 1209 3357 1,
1240 3283 1427 3357 Antm,
1446 3291 1646 3357 portat.

593 3353 719 3413 640.
754 3353 989 3428 Hospite]
1018 3356 1269 3412 Sedulius
1294 3369 1348 3410 Ill
1364 3397 1380 3422 ,
1405 3353 1495 3422 85,
1517 3354 1587 3411 de
1607 3353 1849 3412 demone
1874 3370 1890 3409 :

613 3447 785 3498 Talem
808 3450 987 3511 quippe
1010 3447 1208 3497 domum
1230 3446 1408 3509 dignus
1430 3446 1518 3495 fuit
1536 3445 1715 3508 hospes
1734 3446 1938 3499 habere.

526 3529 618 3587 ubi
647 3540 702 3585 et
731 3527 1093 3601 Wopkensius
1125 3530 1241 3584 haec
1271 3528 1521 3585 contulit.

597 3622 723 3678 ste.
752 3618 966 3691 ιμάωα]
993 3618 1475 3691 Aldin.._1udsica.

528 3764 542 3777 .
598 3691 731 3777 614.
781 3687 1151 3777 Proponimus]
1176 3689 1344 3746 Torn.
1375 3704 1413 3755 t,
1447 3688 2108 3759 privatimne—Voss!

527 3771 739 3835 ignorat
759 3771 969 3831 pariter.

540 3902 579 3914 ﬁ
771 3826 1065 3913 Pert'as'um]
1094 3829 1374 3914 Salvianus
1409 3830 1664 3914 _G_ubern.
1696 3830 1812 3912 Dei.
1840 3847 1890 3899 ν,
1926 3848 1974 3902 p.
2010 3832 2105 3914 Q7,

532 3902 748 3974 Privata
774 3902 1066 3972 pervasione
1096 3902 1276 3974 nudati
1300 3910 1438 3956 sunt.
1465 3902 1539 3974 ita
1567 3902 1885 3974 pervasiones
1911 3917 2005 3974 per
2027 3903 2109 3959 in-

428 4042 433 4045 ,
531 3971 783 4045 vasiones
831 3981 978 4028 recte
1028 3973 1249 4045 exponit
1280 3972 1534 4027 Rittersh.
1566 3972 1654 4045 _ad
1704 3973 1880 4045 curati.
1911 3971 1983 4045 p.
2016 3975 2107 4030 36.

533 4043 739 4107 Isidoro
762 4057 945 4097 vocem
973 4044 1206 4100 asseruit
1234 4054 1533 4114 opportune
1558 4042 1719 4114 Joan.
1751 4042 2109 4113 Cannegiete-

536 4129 627 4183 rus
656 4114 908 4183 0hserv_.,
936 4128 987 4169 c.
1016 4115 1079 4169 17
1110 4133 1123 4179 ;
1151 4124 1206 4171 et
1236 4112 1444 4183 pervasa
1476 4116 1591 4179 ipse
1622 4112 1843 4169 Seduiio
1874 4112 1957 4178 in,
1984 4114 2106 4169 509.

536 4181 1007 4293 Ir:Ad‘illsetﬁVVopitens.
1037 4184 1092 4241 in
1126 4181 1349 4243 Observ.
1384 4184 1604 4240 Miscell.
1646 4199 1773 4240 nov.
1807 4194 1937 4239 tom.
1974 4185 2107 4253 Vlll,

535 4270 589 4333 Po
781 4324 880 4393 Qui
904 4327 999 4453 sit}
1022 4328 1301 4409 Cantabr.,
1335 4326 1492 4381 Voss.
1517 4338 1570 4408 t,_
1591 4327 1705 4395 quis
1732 4327 1819 4391 sit,
1851 4327 1947 4395 ait,
1974 4329 2108 4397 quis.

535 4395 743 4453 Aldtn..
776 4397 817 4453 Τ
822 4413 940 4453 orn.
1013 4440 1026 4453 .
1052 4399 1141 4453 aui
1164 4408 1229 4453 sit
1255 4395 1489 4453 Christus
1517 4406 1610 4450 att.

535 4395 743 4469 Aldin.,
776 4397 817 4453 Τ
822 4413 940 4469 orn.
974 4395 1026 4465 1,
1052 4399 1141 4469 qui
1164 4399 1229 4453 sit
1255 4395 1489 4454 Christus
1517 4397 1610 4469 ait.

606 4466 730 4523 6i9.
756 4466 911 4540 ipso]
956 4466 1233 4535 Cantabr“
1280 4469 1414 4538 ipsa,
1440 4476 1497 4522 ut
1522 4467 1590 4522 ad
1643 4482 1762 4537 gens
1801 4468 2065 4525 referatur
2096 4486 2109 4523 :

539 4552 716 4608 neque,
739 4537 1006 4608 displicet.

1143 4608 1589 4692 W_assenbergi_us
1625 4609 1943 4692 emendabat
1957 4610 2112 4692 ῥίψει

537 4692 635 4741 re;
668 4687 718 4731 et
752 4680 968 4746 exponit
996 4696 1008 4731 :
1038 4679 1162 4743 Vos,
1194 4679 1386 4744 Judaei,
1419 4680 1612 4735 vestris
1640 4680 1817 4734 verbis
1838 4679 2111 4749 jussisque
2138 4684 2195 4745 ι)

538 4758 634 4802 aut
680 4748 841 4807 minis
866 4751 1061 4803 malum
1091 4750 1335 4816 Spiritum
1381 4760 1585 4806 terrere
1624 4763 1730 4802 non
1754 4748 2010 4818 potestis,
2032 4748 2111 4804 sic

538 4827 598 4872 ut
620 4818 865 4874 eumdem
891 4815 1166 4887 expellatis
1191 4819 1356 4889 jussis
1382 4820 1576 4874 vestris
1595 4815 1957 4886 perterritum.
1984 4815 2113 4875 Pla-

539 4904 653 4943 cere
696 4891 982 4955 repositum
1014 4891 1303 4945 arbitratur
1346 4889 1509 4945 abiis
1550 4889 1643 4959 qui
1673 4890 1885 4945 tertium
1928 4906 2113 4947 casum

537 4960 1089 5088 Iﬂjubgredjunctum
1117 4976 1227 5017 non
1254 4959 1516 5017 ferebant.
1547 4956 1625 5015 lia
1654 4968 1832 5017 tamen
1862 4971 1915 5017 et
1947 4962 2041 5019 lib.
2070 4977 2110 5029 ι,

649 5072 663 5088 .
698 5047 728 5084 u
770 5048 787 5088 ι
843 5047 933 5084 nn.

648 5072 663 5095 ,
698 5047 787 5091 unt
808 5047 933 5085 αιχι.

614 5102 737 5173 655.
772 5099 997 5173 ﬂuido]
1025 5100 1179 5173 Voss.
1217 5102 1268 5166 1,
1304 5102 1505 5173 rapido.
1533 5098 1665 5157 Vide
1690 5118 1838 5173 supr.
1870 5118 1952 5158 vs.
1981 5101 2116 5159 242.

612 5172 737 5243 658.
773 5170 993 5243 Panare]
1024 5171 1299 5243 Pulmanni
1330 5172 1552 5239 Sched.,
1577 5170 1770 5242 Antv.,'
1794 5175 1987 5243 pavori.

612 5242 736 5313 662.
767 5240 899 5313 Qua]
920 5240 1195 5313 Cantabr”
1224 5258 1342 5312 quo.

613 5312 737 5366 665.
761 5312 951 5384 Edere]
976 5314 1047 5384 De
1078 5318 1173 5384 hac
1199 5313 1465 5369 locutione
1484 5312 1607 5368 vide
1626 5313 1691 5367 ad
1713 5312 1896 5370 Sedul.
1921 5328 1962 5379 ι,
1989 5313 2115 5369 146.

544 5380 814 5436 Βαιηιοηεε
845 5380 1075 5437 malebat
1093 5382 1561 5439 Wassenheraius.

618 5452 744 5524 665.
771 5450 961 5524 Inlita
990 5454 1170 5522 codd,
1198 5457 1319 5510 edd.
1353 5450 1498 5520 Ald,
1525 5453 1688 5507 Torn.
1714 5452 1740 5507 1
1762 5470 1777 5521 ;
1802 5461 2031 5524 etatem,
2052 5456 2120 5509 ad

547 5520 722 5576 latices
747 5540 766 5587 ;
792 5520 885 5577 'se'd
906 5526 1099 5579 intrare
1135 5520 1185 5579 in
1218 5526 1392 5579 latices
1422 5534 1625 5578 rectum
1670 5531 1770 5578 est.
1806 5522 2120 5594 Praepositio

551 5607 781 5659 namque
802 5609 919 5662 qua:
946 5596 996 5647 in
1021 5599 1317 5661 composito
1334 5594 1443 5664 jam
1477 5593 1635 5661 inest,
1663 5610 1804 5663 saepe
1832 5593 2113 5664 repetitur,

550 5672 607 5715 ut
636 5664 765 5716 inine
791 5664 844 5715 in
887 5665 1078 5717 urbem.
1113 5664 1242 5717 Vide
1270 5665 1518 5718 Burman.
1562 5665 1626 5717 ad
1674 5665 1824 5720 Suet.
1856 5666 1994 5719 Caes.
2031 5668 2114 5719 f8.

550 5733 702 5801 Apud
734 5734 976 5789 Orosium
1008 5751 1080 5799 vr,
1105 5733 1191 5794 20,
1229 5735 1288 5783 di-
1325 5734 1533 5787 taberna
1562 5737 1819 5787 meritoria
1846 5752 1931 5802 per
1955 5745 2117 5787 totum

549 5806 683 5877 diem
712 5807 883 5877 ﬂuxit,
914 5804 1356 5877 posset_substitui
1389 5806 1620 5873 deﬂuxit,
1652 5820 1715 5858 ex
1742 5804 1897 5861 Joan.
1926 5806 2116 5877 Sares~

551 5871 784 5948 beriensi
817 5871 941 5948 vi",
966 5876 1049 5948 iii.
1075 5871 1289 5948 intrare
1312 5871 1483 5948 autem
1509 5891 1584 5932 est
1616 5891 1709 5944 pro
1736 5876 2014 5948 gerundio,
2033 5876 2123 5948 de

552 5961 655 6017 quo
675 5946 742 6002 ad
764 5963 849 6013 ep.
879 5944 943 5997 ad
975 5940 1127 6014 Vigii.
1148 5959 1225 6002 vs.
1248 5948 1298 6003 4.
1334 5946 1465 6005 Fere
1495 5940 1951 6004 similiter'Sedul.
1974 5945 2125 6016 t,39,

2130 3287 2180 3353 ο

2546 3290 2645 3344 Per
2668 3290 2837 3343 latices
2861 3294 3045 3344 intrare
3079 3294 3199 3356 pios.

2284 3373 2713 3447 668.1ncendia]
2770 3376 2844 3431 Ita
2872 3376 3013 3431 enim
3063 3377 3227 3432 moris
3254 3380 3371 3434 erat
3418 3376 3584 3435 libros
3632 3378 3788 3447 Reip.

2210 3448 2480 3517 praecipue
2509 3448 2751 3519 religioni
2788 3450 2995 3519 noxios
3049 3448 3170 3519 lgnc
3224 3462 3486 3505 cremare.
3541 3449 3671 3507 Vide
3700 3448 3787 3506 El-

2210 3518 2391 3590 menh.
2424 3519 2493 3590 ad
2534 3518 2735 3574 Arnob.
2771 3518 2996 3590 Advers.
3023 3518 3167 3590 gent.
3199 3532 3277 3582 ιιι,
3312 3534 3365 3590 p.
3418 3520 3557 3590 109,
3587 3533 3641 3576 et
3668 3538 3787 3590 quae

2210 3589 2400 3663 dixiin
2448 3588 2692 3655 Miscell.,
2722 3603 2853 3663 cap.
2883 3589 2935 3653 9,
2968 3605 3020 3658 ρ.
3072 3589 3191 3645 NH.
3244 3588 3377 3645 Cum
3420 3588 3648 3663 magicos
3686 3588 3786 3647 bos

2210 3658 2467 3738 appellet,
2494 3661 2761 3738 aspressit
2803 3660 3128 3738 Lucanum,
3176 3665 3423 3738 περίεργα
3472 3658 3785 3738 «painters,

2210 3732 2333 3805 Act.
2364 3747 2476 3805 xix,
2524 3731 2608 3786 19.
2659 3730 2761 3786 Per
2790 3733 2995 3805 curiosa
3024 3734 3205 3784 sectari
3234 3730 3481 3805 vulgatus
3512 3730 3789 3803 interpres

2212 3802 2264 3856 id
2294 3804 2491 3868 vertit;
2525 3810 2703 3856 tamen
2732 3802 2819 3871 qui
2845 3802 3076 3855 auiam
3100 3811 3233 3856 artes
3276 3802 3631 3867 exercuerant,
3674 3802 3785 3859 ina-

2210 3872 2325 3927 vult
2376 3872 2535 3927 Henr.
2569 3872 2873 3941 Stephanus
2923 3872 3255 3929 Scitediesm.
3285 3882 3342 3939 If,
3366 3874 3457 3928 28.
3491 3876 3565 3930 Ita
3609 3884 3789 3929 autem

2213 3956 2410 4015 vocem
2421 3940 2721 4015 curiosuset
2748 3940 2927 4015 Latini
2948 3945 3017 4015 de
3034 3943 3241 4015 artibus
3258 3946 3479 4015 magicis
3506 3945 3786 3999 adhibent.

2213 4012 2345 4069 Vide
2373 4011 2684 4069 Gothofred.
2715 4010 2782 4070 ad
2814 4014 2850 4067 ι.
2882 4014 2915 4069 4
2942 4012 3002 4069 C.
3046 4013 3254 4069 Theod.
3289 4010 3371 4071 de'
3389 4016 3563 4071 Malef.
3595 4024 3650 4071 et
3680 4017 3793 4071 ls-

2213 4084 2403 4149 them.,
2459 4088 2569 4155 qui,
2596 4093 2651 4141 et
2687 4085 2875 4142 eodem
2921 4099 3030 4155 quo
3073 4086 3375 4155 Stephanus
3424 4088 3586 4142 modo
3631 4086 3793 4143 Luce

2212 4154 2372 4210 verba
2402 4154 2669 4211 transfert.

2284 4224 2408 4281 669.
2455 4224 2647 4297 l’itent]
2678 4226 2753 4281 lta
2772 4225 2895 4281 dedi
2924 4240 2989 4283 es
3012 4225 3291 4293 Gamalam,
3321 4227 3479 4284 Voss.
3507 4227 3545 4284 Ξ
3570 4238 3624 4284 et
3654 4228 3787 4284 Bibl.

2214 4296 2415 4367 Lugd.;
2450 4298 2504 4352 in
2533 4297 2779 4367 omnibus
2803 4298 3043 4367 reliquis,
3074 4299 3256 4352 vitant.

2324 4368 2409 4422 7d.
2446 4367 2600 4441 Aera]
2633 4366 2707 4423 lta
2748 4366 2991 4441 coddget
3019 4369 3264 4441 quaedam
3295 4368 3582 4441 editiones,
3630 4369 3792 4441 vulgo

2212 4438 2423 4505 (ethera,
2468 4446 2531 4511 ut
2560 4438 2742 4511 aerius
2760 4450 2813 4494 et
2841 4440 3091 4493 wthereus
3118 4440 3338 4494 confusa
3367 4441 3507 4511 apud
3534 4438 3790 4506 Sedulii,

2214 4511 2338 4582 151.
2364 4539 2434 4582 έ-
2453 4508 2675 4582 fulgur,
2690 4509 2859 4582 Voss.
2887 4513 2936 4567 1.

2284 4581 2407 4635 672.
2459 4574 2705 4651 Ροεῑιετε]
2744 4582 3074 4653 Συμψηφὶζερν
3109 4590 3192 4637 est
3221 4581 3379 4635 Lucae
3410 4583 3525 4637 Act.
3550 4595 3673 4646 xu,
3705 4582 3790 4653 16,

2214 4660 2529 4722 computare,
2564 4661 2619 4704 ut
2646 4662 2793 4722 notat
2818 4652 2988 4708 Maius
3016 4652 3242 4706 Observ.
3297 4654 3448 4707 Sacr.
3481 4666 3551 4717 tv,
3582 4652 3784 4722 p.195.

2215 4751 2287 4764 —
2308 4721 2409 4775 Per
2437 4737 2671 4777 nummos
2695 4718 2932 4792 intelligo
2960 4723 3228 4792 denarios,
3263 4721 3312 4776 id
3346 4723 3493 4777 enim
3520 4718 3659 4792 apud
3689 4722 3791 4776 Lu-

2217 4804 2334 4846 cam
2380 4799 2525 4844 notat
2555 4793 2816 4865 ἀργύριον.
2852 4791 2984 4865 Vide
3008 4791 3215 4849 Fascic.
3266 4794 3461 4863 Opusc.
3493 4791 3564 4849 ad
3590 4794 3788 4849 Histor.

2217 4871 2501 4933 Spectantﬂ
2533 4872 2662 4933 tom.
2692 4864 2758 4933 μ,
2788 4879 2841 4933 p.
2871 4864 2996 4919 472.

2219 4932 2416 5059 20ἓἹϐ.
2444 4930 2633 5004 Dituit]
2682 4930 2957 5002 Cantabr”
3009 4935 3158 5003 Ald.,
3188 4935 3366 4991 deluit.
3400 4934 3536 4991 Vide
3560 4940 3723 5005 supra
3752 4951 3792 5001 ι,

2293 5070 2692 5149 679.60agtos}
2742 5075 2817 5149 Ita
2845 5077 3002 5132 Voss.
3056 5076 3108 5144 1,
3139 5077 3398 5149 Antverp.
3434 5077 3490 5132 In
3534 5075 3690 5132 Voss.
3720 5080 3792 5149 _!,

2222 5142 2346 5217 edd.
2376 5144 2523 5217 Ald.,
2550 5142 2713 5201 Torn.
2756 5148 2807 5213 1,
2830 5157 2921 5217 est
2947 5142 3175 5203 coactas.
3210 5142 3470 5217 Belidae,
3498 5149 3688 5202 coactis
3710 5142 3793 5201 ιὲέ

2220 5215 2387 5270 bertas
2414 5216 2601 5270 amissa
2626 5217 2777 5272 redit.
2809 5216 2889 5272 Cl.
2921 5215 3367 5289 Wassenbergid
3394 5219 3759 5291 interpungll:

2342 5318 2553 5381 Antiquo
2574 5318 2777 5369 donatur
2798 5319 2919 5369 hero
2933 5358 2946 5381 ,
2970 5322 3160 5381 servire
3182 5326 3364 5381 coacto.

2342 5380 2569 5431 Libertas
2590 5385 2763 5432 amissa
2782 5380 2938 5437 redit.
2966 5380 3091 5431 maia
3113 5382 3283 5431 debita
3306 5380 3439 5432 laxat

2346 5442 2585 5494 Crediter.

2293 5520 2414 5575 680.
2452 5518 2609 5591 Petit]
2649 5519 2705 5575 id
2755 5520 2877 5576 dedi
2917 5536 2987 5576 ex
3023 5520 3180 5576 Voss.
3212 5521 3278 5588 1,
3312 5518 3492 5577 Aldln.
3547 5514 3794 5591 Proxime

2222 5591 2428 5647 accedit
2454 5590 2642 5657 Antv.,
2659 5606 2775 5656 qua:
2797 5592 2928 5661 perit
2948 5591 3125 5647 habet.
3160 5591 3217 5646 In
3242 5591 3460 5662 reliquis
3480 5590 3637 5661 redit,
3660 5590 3795 5662 quod

2224 5664 2458 5733 glossam
2489 5663 2721 5733 arbitror
2749 5664 3011 5717 redolere.

2297 5732 2419 5787 68f.
2482 5731 2681 5799 Limen]
2737 5734 2942 5799 Aldin.,
2998 5738 3277 5800 Antverp.,
3331 5728 3627 5795 Fabricius,
3662 5730 3795 5787 Bibl.

2226 5802 2420 5871 Lngd.,
2477 5804 2667 5872 lumen.
2702 5802 2957 5872 Suspicor
2982 5815 3036 5859 et
3064 5805 3133 5858 ita
3164 5801 3414 5857 Cantabr.
3448 5813 3502 5859 et
3552 5803 3777 5859 Univers

2229 5872 2451 5937 habere,
2478 5884 2599 5944 cum
2620 5871 2835 5929 Curtius
2857 5875 3081 5944 margini
3114 5873 3443 5928 Fabriciana:
3473 5873 3606 5929 nihil
3635 5874 3794 5929 ascri~

2232 5944 2422 6015 pserit.
2473 5942 2721 6004 Alterum
2766 5954 2945 6006 tuetur
2977 5942 3246 6006 ‘Ambros.
3279 5944 3559 6019 .liexaem.
3605 5960 3660 6015 ν.
3709 5946 3793 6013 εί.
