4038 6356
609 354 714 411 219

606 620 713 708 775

606 1198 711 1257 780

603 1658 708 1715 785

598 2397 704 2454 790

594 2950 700 3007 795

2066 340 2414 407 ARATORIS

787 462 952 539 228
978 460 1144 521 ianua
1174 470 1366 519 nomen
1398 462 1564 528 inest,
1612 470 1707 531 per
1741 472 1900 531 quam
1934 460 2003 517 de
2044 459 2192 518 fonte
2216 465 2270 523 Α

1892 553 1901 623 |
1927 550 2117 606 levata:

786 649 866 706 Ad
886 647 1047 704 vitam
1065 645 1380 719 gradiuntur
1398 654 1527 699 oves
1547 661 1561 710 ;
1583 644 1720 699 hanc
1742 644 1965 714 quaerite
1983 644 2188 711 cuncti,

789 740 845 800 Si
874 739 1086 798 rabidas
1116 739 1295 793 fauces
1324 748 1453 793 cura
1483 747 1567 793 est
1594 748 1911 809 morsusque
1937 749 2189 795 cruentos

788 836 1003 893 Evitare
1034 833 1173 904 lupi,
1206 833 1360 903 cujus
1388 828 1712 889 lacerabitur
1736 846 1833 889 ore

790 929 831 985 Α
862 933 1074 997 pastore
1104 925 1256 996 fugax
1276 966 1290 991 ,
1325 925 1413 994 qui
1444 938 1661 995 sparsos
1688 925 1908 981 vocibus
1936 936 2102 995 agnos

786 1018 1017 1083 Evocat,
1047 1026 1208 1085 atque
1236 1030 1484 1087 gregem,
1532 1017 1747 1087 propria
1786 1016 1854 1071 de
1894 1024 2067 1069 morte
2097 1030 2189 1071 re-
2300 1078 2305 1083 ,

1778 1108 2079 1180 [demptum
2098 1148 2115 1173 ,
2297 1110 2309 1169 ζ

778 1197 895 1256 Non
923 1195 1054 1255 sinit
1082 1197 1291 1253 insidiis
1320 1208 1375 1254 et
1403 1200 1571 1253 amari
1601 1197 1824 1254 vulnere
1854 1198 2031 1254 dentis
2086 1256 2087 1259 η

782 1289 988 1347 Rursus
1019 1289 1085 1347 ab
1117 1290 1270 1345 hoste
1298 1292 1435 1359 capi.
1470 1290 1659 1346 Mmsto
1689 1304 1922 1345 sonuere
1950 1290 2179 1345 tumultu

776 1382 960 1449 Atria;
990 1384 1259 1437 concurrit
1286 1382 1486 1451 gemitu
1514 1382 1763 1437 miserata
1794 1381 2065 1451 frequenti

781 1472 956 1530 Turba
994 1474 1176 1529 videre
1206 1473 1415 1541 locum,
1450 1474 1536 1543 qui
1571 1472 1755 1528 funere
1787 1472 1959 1527 tristis
1988 1470 2186 1528 acerbo
2289 1468 2395 1525 810

779 1567 1045 1623 Laetitiam
1078 1569 1310 1622 facturus
1340 1569 1474 1633 erit;
1508 1570 1589 1621 cui
1623 1566 1817 1621 Paulus
1846 1566 2129 1621 adhzerens

784 1660 1026 1725 Pectore,
1047 1660 1206 1728 vivit,
1232 1660 1334 1723 ait;
1359 1672 1517 1728 quam
1540 1673 1722 1713 vocem
1746 1658 1849 1712 vita
1873 1668 2055 1714 secuta
2077 1667 2181 1728 est,

778 1750 1028 1823 Marsque
1055 1753 1267 1821 repulsa
1301 1750 1431 1821 fugit
1464 1767 1475 1802 :
1508 1758 1764 1818 quantum
1801 1758 1915 1815 tua,
1945 1748 2176 1817 Christe,

1846 1840 2117 1912 [potestas
2216 1844 2267 1906 Β

783 1938 946 2011 229
974 1938 1032 1995 ln
1063 1936 1280 1992 famulis
1309 1943 1527 2005 operata
1556 1932 1713 1989 facit!
1746 1942 1798 1988 tu
1828 1935 2065 1989 redditus
2091 1948 2180 1991 as-

1950 2023 1969 2097 [
1986 2026 2080 2081 tris
2095 2066 2111 2093 ,

775 2119 1128 2191 Equalisque
1159 2119 1301 2176 Patri
1332 2120 1401 2175 de
1431 2119 1707 2189 majestate
1735 2117 1957 2187 perenni

773 2210 903 2269 Jura
923 2226 1157 2283 superna
1180 2212 1352 2282 regis;
1376 2210 1472 2266 sed
1493 2208 1633 2281 quod
1654 2222 1803 2277 caro,
1828 2223 2054 2280 corpore
2074 2225 2182 2266 ma-

1978 2302 2110 2374 [tris

775 2396 1014 2469 Virginis
1042 2405 1159 2453 orta
1189 2396 1315 2463 tibi,
1348 2410 1570 2467 regnum
1600 2394 1849 2465 spoliavit
1877 2396 2107 2464 Averni,

774 2490 1013 2560 Vivaque
1035 2490 1103 2545 de
1124 2490 1343 2559 proprio
1361 2488 1625 2543 revocasti
1650 2488 1884 2542 membra
1907 2489 2177 2558 sepulcro,

775 2579 958 2651 Teque
982 2582 1216 2653 probans
1238 2580 1475 2637 voluisse
1497 2578 1632 2633 mori
1647 2619 1665 2647 ,
1688 2594 1792 2650 qua
1824 2589 1974 2651 parte
2000 2595 2180 2637 resur-

1958 2668 2105 2744 [εἰς.

773 2764 841 2820 Et
869 2777 974 2833 qua
1004 2771 1159 2817 natus
1187 2776 1337 2826 eras,
1366 2760 1476 2830 jam
1510 2759 1685 2816 ferrea
1712 2759 1921 2815 vincula
1952 2762 2138 2818 solvis.

783 2855 895 2911 Lux
925 2853 1046 2909 aliis
1075 2854 1277 2909 alterna
1308 2851 1446 2907 redit
1475 2860 1529 2906 te
1556 2860 1774 2906 auclore
1794 2891 1810 2916 ,
1843 2851 2105 2925 simulque

774 2950 1037 3023 Exemplo
1068 2948 1265 3007 donata
1296 2954 1423 3016 tuo,
1455 2948 1547 3018 qui
1575 2948 1783 3004 subdita
1814 2948 2015 3004 dudum

770 3043 930 3113 Cogis
954 3084 970 3109 ,
1002 3050 1058 3097 et
1088 3042 1279 3096 electis
1304 3040 1654 3097 succumbere
1681 3049 1878 3096 tartara
1910 3042 2101 3098 servis.

770 3133 979 3188 Interea
1009 3130 1137 3186 felix
1169 3131 1341 3202 surgit
1370 3130 1440 3187 de
1471 3140 1644 3186 morte
1670 3131 1919 3198 cadaver,

768 3224 1085 3281 Etmelinre
1110 3226 1196 3279 via
1225 3225 1325 3279 tria
1354 3236 1451 3294 per
1472 3226 1748 3281 caenacula
1773 3239 1961 3294 sospes

768 3318 985 3373 Ducitur
1010 3317 1076 3372 ad
1106 3317 1363 3383 Paulum,
1393 3318 1547 3386 cuius
1574 3320 1955 3385 conspectibus
1982 3319 2168 3377 insons

2293 828 2397 889 805

2286 2023 2391 2080 815

2282 2582 2389 2641 820

2200 3221 2382 3292 C825

586 3411 692 3468 800
762 3412 935 3483 Crepit
959 3412 1151 3468 adesse
1174 3424 1328 3481 puer,
1356 3412 1480 3466 vita
1501 3410 1610 3481 jam
1634 3411 1828 3482 dignus
1853 3412 2088 3481 honore,

579 3707 645 3788 de
667 3703 983 3788 proﬁciam
1008 3702 1268 3788 (Pompeii
1299 3701 1793 3788 nermpei‘facuitate
1832 3702 2153 3788 dubitantis,

582 3773 686 3830 nisi
719 3784 881 3830 totam
909 3775 1020 3829 illic
1046 3773 1323 3845 periodum
1350 3787 1472 3845 cum
1500 3774 1711 3830 Grmvio
1734 3784 2035 3845 suspectam
2064 3777 2157 3829 ha-

579 3847 727 3901 beas.
758 3845 1053 3900 Martialem
1081 3860 1097 3896 ι
1126 3844 1304 3913 Epigr.
1332 3844 1400 3899 56
1421 3885 1437 3909 ,
1464 3845 1652 3900 eodem
1680 3844 1838 3898 modo
1863 3855 1987 3899 ante
2012 3845 2156 3901 Scri-

576 3916 783 3971 veritam
823 3924 1166 3983 corruptum,
1207 3914 1516 3970 emendavit
1553 3915 1837 3981 Heinsius,
1876 3922 1931 3969 et
1969 3915 2158 3983 probat

579 3987 831 4041 Burman.
857 3985 923 4039 ad
952 3984 1209 4042 Catalecl.
1238 4000 1276 4041 tt
1298 4024 1314 4050 ,

652 4056 780 4110 771.
810 4054 1035 4125 Leriam]

576 4126 884 4192 Fabricius,
914 4127 1126 4190 lavatw,
1170 4135 1227 4182 ut
1267 4127 1385 4183 haec
1423 4127 1645 4183 confusa
1674 4143 1725 4195 ι,
1756 4128 1883 4195 770,
1924 4127 2151 4185 alterum

574 4197 922 4269 prmlulerim.
953 4197 1121 4266 Supra
1152 4211 1203 4261 t,
1238 4198 1371 4263 162,

696 4288 761 4340 Ut
786 4289 995 4352 piscator
1015 4300 1164 4339 ovans
1183 4288 1320 4339 levet
1339 4289 1426 4339 has
1447 4288 1511 4339 de
1534 4286 1673 4340 fonte
1695 4295 1938 4340 catervas.

572 4370 699 4429 lnfr.
734 4372 873 4429 1142
891 4412 908 4439 ,

638 4547 767 4602 776.
802 4546 1069 4666 Rabidos},
1100 4548 1253 4605 νωι.
1294 4546 1355 4616 ι,
1387 4551 1618 4617 rapidas.
1652 4550 1785 4608 Vide
1813 4550 1881 4608 ad
1906 4567 1986 4609 vs.
2014 4549 2141 4607 ets.
2172 4532 2229 4596 D

638 4617 765 4671 780.
802 4615 998 4686 Dentes]
1045 4632 1183 4686 foss.
1214 4618 1276 4681 ὅ,
1307 4620 1501 4673 dentes.

748 4653 765 4670 ο
802 4628 975 4670 Uenite

639 4686 763 4741 783.
797 4686 1008 4756 écerbo]
1041 4685 1196 4740 Voss.
1220 4688 1286 4751 2.
1318 4705 1512 4744 nemo.
1549 4689 1679 4743 Vide
1706 4705 1752 4756 ι,
1784 4689 1907 4744 708.

635 4758 759 4829 781.
795 4753 929 4829 Erit]
958 4752 1202 4815 Cantab"
1230 4756 1503 4811 Fabricius
1524 4768 1579 4812 et
1608 4752 1748 4814 Iliblf
1769 4758 1966 4829 Lugd.,
2007 4771 2139 4817 erat.

566 4858 637 4871 -—
658 4826 760 4904 Per
788 4826 1053 4904 adhwreus
1085 4828 1350 4904 expreSs‘it
1378 4829 1777 4904 συμπεριλαϐών
1801 4826 2140 4904 {complexus

563 4899 728 4971 vertit
757 4898 1000 4971 vulgatus
1030 4896 1294 4971 interpres
1324 4896 1645 4971 actiapost.
1674 4916 1785 4971 sx,
1822 4900 1848 4971 §
1884 4896 1970 4958 10.
2006 4902 2135 4956 Ver-

564 4970 714 5036 bum,
738 4967 1005 5034 plerisque
1030 4966 1211 5037 lesicis
1234 4966 1530 5037 neglectum
1547 5010 1561 5034 ,
1584 4986 1647 5024 ex
1671 4966 1903 5025 Ι.υοὶθῖιο
1923 4972 2133 5028 etGm-

563 5042 641 5095 cis
687 5039 749 5091 V.
791 5037 853 5092 'l‘.
902 5036 1281 5103 interpretibus
1312 5036 1547 5092 asseruit

565 5120 699 5178 part.
730 5125 816 5173 tv,
850 5108 1073 5178 p.186;
1116 5123 1183 5164 ex
1225 5108 1510 5165 Plutarcho
1551 5108 1811 5168 Rhoerius
1854 5113 1979 5172 Fer.
2024 5115 2134 5172 Da-

560 5176 768 5237 venter.
799 5176 869 5243 tt,
898 5176 953 5232 9..

633 5253 757 5306 785.
798 5248 1007 5319 Vocem]
1039 5249 1095 5303 ln

562 5323 715 5378 Hunc
731 5324 903 5377 locum
928 5321 1181 5376 Barthius
1196 5322 1758 5381 contuiitcumStatiOI
1777 5324 1978 5391 ,‘i‘beb.
2000 5325 2127 5382 215.

684 5413 878 5464 Pondus
901 5413 1042 5461 adest
1063 5411 1246 5475 verbis,
1275 5420 1329 5463 et
1354 5426 1521 5465 vocem
1544 5416 1636 5467 fata
1654 5423 1946 5480 sequuntur.

631 5496 753 5572 787.
775 5494 1047 5572 famulis]
1100 5494 1254 5572 Voss.
1284 5498 1352 5568 Ξ,
1382 5500 1508 5556 edd.
1536 5503 1737 5565 Aldin.,
1770 5502 1935 5555 Tom.
1972 5502 2023 5565 1,
2056 5501 2137 5572 fa-

557 5566 741 5643 mulos.
775 5566 1093 5643 Retuleruitt
1118 5566 1369 5643 adjacit:
1396 5583 1647 5641 quantum
1681 5581 1915 5643 potestas
1943 5581 2030 5626 tua
2056 5566 2134 5625 fa-

558 5637 627 5692 cit
659 5650 779 5705 erga
811 5637 1074 5712 famulos!
1106 5637 1281 5698 sedet
1311 5637 1698 5699 hac'sententia
1725 5653 1905 5696 sextus
1936 5645 2133 5712 potuis-

554 5716 638 5762 set
666 5722 821 5760 cauis
864 5710 1101 5768 retineri.
1155 5714 1281 5767 Vide
1322 5715 1668 5780 Oudendorp.
1717 5715 1779 5765 avi
1830 5710 2020 5766 ϐαθέαν.
2069 5714 2126 5768 Β.

558 5778 623 5833 (ἶ.
672 5792 720 5833 ι.
765 5776 824 5833 ϐ.
866 5777 920 5832 5.
945 5812 1014 5823 --
1039 5783 1144 5833 Pm
1185 5788 1303 5833 [ιιειι
1345 5784 1562 5833 Aldin..
1592 5782 1872 5833 Pulmnnni
1898 5782 2125 5833 Βοιιιιά.-

550 5817 837 5926 Χὸιῦἑτιῖἰ,
867 5817 1029 5912 2347:.

2086 3565 2316 3628 ΝΟΤιΕ.

1344 4001 1396 4055 p.
1428 3984 1554 4039 422.
1578 3984 1818 4041 «Voss.
1848 3985 1912 4052 ὃ,
1939 3996 2153 4042 rectum.

1090 4055 1246 4112 Voss.
1280 4054 1655 4126 l,’Antverp.,
1705 4054 1846 4109 Bibl.
1892 4057 2058 4125 Lugd.
2100 4066 2155 4112 et

905 4462 1049 4515 Salus
1072 4477 1168 4513 uno
1192 4462 1255 4514 de
1280 4460 1413 4515 fonte
1446 4461 1652 4516 levatur.

1074 4632 1183 4672 oss.
1214 4618 1249 4673 ὅ
1261 4655 1276 4681 ,
1307 4620 1501 4673 dentes.

1595 5041 1759 5111 Mus
1800 5044 2023 5101 Ubserv.
2069 5044 2127 5100 S.

1101 5258 1251 5319 teger
1298 5249 1384 5303 hic
1413 5264 1601 5306 versus
1628 5250 1779 5310 deest
1807 5254 1856 5310 in
1889 5252 2047 5310 Voss.
2074 5255 2127 5311 5.

765 5776 824 5847 ϐ.
866 5777 920 5832 5-
945 5812 1014 5856 τ-
1038 5783 1144 5842 Pro
1181 5788 1303 5856 facit
1345 5784 1562 5851 Aldiu.,
1592 5776 1872 5839 Pulmauni
1898 5782 2125 5853 Sched.,

2533 206 2545 225 Γ

2504 251 2547 281 οἳ.

2722 278 2827 291 λν-κ.

3785 354 3896 415 220

2478 457 2613 517 Cum
2637 460 2767 520 lethl
2792 463 3058 521 convertit
3083 465 3204 535 iter,
3232 478 3354 539 quae
3376 468 3546 540 gloria
3574 460 3703 529 lacti

2474 553 2692 610 instruit
2714 554 2781 611 ad
2808 565 3042 613 veterem
3071 571 3261 615 causas
3287 561 3499 631 aperire
3526 557 3777 633 ﬁguram.

2472 644 2629 701 Fuita
2659 647 2825 703 tribus
2854 650 3085 704 cameris
3114 649 3228 705 Noe
3257 651 3583 708 describitur
3609 668 3732 709 arca
3754 696 3775 718 ,

2475 740 2733 795 Ecclesiae
2754 740 3071 798 documenta
3082 756 3277 813 gerens
3294 758 3310 811 ;
3328 746 3473 800 stetit
3489 747 3681 804 ordine
3696 750 3886 817 prima

2475 832 2611 889 Pars
2652 833 2959 903 hominum,
3003 835 3349 907 pecudesque
3387 839 3616 907 gradum
3659 848 3886 898 tenuere

3486 929 3775 1004 [secundas
3791 974 3811 1000 ,

2470 1012 2651 1070 Tertia
2680 1024 2797 1071 sers
2824 1014 3033 1072 addicta
3058 1016 3205 1085 feris,
3228 1031 3351 1088 quas
3372 1031 3561 1075 cuncta
3584 1034 3685 1091 per
3709 1026 3882 1081 undas

2473 1111 2611 1161 Area
2640 1105 2898 1177 quadrata
2930 1109 3082 1174 tulit,
3112 1110 3255 1163 velut
3283 1108 3337 1163 in
3368 1108 3687 1178 baptismate
3713 1115 3879 1169 fontis

2471 1196 2633 1271 23o
2654 1200 2916 1255 Omnibus
2937 1209 3020 1256 est
3040 1215 3182 1255 nunc
3200 1215 3304 1255 una
3328 1201 3491 1271 salus,
3518 1202 3612 1257 sed
3636 1204 3878 1259 moribus

3631 1292 3806 1365 [unus

2466 1379 2580 1435 Non
2618 1380 2756 1436 valet
2782 1395 2903 1436 esse
2940 1381 3126 1447 locus,
3168 1394 3292 1435 nam
3320 1381 3473 1437 nidos
3505 1382 3675 1439 fertur
3703 1385 3755 1439 in
3785 1385 3872 1440 illa

2468 1469 2787 1526 Edillcasse
2812 1470 2945 1538 Noe,
2971 1485 3129 1539 quem
3152 1470 3356 1540 justum
3384 1471 3514 1527 dicit
3541 1473 3802 1529 Hebraeus

2466 1562 2530 1616 Et
2567 1562 2809 1632 requiem
2832 1604 2848 1630 ,
2893 1561 3039 1632 quod
3079 1562 3326 1619 Christus
3368 1564 3535 1632 inest,
3565 1566 3658 1635 qui
3683 1566 3871 1623 dividit

3581 1656 3800 1729 [aequus

2471 1746 2696 1802 Praemia
2725 1752 2871 1802 certa
2902 1748 3015 1803 suis
3041 1763 3055 1801 :
3078 1748 3320 1819 quisquis
3348 1749 3558 1804 virtutis
3582 1760 3793 1805 amator

2466 1838 2713 1909 iungitur
2737 1839 2840 1892 alta
2880 1848 3067 1907 petens
3089 1838 3241 1906 Noe;
3270 1848 3377 1895 stat
3413 1841 3690 1909 proximus
3724 1836 3860 1896 intra

2471 1930 2690 2002 Ingenio
2717 1931 2969 1987 breviore
3001 1933 3211 1999 minor;
3240 1944 3359 1987 sors
3381 1932 3563 1988 dedita
3588 1934 3750 1988 saevis

2464 2023 2779 2079 Tartareum
2802 2030 2947 2078 tenet
2966 2022 3071 2076 ima
3094 2024 3299 2079 sinum:
3317 2023 3397 2079 sic
3420 2023 3694 2094 Eutychus
3713 2037 3859 2094 ergo,

2466 2118 2648 2174 Prima
2677 2126 2829 2188 parte
2858 2116 3061 2172 cadens
3080 2161 3095 2186 ,
3124 2116 3321 2173 inferni
3348 2116 3593 2187 perditus
3618 2117 3728 2171 oris

2466 2214 2664 2281 litesit,
2695 2221 2749 2268 et
2774 2213 3002 2268 humana
3030 2227 3229 2268 vacuus
3255 2213 3464 2269 ratione
3489 2215 3723 2268 ferarum

2460 2304 2634 2375 Cmpit
2675 2304 2876 2362 habere
2919 2306 3125 2374 locum,
3178 2307 3266 2362 cui
3315 2313 3595 2378 postquam
3648 2314 3865 2374 pectore

3558 2396 3578 2470 [
3599 2398 3794 2454 Paulus

2469 2489 2743 2557 incubuit,
2772 2490 3103 2559 verbumque
3128 2504 3282 2544 suum
3310 2488 3572 2559 sapientia
3601 2490 3764 2557 fudit,

2460 2583 2567 2638 Ore
2602 2583 2785 2657 levans
2822 2584 3085 2648 animam,
3111 2581 3311 2637 carnali
3352 2581 3468 2653 lege
3497 2592 3861 2651 peremptam,

2344 2696 2351 2701 νλ
2457 2670 2539 2730 Ad
2580 2671 2867 2729 Dominum
2904 2671 2973 2729 de
3015 2681 3187 2727 morte
3224 2668 3399 2741 redit,
3440 2672 3585 2741 quod
3626 2672 3859 2744 Epistula

3519 2762 3534 2834 ι
3555 2761 3787 2820 clamat:

2444 2810 2562 2919 Qui
2582 2851 2815 2919 dormis,
2836 2850 2947 2922 jam
2976 2865 3134 2924 surge
3157 2853 3323 2910 citus!
3354 2810 3863 2925 rursusque-perur-

2456 3035 2639 3105 Teque
2664 3035 2789 3106 vigil
2825 3035 2893 3092 de
2928 3044 3104 3091 morte
3131 3035 3247 3091 leva
3272 3037 3285 3092 !
3316 3033 3489 3106 Super
3516 2944 3857 3096 arthagetiina

2455 3128 2758 3186 Promeruit
2788 3129 2900 3200 jam
2932 3139 3077 3185 stare
3106 3142 3260 3200 puer,
3288 3132 3411 3201 quia
3437 3130 3688 3202 dogmate
3714 3135 3857 3190 trino

2453 3220 2763 3294 Comperit,
2793 3230 3008 3278 aeterna:
3034 3236 3154 3294 quae
3181 3224 3251 3279 sit
3278 3222 3573 3279 substantia
3599 3227 3745 3281 vitaz.

2521 3317 2747 3389 Jamque
2772 3318 3068 3388 peragratis
3094 3316 3289 3373 Paulus
3313 3318 3637 3374 stationibus
3660 3318 3810 3375 orbis

2452 3411 2535 3470 Ad
2554 3412 2827 3484 Solymam
2851 3419 3107 3468 venturus
3130 3420 3278 3479 erat,
3304 3425 3413 3483 quo
3440 3411 3673 3482 Spiritus
3700 3411 3851 3469 illum

2334 3699 2460 3773 792.
2488 3700 2673 3773 Teque]
2695 3700 2851 3773 Voss.
2874 3699 2912 3755 Ξ
2926 3742 2940 3765 ,
2958 3709 3137 3773 tuque.
3161 3699 3404 3773 Deterius
3424 3698 3669 3771 quadam
3690 3702 3846 3773 edd.;

2261 3772 2487 3826 noluisse
2515 3771 2672 3826 meri.
2700 3772 2831 3828 Vide
2856 3772 2923 3827 ad
2955 3772 3049 3826 lib.
3083 3785 3136 3835 ι,
3170 3771 3297 3826 175.

2334 3842 2453 3898 795.
2486 3842 2629 3914 1am]
2680 3842 2835 3898 Voss.
2868 3845 2932 3911 2,
2957 3858 2985 3897 a
3013 3842 3247 3897 secunda
3277 3850 3635 3914 manu,_tstm,
3671 3857 3702 3897 a
3737 3846 3835 3914 pri-

2261 3924 2347 3967 ma
2370 3929 2542 3982 quam.
2573 3912 2848 3969 Posterius
2870 3922 2952 3968 est
2976 3928 3189 3983 quoque
3213 3914 3267 3966 in
3294 3913 3447 3969 Voss.
3473 3912 3544 3975 ὃς
3569 3929 3688 3968 cum
3707 3912 3842 3971 Tor-

2261 3999 2394 4039 naes.
2429 3985 2454 4039 1
2484 4003 2498 4039 :
2532 3984 2624 4040 sed
2657 3984 2771 4039 haec
2797 3985 3115 4040 sententiam
3148 3984 3308 4039 nimis
3335 3984 3580 4053 turbant,
3612 3998 3681 4040 es
3710 3989 3841 4043 scri-

2262 4064 2420 4126 ptura
2450 4069 2609 4126 quam
2642 4056 3095 4126 dediiclariorem.

2331 4124 2711 4197 804(Primw]
2760 4125 2835 4180 Ex
2862 4124 3082 4197 Voss._2
3105 4136 3159 4181 et
3184 4127 3217 4181 5
3243 4125 3435 4195 glosse
3457 4124 3837 4190 interl'meam

2256 4207 2549 4271 exponunt,
2571 4195 3002 4271 camérrulrritgta.
3032 4195 3091 4271 In
3110 4197 3322 4271 ueteris
3347 4198 3620 4271 omnibus,
3643 4205 3834 4271 ρι’ίιιιι.

2326 4268 2452 4339 805.
2485 4268 2758 4339 Secunde
2788 4269 2863 4323 Ex
2900 4266 3051 4323 Voss.
3083 4270 3134 4323 5.
3167 4268 3407 4337 Reliqui,
3434 4266 3737 4330 esttradunt.

2480 4338 2905 4411 éddictoiVoss.
2924 4340 2993 4411 _t,
3025 4340 3229 4411 αῃιίςια.

2324 4407 2449 4483 807.
2480 4409 2684 4483 Fontis]
2703 4407 2799 4466 'lla
2840 4409 2997 4465 codd.
3042 4407 3167 4465 edd.
3209 4410 3417 4477 Aldim,
3464 4409 3631 4468 Tom.
3665 4413 3722 4468 1.
3776 4414 3834 4471 in

2250 4478 2471 4549 reliquis
2484 4520 2500 4548 ,
2532 4478 2670 4537 lotis.

2320 4551 2633 4625 815.77Nos]
2700 4552 2774 4607 ita
2815 4550 3119 4622 interpunxi
3148 4591 3164 4617 ,
3210 4561 3270 4625 et
3298 4551 3541 4625 jungitur
3581 4553 3829 4622 haberet,

2248 4623 2394 4693 quod
2426 4624 2524 4677 sibi
2566 4622 2949 4692 apponeretur,
2993 4622 3254 4677 sententia
3294 4622 3545 4681 faciliori.
3591 4625 3831 4684 Cratero-

2246 4692 2373 4764 quin
2406 4694 2653 4748 meliores
2683 4692 2808 4749 edd.
2841 4692 3040 4751 habent
3067 4707 3082 4753 :

2338 4784 2567 4848 iungitur
2589 4784 2685 4833 alta
2706 4790 2909 4846 petens,
2936 4784 3043 4835 Noe
3065 4790 3161 4834 stat
3188 4787 3437 4848 proximus
3458 4798 3474 4838 :
3493 4783 3639 4836 infra.

2315 4870 2441 4927 814.
2473 4870 2681 4943 pedita]
2706 4872 2848 4943 Bibl.
2884 4872 3083 4941 Lugd.,
3116 4872 3303 4943 debita.

2311 4940 2723 5013 821.715pistol‘a]

2242 5028 2382 5066 mare
2411 5012 2531 5067 vide
2564 5013 2653 5067 lib.
2682 5012 2727 5078 ιζ
2762 5014 2879 5068 105.

2312 5082 2437 5153 8ᾖ5.
2479 5082 2666 5153 Teque]
2701 5084 2881 5140 Aldin.
2904 5125 2918 5149 ,
2950 5092 3121 5152 tuque.

2314 5150 2436 5225 821.
2472 5150 2627 5225 Quia]
2656 5150 2937 5209 Pulntanni
2967 5150 3163 5225 Sched.
3184 5192 3200 5217 ,
3228 5152 3488 5223 Antverp.
3507 5184 3524 5218 ,
3559 5155 3671 5225 qui.

2312 5221 2437 5297 827.
2472 5221 2759 5297 Solymum]
2794 5225 2947 5297 Voss.
2981 5226 3044 5287 5.
3078 5221 3510 5297 Hierosolymam.

2241 5291 2551 5365 femininum
2570 5291 2661 5351 hic
2686 5291 2994 5364 conspirant
3018 5296 3175 5349 codd.
3207 5291 3448 5365 Caeth

2242 5364 2404 5437 scribi
2434 5367 2721 5437 potuisset,
2749 5366 2890 5435 quod
2914 5381 2983 5420 ex
3006 5365 3329 5437 Christianis
3358 5364 3533 5437 poetis
3561 5364 3821 5437 produxit

2246 5433 2505 5516 Cellarius
2536 5435 2730 5507 Geogr.
2756 5433 2943 5519 .Antiq.
2977 5451 3063 5503 ιιι,
3094 5440 3190 5503 15.
3305 5436 3432 5493 599.
3483 5434 3537 5491 In
3564 5433 3821 5520 sequenti

2246 5520 2384 5559 enim
2416 5524 2513 5562 auo
2544 5508 2816 5562 subaudiri
2848 5517 3027 5562 posset
3055 5508 3187 5562 loco.
3264 5510 3821 5562 eusueruntautdem

2244 5507 2384 5559 enim
2416 5524 2513 5573 quo
2544 5508 2816 5563 subaudiri
2848 5517 3027 5577 posset
3055 5508 3187 5564 loco.
3218 5507 3290 5562 Ce

2244 5578 2485 5633 nonnulli
2502 5621 2515 5641 ,
2542 5578 2777 5646 profanis
2799 5578 3157 5646 Scriptoribus
3179 5580 3337 5634 etiam
3361 5578 3656 5635 adhibitum
3686 5580 3818 5634 His-

2238 5649 2568 5717 rosolymam.
2594 5648 2725 5704 Vide
2747 5650 2855 5704 illic
2876 5650 3182 5715 Cellurium,
3206 5648 3469 5706 etDuker.
3499 5650 3564 5703 ad
3595 5648 3812 5707 Florum

2238 5732 2292 5771 ιιι
2314 5759 2328 5781 ,
2358 5719 2420 5781 5,
2454 5720 2562 5784 δος
2594 5720 2688 5774 sed
2721 5720 2907 5787 plurali
2940 5728 3143 5774 tantum
3173 5730 3400 5776 numero
3429 5721 3531 5776 illis
3564 5718 3817 5774 Hieroso-

2236 5790 2376 5861 lymo
2417 5789 2679 5861 placuisse
2720 5790 2986 5861 videntur,
3029 5792 3279 5861 locaque,
3326 5790 3413 5847 ubi
3448 5793 3680 5847 alteram
3724 5804 3819 5844 oc-

2234 5860 2437 5922 currit.
2478 5859 2811 5919 emendaada
2855 5871 3042 5921 censu
3079 5859 3428 5935 Oudendorp.
3472 5863 3541 5921 ad
3582 5861 3812 5921 Sueten.

2784 4944 2862 4997 Ad
2894 4940 3092 5013 Ephes.
3127 4956 3191 5009 v,
3226 4942 3253 5014 5
3287 4940 3373 4997 M.
3406 4940 3486 4999 De
3512 4942 3683 5002 verba
3718 4946 3829 5001 ele-

3587 5242 3621 5281 ιι
3649 5240 3825 5285 ttentts

3452 5297 3542 5350 uin
3577 5297 3823 5365 Solymos

3297 5517 3555 5579 usuerunt
3570 5560 3586 5569 ,
3598 5510 3821 5579 quidem
