4038 6356
182 393 282 453 255

1554 599 1691 670 [ctor

356 690 599 747 Praeconi
630 691 860 762 testique
887 705 985 747 suo
1007 691 1118 761 jam
1141 690 1353 746 dixerat
1382 690 1534 759 olim,

357 787 507 857 Quod
537 789 762 842 Romam
793 796 1048 843 venturus
1074 796 1212 842 erat.
1237 786 1531 842 Clementia
1562 785 1691 842 Jesu

357 883 521 955 250
550 880 813 938 Omnibus
852 881 906 938 in
939 882 1099 938 terris
1124 880 1248 937 fidei
1286 881 1589 938 sitientibus
1634 882 1765 938 hau-

1527 973 1691 1045 [stum

358 1067 555 1124 Pocula
586 1068 678 1124 dat
708 1068 776 1124 de
798 1083 926 1125 vase
953 1082 1071 1134 suo,
1101 1076 1436 1139 cunctosque
1467 1067 1631 1139 rigari

189 1159 327 1217 1065
366 1162 628 1216 Multillno
668 1176 917 1216 sermone
942 1161 1116 1229 jubet,
1169 1162 1473 1231 meruitque
1512 1166 1767 1215 venustas

360 1253 605 1309 Nominis
634 1253 843 1309 occidui
869 1255 935 1308 de
967 1254 1166 1311 lumine
1187 1271 1435 1311 crescere
1463 1255 1631 1310 verbi.

434 1348 682 1408 Solverat
710 1349 822 1404 Eoo
852 1349 1080 1405 classem
1111 1348 1178 1404 de
1210 1349 1387 1405 littore
1414 1358 1620 1414 vector,

1199 384 1289 449 DE
1314 388 1619 451 'ACTIBUS
1654 388 2163 453 APOSTOLORUM
2204 395 2333 453 LIB.
2372 396 2436 454 ll.

188 506 319 567 1060
354 505 520 581 25.9
546 501 789 562 Pro'vita
817 502 1043 561 meliore
1074 503 1243 570 mori;
1276 504 1371 560 sed
1398 506 1640 560 muneris
1670 519 1766 560 au—
1792 508 1848 570 Α

3339 398 3447 455 εδδ

2051 509 2233 564 Austri
2266 517 2452 566 nactus
2480 523 2660 580 opem,
2693 512 2848 582 cuius
2870 511 3159 585 Spiramine
3184 513 3305 569 laeta

1988 638 1991 639 ν
2052 601 2443 657 Crebrescente
2475 605 2578 670 via,
2612 606 2822 676 velique
2846 606 3146 675 patentibus
3169 605 3270 659 alis

1868 694 2006 754 1070
2046 695 2285 765 JEquora
2313 697 2544 752 findebat
2562 700 2781 769 puppis;
2805 700 2897 755 sed
2921 700 3048 754 mite
3074 699 3197 769 quid
3217 711 3449 770 unquam

2044 788 2345 843 Ventorum
2372 797 2596 845 tenuere
2624 791 2768 845 doli?
2799 806 2923 846 mox
2949 790 3162 846 flatibus
3187 789 3315 845 Euri

1994 944 2009 955 ~
2046 879 2224 951 Rupta
2252 882 2406 951 quies
2430 882 2627 951 pelagi,
2657 884 2980 954 tumidisque
3003 884 3274 939 incanduit
3296 878 3452 937 undis

2049 972 2206 1042 251
2242 971 2467 1028 Cterulei
2503 986 2606 1042 pax
2650 973 2772 1029 ficta
2818 976 3010 1041 maris;
3047 974 3175 1030 furit
3219 974 3455 1045 undique

3191 1077 3349 1125 ontus

3191 1077 3349 1125 ontus

2053 1155 2424 1228 Attollensque
2456 1171 2583 1213 suas
2630 1158 2765 1214 irato
2796 1162 3003 1230 gurgite
3033 1069 3205 1219 mags
3364 1108 3380 1133 ’

1876 1251 2016 1308 1075
2057 1253 2294 1321 Denegat
2321 1253 2555 1321 abrepta
2587 1252 2808 1320 vestigia
2849 1264 2995 1308 certa
3024 1256 3256 1323 carinae,

2054 1346 2182 1411 Quae
2209 1358 2468 1416 suspensa
2495 1343 2630 1414 polis
2648 1385 2662 1411 ,
2691 1343 3006 1416 deiectaque
3024 1345 3269 1417 jungitur
3283 1346 3454 1415 arvis,

1715 1433 1942 1491 NOTAE.

185 1532 379 1589 timore
406 1533 764 1603 periculorum
794 1535 1106 1604 repositam,
1135 1532 1276 1602 quod
1306 1538 1484 1604 tamen
1512 1527 1767 1604 Augusti-

185 1619 286 1659 nus
311 1600 701 1675 suspicabatur.
730 1600 915 1661 Solent
944 1608 1123 1674 plures
1150 1600 1307 1673 hujus
1338 1603 1417 1657 rei
1443 1601 1677 1675 rationes
1703 1600 1771 1675 ab

186 1670 422 1729 eruditis
467 1676 718 1744 proferri,
755 1677 851 1731 sed
882 1670 1114 1730 arbitror
1153 1670 1348 1744 solam,
1373 1670 1771 1744 provocationis

1876 1547 2197 1605 Constanter
2240 1565 2428 1607 omnes
2472 1551 2561 1608 hic
2596 1552 2868 1621 vulgatum
2909 1558 3146 1607 servant.
3182 1551 3345 1608 Forte
3382 1551 3460 1608 le-

1880 1620 2135 1690 gendum,
2156 1638 2301 1691 tuens
2329 1625 2487 1676 anxia
2512 1620 2769 1691 nunquam
2794 1636 2886 1679 est.

1954 1692 2115 1764 1062.
2153 1690 2434 1764 Venturus]
2484 1694 2547 1747 Et
2579 1690 2714 1748 hanc
2763 1694 3157 1763 provocationis
3192 1694 3461 1750 rationem

186 1745 347 1835 hujus
396 1741 670 1835 rationem.
691 1748 744 1801 in
787 1761 853 1800 eo
879 1749 1039 1827 sitam
1070 1760 1224 1827 esse,
1262 1741 1772 1835 (Ijtl'iaJIPPS[llCiebal

1895 1760 1973 1835 ilii
2005 1778 2219 1835 quoque
2252 1741 2609 1832 protuierunt.
2641 1741 2803 1820 liect'e
2842 1781 2957 1819 eam
3006 1741 3462 1835 rejec'it-virvert;

186 1813 387 1872 Paulus
406 1818 494 1886 jus
516 1818 616 1871 sibi
640 1819 913 1885 denegari,
939 1818 1205 1886 pra-cipue
1234 1814 1303 1867 ob
1325 1813 1630 1886 Judworum
1664 1828 1777 1881 per-

184 1884 472 1941 vicaciam.
512 1884 822 1942 Clarissime
852 1884 955 1941 hoc
981 1896 1204 1955 attparct
1230 1900 1297 1939 ex
1327 1884 1456 1953 ipsis
1481 1885 1625 1936 Pauli
1645 1898 1776 1955 ver-

180 1956 269 2028 bis
301 1959 422 2012 Act.
481 1968 655 2024 apest.
690 1974 875 2021 xxvut,
907 1958 933 2028 §
966 1959 1031 2013 18
1056 1954 1125 2011 iet
1174 1957 1475 2028 19.77Nuper
1503 1955 1599 2008 hac
1624 1954 1689 2007 de
1720 1968 1780 2008 re

179 2026 353 2081 latius
384 2029 493 2097 egit
532 2030 619 2083 vir
657 2026 995 2083 eruditus'in
1042 2030 1211 2081 Acad.
1258 2027 1629 2090 Eruditorum,
1660 2039 1779 2093 quas

176 2097 409 2167 Belgice
440 2100 617 2167 prodit
642 2099 1221 2167 Amstelodami,parte
1253 2114 1332 2162 ιιι,
1363 2098 1475 2150 vol.
1502 2097 1564 2157 ll,
1584 2097 1777 2164 p.221,

176 2170 281 2237 qui
310 2180 572 2236 praeterea
593 2169 644 2223 id
679 2172 900 2224 Paulum
931 2170 1123 2224 fecisse
1152 2170 1341 2223 Statuit
1387 2178 1441 2221 ut
1478 2182 1507 2220 a
1539 2168 1778 2221 vexatio-

177 2239 353 2293 nibus
382 2238 687 2294 Judworum
720 2258 778 2295 se
812 2242 1082 2296 liberaret.
1098 2239 1201 2293 Sed
1228 2239 1341 2291 haec
1367 2241 1636 2291 Contraria
1655 2245 1781 2290 sunt

178 2308 300 2364 illis
332 2324 453 2377 quae
486 2310 599 2377 ipse
624 2327 701 2363 νη·
728 2312 798 2364 cl.
827 2328 879 2378 p.
904 2310 1009 2362 227
1032 2311 1289 2363 adversus
1316 2309 1689 2377 Augustinum,
1714 2308 1783 2362 de

183 2380 469 2448 intrepido
495 2381 851 2440 Paulianimo.
879 2396 985 2449 quo
1012 2382 1289 2449 quibusvis
1312 2394 1431 2433 sese
1455 2380 1708 2448 perit-nhs
1727 2386 1784 2433 et

182 2462 383 2505 mortis
401 2450 699 2505 discrimini
727 2452 1011 2519 obiiceret,
1035 2454 1308 2505 disseruit.
1335 2450 1496 2503 Addit
1520 2463 1783 2518 praeterea

182 2523 353 2576 aliam
387 2526 672 2587 rationem,
705 2538 771 2576 eo
801 2521 1011 2577 facilius
1043 2536 1364 2589 provoca—se
1387 2521 1634 2586 Paulum,
1658 2522 1785 2591 quia

184 2606 513 2661 persuasum
543 2594 644 2647 sibi
676 2595 899 2648 haberet
930 2594 1135 2647 nullam
1162 2592 1350 2646 Romae
1382 2594 1554 2661 legem
1574 2607 1697 2646 8556
1728 2591 1783 2646 in

184 2664 531 2719 Christianos
561 2664 743 2719 latam.
796 2664 851 2718 Id
894 2664 1109 2732 quidem
1141 2672 1226 2717 est
1255 2664 1617 2717 certisstmum
1641 2704 1656 2729 ,
1691 2677 1784 2717 eo-

183 2750 312 2789 rum
338 2750 535 2788 nomen
558 2734 860 2790 Antiochiae
886 2751 1086 2797 ortum,
1109 2749 1214 2788 non
1246 2735 1403 2787 citius
1428 2734 1611 2787 liotore
1639 2735 1787 2788 vide-

184 2814 281 2859 tur
300 2805 606 2860 innotuisse
621 2808 1051 2874 qttantextremis
1072 2806 1278 2860 Claudii
1294 2806 1470 2867 annis,
1490 2808 1571 2858 vel
1598 2806 1786 2872 primis

183 2874 448 2931 Neronis.
470 2874 602 2930 the
620 2875 853 2932 Gruner.
878 2879 946 2933 de
975 2879 1112 2931 0dio
1139 2878 1287 2929 hutn.
1321 2878 1623 2945 generis,p.
1649 2876 1751 2930 157
1767 2892 1801 2942 ;,

187 2947 485 3000 Burmﬁd
526 2950 674 3002 Suet.
706 2947 895 3002 Claud.
929 2950 1017 3004 25.
1053 2948 1168 3003 Jam
1200 2948 1247 3001 si
1276 2951 1358 3001 vel
1393 2946 1493 2999 hoc
1530 2962 1791 3015 provoca-

188 3019 367 3071 tionis
390 3028 629 3088 tempore
653 3034 836 3074 nomm
871 3019 1051 3085 fuerit,
1088 3020 1323 3072 nondum
1358 3028 1534 3071 tamen
1566 3026 1681 3070 erat
1703 3034 1790 3071 ra-

185 3090 267 3143 tio
292 3100 354 3142 ut
385 3090 470 3143 lex
500 3091 758 3145 adversus
783 3091 1120 3145 Christianos
1144 3096 1392 3143 terretur.
1418 3089 1788 3156 Quodcunque

178 3162 256 3233 ad
284 3162 922 3233 Christianaagreligionis
957 3169 1223 3230 praecepta
1242 3166 1556 3233 apcctabat,
1582 3158 1782 3233 [toma-

184 3232 279 3285 uis
305 3231 545 3286 nondum
574 3231 711 3286 adeo
743 3228 1070 3294 inualuerat,
1105 3244 1178 3295 et,
1208 3232 1253 3283 si
1287 3234 1374 3297 qui
1410 3230 1595 3282 Romae
1626 3228 1784 3281 Chri-

180 3304 360 3355 stiani
392 3303 639 3371 privatim
672 3318 825 3356 sacra
852 3305 1027 3356 adhuc
1057 3318 1149 3354 sua
1182 3302 1469 3367 colebant,
1516 3300 1565 3351 td
1606 3308 1786 3371 autem

181 3368 855 3441 Romtevpermittebatur;
883 3384 1043 3443 atque
1085 3372 1156 3425 ita
1185 3372 1370 3433 Paulo,
1400 3386 1431 3424 e
1464 3369 1693 3443 vinculis
1724 3368 1788 3422 li-

180 3443 414 3509 berato,
448 3445 587 3498 idem
618 3447 874 3512 deinceps
900 3442 1047 3498 dumi
1079 3457 1419 3497 concessum.
1446 3442 1565 3495 Act.
1608 3449 1782 3512 apost.

175 3512 287 3579 28,
330 3516 451 3583 §50
483 3530 497 3568 :
532 3516 751 3569 ascribit
784 3511 884 3569 hoc
912 3518 1129 3584 quidem
1161 3516 1243 3567 vir
1271 3513 1535 3576 eruditus,
1562 3527 1614 3580 p.
1646 3511 1783 3577 250,

177 3584 373 3640 favori
415 3588 757 3653 imperatoris
780 3602 907 3656 erga
941 3587 1196 3650 Paulum;
1231 3585 1344 3651 ipse
1371 3600 1413 3653 p.
1442 3585 1543 3656 tius
1566 3597 1788 3636 consue-

179 3656 375 3709 tudini
405 3656 766 3711 Romanorum
801 3654 1092 3727 tribu0,qui
1118 3656 1316 3709 nemini
1345 3663 1415 3708 ob
1446 3654 1785 3722 religionem,

174 3727 417 3781 etiamsi
446 3728 747 3793 ridiculam,
775 3739 931 3783 erant
960 3744 1169 3797 graves,
1204 3738 1262 3780 ut
1290 3736 1516 3779 testatur
1549 3733 1789 3797 Athena-

172 3813 361 3865 goras
392 3798 551 3865 Apol.
574 3814 669 3868 pro
696 3802 922 3863 Chrtst.,
960 3796 1011 3866 ί».
1038 3801 1092 3865 6,
1117 3799 1203 3852 ed.
1230 3799 1595 3863 Hechenberg.
1628 3796 1787 3849 Post-

171 3885 361 3937 quam
392 3884 521 3923 vero
553 3871 720 3937 magis
762 3871 877 3925 haec
906 3886 1059 3924 sacra
1087 3871 1283 3923 fuerint
1312 3868 1788 3937 evulgata,quibus

168 3940 481 4007 prmeipue
506 3942 606 3994 solt
639 3944 747 3994 Deo
766 3942 981 3995 divinos
1009 3944 1197 4006 honor,
1234 3954 1337 3992 non
1370 3942 1786 4006 imperatoribus

167 4014 582 4079 praestabatur.
612 4028 837 4081 quaeque
873 4013 975 4065 alia
1010 4012 1199 4079 religio
1231 4010 1414 4078 purior
1441 4009 1782 4081 suggerebat,

166 4082 438 4150 primum
471 4083 589 4135 lata:
614 4079 756 4152 leges
778 4092 923 4146 sunt,
952 4093 1006 4137 et
1042 4084 1341 4152 Christiani
1366 4079 1657 4149 majestatis
1700 4094 1786 4134 ac-

164 4155 399 4206 cusati.
427 4152 532 4205 Sed
565 4151 739 4220 neque
770 4156 885 4209 haec
915 4154 1080 4209 Paulo
1112 4163 1237 4220 potu
1265 4163 1282 4205 t
1321 4151 1486 4206 fuiSse
1527 4164 1787 4220 provoca-

167 4222 368 4276 tionis
400 4224 734 4279 causa.Tum
759 4224 984 4291 enim‘id
1020 4228 1255 4289 lectsset,
1282 4236 1338 4276 ut
1370 4228 1531 4276 tutior
1560 4221 1662 4274 sibi
1709 4221 1787 4275 fo-

156 4304 261 4347 ret
299 4294 497 4358 sedes,
530 4311 626 4363 per
663 4297 1097 4363 provocationem
1130 4306 1332 4363 parata.
1366 4293 1417 4344 ld
1449 4303 1627 4345 tamen
1656 4291 1788 4363 mihi

157 4364 265 4417 vix
318 4360 618 4433 persuadet
649 4360 943 4434 intrepidus
970 4360 1370 4434 Pauli—animus.
1401 4363 1665 4414 Caeterum
1686 4360 1787 4412 mi-

154 4448 268 4488 ror
290 4430 488 4487 varum
512 4430 1064 4488 eruditutnaltirmare
1083 4432 1303 4485 Paulum
1325 4430 1508 4481 Itonia:
1535 4433 1787 4481 traditum

1882 1832 2101 1906 dimsit}
2137 1837 2301 1906 Acad.
2332 1835 2625 1906 Ertttlttor.,
2656 1846 2791 1902 part.
2824 1836 3038 1906 ttt,vo|.
3065 1832 3123 1901 ll,
3158 1852 3210 1906 p.
3238 1835 3362 1890 255.

1954 1902 2116 1976 1063.
2156 1903 2436 1976 Venustas]
2467 1904 2540 1957 Ita
2567 1906 2724 1959 codd.
2753 1916 2805 1960 et
2829 1905 2952 1960 edd.
2976 1902 3179 1971 Atdinf,
3210 1907 3461 1972 'forn.1;

1882 1974 2100 2043 reliqui,
2132 1986 2376 2042 vetustas,
2410 1974 2512 2029 Per
2536 1988 2846 2031 venustatem
2874 1978 3094 2029 nominis
3128 1978 3329 2030 occidui
3356 1977 3466 2031 Ro-

1880 2061 2023 2098 mam
2058 2048 2456 2116 iutelligendam
2483 2047 2735 2111 arbitror,
2766 2047 2881 2100 sive
2907 2047 3136 2111 Latium,
3161 2048 3302 2115 quod
3334 2062 3467 2114 poe-

1882 2116 1949 2169 tis
1982 2118 2171 2172 eodem
2198 2118 2356 2171 modo
2384 2118 2644 2183 Hesperia
2686 2118 2899 2182 dicitur,
2939 2118 3132 2186 linguae
3171 2118 3469 2171 aliarumve

1883 2202 2064 2242 rerum
2104 2198 2381 2243 venustate
2429 2188 2664 2241 celebre.
2698 2188 2812 2241 Nisi
2845 2202 2975 2240 sane
3016 2188 3118 2242 hoc
3156 2187 3471 2256 cogitaverit

1883 2258 2101 2324 Arator,
2138 2260 2321 2313 nescio
2360 2258 2489 2326 quid
2524 2268 2757 2311 venustas
2788 2258 3008 2311 nominis
3046 2257 3241 2310 occidui
3275 2258 3364 2311 sit.
3410 2257 3470 2312 ln

1884 2326 2141 2383 Cantabr.
2179 2340 2263 2385 est
2300 2330 2546 2383 numinis.
2590 2330 2665 2382 De
2709 2345 2810 2398 qua
2853 2328 3169 2383 confusione
3196 2328 3337 2392 vide,
3373 2342 3468 2382 su-

1923 2416 2000 2463 ra,
2029 2401 2155 2455 698.

1886 2414 2361 2544 pral’Ogg?.l'ector]
2387 2471 2452 2528 Ut
2472 2472 2717 2527 Lucanus
2742 2486 2862 2544 vim,
2886 2470 2974 2526 59.
2996 2470 3132 2525 Male
3158 2471 3339 2540 itaque
3361 2466 3472 2544 Fa-_-

1887 2543 2111 2609 bricius,
2142 2544 2278 2602 Bibl.
2315 2538 2507 2612 Eugd.,
2537 2545 2734 2597 Victor.
2771 2538 2896 2596 Haec
2921 2552 2975 2596 et
3006 2538 3308 2612 permutata
3329 2538 3473 2612 apud

1889 2615 2085 2741 (Setino;
2117 2614 2370 2740 “53:19.
2395 2609 2527 2669 Cum
2558 2614 2778 2684 Virgilio
2808 2614 2922 2668 haec
2948 2609 3169 2667 contulit
3204 2611 3375 2667 Cerda
3404 2609 3474 2664 ad

1964 2703 2045 2739 net
2095 2701 2175 2741 .1.
2281 2724 2294 2738 .

1964 2687 2108 2739 neid.
2139 2701 2175 2751 l,
2206 2687 2294 2740 58.

1962 2757 2123 2812 1069.
2158 2756 2531 2828 Crebrescente]
2554 2757 2714 2811 Voss.
2738 2755 2791 2820 2,
2826 2755 2878 2821 5,
2907 2756 3253 2810 crebriscente.
3280 2751 3474 2828 Ita_au-

1893 2837 1998 2883 tem
2030 2828 2212 2882 favent
2238 2829 2313 2881 illi
2340 2824 2620 2898 scriptura:
2646 2843 2805 2898 quam
2838 2843 2901 2881 ex
2928 2828 3244 2896 quibusdam
3270 2824 3401 2898 edd1
3419 2832 3475 2879 et

1896 2900 2053 2955 Voss.
2088 2898 2115 2951 1
2152 2900 2381 2967 praetuli,
2425 2894 2637 2953 secutus
2666 2894 2966 2966 analogiam
2999 2910 3052 2951 et
3080 2899 3337 2967 judicium
3367 2894 3475 2949 Ou-

1893 2970 2056 3025 deod.
2095 2971 2159 3023 ad
2188 2973 2412 3024 Suetou.
2447 2974 2584 3025 Cms.
2621 2971 2709 3024 70.
2738 2971 2793 3024 lu
2827 2968 2983 3021 codd.
3018 2979 3194 3022 autem
3222 2978 3269 3023 et
3304 2970 3476 3019 crebe-

1896 3057 2035 3094 scere
2059 3050 2113 3095 et
2143 3044 2456 3094 crebrescere
2504 3041 2702 3095 invenit
2754 3039 3243 3105 Drakenborchius,
3285 3038 3479 3091 eodem

1900 3121 2035 3165 teste
2063 3110 2127 3163 ad
2160 3112 2255 3163 Sil.
2293 3126 2348 3175 χ,
2383 3115 2445 3173 1;
2479 3112 2572 3163 sed
2604 3113 2854 3163 meliores
2883 3110 3036 3175 sequi
3069 3115 3308 3174 praestat,
3342 3121 3480 3175 pra:-

1895 3183 2049 3251 cipue
2070 3195 2190 3233 cum
2222 3181 2441 3233 accedat
2470 3180 2659 3251 similis
2682 3180 2927 3251 aliorum
2961 3178 3151 3232 forma.

1964 3252 2121 3307 1009.
2147 3251 2279 3321 Alis]
2311 3252 2449 3303 Infra
2488 3265 2570 3304 vs.
2601 3249 2759 3315 12I5,

2015 3341 2233 3389 Prwbuit
2251 3339 2463 3401 aligeras
2486 3340 2686 3402 placidis
2709 3341 2755 3387 in
2779 3338 3011 3388 ﬂuctibus
3034 3338 3205 3399 undas,

1890 3430 1944 3478 et
1974 3436 2094 3493 qua:
2128 3423 2376 3477 Heinsius
2405 3422 2630 3493 contulit
2650 3421 2714 3474 ad
2744 3420 2897 3476 Ovid.
2932 3424 3047 3493 Art.
3076 3436 3144 3487 ll,
3168 3420 3265 3476 15:

1966 3492 2123 3548 1070.
2174 3492 2452 3565 Findebat]
2492 3500 2777 3565 Antverp.,
2814 3492 3313 3565 fundebat,_contra
3356 3504 3482 3565 sen-

1889 3567 2112 3619 tentiam
2145 3574 2199 3619 et
2222 3561 2500 3634 poetarum
2540 3579 2715 3618 usum.
2751 3564 3015 3634 ltaJason
3056 3561 3165 3615 alta
3195 3577 3369 3616 secare
3398 3563 3485 3634 di—

1891 3639 2031 3691 citur
2079 3633 2233 3702 apud
2271 3637 2443 3693 Valer.
2489 3635 2667 3690 Flace.
2714 3650 2774 3702 ll,
2822 3633 2875 3689 2.
2936 3635 3067 3689 Vide
3111 3635 3366 3687 Burman.
3414 3633 3485 3691 ad

1889 3708 2079 3761 Claud.
2124 3708 2191 3763 R.
2227 3707 2288 3762 P.
2338 3723 2395 3773 tt,
2435 3707 2856 3778 158;Stephan.
2899 3706 2965 3760 ad
3005 3706 3208 3761 Saxon.
3235 3704 3481 3763 Gramm.

1892 3779 2031 3835 Hist.
2071 3780 2203 3832 Dan.
2235 3794 2310 3844 vr,
2338 3795 2391 3848 p.
2423 3779 2547 3833 152.

1966 3851 2125 3904 1072.
2160 3850 2356 3922 Rupta]
2386 3850 2461 3922 Ex
2489 3849 2706 3904 Lucano
2725 3865 2763 3915 ι,
2793 3848 2921 3922 Ξ59.

1963 3924 2124 3978 1072.
2158 3918 2458 3993 Incanduit]
2481 3921 2729 3976 Lucanus
2758 3937 2814 3985 χ,
2852 3918 2979 3983 522,

2017 4017 2264 4076 Spumeus
2294 4016 2486 4064 invictis
2508 4014 2722 4062 canescit
2748 4014 2976 4061 ﬂuctibus
2997 4013 3170 4062 amnis.

1896 4100 2068 4168 Atque
2097 4099 2165 4150 ita
2199 4099 2263 4150 de
2305 4097 2439 4150 mari
2475 4096 2741 4160 spumanti
2783 4106 2838 4149 et
2880 4095 3094 4168 turbato
3119 4094 3318 4168 passim
3349 4108 3488 4168 poe-

1892 4165 1995 4224 tae;
2017 4168 2154 4223 Vide
2183 4170 2436 4221 Burman.
2479 4169 2545 4218 ad
2574 4168 2831 4219 Catahct.
2866 4168 2917 4220 iu
2960 4165 3233 4228 Addend.,
3268 4180 3319 4230 p.
3347 4166 3486 4230 727;

1892 4242 2133 4296 Bulteum
2162 4241 2230 4293 ad
2268 4238 2450 4292 Valer.
2498 4236 2677 4290 Flacc.
2714 4251 2793 4301 tu,
2836 4237 2926 4289 52.
2970 4234 3213 4300 'l'heogn.
3239 4232 3484 4287 Sentent.

1893 4328 1974 4366 vs.
2002 4311 2088 4373 10,

2037 4400 2258 4457 Γὴθησεν
2287 4396 2340 4451 δέ
2364 4396 2527 4467 βαθὺς
2555 4394 2739 4453 nam;
2768 4392 2888 4454 ἁλὸς
2913 4393 3111 4455 πολιῆς.

152 4504 375 4581 fuisse
402 4504 582 4581 militi,
601 4520 718 4581 non
747 4512 807 4581 ut
826 4503 996 4581 ipsum
1026 4501 1347 4581 custodiret,
1376 4505 1475 4581 sed.
1494 4506 1734 4581 tueretur
1756 4513 1785 4550 a
1814 4509 1866 4570 ι)
1963 4509 2113 4566 Adde
2137 4509 2392 4581 Quinctil.
2426 4507 2669 4565 Declam.
2695 4522 2790 4575 xu,
2835 4521 2888 4578 p.
2918 4506 3043 4565 257.
3074 4507 3152 4565 De
3181 4521 3288 4580 quo
3314 4510 3398 4581 egi
3429 4511 3487 4568 in

151 4574 434 4650 J_uda_eis,
457 4574 584 4650 vine
599 4570 1291 4650 ipsiusforteinsidiaturis.
1306 4568 1477 4622 .Iudtei
1503 4568 1788 4650 certeabs-
1815 4568 1842 4570 “
1892 4568 2228 4650 Μίερριι,,”ρ,
2262 4580 2385 4635 195,

151 4642 499 4701 tinuissent
536 4642 604 4695 ab
640 4641 848 4695 insidiis
889 4641 966 4695 illi
999 4641 1201 4694 homini
1254 4639 1439 4693 Romae
1487 4640 1783 4707 struendis,
1974 4702 2100 4707 _A__
2132 4639 2186 4707 '_'
2259 4700 2277 4707 _
2303 4700 2336 4707 _
2432 4660 2453 4672 ν

146 4699 262 4784 qui
297 4711 536 4784 tuendae
559 4726 735 4767 caus-.e
755 4713 1632 4784 adimperatoremprovocaverat.
1660 4699 1787 4765 lude
1893 4774 1930 4784 _
1966 4702 2124 4784 1075.
2141 4700 2279 4774 Pax]
2296 4699 3101 4784 PacemfluminitribuitFlorus
3119 4703 3490 4784 tv,2,28:ubl

1893 4774 2093 4831 Duker.
2126 4786 2180 4828 et
2206 4773 2503 4843 generatim
2532 4789 2559 4824 a
2587 4775 2760 4842 poetis
2781 4773 2848 4827 de
2876 4790 3053 4829 rerum
3074 4778 3488 4835 inanimatarum

148 4782 337 4840 enim
384 4783 728 4849 imiteratoris
754 4783 943 4852 ingens
970 4784 1073 4838 sibi
1115 4786 1295 4837 odium
1327 4782 1783 4850 concitavissent,

150 4844 480 4926 praecipue
511 4868 634 4926 cum
666 4870 771 4908 non
804 4844 894 4909 diu
936 4865 1062 4908 ante
1101 4853 1273 4908 Judai
1300 4869 1330 4907 a
1361 4853 1587 4906 Claudio
1619 4844 1788 4906 ltoma
1894 4848 2073 4926 Quiete
2090 4844 2507 4926 adlttberinotat
2530 4844 2871 4897 Burman.ad
2889 4845 3066 4926 Valer.
3092 4847 3271 4902 Flacc.
3295 4864 3370 4916 tv,
3392 4851 3487 4926 20.

1896 4918 2144 4971 Lucanus
2173 4931 2245 4981 iv,
2273 4915 2400 4980 457,
2434 4930 2610 4981 pacem
2640 4930 2855 4983 quoque
2883 4918 3043 4969 maris
3073 4930 3356 4982 memorat;
3389 4920 3489 4974 sed

148 4924 425 4981 fuerant
457 4924 617 4991 pulsi,
647 4939 941 4993 eorumque
961 4926 1071 4993 jam
1096 4936 1213 4978 erat
1244 4939 1364 4978 sese
1387 4928 1688 4991 continere,
1722 4939 1790 4978 ne

146 4986 706 5063 motibus'graviori
738 4986 868 5050 sese
891 4986 1132 5064 pericqu
1163 4995 1395 5062 odioque
1429 4986 1782 5057 exponerent.
1894 4988 1994 5064 alia
2043 4987 2342 5064 sententia,
2384 4994 2444 5038 ut
2489 4986 2645 5064 docet
2677 4988 3048 5064 Burmannus,
3093 5002 3266 5064 neque
3308 5000 3487 5064 tamen

145 5067 308 5122 Fuit
332 5068 528 5134 itaque
549 5066 741 5119 Paulus
776 5067 953 5131 potius
983 5066 1034 5119 in
1068 5064 1284 5117 militari
1311 5066 1658 5127 custodia,de
1682 5080 1788 5133 qua

145 5140 342 5207 Lips.
392 5140 457 5207 ad
493 5136 885 5207 Tacit.Anual.
919 5152 999 5206 ιιι,
1032 5134 1125 5201 22,
1154 5147 1209 5189 et
1239 5135 1345 5189 late
1367 5145 1516 5203 pater
1541 5151 1694 5190 meus
1722 5137 1791 5191 de

143 5205 355 5264 Civil.
395 5205 542 5261 Pauli
574 5206 623 5261 5.
656 5206 683 5278 §
712 5206 765 5261 5.

234 5285 440 5348 1059.
481 5286 717 5360 Semper]
758 5288 835 5343 De
878 5286 1183 5357 integritate
1218 5285 1375 5360 hujus
1407 5284 1509 5360 lo_ci
1560 5285 1794 5360 maxime

144 5363 415 5421 dubito,
440 5369 497 5414 et
517 5356 949 5427 obstat'vulgatze
978 5356 1089 5428 ipsa
1122 5358 1410 5413 sententia.
1448 5356 1666 5410 Paulum
1698 5372 1793 5411 ne-

142 5444 273 5509 εεηΔ
318 5444 688 5509 provocasse,
735 5431 857 5509 quia
901 5430 1134 5498 fugiebat
1184 5442 1327 5509 metu
1370 5429 1701 5493 discrimina,
1738 5438 1792 5483 et

144 5500 473 5561 rationem
514 5502 714 5565 subdit,
759 5500 882 5569 quia
932 5516 1083 5555 mens
1115 5501 1272 5553 anxia
1311 5514 1526 5567 semper
1566 5510 1647 5569 est
1695 5515 1791 5566 pro

141 5578 281 5629 vita
319 5571 566 5625 meliore
596 5571 755 5626 mori.
780 5568 914 5625 Haec
943 5574 1043 5626 sibi
1074 5571 1306 5624 obstant.
1336 5572 1556 5625 Adeone
1596 5568 1793 5623 Paulus

142 5662 272 5718 pro
315 5642 450 5718 vita
474 5642 695 5718 meliore
722 5651 777 5718 et
803 5657 1002 5718 aeterna
1035 5643 1169 5696 mori
1198 5651 1448 5718 negasset
1459 5642 1481 5693 ?
1516 5643 1647 5718 Quae
1678 5645 1792 5709 ipse

144 5712 275 5773 iiac
332 5712 424 5765 de
463 5727 524 5782 re
554 5712 608 5765 in
650 5713 904 5780 Epistolis
940 5722 1205 5767 memorat
1232 5715 1394 5766 aliam
1439 5715 1603 5782 ipsius
1635 5726 1790 5767 men-

142 5798 284 5846 tem
314 5780 652 5855 praeferunt.
688 5784 903 5855 Rectius
926 5783 1125 5855 Arator
1154 5797 1238 5838 vs.
1264 5784 1426 5852 1042,

1896 5058 2025 5183 inde
2061 5059 2412 5139 locutionem,
2446 5066 2502 5110 ut
2526 5057 2653 5125 alia,
2688 5057 3049 5126 desumpsisse
3076 5060 3359 5113 Aratorem
3386 5058 3489 5113 du-

1935 5139 2200 5183 ttavertm.
3268 5154 3271 5157 ν

1935 5132 2200 5183 itaverim.
3268 5154 3271 5157 ν

1973 5201 2130 5254 1075.
2160 5196 2336 5269 Ficta]
2356 5197 2636 5253 Pulmanni
2654 5196 2903 5265 Schedte,
2924 5197 3108 5267 Antv.,
3134 5200 3286 5263 victa,
3324 5198 3487 5256 male.

1972 5272 2131 5325 1075.
2165 5270 2420 5341 Abreptw]
2470 5270 2620 5341 Ald?
2652 5270 2815 5326 'l'orn.
2867 5272 2918 5334 1,
2948 5281 3185 5336 arrepta.
3239 5269 3487 5325 Alterum

1898 5346 2117 5398 rectius.
2160 5339 2376 5394 Corn—el.
2408 5339 2541 5408 Nep.
2574 5339 2810 5407 Fragm.,
2842 5356 2891 5408 p.
2928 5341 3073 5405 752.,
3128 5343 3174 5392 υἱ
3220 5350 3491 5410 tempesta-

1899 5425 2007 5467 tum
2036 5429 2099 5467 ex
2122 5410 2320 5465 Indicis
2349 5411 2639 5477 azquoribus
2667 5414 2925 5479 abreptos.
2960 5411 3067 5482 lloc
3100 5411 3295 5465 iudicat
3321 5415 3489 5482 magis

1899 5484 2003 5538 vim
2036 5481 2393 5549 tempestatis,
2421 5496 2525 5551 qua
2555 5496 2586 5535 a
2611 5492 2755 5535 recto
2787 5484 2999 5534 tramite
3022 5480 3309 5537 deflectere
3331 5480 3492 5552 coge-

1899 5555 2120 5619 bantur;
2164 5555 2392 5607 alternm
2423 5553 2593 5621 magis
2621 5554 2685 5605 ad
2722 5563 2912 5605 ventos
2942 5552 3191 5620 pertinet,
3227 5554 3349 5609 licet
3381 5571 3490 5609 non

1899 5626 2200 5694 impetuose
2229 5624 2280 5675 itt
2316 5639 2505 5677 navem
2536 5626 2821 5687 irruentes,
2846 5638 2949 5694 quo
2971 5637 3133 5677 sensu
3155 5635 3359 5692 arrepta
3380 5629 3493 5678 vela

1900 5693 2040 5751 dixit
2070 5696 2289 5749 Ovidius
2322 5695 2541 5749 lleroid.
2574 5693 3044 5764 Xlll,715.AF§lCil_is
3070 5696 3123 5748 in
3154 5705 3379 5764 utroque
3408 5705 3494 5749 est

1899 5767 2320 5822 describentium
2350 5767 2563 5832 lapsus,
2598 5776 2653 5816 ut
2679 5762 2861 5817 docuit
2885 5762 3153 5820 Drakenb.
3182 5768 3246 5819 ad
3277 5762 3492 5818 Livium

553 5834 733 5915 Νεριίε
750 5834 1426 5905 satisagamagam?
1907 5853 2051 5915 xxu1
2073 5838 2169 5915 18,
2193 5838 2433 5915 τιηΑρυιι
2483 5834 2854 5915 Mamertinum
2906 5835 3240 5915 Getietliliac.
3273 5835 3490 5915 Maxim.

495 5905 782 5965 Formidare
807 5914 946 5963 ﬁdes.
1909 5908 2000 5977 10,
2027 5908 2129 5980 55,
2149 5908 2419 5964 Livineius
2444 5905 2785 5977 conjiciebat,
2815 5922 2999 5977 parvos
3019 5907 3204 5962 liberos
3231 5913 3483 5971 arreptos,

453 5999 729 6064 Par-on.
772 5996 1057 6064 LXVIII.
3018 5996 3057 6056 8
