4038 6356
588 346 693 403 235

768 558 1043 616 Praesidiis
1074 571 1264 612 manus
1289 567 1413 626 apta
1442 556 1565 624 rati,
1589 556 1875 628 gelidoque
1900 574 2101 629 pavore

765 652 927 725 252
986 651 1267 721 Deponunt
1311 648 1521 705 animos
1547 691 1562 718 ,
1604 649 1860 721 nigroque
1903 650 2003 707 sub
2048 667 2173 709 aere

2012 742 2172 817 [caeci
2213 814 2222 823 _

588 840 728 899 1080
763 838 1105 910 Naufragium
1124 836 1235 908 jam
1257 834 1475 906 jamque
1496 834 1700 903 vident,
1734 835 2024 908 clausoque
2045 851 2171 906 pro-

1969 927 2170 1001 |[t‘undo

763 1024 949 1081 Mortis
984 1022 1163 1093 imago
1201 1030 1368 1091 patet.
1410 1022 1606 1079 Vastas
1641 1035 1961 1093 percurrere
1994 1031 2169 1093 syrtes

764 1116 1027 1173 Historica
1054 1116 1265 1186 ratione
1302 1131 1489 1184 vocor,
1552 1118 1867 1187 lacerosque
1916 1116 2172 1173 rudentes

761 1210 831 1265 Et
851 1208 991 1264 clavi
1022 1209 1317 1278 fragmenta
1345 1208 1520 1277 sequi,
1551 1208 1646 1263 sed
1672 1222 1775 1261 non
1805 1222 1904 1277 ego
1934 1208 2169 1277 linguam

759 1300 891 1356 Tam
922 1300 1162 1371 fragilem
1191 1300 1471 1355 committo
1494 1299 1668 1368 vadis,
1692 1299 2019 1371 rapidasque
2049 1314 2172 1370 pro-

1983 1391 2171 1466 [cellas

584 1485 723 1543 1085
760 1485 1045 1557 Aufugiam
1071 1493 1279 1540 tentare
1300 1484 1414 1550 diu,
1444 1499 1514 1539 ne
1534 1484 1675 1541 forte
1706 1483 1923 1540 canenti

761 1578 970 1635 Obruat
989 1579 1235 1648 exiguam
1264 1576 1551 1633 violentior
1570 1576 1714 1631 unda
1742 1576 2034 1647 loquelam.

760 1670 1007 1740 Tangere
1034 1683 1202 1738 pauca
1234 1668 1386 1735 libet,
1426 1675 1567 1723 tutas
1588 1667 1830 1723 conabor
1851 1682 2064 1726 arenas.

766 1763 925 1838 253
953 1763 1157 1819 Praevia
1177 1762 1476 1833 ﬂuctivaga:
1501 1761 1774 1817 latuerunt
1791 1759 1967 1818 sidera
1985 1763 2172 1833 puppi,

2043 342 2391 403 ARATORIS

772 468 1059 523 Terrarum
1086 464 1315 535 coelique
1346 476 1582 533 sequax,
1615 470 1761 518 caret
1788 462 1916 519 artis
1948 464 2137 521 amica:
2200 468 2256 529 Α

3754 347 3869 407 236

2469 460 2577 518 Nec
2607 461 2736 519 solis
2758 458 2923 519 radiis
2952 464 3053 520 sub
3075 461 3306 521 nubibus
3329 464 3526 521 emicat
3548 465 3691 523 axis.

2282 558 2424 616 1090
2459 557 2697 628 Cumque
2723 557 2839 614 dies
2870 556 3068 613 multos
3093 557 3205 629 jam
3227 557 3330 615 rite
3350 561 3622 631 peregerit
3646 560 3829 631 orbis,

2457 653 2513 709 In
2543 653 2731 724 pelago
2761 667 2867 707 nox
2896 666 2998 706 una
3022 650 3147 719 fuit,
3173 666 3281 723 quo
3306 660 3551 723 tempore
3572 654 3736 710 nullis

2455 744 2734 800 indulsere
2754 743 2922 799 cibis:
2953 753 3149 815 quanta
3171 752 3254 803 est
3280 745 3383 801 beu
3406 759 3563 815 pcena
3584 746 3793 803 timoris

2456 834 2788 907 Supplicium
2819 836 3031 891 nescire
3057 836 3245 893 famis!
3271 837 3362 894 dat
3388 840 3593 895 semina
3615 839 3794 895 causis

2458 927 2565 983 Res
2602 928 2743 983 mala
2770 941 2914 999 sepe
2946 928 3132 985 bonis:
3162 938 3271 986 tam
3297 931 3426 987 clari
3456 932 3668 989 nautica
3693 934 3867 1003 pubes

2278 1016 2418 1077 1095
2456 1017 2762 1089 Militiaeque
2785 1018 2983 1075 cohors
2999 1020 3231 1077 hominis
3251 1022 3557 1093 tempsisset
3575 1023 3864 1092 honorem,

2452 1110 2802 1180 Prosperiore
2822 1112 2981 1179 freto,
3008 1113 3160 1182 cujus
3179 1112 3430 1169 custodia
3456 1114 3676 1171 tandem

2451 1201 2715 1269 Solvitur,
2749 1211 2805 1259 et
2843 1217 2990 1258 saevo
3016 1213 3343 1261 venerantur
3371 1207 3439 1262 ab
3467 1221 3685 1277 aquore
3713 1208 3863 1276 victi,

2455 1292 2617 1367 254
2653 1294 2823 1363 Quem
2850 1303 3064 1365 portum
3093 1308 3313 1353 sensere
3350 1310 3504 1353 suum
3535 1313 3563 1354 .:
3586 1298 3728 1368 gerit
3771 1298 3866 1353 illa

3650 1389 3864 1464 [ruina,

2457 1477 2536 1534 Ne
2554 1478 2737 1543 lateat,
2754 1478 2896 1549 quod
2916 1479 3113 1535 Paulus
3131 1488 3268 1549 erat,
3285 1490 3610 1553 sanctusque
3627 1491 3870 1551 patescat

2283 1574 2426 1632 1100
2465 1575 2753 1633 Assertore
2779 1577 2936 1645 mari,
2964 1578 3242 1647 raptisque
3266 1578 3537 1633 elementa
3568 1578 3816 1633 laborant

2458 1666 2778 1725 Luminibus
2822 1677 3127 1727 monstrare
3171 1668 3384 1738 virum,
3432 1668 3733 1740 mediisque
3784 1678 3865 1724 te-

3663 1761 3866 1829 lnebris

583 1967 682 2025 pro
703 1953 957 2025 abreptos.
982 1947 1427 2025 Livineiofavent
1452 1945 1903 2025 escerpu_Vossii
1932 1952 1988 2002 et
2008 1852 2315 2011 (iugi-03E
2346 1945 2530 2025 1089._
2549 1944 2772 2025 Emicat]
2806 1945 2962 2025 Voss.
3000 1946 3072 2025 1,_
3104 1946 3306 2013 eminet,
3354 1945 3450 2025 sed
3495 1944 3626 2002 illud
3656 1959 3863 2025 parum

584 2018 721 2081 ierb.
757 2018 953 2088 codex,
985 2036 1159 2088 neque
1184 2020 1326 2075 idem
1347 2020 1596 2088 displicet
1626 2018 1961 2075 Schwarzio.

656 2094 817 2150 1075.
853 2091 1024 2163 Certa]
1070 2092 1144 2146 lta
1188 2100 1243 2145 ut
1273 2106 1377 2163 non
1409 2098 1559 2163 recto
1585 2104 1747 2163 cursu
1776 2096 1957 2163 posset
1982 2098 2171 2163 proge-

582 2168 731 2222 dere.
770 2164 903 2219 Vide
927 2156 1202 2218 Barthium
1227 2162 1294 2217 ad
1316 2162 1505 2217 Claud.
1529 2178 1580 2217 ιν
1618 2156 1790 2217 Cons.
1816 2156 2017 2217 Honor.
2045 2156 2165 2221 171,

582 2248 741 2306 atque
770 2237 844 2291 ita
866 2243 924 2289 ut
951 2243 1087 2289 certa
1114 2236 1196 2288 uia
1224 2240 1325 2299 est,
1362 2247 1465 2304 qua
1495 2233 1656 2306 homo
1686 2234 1803 2287 sine
1823 2234 1928 2306 ulla
1949 2228 2169 2286 vacilla-

579 2304 729 2363 tione
753 2308 924 2377 possit
947 2306 1262 2376 procedere,
1294 2306 1368 2377 ita
1397 2314 1613 2377 contra;
1629 2304 1843 2377 incerta.
1889 2304 1967 2377 Eo
2007 2313 2169 2356 sensu

585 2388 670 2435 est
701 2375 839 2448 apud
886 2375 1091 2432 Livium
1138 2394 1265 2443 vm,
1306 2375 1399 2443 24,
1450 2376 1545 2448 11:
1579 2375 1818 2448 Peruenit
1844 2375 1913 2448 ad
1941 2385 2166 2448 amaeat,

584 2443 752 2503 ruinis
772 2450 1059 2505 recentibus
1081 2451 1249 2519 pontis
1272 2464 1423 2519 quem
1446 2447 1520 2500 vis
1550 2461 1696 2519 aqua:
1718 2445 2015 2519 abstulerat,
2035 2443 2173 2495 indi-

582 2530 779 2575 cantem
803 2521 899 2591 iter
921 2535 940 2573 :
976 2517 1127 2591 quem
1174 2517 1293 2573 cum
1312 2519 1509 2572 incerto
1539 2518 1669 2573 uado
1686 2517 1936 2591 transiret
1964 2529 2165 2591 agmen.

587 2591 785 2647 Veram
810 2590 914 2647 loci
949 2586 1271 2647 sententiam
1302 2605 1410 2645 non
1450 2588 1726 2659 perspexit
1751 2589 1940 2659 .liacob.
1963 2586 2170 2659 Grono-

582 2664 704 2718 vius
721 2664 785 2738 in
806 2677 950 2738 resp.
983 2661 1050 2738 ad
1078 2663 1258 2717 eavill.
1285 2660 1541 2738 Fabretti,
1568 2656 1621 2729 ᾖ.
1645 2658 1732 2715 50.
1761 2658 1991 2738 omnino
2015 2656 2170 2738 ruina

580 2735 763 2803 pontis
806 2730 1112 2799 indicabat,
1146 2748 1249 2801 qua
1297 2731 1579 2787 commode
1609 2745 1771 2803 super
1810 2730 1941 2785 istas
1984 2730 2169 2803 ruinas

582 2798 797 2859 amnem
839 2806 1068 2860 transire
1093 2798 1333 2873 possent,
1367 2806 1437 2855 ita
1469 2812 1649 2858 tamen
1669 2798 1729 2855 ut
1750 2798 2167 2873 incertunrillud

581 2876 779 2931 vadum
810 2886 975 2940 esset,
1018 2870 1125 2943 quo
1164 2876 1281 2929 sine
1330 2873 1651 2927 titubatione
1690 2870 1845 2927 miles
1873 2871 2171 2926 consistere

580 2956 637 3003 et
666 2948 915 3016 progredi
960 2946 1069 3016 vix,
1097 2953 1297 3013 posset.
1321 2972 1389 3016 5—-
1416 2943 1664 3016 Sequens
1707 2950 1971 3011 quassatae.
2020 2943 2170 3016 navis

582 3011 874 3082 descriptio
929 3011 1109 3085 poetis
1128 3024 1251 3085 iest-
1278 3014 1623 3085 usitatissima
1651 3013 1705 3068 in
1734 3011 2165 3085 tempestatibus.

583 3087 721 3144 Vide
745 3083 940 3141 Silium
962 3099 1095 3143 xvn.
1118 3084 1243 3147 270;
1268 3084 1420 3138 Ovid.
1454 3083 1621 3138 Trist.
1651 3099 1703 3151 ι,
1732 3084 1789 3150 2,
1822 3084 1911 3140 19.

657 3159 817 3215 1078.
850 3153 990 3228 Ijati]
1024 3154 1178 3228 Voss.
1203 3154 1376 3228 2,4ed.
1408 3155 1690 3228 Antverp._,
1722 3156 1850 3228 regi.

656 3228 815 3286 1078.
846 3224 1069 3297 Pavore]
1110 3226 1189 3281 lta
1232 3226 1387 3283 Voss.
1426 3234 1537 3281 tres
1566 3224 1623 3281 et
1649 3224 1814 3282 Torri.
1849 3227 1901 3294 1,
1946 3226 2170 3297 reliqua:

586 3297 735 3363 edd.,
768 3304 1002 3367 stupore,
1038 3309 1233 3366 praeter
1265 3300 1453 3361 Antv.,
1484 3298 1536 3352 in
1564 3312 1670 3362 qua
1699 3298 1893 3367 favore.

657 3315 735 3363 a.,
768 3315 1002 3422 nugare,
1038 3315 1233 3366 praeter
1265 3315 1453 3361 ιιιιιν..
1484 3315 1536 3352 in
1564 3315 1670 3378 qua
1699 3315 1893 3367 favore.
2040 3368 2052 3380 .

657 3368 817 3440 1084.
899 3368 1195 3439 abntasque]
1239 3370 1398 3425 Voss.
1427 3370 1491 3434 '5,
1535 3368 1902 3440 Bibl.iLugd.,
1937 3369 2174 3440 rapidas-

582 3454 701 3507 que.
743 3439 980 3496 Alterum
1024 3443 1328 3511 tempestati
1358 3448 1367 3507 ζ
1376 3439 1775 3511 describendae
1785 3439 1975 3511 aptius
2003 3439 2037 3511 ,_
2071 3454 2177 3509 qua

583 3511 866 3581 ingruente
898 3512 1070 3581 poetis
1096 3509 1242 3567 venti
1272 3512 1521 3581 dicuntur
1546 3510 1731 3564 rabidi.
1758 3509 1893 3581 Vide
1924 3509 2169 3564 Oudend.

583 3580 653 3635 ad
681 3580 879 3636 Lucan.
901 3579 977 3645 ἣν,
1007 3582 1135 3647 419,
1161 3592 1215 3637 et
1240 3597 1315 3647 vt,
1347 3583 1440 3636 27.
1492 3580 1569 3635 De
1602 3596 1793 3636 vocum
1826 3579 2016 3635 harum
2050 3595 2177 3651 per-

583 3653 879 3708 mutatione
904 3652 1026 3707 vide
1056 3652 1123 3707 ad
1150 3668 1229 3706 vs.
1259 3653 1385 3707 242.

584 3721 819 3849 ἰ1110³886.
854 3721 1031 3795 Unda]
1080 3721 1396 3779 Prudentius
1425 3722 1480 3778 in
1510 3721 1718 3794 Symm.
1750 3724 1955 3792 praatat.
1986 3722 2081 3782 lib.
2105 3739 2177 3792 ιι,

610 3808 643 3847 ll
672 3808 777 3848 une
798 3810 815 3855 ζ

958 3864 1174 3915 Facundi
1196 3866 1297 3915 oris
1318 3870 1371 3915 ut
1394 3867 1605 3925 impetus

958 3927 1067 3978 Non
1090 3941 1169 3977 me
1190 3926 1419 3977 ﬂuetibus
1440 3929 1634 3976 obruat.

589 4010 681 4067 ubi
706 4009 966 4066 Weitzius
993 4010 1247 4067 Nostrum
1279 4009 1529 4067 contulit.

658 4105 820 4178 1087.
848 4103 1100 4178 Tangere]
1116 4106 1276 4178 Voss.
1309 4105 1363 4172 1,
1387 4117 1625 4178 pangere.
1646 4102 2180 4178 Alterum_brevitatis

592 4177 773 4233 studio
812 4172 1054 4246 quaedam
1080 4172 1359 4231 bmissuro
1390 4172 1825 4230 convenientius.
1868 4172 2055 4229 Cicero
2083 4190 2181 4244 pro

586 4247 751 4304 Rosc.
775 4248 958 4304 Amer.
987 4247 1077 4314 50,
1111 4263 1274 4317 neque
1306 4247 1477 4300 omnia
1506 4246 1695 4313 dicam,
1723 4255 1770 4299 et
1793 4248 1967 4317 leuiter
1988 4262 2179 4299 unum-

623 4320 824 4389 uodque
866 4328 1097 4390 tangam.
1133 4316 1565 4390 PariterAtacjum
1595 4327 1740 4372 recte
1769 4316 1921 4372 Livio
1950 4317 2181 4372 asseruit

639 4387 859 4446 rakenb.
893 4387 985 4446 lib'.
1016 4406 1173 4458 xxm,
1221 4389 1313 4453 22,
1344 4388 1397 4444 8.
1432 4387 1772 4460 Caeteroquin
1821 4403 2177 4460 pangerenon

590 4461 865 4529 inelegans
888 4470 1033 4516 esset
1053 4462 1122 4515 de
1147 4461 1389 4515 carmine
1416 4458 1740 4529 composito,
1770 4470 1833 4513 ut
1864 4458 2002 4526 apud
2034 4458 2180 4515 Cice-

589 4532 1028 4601 remadbivers.
1045 4529 1268 4601 “1,318,
1292 4546 1361 4584 an
1382 4532 1563 4601 pangis
1588 4532 1785 4601 aliquid
1805 4529 2171 4601 Sophocleum.

671 4599 831 4671 1087.
864 4598 1031 4671 Libet]
1051 4601 1185 4655 Tres
1208 4598 1457 4653 Vossiani
1483 4598 1536 4654 et
1564 4601 1651 4671 ed.
1676 4598 1963 4671 Antver'p.,
1994 4600 2170 4670 refert.

592 4668 857 4738 Recipere
901 4668 1030 4724 non'
1057 4684 1176 4724 sum
1194 4683 1390 4739 ausus,
1423 4683 1544 4722 cum
1574 4669 1720 4739 prior
1748 4670 2022 4739 videretur
2051 4668 2175 4739 pro-

591 4726 839 4797 dueebda
878 4753 947 4795 ex
988 4754 1055 4795 ea
1104 4738 1311 4793 ratione
1366 4726 1527 4807 quam
1574 4726 1729 4794 dedit
1777 4738 1999 4795 Vossius
2052 4726 2170 4799 λιι.
2203 4726 2259 4788 Ῑ)

592 4806 834 4866 Gramm.
862 4826 920 4877 ιι,
952 4808 1123 4876 19;-et
1148 4816 1293 4878 patet
1313 4806 1574 4877 exemplis
1596 4809 1662 4864 ab
1692 4808 1914 4865 Heinsio
1945 4811 2170 4879 prolatis

593 4881 661 4947 ad
678 4880 835 4936 Ovid.
858 4880 1074 4938 Heroid.
1102 4895 1179 4947 vr,
1204 4879 1328 4934 157.
1359 4880 1629 4935 Praeterea
1649 4879 1835 4935 dubito
1858 4884 2176 4939 utrumlibet

594 4960 846 5010 tueantur
872 4951 1128 5009 Cantabr.
1174 4958 1232 5005 et
1261 4949 1534 5015 Univers.;
1581 4966 1649 5005 ex
1694 4951 1760 5007 iis
1807 4952 1995 5009 saltem
2040 4955 2177 5011 nihil

631 5023 814 5093 retulit
831 5023 1069 5080 Cortius.
1090 5019 1224 5079 Cum
1244 5030 1423 5093 tamen
1440 5021 1639 5088 passim
1663 5022 1810 5092 leges
1832 5024 2178 5091 prosodiacas

631 5039 814 5093 rotuut
831 5039 1069 5080 uoruus.
1090 5039 1224 5079 eum
1244 5039 1423 5076 tamen
1442 5039 1639 5088 passim
1663 5039 1810 5092 teges
1832 5039 2178 5091 prosoaiacas

590 5039 790 5224 ἓξὲἓέ
832 5094 1087 5166 negligat,
1122 5101 1180 5152 et
1206 5091 1362 5162 refert
1385 5092 1628 5150 scribere
1658 5094 1900 5164 potuisse
1929 5096 2071 5153 forte
2100 5098 2179 5153 vi-

627 5178 801 5224 eatur.

666 5238 827 5322 1087.
860 5235 1120 5322 Canabor]
1149 5237 1294 5322 Pura
1339 5234 1564 5303 locutio;
1595 5237 1753 5322 hilca:
1781 5238 2176 5322 ἀντοφθαλμεῖγ,

593 5311 717 5370 Act.
750 5318 923 5381 apost.
946 5306 1120 5381 xxvu;
1151 5306 1181 5378 ᾗ
1204 5306 1294 5375 15,
1320 5322 1416 5381 per
1444 5311 1619 5381 conari
1641 5310 1885 5381 vulgatus
1912 5306 2177 5381 vertit,id

594 5391 677 5441 est
701 5378 913 5436 summo
946 5379 1134 5436 labore
1163 5378 1507 5435 contendere.
1541 5378 1801 5436 Similitér
1821 5380 2013 5435 Noster
2034 5380 2178 5437 vide-

596 5461 682 5506 tur
719 5450 985 5518 voluisse,
1017 5466 1078 5506 se
1108 5464 1317 5504 summo
1363 5450 1539 5505 studio
1573 5467 1790 5507 carmen
1821 5465 1887 5505 eo
1914 5450 2173 5508 deductu-

597 5537 740 5592 rum,
774 5524 973 5577 omisso
998 5536 1157 5576 cursu
1188 5521 1338 5577 Pauli
1364 5523 1654 5587 maritimo,
1680 5530 1737 5577 ut
1756 5522 2028 5578 describat
2049 5538 2176 5592 quo-

596 5591 758 5646 modo
788 5599 900 5645 tuto
927 5607 1113 5648 arenas
1144 5592 1256 5648 sive
1293 5603 1488 5649 terram
1519 5595 1784 5662 attigerit:
1815 5591 2170 5651 revocandum

598 5676 674 5739 ea
712 5662 1130 5739 praecedentibus
1163 5676 1368 5739 tangere
1398 5665 1633 5720 videtur.
1665 5664 1770 5721 Sed
1800 5663 1867 5719 de
1894 5664 2000 5721 loci
2040 5667 2174 5724 inte-

598 5736 789 5802 gritate
818 5733 1196 5792 dubitaverim.

673 5806 827 5860 1088.
876 5805 1095 5876 Prwvia]
1144 5810 1403 5873 Autverp.
1446 5806 1637 5875 pervia.
1681 5804 1814 5861 Vide
1842 5807 1908 5862 ad
1934 5822 2011 5862 vs.
2047 5808 2168 5865 775.

606 5876 797 5933 l'rweie
830 5889 1027 5938 tectum
1062 5888 1161 5945 est,
1191 5893 1313 5935 cum
1345 5876 1409 5934 ad
1434 5877 1607 5935 sidera
1628 5892 1841 5938 cursum
1863 5879 2169 5953 dirigerent.

2275 2026 2458 2088 aptum
2482 2018 2715 2082 videtur,
2741 2033 2805 2089 ex
2835 2017 3179 2073 distinctione
3204 2032 3367 2089 quam
3395 2018 3537 2072 inter
3556 2018 3787 2089 emicare
3814 2026 3866 2073 et

2276 2087 2499 2144 eininere
2542 2088 2822 2159 preposuit
2866 2088 3119 2145 Burman.
3150 2087 3441 2143 ad'Lucan.
3468 2102 3519 2154 ν,
3554 2087 3627 2142 76
3656 2104 3669 2140 :
3701 2087 3867 2159 ubist

2274 2161 2463 2215 eadem
2510 2156 2592 2215 est
2636 2156 2921 2224 confusio;
2959 2173 3187 2230 cumque
3215 2159 3271 2213 in
3303 2160 3481 2214 Actib.
3515 2158 3751 2230 xxvtt,i§
3777 2157 3865 2224 20,

2274 2230 2356 2285 sol
2385 2246 2494 2285 non
2526 2231 2843 2301 apparuisse
2872 2229 3108 2298 dicatur,
3131 2231 3317 2285 emicat
3351 2231 3437 2285 hic
3460 2230 3635 2298 magis
3664 2229 3862 2301 placet,

2274 2301 2467 2357 orienti
2500 2300 2609 2358 soli
2631 2310 2687 2358 et
2718 2300 2823 2355 luci
2846 2302 3142 2371 preprium.
3169 2302 3289 2372 Ipse
3308 2301 3364 2359 id
3392 2301 3569 2357 ﬁrmat
3588 2314 3675 2358 vs.
3698 2300 3859 2367 1125,

2642 2392 2752 2443 Lux
2774 2400 3003 2445 revocata
3027 2394 3201 2447 micat.‘

2272 2476 2342 2537 Et
2366 2477 2442 2535 ita
2465 2476 2646 2534 Valer.
2678 2475 2883 2543 Flacc.,
2912 2490 2953 2544 ι,
2984 2474 3112 2531 655.

2613 2567 2823 2618 Emicuit
2843 2572 3068 2618 reserata
3084 2566 3212 2617 dies.

2273 2652 2516 2710 Lactant.
2549 2652 2619 2707 de
2658 2651 2925 2719 Pbmnic.,
2958 2652 3047 2707 14.

2462 2746 2522 2798 Et
2545 2746 2689 2810 primi
2716 2746 2916 2796 emicuit
2940 2744 3133 2795 luminis
3152 2756 3271 2809 aura
3292 2742 3433 2807 levis.

2274 2830 2400 2885 Axis
2420 2845 2519 2898 pro
2534 2830 2673 2887 caelo
2694 2830 2784 2885 hic
2803 2828 3108 2887 adhibetur.
3134 2829 3382 2893 Sidereus
3396 2828 3509 2883 axis
3535 2829 3859 2898 quibusdam

2272 2900 2327 2970 in
2355 2900 2515 2961 cedd.
2568 2911 2650 2959 est
2700 2904 2841 2970 apud
2890 2899 3163 2970 Ovidium,
3188 2898 3375 2961 Amor.
3405 2915 3484 2967 ιιι,
3519 2899 3612 2966 10,
3639 2901 3743 2955 21:
3775 2902 3861 2957 ubi

2271 2968 2459 3053 Heins.
2484 2972 2635 3053 Talis
2655 2968 2857 3053 autem,
2876 2971 2979 3053 “qui
3012 2971 3108 3053 hic
3136 2969 3484 3053 describitur,
3496 2970 3860 3053 laxisGraeeis

2272 3046 2484 3169 gat
2504 3044 2826 3171 mastgia“
2859 3038 2928 3105 de
2951 3056 3057 3111 quo
3087 3041 3391 3112 Lennepius
3412 3041 3476 3097 V.
3492 3038 3555 3098 G.
3574 3042 3857 3099 Animadv.

2467 3131 2497 3169 u
2544 3132 2580 3170 ι.
2634 3133 2673 3183 ι,
2740 3153 2757 3168 .
3228 3182 3233 3183 γ

2347 3184 2507 3241 1093.
2542 3182 2745 3256 fama]
2765 3184 2836 3241 Ut
2859 3198 2971 3256 prae
2998 3184 3190 3256 timore
3214 3182 3409 3240 famem
3440 3197 3547 3256 non
3572 3187 3863 3242 senserint.

2350 3256 2510 3311 1097.
2544 3254 2883 3325 Venerantur]
2903 3255 3087 3323 Voss.,
3117 3254 3174 3321 ὅ,
3191 3262 3471 3310 vectantur.
3494 3255 3603 3310 Sed
3620 3257 3865 3325 superius

2197 3335 2245 3400 ο
2276 3328 2826 3400 tempsissethonorem
2854 3325 3081 3400 alterum
3108 3325 3325 3400 suadet,
3350 3337 3406 3381 ut
3437 3325 3639 3400 indicet
3656 3342 3751 3382 eos
3770 3330 3865 3397 qui

2286 3398 2612 3464 caeteroquin
2635 3412 2759 3453 eum
2788 3397 3140 3468 sprevissent,
3169 3397 3282 3466 jam
3312 3397 3516 3466 ingenti
3539 3407 3865 3466 tempestate

2285 3482 2504 3538 pressos
2533 3468 2782 3531 eumdem
2831 3468 3064 3523 coluisse
3114 3482 3275 3537 quem
3306 3468 3610 3523 sentiebant
3652 3482 3868 3538 portum

2286 3553 2443 3596 suum
2477 3554 2625 3604 esse,
2658 3540 2811 3606 cujus
2840 3553 3033 3607 nempe
3069 3548 3251 3595 essent
3286 3552 3389 3607 ope
3418 3538 3713 3608 perieulum
3745 3554 3869 3596 eva-

2283 3612 2420 3666 suri.
2456 3608 2568 3665 Hac
2592 3620 2771 3666 tamen
2802 3608 2871 3665 de
2898 3624 2957 3665 re
2988 3608 3124 3664 nihil
3146 3608 3349 3674 Lucas;
3385 3608 3507 3677 quin
3554 3609 3736 3677 potius
3764 3610 3870 3665 mi-

2283 3679 2407 3750 lites
2433 3681 2717 3739 consilium
2765 3680 2974 3750 eepisse
3020 3679 3252 3735 afﬁrmat
3297 3679 3532 3747 captivos
3561 3680 3867 3750 occidendi.

2282 3749 2399 3807 Nisi
2427 3751 2494 3808 ad
2519 3749 2887 3807 centurionem
2917 3751 3033 3809 haec
3056 3751 3259 3811 referre
3286 3753 3405 3822 quis
3436 3750 3587 3818 velit,
3619 3749 3699 3807 illi
3731 3752 3873 3808 mili-

2186 3864 2189 3867 ν
2284 3830 2399 3878 tum
2427 3823 2658 3878 consilio
2685 3822 3131 3878 intercedentem.

2356 3894 2515 3951 1097.
2555 3892 2709 3966 Victi]
2738 3893 2929 3966 ltaex_
2944 3892 3103 3950 Voss.
3151 3891 3305 3966 1,2,
3324 3890 3534 3966 scripsi,
3565 3891 3620 3947 in
3648 3893 3873 3966 reliquis

2283 3966 2533 4021 omnibus
2585 3974 2668 4021 est
2689 3962 2860 4019 'uecti.
2907 3964 3153 4033 Languet
3182 3962 3339 4029 illud;
3372 3963 3572 4019 indicat
3605 3965 3747 4019 enim
3774 3962 3872 4021 eos

2280 4035 2394 4107 jam
2425 4036 2650 4107 Paulum
2675 4034 2929 4107 coluisse,
2965 4035 3088 4107 quia
3122 4048 3344 4107 prorsus
3364 4042 3695 4107 tempestate
3712 4046 3871 4092 erant

2283 4104 2489 4177 pressi,
2539 4106 2610 4161 ita
2658 4114 2715 4161 ut
2764 4104 3129 4163 nullam’sibi
3158 4104 3343 4163 salutis
3372 4106 3513 4162 viam
3543 4106 3868 4175 invenirent,

2284 4176 2446 4247 quem
2494 4178 2828 4246 caeteroquin
2876 4193 2985 4235 non
3026 4185 3325 4241 curassent,
3381 4176 3431 4230 si
3482 4192 3637 4233 mare
3681 4177 3872 4234 fuisset

2284 4248 2650 4317 tranquillius.
2679 4248 2754 4301 Ita
2789 4247 2923 4303 vinci
2952 4250 3147 4318 passim
3177 4248 3350 4318 poetis
3379 4248 3453 4303 illi
3477 4248 3730 4305 dicuntur
3751 4250 3866 4318 qui,

2282 4318 2500 4446 gigni;
2515 4325 2834 4446 ιθιέιθρέειιιιθ
2855 4320 2981 4387 acti,
3012 4318 3096 4376 sui
3114 4334 3224 4377 non
3248 4327 3374 4381 sunt
3401 4329 3697 4391 compotes.
3710 4320 3867 4378 Ovid.

2414 4426 2430 4445 ο
2503 4406 2543 4446 l.
2684 4432 2699 4446 .

2328 4400 2430 4447 ast.
2461 4405 2543 4458 ιιι,
2573 4400 2699 4457 593,

2466 4481 2695 4597 Υιῦοῶιέ
2708 4494 2790 4533 ars
2804 4488 2974 4545 vento,
2998 4494 3093 4533 nec
3111 4482 3209 4545 jam
3232 4480 3514 4533 moderator
3534 4480 3746 4536 habenis

2279 4625 2497 4685 Heroid.
2522 4581 2795 4696 ἷᾶζῖὲεε

2403 4718 2526 4769 Arte
2548 4716 2780 4769 laboratae
2804 4720 3061 4769 vincuntur
3082 4719 3145 4769 ab
3168 4730 3367 4783 aequore
3388 4730 3598 4787 puppes.

2282 4788 2382 4847 Ubi
2407 4791 2659 4847 Burman.
2682 4798 2737 4845 et
2764 4790 2932 4847 Trist.
2956 4805 2996 4859 ι,
3019 4791 3075 4858 4,
3108 4791 3173 4846 11
3196 4807 3209 4843 :

2434 4883 2625 4948 Navita,
2650 4883 3089 4948 contessusgelido
3112 4883 3299 4948 pallore
3322 4886 3548 4941 tirnorem
3564 4921 3578 4942 ,

2499 4946 2604 4995 iam
2627 4949 2850 5008 sequitur
2876 4947 3073 5009 victam,
3094 4946 3192 4996 non
3212 4950 3347 5009 regit
3366 4952 3497 5009 arte,
3522 4950 3701 4997 ratem.

2356 5027 2514 5100 1098.
2547 5025 2712 5100 Gerit]
2755 5027 2967 5085 Cortius
2996 5028 3338 5097 conjiciebat,
3367 5028 3653 5100 quamque

2288 5097 2408 5154 Non
2431 5099 2645 5155 videtur
2671 5097 2917 5157 necesse.
2950 5100 3229 5155 Sententia
3257 5097 3401 5156 enim
3430 5110 3533 5163 est,
3580 5098 3672 5153 illa
3714 5099 3877 5151 ruina

2289 5169 2488 5241 aliquid
2518 5171 2699 5241 habet,
2734 5172 2875 5229 unde
2917 5171 3113 5226 Paulus
3168 5171 3320 5227 ﬁeret
3368 5168 3710 5241 manifestus.
3740 5168 3879 5241 ;Non

2290 5238 2450 5313 longe
2497 5241 2608 5313 abit
2656 5238 2799 5311 quod
2829 5243 2997 5313 imago
3044 5257 3214 5313 gerere
3254 5240 3708 5313 ﬁguraradicitur
3729 5238 3881 5313 apud

2290 5258 2450 5312 longe
2497 5258 2608 5296 amt
2656 5258 2799 5311 quoa
2829 5258 2997 5313 imago
3044 5258 3214 5311 gerere
3264 5258 3487 5366 ﬁguram
3510 5258 3708 5321 utentur
3729 5258 3877 5307 apud

2286 5310 2491 5394 Sulpie.
2522 5312 2711 5394 Sever.
2734 5314 3040 5394 Histssacr.
3067 5327 3137 5378 ιι,
3170 5311 3275 5383 5,5
3337 5328 3351 5378 ;
3382 5326 3437 5394 in
3464 5309 3877 5394 hirscell.c;‘17;

2285 5391 2341 5439 et
2368 5378 2557 5440 eodem
2591 5384 2751 5439 modo
2778 5384 2898 5454 capi
2940 5398 3099 5450 posse
3123 5378 3706 5454 sum'suspicatusquo
3737 5378 3880 5433 Bar-

2285 5454 2427 5511 thius
2451 5456 2590 5526 apud
2619 5451 2899 5512 Claudian.
2926 5454 3283 5526 Consabianl.
3313 5454 3438 5521 146,
3464 5451 3719 5526 coniicit,
3749 5466 3881 5519 quos

2283 5523 2656 5597 fortuna'gerit,
2687 5538 2739 5583 et
2768 5528 3007 5597 exponit,
3036 5524 3213 5592 aﬂ'ert,
3242 5525 3423 5589 donat,
3456 5523 3579 5578 fert.

2356 5595 2821 5668 1100.}15sertore]
2845 5598 2932 5653 Sic
2951 5614 3133 5652 aurum
3160 5605 3447 5668 corrttp_tor,
3474 5599 3879 5668 saxumeststos,

2283 5676 2339 5726 et
2360 5668 2557 5725 similia
2579 5664 2988 5735 construuntur,
3020 5670 3088 5725 de
3113 5664 3586 5738 quibus'Burman.
3612 5664 3681 5718 ad
3709 5664 3883 5738 Cata-

2286 5739 2412 5796 lect.
2441 5756 2480 5808 ι,
2528 5757 2582 5808 p.
2616 5740 2703 5795 79.
2747 5732 3000 5810 Superius
3049 5732 3354 5810 de'eodem
3388 5751 3586 5809 genere
3613 5732 3884 5810 nonnulla

2285 5806 2479 5942 Brotuli
2511 5806 2589 5865 vs.
2624 5811 2745 5876 13b,
2786 5806 2895 5892 quo
2926 5822 2978 5865 et
3023 5810 3290 5878 pertinent
3316 5806 3413 5861 bos
3437 5816 3638 5889 arator,
3671 5806 3741 5862 de
3767 5816 3880 5872 quo

2331 5880 2617 5941 rouckhus.
2642 5883 2707 5940 ad
2736 5882 2932 5942 Titinii.
2958 5897 3005 5942 ι.
3032 5881 3118 5942 11.
3144 5880 3236 5942 46.
3261 5890 3309 5938 et
3332 5878 3468 5941 oculi
3492 5886 3754 5942 amatores
3783 5887 3880 5931 re-

2331 5880 2617 5941 rouckhus.
2642 5883 2707 5940 ad
2736 5882 2932 5943 Titinii.
2958 5897 3005 5951 ι,
3032 5881 3118 5953 11,
3144 5880 3236 5953 46,
3261 5890 3309 5938 et
3332 5878 3468 5941 oculi
3492 5886 3754 5949 enatare;
3783 5887 3884 5931 re-
