4038 6356
270 313 381 368 253

1195 317 1262 376 IN
1297 318 1775 378 EVANGELICAS
1818 319 2218 380 HARMONIAS
2256 320 2654 415 PREFATIO.

3440 320 3542 378 25!

265 424 429 496 gerit,
482 424 673 496 reperi
706 424 1051 485 Ammonium
1096 431 1380 501 quemdam
1418 432 1859 502 Alexandrinum,
1889 437 1943 497 Α
1968 435 2239 506 accipiens
2289 409 2653 508 exemplum:
2692 420 2979 506 diligenter
3025 436 3296 502 excoluit,
3352 437 3542 502 usibus

263 514 364 585 qui
393 514 663 570 (Iunonum
687 531 902 589 quoque
930 518 1201 592 Evangelii
1230 512 1397 576 fertur
1425 524 1691 593 inventor,
1725 525 1857 580 Mat-

266 607 397 664 thaei
420 609 713 680 Evangelio
742 611 1072 682 reliquorum
1108 615 1267 668 trium
1312 624 1562 686 excerpta
1584 616 1857 687 junxisse,

264 713 333 757 ac
354 703 409 757 in
433 718 591 758 unam
616 704 809 761 seriem
845 706 1187 778 Evangelium
1212 708 1493 774 nexuisse;
1521 708 1659 764 sicut
1688 710 1858 767 Euse-

261 793 390 852 bius
420 796 710 865 episcopus
733 797 1001 869 Carpiano
1028 800 1237 856 cuidam
1286 801 1551 870 scribens,
1577 803 1634 857 in
1668 801 1857 872 praefa-

260 884 417 941 tione
438 886 690 943 editionis
721 903 837 944 sua:
864 905 968 961 qua
998 905 1233 947 canones
1274 894 1553 949 memorati
1576 893 1856 965 Evangelii

267 976 459 1043 edidit,
506 981 805 1050 supradicti
861 982 961 1037 viri
1014 983 1252 1039 imitatus
1298 986 1554 1053 studium,
1607 983 1771 1042 refert
1801 986 1853 1041 in

264 1067 416 1125 hunc
440 1071 659 1127 modum
691 1090 702 1125 :
734 1074 1032 1129 Ammonius
1072 1075 1283 1146 quidam
1312 1076 1692 1132 Alexandrinus
1720 1078 1857 1132 mul-

264 1169 399 1231 tum,
452 1172 507 1218 ut
557 1167 805 1235 arbitror,
838 1169 1027 1222 laboris
1066 1179 1113 1224 et
1142 1169 1304 1224 studii
1341 1172 1660 1241 impendens,
1694 1184 1857 1226 unum

259 1271 331 1309 ca:
374 1265 596 1325 quatuor
644 1259 789 1313 nobis
838 1261 1039 1329 reliquit
1078 1258 1445 1332 Evangetium.
1500 1261 1578 1315 Ex
1628 1261 1855 1320 historia

258 1362 479 1417 quoque
509 1348 625 1418 ejus
653 1353 913 1420 comperi,
949 1353 1093 1422 quod
1142 1352 1403 1408 Tatianus
1433 1354 1516 1407 vir
1553 1352 1857 1410 eruditissi-

257 1450 405 1503 mus,
430 1448 487 1494 et
508 1449 689 1495 orator
716 1441 859 1496 illius
909 1444 1169 1512 temporis
1207 1443 1561 1510 clarissimus,
1587 1459 1755 1499 unum
1782 1446 1855 1499 ex

256 1536 500 1597 quatuor
551 1534 1015 1603 compaginarverit
1078 1535 1446 1605 Evangelium,
1500 1534 1588 1591 cui
1643 1534 1855 1592 titulum

258 1618 536 1679 Dur-ms
561 1622 639 1697 (ι)
665 1624 942 1695 imposuit.
969 1626 1066 1682 Hie
1087 1626 1228 1683 beati
1256 1627 1449 1683 Justini
1477 1627 1782 1697 philosophi
1801 1634 1858 1683 et

255 1722 541 1791 martyris,
600 1721 728 1777 dum
769 1722 944 1778 adhuc
971 1724 1200 1792 viveret,
1256 1725 1555 1796 discipulus
1586 1725 1714 1780 fuit:
1748 1739 1854 1794 quo

1958 531 2319 585 communiter
2341 532 2411 586 ab
2435 529 2777 600 evangelistis
2821 527 2964 585 dicta
3020 528 3259 598 propriis
3294 536 3421 582 sunt
3444 541 3541 581 no-

1959 623 2088 677 tulis
2119 623 2425 687 declarata;
2456 624 2683 679 Domino
2720 622 3037 693 adjuvante,
3078 622 3312 677 studium
3344 621 3544 676 laboris

1956 715 2234 784 impendi,
2280 724 2339 771 ut
2383 724 2711 775 memoratos
2739 730 2993 772 numeros
3022 730 3116 783 per
3148 714 3266 769 loca
3306 724 3544 783 congrua

1954 806 2243 877 diligenter
2272 805 2565 875 attigeram.
2590 808 2746 875 Quod
2774 809 2818 863 si
2850 805 3111 862 dubitatio
3141 802 3367 873 alicujus
3390 803 3542 859 verbi

1958 898 2187 955 fortasse
2212 900 2545 969 provenerit,
2578 914 2641 954 ex
2673 898 2932 969 appositis
2979 897 3217 952 numeris
3257 895 3323 949 ad
3353 894 3538 965 plena-

1956 991 2091 1045 riam
2141 1004 2432 1047 recurrens
2475 989 2703 1060 quilibet
2730 989 3003 1058 Evangelii
3035 988 3345 1053 lectionem,
3378 1001 3447 1039 an
3477 992 3534 1041 et

1956 1082 2155 1139 ibidem
2192 1084 2266 1138 ita
2298 1097 2356 1139 se
2396 1096 2578 1137 sermo
2608 1065 2803 1137 haheat
2832 1082 2899 1137 de
2928 1095 3033 1150 quo
3061 1078 3380 1150 ambiguitas
3410 1091 3539 1148 pro-

1959 1183 2185 1231 venerat
2205 1214 2219 1238 ,
2248 1174 2625 1229 incunctanter
2662 1172 2936 1238 inveniat,
2973 1180 3027 1226 et
3057 1171 3259 1240 absque
3290 1169 3541 1238 scrupulo

1962 1265 2193 1322 studiosi
2231 1279 2385 1321 mens
2413 1278 2601 1319 secura
2632 1263 2737 1319 hoc
2765 1264 2935 1333 possit
2963 1264 3038 1318 uti
3068 1262 3360 1318 volumine.
3385 1260 3542 1328 Quod

1958 1355 2062 1411 etsi
2101 1370 2131 1410 a
2184 1357 2469 1426 compositi
2522 1354 2683 1426 hujus
2709 1363 2931 1410 auctore
2956 1354 3243 1410 voluminis
3272 1368 3393 1410 cum
3442 1369 3544 1409 nu-
3622 1390 3625 1393 ι

1958 1447 2120 1502 meris
2148 1446 2350 1503 editum
2365 1447 2487 1517 fuit,
2511 1447 2607 1502 sed
2633 1446 3104 1501 transcribentium
3132 1446 3335 1501 desidia
3359 1446 3544 1501 omissi

1956 1545 2229 1609 putantur,
2286 1553 2384 1595 nos
2422 1546 2600 1595 tamen
2646 1540 2700 1593 in
2752 1552 2818 1594 eo
2868 1546 3055 1592 sumus
3093 1537 3281 1593 labore
3318 1538 3543 1604 versati,

1958 1642 2067 1700 quo
2092 1644 2257 1699 opera
2301 1630 2440 1686 solet
2496 1631 2708 1687 novella
2756 1628 3035 1701 praesumi.
3093 1627 3384 1686 Sciendum
3416 1632 3546 1683 sane

1960 1720 2101 1789 quod
2133 1720 2221 1775 hic
2267 1730 2536 1777 numerus
2578 1722 2892 1789 canonicus,
2944 1735 3116 1791 usque
3165 1720 3233 1775 ad
3263 1718 3541 1776 denariam

253 1810 532 1881 migrante
555 1812 623 1868 ad
648 1812 935 1869 Dominum
952 1829 1073 1870 cum
1102 1815 1282 1886 palma
1312 1814 1578 1886 martyrii,
1611 1814 1857 1885 magistri
1882 1812 1931 1873 Β
1961 1814 2236 1882 perveniat
2278 1816 2653 1883 quantitatem.
2700 1814 2885 1886 Neque
2925 1815 3213 1872 scribentis
3266 1814 3544 1870 voluntate

252 1912 503 1960 sanctam
531 1906 787 1962 deserens
807 1907 1168 1978 disciplinam,
1191 1917 1246 1965 et
1274 1908 1534 1964 doctrinae
1561 1908 1852 1978 supercilio

252 1992 458 2063 elatus,
488 1996 673 2067 lapsus
702 1998 755 2053 in
800 1999 1196 2056 Encratitarum
1245 1999 1530 2068 hreresim,
1564 2001 1853 2057 Marcionis

256 2088 444 2155 potius
471 2092 751 2160 amplexus
802 2106 1065 2161 errorem,
1123 2106 1280 2164 quam
1323 2092 1521 2150 Justini
1560 2090 1859 2151 Cbristiani‘

254 2181 574 2255 philosophi
600 2187 906 2255 veritatem,
940 2203 1055 2244 suae
1105 2188 1229 2243 vita:
1266 2189 1604 2259 perniciosus
1626 2188 1850 2255 exstitit,

253 2285 525 2330 asserens
573 2278 712 2333 inter
762 2279 888 2348 alia,
941 2282 1155 2350 nuptias
1190 2288 1246 2336 et
1282 2288 1467 2351 stupra
1495 2280 1613 2351 pari
1642 2279 1853 2337 crimini

251 2371 560 2442 subiacere.

330 2464 397 2520 ll.
422 2466 526 2522 Sed
555 2466 787 2524 etdictis
818 2468 1130 2538 apostolicis
1157 2483 1347 2525 manus
1398 2469 1641 2541 profanae
1670 2485 1851 2527 cmen-

254 2555 515 2622 dationis,
559 2558 643 2614 vel
692 2559 776 2630 (ut
830 2559 1005 2615 dicam
1031 2560 1235 2632 verius)
1261 2562 1625 2631 corruptionis
1658 2562 1853 2618 dicitur

255 2649 526 2706 intulisse.
557 2650 665 2709 Sed
695 2651 820 2722 quia
851 2659 906 2709 et
934 2652 1213 2709 hominum
1267 2653 1593 2725 perfidorum
1626 2655 1851 2727 (Christi

255 2742 360 2799 Dei
385 2745 559 2801 nostri
581 2753 841 2816 operante
869 2748 1132 2817 potentia)
1186 2747 1524 2805 confessione
1554 2749 1636 2805 vel
1667 2765 1847 2819 opere,

254 2849 407 2905 saepe
431 2835 730 2908 triumphat
770 2838 939 2909 gloria
988 2838 1229 2894 veritatis
1292 2840 1439 2912 (nam
1485 2850 1540 2897 et
1578 2840 1852 2897 daemones

256 2926 543 2986 Christum
567 2930 870 2989 fatebantur
900 2950 913 3000 ;
940 2941 996 2991 et
1026 2933 1119 2988 lilii
1155 2932 1340 2990 Scevae
1389 2934 1445 2989 in
1475 2933 1696 2990 Actibus
1723 2951 1852 3006 apo-

254 3022 523 3078 stolorum
550 3021 606 3079 in
638 3024 859 3081 nomine
887 3025 1041 3091 Jesu,
1075 3041 1232 3097 quem
1262 3025 1459 3083 Paulus
1507 3029 1849 3099 praadicaret,

255 3110 529 3169 ﬂamonia
553 3114 863 3187 fugabant);
897 3117 1156 3174 Tatianus
1185 3134 1418 3189 quoque,
1463 3118 1587 3175 licet
1618 3120 1854 3190 profanis

1960 1905 2150 1960 horum
2184 1919 2530 1961 numerorum
2567 1920 2775 1961 summa
2805 1904 2981 1962 deﬁxa
3006 1917 3109 1976 est,
3144 1907 3236 1962 sed
3259 1907 3469 1962 ratione
3491 1912 3547 1962 et

1958 1996 2142 2066 regula
2176 1996 2403 2051 naturali
2434 1997 2501 2052 ab
2527 1996 2815 2053 Ammonio
2854 1997 3069 2053 inventa
3112 2006 3197 2053 est
3250 1998 3540 2070 sagaciter.

1958 2088 2141 2158 Neque
2184 2089 2328 2144 enim
2379 2096 2474 2143 aut
2526 2088 2666 2144 infra
2726 2089 3026 2156 denarium,
3070 2098 3160 2144 aut
3180 2089 3325 2144 ultra
3348 2088 3547 2158 poterit

1959 2181 2069 2236 ullo
2089 2182 2250 2236 modo
2278 2181 2414 2237 alius
2445 2195 2700 2237 numerus
2725 2182 2974 2252 reperiri,
3003 2182 3095 2252 qui
3125 2190 3354 2251 quatuor
3382 2195 3546 2235 evan-

1957 2274 2271 2343 gelistarum
2308 2273 2448 2328 dicta
2490 2273 2794 2329 communia
2820 2282 2912 2328 aut
2941 2273 3154 2344 propria
3180 2273 3357 2330 valeat
3377 2272 3547 2343 explie-

1958 2380 2104 2421 care.
2140 2364 2293 2432 Quod
2326 2368 2581 2435 praesenti
2624 2364 2780 2421 facile
2822 2372 2999 2435 potest
3026 2366 3279 2435 exemplo
3306 2364 3541 2434 probari.

1956 2458 2089 2514 Nam
2144 2467 2236 2512 aut
2283 2470 2475 2514 omnes
2514 2464 2745 2527 quatuor
2798 2456 2902 2512 sibi
2940 2456 3275 2513 concordare
3322 2464 3545 2513 necesse

1958 2556 2068 2614 est;
2119 2557 2210 2602 aut
2241 2547 2548 2615 Matthzeus,
2578 2548 2814 2616 Marcus,
2867 2547 3151 2618 Lucasque
3185 2546 3288 2603 sibi
3347 2560 3549 2603 eonvean

1960 2642 2145 2707 niunt;
2171 2650 2259 2697 aut
2282 2641 2539 2698 Matthan
2564 2642 2803 2698 Joannes
2820 2640 3121 2705 consentit;
3146 2649 3239 2696 aut
3265 2639 3549 2695 Matthmus

1958 2737 2118 2792 Lucae
2148 2736 2477 2802 concordat;
2538 2744 2631 2792 aut
2671 2737 2955 2793 Mattbaaus
2981 2752 3104 2793 cum
3135 2737 3314 2794 Marco
3353 2737 3549 2792 eadem

1956 2830 2226 2900 loquitur;
2258 2839 2353 2887 aut
2380 2830 2591 2886 Marcus
2618 2844 2740 2886 eum
2795 2832 2936 2886 Luca
2968 2841 3020 2885 et
3065 2830 3277 2886 Joanne
3330 2830 3551 2899 propria

1957 2924 2221 2995 loquitur;
2245 2933 2337 2981 aut
2363 2924 2574 2980 Marcus
2597 2938 2720 2979 eum
2746 2923 2957 2979 Joanne
2978 2923 3247 2980 similibus
3274 2920 3550 2991 loquitur;

1956 3024 2049 3071 aut
2073 3015 2284 3072 Marcus
2305 3031 2427 3071 cum
2448 3014 2612 3080 Luca,
2640 3014 2829 3071 eadem
2858 3022 3042 3071 narrat
3066 3030 3080 3079 ;
3106 3022 3197 3069 aut
3219 3012 3392 3069 Lucas
3418 3025 3551 3068 cum»

1955 3109 2163 3164 Joanne
2193 3110 2562 3178 discrepantia
2593 3107 2802 3174 refert;
2837 3119 2929 3162 aut
2961 3106 3157 3178 singuli
3212 3106 3431 3176 propria
3463 3105 3545 3160 in-

256 3204 555 3275 implicitus
601 3207 920 3279 erroribus,
975 3222 1081 3264 non
1109 3209 1297 3266 inutile
1357 3214 1535 3267 tamen
1588 3198 1926 3266 exhibensC
1956 3202 2244 3256 veniUIIlUI‘
2270 3214 2571 3269 θιβοηθτθ·

256 3298 524 3355 studiosis
547 3300 872 3371 exemplum,
904 3301 1006 3357 hoc
1039 3302 1388 3373 Evangelium
1440 3302 1523 3375 (ut
1551 3302 1683 3357 mihi
1708 3302 1855 3359 vide-

258 3390 380 3465 tur)
412 3394 601 3450 solerti
657 3395 1124 3467 eompaginatione
1178 3396 1461 3467 disposuit.
1514 3396 1580 3452 Et
1630 3395 1856 3454 forsitan

260 3484 440 3542 adhuc
468 3487 625 3543 beati
654 3486 850 3544 JuStini
880 3488 1168 3546 adhazrens
1200 3488 1376 3556 lateri,
1420 3487 1569 3545 illius
1601 3489 1856 3545 eruditio-

259 3576 350 3633 nis
376 3578 591 3646 merito,
618 3579 721 3636 hoc
750 3594 885 3650 opus
929 3581 1208 3651 explicuit.
1264 3581 1515 3637 Arbitror
1543 3581 1685 3637 enim
1731 3597 1855 3652 pro-

258 3677 449 3740 pterea
466 3684 575 3726 non
601 3670 891 3741 Ammonii,
932 3672 1029 3730 sed
1072 3673 1230 3744 hujus
1261 3688 1385 3731 esse
1414 3674 1709 3732 editionem
1740 3690 1854 3732 me-

258 3762 460 3818 morati
508 3762 792 3821 voluminis
824 3784 837 3819 :
872 3765 1015 3836 quod
1069 3766 1387 3823 Ammonius
1414 3767 1657 3822 Matthaei
1683 3765 1855 3823 fertur

259 3855 553 3922 relationi,
629 3859 1085 3931 evangelistarum
1144 3863 1477 3934 reliquorum
1530 3862 1853 3920 relationem

259 3946 503 4005 discreto
528 3952 850 4008 annexuisse
878 3966 1126 4009 sermone
1160 3972 1172 4020 ;
1218 3954 1306 4009 hic
1334 3970 1466 4011 vero
1498 3957 1671 4011 sancti
1695 3955 1855 4011 Lucae

264 4040 528 4113 principia
559 4053 856 4115 assumpta,
896 4044 1021 4101 licet
1050 4061 1114 4102 ex
1146 4047 1379 4104 maxima
1425 4057 1577 4116 parte
1611 4048 1857 4119 Evange-

262 4127 341 4186 lio
389 4133 558 4187 sancti
586 4132 845 4203 Matthaei,
905 4136 1234 4208 reliquorum
1266 4138 1427 4193 trium
1459 4138 1600 4194 dicta
1632 4138 1855 4210 conjun-

266 4222 412 4279 xerit
437 4241 452 4284 :
491 4233 548 4280 ut
574 4223 698 4295 jure
720 4226 919 4299 ambigi
960 4230 1130 4299 possit
1160 4239 1335 4285 utrum
1363 4231 1634 4286 Ammonii
1664 4246 1731 4285 an
1754 4230 1859 4286 Ta-

263 4318 399 4374 tiaui
423 4319 664 4377 inventio
705 4323 948 4392 ejusdem
981 4325 1159 4393 operis
1191 4324 1386 4379 debeat
1418 4325 1698 4378 aestimari.
1756 4324 1857 4379 Ve-

262 4420 593 4480 rumtamen,
624 4413 709 4468 vel
743 4415 787 4468 si
828 4414 941 4483 jam
974 4415 1362 4469 haeresiarehes
1416 4414 1574 4483 hujus
1606 4414 1858 4470 editionis

266 4512 457 4560 auctor
484 4506 664 4561 existit
715 4505 996 4572 Tatianus,
1041 4508 1201 4562 verba
1232 4506 1445 4561 Domini
1496 4508 1601 4563 mei
1658 4524 1857 4578 cogno-

2032 3301 2121 3356 Ν.
2168 3300 2225 3355 ln
2269 3307 2500 3370 quatuor
2531 3299 2692 3369 igitur
2738 3297 3108 3368 evangelistis,
3164 3295 3402 3352 evidenti
3447 3311 3549 3350 nu-

1960 3408 2235 3450 merorum
2282 3392 2496 3448 ratione
2524 3398 2882 3447 monstratum
2928 3398 3030 3456 est,
3063 3387 3205 3458 quod
3236 3403 3343 3443 non
3378 3387 3553 3443 valeat

1960 3487 2261 3542 communis
2282 3485 2603 3555 propriaque
2624 3484 2813 3540 relatio
2844 3484 2985 3539 ultra
3019 3481 3287 3552 progredi,
3318 3488 3376 3536 at
3399 3481 3547 3536 intra

1960 3579 2239 3635 denariam
2267 3578 2515 3635 contrahi
2539 3577 2913 3648 quantitatem.
2936 3577 3085 3644 Quos
3108 3585 3287 3632 tamen
3314 3588 3552 3631 canones

1958 3672 2198 3729 breviter
2219 3673 2408 3728 subter
2439 3673 2692 3741 adnexui,
2745 3674 2943 3743 quibus
2973 3672 3345 3743 unusquisque
3371 3683 3555 3726 canon

1959 3767 2200 3824 numeris
2245 3766 2588 3833 declaretur;
2620 3768 2705 3825 vel
2746 3778 2803 3824 ut
2832 3768 3171 3825 manifestius
3226 3767 3319 3821 fiat
3357 3765 3412 3821 in
3441 3779 3552 3837 quo

1961 3875 2167 3916 canone
2197 3860 2287 3930 qui
2313 3862 2657 3932 evangelistse
2694 3862 2999 3916 communia
3031 3859 3114 3915 vel
3145 3856 3363 3930 prppria
3392 3854 3543 3913 dixe-

1960 3954 2091 4022 rint,
2134 3952 2297 4009 facile
2336 3954 2509 4010 lector
2553 3954 2815 4010 inveniat.
2847 3952 3106 4010 Ordinem
3138 3967 3270 4009 vero
3292 3966 3454 4023 quem
3498 3952 3563 4008 irr

1967 4062 2236 4103 canonum
2266 4047 2477 4104 ratione
2501 4046 2847 4117 digessimus,
2881 4046 2951 4100 ad
2979 4044 3081 4101 hoc
3112 4045 3468 4109 cxseruimus,
3498 4049 3559 4097 ut

1961 4139 2075 4196 sola
2108 4139 2356 4208 probatio
2388 4139 2561 4205 fieret,
2594 4138 2990 4194 rationabiliter
3030 4137 3236 4193 denarii
3289 4148 3553 4191 summam

1962 4230 2129 4287 fuisse
2150 4230 2533 4301 conscriptam.
2562 4229 2695 4285 Nam
2720 4244 2841 4299 qua:
2870 4231 2940 4282 sit
2968 4242 3153 4281 eorum
3176 4227 3397 4296 positio,
3432 4227 3555 4279 ιιι-εδ

1965 4324 2126 4387 viter,
2155 4330 2209 4375 ut
2234 4321 2493 4388 diximus,
2519 4320 2659 4375 infra
2683 4319 2856 4375 notari
2888 4318 3212 4372 curavimus.
3248 4316 3397 4383 Ipsos
3417 4328 3554 4383 quo-

1966 4430 2071 4482 que
2102 4426 2356 4467 numeros
2381 4414 2433 4466 in
2466 4426 2631 4465 unum
2674 4410 2874 4479 pariter
2912 4416 3301 4478 congregatos,-
3342 4408 3394 4460 in
3437 4418 3553 4459 mo-

1968 4504 2094 4558 dum
2125 4516 2231 4572 quo
2272 4516 2366 4557 eos
2417 4508 2635 4556 sanctus
2692 4500 3053 4569 Hieronymus
3083 4498 3333 4570 digessit,
3368 4496 3555 4553 curavi

269 4608 454 4661 secus,
486 4595 729 4652 libenter
751 4597 1055 4668 amplector
1096 4598 1627 4668 interpretationem:
1662 4602 1706 4655 si
1736 4602 1860 4656 fuis-
1889 4591 1943 4653 D
1966 4593 2301 4657 describere,
2324 4591 2475 4663 juxta
2504 4591 2704 4646 seriem
2731 4590 2997 4645 duntaxat
3024 4604 3129 4660 qua
3182 4589 3348 4645 totius
3378 4587 3528 4643 Evan

266 4697 354 4744 set
387 4687 506 4759 ejus
551 4689 789 4759 propria,
823 4691 1008 4761 procul
1043 4691 1353 4760 abjicerem.
1401 4691 1534 4747 Nam
1564 4700 1618 4749 et
1646 4692 1850 4750 Contra

267 4781 472 4839 Gentes
497 4782 812 4853 magnificos
843 4782 1009 4839 libros
1043 4783 1279 4841 edidisse
1323 4794 1598 4841 narratur.

344 4875 433 4930 lli.
461 4875 576 4931 Hoc
600 4875 765 4946 igitur
792 4874 1167 4948 Evangelium,
1215 4893 1336 4933 cum
1371 4878 1574 4948 absque
1619 4877 1860 4934 numeris

272 4969 617 5039 reperissem,
641 4983 776 5041 quos
798 4970 1115 5025 Ammonius
1144 4970 1377 5027 mirabili
1407 4970 1585 5026 studio
1617 4970 1858 5041 reperit;

1964 4688 2088 4760 gelii
2119 4687 2277 4758 hujus
2303 4687 2463 4742 leetio
2511 4686 2848 4756 explicatur;
2876 4694 2933 4739 ut
2968 4687 3056 4755 qui
3088 4683 3392 4740 eadcmvel
3420 4683 3544 4751 alia,

1966 4793 2057 4839 aut
2106 4785 2192 4838 ubi
2224 4783 2441 4852 propria
2468 4782 2811 4851 evangelista:
2846 4779 3199 4849 protulerint,
3232 4786 3557 4835 memoratos

1972 4891 2225 4931 numeros
2248 4878 2397 4945 prius
2416 4874 2663 4929 curiosus
2687 4874 2879 4937 lector,
2903 4876 2947 4927 si
2973 4872 3121 4937 velit,
3143 4871 3457 4941 inspiciens,
3483 4868 3559 4923 fa-

1968 4968 2094 5035 cile,
2121 4984 2187 5024 ex
2218 4978 2343 5024 nota
2392 4967 2629 5033 numeri,
2658 4976 2875 5036 reperta
2923 4963 3241 5034 comprobet
3282 4963 3555 5018 lectione:

272 5064 538 5123 Eusebius
563 5079 694 5122 vero
718 5064 966 5123 Cesareae
994 5066 1275 5137 episcopus
1326 5065 1650 5137 Palaestinae,
1678 5066 1746 5123 ab
1798 5080 1863 5122 eo
1969 5073 2209 5122 sanctam
2230 5074 2286 5121 et
2315 5064 2678 5120 beatissimam
2703 5060 3028 5117 Trinitatem
3060 5062 3351 5130 precantes
3370 5063 3431 5111 ut
3460 5062 3561 5109 nos

370 5267 426 5340 a)
450 5264 726 5340 Fabricius
756 5268 812 5340 in
838 5264 990 5340 _Cod.
1026 5268 1226 5340 Apocr.
1268 5264 1334 5320 N.
1360 5265 1615 5340 T.,__tom.
1648 5268 1690 5331 l,
1724 5283 1845 5340 pag.

275 5337 647 5407 379,'conjicit
677 5353 743 5392 ex
766 5337 1079 5393 abbreviata
1126 5337 1389 5406 scriptura
1417 5337 1628 5391 diatess.
1658 5337 1847 5407 perpe-

275 5424 391 5465 ram
424 5410 623 5466 faetum
651 5409 929 5479 diapente:
952 5418 1282 5480 repugnante
1327 5408 1580 5463 nimirum
1615 5410 1700 5463 vel
1732 5410 1849 5478 ipso

277 5480 493 5536 Victore
517 5482 829 5551 interprete,
864 5491 921 5537 ut
964 5482 1206 5548 Eusebii,
1254 5480 1566 5551 Hieronymi
1596 5480 1850 5551 aliorum-

276 5568 381 5624 que
406 5559 647 5608 veterum
695 5553 1000 5608 testimonia
1029 5553 1356 5608 omittamus.
1410 5550 1592 5624 Itaque
1620 5550 1853 5624 Victoris

277 5622 439 5680 verba
467 5625 503 5679 l.
536 5639 586 5679 c.
617 5624 672 5679 in
694 5624 927 5679 medium
953 5623 1222 5679 adducens
1254 5623 1395 5678 idem
1427 5622 1727 5689 Fabricius,
1762 5639 1854 5688 pro

277 5697 518 5765 diapente
544 5695 791 5752 rescribit
815 5697 1164 5749 diatessarius.
1216 5698 1298 5751 An
1344 5694 1699 5749 diatessaron?
1750 5694 1858 5749 0b-

277 5778 460 5824 servat
488 5776 745 5836 praeterea
767 5768 1163 5833 Casaubonuin,
1197 5767 1263 5820 ad
1293 5768 1481 5826 Baron.
1519 5780 1634 5831 xm,
1656 5765 1710 5832 Ξ,
1738 5779 1859 5835 pag.

278 5838 408 5934 ιιι,
436 5852 667 5917 eumque
684 5847 926 5899 secutum
949 5837 1189 5910 lttigiinn
1223 5837 1297 5898 de
1333 5837 1689 5898 Haeresiarch.
1738 5850 1861 5908 pag.

1960 5266 2085 5331 ‘20l,
2118 5266 2371 5323 maluisse
2413 5264 2554 5336 apud
2585 5263 2855 5320 Victorem
2887 5261 2974 5319 διὰ
3017 5262 3243 5336 rideres.
3297 5257 3558 5336 Caeterum

1960 5354 2067 5414 non
2085 5338 2351 5414 defuisse
2390 5331 2535 5414 vii-os
2569 5336 2762 5414 doctos
2810 5333 3077 5414 agnoscit,
3102 5332 3298 5414 quibus
3329 5331 3555 5414 probata

1961 5410 2123 5465 fuerit
2155 5410 2467 5465 Victoriaua
2492 5409 2651 5464 lectio
2698 5403 2960 5462 hactenus
2991 5405 3233 5473 vulgata;
3263 5418 3329 5458 eo
3354 5403 3561 5458 scilicet

1960 5484 2179 5536 nomine
2205 5483 2348 5550 quod
2398 5480 2683 5535 Tatianum
2740 5486 2935 5547 praeter
2982 5487 3207 5550 quatuor
3254 5474 3561 5550 Evangelia,

1963 5545 2235 5623 Evangelii
2259 5566 2471 5623 quoque
2502 5554 2567 5604 ad
2604 5545 2859 5623 llebrmos
2892 5547 3174 5623 rationem
3193 5545 3443 5623 habuisse
3466 5562 3559 5623 pu-

1964 5618 2145 5678 tarint.
2184 5618 2394 5678 Videsis
2427 5622 2669 5676 Grotium
2700 5620 2753 5674 in
2793 5628 2903 5673 not.
2941 5618 3006 5671 ad
3035 5619 3241 5687 Matth.,
3275 5619 3375 5674 sub
3405 5618 3560 5683 init.;

1966 5696 2031 5750 G.
2057 5696 2105 5749 .l.
2140 5695 2385 5749 Vossium
2413 5695 2626 5747 dissert.
2653 5692 2720 5745 de
2739 5691 2948 5765 ganea].
2984 5689 3205 5765 Christi,
3240 5706 3361 5765 pag.
3388 5689 3479 5760 17,
3506 5699 3559 5747 et

1967 5767 2266 5823 Simonium
2290 5765 2428 5823 llist.
2454 5766 2573 5821 crit.
2599 5772 2730 5820 text.
2756 5761 2819 5819 N.
2844 5762 2935 5831 'l‘.,
2964 5778 3085 5836 pag.
3107 5764 3194 5823 τι.
