4038 6356
442 348 548 405 385

446 463 505 521 in
521 461 749 519 veritate
773 454 1171 525 Scripturarttm
1199 432 1653 502 suarum'erudire
1674 428 1947 525 dignetur,
1975 424 2031 473 et
2055 416 2110 477 Δ
2135 409 2344 525 peritas,

452 502 1042 620 ;rartiam
1070 541 1271 597 tribuat
1291 535 1610 603 :‘quatenns,
1631 531 1692 577 ut
1717 512 1909 587 optimi
1930 520 2041 565 tra-
2147 524 2202 573 ν,
2232 502 2351 573 21),

1575 305 1885 372 VICTORIS
1921 292 2230 362 EPISCOPI
2268 282 2565 348 CAPUANI

3626 255 3783 316 256

2368 400 2549 458 omnia
2572 394 2862 467 probemus
2891 380 3181 444 secundum
3207 363 3435 435 Paulum
3460 371 3514 447 (ι
3545 372 3783 432 Thess.

2378 508 2433 556 et
2459 511 2581 568 qua:
2612 499 2737 549 sunt
2768 490 2909 545 bona
2937 494 3225 542 sectemur.

458 579 793 615 ωκτυιωιιιδ
814 579 1042 620 ιιᾚιιαυι
1073 579 1111 597 ιι
1124 579 1271 596 ιιι-η.-
1291 579 1306 588 -
1327 579 1518 603 ..-ν-----
1533 579 1550 581 η
1595 579 1609 590 ,
1755 579 1772 587 _
2392 584 2393 587 Ἴ

1857 1284 2341 1317 _________..

487 1822 636 1877 runt,
661 1778 955 1866 etministri
984 1804 1194 1855 luerunt
1217 1792 1515 1850 sermonis:
1550 1788 1721 1841 visum
1753 1788 1909 1837 estet

491 1869 736 1961 assecuto
755 1916 783 1951 a
808 1893 1090 1965 principio,
1120 1889 1186 1942 de
1204 1884 1452 1940 omnibus
1484 1879 1768 1947 diligenter
1790 1888 1854 1928 ex
1881 1869 2070 1925 ordine

495 1996 593 2053 tibi
626 1993 886 2056 scribere,
907 1988 1109 2056 optime
1130 1978 1451 2047 Theophile,
1478 1983 1533 2028 ut
1555 1981 1851 2040 cognoscas
1882 1976 2067 2021 eorum

494 2088 782 2145 verborum
809 2080 877 2137 de
906 2078 1097 2148 quibus
1133 2071 1375 2128 eruditus
1406 2082 1464 2122 es
1495 2062 1799 2120 veritatem.

1007 2185 1237 2245 CAPUT
1289 2178 1573 2238 PRIMUM.

502 2295 570 2354 In
593 2291 841 2367 principio
879 2294 989 2343 erat
1017 2271 1570 2367 uerbumLDeu-saupud
1605 2269 1790 2333 Deum,
1814 2277 1904 2335 per
1933 2275 2082 2332 quem

1054 2354 1191 2424 {acta
1221 2356 1337 2402 sunt
1363 2359 1556 2398 omnia.

572 2481 729 2536 iam.
757 2492 795 2541 ι,
823 2473 937 2528 1-5.
959 2471 1019 2525 ln
1048 2463 1313 2538 principio
1341 2468 1458 2515 erat
1482 2456 1739 2517 Verbum,
1763 2462 1818 2507 et
1848 2448 2080 2541 Verbum

508 2579 625 2628 erat
653 2540 793 2633 apud
823 2564 1014 2623 Deum,
1039 2569 1094 2613 et
1123 2558 1264 2611 Deus
1293 2559 1409 2608 erat
1456 2548 1716 2604 Verbum.
1748 2543 1862 2599 Hoc
1891 2548 2007 2596 erat
2032 2540 2086 2593 in

507 2660 771 2734 principio
799 2656 941 2726 apud
990 2653 1178 2707 Deum.
1229 2646 1420 2702 Omnia
1443 2658 1538 2712 per
1562 2639 1734 2709 ipsum
1774 2637 1912 2691 facta
1940 2640 2086 2734 sunt,

509 2727 565 2816 et
610 2727 727 2813 sine
770 2756 888 2825 ipso
916 2750 1116 2805 factum
1169 2752 1253 2801 est
1307 2739 1438 2797 nihil
1478 2735 1620 2807 quod
1652 2734 1847 2789 factum
1889 2737 1994 2825 est.
2028 2727 2087 2825 ln

512 2850 632 2920 ipso
658 2849 765 2902 vita
788 2818 925 2905 erat,
956 2849 1011 2897 et
1037 2839 1143 2893 vita
1169 2844 1287 2891 erat
1320 2833 1408 2887 lux
1450 2827 1727 2884 hominum
1757 2843 1773 2880 :
1805 2831 1859 2878 et
1893 2818 2091 2920 lux-in

516 2910 751 2995 tenebris
784 2937 949 3002 lucet,
991 2939 1046 2988 et
1094 2927 1328 2986 tenebrae
1379 2936 1499 2980 eam
1529 2934 1639 2979 non
1667 2910 2093 2986 comprehende-

519 3039 664 3090 ῐυιιι.

1130 3111 1362 3169 CAPUT
1397 3109 1464 3166 11.

955 3208 1031 3263 De
1059 3205 1340 3261 sacerdotio
1377 3199 1662 3258 Zachariae.

590 3326 720 3383 an.
747 3340 787 3391 ι,
816 3322 968 3379 5-25.
1012 3321 1132 3377 Fuit
1160 3321 1213 3376 in
1233 3318 1425 3375 diebus
1455 3313 1682 3370 Herodis
1711 3309 1853 3381 regis
1874 3306 2101 3374 Iudaee,

527 3420 780 3478 sacerdos
829 3419 1043 3490 quidam
1092 3416 1309 3471 nomine
1338 3410 1648 3477 Zacharias,
1680 3409 1748 3463 de
1786 3407 1905 3461 vice
1932 3404 2099 3469 Abia;

426 3508 429 3513 λ
522 3521 576 3569 et
600 3527 734 3568 uxor
763 3510 839 3566 illi
877 3510 947 3565 de
976 3508 1185 3563 ﬁliabus
1214 3509 1416 3569 Aaron,
1447 3510 1502 3557 et
1527 3514 1724 3555 nomen
1770 3497 1886 3565 ejus
1930 3495 2101 3549 Elisa-

523 3604 674 3659 beth.
716 3603 1081 3657 Erantautem
1105 3598 1237 3667 justi
1271 3595 1430 3650 ambo
1460 3603 1585 3646 ante
1608 3591 1797 3654 Deum,
1837 3586 2103 3641 inceden-

526 3703 609 3750 tes
631 3695 683 3747 in
713 3691 962 3746 omnibus
986 3687 1252 3743 mandatis
1281 3695 1335 3742 et
1358 3682 1834 3754 jnstiﬁeationibus
1865 3676 2099 3745 Domini,

528 3787 647 3841 sine
674 3783 914 3853 querela.
947 3781 1016 3835 Et
1062 3796 1171 3835 non
1215 3786 1332 3833 erat
1360 3778 1467 3832 illis
1496 3776 1664 3841 ﬁlius,
1688 3787 1755 3829 eo
1784 3770 1925 3843 quod
1959 3776 2108 3825 esset

530 3875 801 3932 Elisabeth
847 3872 1067 3937 sterilis,
1100 3881 1154 3925 et
1174 3870 1334 3925 ambo
1373 3867 1765 3939 processissent
1815 3866 1870 3919 in
1916 3862 2106 3918 diebus

531 3968 662 4023 suis.
695 3965 915 4021 Factum
956 3974 1038 4020 est
1068 3971 1249 4018 autem
1280 3976 1402 4017 cum
1448 3958 1749 4015 sacerdotio
1790 3956 2109 4027 fungeretur

534 4059 823 4115 Zacharias
847 4059 901 4114 in
929 4057 1117 4112 ordine
1143 4056 1274 4111 vicis
1299 4069 1410 4109 sua:
1437 4064 1561 4108 ante
1585 4052 1750 4107 Deum
1769 4088 1785 4115 ,
1816 4049 2111 4104 secundum

534 4151 980 4209 consuetudinem
1022 4148 1330 4217 sacerdotii,
1379 4159 1524 4205 sorte
1564 4148 1693 4202 exiit
1740 4158 1798 4202 ut
1837 4148 2115 4204 incensum

536 4255 784 4321 poneret,
816 4247 1088 4316 ingressus
1145 4245 1197 4300 in
1254 4245 1509 4313 templum
1560 4241 1791 4297 Domini.
1835 4242 1904 4297 Et
1937 4243 2115 4297 omnis

536 4338 817 4398 multitudo
846 4336 1025 4407 populi
1050 4346 1169 4392 erat
1194 4350 1354 4390 orans
1400 4334 1552 4399 foris,
1581 4335 1709 4389 hora
1751 4335 1975 4390 incensi.
2007 4335 2116 4404 Ap-

537 4430 712 4504 paruit
737 4437 914 4485 autem
941 4430 1014 4483 illi
1046 4428 1265 4498 angelus
1301 4427 1532 4493 Domini,
1560 4436 1708 4483 stans
1746 4444 1775 4482 a
1803 4428 2009 4483 dextris
2037 4428 2115 4482 al-

2127 3180 2174 3245 C

2161 1387 2495 1460 respondens
2520 1380 2756 1453 angelus,
2786 1379 2920 1434 dixit
2947 1376 2997 1433 ei
3025 1395 3037 1430 :
3064 1376 3174 1447 Ego
3217 1388 3333 1430 sum
3358 1371 3614 1441 Gabriel,
3670 1371 3786 1444 qui

2164 1485 2320 1540 adsto
2345 1486 2470 1533 ante
2498 1476 2668 1529 Deum
2694 1490 2711 1539 ;
2736 1480 2792 1525 et
2818 1471 3014 1526 missus
3040 1483 3159 1523 sum
3191 1467 3337 1537 loqui
3366 1466 3430 1519 ad
3454 1473 3528 1530 te,
3574 1474 3637 1520 et
3664 1464 3788 1520 hoc

2009 1775 2062 1828 hi
2101 1794 2147 1854 Β
2171 1763 2445 1824 credidisti
2475 1758 2658 1814 verbis
2689 1755 2849 1824 meis,
2879 1769 2997 1823 qua:
3029 1751 3390 1815 implebuntur
3419 1748 3473 1801 in
3516 1755 3789 1815 tempore

2175 1874 2295 1916 suo.
2356 1856 2420 1909 Et
2462 1860 2577 1906 erat
2606 1849 2754 1916 plebs
2794 1853 3113 1913 exspectans
3136 1841 3486 1897 Zachariam:
3515 1848 3571 1893 et
3601 1838 3789 1892 mira-

2178 1951 2375 2004 bantur
2400 1942 2539 2013 quod
2574 1939 2810 1994 tardaret
2830 1937 2947 2007 ipse
2973 1936 3025 1990 in
3059 1934 3280 2003 templo.
3302 1932 3561 1999 Egressus
3586 1939 3787 1983 autem

2178 2057 2287 2098 non
2328 2043 2536 2108 poterat
2567 2031 2709 2101 loqui
2736 2030 2802 2083 ad
2830 2043 2947 2083 eos.
3010 2026 3078 2081 Et
3113 2031 3483 2095 cognoverunt
3510 2019 3660 2088 quod
3693 2018 3785 2073 vi-

2181 2135 2387 2190 sionem
2417 2127 2637 2181 vidisset
2678 2123 2731 2177 in
2768 2122 2990 2190 templo.
3022 2119 3088 2173 Et
3127 2118 3244 2185 ipse
3270 2124 3398 2173 erat,
3432 2115 3673 2169 innuens
3718 2110 3790 2166 il-

2185 2224 2275 2289 lis,
2306 2230 2363 2277 et
2411 2215 2711 2289 permansit
2760 2220 2961 2267 mutus.
2994 2210 3068 2265 Et
3114 2209 3307 2263 factum
3356 2214 3440 2263 est
3478 2213 3537 2259 ut
3566 2201 3785 2273 impleti

2185 2322 2311 2369 sunt
2349 2310 2465 2364 dies
2513 2303 2679 2361 ofﬁcii
2713 2303 2852 2373 ejus,
2900 2316 3020 2357 cum
3078 2300 3211 2353 abiit
3240 2299 3291 2351 in
3336 2297 3555 2352 domum
3596 2306 3784 2349 suam.

2188 2406 2317 2461 Post
2346 2403 2442 2455 hos
2462 2407 2639 2453 autem
2671 2395 2788 2449 dies
2809 2392 3054 2461 concepit
3084 2389 3357 2445 Elisabetb
3390 2402 3525 2443 uxor
3552 2385 3701 2456 ejus,
3723 2392 3781 2441 et

2190 2492 2496 2550 occultabat
2532 2502 2593 2543 se
2635 2486 2911 2542 mensibus
2952 2484 3209 2554 quinque,
3261 2479 3487 2535 dicens:
3518 2477 3657 2545 Quia
3705 2476 3787 2532 sic

2192 2584 2326 2642 mihi
2349 2583 2475 2638 fecit
2507 2579 2758 2635 Dominus
2780 2578 2835 2632 in
2868 2576 3058 2632 diebus
3085 2574 3279 2644 quibus
3305 2570 3542 2643 respexit
3565 2566 3789 2626 auferre

2194 2674 2551 2750 opprobrium.
2586 2685 2765 2727 meum
2796 2669 2935 2724 inter
2967 2666 3236 2721 homines.

2810 2758 3037 2815 CAPUT
3077 2758 3166 2814 ιιι.

2449 2853 2677 2925 Angelus
2701 2849 2909 2907 Gabriel
2933 2850 3003 2904 ad
3034 2848 3261 2903 Mariam
3286 2847 3533 2920 loquitur.

2267 2950 2401 3007 Luc.
2426 2964 2464 3016 ι,
2494 2944 2681 3002 26—56.
2738 2943 2793 2998 ln
2844 2956 3029 2997 mense
3067 2950 3244 2996 autem
3288 2950 3442 2995 sexto
3471 2939 3669 2997 missus
3699 2947 3782 2997 est

2201 3047 2423 3113 angelus
2450 3036 2663 3097 Gabriel
2693 3052 2721 3090 a
2758 3035 2865 3091 Deo
2909 3035 2962 3089 in
2993 3034 3263 3089 civitatem
3296 3030 3531 3088 Galliam
3569 3033 3654 3088 cui
3684 3047 3787 3089 no-

2206 3153 2331 3195 men
2360 3132 2641 3197 Nazareth,
2689 3129 2758 3185 ad
2812 3127 3074 3199 virginem
3121 3127 3500 3196 desponsatam
3542 3126 3658 3181 viro
3701 3125 3786 3182 cui

2208 3247 2404 3289 nomen
2436 3235 2555 3285 erat
2581 3224 2806 3294 Joseph,
2844 3222 2912 3278 de
2942 3222 3103 3277 domo
3134 3220 3338 3287 David;
3364 3228 3419 3276 et
3458 3234 3653 3276 nomen
3678 3219 3787 3273 vir-

2208 3326 2370 3396 ginis,
2423 3320 2612 3377 Maria.
2666 3317 2733 3373 Et
2772 3318 3049 3385 ingressus
3100 3314 3321 3384 angelus
3353 3312 3420 3367 ad
3451 3327 3569 3368 eam
3620 3310 3785 3367 dixit:

2209 3417 2350 3480 Ave,
2382 3411 2555 3483 gratia
2578 3409 2739 3480 plena
2762 3447 2780 3472 ,
2812 3406 3072 3461 Dominus
3103 3416 3277 3460 tecum
3299 3445 3317 3471 ,
3346 3404 3622 3460 benedicta
3647 3413 3701 3458 tu
3734 3403 3789 3459 in

2211 3504 2546 3562 mulieribus.
2597 3502 2728 3566 Qua:
2774 3514 2894 3554 cum
2926 3498 3183 3564 audisset,
3233 3496 3442 3553 turbata
3481 3498 3643 3553 estin
3669 3511 3788 3552 ser-

2212 3614 2371 3654 mone
2395 3596 2533 3664 ejus,
2557 3602 2611 3648 et
2636 3592 2906 3663 cogitabat
2935 3590 3111 3660 qualis
3135 3596 3280 3645 esset
3308 3591 3411 3644 ista
3437 3589 3698 3645 salutatio.
3724 3589 3788 3644 Et

2213 3690 2290 3747 ait
2310 3688 2571 3758 angelus“
2589 3704 2604 3741 :
2620 3686 2698 3742 Ne
2724 3688 2935 3751 timeas,
2957 3686 3140 3750 Maria,
3158 3683 3403 3739 invenisti
3419 3683 3787 3753 enitngratiam

2216 3782 2355 3853 apud
2403 3781 2707 3835 Dominum.
2740 3780 2876 3833 Ecce
2925 3776 3195 3844 concipies
3233 3783 3288 3832 et
3329 3775 3505 3846 paries
3552 3774 3788 3829 ﬁliumin

2217 3884 2410 3939 utero;
2457 3884 2513 3928 et
2539 3872 2757 3927 vocabis
2798 3884 2998 3924 nomen
3024 3871 3143 3939 ejus
3171 3868 3377 3923 Jesum.
3424 3867 3524 3923 Hic
3557 3867 3657 3921 erit
3681 3880 3787 3922 ma-

2216 3984 2373 4039 gnus,
2403 3978 2459 4024 et
2485 3967 2652 4023 Filius
2682 3964 2940 4021 Altissimi
2973 3963 3251 4018 vocabitur
3275 3979 3289 4016 :
3312 3970 3368 4017 et
3394 3961 3545 4017 dabit
3575 3962 3643 4016 illi
3684 3961 3787 4017 Do-

2217 4065 2395 4116 minus
2423 4061 2560 4114 Deus
2593 4058 2776 4113 sedem
2808 4056 2973 4111 David
3004 4055 3167 4125 patris
3193 4056 3330 4124 ejus,
3377 4062 3432 4109 et
3472 4053 3711 4122 regnabit
3735 4054 3785 4110 in

2220 4155 2380 4209 domo
2404 4152 2569 4207 Jacob
2600 4151 2653 4205 in
2682 4161 2965 4216 :eternum,
2991 4158 3046 4203 et
3068 4149 3215 4218 regni
3247 4146 3365 4218 ejus
3388 4162 3493 4201 non
3519 4146 3621 4201 erit
3654 4146 3781 4202 ﬁnis.

2223 4246 2370 4303 Dixit
2396 4244 2559 4298 Maria
2593 4243 2658 4297 ad
2683 4242 2967 4311 angelum:
2999 4239 3279 4306 Quomodo
3327 4240 3419 4296 ﬁet
3466 4240 3636 4307 istud,
3661 4254 3782 4308 quo-

2222 4341 2363 4394 Itium
2390 4337 2560 4392 virum
2600 4349 2705 4390 non
2737 4335 3043 4405 cognosco?
3093 4334 3159 4389 Et
3190 4332 3520 4405 respondens
3559 4334 3780 4403 angelus,

2223 4430 2422 4486 dixitei
2444 4446 2457 4483 :
2482 4429 2713 4499 Spiritus
2741 4437 2959 4483 sanctus
2986 4426 3332 4496 superveniet
3369 4428 3425 4481 in
3457 4436 3527 4491 te,
3560 4434 3613 4479 et
3636 4426 3783 4480 virtus

537 4522 670 4577 taris
698 4521 922 4577 incensi.
970 4521 1034 4575 Et
1078 4519 1364 4575 Zacharias
1394 4521 1633 4576 turbatus
1666 4530 1769 4586 est,
1801 4522 2026 4584 videns;
2058 4527 2113 4574 et
2150 4571 2198 4589 ﬁ
2226 4522 2488 4577 Altissimi
2511 4520 2851 4575 obumbrabit
2882 4520 3015 4574 tibi:
3060 4519 3288 4589 ideoque
3313 4529 3367 4574 et
3387 4517 3528 4589 quod
3553 4526 3784 4573 nascetur

540 4616 700 4668 timor
722 4612 876 4666 irruit
902 4626 1064 4678 super
1083 4627 1227 4666 eum.
1253 4612 1341 4667 Ait
1373 4622 1552 4668 autem
1583 4612 1650 4668 ad
1683 4613 1831 4668 illum
1854 4613 2110 4683 angelus:

544 4705 621 4760 Ne
652 4705 867 4770 timeas,
894 4703 1173 4768 Zacharia,
1196 4706 1448 4774 quoniam
1478 4707 1734 4762 exaudita
1755 4715 1838 4762 est
1869 4706 2113 4777 precatio

544 4803 663 4859 tua;
687 4803 740 4849 et
764 4810 897 4848 uxor
927 4802 1011 4847 tua
1044 4792 1317 4850 Elisaheth
1348 4799 1519 4866 pariet
1548 4798 1641 4851 tibi
1670 4798 1860 4865 (ilium,
1887 4806 1940 4851 et
1959 4812 2119 4852 voea-

544 4886 626 4942 his
651 4900 846 4941 nomen
890 4886 1005 4955 ejus
1054 4886 1336 4943 Joannem.
1384 4890 1449 4943 Et
1500 4891 1601 4944 erit
1653 4891 1905 4960 gaudium
1939 4888 2035 4942 tibi
2069 4896 2125 4943 et

549 4976 879 5043 exsultatio;
913 4986 965 5031 et
994 4978 1147 5032 multi
1198 4978 1253 5033 in
1306 4978 1577 5034 nativitate
1625 4979 1742 5048 ejus
1787 4979 2120 5051 gaudebunt.

548 5068 667 5124 Erit
689 5069 831 5123 enim
859 5082 1080 5137 magnus
1111 5083 1292 5124 coram
1319 5070 1580 5135 Domino;
1611 5079 1665 5124 et
1693 5071 1873 5123 vinum
1905 5077 1958 5123 et
1988 5068 2127 5123 sice-

549 5176 664 5216 ram
695 5177 801 5216 non
833 5160 1000 5216 bibet.
1043 5161 1111 5216 Et
1151 5161 1351 5231 Spiritu
1392 5172 1577 5217 sancto
1624 5162 1925 5231 replebitur
1954 5161 2129 5217 adhuc

552 5267 617 5307 ex
647 5262 799 5308 utero
823 5255 1009 5308 matris
1035 5269 1169 5308 suae.
1196 5254 1263 5308 Et
1288 5255 1485 5309 multos
1530 5253 1758 5308 ﬁliorum
1792 5253 1953 5308 Israel
2002 5268 2131 5308 con-

552 5353 727 5398 vertet
747 5343 814 5398 ad
844 5344 1123 5399 Dominum
1156 5344 1322 5399 Deum
1348 5346 1613 5413 ipsorum:
1646 5354 1701 5399 et
1723 5344 1837 5413 ipse
1865 5344 2134 5412 praecedet

556 5445 679 5489 ante
707 5436 852 5490 illum
880 5438 934 5491 in
983 5438 1174 5507 spiritu
1219 5447 1271 5493 et
1318 5437 1516 5491 virtute
1560 5437 1710 5503 Elim,
1756 5448 1813 5491 ut
1854 5447 2129 5493 convertat

557 5527 718 5582 corda
746 5540 954 5597 patrum
981 5531 1033 5584 in
1068 5531 1227 5596 ﬁlios,
1261 5538 1315 5583 et
1341 5529 1645 5585 incredulos
1675 5530 1739 5585 ad
1788 5531 2125 5600 prudentiam

557 5618 845 5687 iustorum,
899 5636 1086 5688 parare
1157 5621 1382 5676 Domino
1433 5621 1637 5689 plebem
1694 5622 2009 5691 perfectum.
2057 5624 2125 5677 Et

561 5709 695 5763 dixit
722 5709 1005 5765 Zacharias
1040 5711 1106 5765 ad
1135 5713 1421 5780 angelum:
1456 5710 1608 5768 Unde
1657 5715 1759 5769 hoc
1806 5715 2011 5770 sciam?
2034 5730 2135 5785 ego

563 5798 593 5839 η
609 5814 728 5860 sum
751 5816 938 5870 senex,
964 5810 1019 5863 et
1040 5815 1172 5861 uxor
1193 5816 1313 5863 mea
1330 5805 1594 5877 processit
1619 5805 1674 5867 in
1694 5806 1883 5869 diebus
1910 5806 2043 5871 suis.
2068 5806 2138 5869 Et

2149 4571 2201 4633 D

2226 4630 2292 4670 ex
2324 4625 2376 4668 te
2402 4624 2669 4676 sanctum,
2700 4611 2977 4665 vocabitur
3003 4610 3174 4666 Filius
3210 4611 3328 4666 Dei.
3371 4611 3439 4666 Et
3464 4626 3590 4667 ecce
3626 4610 3779 4666 Elisa-

2227 4706 2353 4761 beth
2384 4716 2611 4774 cognata
2648 4712 2756 4766 tua,
2781 4713 2834 4757 et
2861 4702 2976 4770 ipsa
3002 4703 3250 4772 concepit
3270 4701 3437 4758 ﬁlium
3459 4702 3513 4757 in
3535 4711 3783 4759 senectute

2229 4814 2321 4854 sua
2350 4814 2363 4860 ;
2397 4808 2448 4851 et
2481 4796 2566 4850 hic
2594 4795 2795 4850 mensis
2820 4803 3003 4849 sextus
3050 4804 3133 4851 est
3161 4796 3263 4862 illi,
3297 4811 3417 4867 qua:
3447 4804 3659 4851 vocatur
3682 4804 3782 4851 ste-

2230 4889 2367 4956 rilis,
2410 4888 2533 4957 quia
2559 4901 2663 4941 non
2687 4887 2787 4941 erit
2808 4886 3135 4956 impossibile
3157 4888 3299 4959 apud
3322 4888 3487 4943 Deum
3517 4902 3665 4944 omne
3682 4904 3783 4945 ver-

2234 4983 2385 5038 bum.
2418 4980 2566 5034 Dixit
2595 4989 2771 5035 autem
2796 4979 2997 5036 Maria:
3030 4979 3170 5037 Ecce
3216 4980 3410 5036 ancilla
3441 4980 3675 5047 Domini;
3704 4981 3783 5036 ﬁat

2233 5073 2363 5129 mihi
2412 5072 2706 5127 secundum
2771 5072 2993 5129 verbum
3044 5082 3213 5127 tuum.
3246 5072 3312 5128 Et
3359 5073 3603 5128 discessit
3627 5074 3684 5129 ab
3708 5074 3781 5129 illa

2233 5167 2473 5238 angelus.
2501 5168 2804 5238 Exsurgens
2829 5180 3006 5223 autem
3038 5167 3202 5221 Maria
3227 5165 3282 5221 in
3302 5165 3492 5222 diebus
3523 5166 3645 5235 illis,
3672 5166 3783 5220 abiit

2237 5262 2290 5318 in
2334 5272 2585 5317 montana
2614 5277 2733 5316 cum
2783 5261 3150 5325 festinatione,
3182 5260 3234 5314 in
3267 5262 3539 5315 civitatem
3565 5260 3707 5315 Juda:
3737 5267 3782 5315 et

2240 5354 2459 5409 intravit
2499 5356 2551 5408 in
2574 5354 2790 5409 domum
2823 5353 3125 5418 Zachariae,
3157 5360 3212 5406 et
3234 5352 3486 5406 salutavit
3516 5350 3775 5406 Elisabeth.

2246 5447 2311 5501 Et
2340 5447 2531 5535 factum
2563 5456 2667 5513 est,
2700 5457 2757 5499 ut
2794 5446 2997 5499 audivit
3026 5444 3400 5499 salutationem
3438 5444 3611 5498 Maria:
3638 5444 3780 5498 lilisa-

2240 5537 2389 5603 beth,
2423 5539 2707 5593 exsultavit
2739 5537 2912 5592 infans
2953 5539 3007 5592 in
3038 5545 3191 5591 utero
3213 5536 3351 5607 ejus.
3396 5537 3461 5592 Et
3509 5537 3689 5607 repleta
3713 5544 3781 5593 est

2244 5628 2443 5697 Spiritu
2470 5640 2654 5685 sancto
2686 5628 2978 5693 Elisabeth,
3020 5636 3075 5682 et
3102 5620 3420 5683 exclamavit
3446 5644 3575 5684 voce
3602 5644 3776 5699 magna,

2242 5728 2298 5775 et
2325 5719 2458 5774 dixit
2482 5719 2566 5775 ei:
2595 5718 2882 5775 Benedicta
2910 5727 2966 5774 tu
3009 5716 3150 5773 inter
3179 5717 3458 5784 mulieres,
3496 5726 3552 5773 et
3588 5718 3773 5774 benedi-

2246 5818 2368 5873 ctus
2389 5808 2816 5889 fructusventris
2853 5810 2952 5871 tui.
2982 5808 3523 5889 tit-undabocmihi,
3555 5809 3781 5892 nuntiat

3765 5938 3824 5999 χ
