4038 6356
210 315 324 376 257

967 297 1560 366 EYANGELICARUM
1596 292 2106 357 unumunum
2143 265 2729 353 mensarum.

3372 261 3398 271 θ’
3475 264 3484 278 1

215 438 394 491 mater
432 424 648 486 Domini
696 422 806 482 mei
834 420 904 480 ad
931 421 1065 478 me?
1096 420 1236 476 Ecce
1283 418 1426 474 enim
1460 424 1518 471 ut
1556 415 1693 470 facta
1725 422 1809 470 est
1835 416 1891 478 Α
1912 419 2128 466 nostros
2151 410 2204 464 in
2229 410 2368 464 viam
2395 407 2566 478 pacis.
2594 406 2734 462 Puer
2757 408 2937 462 autem
2958 401 3253 471 crescebat,
3273 405 3332 460 et
3356 414 3486 458 con-

214 541 322 583 τοι
353 521 698 581 salutationis
726 528 832 574 tuae
871 519 926 572 in
972 514 1188 570 auribus
1218 513 1371 575 meis,
1419 508 1707 565 exsultavit
1747 507 1802 561 in

217 617 413 692 gaudio
447 615 624 670 infans
649 613 702 668 iu
729 621 883 666 utero
908 624 1049 663 meo.
1075 608 1106 642 ’*
1130 606 1195 659 Et
1222 605 1374 659 beata
1400 617 1519 672 qua:
1549 598 1798 668 credidit,

217 710 472 780 quoniam
496 703 841 775 perﬁcientur
863 715 924 756 ea
954 714 1072 770 qua;
1099 697 1240 751 dicta
1268 702 1392 749 sunt
1417 693 1468 747 ei
1499 707 1528 746 a
1558 692 1802 746 Domino.

219 800 288 856 Et
315 800 390 854 ait
413 797 580 852 Maria
612 808 627 849 :
663 791 968 865 Magniﬁcat
1007 790 1186 844 anima
1225 801 1345 842 mea
1399 784 1718 838 Dominum:
1752 789 1806 837 et

215 888 508 948 exsultavit
533 886 754 958 spiritus
795 898 946 938 meus
969 881 1022 935 in
1052 880 1164 934 Deo
1203 876 1426 933 salutari
1477 889 1620 930 meo.
1660 873 1798 941 Quia

215 983 458 1053 respexit
483 980 834 1035 humilitatem
859 975 1066 1031 ancilla)
1095 987 1208 1029 sua
1233 989 1247 1038 ;
1278 985 1405 1028 ecce
1425 971 1569 1025 enim
1600 984 1666 1023 ex
1704 967 1806 1025 hoc

216 1077 436 1133 beatam
476 1089 565 1130 me
605 1073 786 1128 dicent
832 1084 1024 1126 omnes
1068 1068 1467 1140 generationes.
1498 1063 1631 1131 Quia
1675 1063 1806 1118 fecit

215 1171 349 1227 mihi
393 1183 584 1240 magna
617 1167 704 1238 qui
729 1175 917 1234 potens
945 1171 1062 1233 est,
1092 1171 1148 1217 et
1175 1170 1419 1216 sanctum
1445 1174 1640 1213 nomen
1666 1157 1804 1226 ejus.

216 1262 289 1319 Et
309 1259 675 1319 misericordia
698 1259 814 1328 ejus
834 1257 886 1313 in
911 1255 1194 1326 progenies
1217 1259 1272 1308 et
1295 1251 1806 1321 progenies,'timen-

215 1356 360 1412 tibus
389 1370 533 1411 eum.
567 1354 716 1409 Fecit
744 1353 1038 1424 potentiam
1057 1350 1110 1405 in
1139 1348 1361 1404 brachio
1388 1360 1520 1402 suo:
1546 1341 1807 1413 dispersit

213 1450 479 1520 superbos
532 1457 713 1504 mente
752 1446 934 1503 cordis
978 1445 1081 1500 sui.
1137 1443 1392 1513 Deposuit
1449 1447 1698 1511 potentes
1740 1438 1808 1494 de

214 1543 370 1606 sede,
389 1549 444 1596 et
462 1540 722 1596 exaltavit
741 1539 996 1594 humiles.
1024 1536 1338 1593 Esurientes
1362 1533 1609 1602 implevit
1630 1531 1807 1598 bonis,

214 1643 274 1689 et
297 1634 492 1689 divites
536 1631 742 1686 dimisit
788 1631 1000 1685 inanes.
1056 1628 1306 1697 Suscepit
1364 1625 1534 1680 lsrael
1582 1637 1810 1693 puerum

213 1737 394 1790 suum,
419 1723 705 1779 memorari
737 1720 1126 1777 misericordiae
1151 1734 1286 1774 suae.
1319 1719 1471 1773 Sicut
1501 1718 1711 1772 locutus
1730 1722 1812 1770 est

1905 501 2201 557 fortabatur
2231 500 2428 569 Spiritu
2458 519 2469 552 :
2495 509 2547 554 et
2579 508 2694 554 erat
2721 500 2774 554 in
2801 499 3029 555 desertis
3054 511 3223 568 usque
3253 495 3309 552 in
3338 495 3483 552 diem

1905 595 2228 652 ostensionis
2255 608 2367 648 sua:
2394 593 2462 648 ad
2491 593 2674 648 lsrael.

2526 749 2750 806 CAPUT
2790 748 2858 804 ν.

2143 844 2223 899 De
2246 845 2590 917 generatione,
2636 846 2713 900 vel
2739 843 3006 898 nativitate
3036 840 3248 899 Christi.

1977 996 2193 1051 Mnru.
2228 1011 2264 1063 ι,
2310 996 2466 1051 l-l6.
2506 993 2667 1049 Liber
2713 995 3070 1065 generationis
3117 993 3243 1049 Jesu
3286 992 3487 1049 Christi

1907 1087 2003 1143 ﬁlii
2053 1088 2243 1156 David,
2299 1087 2393 1140 ﬁlii
2440 1086 2734 1141 Abraham.
2772 1088 3042 1142 Abraham
3094 1086 3274 1157 genuit
3321 1086 3490 1152 lsaac,

1907 1178 2054 1233 Isaac
2098 1187 2276 1232 autem
2320 1179 2504 1247 genuit
2544 1177 2733 1233 Jacob.
2763 1179 2931 1234 Jacob
2972 1187 3147 1232 autem
3197 1178 3382 1248 genuit
3401 1176 3496 1232 Ju-

1911 1273 2059 1339 dam,
2091 1286 2147 1330 et
2183 1275 2380 1328 fratres
2417 1274 2552 1343 ejus.
2577 1274 2743 1329 Judas
2788 1283 2965 1328 autem
2998 1276 3180 1345 genuit
3212 1275 3411 1330 Phares
3441 1280 3497 1328 et

1909 1365 2104 1422 Zaram
2156 1367 2224 1423 de
2265 1369 2521 1424 Thamar.
2575 1369 2778 1423 Phares
2820 1377 3002 1423 autem
3053 1370 3235 1439 genuit
3278 1371 3492 1426 Esrom.

1911 1457 2103 1512 Esrom
2156 1468 2333 1514 autem
2389 1460 2572 1530 genuit
2623 1459 2810 1514 Aram.
2865 1461 3028 1512 Aram
3079 1467 3254 1514 autem
3311 1459 3497 1529 genuit

1911 1551 2238 1607 Aminadah.
2281 1552 2583 1607 Aminadab
2621 1560 2799 1605 autem
2828 1550 3010 1622 genuit
3038 1549 3300 1606 Naasson.
3332 1551 3500 1605 Naas—

1913 1657 2011 1698 son
2070 1653 2246 1697 autem
2297 1645 2481 1714 genuit
2525 1645 2766 1698 Salmon.
2813 1643 3034 1699 Salmon
3088 1653 3266 1698 autem
3318 1642 3503 1711 genuit

1917 1733 2060 1788 Booz
2083 1735 2150 1789 de
2182 1735 2391 1789 Bahah.
2431 1736 2574 1789 Booz
2600 1746 2776 1790 autem
2817 1737 3000 1805 genuit
3035 1734 3184 1790 Obed
3224 1749 3290 1790 ex
3334 1734 3500 1788 Ruth.

213 1816 284 1872 ad
308 1827 486 1887 Patres
509 1823 745 1883 ηοειτοεν
772 1815 1045 1869 Abraham
1077 1822 1130 1868 ei
1150 1812 1344 1868 semini
1367 1810 1484 1880 eius
1509 1809 1563 1862 in
1593 1806 1810 1898 εεβυίδο
1842 1800 1892 1862 Β
1919 1825 2069 1880 Obed
2099 1833 2277 1880 autem
2307 1826 2490 1895 genuit
2518 1826 2691 1881 Jesse.
2720 1800 2874 1883 Jesse
2904 1837 3080 1884 autem
3110 1829 3295 1898 genuit
3332 1827 3502 1882 David

212 1905 416 1961 Mansit
440 1913 617 1960 autem
649 1903 812 1960 Maria
843 1919 966 1959 cum
993 1903 1084 1957 illa
1111 1901 1268 1972 quasi
1296 1898 1572 1958 mensibus
1596 1897 1764 1955 tribus
1789 1911 1806 1964 ;

211 2005 274 2052 et
298 2011 516 2056 reversa
535 2006 618 2054 est
644 1996 700 2053 in
726 1997 949 2053 domum
991 2009 1170 2051 suam.

839 2188 1066 2247 CAPUT
1104 2187 1194 2243 lV.

548 2282 643 2371 ⁸Ιὶι
663 2283 925 2339 nativitate
951 2281 1170 2336 Joannis
1197 2278 1467 2348 Baptism.

293 2459 429 2516 Luc.
460 2473 498 2527 ι,
531 2457 717 2514 57-80.
761 2457 1033 2514 Elisabetli
1059 2463 1237 2512 autem
1267 2454 1546 2526 impletum
1571 2460 1657 2508 est
1679 2461 1813 2508 tem-

218 2567 326 2622 pus
365 2553 630 2622 pariendi,
663 2559 720 2606 et
760 2551 970 2621 peperit
997 2550 1185 2605 ﬁlium.
1228 2550 1293 2604 Et
1332 2548 1616 2602 audierunt
1652 2547 1814 2601 vicini

218 2651 276 2698 et
320 2643 534 2712 cognati
572 2642 711 2711 ejus,
744 2641 868 2708 quia
913 2639 1274 2710 magniﬁcavit
1303 2639 1564 2692 Dominus
1606 2636 1816 2690 miseri-

219 2735 462 2790 cordiam
485 2750 636 2789 suam
661 2749 780 2787 cum
801 2733 916 2797 illa,
941 2732 1520 2803 etcongratulabantur
1547 2732 1616 2784 ei.
1647 2731 1714 2784 Et
1736 2729 1813 2782 l'a-

219 2834 371 2883 ctum
396 2836 478 2882 est
505 2827 558 2880 in
589 2826 679 2880 die
718 2833 932 2890 octavo,
964 2835 1230 2881 venerunt
1269 2823 1655 2878 circumcidere
1684 2837 1814 2889 pue«

220 2931 378 2981 rum;
427 2926 483 2972 et
522 2918 784 2971 vocabant
834 2932 956 2972 eum
991 2917 1210 2972 nomine
1257 2915 1423 2984 patris
1457 2915 1560 2978 sui,
1610 2913 1818 2967 Zacha-

221 3008 382 3064 riam.
413 3009 482 3063 Et
506 3009 838 3078 respondens
869 3017 1039 3064 mater
1073 3010 1213 3076 ejus,
1239 3009 1375 3061 dixit
1399 3025 1414 3062 :
1441 3009 1811 3076 Nequaquam,

223 3098 318 3154 sed
351 3099 632 3153 vocabitur
674 3098 929 3153 Joannes.
975 3099 1042 3153 Et
1085 3100 1338 3154 dixerunt
1366 3099 1431 3151 ad
1473 3099 1616 3152 illam
1644 3116 1656 3149 :
1682 3097 1814 3163 Quia

1914 1930 2121 1986 regem.
2168 1917 2334 1970 David
2365 1927 2542 1972 autem
2587 1935 2680 1974 rex
2713 1922 2897 1991 genuit
2935 1921 3280 1977 Salomonem
3329 1937 3396 1978 ex
3433 1935 3501 1977 ea

1914 2022 2034 2077 quae
2057 2006 2154 2062 fuit
2174 2006 2336 2062 Urize.
2367 2008 2622 2063 Salomon
2669 2021 2846 2064 autem
2886 2013 3068 2082 genuit
3097 2013 3360 2068 Roboam.
3390 2011 3499 2067 Ro-

1913 2098 2071 2154 boam
2100 2109 2277 2154 autem
2309 2101 2492 2169 genuit
2517 2101 2548 2134 “
2578 2101 2733 2155 Ahia.
2780 2103 2916 2158 Abia
2941 2113 3120 2159 autem
3161 2103 3342 2172 genuit
3371 2103 3500 2157 Asa.

1914 2191 2023 2246 Asa
2048 2201 2224 2246 autem
2254 2193 2440 2259 genuit
2477 2193 2759 2262 Josaphat.
2798 2193 3062 2262 Josaphat
3101 2201 3279 2247 autem
3319 2192 3505 2260 genuit

1915 2282 2121 2338 Joram.
2155 2283 2336 2338 Joram
2367 2293 2544 2336 autem
2577 2286 2759 2353 genuit
2789 2285 2991 2339 Oziam.
3021 2284 3178 2340 Ozias
3209 2292 3388 2339 autem
3415 2297 3502 2352 ge-

1915 2372 2030 2426 nuit
2049 2372 2314 2426 Joatham.
2353 2373 2599 2428 Joatham
2648 2383 2828 2428 autem
2869 2377 3053 2444 genuit
3084 2375 3285 2430 Achaz.
3317 2373 3500 2428 Achaz

1917 2472 2094 2517 autem
2123 2463 2310 2533 genuit
2361 2463 2722 2519 llietecliiam.
2759 2464 3074 2518 Il;ezechias
3099 2473 3277 2518 autem
3319 2462 3503 2533 genuit

1918 2553 2217 2608 Manassen.
2247 2553 2518 2609 Manasses
2553 2564 2729 2609 autem
2758 2555 2942 2624 genuit
2971 2557 3170 2610 Amon.
3201 2558 3373 2609 Amon
3405 2569 3501 2609 au—

1919 2651 2026 2699 tem
2054 2647 2236 2714 genuit
2267 2644 2488 2698 Josiam.
2530 2644 2704 2699 Josias
2745 2654 2922 2699 autem
2961 2647 3144 2715 genuit
3182 2644 3500 2700 Jechoniam

1926 2747 1980 2790 et
2008 2739 2207 2791 fratres
2230 2737 2367 2806 ejus,
2395 2737 2446 2790 in
2473 2738 2940 2805 trausmigratione
2963 2738 3269 2809 Babylonis.
3296 2739 3361 2792 Et
3385 2745 3506 2805 post

1921 2829 2445 2897 transmigratiouem
2477 2829 2784 2900 Babylonis,
2812 2831 3102 2886 Jechonias
3127 2835 3307 2901 genuit
3352 2832 3504 2888 Sala—

1922 2920 2072 2974 thicl.
2114 2921 2373 2976 Salathiel
2421 2933 2598 2975 autem
2632 2923 2816 2991 genuit
2844 2922 3163 2977 Zorobabel.
3207 2922 3506 2978 Zorobabel

1922 3021 2097 3064 autem
2133 3013 2317 3079 genuit
2347 3012 2541 3065 Abiud.
2571 3013 2743 3066 Abiud
2775 3024 2952 3067 autem
2999 3014 3182 3082 genuit
3217 3013 3503 3068 Eliachim.

1926 3103 2187 3156 Eliachim
2214 3114 2389 3156 autem
2414 3105 2596 3172 genuit
2627 3106 2784 3158 Azor.
2818 3106 2960 3158 Amr
2984 3115 3160 3159 autem
3187 3105 3370 3174 genuit
3403 3105 3502 3159 Sa-

225 3204 390 3245 nemo
414 3202 498 3243 est
520 3189 573 3243 in
608 3190 934 3259 cognatione
965 3198 1050 3242 tua
1082 3189 1171 3258 qui
1202 3198 1420 3243 vocetur
1453 3189 1554 3242 hoc
1577 3189 1813 3242 nomine.
1847 3171 1892 3232 C
1922 3190 2083 3243 docli.
2130 3191 2340 3244 Sadoch
2386 3171 2566 3244 autem
2603 3194 2784 3259 genuit
2824 3193 3035 3246 Achim.
3085 3171 3276 3246 Achim
3325 3201 3503 3246 autem

225 3280 722 3338 lnnuebantautem
749 3282 887 3350 patri
910 3281 1048 3350 ejus,
1080 3296 1239 3350 quem
1270 3282 1424 3336 vellet
1459 3281 1635 3334 vocari
1661 3297 1816 3345 eum;

225 3381 280 3427 et
305 3373 588 3442 postulans
617 3371 936 3440 pugillarem
983 3373 1198 3440 scripsit
1221 3371 1404 3426 dicens
1433 3391 1446 3424 :
1477 3371 1710 3425 Joannes
1740 3381 1822 3425 est

229 3479 429 3520 nomen
452 3465 591 3535 ejus.
622 3465 686 3518 Et
709 3465 886 3518 mirati
913 3472 1038 3518 sunt
1058 3464 1312 3518 universi.
1339 3465 1595 3531 Apertum
1619 3472 1703 3517 est
1729 3477 1821 3516 au-

229 3565 339 3613 tem
371 3558 516 3612 illico
545 3573 607 3611 os
628 3558 765 3626 ejus,
796 3567 850 3612 et
886 3558 1062 3625 lingua
1096 3556 1246 3624 ejus;
1281 3565 1335 3611 et
1369 3555 1706 3626 loquebatur,
1734 3556 1825 3609 be-

231 3649 491 3704 nedicens
539 3649 727 3703 Deum.
771 3649 837 3702 Et
867 3648 1036 3703 factus
1089 3656 1172 3702 est
1219 3648 1375 3701 timor
1424 3663 1585 3714 super
1624 3647 1826 3701 vicinos

229 3755 458 3806 eorum;
485 3749 540 3796 et
565 3757 725 3809 super
750 3743 932 3795 omnia
969 3750 1217 3795 montana
1249 3741 1450 3796 Judmae
1480 3741 1827 3811 divulgaban-

231 3839 321 3887 tur
351 3833 529 3886 omnia
567 3833 732 3887 verba
769 3833 904 3887 haec.
953 3834 1015 3887 Et
1057 3843 1350 3901 posuerunt
1389 3849 1575 3888 omnes
1605 3837 1691 3903 qui
1725 3849 1825 3887 au-

232 3923 473 3988 dierunt,
515 3925 568 3978 in
615 3925 780 3979 corde
820 3940 940 3992 suo,
985 3924 1440 3992 dicenteszQuis,
1488 3935 1662 3993 putas,
1697 3941 1828 3994 puer

235 4015 339 4071 iste
369 4017 510 4070 erit?
544 4017 751 4071 Etenim
800 4032 989 4071 manus
1033 4019 1243 4071 Domini
1287 4029 1401 4070 erat
1450 4033 1570 4070 cum
1615 4018 1727 4070 illo.
1762 4018 1828 4071 Et

234 4107 532 4162 Zacharias
565 4119 714 4178 pater
742 4108 859 4178 ejus
896 4110 1146 4178 impletus
1182 4118 1265 4164 est
1295 4109 1494 4177 Spiritu
1528 4117 1738 4174 sancto,
1772 4117 1828 4163 et

234 4200 600 4269 prOphetavit,
624 4200 808 4254 dicens
828 4218 840 4252 :
859 4200 1180 4255 Benedictus
1203 4200 1458 4253 Dominus
1474 4201 1614 4253 Deus
1639 4199 1828 4264 lsrael,

237 4294 366 4362 quia
397 4291 653 4357 visitavit,
685 4300 740 4346 et
779 4291 906 4346 fecit
946 4292 1367 4359 redemptionem
1403 4291 1574 4359 plebis
1603 4305 1735 4343 suae.
1767 4290 1834 4344 Et

239 4383 413 4438 erexit
443 4397 607 4437 cornu
637 4382 825 4437 salutis
864 4384 1044 4448 nobis,
1081 4384 1133 4436 in
1163 4384 1322 4436 domo
1354 4382 1514 4434 David
1549 4382 1696 4447 pueri
1725 4383 1829 4434 sui.

239 4472 398 4528 Sicut
439 4473 650 4526 locutus
701 4481 783 4525 est
831 4487 928 4540 per
972 4485 1033 4524 os
1081 4479 1390 4524 sanctorum
1431 4470 1522 4537 qui
1569 4483 1598 4520 a
1640 4471 1834 4523 saeculo

1924 3282 2111 3351 genuit
2154 3281 2332 3334 Eliud.
2380 3281 2538 3334 Eliud
2569 3293 2746 3334 autem
2789 3283 2974 3348 genuit
3010 3271 3510 3336 EleazarJEleazar

1925 3383 2103 3428 autem
2135 3373 2320 3442 genuit
2362 3372 2594 3426 Mathan.
2647 3372 2858 3425 Mathan
2887 3385 3063 3426 autem
3109 3375 3291 3440 genuit
3317 3373 3508 3428 Jacob.

1926 3465 2091 3521 Jacob
2140 3475 2316 3518 autem
2356 3465 2539 3533 genuit
2582 3462 2783 3531 Joseph
2830 3466 3000 3517 virum
3041 3464 3243 3530 Mariai,
3291 3465 3358 3520 de
3405 3479 3512 3535 qua

1928 3570 2084 3613 natus
2124 3567 2206 3613 est
2235 3557 2414 3620 Jesus,
2468 3557 2557 3625 qui
2605 3568 2826 3611 vocatur
2877 3555 3146 3612 Christus.
3170 3586 3241 3598 ——-
3265 3558 3392 3613 Luc.
3429 3573 3508 3627 tu,

1929 3654 2116 3712 54-58.
2160 3653 2429 3708 Abraham
2482 3664 2660 3706 autem
2706 3651 2805 3705 fuit
2845 3652 2984 3705 [ilius
3031 3651 3226 3706 Thare.
3268 3651 3370 3717 Qui
3411 3651 3512 3705 fuit

1932 3748 2165 3804 Nachor.
2204 3748 2301 3811 Qui
2343 3745 2437 3798 fuit
2485 3744 2714 3799 Seruch.
2765 3747 2865 3809 Qui
2895 3742 2996 3797 fuit
3038 3745 3240 3812 Ragau.
3277 3742 3377 3810 Qui
3413 3741 3513 3797 fuit

1931 3841 2143 3895 Phales.
2177 3839 2273 3902 Qui
2304 3838 2401 3891 fuit
2430 3837 2625 3892 Heber.
2678 3837 2778 3904 Qui
2815 3835 2914 3889 fuit
2943 3835 3090 3891 Sale.
3119 3834 3219 3901 Qui
3252 3836 3348 3888 fuit
3385 3833 3512 3888 Cai-

1931 3948 2056 3987 nan.
2087 3931 2185 3998 Qui
2212 3931 2307 3983 fuit
2339 3931 2636 3996 Arphaxat.
2666 3928 2765 3995 Qui
2801 3927 2898 3980 fuit
2942 3928 3088 3982 Sem.
3127 3926 3228 3994 Qui
3258 3927 3355 3980 fuit
3378 3924 3512 3980 Noe.

1931 4023 2033 4089 Qui
2059 4022 2153 4074 fuit
2180 4021 2433 4074 Lameclt.
2458 4023 2558 4084 Qui
2591 4020 2686 4072 fuit
2710 4019 3023 4073 Malhusale.
3055 4019 3155 4084 Qut
3186 4017 3279 4070 fuit
3308 4017 3538 4073 Enoclt..

1933 4115 2033 4180 Qui
2071 4113 2169 4166 luit
2195 4111 2404 4164 Jaretlt.
2438 4111 2536 4176 Qui
2584 4110 2680 4163 {uit
2731 4109 3031 4163 Maleleltel.
3076 4108 3177 4175 Qui
3224 4108 3322 4161 fuit
3353 4109 3515 4163 Enos.

1933 4208 2032 4273 Qui
2059 4204 2157 4258 fuit
2191 4203 2343 4259 Seth.
2374 4205 2474 4269 Qui
2499 4202 2598 4254 fuit
2627 4201 2815 4254 Adam.
2842 4201 2943 4264 Qui
2969 4201 3059 4251 luit
3089 4198 3518 4252 Dei.—Mu‘rn.

1935 4312 1973 4362 ι,
2008 4295 2191 4350 17-25.
2222 4296 2424 4347 Omnes
2459 4307 2587 4358 ergo
2618 4292 2997 4359 generationes
3024 4288 3090 4339 ab
3116 4288 3388 4339 Abraham
3431 4301 3522 4338 us-

1934 4401 2039 4453 que
2064 4385 2130 4437 ad
2167 4384 2353 4446 David,
2394 4384 2768 4449 generationes
2797 4375 3224 4446 quatuordecim.
3269 4378 3331 4428 Et
3359 4391 3388 4428 a
3418 4375 3522 4428 Da-

1935 4475 2026 4527 vid
2066 4488 2233 4538 υειιυθ
2264 4473 2330 4523 ad
2382 4469 2905 4538 trausmigratiouem
2953 4462 3262 4536 BabyIOnis,
3292 4479 3520 4536 genera-

236 4572 392 4630 sunt,
439 4561 820 4631 prophetarum
861 4563 1018 4628 ejus:
1049 4560 1290 4614 Salutem
1338 4574 1402 4614 ex
1453 4559 1685 4614 inimicis
1712 4575 1836 4627 ,no-
1861 4556 1914 4617 Ι)
1941 4566 2116 4621 tiones
2157 4561 2583 4633 quatuortlecim.
2620 4562 2686 4616 Et
2715 4577 2744 4615 a
2791 4560 3262 4630 transmigratione
3295 4561 3522 4633 Babylo-

239 4652 396 4717 stris,
439 4650 588 4705 etde
627 4664 790 4703 manu
831 4650 1070 4704 omnium
1100 4652 1188 4720 qui
1215 4649 1448 4704 oderunt
1478 4663 1575 4704 nos
1599 4667 1613 4702 :
1637 4651 1718 4704 Ad
1762 4651 1838 4704 la-

242 4744 492 4801 ciendam
524 4740 952 4795 misericordiam
975 4757 1095 4796 cum
1127 4742 1368 4810 patrihus
1391 4745 1612 4805 nostris,
1643 4751 1696 4797 et
1727 4757 1839 4798 me-

246 4833 451 4892 morari
490 4834 803 4887 testamenti
832 4833 916 4886 sui
948 4835 1140 4888 sancti.
1174 4833 1559 4903 Jusjurandum
1584 4835 1726 4902 quod
1754 4833 1842 4902 ju-

246 4927 386 4983 ravit
412 4925 478 4979 ad
521 4924 794 4979 Abraham
827 4936 1034 4994 patrem
1080 4933 1346 4990 nostrum,
1381 4925 1628 4978 daturum
1659 4939 1718 4978 se
1746 4940 1843 4978 no-

208 5071 214 5079 .
248 5019 368 5077 bis:
395 5020 465 5077 Ut
497 5022 614 5076 sine
647 5021 836 5074 timore
860 5022 926 5074 de
959 5035 1119 5073 mantt
1162 5019 1499 5073 inimicorum
1533 5029 1838 5073 nostrorum

250 5111 480 5180 liberati,
511 5111 806 5165 serviamus
835 5109 910 5163 illi
943 5113 996 5162 in
1027 5107 1316 5162 sanctitate
1345 5117 1399 5161 et
1423 5108 1626 5175 justitia
1655 5121 1835 5162 coram

251 5206 390 5275 ipso,
428 5205 678 5260 omnibus
714 5204 900 5258 diebus
931 5202 1151 5257 nostris.
1187 5200 1255 5254 Et
1300 5209 1354 5254 tu
1382 5216 1534 5268 puer,
1570 5201 1838 5269 Propheta

253 5296 514 5351 Altissimi
552 5295 833 5350 vocaberis
860 5311 873 5350 :
899 5293 1113 5364 preibis
1153 5292 1296 5346 enim
1333 5301 1458 5345 ante
1503 5290 1692 5344 faciem
1733 5291 1838 5344 Do-

255 5391 406 5458 mini,
441 5403 630 5457 parare
658 5388 772 5442 vias
813 5387 966 5455 ejus:
993 5386 1073 5441 Ad
1112 5384 1340 5439 dandam
1383 5383 1659 5437 scientiam
1690 5385 1836 5435 salu-

256 5479 324 5533 tis
355 5479 496 5548 plebi
539 5477 677 5548 ejus,
727 5477 780 5530 in
817 5477 1190 5531 remissionem
1241 5483 1581 5543 peccatorum
1615 5487 1840 5526 eorum:

259 5569 358 5626 Per
384 5570 591 5626 viscera
624 5568 1008 5624 misericordiae
1039 5567 1134 5623 Dei
1165 5567 1358 5633 nostri,
1395 5564 1448 5618 in
1482 5564 1676 5635 quibus
1715 5564 1844 5618 visi-

262 5664 390 5718 tavit
415 5679 511 5718 nos
533 5661 726 5717 Oriens
755 5678 818 5716 ex
847 5663 954 5716 alto
981 5679 994 5713 :
1024 5660 1334 5717 llluminare
1375 5659 1457 5713 bis
1487 5660 1574 5728 qui
1604 5657 1658 5710 in
1687 5665 1841 5711 tene-

263 5753 372 5812 bris
396 5755 530 5813 etin
561 5754 748 5812 umbra
771 5754 958 5812 mortis
979 5755 1172 5812 sedent
1190 5794 1208 5822 ,
1241 5753 1310 5809 ad
1335 5750 1648 5824 dirigendae
1673 5749 1837 5821 pedes

1945 4657 2028 4713 nis
2060 4669 2226 4725 usque
2265 4653 2330 4707 ad
2361 4652 2658 4718 Christum,
2689 4652 3066 4723 generationes
3092 4653 3518 4720 quatuordecim.

1944 4749 2142 4805 Christi
2177 4753 2356 4801 autem
2386 4745 2663 4814 generatio
2685 4745 2762 4798 sic
2791 4753 2906 4799 erat
2929 4761 2943 4797 :
2967 4745 3097 4799 Cum
3121 4756 3264 4801 esset
3290 4747 3522 4816 despon-

1943 4851 2059 4894 sata
2105 4848 2275 4893 mater
2322 4838 2437 4905 ejus
2484 4837 2642 4890 Maria
2675 4836 2893 4904 JOseph,
2941 4847 3228 4905 antequam
3271 4838 3525 4895 conveni-

1945 4940 2088 4994 rent,
2120 4931 2333 4984 inventa
2371 4937 2451 4982 est
2486 4929 2537 4980 in
2579 4939 2732 4981 utero
2763 4927 2963 4981 habens
2989 4929 3056 4981 de
3082 4928 3281 4996 Spiritu
3313 4939 3521 4982 sancto.

1945 5022 2144 5091 Joseph
2187 5031 2362 5075 autem
2404 5022 2486 5073 vir
2515 5019 2632 5088 ejus
2670 5034 2790 5073 cum
2840 5029 2981 5073 esset
3020 5018 3218 5088 justus,
3269 5029 3323 5074 et
3358 5019 3522 5074 nollet

1945 5130 2064 5170 eam
2111 5113 2407 5177 traducere,
2440 5113 2614 5165 voluit
2657 5109 2867 5166 occulte
2901 5111 3170 5166 dimittere
3206 5125 3346 5166 eam.
3398 5111 3524 5164 llaec

1941 5215 2119 5261 autem
2164 5220 2228 5259 eo
2255 5203 2540 5273 cogitante,
2577 5217 2702 5256 ecce
2733 5203 2951 5270 angelus
2989 5201 3195 5254 Domini
3237 5200 3288 5254 in
3320 5199 3524 5253 somnis

1941 5297 2193 5367 apparuit
2247 5296 2295 5350 ei
2326 5296 2554 5349 dicens:
2587 5293 2782 5362 Joseph
2836 5293 2908 5346 ﬁli
2957 5292 3144 5356 David,
3195 5291 3301 5345 noli
3336 5291 3524 5347 timere

1941 5387 2187 5455 accipere
2221 5385 2439 5438 Mariam
2488 5385 2769 5452 Cunjttgeltt
2799 5391 2984 5447 tuam;
3028 5380 3169 5448 quod
3196 5382 3336 5436 enim
3367 5383 3419 5436 in
3463 5398 3525 5438 ca

1947 5488 2275 5545 natum-est,
2307 5481 2375 5532 de
2419 5478 2617 5547 Spiritu
2664 5485 2850 5530 sancto
2895 5484 2998 5529 est.
3044 5475 3221 5529 Pariet
3249 5486 3426 5532 autem
3472 5479 3526 5532 ﬁ-

1947 5571 2098 5637 lium,
2131 5580 2187 5627 et
2216 5571 2431 5626 vocabis
2478 5585 2670 5624 nomen
2707 5568 2822 5636 ejus
2863 5567 3067 5622 Jesum.
3101 5567 3216 5636 lpse
3238 5569 3381 5624 enim
3421 5571 3524 5625 sal-

1945 5680 2073 5720 vum
2102 5664 2259 5719 faciet
2281 5665 2530 5734 populum
2562 5678 2717 5718 suum
2741 5677 2768 5714 a
2801 5671 3032 5728 peceatts
3057 5678 3262 5717 eorum.
3289 5662 3400 5720 Hoc
3429 5680 3528 5718 au-

1947 5763 2056 5813 tem
2087 5764 2258 5813 totum
2291 5757 2486 5812 factum
2513 5764 2616 5822 out,
2649 5762 2708 5810 ut
2735 5751 3118 5824 adimpleretur
3145 5755 3288 5827 quod
3325 5755 3529 5812 dictum
