4038 6356
542 419 637 468 est
688 424 719 467 a
768 400 995 468 Domino
1047 424 1142 483 per
1198 410 1546 482 prOphetam,
1604 409 1874 466 dicentem
1925 426 1938 463 :

543 506 699 577 virgo
722 506 778 560 in
802 515 959 561 utero
988 506 1225 569 habebit,
1254 505 1320 575 fet
1344 504 1517 574 pariet
1540 504 1740 570 lilium;
1771 511 1826 559 et
1865 503 2130 559 vocabunt

550 614 745 655 nomen
771 599 892 669 ejus
914 598 1251 665 Emmanuel,
1284 598 1424 667 quod
1448 604 1529 652 est
1558 596 1966 667 interpretatum
1982 637 1997 661 ,
2021 595 2131 651 Νοο

550 692 754 748 hiscum
785 691 927 746 Deus
949 689 1083 761 (lsa.
1118 706 1214 755 vn,
1248 687 1357 759 14).
1392 689 1705 760 Exsurgens
1725 698 1903 745 autem
1930 689 2130 758 Joseph

547 798 580 839 a
610 799 820 852 somno,
856 784 982 853 fecit
1010 784 1147 841 sicut
1176 781 1429 852 praecepit
1468 783 1517 836 ei
1547 783 1767 854 angelus
1810 783 2044 849 Domini,
2076 790 2130 839 et

547 877 754 946 accepit
780 855 1061 944 c’onjugem
1112 888 1283 927 suam.
1336 873 1402 928 Et
1441 888 1547 929 non
1591 872 1953 944 cognoscebat
1981 888 2123 942 eam,

546 967 720 1031 donec
747 966 948 1037 peperit
980 964 1149 1021 ﬁlium
1197 978 1355 1022 suum
1387 964 1837 1035 primogenitum;
1866 974 1924 1020 et
1967 979 2129 1025 voca-

553 1059 629 1119 vit
667 1072 866 1121 nomen
914 1057 1031 1128 ejus
1058 1056 1260 1113 Jesum.
1290 1087 1359 1097 ——
1382 1056 1511 1113 Luc.
1543 1073 1602 1126 ιι,
1639 1058 1754 1114 1ο7.
1797 1059 2016 1116 Factum
2046 1067 2129 1121 est

544 1161 725 1217 autem
752 1151 807 1207 in
837 1150 946 1206 illis
974 1150 1183 1216 diebus,
1213 1150 1350 1209 exiit
1376 1150 1608 1206 edictum
1642 1164 1675 1206 a
1702 1151 1915 1208 Caesare
1942 1155 2125 1221 Augu-

542 1256 653 1313 sto,
684 1253 741 1301 ut
781 1242 1179 1301 describeretur
1224 1244 1508 1300 universus
1551 1243 1717 1299 orbis.
1749 1243 1875 1305 Haec
1923 1244 2129 1305 deseris

543 1336 656 1415 ptio
702 1335 874 1411 prima
918 1334 1060 1397 iacta
1103 1342 1186 1391 est
1229 1349 1261 1389 a
1304 1335 1531 1405 praiside
1577 1334 1750 1406 Syriae
1796 1334 2020 1407 Cyrino.
2058 1337 2128 1401 Et

542 1426 695 1491 ibant
720 1440 928 1493 omnes,
975 1435 1032 1483 ut
1061 1425 1448 1496 proﬁterentur
1486 1428 1702 1499 singuli,
1736 1430 1789 1487 in
1816 1444 1969 1489 suam
2001 1431 2126 1488 civi-

540 1527 729 1587 tatem.
755 1517 1016 1575 Ascendit
1051 1526 1231 1574 autem
1260 1528 1315 1574 et
1340 1518 1539 1590 Joseph
1578 1534 1608 1575 a
1638 1520 1862 1577 Galilaea
1891 1521 1959 1579 de
1998 1523 2124 1579 civi.

542 1619 655 1671 tate
688 1610 976 1677 Nazareth,
1008 1611 1066 1673 in
1109 1610 1350 1671 Judaeam
1396 1613 1452 1669 in
1491 1614 1764 1670 civitatem
1795 1616 1964 1675 David
2008 1632 2127 1687 qum

543 1712 763 1773 vocatur
793 1704 1066 1767 Bethleem
1088 1744 1106 1772 ,
1137 1719 1203 1761 eo
1241 1705 1383 1775 quod
1414 1714 1559 1761 esset
1588 1706 1656 1762 de
1683 1706 1845 1767 domo
1880 1716 1935 1765 et
1966 1707 2123 1767 fami.

1697 286 2008 346 VICTORIS
2045 286 2356 346 EPISCOPI
2392 288 2689 350 CAPUANI

1989 408 2128 464 Ecce
2158 408 2213 471 Α
2234 408 2316 479 ϐ),
2351 411 2585 466 tulerunt
2611 412 2759 469 illum
2788 414 2841 469 in
2872 414 3167 476 Jerusalem
3196 428 3255 479 ut
3283 410 3537 483 sisterent
3560 440 3686 485 eum
3719 428 3826 488 Do.

3714 296 3835 371 ‘260

2236 501 2404 570 mino,
2432 504 2572 558 sicut
2592 507 2852 577 scriptum
2880 519 2962 567 est
2989 512 3043 568 in
3073 515 3190 586 lege
3216 516 3427 575 Domini
3458 537 3474 576 :
3502 521 3639 591 Quia
3665 540 3832 585 omne

2231 593 2592 648 masculinum
2644 596 2962 667 adaperiens
3011 604 3252 676 vulvam,
3304 622 3549 668 sanctum
3596 615 3831 677 Domino

2230 682 2509 738 vocabitur
2537 684 2732 755 (Exod.
2761 704 2873 757 xm,
2908 692 3003 764 2);
3036 704 3090 751 et
3138 705 3198 751 ut
3225 698 3415 757 darent
3442 703 3701 777 hostiam,
3743 724 3831 767 se-

2228 775 2466 831 cundum
2494 779 2635 848 quod
2668 779 2867 838 dictum
2908 794 2989 842 est
3014 786 3067 843 in
3096 789 3214 863 iege
3254 792 3488 865 Domini,
3522 813 3621 871 par
3648 775 3829 862 turtu-

2230 879 2351 922 rum
2392 877 2483 923 aut
2507 869 2642 926 duos
2672 873 2849 942 pullos
2893 877 3265 939 columbarum
3310 884 3460 957 (Leu.
3488 869 3588 959 xit,
3637 892 3721 963 8).
3758 892 3827 952 Et

2228 973 2357 1015 ecce
2383 962 2544 1018 homo
2573 976 2690 1020 erat
2719 968 2772 1022 in
2798 969 3096 1029 Jerusalem
3126 975 3214 1031 cui
3243 992 3440 1037 nomen
3469 962 3695 1042 Simeon
3723 1004 3739 1040 :
3768 996 3824 1045 et

2228 1052 2394 1110 homo
2428 1056 2529 1112 iste
2567 1058 2743 1127 justus
2781 1069 2837 1119 et
2863 1065 3173 1138 timoratus,
3221 1081 3548 1142 exspectans
3576 1078 3827 1136 consola-

2230 1148 2431 1206 tionem
2460 1151 2652 1221 lsrael;
2686 1162 2742 1211 et
2763 1156 2998 1228 Spiritus
3031 1172 3252 1221 sanctus
3277 1175 3397 1222 erat
3433 1168 3487 1223 in
3519 1183 3607 1226 eo.
3635 1171 3706 1227 Et
3733 1188 3823 1230 re-

2233 1251 2491 1308 sponsum
2521 1254 2805 1314 acceperat
2825 1261 2855 1301 a
2884 1246 3088 1318 Spiritu
3115 1261 3324 1323 sancto,
3361 1270 3469 1313 non
3494 1258 3740 1317 visurum
3766 1277 3822 1321 se

2229 1341 2485 1401 mortem,
2520 1336 2623 1390 nisi
2654 1338 2805 1407 prius
2826 1340 3037 1399 videret
3054 1344 3330 1402 Christum
3370 1348 3602 1406 Domini.
3637 1352 3708 1407 Et
3736 1370 3825 1412 ve.

2228 1424 2309 1480 nit
2336 1425 2392 1480 in
2430 1427 2627 1497 spiritu
2669 1430 2726 1486 in
2756 1435 3038 1503 templum.
3087 1438 3302 1496 Etcum
3341 1441 3663 1501 inducerent
3694 1458 3830 1516 pue~

2228 1529 2348 1572 rum
2370 1516 2553 1573 Jesum
2580 1531 2832 1591 parentes
2852 1525 2991 1596 ejus,
3020 1535 3077 1584 ut
3105 1527 3347 1588 facerent
3369 1535 3671 1593 secundum
3692 1552 3825 1596 cono

2228 1611 2566 1669 suetudinem
2597 1615 2732 1685 legis
2759 1631 2857 1687 pro
2899 1633 2987 1686 eo,
3034 1628 3086 1676 et
3116 1622 3232 1692 ipse
3275 1628 3483 1697 accepit
3511 1643 3639 1686 eum
3665 1630 3722 1687 in
3752 1632 3828 1689 ub

2228 1716 2329 1759 nas
2360 1719 2506 1771 suas,
2537 1714 2594 1762 et
2621 1709 2897 1766 benedixit
2922 1712 3109 1781 Deum,
3136 1722 3189 1770 et
3213 1715 3349 1774 dixit
3375 1735 3389 1772 :
3417 1716 3572 1776 Nunc
3596 1721 3823 1779 dimittis

541 1797 614 1863 lia
642 1796 833 1864 David,
863 1806 922 1853 ut
951 1797 1289 1869 proﬁteretur
1319 1812 1441 1855 cum
1471 1798 1636 1855 Maria
1667 1798 1988 1870 desponsata
2020 1801 2123 1859 sibi
2155 1790 2205 1853 Β
2228 1809 2447 1853 servum
2480 1807 2649 1869 tuum,
2693 1801 2943 1871 Domine,
2980 1806 3276 1863 secundum
3306 1810 3530 1867 verbum
3562 1821 3737 1884 tuum,
3767 1816 3821 1871 in

545 1905 717 1953 uxore
739 1898 1069 1963 praegnante.
1104 1890 1323 1947 Factum
1350 1900 1436 1953 est
1474 1901 1652 1949 autem
1678 1908 1799 1949 cum
1822 1904 2005 1951 essent
2029 1896 2114 1963 ibi,

2230 1903 2396 1959 pace;
2441 1893 2563 1961 quia
2596 1893 2851 1950 viderunt
2877 1896 3022 1951 oculi
3073 1899 3179 1954 mei
3206 1900 3445 1959 salutare
3468 1908 3642 1973 tuum,
3680 1907 3820 1977 quod

542 1980 750 2052 impleti
776 1992 901 2041 sunt
929 1983 1045 2043 dies
1080 1989 1140 2039 ut
1167 1992 1397 2052 pareret.
1429 1984 1498 2039 Et
1528 1984 1735 2055 peperit
1763 1984 1927 2043 ﬁlium
1968 2001 2124 2046 suum
2230 1981 2585 2096 Paralsllame
2614 1982 2807 2088 Ῑθοίθῐξι
2839 1987 3080 2096 omni“:
3112 1991 3431 2096 Ρξδρυιοςιιξῐξ
3458 2009 3474 2049 ε
3504 1994 3716 2096 Μαι-ευ
3753 1995 3818 2096 ³-⁸

540 2072 978 2151 primogenitum,
1009 2082 1065 2130 et
1089 2076 1279 2145 pannis
1307 2089 1432 2135 eum
1472 2077 1718 2146 involvit,
1762 2087 1818 2134 et
1844 2078 2125 2137 reclinavit
2228 2074 2612 2190 :evelationem
2642 2076 2900 2181 gentium,
2936 2087 2992 2134 et
3030 2080 3253 2185 gloriam
3280 2082 3454 2153 plebis
3498 2094 3605 2190 tuae
3630 2087 3814 2190 israel.

540 2178 660 2190 Anum
690 2164 743 2190 ζ..
772 2165 1032 2190 unum-Ant-
1092 2166 1207 2190 ..πελ
1242 2182 1343 2190 ..Α-
1383 2177 1490 2190 -_-.
1520 2169 1551 2190 ι
1589 2168 1631 2190 ,ε
1660 2170 1803 2190 I--_-_
1846 2172 1890 2190 ε-
1949 2170 2092 2190 .ιτ----
2276 2174 2288 2190 ι
2321 2176 2427 2190 Α-ΑΙ
2462 2176 2612 2190 ..-ι-..
2657 2183 2766 2190 -__--
2802 2178 2849 2190 Α.
2889 2179 3060 2190 μ.-.μ-
3097 2186 3139 2190 η-
3192 2188 3217 2190 μ
3278 2184 3291 2190 -

538 2178 663 2229 eum
689 2164 747 2222 in
769 2165 1057 2239 praep“,
1087 2166 1213 2239 quia
1240 2182 1349 2235 non
1379 2177 1494 2233 om
1520 2169 1551 2205 ι
1584 2168 1637 2229 εί
1657 2170 1806 2229 locus
1843 2172 1898 2226 in
1940 2170 2123 2228 αίνθιι.
2225 2167 2293 2285 Et
2317 2176 2432 2285 εἰει
2462 2176 2612 2285 pater
2652 2170 2769 2285 eius
2796 2178 2854 2225 et
2889 2175 3565 2285 {tramitti-iragte‘ssuper
3589 2179 3675 2285 his
3702 2196 3815 2285 qua).

534 2259 700 2329 δοείρ,
2226 2259 2543 2357 dicebantur
2567 2261 2634 2316 de
2658 2261 2774 2329 illo,
2805 2270 2861 2318 et
2888 2262 3163 2357 benedixit
3190 2266 3301 2323 illis
3327 2268 3571 2357 Simon,
3603 2280 3663 2328 et
3686 2273 3815 2329 dixit

2226 2350 2295 2406 ad
2339 2351 2563 2407 Mariam
2612 2362 2838 2409 matrem
2879 2355 2994 2424 ejus
3025 2374 3037 2409 :
3070 2357 3209 2414 Ecce
3259 2354 3598 2430 positusest
3637 2363 3728 2420 hic
3766 2367 3814 2421 in

2226 2443 2438 2498 ruinam
2469 2453 2524 2499 et
2562 2446 3018 2503 resurrectionem
3050 2450 3341 2507 multorum
3373 2453 3429 2509 in
3465 2450 3654 2523 Israel,
3686 2466 3743 2513 et
3762 2459 3813 2516 in

2224 2534 2435 2603 signum
2465 2535 2552 2590 cui
2600 2536 3023 2595 contradicetur.
3065 2541 3137 2597 Et
3182 2550 3327 2599 tuam
3373 2546 3543 2616 ipsius
3579 2548 3810 2606 animam

1153 2374 1379 2432 CAPUT
1421 2376 1506 2432 Vl.

916 2488 1140 2561 Angelus
1164 2493 1404 2561 apparuit
1432 2493 1746 2564 pastoribus.

606 2619 742 2687 Lua,
773 2636 835 2688 ιι,
867 2622 1022 2683 7—20.
1064 2623 1133 2680 Et
1175 2634 1415 2694 pastores
1464 2637 1618 2685 erant
1660 2630 1716 2685 in
1761 2632 1983 2702 regione
2031 2647 2122 2687 ea-

537 2711 684 2783 dem,
715 2712 999 2785 vigilantes
1030 2724 1085 2770 et
1112 2717 1477 2775 custodientes
1507 2720 1717 2791 vigilias
1752 2724 1928 2779 noctis
1957 2737 2121 2794 super

535 2817 753 2874 gregem
792 2820 969 2865 suum.
998 2806 1068 2863 Et
1111 2822 1238 2865 ecce
1276 2810 1498 2879 angelus
1550 2812 1759 2868 Domini
1784 2816 1933 2873 stetit
1966 2816 2119 2887 juxta

537 2892 683 2959 illos,
713 2903 770 2952 et
790 2896 1007 2953 claritas
1030 2898 1125 2954 Dei
1156 2899 1512 2961 circumfulsit
1538 2903 1681 2969 illos,
1734 2914 1790 2960 et
1830 2906 2122 2963 timuerunt

539 2983 734 3045 timore
763 3000 977 3058 magno.
1008 2988 1077 3043 Et
1102 2988 1237 3051 dixit
1262 2991 1370 3047 illis
1395 2993 1657 3063 angelus:
1684 2994 1857 3052 Nolite
1889 2998 2077 3055 timere
2102 3016 2118 3054 :

538 3089 668 3137 ecce
705 3091 806 3147 ego
843 3079 1156 3150 evangelizo
1194 3082 1343 3140 vobis
1382 3085 1631 3155 gaudium
1672 3102 1943 3159 magnum,
1975 3092 2117 3162 quod

2225 2624 2571 2693 pertransihit
2595 2626 2823 2697 gladius,
2855 2639 2916 2684 ut
2953 2631 3264 2689 revelentur
3293 2649 3361 2691 ex
3397 2637 3583 2695 multis
3626 2641 3804 2697 cordi-

2224 2715 2324 2771 bus
2354 2717 2729 2787 cogitationes.
2758 2719 2827 2775 Et
2847 2729 2966 2777 erat
2982 2722 3138 2779 Anna
3161 2725 3504 2796 prophetissa
3531 2730 3644 2786 lilia
3674 2731 3811 2789 Pha-

2224 2809 2371 2873 nuel,
2402 2809 2469 2864 de
2501 2810 2641 2865 tribu
2668 2811 2826 2869 Aser.
2857 2812 2985 2869 Haec
3005 2828 3341 2885 processerat
3366 2819 3422 2875 in
3452 2822 3645 2880 diebus
3674 2825 3812 2882 mul-

2225 2899 2314 2967 tis,
2337 2908 2392 2955 et
2414 2886 2623 2957 vixerat
2645 2916 2769 2958 cum
2802 2905 2919 2960 viro
2951 2920 3051 2962 suo
3082 2910 3251 2973 annis
3295 2919 3504 2982 septem
3532 2930 3565 2972 a
3588 2916 3809 2989 virgini-

2222 2998 2333 3049 tate
2375 3007 2495 3048 sua.
2540 2992 2610 3048 Et
2651 2994 2769 3051 haec
2792 2997 2949 3053 vidua
2991 3013 3161 3071 usque
3203 3003 3273 3057 ad
3322 3017 3493 3064 annos
3531 3011 3810 3081 octoginta

2222 3090 2476 3150 quatuor,
2506 3096 2630 3153 quae
2658 3099 2767 3142 non
2809 3087 3122 3145 discedebat
3161 3091 3229 3148 de
3259 3095 3477 3166 templo,
3504 3097 3732 3170 jejuniis’
3758 3113 3810 3160 et

534 3167 642 3235 mg
666 3170 812 3231 omni
843 3172 1041 3240 populo
1069 3188 1083 3227 ε
1108 3172 1235 3241 quia
1264 3183 1424 3233 natus
1445 3186 1530 3233 εει
1558 3178 1711 3235 vobis
1740 3180 1901 3238 hodie
1930 3184 2119 3241 Salva-
2148 3173 2195 3239 α
2226 3172 2699 3233 obsecrationibus
2727 3180 2970 3237 serviens
2995 3191 3155 3239 nocte
3193 3198 3258 3245 ac
3286 3185 3395 3243 die.
3426 3167 3667 3259 Ethice,
3697 3193 3810 3264 ipsa

533 3265 637 3331 tor,
663 3262 755 3332 qui
790 3270 873 3319 est
905 3262 1149 3322 Christus
1188 3266 1446 3325 Dominus
1475 3271 1533 3326 in
1561 3271 1781 3331 civitate
1821 3274 2012 3332 David.
2046 3280 2114 3339 Et

2224 3265 2358 3321 hora
2386 3271 2798 3339 superveniens,
2843 3274 3202 3333 conﬁtebatur
3232 3278 3481 3351 Domino,
3531 3292 3587 3339 et
3624 3262 3810 3357 loque-

530 3350 635 3409 hoe
658 3352 810 3410 vobis
836 3356 1049 3426 signum
1077 3374 1090 3410 :
1118 3357 1408 3416 Invenietis
1450 3361 1709 3421 infantem
1738 3370 1929 3435 pannis
1958 3370 2114 3427 invo-

2218 3357 2376 3414 batur
2420 3360 2489 3416 de
2529 3360 2622 3418 illo
2664 3362 2914 3422 omnibus
2939 3367 3033 3436 qui
3072 3350 3808 3448 exspectabaatredemptio-

528 3441 717 3514 lutum,
766 3453 821 3501 et
847 3448 1079 3516 positum
1123 3448 1179 3503 in
1213 3452 1494 3522 praesepio.
1535 3455 1602 3509 Et
1642 3457 1822 3513 subito
1862 3459 2000 3515 facta
2029 3471 2115 3521 est
2216 3452 2753 3511 "enl‘memsalems
2781 3456 3283 3529 Εῑυιρθτῖθοθτυηι
3308 3466 3487 3522 omnia
3512 3470 3805 3528 secundum

527 3550 648 3597 cum
700 3539 891 3608 angelo
931 3540 1215 3601 multitudo
1244 3543 1447 3598 militiae
1478 3547 1735 3615 caelestis,
1781 3550 2112 3610 laudantium

2218 3544 2388 3615 legem
2425 3545 2654 3611 Domini,
2688 3549 2893 3606 reversi
2939 3561 3065 3609 sunt
3106 3554 3163 3611 in
3197 3552 3498 3628 Galilaeam,
3533 3559 3591 3618 in
3619 3561 3806 3619 civita-

527 3625 720 3693 Deum,
748 3636 805 3685 et
843 3628 1136 3689 dicentium
1165 3648 1179 3686 :
1206 3632 1386 3689 Gloria
1415 3635 1472 3691 in
1501 3637 1779 3697 altissimis
1808 3641 1940 3709 Deo,
1970 3654 2026 3701 et
2054 3646 2111 3703 in

529 3725 671 3777 tCt‘t'a
693 3733 800 3788 pax
832 3720 1147 3781 hominibus
1164 3724 1322 3782 bonae
1344 3729 1654 3787 voluntatis.
1680 3733 1749 3789 Et
1774 3735 1975 3795 factum
2003 3751 2108 3812 est,

528 3816 586 3863 ut
610 3808 975 3869 discesserunt
999 3813 1069 3870 ab
1103 3814 1184 3871 eis
1212 3820 1388 3887 angeli
1425 3821 1479 3875 in
1508 3824 1726 3892 coelum,
1758 3837 2001 3895 pastores
2027 3808 2112 3889 lo;-

524 3898 826 3969 quebantur
891 3904 959 3960 ad
1020 3906 1252 3963 invicem
1306 3928 1318 3964 :
1372 3911 1727 3973 Transeamus
1788 3935 1956 3991 usque
2007 3924 2108 3981 Be-

526 3990 749 4061 thleem,
796 4002 850 4050 et
879 3995 1156 4055 videamus
1187 4000 1290 4057 hoc
1325 4005 1548 4061 verbum
1579 4010 1722 4079 quod
1758 3990 1955 4071 factum
2003 4027 2104 4086 est,

522 4083 671 4156 quod
694 4085 951 4147 Dominus
980 4092 1216 4149 ostendit
1254 4096 1431 4153 nobis.
1464 4099 1534 4154 Et
1558 4115 1819 4160 venerunt
1848 4083 2107 4164 festinam-

524 4187 627 4246 tes,
661 4188 718 4237 et
762 4182 1079 4242 invenerunt
1123 4188 1366 4262 Mariam,
1413 4202 1467 4250 et
1493 4196 1711 4268 Joseph,
1753 4210 1808 4257 et
1847 4203 2104 4263 infantem

518 4272 755 4342 positum
792 4275 849 4331 in
889 4281 1170 4350 praesepio.
1211 4282 1465 4342 Videntes
1493 4298 1692 4359 autem,
1737 4308 2103 4365 cognoverunt

519 4362 587 4421 de
624 4367 790 4424 verbo
838 4369 979 4439 quod
1012 4371 1212 4429 dictum
1263 4387 1378 4434 erat
1417 4379 1523 4437 illis
1570 4383 1637 4439 de
1667 4362 1834 4456 puero
1868 4388 1987 4446 hoc.
2038 4392 2102 4449 Et

516 4459 825 4528 omnesqui
852 4461 1132 4519 audierant
1176 4467 1354 4524 mirati
1394 4481 1549 4541 sunt,
1583 4483 1637 4529 ct
1665 4476 1733 4533 de
1762 4479 1845 4534 his
1872 4497 1992 4551 quae
2021 4485 2098 4539 di-

2214 3644 2323 3693 tem
2348 3652 2500 3694 suam
2526 3638 2818 3696 Nazareth.
3346 3658 3354 3666 '

2806 3796 3032 3856 CAPUT
3070 3800 3204 3860 VIII.

2505 3882 2585 3941 De
2609 3889 2770 3961 magis
2800 3891 2886 3961 qui
2910 3903 3155 3949 uenerunt
3171 3895 3235 3951 ab
3264 3896 3491 3957 Oriente.

2282 4013 2491 4071 Manu.
2526 4033 2584 4085 ιι,
2620 4021 2769 4075 1-12.
2816 4023 2950 4079 Cum
2997 4040 3127 4097 ergo
3153 4028 3325 4099 _’natus
3376 4041 3522 4089 esset
3558 4033 3720 4096 Iesus
3749 4040 3804 4099 in

2207 4106 2534 4165 Bethleeme
2582 4110 2801 4181 Judwze,
2852 4116 2905 4170 in
2954 4117 3141 4175 diebus
3188 4120 3416 4180 Herodis
3464 4129 3630 4200 regis,
3677 4147 3804 4192 ecce

2206 4202 2348 4272 magi
2380 4204 2447 4257 ab
2475 4203 2697 4261 Oriente
2738 4220 3006 4266 venerunt
3038 4212 3465 4291 Hierosolymam
3511 4226 3756 4285 dicentes
3781 4248 3801 4288 :

2207 4293 2310 4349 Ubi
2340 4303 2423 4350 est
2448 4298 2537 4366 qui
2565 4306 2723 4354 natus
2761 4310 2846 4356 est
2877 4318 2971 4359 rex
3000 4303 3348 4367 Judaeorum?
3377 4313 3620 4373 Vidimus
3649 4322 3800 4378 enim

2205 4386 2416 4443 stellam
2457 4389 2573 4459 ejus
2615 4392 2670 4446 in
2715 4392 2957 4462 Oriente,
3006 4406 3061 4454 et
3105 4403 3353 4461 venimus
3382 4407 3613 4467 adorare
3650 4427 3800 4472 eum.

2204 4480 2443 4536 Audiens
2484 4490 2663 4539 autem
2693 4484 2935 4546 Herodes
2976 4505 3070 4548 rex
3100 4494 3347 4554 turbatus
3375 4509 3480 4568 est,
3521 4513 3577 4559 et
3620 4507 3801 4569 omnis

516 4551 603 4605 cta
633 4556 789 4603 erant
816 4563 849 4605 a
873 4554 1174 4619 pastoribus
1196 4557 1262 4613 ad
1294 4559 1458 4629 ipsos.
1487 4563 1652 4620 Maria
1674 4579 1850 4625 autem
1881 4588 2100 4632 conser-
2126 4561 2181 4622 D
2207 4572 2579 4647 Hierosolyma
2618 4592 2738 4634 cum
2778 4580 2888 4638 illo.
2927 4583 2996 4638 Et
3018 4598 3354 4660 congregans
3383 4607 3571 4650 omnes
3598 4597 3800 4668 ρι-ίηοί.

516 4636 674 4668 ιγσιιηοο
713 4642 887 4668 ,πη-Α..
928 4648 1088 4668 ..Α-ι.-
1123 4648 1231 4668 an“
1303 4667 1308 4668 ,
1398 4655 1419 4668 ι.
1601 4661 1613 4668 .
1793 4664 1804 4668 -
2518 4667 2521 4668 ,

513 4636 677 4702 What
712 4642 893 4698 omnia
928 4648 1096 4704 verba
1120 4648 1256 4719 haec,
1289 4655 1573 4714 conterens
1599 4661 1654 4714 in
1676 4664 1840 4720 corde
1879 4681 1998 4723 suo.
2028 4670 2097 4726 Et

513 4728 722 4787 reversi
774 4740 899 4789 sunt
954 4744 1197 4804 pastores
1221 4784 1237 4811 ,
1297 4745 1658 4813 gloriﬁcantes
1706 4760 1761 4807 ct
1816 4754 2095 4817 laudantes

513 4816 683 4916 Deum
721 4819 777 4881 in
808 4826 1063 4886 omnibus
1104 4846 1226 4901 qua:
1250 4836 1533 4897 audierant
1575 4850 1629 4898 et
1658 4842 1923 4916 viderant,
1954 4850 2095 4909 sicut

509 4907 711 4975 dictum
735 4924 820 4971 est
838 4916 903 4973 ad
930 4919 1081 4979 illos.‘

1114 5068 1341 5131 CAPUT
1370 5075 1481 5132 vn.
1518 5032 1528 5040 ’

576 5171 909 5231 Circumcisio
930 5176 1164 5239 Domini.
1193 5182 1345 5241 Jesue
1377 5186 1638 5246 inducitur
1667 5193 1720 5248 in
1746 5198 2011 5270 templum.

575 5285 709 5347 Luc.
731 5304 790 5356 II,
813 5289 1002 5351 2l-39.
1028 5294 1098 5352 Et
1128 5308 1409 5368 postquam
1440 5310 1795 5365 consummati
1823 5323 1946 5371 sunt
1971 5317 2085 5376 dies

499 5386 644 5448 octo,
689 5391 751 5438 ut
786 5384 1259 5448 circumcideretur
1298 5410 1449 5464 puer,
1475 5409 1726 5458 vocatum
1770 5417 1852 5463 est
1888 5425 2083 5470 nomen

2205 4680 2301 4735 pes
2341 4667 2680 4725 sacerdotum
2712 4678 2766 4726 et
2812 4672 3019 4732 scribas
3062 4680 3263 4751 pepuli,
3302 4667 3687 4745 sciscitabatur
3727 4692 3800 4755 ab

2203 4757 2280 4813 eis
2300 4758 2391 4814 ubi
2407 4758 2652 4818 Christus
2678 4775 3014 4825 nasceretur.
3040 4771 3110 4827 At
3138 4771 3218 4830 illi
3242 4773 3493 4836 dixerunt
3509 4781 3571 4836 *ς
3601 4781 3663 4840 In
3687 4784 3796 4844 Be-

2202 4850 2401 4907 thleem
2431 4851 2659 4921 Judaeae;
2700 4855 2789 4912 Sic
2835 4859 2978 4916 enim
3006 4864 3265 4936 scriptum
3304 4878 3385 4926 est
3423 4886 3521 4943 per
3559 4877 3796 4949 prophe-

2200 4952 2308 4999 tam
2333 4962 2345 4997 :
2369 4946 2439 5002 Et
2463 4955 2519 5002 tu
2543 4948 2814 5006 Bethleem
2847 4960 2989 5011 terra
3017 4956 3176 5029 Juda,
3200 4977 3534 5037 nequaquam
3564 4946 3799 5033 minima

2199 5051 2256 5093 es
2290 5038 2342 5092 in
2389 5040 2719 5112 principibus
2747 5044 2903 5113 Juda,
2952 5064 3017 5105 ex
3079 5059 3131 5108 te
3170 5056 3317 5111 enim
3359 5059 3504 5117 exiet
3543 5060 3651 5120 dux
3699 5064 3794 5137 qui

2197 5140 2345 5204 regat
2374 5137 2627 5205 populum
2663 5154 2840 5197 meum
2868 5140 3036 5200 Israel
3067 5145 3261 5215 (Miclt.
3302 5165 3358 5218 v,
3386 5152 3468 5223 2).
3495 5153 3647 5212 Tunc
3684 5157 3796 5215 Ile-
3850 5232 3854 5237 η

2195 5230 2355 5286 rodes
2386 5232 2525 5289 clam
2575 5236 2778 5293 vocatis
2810 5239 3003 5311 magis,
3058 5241 3345 5315 diligenter
3382 5246 3568 5305 didicit
3610 5251 3681 5309 ab
3708 5253 3789 5311 eis

2196 5330 2405 5393 tempus
2438 5326 2606 5384 stellae
2646 5344 2766 5399 quae
2797 5331 3045 5402 apparuit
3075 5336 3195 5403 eis;
3229 5346 3284 5394 et
3312 5340 3534 5399 mittens
3577 5344 3702 5402 illos
3732 5348 3789 5405 in

2194 5413 2497 5486 Bethleem,
2555 5419 2735 5475 dixit:
2768 5422 2847 5479 ite
2892 5435 2945 5481 et
2994 5426 3324 5502 interrogate
3380 5434 3665 5506 diligenter
3720 5440 3795 5499 de

2463 5473 2497 5486 Ἰ
2618 5473 2625 5475 .
2653 5473 2689 5475 -ν
2726 5473 2732 5474 γ
2770 5473 2844 5479 --ν
2895 5473 2945 5481 ν-
2994 5473 3324 5502 --ς-ν-ινδυινυ
3381 5473 3655 5506 υιηδυηυυι
3720 5473 3789 5499 MU

498 5473 617 5541 ejus
646 5474 824 5547 Jesus,
863 5482 1006 5550 quod
1034 5490 1280 5540 vocatum
1331 5496 1413 5544 est
1444 5490 1511 5547 ab
1550 5496 1741 5563 angelo
1774 5500 2082 5573 priusquam
2190 5522 2387 5577 puero;
2414 5520 2468 5569 et
2494 5526 2614 5568 cum
2643 5514 2982 5589 inveneritis,
3000 5526 3306 5583 renuntiate
3334 5530 3487 5598 mihi,
3522 5541 3578 5588 ut
3604 5542 3663 5589 et
3684 5549 3789 5607 agn

499 5561 553 5607 in
586 5573 738 5607 Illnrn
763 5573 1138 5607 nnnninn-mln-
1183 5575 1244 5607 Π·
1278 5590 1553 5607 nnnIn-nn-u
1589 5586 1789 5607 εμ--ιλη
1932 5604 1939 5607 έ
1984 5598 2020 5607 ··
2295 5604 2305 5607 ‘
2506 5605 2517 5607 ‘

498 5561 555 5618 in
586 5573 738 5625 utero
763 5573 1157 5643 conciperetur.
1183 5575 1247 5630 Et
1278 5590 1555 5652 postquam
1588 5586 1789 5658 impleti
1821 5604 1947 5651 sunt
1968 5598 2079 5658 dies
2188 5561 2406 5659 vehicns
2456 5605 2521 5662 ad

497 5658 828 5727 purgationis
875 5660 992 5731 ejus
1038 5666 1330 5724 secundum
1378 5672 1546 5743 legem
1595 5677 1763 5750 Moysi
1811 5684 1952 5754 (Lev.
1984 5705 2082 5759 xu,

2527 5622 2671 5663 orem
2733 5625 2876 5667 eum.
2922 5613 3021 5681 Qui
3063 5632 3182 5673 cum
3236 5621 3514 5681 audissent
3564 5642 3777 5697 regem,

2194 5696 2461 5753 abierunt.
2508 5699 2572 5755 Et
2619 5716 2742 5757 ecce
2790 5706 2940 5761 stella
2980 5724 3137 5780 quam
3179 5711 3424 5773 viderant
3466 5716 3533 5779 in.
3561 5696 3783 5778 Oticatc

572 5828 596 5853 ιι
628 5817 695 5873 Ut
743 5820 794 5877 in
841 5827 991 5879 textu
1036 5823 1315 5898 hodierno,
1361 5841 1450 5897 τῆς
1483 5833 1748 5907 Ἰθυδκίαςσ
1792 5845 2109 5927 Βίοηωοι,

2218 5868 2277 5924 'a,
2320 5854 2391 5927 in
2424 5854 2477 5913 5.
2516 5856 2689 5931 Vulg.,
2721 5859 2877 5919 Juda.
