4038 6356
199 358 324 423 ,εει

984 344 1577 409 EVANGELLCARUM
1618 336 2122 401 IIARHONIARUM
2160 337 2737 397 INTERPRETATIO.

3386 332 3496 428 ἰδ’

223 466 573 543 antecedebat
608 478 725 534 eos,
778 476 951 535 usque
992 461 1117 519 dum
1162 463 1384 518 veniens
1433 465 1603 517 staret
1644 470 1804 526 supra
1832 457 1888 521 Α
1912 453 2058 510 lem:
2092 462 2149 511 et
2174 470 2281 512 non
2302 463 2669 528 cognoverunt
2696 458 2946 527 parentes
2973 451 3112 527 eius.
3142 450 3497 519 jEstimantes

222 566 309 635 ubi
349 572 465 633 erat
505 576 658 631 puer.
698 557 958 614 Videntes
997 563 1176 619 autem
1215 553 1446 620 stellam,
1490 549 1657 623 gavisi
1683 556 1809 609 sunt

222 659 411 745 gaudio
426 658 458 694 ¥
478 655 656 712 valde.
688 653 758 709 Et
786 653 1049 721 intrantes
1071 650 1316 719 domum,
1340 648 1659 707 invenerunt
1679 656 1808 715 pue-

222 736 336 815 rum
364 766 489 807 cum
512 747 675 804 Maria
705 754 876 815 matre
899 744 1016 815 ejus
1049 760 1061 798 :
1092 750 1145 798 et
1174 738 1518 813 procidentes
1545 736 1807 805 adorave-

222 853 344 917 runt
380 858 527 905 eum.
568 839 639 897 Et
680 838 883 910 apertis
933 834 1200 905 thesauris
1247 832 1364 893 suis
1410 830 1721 895 obtulerunt
1756 828 1809 884 ei

220 954 463 1007 munera,
494 949 708 1004 aurum,
744 933 868 990 thus
908 938 963 987 et
990 929 1287 1003 myrrham.
1327 925 1399 997 Et
1425 937 1689 997 responso
1720 935 1807 979 ac-

223 1040 379 1103 cepto
403 1030 458 1086 in
488 1026 695 1091 somnis
739 1039 811 1081 ne
838 1021 1077 1079 redirent
1106 1019 1173 1079 ad
1203 1017 1492 1103 Herodem,
1518 1029 1615 1089 per
1646 1014 1808 1083 aliam

219 1102 359 1183 viam
390 1120 597 1197 reversi
623 1125 750 1176 sunt
784 1116 837 1183 in
870 1115 1147 1187 regionem
1174 1102 1369 1195 suam.

832 1230 1059 1290 CAPUT
1097 1228 1190 1285 IX.

342 1326 587 1403 Fugatus
612 1327 789 1394 Iesus,
812 1332 859 1381 et
885 1332 1123 1395 parentes
1146 1324 1260 1395 ejus
1287 1322 1343 1376 in
1366 1318 1677 1392 AEgyptum.

291 1441 513 1498 Iura.
547 1455 615 1509 ιι,
649 1439 836 1495 15-15.
864 1436 1116 1506 Quicum
1154 1434 1528 1500 recessissent,
1561 1446 1688 1488 ecce
1716 1445 1812 1488 an-

221 1532 374 1606 gelus
424 1533 637 1591 Domini
676 1531 920 1604 apparuit
974 1530 1030 1584 in
1074 1528 1279 1584 somnis
1307 1525 1506 1596 Joseph
1532 1567 1547 1592 ,
1577 1524 1809 1582 dicens:

222 1628 395 1700 Sango
418 1636 475 1684 et
514 1628 699 1698 accipe
725 1637 954 1696 puerum
997 1630 1053 1678 et
1100 1629 1326 1676 matrem
1358 1618 1495 1689 ejus,
1526 1626 1582 1674 et
1607 1618 1731 1689 fuge
1758 1618 1812 1674 in

223 1721 536 1795 Egyptum,
558 1730 615 1778 et
639 1729 757 1779 esto
785 1718 859 1775 ibi
880 1731 1048 1788 usque
1070 1715 1196 1770 dum
1220 1714 1393 1769 dicam
1420 1712 1546 1779 tibi;
1577 1711 1813 1767 futurum

1912 561 2092 608 autem
2116 553 2268 609 illum
2296 568 2419 610 esse
2457 552 2511 609 in
2559 552 2837 621 comitatu,
2868 554 3133 615 venerunt
3156 548 3257 615 iter
3286 546 3415 617 diei,
3444 556 3499 611 et

1910 645 2264 716 requirebant
2295 661 2416 702 eum
2439 645 2582 701 inter
2607 652 2862 715 cognatos
2891 651 2947 709 et
2970 648 3148 709 notos.
3174 638 3242 696 Et
3262 653 3373 709 non
3412 637 3496 695 in-

1914 737 2233 806 venientes,
2260 738 2491 818 regressi
2520 747 2644 793 sunt
2694 737 2745 807 in
2787 734 3119 807 Hierusalem
3162 731 3502 818 requirentes

1911 846 2059 899 eum.
2086 831 2156 889 Et
2176 815 2376 888 factum
2407 840 2492 886 est
2516 841 2636 901 post
2675 830 2927 899 triduum,
2953 812 3273 897 invenerunt
3297 838 3422 879 eum
3443 822 3499 880 in

1908 921 2440 995 templo,sedentem
2470 923 2524 977 in
2564 922 2743 981 medio
2769 921 3071 991 dot‘lprum.
3097 916 3400 985 audientem
3438 914 3502 971 il-

1910 1013 1994 1087 los
2014 1024 2070 1070 et
2122 1013 2545 1082 interrogantem
2595 1010 3067 1087 eos._Stupchant
3111 1017 3287 1075 autem
3314 1019 3501 1071 omnes

1908 1106 2156 1179 quicum
2211 1104 2541 1172 audiebant,
2584 1118 2745 1173 super
2800 1103 3079 1172 prudentia
3136 1108 3189 1156 et
3230 1097 3502 1169 responsis

1911 1195 2049 1267 ejus.
2074 1195 2141 1253 Et
2166 1193 2415 1263 videntes
2449 1193 2699 1259 admirati
2733 1202 2881 1261 sunt.
2933 1193 3003 1258 Et
3026 1191 3160 1259 dixit
3190 1200 3361 1253 mater
3388 1187 3505 1260 ejus

1912 1288 1982 1360 ad
2004 1289 2153 1359 illurn
2190 1304 2204 1342 :
2235 1288 2337 1357 Fili
2360 1289 2453 1357 mi,
2487 1286 2613 1359 quid
2640 1286 2816 1353 fecisti
2855 1286 3012 1353 nobis
3043 1285 3153 1351 sic?
3180 1285 3319 1353 Ecce
3354 1291 3504 1352 pater

1914 1391 2039 1451 tuus
2061 1390 2115 1440 et
2144 1396 2265 1453 ego,
2296 1381 2543 1449 dolentes
2571 1377 2945 1449 quaerebamus
2971 1386 3037 1443 te.
3073 1376 3141 1443 Et
3169 1375 3240 1441 ait
3264 1375 3333 1441 ad
3360 1374 3501 1437 illos:

1914 1473 2052 1542 Quid
2081 1481 2161 1530 est
2193 1472 2333 1544 quod
2390 1487 2478 1531 me
2530 1467 2889 1542 quaerebatis?
2938 1465 3270 1535 Nesciebatis
3299 1466 3421 1535 quia
3451 1464 3506 1527 in

1915 1565 2002 1633 his
2026 1579 2147 1635 qua:
2175 1563 2351 1631 Patris
2379 1564 2485 1631 mei
2506 1570 2631 1621 sunt
2658 1567 2871 1633 oportet
2887 1572 2973 1629 me
3002 1557 3156 1621 esse?
3183 1555 3250 1621 Et
3273 1555 3374 1625 ipsi
3398 1569 3508 1619 non

1916 1656 2302 1727 intellexerunt
2352 1658 2576 1729 verbum
2622 1653 2761 1729 quod
2803 1654 3011 1721 locutus
3043 1648 3219 1719 estad
3250 1648 3393 1713 illos.
3438 1648 3507 1711 Et

1918 1749 2203 1819 descendit
2240 1765 2362 1805 cum
2402 1750 2483 1806 eis
2509 1790 2526 1818 ,
2581 1756 2635 1803 et
2669 1745 2817 1813 venit
2844 1743 3133 1809 Nazareth,
3163 1749 3217 1813 et
3245 1746 3362 1807 erat
3385 1738 3512 1803 sub-

224 1824 309 1874 ⁸⁸⁸
336 1817 493 1925 ⁸³ξηῖ
526 1823 587 1873 υτ
614 1806 1814 1925 ""048?9"fffﬂ‘fft‘1'3‘i‘ffffef‘iﬁ'ﬂ
1844 1852 1892 1921 β
1918 1806 2220 1913 aliisin...
2253 1842 2323 1899 Et
2362 1806 2534 1907 mater
2574 1806 2693 1921 .3...
2721 1806 3079 1907 conservabat
3117 1806 3303 1901 omnia
3345 1833 3511 1903 verba

222 1926 373 1969 eum“
394 1912 496 1981 Qui
521 1923 874 2005 “NW”,
898 1910 1112 2005 imp“
1132 1918 1355 2005 me?”
1384 1910 1437 2005 ᾳ
1456 1911 1677 2005 Tum")
1699 1910 1814 2005 ei“?
1844 1910 1873 1921 ﬁ
1920 1910 2052 2001 hinc
2071 1938 2126 1993 in
2156 1935 2318 2005 corde
2340 1950 2458 1999 suo.
2494 1934 2562 1989 Et
2591 1910 2746 1988 lesus
2792 1928 3108 2003 proficiebat
3144 1926 3433 2001 sapientia,
3459 1931 3514 1999 et

222 2012 407 2070 nocte,
436 2011 491 2059 et
519 2002 740 2059 secessit
788 2000 844 2056 in
876 1998 1186 2069 Aigyptum.
1218 1994 1288 2049 Et
1315 2000 1427 2048 erat
1458 1992 1529 2047 ibi
1555 2004 1721 2070 usque
1731 1989 1815 2070 3d

223 2061 434 2153 obitum
458 2095 687 2151 Herodis
714 2112 727 2161 ;
758 2102 818 2148 ut
864 2061 1248 2163 adimpleretur
1275 2087 1415 2160 quod
1446 2087 1646 2142 dictum
1677 2061 1765 2142 est
1787 2100 1816 2141 a

228 2187 462 2244 Domino
490 2201 587 2257 per
624 2186 964 2258 prophetam,
993 2184 1258 2241 dicentem
1288 2198 1302 2237 :
1334 2181 1416 2236 Ex
1458 2179 1693 2253 IEgypto
1724 2191 1816 2235 vo-

222 2281 343 2337 cavi
363 2281 533 2339 lllium
578 2296 756 2338 meum
783 2280 928 2353 (Ore.
960 2294 1038 2344 xi,
1067 2277 1143 2347 1).

863 2388 1090 2447 CAPUT
1122 2386 1188 2442 X.

656 2482 888 2540 Herodes
915 2480 1156 2549 interﬁcit
1186 2493 1391 2549 pueros.

296 2595 513 2663 Mure.
542 2611 603 2664 ιι,
636 2595 826 2652 16-18.
864 2593 1015 2648 Tunc
1071 2589 1312 2655 Herodes
1339 2586 1528 2643 videns
1569 2584 1820 2656 quoniam

228 2690 417 2746 illusus
438 2697 625 2746 esseta
652 2688 847 2758 magis,
879 2686 1048 2740 iratus
1074 2691 1157 2741 est
1182 2681 1371 2746 valde;
1409 2687 1461 2735 et
1490 2678 1707 2734 mittens
1734 2690 1824 2745 oc-

229 2784 359 2841 cidit
411 2798 600 2841 omnes
630 2798 826 2855 pueros
869 2783 959 2855 qui
988 2788 1141 2836 erant
1170 2778 1230 2841 in
1266 2776 1543 2847 Bethleem
1576 2781 1631 2830 et
1651 2772 1823 2841 omni-

229 2875 325 2953 bus
356 2874 554 2933 ﬁnibus
596 2877 732 2947 ejus,
760 2891 789 2929 a
828 2875 1031 2930 bimatu
1062 2882 1116 2931 et
1161 2870 1299 2926 infra
1322 2911 1338 2938 ,
1370 2868 1663 2935 secundum
1692 2876 1827 2929 tena-

230 2983 327 3039 pus
358 2968 499 3038 quod
522 2968 845 3038 exquisierat
890 2981 918 3019 a
947 2966 1135 3034 magis.
1192 2963 1342 3018 Tunc
1368 2960 1717 3031 adimpletum
1744 2966 1826 3029 est

233 3058 375 3130 quod
408 3059 607 3125 dictum
635 3066 713 3114 est
734 3073 829 3129 per
848 3057 1136 3114 Jeremiam
1158 3055 1494 3131 prophetam,
1520 3052 1820 3107 dicentem:

233 3140 348 3206 Vox
384 3152 438 3205 in
468 3150 635 3219 Rama
658 3150 839 3206 audita
861 3159 973 3219 est;
998 3150 1240 3220 ploratus
1266 3147 1562 3202 etulalatus
1589 3145 1782 3200 multus
1807 3160 1822 3197 :

1920 2037 2101 2097 aetate,
2132 2037 2187 2086 et
2209 2029 2380 2100 gratia
2405 2026 2547 2098 apud
2576 2026 2743 2091 Deum
2778 2032 2833 2093 et
2865 2021 3133 2089 homines,

2513 2115 2740 2183 CAPUT
2786 2112 2923 2179 XIII.

2193 2210 2421 2277 Joannes
2448 2206 2685 2277 Baptista
2709 2205 2950 2277 apparuit
2974 2204 3029 2265 in
3055 2201 3247 2269 Israel.

1994 2304 2127 2362 Luc.
2153 2318 2213 2359 ιιι
2239 2342 2256 2375 ,
2294 2302 2407 2367 1οὸ.
2443 2302 2600 2357 Auno
2647 2308 2828 2355 autem
2860 2295 3261 2367 quintadecimo
3305 2292 3517 2375 imperii

1927 2396 2133 2463 Tiberii
2163 2394 2412 2463 Caesaris,
2467 2399 2790 2463 procurante
2821 2388 3014 2453 Pontio
3051 2388 3224 2457 Pilato
3251 2386 3516 2454 ledaeam,

1928 2488 2197 2553 tetrarcha
2245 2494 2425 2543 autem
2457 2482 2687 2539 Galilaeaa
2747 2480 2957 2545 Herode
2987 2522 3005 2551 ,
3054 2477 3307 2548 Philippo
3336 2484 3517 2545 autem

1928 2581 2094 2647 fratre
2123 2579 2242 2649 ejns
2276 2575 2544 2643 tetrarcha
2576 2574 2771 2639 Itnreae
2793 2579 2850 2629 et
2867 2568 3228 2637 Traconitidis
3256 2567 3517 2641 regionis.

1927 2685 1983 2735 et
2008 2672 2244 2747 Lysania
2276 2669 2504 2735 Ahilinm
2536 2664 2828 2729 tetrarcha,
2857 2662 2956 2727 sub
2988 2660 3319 2743 principibus
3340 2672 3516 2723 sacer-

1928 2767 2113 2837 dotum
2141 2764 2295 2829 Anna
2323 2771 2379 2820 et
2425 2759 2648 2837 Caipha,
2692 2758 2893 2823 factum
2935 2763 3017 2823 est
3049 2753 3269 2810 verbum
3307 2750 3521 2811 Domini

1930 2874 2096 2931 super
2112 2858 2378 2923 Joannem
2406 2851 2684 2908 Zachariae
2710 2848 2876 2915 lilium
2898 2845 2953 2911 in
2978 2845 3215 2909 deserto,
3266 2844 3332 2907 Et
3373 2840 3522 2907 venit

1930 2958 1983 3014 in
2014 2967 2230 3011 omnem
2254 2950 2532 3021 regionem
2560 2944 2835 3011 Iordanis,
2878 2940 3175 3015 praedicans
3196 2937 3520 3010 baptismum

1931 3046 2283 3125 pmniteutize,
2340 3043 2395 3099 in
2441 3039 2815 3105 remissionem
2870 3043 3216 3104 peccatorum
3239 3076 3254 3102 ,
3287 3031 3473 3099 dicens
3506 3048 3517 3084 :

1930 3123 2003 3187 ζ.-
2029 3139 2242 3209 ΜΑτ-ιιιι.
2271 3151 2354 3209 ιιι,
2384 3133 2504 3200 1-5;
2529 3132 2703 3203 Manu.
2736 3145 2780 3196 1.
2799 3128 2921 3197 ὅ-ὅς
2954 3126 3329 3195 Ρφυίιθιιιίαω
3357 3123 3519 3195 agitat

233 3242 437 3301 Rachel
460 3245 678 3317 plorans
727 3243 866 3299 ﬁlios
901 3215 1057 3309 suos;
1088 3251 1141 3298 et
1169 3240 1339 3297 noluit
1358 3238 1622 3297 consolari
1647 3276 1666 3307 ,
1705 3236 1829 3321 quia
1857 3237 1907 3305 α
1934 3225 2388 3303 appropinquavit
2410 3224 2555 3323 enim
2585 3235 2811 3323 regnum
2840 3218 3126 3323 caelorum.
3146 3216 3248 3323 Hic
3271 3224 3354 3275 est
3382 3215 3529 3281 enim

235 3350 341 3391 non
371 3345 495 3391 sunt
525 3332 825 3408 (Jer.XXXl,
854 3331 966 3405 15).

846 3446 1075 3504 CAPUT
1128 3445 1222 3511 XI.

624 3543 777 3600 Iesus
805 3549 1070 3609 revocatur
1103 3557 1167 3599 ea:
1194 3537 1450 3612 lEgypto.

303 3658 531 3716 Μλττιι.
559 3672 620 3727 ιι,
654 3658 847 3715 19·25.
883 3656 1148 3714 Defuncto
1176 3663 1356 3711 autem
1402 3651 1648 3718 Herode,
1705 3663 1832 3709 ecce

239 3754 488 3825 apparuit
513 3752 735 3824 angelus
769 3751 986 3809 Domini
1011 3752 1062 3807 in
1100 3749 1305 3806 somnis
1347 3748 1548 3819 Ioseph
1579 3747 1634 3803 in
1663 3745 1830 3819 Egy-

238 3855 331 3915 pto
363 3889 379 3916 ,
434 3845 619 3902 dicens
651 3862 665 3898 :
697 3844 902 3916 Surge,
946 3851 1003 3900 et
1048 3844 1233 3913 accipe
1262 3856 1481 3912 puerum
1512 3849 1569 3898 et
1608 3847 1832 3896 matrem

238 3934 382 4005 ejus,
415 3943 471 3991 et
511 3934 647 3991 vade
674 3943 701 3973 ι
722 3935 777 3992 in
810 3943 1008 3991 terram
1050 3932 1210 4000 Juda,
1271 3930 1509 3987 defuncti
1540 3931 1683 3986 enim
1712 3936 1837 3987 sunt

240 4028 329 4098 qui
356 4025 670 4096 quaerebant
697 4026 931 4081 animam
958 4025 1129 4095 pueri.
1167 4024 1271 4092 Qui
1314 4037 1573 4094 surgens,
1625 4021 1839 4091 accepit

242 4134 474 4190 puerum
520 4127 576 4174 et
605 4128 834 4176 matrem
864 4119 1003 4189 ejus,
1051 4128 1107 4175 et
1132 4118 1285 4173 venit
1316 4117 1368 4171 in
1398 4124 1596 4171 terram
1651 4113 1834 4170 Israel.

244 4211 487 4271 Audiens
515 4220 699 4269 autem
727 4212 866 4280 quod
900 4210 1198 4268 Archelaus
1249 4218 1500 4279 regnaret
1547 4209 1602 4262 in
1651 4206 1835 4262 Judzea

244 4318 349 4374 pro
376 4302 593 4360 Herode
622 4311 775 4373 patre
800 4317 897 4360 suo
918 4343 934 4370 ,
982 4303 1156 4358 timuit
1181 4302 1273 4356 illo
1306 4301 1424 4365 ire;
1454 4306 1509 4355 et
1536 4299 1842 4355 admonitus

246 4394 302 4453 in
333 4394 570 4460 somnis,
602 4394 831 4449 secessit
858 4395 914 4448 in
942 4400 1123 4462 partes
1169 4391 1431 4447 Galilaea.
1461 4389 1529 4443 Et
1573 4387 1799 4444 veniens
1824 4430 1840 4454 ,

248 4487 516 4546 habitavit
542 4487 595 4540 in
617 4486 832 4540 civitate
851 4501 972 4554 quae
1002 4491 1225 4541 vocatur
1250 4480 1538 4550 Nazareth,
1584 4489 1642 4536 ut
1668 4480 1843 4534 adim-

1932 3322 2025 3393 qui
2046 3321 2224 3385 dictus
2252 3324 2336 3376 est
2367 3330 2460 3387 per
2508 3312 2701 3369 Isaiam
2741 3309 3090 3381 prophetam,
3133 3306 3427 3375 dicentem,
3454 3332 3528 3348 ..-

1932 3414 2063 3481 Luc.
2096 3427 2177 3482 ιιι,
2205 3407 2339 3471 4-6:
2370 3405 2484 3473 Vox
2514 3400 2792 3460 clamantis
2825 3399 2881 3454 in
2911 3398 3148 3464 deserto,
3175 3397 3366 3461 Parata
3386 3395 3527 3459 viam

1934 3482 2170 3568 Domini,
2203 3506 2377 3555 rectas
2420 3493 2582 3551 facite
2609 3491 2830 3549 semitas
2863 3488 3005 3563 ejus.
3037 3487 3226 3551 Omnis
3249 3484 3403 3541 vallis
3428 3485 3533 3547 im-

1934 3598 2204 3672 plebitur,
2236 3602 2293 3652 et
2325 3592 2503 3663 omnis
2533 3602 2689 3645 mons
2729 3597 2785 3643 et
2826 3586 2982 3643 collis
3038 3580 3429 3643 humiliahitur.
3463 3581 3530 3648 Et

1937 3698 2096 3747 erunt
2125 3700 2296 3758 prava
2315 3684 2370 3740 in
2400 3682 2634 3747 directa,
2674 3687 2940 3749 etaspcra
2984 3675 3041 3732 in
3071 3674 3187 3730 vias
3218 3674 3404 3744 planas
3432 3688 3449 3727 :
3475 3680 3532 3730 et

1938 3778 2141 3839 videbit
2160 3776 2336 3833 omnis
2356 3789 2485 3831 caro
2506 3772 2739 3829 salutare
2759 3770 2857 3829 Dei
2880 3766 3015 3841 (Isti.
3040 3782 3134 3835 xu,
3151 3762 3533 3839 5-5).-—Joau.

1940 3889 1981 3944 ι,
2005 3871 2159 3928 5-18.
2192 3868 2291 3927 Hic
2335 3865 2484 3924 venit
2524 3864 2580 3920 in
2622 3859 3017 3929 testimonium.
3055 3866 3116 3915 ut
3170 3854 3537 3921 testimonium

1941 3964 2250 4038 perhiberet
2277 3961 2348 4018 de
2375 3957 2603 4022 lumine,
2622 3962 2685 4019 ut
2704 3966 2895 4017 omnes
2915 3950 3202 4015 crederent
3242 3963 3340 4020 per
3364 3948 3535 4011 illum.

1942 4063 2061 4123 Non
2089 4068 2206 4117 erat
2225 4058 2318 4114 ille
2362 4056 2477 4124 lux,
2502 4051 2599 4110 sed
2628 4058 2689 4108 ut
2739 4046 3106 4109 testimonium
3134 4044 3443 4115 perhiberet
3469 4041 3540 4101 de

1946 4154 2173 4212 lumine.
2204 4152 2333 4207 Erat
2355 4148 2448 4204 lux
2483 4159 2614 4209 vera
2640 4158 2761 4215 quas
2787 4142 3055 4207 illuminat
3097 4152 3314 4203 omnem
3366 4135 3542 4197 homi-

1946 4262 2070 4305 nem
2094 4242 2392 4305 venientem
2417 4240 2472 4297 in
2502 4239 2646 4295 hunc
2696 4234 2976 4297 mundum.
3035 4232 3094 4293 lu
3140 4229 3344 4294 arundo
3393 4236 3534 4293 erat,

1944 4351 2003 4399 et
2076 4338 2309 4395 mundus
2369 4348 2464 4402 per
2537 4331 2713 4399 ipsum
2760 4329 2935 4383 factus
2987 4329 3074 4389 est
3118 4361 3137 4386 ,
3184 4331 3243 4377 et
3312 4318 3544 4377 mundus

1952 4444 2076 4485 eum
2139 4440 2248 4481 non
2319 4419 2590 4489 cognovit.
2655 4418 2713 4471 In
2771 4413 2991 4485 propria
3053 4410 3247 4477 venit.
3323 4418 3385 4467 et
3459 4409 3543 4473 sui

1954 4533 2076 4575 eum
2108 4530 2218 4571 non
2272 4516 2615 4580 receperunt.
2668 4506 2942 4575 Quotquot
2998 4509 3179 4567 autem
3222 4509 3543 4573 receperunt

249 4574 931 4688 ἓξ
947 4584 1032 4688 cf“
1075 4571 1503 4688 P°:\pr°phem
1528 4588 1546 4631 ³
1575 4570 1845 4653 ραοηίωη»
1875 4624 1932 4688 ι)
1955 4570 2281 4672 eum,dedit
2324 4570 2417 4659 εἰς’
2441 4570 2761 4670 potestatem
2814 4570 2958 4657 filios
2984 4592 3083 4651 Dei
3111 4593 3229 4651 ﬁeri
3252 4634 3273 4662 ,
3316 4570 3404 4651 bis
3448 4594 3545 4665 qui

251 4666 541 4731 Nummus
568 4664 846 4724 vocabitur
876 4664 1010 4740 (In.
1046 4680 1126 4734 xi,
1155 4666 1234 4737 1).

863 4778 1094 4835 CAPUT
1122 4776 1239 4833 XII.

381 4871 395 4892 ⁸
478 4870 745 4927 Remansit
765 4868 916 4927 Iesus
938 4872 993 4927 in
1020 4869 1211 4943 templo
1237 4867 1632 4941 Hierosolymis.

331 4984 462 5042 Luc.
493 4998 555 5052 ιι,
579 4982 773 5040 40-52.
805 4984 945 5039 Puer
971 4990 1149 5039 autem
1180 4981 1461 5038 crescebat
1491 4990 1545 5038 et
1575 4980 1846 5038 conforta-

260 5078 438 5145 hatur,
470 5075 660 5147 plenus
680 5074 944 5144 sapientia
969 5090 984 5139 ;
1017 5081 1071 5129 et
1099 5072 1269 5145 gratia
1302 5073 1397 5129 Dei
1420 5081 1535 5129 erat
1564 5073 1618 5128 in
1642 5072 1757 5130 illo.
1781 5071 1851 5127 Et

262 5173 416 5231 ibant
439 5176 696 5243 parentes
720 5169 837 5240 ejus
865 5184 959 5240 per
985 5181 1173 5224 omnes
1203 5180 1373 5223 annos
1404 5166 1459 5222 in
1488 5166 1847 5232 Hierusalem,

265 5263 321 5320 in
351 5263 439 5319 die
465 5261 693 5319 solemni
714 5260 959 5317 Pascha.
984 5260 1051 5315 Et
1077 5273 1200 5314 cum
1228 5257 1400 5313 factus
1422 5266 1852 5319 essetannorum

267 5354 569 5422 duodecim,
604 5353 1019 5411 ascendentibus
1045 5352 1152 5407 illis
1203 5349 1627 5420 Hierosolymam
1658 5366 1854 5407 secun-

272 5448 399 5503 dum
428 5445 874 5503 consuetudinem
908 5445 1013 5502 diei
1045 5444 1186 5510 festi,
1217 5443 1711 5513 consummatisque
1744 5443 1856 5499 die-

273 5541 393 5612 bus,
421 5556 544 5598 cum
575 5539 831 5608 redirent,
858 5539 1117 5596 remansit
1140 5552 1273 5608 puer
1324 5535 1480 5592 Jesus
1522 5534 1577 5589 iu
1604 5534 1852 5590 Hierusa-

1953 4701 2181 4760 creduut
2224 4697 2280 4753 in
2328 4692 2550 4751 nomine
2576 4690 2693 4762 ejus
2722 4707 2738 4745 :
2765 4687 2866 4757 Qui
2895 4701 3004 4744 non
3044 4700 3114 4744 ex
3153 4685 3543 4758 sanguinihos,

1953 4808 2129 4864 neque
2157 4805 2226 4846 ex
2251 4787 2530 4845 voluntate
2554 4782 2752 4850 carnis,
2782 4794 2956 4851 neque
2982 4779 3267 4838 voluntate
3294 4778 3416 4845 viri,
3449 4779 3545 4836 sed

1951 4900 2017 4943 ex
2034 4884 2145 4940 Deo
2168 4881 2278 4937 nati
2304 4887 2448 4934 sunt.
2480 4876 2548 4931 Et
2572 4873 2810 4931 Verbum
2831 4885 2959 4930 caro
3006 4869 3209 4927 factum
3235 4877 3341 4937 est,
3369 4877 3427 4926 et
3454 4868 3550 4923 ha-

1951 4977 2141 5035 bitavit
2168 4975 2221 5030 in
2252 4971 2410 5029 nobis
2438 4988 2453 5026 :
2482 4977 2538 5026 et
2556 4967 2790 5026 vidimus
2843 4964 3074 5037 gloriam
3120 4963 3267 5033 ejus,
3318 4961 3546 5031 gloriam

1955 5067 2112 5138 quasi
2141 5062 2400 5135 unigeniti
2429 5077 2459 5117 a
2490 5060 2671 5129 Patre,
2723 5058 2943 5129 plenum
2966 5055 3154 5126 gratim
3183 5064 3238 5111 et
3283 5052 3544 5109 veritatis.

1961 5162 2195 5221 Joannes
2221 5155 2585 5216 testimonium
2616 5152 2863 5224 perhibet
2885 5150 2953 5207 de
2990 5149 3130 5217 ipso,
3153 5154 3210 5203 et
3246 5145 3446 5201 clamat
3469 5142 3552 5200 di-

1959 5272 2127 5315 cens:
2156 5255 2252 5312 Hic
2279 5262 2395 5312 erat
2413 5250 2442 5290 ι’
2467 5265 2625 5323 quem
2652 5246 2765 5303 dixi
2781 5243 2952 5310 vobis,
2971 5242 3004 5279 ’*
3021 5241 3146 5312 quia
3173 5245 3294 5308 post
3312 5250 3400 5294 me
3420 5248 3551 5293 ven-

1962 5359 2115 5407 turus
2143 5355 2250 5415 est,
2282 5354 2337 5404 et
2361 5352 2486 5401 ante
2532 5355 2621 5399 me
2646 5340 2819 5395 factus
2846 5343 2949 5401 est,
2976 5332 3101 5405 quia
3120 5330 3269 5403 prior
3305 5343 3391 5385 me
3411 5337 3547 5385 erat.

1962 5442 2031 5499 Et
2057 5441 2123 5497 de
2152 5437 2488 5509 plenitudine
2515 5434 2632 5504 cjus
2655 5446 2753 5489 nos
2776 5443 2964 5485 omnes
2998 5423 3324 5495 accepimus,
3351 5428 3408 5479 et
3425 5434 3551 5492 gra-

1962 5534 2087 5588 tiam
2102 5546 2199 5602 pro
2213 5529 2379 5601 gratia
2412 5544 2426 5582 :
2451 5525 2572 5596 quia
2606 5523 2692 5579 lex
2722 5534 2817 5591 per
2844 5520 3066 5590 Moysen
3091 5516 3215 5573 data
3230 5524 3348 5584 est;
3373 5514 3548 5587 gratia

351 5735 378 5765 ι
399 5725 1218 5823 interpretissivelibrarii‘aliud
1240 5724 1448 5823 agentis
1461 5720 1709 5781 mendum
1742 5732 1863 5778 esse
1972 5719 2410 5823 gata._§133terum
2444 5717 2593 5823 apud
2617 5714 2844 5823 ivlillium
2868 5712 2991 5823 cod.
3024 5712 3179 5771 Cant.
3208 5711 3559 5823 trab‘etpmv

250 5811 521 5823 ..η-η-..
613 5816 643 5823 -
701 5802 766 5823 ,μ
798 5822 801 5823 ,
832 5806 853 5819 η
874 5820 880 5823 λ
905 5810 1015 5823 ,μγ
1036 5808 1057 5823 ν.
1143 5808 1198 5823 ...
1224 5799 1273 5823 ι..
1353 5811 1383 5823 ..
1410 5812 1440 5823 ..
2174 5807 2202 5823 Δ
2261 5806 2418 5823 ωιτη-α
2450 5791 2551 5823 cm:
2596 5789 2607 5823 :
2638 5804 2699 5823 ιιι·
2884 5801 2909 5823 ει
2940 5800 2983 5823 m
3012 5801 3169 5823 manu
3275 5784 3287 5823 i
3330 5794 3553 5823 nclama.

279 5796 661 5874 suspicorIGr.
695 5802 882 5874 “cf/‘7)?
896 5799 1112 5874 tapeta),
1143 5808 1201 5853 ut
1224 5796 1289 5874 in
1302 5797 1460 5866 Vulg.

1972 5773 2422 5875 δελῒνξ
2450 5773 2703 5875 scribitur
2729 5792 2865 5875 ὑμῖν.
2883 5784 2986 5841 alia
3009 5801 3194 5845 manu.
3224 5773 3440 5843 Videsis
3458 5794 3553 5841 no-

350 5859 529 5965 }:Vox
553 5859 1109 5931 ultimadesideratur'
1124 5878 1233 5930 tum
1250 5870 1305 5929 in
1332 5859 1501 5941 textu,
1527 5873 1641 5930 tum
1659 5865 1716 5928 in
1736 5864 1864 5927 ναι.
1894 5943 1940 5954 __
1958 5859 2104 5931 irrisa.
2136 5859 2421 5926 mm:
2451 5861 2580 5927 edit.
2610 5860 2667 5921 in
2688 5860 2837 5921 hunc
2851 5859 3049 5919 locum
