4026 6506
505 429 613 490 265
1169 433 1177 441 -
1237 392 1292 443 ³³
1337 396 1441 442 ξίη
1643 414 1959 478 VICTORIS
1998 413 2105 472 EPI

2213 412 2303 474 )PI
2340 412 2641 475 carum
2857 383 2872 419 ⁵
2910 383 2927 420 ί
2967 380 2978 409 ’
3682 405 3813 466 εει

504 552 561 606 ει
589 545 789 604 veritas
816 553 916 617 per
942 544 1123 602 Jesum
1146 540 1416 599 Christum
1443 539 1579 595 facta
1606 546 1709 594 est.
1746 538 1911 591 Deum
1937 547 2094 587 nemo
2119 531 2171 591 Α
2198 545 2226 583 a
2260 529 2479 585 Galilma
2504 531 2558 586 in
2589 528 2902 596 Jordanem,
2923 527 2989 584 ad
3011 526 3295 595 Joannem,
3326 531 3387 582 ut
3418 524 3810 596 baptizaretur

503 641 638 701 vidit
658 656 914 711 unquam.
936 637 1251 708 Unigenitus
1273 634 1442 691 Filius
1458 633 1547 703 qui
1572 642 1655 688 est
1683 632 1733 685 in
1758 630 1876 684 sinu
1897 628 2089 694 Patris,
2199 621 2267 674 ab
2298 636 2385 675 eo.
2413 651 2485 661 —
2534 622 2661 677 Luc.
2706 638 2783 691 ιιι,
2813 621 2901 677 25.
2940 620 3007 675 Ει
3045 622 3158 689 ipse
3184 630 3303 675 θυι
3332 621 3597 690 ίηοίρῖθηε
3636 621 3813 692 (Ιιιιεί

505 737 622 807 ipse
661 734 1023 789 enarravit.—
1048 731 1265 786 MAT'I'H.
1296 744 1375 796 ιιι,
1411 726 1571 791 ι-ιο;
1596 725 1770 780 Mm.
1814 724 1928 786 1-6;
1960 721 2089 778 Luc.
2196 729 2461 771 annorum
2496 715 2733 807 triginta,
2760 724 2819 771 ut
2858 716 3163 807 putabatur,
3207 716 3353 807 filius
3371 714 3597 785 Joseph.
3621 714 3806 807 Joan-

506 845 587 895 ttt,
618 829 736 884 7-9.
757 828 874 897 Ipse
894 833 1073 880 autem
1105 824 1341 879 Joannes
1372 820 1603 877 habebat
1630 819 2006 875 vestimentum
2028 814 2096 869 de

505 920 629 992 pilis
658 918 1013 981 camelorum,
1066 923 1122 970 et
1163 928 1353 969 zonam
1385 912 1663 982 pelliceam
1695 909 1839 964 circa
1883 906 2097 961 lumbos

504 1025 652 1065 suos.
690 1008 822 1063 Esca
849 1016 1027 1063 autem
1051 1006 1167 1074 ejus
1197 1014 1315 1059 erat
1342 1006 1559 1059 locusta:
1589 1011 1645 1057 et
1684 1000 1789 1056 mel
1821 999 2095 1056 silvestre.

508 1103 661 1159 Tunc
689 1100 871 1157 exibat
900 1099 966 1153 ad
1014 1114 1134 1151 eum
1168 1096 1560 1167 Hierosolyma,
1610 1104 1663 1148 et
1685 1091 1861 1147 omnis
1889 1090 2095 1154 Judaea,

506 1200 561 1248 et
600 1193 775 1246 omnis
803 1190 950 1261 regio
991 1189 1132 1245 circa
1174 1188 1461 1242 Jordanem
1488 1204 1502 1253 ;
1533 1194 1587 1240 et
1609 1183 2014 1253 baptizabantur
2044 1182 2098 1236 in

506 1282 741 1338 Jordane
770 1282 837 1335 ab
879 1296 966 1344 eo.
1014 1280 1335 1335 confitentes
1364 1285 1578 1347 peccata
1606 1290 1724 1329 sua.
1777 1273 1977 1327 Videns
2005 1286 2099 1324 au-

508 1382 616 1429 tem
648 1372 847 1428 multos
875 1370 1271 1427 Pharisarorum
1294 1378 1347 1425 et
1376 1367 1798 1424 Sadducaeorum
1820 1362 2099 1419 venientes

504 1465 572 1520 ad
603 1464 934 1536 baptismum
982 1477 1139 1518 suum
1170 1505 1186 1529 ,
1243 1462 1381 1516 dixit
1427 1461 1506 1516 eis
1530 1476 1545 1515 :
1573 1458 1865 1528 Progenies
1891 1456 2103 1523 vipera-

505 1572 653 1623 rum,
684 1557 806 1628 quis
831 1555 1227 1611 demonstrabit
1270 1554 1425 1610 vobis
1454 1553 1641 1621 fugere
1674 1568 1703 1605 a
1730 1562 1953 1607 ventura
1984 1549 2101 1605 ira?

507 1648 697 1705 Facite
729 1664 862 1719 ergo
891 1651 1123 1703 fructum
1150 1648 1367 1718 dignum
1399 1644 1749 1717 pmnitentiae.
1780 1642 1847 1698 Et
1869 1658 1936 1698 ne
1968 1641 2101 1696 veli-

503 1742 578 1798 tis
629 1740 812 1797 dicere
861 1743 1003 1796 intra
1056 1755 1154 1796 vos
1185 1756 1201 1795 :
1232 1740 1445 1795 Patrem
1502 1738 1761 1793 habemus
1810 1736 2098 1791 Abraham.

508 1833 643 1889 Dico
671 1836 817 1889 enim
858 1835 1033 1901 vobis,
1063 1834 1315 1905 quaniam
1371 1841 1548 1903 potest
1579 1834 1719 1888 Deus
1746 1847 1811 1887 ex
1839 1831 2103 1900 lapidibus

2199 822 2300 863 nes
2328 818 2509 863 autem
2536 806 2857 877 prohibebat
2883 822 3030 872 eum,
3056 805 3241 860 dicens
3265 821 3281 858 :
3314 804 3427 876 Ego
3455 818 3485 859 a
3516 816 3567 861 te
3620 806 3807 861 debeo

2198 899 2480 969 baptizari,
2495 906 2549 954 et
2571 908 2626 954 tu
2651 898 2806 954 venis
2822 899 2886 953 ad
2907 898 3034 954 me?
3055 897 3407 968 Respondens
3422 909 3608 954 autem
3635 898 3808 954 Jesus

2198 995 2335 1050 dixit
2352 996 2400 1049 ei
2423 1014 2435 1048 :
2455 996 2585 1051 Sine
2605 993 2788 1063 modo,
2821 995 2898 1050 sic
2912 998 3054 1051 enim
3076 996 3233 1052 decet
3262 1011 3359 1051 nos
3370 996 3806 1066 adimplereom-

2200 1088 2619 1158 nemjustitiam.
2649 1089 2799 1144 Tunc
2819 1088 3026 1144 dimisit
3052 1105 3199 1146 eum.
3223 1090 3441 1147 —Luc.
3472 1107 3554 1161 tu,
3584 1090 3805 1157 21,22.

2202 1180 2420 1235 Factum
2436 1188 2520 1236 est
2548 1191 2737 1236 autem
2748 1197 2869 1237 cum
2902 1182 3265 1252 baptizaretur
3280 1184 3453 1239 omnis
3466 1186 3721 1254 populus,
3742 1194 3806 1240 et

2202 1272 2331 1328 Jesu
2361 1273 2628 1343 baptizan
2650 1283 2926 1340 etorante,
2951 1277 3232 1330 confestim
3252 1277 3491 1331 ascendit
3523 1277 3592 1333 de
3609 1293 3753 1346 aqua
3782 1296 3799 1331 ε

2203 1372 2257 1419 et
2277 1379 2403 1420 ecce
2431 1365 2603 1435 aperti
2635 1367 2823 1422 suntei
2851 1367 2996 1433 cmli,
3048 1376 3103 1422 et
3130 1368 3262 1421 vidit
3284 1368 3542 1437 Spiritum
3577 1370 3677 1423 Dei
3704 1369 3842 1425 de-i

2204 1456 2550 1512 sceudentem
2579 1458 2845 1527 corporali
2885 1458 3068 1529 specie
3098 1461 3236 1514 sicut
3263 1458 3597 1524 columbam.
3622 1468 3682 1516 et
3706 1474 3803 1516 ve-

2209 1549 2449 1604 nientem
2474 1564 2637 1619 super
2676 1566 2758 1606 se.
2787 1551 2854 1606 Et
2883 1567 3010 1607 ecce
3034 1567 3136 1606 vox
3157 1552 3227 1608 de
3268 1552 3420 1607 caelis
3446 1552 3638 1608 dicens
3671 1572 3685 1607 :
3716 1553 3802 1608 τιι

2206 1655 2266 1696 es
2285 1639 2455 1695 Filius
2467 1656 2617 1697 meus
2630 1641 2880 1708 dilectus,
2896 1643 2949 1699 in
2967 1653 3019 1700 te
3030 1644 3327 1715 complacui
3345 1645 3734 1701 mihi.—Joa.
3753 1660 3799 1713 ι,

2207 1733 2402 1789 32-51.
2453 1734 2519 1788 Et
2558 1735 2925 1791 testimonium
2963 1737 3236 1805 perhibuit
3272 1737 3533 1806 Joannes,
3562 1739 3750 1794 dicens
3781 1758 3796 1792 :

2208 1825 2344 1893 Quia
2375 1834 2402 1863 ι
2451 1826 2658 1881 vidistis
2687 1827 2945 1896 Spiritum
2973 1828 3387 1887 descendentem
3414 1831 3568 1900 quasi
3591 1830 3802 1885 colum-

492 1924 627 2006 _istis
651 1927 917 1981 suscitare
948 1925 1088 1981 ﬁlios
1140 1925 1393 1981 Abrahae.
1439 1924 1556 1981 Jam
1604 1924 1748 1979 enim
1804 1923 2008 1977 securis
2033 1921 2100 1976 ad
2129 1919 2179 1981 B
2207 1916 2330 1973 bam
2379 1918 2448 1974 de
2472 1920 2635 1985 cmlo,
2682 1929 2738 1975 et
2779 1922 2978 1976 mansit
3002 1938 3163 1993 super
3192 1938 3346 1988 eum;
3370 1932 3425 1978 et
3460 1938 3561 1992 ego
3590 1924 3801 1979 nescie-

508 2017 748 2073 radicem
775 2017 1029 2073 arborum
1065 2020 1240 2089 posita
1271 2025 1376 2073 est.
1411 2016 1600 2072 Omnis
1630 2031 1760 2087 ergo
1790 2014 1951 2069 arbor
1979 2028 2101 2084 qua:

507 2122 618 2163 non
658 2108 785 2163 facit
810 2108 1041 2163 fructum
1073 2108 1296 2175 bonum,
1342 2106 1710 2171 exscindetur,
1743 2114 1799 2159 et
1841 2106 1893 2159 in
1924 2104 2103 2174 ignem

506 2201 773 2258 mittetur.
797 2228 871 2242 —
898 2199 1033 2255 Luc.
1079 2215 1181 2265 ιιι,
1213 2199 1402 2255 10-15.
1444 2199 1511 2253 Et
1550 2196 1950 2266 interrogabant
1976 2209 2103 2250 eum

507 2291 681 2348 turbae
721 2291 965 2347 dicentes
998 2308 1013 2346 :
1046 2291 1183 2359 Quid
1229 2306 1358 2361 ergo
1400 2288 1696 2345 faciemus?
1748 2286 2103 2353 Respondens

505 2392 723 2450 autem,
773 2384 989 2440 dicebat
1032 2383 1141 2439 illis
1178 2401 1190 2436 :
1224 2384 1326 2448 Qui
1358 2382 1523 2436 habet
1574 2381 1708 2435 duas
1742 2380 1949 2434 tunicas
1970 2420 1985 2446 ,
2014 2378 2106 2433 det

504 2492 611 2533 non
635 2477 884 2543 habenti;
931 2486 987 2532 et
1014 2478 1101 2546 qui
1136 2476 1294 2529 habet
1317 2490 1494 2540 escas,
1518 2472 1766 2527 similiter
1796 2471 1977 2530 faciat.
2002 2471 2107 2525 Ve-

505 2576 705 2624 nerunt
728 2578 783 2624 et
812 2568 1087 2637 publicani
1113 2577 1173 2621 ut
1219 2568 1645 2637 baptizarentur,
1674 2575 1730 2620 et
1756 2564 2007 2618 dixerunt
2037 2562 2107 2618 ad

510 2659 659 2716 illum
693 2679 704 2714 :
729 2660 999 2730 Magister,
1027 2658 1155 2729 quid
1180 2660 1475 2714 faciemus?
1506 2658 1576 2712 At
1602 2658 1695 2711 ille
1720 2657 1861 2711 dixit
1886 2655 1951 2710 ad
1976 2669 2103 2711 eos:

507 2748 649 2805 Nihil
680 2750 910 2819 amplius
940 2764 1098 2818 quam
1134 2748 1491 2804 constitutum
1540 2756 1624 2803 est
1648 2748 1824 2815 vobis,
1872 2748 2105 2803 faciatis.

510 2841 921 2913 Interrogabant
953 2857 1076 2897 eum
1116 2850 1171 2897 et
1201 2842 1425 2907 milites,
1451 2840 1693 2895 dicentes
1726 2859 1739 2894 :
1772 2840 1911 2907 Quid
1944 2840 2103 2895 facie-

517 2950 639 2990 mus
668 2944 724 2989 et
750 2949 848 2988 nos
874 2934 897 2986 i
928 2935 994 2988 Et
1021 2934 1095 2988 ait
1142 2934 1283 2989 illis:
1316 2934 1596 2989 Neminem
1619 2933 1937 2989 concutiatis
1961 2972 1978 3000 ,
2012 2947 2107 2988 ne-

516 3040 622 3095 que
651 3026 973 3081 calumniam
1004 3026 1230 3092 faciatis,
1271 3035 1326 3081 et
1349 3028 1586 3081 contenti
1618 3035 1793 3081 estote
1828 3026 2107 3095 stipendiis

507 3121 721 3177 vestris.
764 3120 1120 3175 Existimante
1173 3130 1350 3175 autem
1379 3122 1597 3190 populo,
1643 3128 1699 3174 et
1745 3120 2105 3189 cogitantibus

509 3212 761 3267 omnibus
786 3210 840 3266 in
874 3212 1129 3266 cordibus
1174 3213 1287 3265 suis
1316 3211 1384 3265 de
1434 3211 1666 3280 Joanne,
1696 3226 1766 3266 ne
1807 3211 1945 3267 forte
1994 3212 2107 3280 ipse

2205 2010 2331 2066 bam
2377 2026 2532 2077 eum;
2566 2011 2661 2067 sed
2688 2014 2778 2082 qui
2811 2014 2959 2068 misit
2989 2029 3077 2070 me
3128 2015 3401 2084 baptizare
3432 2015 3486 2070 in
3514 2031 3679 2085 aqua,
3711 2014 3803 2071 ille

2210 2106 2345 2162 mihi
2369 2106 2505 2161 dixit
2537 2125 2550 2160 :
2580 2107 2755 2174 Super
2799 2123 2957 2179 quem
3003 2108 3245 2163 videritis
3274 2109 3531 2178 Spiritum
3579 2110 3802 2164 descen-

2205 2198 2446 2266 dentem,
2474 2209 2529 2254 et
2556 2208 2862 2255 manentem
2886 2215 3050 2268 super
3070 2216 3217 2264 eum,
3241 2201 3328 2255 hic
3342 2210 3422 2255 est
3443 2200 3534 2269 qui
3567 2201 3805 2269 baptizat

2206 2288 2262 2343 in
2290 2288 2491 2359 Spiritu
2530 2298 2740 2346 sancto.
2766 2291 2875 2361 Ego
2903 2291 3036 2361 vidi,
3065 2300 3123 2347 et
3159 2292 3524 2347 testimonium
3555 2290 3803 2362 perhibui

2207 2381 2331 2452 quia
2360 2382 2446 2437 hic
2466 2391 2549 2438 est
2576 2381 2742 2438 Filius
2774 2382 2888 2438 Dei.

2802 2474 3033 2531 CAPUT
3080 2474 3177 2529 XV

2436 2566 2635 2622 Ductus
2661 2576 2735 2622 est
2762 2567 2916 2623 Jesus
2945 2586 2978 2623 a
2997 2569 3186 2636 spiritu
3216 2567 3269 2623 in
3295 2567 3567 2622 desertum.

2282 2678 2498 2735 ΜΑττιι.
2530 2695 2604 2745 tv,
2638 2680 2759 2734 1-11
2788 2696 2801 2745 ;
2837 2679 3013 2735 MARC.
3044 2682 3082 2744 i,
3117 2679 3203 2743 12,
3250 2679 3345 2744 13;
3380 2678 3506 2733 Luc.
3535 2693 3609 2743 tv,
3652 2678 3805 2735 1-13.

2211 2770 2362 2826 Tunc
2389 2771 2548 2826 Jesus
2577 2771 2769 2826 ductus
2791 2778 2873 2824 est
2907 2770 2961 2824 in
2987 2771 3258 2825 desertum
3284 2786 3312 2824 a
3336 2769 3523 2838 spiritu
3547 2810 3565 2834 ,
3596 2779 3656 2823 ιιι
3686 2777 3805 2825 ten-

2212 2873 2419 2919 taretur
2440 2864 2727 2919 a—diaholo.
2763 2864 2970 2919 Etcum
2998 2863 3297 2933 jejunasset
3322 2864 3668 2935 quadraginta
3691 2864 3805 2920 die-

2211 2956 2311 3011 bus
2338 2964 2393 3011 et
2419 2956 2771 3027 quadraginta
2795 2956 3067 3019 noctibus,
3103 2965 3287 3025 postea
3325 2957 3533 3011 csuriit.
3559 2956 3629 3012 Et
3650 2971 3801 3012 acce-

2215 3048 2351 3102 dens
2380 3057 2619 3103 tentator
2646 3048 2781 3103 dixit
2814 3067 2827 3101 :
2876 3049 2933 3104 Si
2963 3048 3131 3103 Filius
3164 3049 3261 3106 Dei
3289 3063 3371 3116 es,
3403 3049 3489 3107 dic
3516 3057 3575 3104 ut
3599 3049 3805 3119 lapides

2213 3141 2303 3196 isti
2336 3156 2499 3211 panes
2538 3142 2687 3199 fiant.
2728 3142 2829 3209 Qui
2878 3145 3214 3209 respondens
3238 3184 3255 3209 ,
3316 3144 3451 3198 dixit
3480 3156 3502 3199 :
3532 3142 3807 3212 Scriptum

2215 3242 2299 3287 est
2329 3249 2343 3286 :
2376 3232 2494 3287 Non
2525 3234 2579 3287 in
2609 3248 2745 3303 pane
2781 3233 2898 3288 solo
2924 3233 3055 3288 vivit
3084 3232 3267 3303 homo,
3301 3233 3395 3288 sed
3426 3234 3477 3288 in
3506 3234 3655 3288 omni
3682 3249 3807 3289 ver-

507 3313 654 3359 esset
692 3303 962 3370 Christus,
991 3334 1062 3344 —
1085 3303 1237 3359 Joxn.
1263 3320 1302 3369 ι,
1330 3305 1525 3373 19-25,
1561 3306 1819 3361 Miserunt
1838 3304 2011 3362 Judaei
2040 3305 2105 3360 ab

2216 3322 2286 3377 bo
2314 3325 2453 3394 quod
2486 3300 2729 3393 procedit
2771 3326 2839 3378 de
2869 3340 2964 3380 ore
3012 3325 3110 3379 Dci
3160 3300 3339 3395 (Deut.
3371 3339 3485 3393 vm,
3520 3323 3597 3394 4).
3656 3324 3806 3381 Tunc

508 3393 895 3466 Hierosolymis
917 3397 1228 3452 sacerdotes
1252 3407 1306 3451 et
1326 3397 1513 3451 levitas
1531 3398 1595 3450 ad
1620 3413 1764 3462 eum,
1796 3408 1851 3450 ut
1881 3398 2110 3452 interro-

508 3495 698 3557 garent
727 3501 849 3541 eum
885 3486 1008 3541 :Tu
1034 3489 1153 3555 quis
1191 3488 1290 3542 es?
1324 3488 1389 3541 Et
1442 3488 1719 3541 confessus
1766 3496 1872 3552 est,
1918 3497 2108 3542 etnon

508 3577 752 3649 negavit;
782 3586 837 3632 et
855 3580 1134 3632 confessus
1165 3586 1248 3631 est
1281 3596 1296 3630 :
1338 3578 1471 3643 Quia
1504 3593 1607 3630 non
1638 3594 1756 3632 sum
1810 3592 1911 3645 ego
1956 3577 2110 3631 Chri-

512 3676 650 3723 stus.
679 3666 1239 3733 Etinlcrrngaverunt
1288 3680 1409 3719 eum
1447 3683 1460 3718 :
1493 3664 1629 3731 Quid
1658 3666 1823 3732 ergo?
1872 3666 2012 3720 Elias
2051 3680 2110 3722 es

511 3757 607 3811 tu?
635 3758 694 3811 Et
742 3757 877 3809 dixit
903 3773 916 3809 :
950 3755 1066 3809 Non
1095 3771 1238 3810 sum.
1272 3754 1541 3821 Propheta
1564 3771 1623 3810 es
1647 3756 1746 3809 tu?
1772 3756 1839 3809 Et
1886 3770 2111 3824 respou-

512 3847 595 3903 dit
624 3862 641 3903 :
673 3846 811 3900 Non.
845 3847 1258 3915 Dixeruntergo
1285 3843 1337 3898 ei
1364 3860 1377 3896 :
1404 3845 1536 3911 Quis
1582 3859 1663 3911 es,
1697 3856 1753 3899 ut
1791 3860 2110 3914 responsum

513 3934 705 3990 demus
730 3935 813 3989 his
841 3936 931 4005 qui
973 3934 1238 3989 miserunt
1260 3934 1396 3987 nos?
1441 3935 1575 4000 Quid
1606 3934 1741 3989 dicis
1782 3936 1849 3989 de
1878 3946 1928 3989 ιε
1959 3934 2110 4003 ipso?

515 4026 650 4081 Ait:
685 4026 798 4093 Ego
864 4041 984 4079 sum
1025 4040 1129 4078 vox
1184 4025 1468 4079 clamantis
1516 4026 1567 4078 in
1626 4025 1883 4079 deserto:
1917 4026 2111 4082 Parate

514 4119 658 4172 viam
686 4117 918 4184 Domini,
948 4117 1087 4172 sicut
1116 4117 1252 4172 dixit
1281 4117 1441 4171 Isaias
1464 4116 1723 4187 pr0pheta
1752 4116 1884 4189 (Isa.
1915 4134 2001 4184 ιι,
2028 4116 2107 4189 5).

516 4210 586 4266 Ει
615 4210 705 4281 qui
731 4211 879 4267 missi
910 4214 1140 4277 fuerant,
1172 4220 1418 4267 erantex
1450 4212 1753 4266 Pharisazis.
1786 4212 1851 4265 Et
1879 4211 2111 4267 interro-

512 4312 776 4375 gaverunt
804 4320 947 4369 eum,
970 4314 1024 4360 et
1051 4304 1305 4359 dixerunt
1338 4321 1352 4358 :
1386 4304 1523 4371 Quid
1549 4319 1677 4375 ergo
1699 4305 1954 4373 baptizas,
1985 4305 2032 4360 si
2056 4314 2111 4361 tu

516 4410 626 4452 non
652 4412 712 4452 es
731 4395 1000 4463 Christus,
1030 4410 1206 4466 neque
1230 4395 1394 4464 Elias,
1444 4411 1618 4465 neque
1663 4397 1963 4466 prOpheta‘!
2001 4397 2110 4454 Re-

511 4487 728 4557 spondit
752 4486 832 4543 eis
856 4485 1112 4553 Joannes,
1142 4486 1352 4551 dicens,
1384 4516 1456 4528 —
1486 4489 1699 4543 ΜΑττιι.
1747 4504 1803 4544 ιιι
1825 4530 1840 4555 ,
1883 4490 1971 4560 11,
2009 4490 2109 4558 12;

512 4576 683 4632 Mane.
700 4592 740 4643 t,
760 4576 894 4641 7,8;
922 4577 1141 4643 Lucan,
1157 4578 1353 4643 16-18;
1372 4577 1527 4634 Joxu.
1544 4594 1583 4646 t,
1601 4582 1693 4644 2b,
1707 4580 1801 4634 27:
1817 4581 1849 4615 ⁸
1864 4582 1973 4651 Ego
1990 4582 2111 4650 qui-

2213 3416 2509 3486 assumpsit
2538 3431 2659 3470 eum
2684 3415 2934 3470 diabolus
2960 3416 3013 3470 in
3031 3424 3272 3471 sanctam
3296 3417 3588 3484 civitatem,
3617 3424 3676 3471 et
3699 3425 3810 3471 sta-

2216 3508 2318 3560 tuit
2362 3522 2483 3560 eum
2520 3522 2682 3576 supra
2714 3507 3063 3576 pinnaculum
3089 3509 3296 3578 templi,
3349 3518 3404 3564 et
3458 3508 3589 3562 dixit
3616 3508 3667 3564 ei
3702 3525 3717 3560 :
3750 3508 3808 3564 Si

2216 3597 2383 3653 Filius
2411 3599 2505 3653 Dei
2546 3614 2627 3664 es,
2654 3600 2807 3655 mitte
2837 3610 2888 3656 te
2914 3601 3191 3657 deorsum.
3213 3602 3479 3672 Scriptum
3501 3610 3581 3655 est
3612 3602 3759 3657 enim
3788 3619 3803 3655 :

2212 3690 2346 3758 Quia
2368 3692 2572 3761 angelis
2604 3693 2717 3747 suis
2741 3694 3012 3749 mandavit
3032 3694 3101 3751 de
3127 3704 3199 3761 te,
3231 3706 3287 3750 et
3324 3697 3377 3749 in
3421 3695 3668 3749 manibus
3697 3694 3805 3749 tol-

2216 3785 2327 3840 lent
2350 3794 2420 3850 te,
2453 3800 2521 3841 ne
2548 3785 2688 3841 forte
2733 3786 2975 3842 offendas
3017 3787 3084 3841 ad
3134 3786 3367 3854 lapidem
3410 3787 3603 3855 pedem
3657 3795 3804 3841 tuum

2217 3873 2415 3945 (Paul.
2450 3890 2535 3941 xc,
2566 3876 2624 3929 11
2665 3876 2708 3945 ).
2756 3877 2843 3931 Ait
2903 3877 2979 3931 illi
3028 3876 3325 3932 Dominus:
3379 3876 3611 3931 Rursum
3675 3876 3810 3931 scri-

2214 3977 2363 4036 ptum
2416 3976 2499 4021 est
2550 3984 2564 4021 :
2608 3966 2724 4022 Non
2782 3968 3010 4023 tentabis
3062 3969 3348 4023 Dominum
3426 3969 3593 4023 Deum
3656 3976 3808 4023 tuum

2217 4056 2395 4127 (Deut.
2430 4074 2505 4124 vt,
2550 4059 2661 4130 16).
2712 4059 2909 4115 Iterum
2949 4062 3242 4131 assumpsit
3281 4075 3405 4116 eum
3459 4060 3705 4117 diabolus
3751 4061 3807 4116 in

2217 4157 2453 4204 montem
2486 4151 2760 4207 excelsum
2787 4151 2965 4219 valde,
2995 4160 3051 4208 et
3085 4151 3323 4208 ostendit
3348 4152 3396 4207 ei
3426 4152 3608 4207 omnia
3640 4166 3806 4221 regna

2216 4243 2424 4309 mundi,
2459 4252 2513 4297 et
2547 4244 2773 4315 gloriam
2802 4259 3011 4299 eorum.
3054 4243 3120 4298 Et
3147 4244 3289 4298 dixit
3311 4244 3428 4299 illi:
3464 4244 3592 4299 [Iaso
3623 4244 3808 4299 omnia

2217 4334 2314 4390 tibi
2331 4335 2493 4401 dabo,
2511 4338 2554 4390 si
2570 4337 2768 4392 cadens
2790 4337 3102 4392 adoraveris
3120 4352 3227 4392 me.
3240 4336 3391 4392 Tunc
3402 4337 3532 4392 dicit
3553 4337 3601 4391 ei
3626 4335 3803 4392 Jesus:

2217 4423 2388 4493 Vade,
2420 4426 2676 4494 Satanas;
2706 4429 2965 4497 scriptum
2990 4439 3073 4483 est
3099 4428 3243 4482 enim
3276 4446 3290 4483 :
3326 4429 3610 4483 Dominum
3638 4427 3805 4482 Deum

2215 4525 2381 4571 tuum
2394 4518 2669 4584 adorabis,
2692 4519 2845 4574 etilli
2872 4519 2977 4575 soli
3004 4520 3208 4575 servies
3224 4518 3278 4587 (1
3286 4520 3417 4587 bid.,
3438 4519 3553 4589 25).
3576 4548 3648 4560 -—
3672 4518 3801 4574 Luc.

2219 4628 2293 4681 tv,
2318 4615 2406 4670 15.
2439 4614 2508 4668 Et
2536 4625 2906 4670 consummata
2930 4616 3077 4670 omni
3102 4616 3418 4682 tentatlone,
3452 4613 3806 4682 tuncreliquit

515 4665 641 4777 «33':
669 4665 1913 4777 ξξνξίξξξεῖίπμιταιίξμξιχριξιξίιει]ιίεξιιξτρυε
1930 4682 2108 4728 autem
2136 4682 2192 4744 ι)
2217 4665 2340 4759 ..'..;
2356 4665 2906 4776 'aaa‘.;.‘.;;;;.a
2928 4665 3439 4777 magna;
3459 4665 3805 4775 usus;

518 4764 642 4825 post
668 4770 756 4810 me
777 4764 1038 4810 venturus
1069 4766 1175 4821 est,
1207 4756 1395 4811 fortior
1436 4773 1524 4812 me
1549 4767 1652 4827 est,
1684 4760 1837 4828 cujus
1861 4776 1969 4815 non
1990 4777 2108 4817 sum

519 4847 713 4915 dignus
738 4847 1102 4903 calceamenta
1135 4858 1371 4915 portare.
1415 4849 1618 4904 Medius
1656 4860 1833 4905 autem
1865 4863 2107 4910 vestrum

521 4938 692 5003 stetit,
715 4952 874 5006 quem
903 4953 999 4993 vos
1030 4939 1271 4993 nescitis.
1306 4939 1426 5008 Ipse
1449 4955 1548 4995 vos
1577 4941 1873 5011 baptizabit
1902 4945 1952 4999 in
1984 4946 2106 5016 Spi-

518 5029 629 5084 ritu
646 5038 833 5085 sancto
853 5039 909 5086 et
928 5031 1069 5101 igne.
1116 5030 1282 5102 Cujus
1308 5033 1665 5089 ventilabrum
1695 5035 1747 5090 in
1780 5052 1936 5093 manu
1966 5040 2106 5110 ejus,

522 5134 579 5183 et
606 5126 983 5197 permundabit
1012 5141 1191 5182 aream
1218 5143 1395 5195 suam,
1427 5138 1480 5184 et
1500 5132 1845 5202 congregabit
1874 5135 2107 5189 triticum

523 5232 678 5274 suum
712 5218 765 5272 in
797 5218 1074 5287 horreum,
1108 5220 1289 5289 paleas
1309 5232 1489 5276 autem
1513 5222 1790 5280 comburet
1819 5227 1925 5297 igni
1957 5226 2108 5281 inex-

520 5312 840 5382 stiuguibili.
872 5315 1038 5370 Multa
1062 5317 1278 5387 quidem
1302 5328 1356 5373 et
1402 5319 1505 5374 alia
1535 5320 1848 5385 exhortans,
1880 5336 2109 5392 evange-

518 5404 715 5460 Iizabat
742 5409 963 5476 p0pulo.
996 5438 1069 5451 -
1093 5410 1397 5480 Joau.t,28.
1434 5413 1559 5469 Haec
1599 5414 1650 5468 in
1683 5413 1939 5468 Bethania
1969 5412 2107 5471 facta

519 5504 645 5552 sunt
674 5506 822 5554 trans
845 5499 1159 5573 Jordanem,
1191 5504 1279 5559 ubi
1311 5513 1430 5559 erat
1457 5504 1691 5561 Joannes
1716 5504 2013 5574 baptizans.

1118 5614 1344 5673 CAPUT
1382 5617 1525 5673 XIV.

914 5704 1218 5776 Baptizatur
1256 5707 1408 5763 Jesus
1436 5725 1469 5762 a
1494 5707 1717 5763 Joanne.

598 5792 810 5851 Marx-tt.
838 5808 916 5863 ιιι,
949 5797 1335 5865 13-17;Mxnc.
1366 5814 1406 5867 ι,
1435 5800 1590 5855 9-11.
1616 5798 1766 5855 Tunc
1781 5799 1929 5857 venit
1952 5798 2107 5860 Jesus

2214 4809 2318 4866 que
2343 4810 2465 4851 cum
2503 4796 2709 4852 bestiis.
2748 4799 2817 4853 Et
2856 4812 2984 4855 ecce
3027 4800 3203 4870 angeli
3233 4808 3601 4866 accesserunt,
3629 4797 3795 4854 etmi-

2214 4887 2512 4944 nistrabaut
2531 4888 2600 4941 ei.
3633 4901 3645 4919 ι

2796 4975 3024 5035 CAPUT
3063 4978 3205 5034 XVI.

2421 5068 2541 5145 Duo
2569 5068 2810 5142 discipuli
2830 5070 3047 5128 Joannis
3076 5072 3235 5127 secuti
3260 5079 3379 5127 sunt
3400 5070 3601 5126 Jesum.

2289 5164 2446 5221 JOAN.
2475 5180 2514 5231 t,
2539 5164 2730 5220 35-12.
2765 5166 2947 5221 Altera
2987 5167 3073 5220 die
3102 5167 3296 5220 iterum
3326 5164 3501 5219 stabat
3541 5163 3799 5230 Joannes,

2211 5262 2269 5311 et
2287 5270 2353 5310 ex
2376 5255 2648 5325 discipulis
2682 5256 2799 5325 ejus
2820 5257 2948 5312 duo.
2981 5256 3046 5311 Et
3074 5258 3369 5326 respiciens
3389 5255 3571 5311 .lesum
3606 5256 3797 5310 ambu-

2212 5348 2408 5403 lantem
2435 5348 2567 5403 dicit
2596 5366 2610 5403 :
2646 5348 2783 5403 Ecce
2821 5348 3002 5418 Agnus
3052 5350 3171 5415 Dei,
3201 5364 3327 5404 ecce
3356 5351 3448 5419 qui
3489 5349 3628 5403 tollit
3670 5360 3797 5415 pec-

2210 5452 2327 5496 cata
2356 5441 2559 5497 muntli.
2596 5441 2660 5496 Et
2682 5441 2971 5497 audivrunt
2999 5457 3122 5496 eum
3157 5442 3264 5496 duo
3299 5441 3546 5510 discipuli
3577 5441 3797 5509 loquen-

2211 5541 2340 5602 tem,
2370 5544 2426 5589 et
2474 5534 2644 5589 secuti
2674 5543 2799 5589 sunt
2823 5534 3026 5589 Jesum.
3081 5534 3389 5589 Conversus
3417 5544 3594 5587 autem
3619 5532 3799 5598 Jesus,

2215 5633 2269 5681 et
2296 5627 2484 5679 videns
2511 5640 2603 5681 eos
2631 5635 2917 5694 sequentes
2944 5642 3025 5690 se,
3054 5626 3182 5680 dicit
3203 5625 3280 5680 eis
3314 5641 3329 5680 :
3361 5624 3501 5691 Quid
3522 5620 3800 5694 quaeritis!

2214 5715 2316 5781 Qui
2346 5714 2593 5770 dixerunt
2618 5714 2668 5770 ei
2701 5732 2712 5766 :
2747 5715 2913 5771 Rabbi
2937 5717 3111 5786 (Quod
3139 5717 3335 5773 dicitur
3366 5717 3800 5785 interpretatum,

2216 5806 2509 5879 Magister),
2541 5807 2633 5865 ubi
2652 5806 2898 5866 habitas?
2937 5809 3076 5867 Dicit
3121 5810 3201 5868 eis
3232 5825 3249 5870 :
3278 5807 3492 5879 Venite,
3519 5814 3579 5878 et
3600 5805 3795 5866 videte.

597 5921 625 5955 ι
655 5912 833 5987 Vulg.,
866 5915 1018 5986 Quia.
1041 5918 1232 5975 uidi....
1284 5931 1438 5991 super
1463 5932 1611 5988 quem
1640 5914 1875 5992 videria._
1900 5915 2268 5990 Nequealiter
2302 5919 2477 5977 Graec.
