4026 6464
188 388 301 444 965

134 572 137 573 ν
194 501 501 563 Venerunt,
542 503 597 552 et
636 493 884 549 viderunt
925 493 1012 547 ttbi
1054 501 1315 557 maneret,
1355 500 1410 547 et
1454 489 1594 557 apud
1645 501 1765 543 eum
1794 489 1846 547 Α

195 597 510 647 manserunt
550 587 777 642 dieillo.
811 586 949 640 IIora
981 596 1158 640 autem
1213 593 1327 639 erat
1362 583 1511 652 quasi
1540 580 1768 636 decima.

196 684 325 739 Erat
360 690 535 736 autem
577 677 818 732 Andreas
849 677 1012 731 frater
1058 673 1294 730 Simonis
1325 674 1489 738 Petri,
1521 687 1656 726 unus
1699 685 1771 724 ex

194 773 406 831 duobus
434 768 524 840 qui
575 768 859 822 audierunt
893 782 923 820 a
978 766 1204 831 Joanne,
1258 773 1312 819 et
1365 764 1532 819 secuti
1565 761 1775 816 fuerunt

195 878 344 919 eum.
376 860 582 916 Invenit
621 860 705 913 hic
760 858 987 927 primum
1045 856 1262 911 fratrem
1295 870 1447 909 suum
1476 854 1771 917 Simonem,

196 966 254 1011 et
291 954 418 1009 dicit
446 953 517 1009 ei:
548 950 851 1006 Invenimus
888 949 1134 1004 Messiam
1165 946 1323 1016 (quod
1348 956 1428 1001 est
1465 946 1777 1012 interpreta-

200 1057 314 1102 tum
340 1043 630 1115 Christus).
674 1042 739 1097 Et
784 1040 1002 1095 adduxit
1028 1054 1147 1094 eum
1188 1039 1252 1091 ad
1300 1037 1500 1092 Jesum.
1558 1035 1778 1089 Intuitus

198 1149 378 1195 autem
404 1153 525 1193 eum
548 1137 723 1203 Jesus,
741 1133 914 1189 dixit:
941 1133 1021 1187 Tu
1046 1146 1104 1187 es
1126 1132 1309 1186 Simon
1340 1128 1480 1184 ﬁlius
1509 1128 1709 1182 Joanna
1728 1136 1775 1182 δε

200 1241 261 1287 ιιι
298 1230 577 1288 vocaberis
603 1228 811 1298 Cephas
835 1225 996 1298 (quod
1025 1226 1411 1295 interpretatur
1441 1219 1677 1290 Petrus).

790 1336 1014 1393 CAPUT
1051 1322 1231 1391 xvu.”

626 1426 704 1482 De
727 1426 970 1497 Philippo
991 1434 1037 1480 et
1066 1424 1409 1481 Nat/tanaele.

271 1541 429 1597 Josu.
460 1539 713 1607 1,43-51.
762 1538 821 1593 In
854 1537 1147 1594 crastinum
1198 1545 1374 1591 autem
1426 1534 1595 1591 voluit
1633 1535 1784 1589 exire

201 1633 258 1687 in
281 1631 577 1686 Galilazam.
601 1630 669 1685 Et
688 1630 891 1684 invenit
918 1628 1246 1696 Philippum,
1278 1627 1478 1682 etdicit
1510 1627 1560 1681 ei
1584 1626 1741 1683 Jesus
1766 1642 1781 1680 :

198 1721 444 1791 Sequere
464 1735 571 1776 me.
596 1719 723 1774 Erat
736 1728 911 1775 autem
933 1718 1209 1788 Philippus
1246 1732 1277 1771 a
1306 1717 1613 1782 Bethsaida,
1652 1716 1786 1772 civi-

200 1821 317 1867 tate
347 1811 576 1868 Andrca:
604 1821 658 1867 et
675 1812 839 1867 Petri.
899 1810 1103 1866 Invenit
1148 1808 1424 1879 Philippus
1466 1808 1781 1872 Nathanael,

198 1913 259 1961 et
281 1904 413 1960 dicit
432 1906 480 1959 ei
504 1923 516 1957 :
536 1903 703 1970 Quem
724 1902 1226 1973 scripsitMoysesin
1258 1902 1395 1971 lege,
1419 1910 1471 1955 et
1486 1900 1779 1970 prophetae,

201 1997 507 2052 invenimus
531 1998 713 2053 Jesum
742 1996 908 2049 ﬁlium
934 1994 1131 2063 Joseph
1170 2010 1199 2046 a
1240 1994 1523 2048 Nazareth.
1552 1993 1621 2048 Et
1646 1992 1787 2047 dixit

202 2086 543 2143 Natbanael:
577 2092 619 2142 A
651 2087 913 2141 Nazarcth
959 2095 1137 2156 potest
1191 2086 1393 2155 aliquid
1443 2086 1569 2141 boni
1625 2086 1788 2141 esse?

208 2177 418 2234 Dicitei
446 2177 758 2248 Philippus:
793 2176 928 2233 Veni
957 2185 1010 2232 et
1050 2177 1189 2232 vide.
1215 2176 1360 2231 Vidit
1410 2175 1566 2231 Jesus
1594 2175 1791 2230 Natha-

208 2273 331 2329 naeI
357 2273 661 2329 venientem
690 2271 755 2326 ad
774 2286 852 2339 se,
874 2271 1068 2326 etdicit
1092 2270 1158 2325 de
1183 2285 1251 2326 eo
1275 2289 1287 2322 :
1315 2271 1452 2326 Ecce
1474 2285 1600 2326 vere
1623 2270 1790 2325 Israe-

206 2366 322 2434 lita,
346 2366 522 2435 inquo
542 2366 696 2421 dolus
721 2378 827 2419 non
848 2372 952 2419 est.
984 2362 1123 2418 Dicit
1138 2363 1185 2418 ei
1234 2361 1527 2417 Nathanael
1566 2380 1579 2414 :
1638 2360 1793 2417 Unde

210 2472 297 2513 me
325 2456 832 2527 nosti‘iRespondit
856 2455 1034 2521 Jesus,
1064 2464 1119 2510 et
1158 2454 1294 2509 dixit
1334 2456 1383 2510 ei
1420 2472 1431 2506 :
1478 2454 1789 2524 Priusquam

212 2560 265 2605 te
284 2549 564 2619 Philippus
592 2558 827 2613 vocaret,
848 2562 969 2603 cum
994 2560 1144 2602 esses
1164 2548 1263 2601 sub
1298 2548 1421 2612 ﬁcu,
1449 2547 1558 2602 vidi
1581 2554 1655 2601 te.
1688 2546 1791 2601 ite-

209 2642 427 2710 spondit
454 2643 503 2697 ei
532 2640 853 2707 Nathanael,
879 2648 935 2696 et
962 2642 1071 2693 ait:
1099 2637 1291 2703 Rabbi,
1316 2649 1370 2693 tu
1405 2654 1463 2693 es
1484 2638 1648 2693 Filius
1671 2637 1789 2703 Dei,

212 2743 269 2789 tu
288 2749 349 2790 es
374 2734 485 2788 Rex
502 2733 685 2789 Israel.
715 2732 1012 2801 Respondit
1033 2731 1209 2796 Jesus,
1237 2740 1290 2787 et
1315 2731 1446 2786 dixit
1492 2732 1542 2787 ei
1598 2749 1610 2785 :
1658 2732 1791 2797 Quia

212 2826 323 2880 dixi
356 2826 471 2891 tibi,
504 2825 688 2882 Vidite
712 2827 810 2881 sub
840 2826 963 2892 ﬁcu,
1006 2825 1180 2882 credis
1203 2824 1226 2878 Ἰ
1248 2825 1419 2893 majus
1448 2826 1528 2878 his
1558 2824 1788 2880 videbis.

216 2915 281 2969 Et
304 2915 436 2970 dicit
462 2915 542 2972 eis
574 2933 588 2969 :
618 2916 810 2981 Amen,
836 2931 993 2970 amen
1020 2914 1143 2969 dico
1168 2915 1342 2980 vobis,
1390 2915 1639 2970 videbitis
1681 2932 1790 2971 ca:-

212 3005 322 3060 lum
342 3016 606 3076 apertum,
637 3015 692 3062 et
711 3008 927 3074 angelos
972 3005 1064 3061 Dei
1084 3006 1431 3060 ascendentes
1457 3004 1484 3043 δ
1510 3022 1668 3076 supra
1708 3007 1797 3061 Fi-

212 3096 342 3151 lium
374 3096 629 3154 hominis.
658 3127 727 3137 —
752 3092 880 3151 Luc.
919 3112 992 3163 tv,
1044 3097 1229 3151 14-15.
1282 3097 1349 3151 Et
1393 3110 1670 3167 regressus
1712 3105 1795 3153 est

211 3186 370 3245 Jesns
395 3188 449 3244 in
472 3189 671 3246 virtute
707 3189 927 3262 spiritus
961 3190 1012 3244 in
1049 3188 1322 3245 Galilaeam
1353 3205 1368 3244 :
1418 3202 1472 3244 et
1500 3191 1636 3244 fama
1663 3190 1793 3246 exiit
1819 3230 1864 3293 Ο

214 3296 309 3350 per
332 3280 637 3337 univeisam
664 3283 934 3351 regionem
963 3282 1031 3337 de
1053 3282 1169 3337 illo.
1200 3279 1265 3335 Et
1325 3279 1439 3349 ipse
1488 3279 1713 3337 docebat
1737 3282 1788 3334 in

214 3374 501 3446 synagogis
550 3373 1300 3447 eorum,etmagniﬁcabatur
1349 3373 1417 3426 ab
1454 3374 1720 3428 omnibus.

796 3486 1022 3542 CAPUT
1063 3484 1246 3539 XVIII.

466 3578 533 3634 In
555 3594 817 3651 synagoga
839 3578 959 3648 legit
985 3575 1137 3630 Iesus
1160 3575 1347 3629 librum
1370 3573 1544 3629 lsaiw.

285 3691 421 3748 Luc.
454 3706 527 3758 tv,
559 3689 748 3745 16-21.
780 3690 845 3744 Et
870 3690 1015 3744 venit
1044 3687 1307 3743 Nazareth
1346 3688 1435 3743 ubi
1481 3697 1597 3744 erat
1625 3689 1794 3743 nutri-

218 3791 323 3850 tus,
351 3792 409 3838 et
434 3781 650 3836 intravit
703 3780 993 3835 secundum
1024 3778 1461 3834 consuetudinem
1516 3793 1665 3833 suam
1711 3779 1800 3834 die

216 3872 428 3929 sabbati
454 3873 506 3926 in
537 3885 887 3942 synagogam,
916 3878 972 3926 et
992 3871 1227 3925 surrexit
1249 3870 1446 3940 legere,
1476 3879 1530 3925 et
1570 3869 1796 3924 traditus

216 3972 299 4018 est
319 3964 400 4019 illi
428 3964 561 4018 liber
595 3963 743 4017 Isaia:
768 3961 1060 4032 prophetat.
1095 3961 1161 4016 Et
1201 3970 1259 4015 ut
1305 3960 1534 4015 revolvit
1579 3961 1796 4025 librum,

219 4053 427 4111 invenit
455 4054 630 4109 locum
662 4053 752 4108 ubi
772 4052 1028 4121 scriptum
1084 4058 1200 4106 erat
1246 4065 1262 4104 :
1306 4049 1536 4120 Spiritus
1589 4050 1800 4105 Domini

218 4159 386 4218 super
407 4162 524 4212 me;
552 4154 770 4217 propter
788 4145 929 4215 quod
957 4144 1115 4199 unxit
1142 4157 1248 4207 me,
1276 4144 1645 4213 evangelizare
1670 4158 1801 4211 pau-

217 4239 441 4306 peribus
471 4237 617 4292 misit
652 4252 759 4301 me,
784 4250 976 4292 sanare
1030 4235 1292 4290 contritos
1319 4237 1484 4290 corde
1512 4245 1559 4299 θ,
1606 4236 1798 4304 praedi-

220 4341 345 4385 care
373 4329 598 4398 captivis
620 4330 1012 4393 remissionem,
1034 4336 1090 4383 et
1114 4328 1271 4383 caecis
1318 4328 1510 4390 visum.
1534 4328 1803 4381 dimittere

223 4418 591 4475 confractosin
613 4422 1011 4485 remissionem,
1045 4420 1337 4487 praedicare
1370 4434 1565 4471 annum
1584 4419 1803 4472 Domini

940 374 1526 436 EVANGELICARUM
1564 368 2069 430 HAIIMONIARUM
2110 363 2678 422 INTERPRETATIO.

1816 1868 1862 1925 Β

3332 369 3437 425 9.66

2469 478 2693 535 CAPUT
2733 477 2874 534 XIX.

1869 574 2019 629 Iesus
2044 575 2236 630 vocavit
2252 573 2460 629 Petrum
2483 569 3071 638 etAndrcamJacobum
3091 582 3136 627 et
3164 571 3440 629 Joannem.

1945 715 2161 769 ΜΑττιι.
2195 730 2267 778 tv,
2302 714 2493 770 18-22.
2546 713 2839 769 Ambulans
2874 720 3049 767 autem
3096 713 3245 783 juxta
3299 730 3447 768 mare

1873 809 2127 875 Galilmze,
2187 809 2318 862 vidit
2344 809 2477 862 duos
2501 808 2712 872 fratres,
2768 807 3041 865 Simonem
3091 808 3178 877 qui
3227 818 3449 861 vocatur

1875 900 2086 964 Petrus,
2114 900 2447 955 etAndream
2479 899 2695 955 fratrem
2718 901 2855 969 ejus,
2910 900 3179 954 mittentes
3221 910 3332 955 rete
3396 901 3448 951 in

1876 1007 2045 1047 mare.
2072 992 2235 1045 Erant
2263 992 2404 1045 enim
2469 992 2779 1059 piscatores.
2832 993 2896 1045 Et
2949 991 3023 1045 ait
3073 991 3216 1046 illis:
3262 991 3449 1047 Venite

1878 1090 2000 1152 post
2025 1098 2141 1147 me;
2172 1080 2358 1135 faciam
2386 1094 2483 1135 vos
2534 1081 2651 1134 ﬁeri
2716 1082 3008 1149 piscatores
3046 1080 3342 1136 hominum.
3384 1085 3452 1136 At

1880 1173 1959 1227 illi
1989 1174 2243 1226 continuo
2272 1171 2472 1226 relictis
2530 1170 2754 1237 retibus,
2803 1172 2971 1225 secuti
3032 1180 3161 1226 sunt
3210 1186 3354 1228 eum.
3384 1173 3452 1227 Et

1880 1263 2177 1332 procedens
2201 1263 2347 1328 inde,
2401 1262 2532 1316 vidit
2580 1261 2713 1315 alios
2741 1262 2876 1317 duos
2919 1262 3142 1329 fratres,
3194 1263 3451 1320 Iacobum

1881 1358 2121 1413 Zebedrei
2147 1367 2201 1413 et
2228 1357 2485 1412 Joannem
2517 1355 2733 1410 fratrem
2761 1356 2898 1425 ejus,
2926 1357 2977 1409 in
3004 1357 3121 1410 navi
3148 1372 3268 1412 cum
3288 1357 3457 1412 Zebc-

1882 1450 2001 1504 dteo
2018 1460 2166 1519 patre
2185 1463 2391 1513 eorum,
2418 1447 2719 1503 reﬁcientes
2735 1449 2863 1501 retia
2882 1461 2997 1511 sua,
3025 1456 3081 1501 et
3109 1450 3314 1502 vocavit
3336 1464 3451 1503 eos.

1886 1542 2181 1607 Illiautem,
2204 1540 2381 1594 statim
2400 1538 2601 1594 relictis
2627 1536 2829 1592 retibus
2860 1547 2911 1591 et
2936 1547 3101 1606 patre,
3140 1540 3308 1593 secuti
3330 1553 3457 1593 sunt

1887 1632 2255 1688 eum—Luc.
2270 1648 2322 1697 v,
2345 1630 2489 1686 1-11.
2510 1630 2729 1684 Factum
2744 1639 2825 1685 est
2841 1640 3018 1685 autem
3042 1645 3161 1685 cum
3184 1631 3351 1685 turba:
3381 1636 3427 1685 ir
3442 1661 3458 1672 -

1889 1735 2107 1780 ruerent
2128 1725 2179 1779 in
2206 1739 2351 1792 eum,
2366 1734 2422 1777 ut
2447 1723 2693 1778 audirent
2709 1724 2926 1777 verbum
2944 1722 3059 1788 Dei,
3075 1732 3128 1777 et
3149 1724 3263 1792 ipse
3285 1724 3461 1779 stabat

1892 1830 2047 1871 secus
2076 1826 2320 1885 stagnum
2346 1814 2910 1880 Genezareth,etvidit
2939 1814 3071 1869 duas
3084 1823 3461 1871 navesstantt-s

1892 1920 2047 1962 secus
2077 1920 2321 1976 stagnum
2357 1922 2368 1957 :
2400 1905 2692 1974 piscatores
2730 1915 2907 1960 autem
2937 1906 3358 1971 descenderant,
3407 1918 3462 1960 et

1891 1997 2141 2052 Iavabant
2167 1996 2299 2051 retia
2328 2010 2444 2050 sua.
2470 1997 2777 2050 Ascendens
2802 2004 2975 2050 autem
3010 1996 3061 2050 in
3092 2011 3249 2051 uuam
3282 1997 3459 2051 navim

1891 2100 2013 2157 qua:
2039 2096 2157 2141 erat
2177 2086 2432 2147 Simonis,
2463 2086 2668 2155 rogavit
2694 2100 2815 2139 eum
2838 2100 2868 2140 a
2901 2094 3040 2140 terra
3068 2086 3328 2143 reducere
3366 2103 3463 2157 pn-

1891 2180 2069 2235 sillum
2097 2197 2109 2231 :
2137 2189 2190 2234 et
2231 2179 2429 2234 sedens
2481 2178 2707 2233 docebat
2749 2179 2818 2233 de
2869 2179 3111 2235 navicula
3165 2178 3366 2235 turbas.
3399 2182 3465 2236 Ut

1890 2273 2121 2328 cessavit
2152 2280 2328 2327 autem
2357 2270 2523 2341 loqui,
2550 2270 2682 2325 dixit
2707 2270 2774 2325 ad
2796 2270 3068 2327 Simonem
3101 2289 3115 2324 :
3150 2271 3259 2326 Duc
3300 2271 3354 2325 in
3382 2271 3465 2325 al-

1893 2370 2028 2427 tum,
2053 2373 2105 2417 et
2136 2362 2311 2415 laxate
2339 2360 2474 2417 retia
2502 2370 2679 2417 vestra
2706 2362 2761 2415 in
2815 2371 3113 2432 capturam.
3147 2361 3210 2416 Et
3237 2376 3464 2433 respon-

1892 2455 2026 2510 dens
2050 2456 2236 2511 Simon
2268 2454 2402 2509 dixit
2421 2454 2500 2509 illi
2525 2472 2538 2507 :
2562 2453 2886 2526 Praceptor,
2918 2470 3015 2526 per
3062 2464 3225 2511 totam
3256 2466 3465 2512 noctem

1893 2546 2198 2603 laborantes
2215 2547 2346 2603 nihil
2373 2547 2613 2618 cepimus
2644 2564 2659 2602 :
2692 2549 2744 2601 in
2761 2548 2927 2603 verbo
2956 2556 3133 2603 autem
3158 2557 3247 2603 tuo
3277 2548 3468 2603 laxabo

1894 2650 2030 2697 rete.
2079 2643 2143 2694 Et
2196 2655 2315 2695 cum
2362 2640 2463 2695 hoc
2492 2640 2765 2707 fecissent,
2795 2640 3176 2694 concluserunt
3244 2639 3467 2709 piscium

1893 2732 2289 2787 multitudinem
2317 2732 2610 2802 cepiosam.
2641 2732 3007 2802 Rumpcbatur
3034 2740 3212 2788 autem
3244 2742 3356 2788 rete
3371 2748 3469 2789 eo-

1893 2840 2033 2879 rum.
2066 2826 2131 2879 Et
2174 2833 2474 2880 annuerant
2496 2825 2657 2881 sociis
2675 2825 2765 2896 qui
2795 2835 2948 2881 erant
2988 2826 3039 2879 in
3071 2826 3173 2880 alia
3222 2827 3342 2881 navi
3368 2868 3383 2893 ,
3411 2834 3473 2881 ut

1894 2918 2140 2973 venirent
2159 2926 2213 2973 et
2240 2916 2559 2987 adjuvarent
2584 2930 2701 2973 eos.
2733 2916 2801 2971 Et
2849 2927 3131 2983 venerunt,
3170 2927 3227 2973 et
3273 2917 3467 2987 imple-

1894 3017 2086 3067 verunt
2107 3009 2292 3065 ambas
2322 3010 2618 3077 naviculas,
2671 3012 2742 3065 ita
2761 3018 2820 3065 ut
2872 3011 3293 3082 mergerentur‘.
3320 3012 3470 3078 Quod

1895 3116 2018 3158 cum
2045 3103 2253 3157 videret
2280 3100 2466 3157 Simon
2512 3102 2701 3157 Petrus
2748 3101 2974 3171 procidit
3022 3102 3086 3155 ad
3128 3117 3297 3172 genua
3345 3103 3471 3157 .Iesu

1896 3194 2081 3249 dicens
2113 3209 2127 3246 :
2177 3194 2271 3247 Exi
2298 3207 2329 3245 a
2356 3207 2463 3257 me,
2486 3193 2607 3261 quia
2637 3192 2796 3246 homo
2826 3202 3073 3261 peccator
3116 3207 3254 3258 sum,
3292 3192 3475 3245 Domi-

1900 3298 1987 3338 ne.
2010 3284 2207 3352 Stupor
2238 3284 2382 3338 enim
2411 3282 2840 3338 circumdederat
2864 3296 3008 3345 eum,
3063 3291 3115 3336 et
3167 3297 3355 3337 omnes
3380 3284 3472 3349 qui

1899 3391 2017 3430 cum
2050 3376 2143 3430 illo
2173 3384 2351 3442 erant,
2379 3374 2436 3429 in
2462 3382 2680 3442 captura
2721 3372 2944 3442 piscium
2968 3387 3127 3443 quam
3173 3384 3427 3442 ceperant
3461 3391 3471 3420 τ

1899 3466 2146 3522 similiter
2173 3474 2351 3519 autem
2375 3462 2632 3519 Jacobum
2654 3472 2711 3518 et
2734 3462 2991 3518 Joannem
3023 3462 3163 3517 ﬁlios
3206 3462 3473 3528 Zebeda-i,

1899 3558 1989 3627 qui
2016 3566 2169 3613 erant
2191 3558 2326 3611 socii
2344 3555 2597 3611 Simonis.
2630 3555 2697 3610 Et
2722 3554 2796 3610 ait
2843 3553 2909 3609 ad
2956 3554 3228 3611 Simonem
3271 3554 3425 3610 Jesus
3463 3573 3477 3609 :

1899 3646 2018 3703 Noli
2045 3649 2236 3701 timere
2268 3663 2280 3700 :
2312 3660 2380 3701 ex
2408 3644 2512 3701 hoc
2533 3648 2640 3700 eris
2668 3645 2907 3699 homines
2930 3644 3162 3714 capiens.
3200 3673 3269 3685 --
3317 3642 3475 3698 Joaa.

1900 3754 1960 3805 tt,
1995 3741 2081 3794 11.
2118 3738 2185 3793 Et
2209 3738 2554 3794 crediderunt
2576 3736 2628 3791 in
2658 3752 2780 3792 eum
2807 3736 3052 3806 discipuli
3077 3739 3214 3807 ejus.
3240 3736 3308 3791 Et
3353 3742 3480 3790 suu-

1900 3834 2075 3889 ductis
2095 3848 2124 3887 a
2154 3841 2295 3888 terra
2325 3832 2573 3898 navibus,
2596 3830 2796 3887 relictis
2848 3830 3115 3897 omnibus,
3157 3831 3325 3885 secuti
3352 3839 3482 3884 sunt

1903 3930 2068 3984 il;um.

2510 4063 2733 4120 CAPUT
2773 4062 2889 4117 XX.

2152 4162 2304 4217 Jesus
2326 4159 2515 4215 vocavit
2538 4156 2839 4211 Matthazum
2884 4155 3230 4226 publicanum.

1978 4260 2195 4314 Mum.
2227 4271 2303 4320 ιιι,
2335 4255 2397 4319 9;
2438 4254 2609 4308 hinc.
2650 4247 2827 4315 11,14;
2852 4246 3257 4310 Luc.v,27-28.
3278 4243 3482 4296 Etcum

1909 4353 2165 4409 transiret
2197 4348 2318 4403 inde
2343 4347 2521 4409 Jesus,
2553 4344 2687 4397 vidit
2718 4341 2984 4394 hominem
3008 4337 3282 4390 sedentem
3332 4335 3384 4385 in
3408 4344 3481 4386 te-

1909 4444 2076 4507 lonio,
2108 4443 2413 4495 Matthazum
2440 4434 2675 4499 nomine,
2704 4442 2758 4487 et
2778 4433 2853 4483 ait
2897 4428 2971 4481 illi
3023 4444 3037 4479 :
3086 4426 3321 4493 Sequere
3374 4438 3481 4476 me.

222 4518 503 4602 ²¹ῗ9θ¹ἶί¹¹⁰¹
519 4506 1251 4602 ξ’ἶάίθω’θιΪῬῗῖιίθἾίέυδα
1279 4510 1563 4602 ¹⁴¹¹’Ῐ’ῗ)·
1595 4510 1658 4563 Et
1682 4524 1805 4602 9"“
1835 4594 1874 4602 _
1912 4536 1978 4591 Et
2006 4545 2249 4602 surgens,
2282 4529 2483 4583 relictis
2502 4525 2748 4581 omnibus
2777 4530 2990 4577 secutus
3016 4527 3099 4574 est
3124 4532 3269 4573 eum.

227 4592 1312 4667 plicuissetlibrum,reddiditministro,et
1326 4598 1802 4652 sedit.Etomnium
1835 4594 1883 4652 ῐ)

226 4694 283 4743 in
310 4699 585 4758 synagoga
612 4685 747 4740 oculi
775 4694 927 4739 erant
964 4681 1303 4737 intendentcs
1351 4684 1403 4737 in
1466 4698 1611 4739 eum.
1636 4684 1808 4755 Coepit

226 4787 413 4834 autem
445 4776 629 4832 dicere
658 4776 722 4831 ad
756 4774 878 4831 illos
912 4774 1085 4841 :Quia
1118 4774 1273 4829 hodie
1299 4775 1511 4846 impleta
1566 4787 1649 4833 est
1692 4779 1805 4835 haec

227 4872 504 4942 Scriptura
538 4870 591 4925 in
611 4868 829 4924 auribus
850 4868 1140 4924 vestris.—
1155 4867 1366 4923 Mum.
1396 4885 1471 4936 tv,
1496 4870 1593 4935 17;
1628 4870 1799 4927 Mane.

226 4979 266 5031 ι,
321 4964 409 5025 15.
441 4962 647 5018 Exinde
677 4960 1010 5030 ctepitJesus
1036 4961 1325 5029 praedicare
1344 4963 1593 5019 etdicere
1618 4982 1631 5019 :
1663 4966 1804 5034 Quo-

229 5058 373 5111 niam
406 5054 680 5125 impletum
706 5062 789 5111 est
834 5060 1045 5123 tempus
1079 5070 1091 5104 :
1127 5055 1493 5121 pmnitentiam
1538 5058 1696 5127 agite,
1750 5068 1805 5114 et

232 5150 437 5205 credite
461 5147 746 5218 Evangelio
776 5165 789 5199 :
820 5146 1259 5217 appropinquavit
1286 5148 1429 5201 enim
1461 5164 1679 5219 regnum
1698 5166 1805 5207 ca:-

235 5241 431 5297 lorum.

313 5482 337 5509 ⁸
364 5473 482 5535 Gr.,
528 5474 671 5524 Ιωνᾶ.
720 5467 829 5532 AL,
856 5466 1101 5521 Ἰωάννου.
1132 5464 1262 5517 Vide
1282 5465 1503 5535 Milliumi
1551 5474 1661 5519 tum
1688 5466 1794 5530 hic,

235 5550 349 5598 tum
369 5542 434 5596 ad
466 5534 648 5594 Matth.
675 5552 786 5600 xvt,
840 5537 927 5600 17,
956 5540 1042 5605 qui
1085 5544 1141 5589 et
1181 5536 1460 5589 lectionem
1484 5534 1707 5590 Joanna:
1734 5553 1799 5590 ex

248 5613 469 5682 antiquis
497 5607 969 5682 PatribusLatinis
1005 5605 1228 5673 profert.
1256 5605 1330 5682 8..
1363 5606 1715 5682 _Hie_ronymus
1749 5610 1799 5660 in

246 5675 382 5737 nunc
407 5684 581 5735 locum
614 5695 626 5729 :
656 5696 674 5727 ι
716 5677 1245 5744 Voluntscriptortun
1284 5675 1413 5729 vitio
1433 5675 1800 5745 depravatum,

250 5764 299 5807 ,ιι
325 5747 804 5822 proBarJoanna,
837 5747 937 5800 hoc
966 5757 1066 5807 est,
1091 5746 1227 5822 (ilus
1275 5744 1527 5813 Joannis,
1577 5744 1807 5814 Barjona

246 5816 492 5891 scriptum
523 5820 614 5881 sit,
640 5831 744 5870 una
771 5816 1007 5871 detracta
1032 5817 1259 5885 syllaba.
1290 5833 1310 5869 ι

485 5917 755 5982 Parnm.
800 5920 996 5983 LXVI
1006 5917 1081 5979 II.

2504 4656 2727 4713 CAI'UT
2760 4654 2901 4710 XXI.

1910 4758 2135 4812 Audiens
2154 4753 2304 4809 Iesus
2328 4751 2461 4821 quod
2488 4750 2715 4804 Joannes
2759 4746 3168 4821 traditusesset,
3212 4742 3410 4798 secessit
3431 4743 3484 4796 in

2259 4816 2443 4893 ﬁnibus
2474 4821 2706 4875 Zabulon
2733 4828 2780 4873 et
2810 4816 3164 4888 Nephthalt'm.

1978 4963 2132 5020 Joan.
2156 4976 2236 5027 ιιι,
2265 4958 2455 5013 22-36.
2490 4956 2617 5011 Post
2646 4954 2760 5010 haec
2782 4952 2928 5008 venit
2955 4951 3112 5007 Jesus
3138 4957 3195 5006 et
3238 4947 3485 5019 discipuli

1912 5060 2026 5130 ejus
2049 5058 2103 5111 in
2123 5064 2321 5110 terram
2344 5051 2605 5116 Judteam,
2626 5060 2679 5104 et
2701 5048 2807 5104 illic
2842 5042 3223 5101 demorabatur
3243 5055 3363 5096 cum
3384 5042 3483 5105 eis,

1914 5161 1968 5206 et
1997 5144 2318 5217 baptizabat.
2344 5144 2471 5198 Erat
2515 5150 2691 5195 autem
2714 5148 2769 5193 et
2818 5137 3049 5192 Joannes
3100 5133 3376 5201 baptizans
3432 5130 3484 5181 in

1921 5242 2132 5302 Ennon,
2176 5234 2327 5305 juxta
2352 5232 2517 5290 Salim
2563 5250 2575 5284 :
2610 5230 2732 5300 quia
2763 5242 2914 5299 aqttte
2940 5224 3120 5280 multa:
3148 5231 3299 5277 erant
3354 5219 3483 5279 illic,

1982 5462 2123 5517 bSic
2175 5463 2299 5516 editi
2370 5458 2832 5525 interpretationis
2889 5453 3228 5525 Victorianr,
3272 5452 3486 5507 omissis

1909 5536 2022 5588 sive
2049 5535 2392 5587 librariorum
2420 5522 2533 5585 sive
2565 5522 3251 5597 typothetarum_incuria_,
3301 5533 3347 5575 et
3393 5525 3485 5575 dr-

1908 5608 2242 5664 scendentes;
2273 5618 2391 5670 quae
2419 5612 2529 5655 tum
2554 5594 2605 5653 in
2629 5597 2830 5653 Gracis
2860 5594 2924 5649 Ν.
2957 5594 3043 5660 Τ..
3077 5605 3189 5648 tum
3218 5594 3268 5649 itt
3292 5598 3489 5649 versio-

1913 5675 2067 5728 nibtts
2088 5683 2316 5726 exstant.

1988 5756 2008 5781 ε
2036 5744 2158 5798 tltec
2184 5744 2403 5799 deerant
2429 5744 2479 5797 in
2511 5742 2629 5795 aliis
2658 5738 2809 5794 editt.

3083 5862 3122 5919 ξ)
