4038 6356
536 373 639 428 267

1672 362 1986 421 VICTORIS
2026 358 2328 416 EPISCOPI
2366 358 2660 418 CAPUANI

3701 362 3811 419 263

535 495 589 539 et
609 482 980 549 adveniebant,
1009 489 1060 534 et
1089 477 1491 547 baptizabantur
1523 476 1788 532 :nondum
1812 477 1956 531 enim
1985 472 2112 527 mis-
2142 475 2190 534 Λ
2217 473 2317 527 eim
2347 488 2467 528 cum
2494 474 2602 538 illo,
2638 488 2772 544 quos
2810 484 2862 529 et
2903 476 3173 543 apostolos
3234 477 3529 533 nominavit
3557 499 3568 532 :
3617 478 3802 535 Simo-

538 590 628 631 sus
657 575 827 629 fuerat
871 575 922 627 iu
970 587 1241 627 carcerem
1296 572 1550 626 Joannes.
1600 571 1756 625 Facta
1804 578 1887 625 est
1933 574 2113 624 autem

538 668 763 738 quaestio
814 682 877 722 ex
925 665 1201 733 discipulis
1247 663 1467 719 Joannis
1497 679 1619 719 cum
1645 662 1845 718 demis
1866 662 1933 716 de
1971 661 2117 730 puri-

539 759 803 814 ﬁcatione.
832 755 901 810 Et
934 764 1193 810 venerunt
1213 754 1281 808 ad
1309 753 1601 821 Joannem,
1634 763 1688 808 et
1730 752 1981 807 dixerunt
2026 751 2113 805 ei:

542 850 731 915 Babbi,
755 848 843 918 qui
868 858 982 903 erat
1012 857 1183 902 tecum
1217 855 1364 900 trans
1388 844 1697 910 Jordanem,
1725 844 1808 898 cui
1851 854 1905 897 tu
1963 842 2115 897 testi-

514 942 776 999 ‘monium
809 942 1147 1012 perhibuisti,
1176 956 1301 997 ecce
1331 941 1415 995 hic
1442 940 1703 1010 baptizat;
1727 948 1783 994 et
1808 952 1994 993 omnes
2022 951 2116 993 ve-

538 1044 691 1097 niunt
711 1043 778 1096 ad
807 1056 950 1097 eum.
984 1040 1278 1110 Respondit
1306 1038 1561 1103 Joannes,
1586 1046 1638 1091 et
1661 1035 1797 1090 dixit
1829 1052 1842 1087 :
1882 1033 1994 1088 Non
2022 1046 2117 1102 po-

539 1142 644 1187 test
674 1134 832 1187 homo
854 1132 1100 1201 accipere
1121 1131 1431 1201 quidquam,
1460 1128 1559 1183 nisi
1590 1127 1747 1182 fuerit
1768 1126 1818 1180 ei
1840 1125 2021 1179 datum
2051 1124 2118 1179 de

538 1227 697 1281 cado.
750 1228 850 1295 Ipsi
881 1241 976 1279 vos
1007 1225 1135 1279 mihi
1194 1223 1554 1278 testimonium
1605 1221 1919 1292 perhibetis,
1975 1218 2118 1288 quod

540 1318 765 1373 dixerim
796 1336 809 1373 :
846 1320 956 1388 Ego
997 1333 1100 1371 non
1134 1301 1553 1378 sum'Cltristus,
1605 1314 1699 1369 sed
1752 1313 1874 1381 quia
1924 1312 2118 1366 missus

538 1425 653 1463 sum
685 1416 809 1463 ante
835 1410 1006 1462 illum.
1061 1409 1159 1474 Qui
1216 1408 1373 1462 habet
1426 1421 1701 1475 sponsam,
1738 1420 1967 1474 sponsus
1996 1411 2115 1458 est:

540 1501 742 1553 amicus
783 1508 960 1554 autem
985 1501 1164 1568 sponsi
1193 1500 1284 1569 qui
1315 1507 1424 1553 stat
1458 1506 1512 1554 et
1540 1499 1688 1552 audit
1731 1513 1877 1565 eum,
1927 1496 2121 1567 gaudio

540 1590 734 1658 gaudet
762 1601 977 1657 promer
1030 1605 1212 1645 vocem
1272 1590 1479 1658 sponsi.
1536 1590 1647 1643 [loc
1691 1603 1819 1657 ergo
1870 1588 2118 1657 gaudium

545 1696 721 1735 meum
754 1680 1028 1748 impletum
1060 1690 1161 1736 est.
1197 1681 1346 1736 Illum
1369 1686 1580 1750 oportet
1605 1693 1873 1743 crescere,
1899 1694 1984 1733 me
2020 1693 2117 1732 au-

544 1778 647 1825 tem
673 1770 970 1837 minui.Qui
992 1771 1269 1826 desursum
1302 1770 1469 1837 venit,
1488 1784 1645 1839 super
1670 1784 1857 1823 omnes
1884 1777 1983 1824 est.
2017 1767 2117 1835 Qui

2218 579 2338 618 nem
2359 579 2517 633 quem
2538 565 2932 635 cognominavit
2991 566 3224 631 Petrum,
3263 577 3317 622 et
3365 568 3635 624 Andream
3694 570 3805 625 fra-

2219 661 2353 708 trem
2382 654 2517 725 ejus,
2549 665 2605 711 et
2627 654 2883 712 Jacobum
2914 656 3180 723 Zebedazi,
3209 667 3262 713 et
3287 658 3547 715 Joannem
3577 660 3801 718 fratrem

2217 742 2425 811 Jacobi,
2454 745 2648 814 quibus
2696 746 2950 815 imposuit
3006 746 3218 801 nomina
3273 748 3597 821 Boanerges,
3652 754 3801 823 quod

2220 846 2302 890 est
2334 836 2427 891 ﬁlii
2456 837 2714 901 tonitrui;
2748 837 3050 907 Philippum
3083 849 3136 894 et
3160 839 3631 912 Bartholomazum,
3658 843 3768 899 Mat

2220 928 2417 983 thaeum
2460 938 2512 984 et
2544 928 2826 995 Thomam,
2858 929 3114 986 Jacobum
3164 931 3394 1001 Alphaei,
3426 943 3479 990 et
3520 934 3798 993 Simonem

2220 1021 2309 1091 qui
2332 1031 2550 1077 vocatur
2571 1022 2803 1089 Zelotes,
2833 1031 2887 1079 et
2913 1024 3104 1079 Judam
3126 1024 3330 1093 Jacobi,
3360 1036 3413 1081 et
3436 1026 3629 1083 Judam
3657 1028 3801 1085 lscao

2222 1115 2379 1180 rioth,
2411 1117 2499 1185 qui
2522 1115 2622 1169 iuit
2649 1115 2908 1184 proditor.
2937 1145 3009 1156 —-
3034 1116 3251 1171 Manu.
3286 1133 3337 1184 ν,
3366 1119 3527 1185 1-12;
3556 1118 3687 1175 Luc.
3722 1136 3797 1189 vr,

2219 1206 2407 1261 20-95.
2446 1206 2511 1260 Et
2537 1216 2879 1275 accesserunt
2906 1207 2970 1261 ad
2998 1223 3118 1263 eum
3148 1209 3395 1279 discipuli
3420 1209 3557 1280 ejus.
3592 1212 3661 1267 Et
3686 1214 3801 1268 ele-

2225 1298 2363 1351 vatis
2396 1296 2566 1351 oculis
2598 1298 2648 1350 in
2680 1312 2773 1352 eos
2793 1339 2807 1362 ,
2829 1299 3076 1366 aperiens
3125 1316 3185 1355 os
3236 1316 3411 1367 suum,
3445 1303 3691 1370 docebat,
3720 1306 3806 1361 di-

2221 1404 2350 1446 cens
2381 1408 2392 1441 :
2427 1390 2571 1444 Beati
2602 1404 2861 1458 pauperes
2884 1390 3094 1459 spiritu,
3125 1395 3375 1462 quoniam
3435 1395 3672 1464 ipsorum
3718 1405 3805 1452 est

2223 1497 2444 1552 regnum
2466 1486 2749 1542 cmlorum.
2775 1488 3115 1555 Beatimites,
3147 1491 3400 1559 quoniam
3429 1492 3529 1560 ipsi
3561 1493 3801 1561 posside-

2223 1573 2353 1629 bunt
2390 1584 2601 1630 terram.
2638 1578 2783 1633 Beati
2810 1581 2899 1649 qui
2922 1581 3123 1651 lugent,
3152 1582 3403 1652 quoniam
3438 1583 3538 1653 ipsi
3558 1585 3803 1640 consola-

2222 1664 2438 1721 buntur.
2472 1666 2621 1723 Beati
2646 1671 2735 1738 qui
2762 1672 3003 1725 esuriunt
3023 1682 3077 1727 et
3106 1674 3293 1727 sitiunt
3335 1674 3619 1745 justitiam,
3670 1692 3802 1747 quo-

2224 1757 2366 1811 niam
2398 1758 2497 1828 ipsi
2538 1760 2933 1815 saturabuntur.
2998 1763 3144 1818 Beati
3198 1764 3596 1832 misericordes,
3658 1783 3795 1837 quo.

540 1872 623 1927 est
648 1863 713 1919 de
744 1873 905 1929 terra,
925 1866 1147 1919 deterra
1175 1874 1278 1928 est,
1306 1872 1359 1917 et
1389 1863 1456 1918 de
1486 1872 1623 1918 terra
1642 1863 1896 1931 loquitur.
1923 1863 2024 1930 Qui
2051 1863 2117 1918 de

2224 1853 2363 1904 niam
2392 1851 2488 1920 ipsi
2520 1852 2944 1907 misericordiam
2958 1864 3373 1923 consequentur.
3426 1856 3574 1912 Beati
3604 1858 3803 1912 mundo

540 1956 679 2011 coelo
704 1957 867 2017 venit.
900 1970 1063 2025 super
1080 1965 1381 2010 omnesest.
1400 1955 1466 2008 Et
1487 1954 1630 2023 quod
1669 1954 1802 2007 vidit
1823 1963 1876 2008 et
1896 1953 2117 2017 audivit,

542 2047 640 2099 hoc
660 2056 913 2101 testatur:
932 2056 985 2101 et
1013 2047 1373 2103 testimonium
1388 2044 1507 2115 ejus
1519 2060 1674 2100 nemo
1691 2045 1900 2114 accipit.
1918 2045 2016 2112 Qui
2041 2059 2121 2100 ac—

536 2138 807 2206 cepitejus
845 2140 1232 2204 testimonium,
1265 2139 1490 2208 signavit
1512 2138 1633 2207 quia
1650 2138 1788 2191 Deus
1820 2151 1981 2192 verax
2015 2145 2115 2189 est.

538 2230 703 2295 Quem
726 2232 866 2286 enim
892 2234 1035 2287 misit
1066 2234 1224 2297 Deus,
1247 2232 1410 2286 verba
1432 2232 1525 2285 Dei
1554 2230 1809 2298 loquitur.
1842 2230 1953 2283 Non
1977 2230 2119 2284 enim

538 2324 605 2377 ad
628 2339 931 2379 mensuram
959 2326 1051 2379 dat
1080 2327 1220 2381 Deus
1247 2326 1514 2395 Spiritum.
1542 2325 1699 2378 Pater
1728 2324 1894 2394 diligit
1928 2324 2117 2387 Flium,

532 2422 594 2469 et
620 2418 800 2469 omnia
818 2417 964 2471 dedit
990 2417 1043 2471 in
1077 2432 1236 2472 manu
1266 2417 1402 2486 ejus.
1436 2416 1537 2485 Qui
1578 2415 1751 2471 credit
1800 2417 1854 2471 in
1906 2415 2120 2479 Filium,

538 2506 700 2561 habet
716 2509 878 2561 vitam
901 2517 1184 2573 aeternam;
1213 2510 1300 2578 qui
1328 2517 1506 2562 autem
1529 2507 1836 2563 incredulus
1859 2516 1940 2561 est
1963 2506 2119 2571 Filio,

545 2612 650 2653 non
702 2598 900 2653 videbit
931 2601 1112 2663 vitam,
1143 2601 1237 2655 sed
1267 2600 1344 2654 ira
1372 2600 1464 2654 Dei
1496 2607 1675 2654 manet
1697 2613 1858 2667 super
1887 2612 2029 2652 eum.
2053 2626 2122 2638 -

541 2690 774 2755 δωρεάν,
786 2692 804 2743 1
817 2691 968 2747 -5.[]ι
983 2708 1111 2761 ergo
1122 2693 1368 2763 cognovit
1382 2691 1543 2748 Jesus
1560 2692 1681 2761 quia
1694 2690 1978 2744 audierunt
1994 2688 2125 2742 Pha-

541 2782 679 2838 risaei
695 2787 816 2854 quia
830 2784 985 2840 Jesus
1002 2786 1180 2853 plures
1205 2785 1493 2855 discipulos
1510 2783 1632 2839 facit
1646 2792 1700 2839 et
1722 2783 1950 2852 baptizat
1965 2797 2122 2852 quam

535 2875 1392 2947 Joannes(quanquamJesusnon
1406 2877 1717 2947 baptizaret,
1749 2875 1843 2931 sed
1879 2874 2123 2943 d'scipuli

535 2965 696 3038 ejus),
728 2998 795 3009 —
816 2970 1045 3037 Manen,
1078 2970 1390 3041 14.etquod
1429 2969 1662 3025 Joannes
1689 2969 1911 3024 traditus
1956 2976 2116 3034 esset,

534 3062 748 3130 reliquit
762 3062 1021 3126 Judaeum,
1038 3073 1092 3119 et
1105 3062 1237 3119 abiit
1255 3065 1444 3118 iterum
1459 3064 1510 3117 in
1524 3062 1820 3119 Galilmam.
1833 3061 2120 3117 —Mnru.

532 3155 815 3219 tv,12-16.
841 3154 973 3209 Cum
1002 3167 1178 3210 autem
1210 3155 1445 3210 audisset
1465 3154 1603 3224 quod
1631 3154 1866 3210 Joannes
1894 3154 2121 3208 traditus

2225 1945 2406 2009 corde,
2430 1947 2679 2013 quoniam
2712 1946 2813 2015 ipsi
2845 1948 3009 2001 Deum
3040 1947 3315 2003 videbunt.
3375 1949 3519 2005 Beati
3567 1952 3797 2019 pacifici,

2223 2038 2474 2104 quoniam
2505 2037 2600 2091 ﬁlii
2634 2038 2728 2093 Dei
2754 2040 3104 2095 vocabuntur.
3161 2040 3304 2095 Beati
3334 2042 3424 2111 qui
3474 2042 3801 2111 persecutio-

2227 2144 2344 2181 netu
2378 2130 2649 2198 patiuntur
2679 2143 2894 2200 pr0pter
2942 2132 3226 2202 justitiam,
3278 2135 3528 2205 quoniam
3561 2138 3796 2206 ipsorum

2223 2231 2305 2274 est
2329 2235 2547 2290 regnum
2573 2223 2852 2277 caelorum.
2883 2223 3029 2278 Beati
3084 2226 3217 2280 estis
3256 2242 3376 2281 cum
3428 2229 3800 2284 maledixerint

2226 2312 2376 2367 vobis
2402 2312 2664 2379 homines,
2698 2324 2751 2369 et
2782 2315 2994 2370 oderint
3015 2332 3130 2383 vos,
3160 2327 3215 2372 et
3246 2322 3507 2387 persecuti
3546 2335 3641 2377 vos
3684 2322 3799 2376 fue-

2224 2406 2357 2472 rint,
2390 2417 2445 2462 et
2464 2406 2697 2463 dixerint
2719 2422 2879 2464 omne
2901 2410 3095 2465 malum
3144 2411 3421 2467 adversum
3476 2429 3595 2479 vos,
3656 2429 3786 2469 men

2227 2499 2455 2563 tientes;
2487 2509 2678 2555 etcum
2709 2506 3079 2571 separaverint
3105 2520 3221 2569 vos,
3250 2515 3305 2561 et
3333 2507 3802 2575 exprobraverint,

2225 2601 2278 2646 et
2298 2591 2555 2662 ejecerint
2582 2609 2775 2649 nomen
2808 2605 3051 2650 vestrum
3084 2606 3329 2667 tanquam
3357 2600 3555 2652 malum
3590 2608 3803 2669 propter

2228 2683 2419 2738 Filium
2453 2682 2705 2740 hominis.
2762 2685 3002 2742 Gaudete
3042 2689 3094 2741 iu
3146 2689 3232 2742 illa
3263 2690 3371 2753 die,
3426 2699 3479 2744 et
3518 2692 3801 2755 exsultate,

2225 2774 2477 2844 quoniam
2507 2790 2713 2830 merces
2730 2787 2905 2830 vestra
2922 2778 3136 2846 copiosa
3151 2793 3233 2833 εει
3261 2779 3313 2833 in
3332 2780 3485 2836 coelis
3508 2798 3522 2833 :
3555 2782 3636 2836 sic
3663 2784 3802 2836 enim

2226 2866 2490 2934 persecuti
2518 2875 2642 2922 sunt
2670 2867 2957 2937 prophetas
2977 2870 3066 2939 qui
3090 2870 3299 2925 fuerunt
3327 2881 3451 2927 ante
3472 2887 3584 2937 vos,
3625 2885 3802 2944 patres

2226 2970 2411 3011 eorum

2780 3053 3005 3110 CAPUT
3044 3054 3229 3109 XXIII.

2747 3144 3039 3218 Increpatio
3058 3149 3295 3204 divitum.

536 3257 701 3312 esset,
728 3250 954 3304 secessit
985 3248 1036 3302 in
1066 3248 1364 3304 Galilaeam.
1399 3248 1464 3303 Et
1483 3248 1673 3303 relicta
1695 3248 1910 3303 civitate
1956 3247 2117 3302 Naza-
2142 3227 2190 3293 C
2297 3237 2425 3293 Luc.
2460 3254 2533 3305 vI,
2563 3238 2753 3295 ρι’-26·
2780 3240 3163 3300 Verumtamen
3210 3258 3291 3299 V33
3348 3245 3501 3301 VObiS
3529 3246 3801 3315 diVilibUS.

534 3344 675 3407 reth,
709 3345 849 3399 venit
875 3356 928 3397 et.
981 3344 1245 3398 habitavit
1293 3344 1670 3414 Capharnaum
1719 3343 2040 3397 maritimam
2064 3342 2115 3395 in

535 3437 726 3491 ﬁnibus
755 3437 1014 3501 Zabulou,
1039 3448 1090 3490 et
1115 3447 1254 3491 terra
1299 3435 1661 3503 Nepltthalim,
1719 3444 1775 3489 ut
1808 3435 2121 3502 impleretur

532 3529 673 3592 quod
731 3529 931 3583 dictum
979 3537 1065 3581 est
1114 3543 1209 3597 per
1266 3526 1455 3580 Isaiam
1519 3525 1831 3594 prophetam
1886 3544 1897 3577 :
1951 3524 2115 3579 Terra

534 3619 777 3673 Zabulon
809 3630 863 3671 et
896 3629 1039 3671 terra
1057 3616 1421 3686 Nephthalim,
1449 3618 1532 3669 via
1561 3616 1725 3669 maris
1753 3625 1899 3668 trans
1927 3614 2113 3669 Jorda-

535 3726 657 3764 nem
686 3712 918 3765 Galilaam
944 3710 1197 3780 gentium.
1221 3710 1451 3776 Populus
1479 3711 1569 3779 qui
1597 3710 1902 3764 ambulabat
1951 3709 2005 3764 in
2039 3718 2117 3766 te-

535 3799 736 3863 nebris,
768 3801 901 3854 vidit
918 3801 1089 3854 lucem
1109 3813 1355 3869 magnam
1378 3817 1392 3853 :
1417 3810 1472 3855 et
1494 3800 1806 3855 sedentibus
1823 3801 1874 3855 iu
1899 3803 2118 3872 regione

534 3892 734 3947 umbra:
768 3892 974 3953 mortis,
1006 3893 1092 3945 lux
1123 3901 1236 3946 orta
1269 3903 1353 3949 est
1383 3893 1460 3947 eis
1493 3894 1625 3963 (lsa.
1660 3910 1730 3958 rx,
1787 3895 1835 3959 1,
1869 3894 1946 3964 Ξ).

1101 3983 1325 4040 CAPUT
1368 3984 1532 4039 XXII.

532 4074 790 4128 Circuibat
819 4072 969 4127 Jesus
1015 4090 1185 4128 omnes
1228 4076 1482 4141 regiones,
1535 4083 1583 4129 et
1624 4077 1801 4130 sedens
1844 4077 1895 4129 in
1951 4084 2117 4131 monte

604 4145 749 4214 elegit
780 4145 1048 4198 duodecim
1076 4145 1373 4214 discipulos,
1403 4157 1450 4200 et
1482 4147 1651 4200 docuit
1672 4164 1755 4200 eos
1787 4147 1848 4201 de
1897 4146 2115 4201 beatitu-

605 4218 723 4269 dine
748 4218 890 4287 regni
914 4218 1173 4281 azlorum,
1200 4226 1246 4270 et
1273 4233 1387 4290 qua:
1408 4228 1707 4288 sequuntur.

605 4311 817 4365 Marru.
844 4326 917 4380 tv,
942 4308 1127 4365 23-25.
1165 4310 1230 4365 Et
1260 4312 1518 4368 circuibat
1543 4311 1700 4367 Jesus
1754 4319 1917 4365 totam
1971 4310 2118 4367 Gali-

532 4404 706 4468 laeam,
739 4405 943 4459 docens
999 4403 1049 4457 in
1110 4404 1394 4476 synagogis
1447 4412 1754 4468 eorum,et
1821 4403 2117 4473 praedicans

535 4496 884 4561 Evangelium
944 4497 1114 4565 regni,
1173 4506 1227 4551 et
1276 4510 1473 4551 sanans
1513 4510 1727 4551 onmem
1780 4496 2114 4562 languorem,

530 4593 583 4635 et
612 4596 823 4635 omnem
877 4586 1239 4639 inlirmitatem
1288 4586 1336 4639 in
1385 4588 1603 4655 p0pulo.
1664 4585 1880 4639 Etabiit
1934 4585 2114 4652 Opinio
2147 4603 2196 4660 ι)

530 4672 647 4740 ejus
675 4674 726 4724 in
769 4682 930 4725 totam
959 4674 1202 4742 Syriam;
1237 4684 1287 4727 et
1312 4676 1620 4729 obtulerunt
1667 4675 1715 4729 ei
1764 4689 1953 4729 omnes
1977 4675 2114 4729 male

532 4762 813 4826 habentes,
838 4760 1003 4815 variis
1034 4764 1377 4830 languoribus
1427 4773 1483 4818 et
1531 4765 1815 4818 tormentis
1864 4779 2111 4833 compre-

536 4852 749 4916 hensos,
778 4860 832 4905 et
852 4850 941 4919 qui
970 4849 1231 4904 dmmonia
1258 4851 1524 4907 habebant.
1552 4861 1606 4907 et
1644 4853 1925 4917 lunaticos,
1952 4863 2115 4907 etcu-

538 4942 670 4996 zavit
690 4956 805 4997 eos.
837 4942 900 4995 Et
929 4948 1124 4996 secuta:
1153 4953 1274 4995 sunt
1297 4957 1418 4997 eum
1452 4943 1621 4998 turbae
1670 4944 1853 4998 multae
1884 4945 1950 4997 de
1972 4943 2115 4999 Gali-

534 5051 653 5101 .aza,
685 5044 738 5089 et
759 5034 1031 5104 Decapoli,
1065 5043 1121 5091 et
1160 5034 1562 5107 Hierosolymis,
1590 5044 1645 5091 et
1693 5035 1896 5102 Judaea,
1940 5049 1992 5091 et
2046 5038 2113 5094 de

534 5142 681 5186 trans
711 5130 1020 5187 Jordanem.
1053 5162 1121 5172 —
1153 5132 1280 5187 Luc.
1316 5149 1387 5194 IV,
1441 5133 1628 5188 ἂνξ-Η.
1684 5135 1749 5188 Et
1801 5134 2112 5191 detinebant

537 5228 683 5279 illum
715 5242 782 5280 ne
820 5226 1121 5281 discederet
1147 5227 1213 5279 ab
1243 5227 1341 5280 eis.
1368 5226 1569 5294 Quibus
1594 5228 1683 5281 ille
1719 5227 1791 5280 ait
1825 5244 1837 5278 :
1882 5227 2011 5294 Quia
2060 5236 2114 5281 et

539 5316 659 5369 aliis
686 5317 989 5372 civitatibus
1014 5325 1225 5384 oportet
1251 5332 1336 5371 me
1355 5319 1719 5386 evangelizare
1746 5333 1964 5387 regnum
1996 5317 2110 5380 Dei.

539 5412 658 5475 quia
676 5410 794 5465 ideo
808 5410 1002 5464 missus
1017 5424 1155 5464 sum.
1180 5410 1241 5463 Et
1253 5426 1372 5463 eum
1388 5409 1605 5465 vidisset
1619 5409 1799 5464 turbas
1828 5409 2109 5465 —.\1nrn.

540 5516 589 5562 x,
617 5501 743 5565 9-1;
774 5504 945 5557 Mane.
971 5519 1048 5566 nt,
1084 5504 1285 5567 13-19;
1317 5504 1441 5558 ch.
1469 5520 1541 5567 Vt,
1572 5504 1751 5567 15-16,
1785 5504 2023 5558 :tsct'utlit
2060 5506 2108 5559 in

538 5599 794 5653 montem,
817 5600 1017 5646 etcum
1048 5594 1275 5648 sedisset
1308 5594 1517 5648 vocavit
1573 5594 1637 5648 ad
1694 5607 1753 5649 se
1790 5608 1924 5664 quos
1947 5596 2112 5651 voluit

534 5685 663 5750 ipse.
698 5683 761 5735 Et
782 5695 1039 5739 venerunt
1071 5686 1133 5740 ad
1165 5703 1309 5750 eum,
1348 5694 1402 5741 et
1435 5684 1555 5741 fecit
1586 5694 1642 5741 ut
1698 5696 1879 5742 essent
1908 5687 2109 5744 duode—

614 5856 627 5881 ι
659 5849 739 5901 ΑΙ.
776 5849 927 5915 ει1ί1.,
964 5868 1132 5904 omnes
1156 5858 1400 5909 homines.

2225 3330 2349 3400 quia
2382 3332 2591 3386 habetis
2618 3333 3041 3388 consolationem
3071 3346 3325 3391 vestram.
3374 3339 3465 3393 Va:
3520 3342 3673 3397 vobis
3717 3345 3803 3412 qui

2223 3424 2446 3477 saturati
2478 3425 2629 3489 estis,
2662 3426 2781 3493 quia
2823 3427 3093 3484 esurietis.
3151 3430 3239 3484 Vae
3293 3431 3446 3487 vobis
3485 3436 3574 3503 qui
3618 3435 3804 3490 ridetis

2223 3530 2365 3569 nunc
2390 3557 2404 3581 ,
2428 3518 2549 3586 quia
2574 3518 2822 3587 lugebitis
2851 3529 2907 3575 et
2952 3521 3165 3577 ﬂebitis.
3203 3522 3293 3578 Vae
3342 3540 3461 3579 cum
3514 3526 3803 3582 benedixe-

2225 3605 2503 3663 rintvobis
2537 3608 2779 3665 homines
2814 3619 2837 3647 δ
2870 3612 3197 3667 :secundum
3226 3613 3342 3668 haec
3364 3616 3630 3670 faciebant
3680 3632 3802 3687 pro-

2224 3696 2399 3769 phetis
2426 3708 2601 3768 patres
2628 3716 2831 3756 eorum.
2860 3701 2965 3758 Sed
2987 3704 3138 3759 vobis
3161 3705 3281 3760 dico
3304 3705 3393 3775 qui
3418 3706 3618 3764 auditis
3648 3725 3659 3760 ε

2794 3816 3025 3873 CAPUT
3063 3819 3245 3875 XXIV.

2766 3908 2868 3964 Vos
2889 3910 3007 3963 estis
3028 3910 3107 3963 sal
3133 3921 3299 3965 terrm.

2295 4000 2509 4055 Manu.
2543 4002 2714 4067 v,15;
2760 4003 2930 4057 Mane.
2975 4004 3171 4067 tx,49;
3232 4006 3357 4061 Luc.
3396 4022 3515 4075 xlv,
3554 4009 3643 4063 δι.
3697 4010 3806 4064 vus

2222 4095 2350 4148 estis
2379 4096 2459 4148 sal
2492 4105 2669 4149 teme.
2693 4095 2844 4163 Quod
2868 4097 2909 4150 si
2942 4099 3333 4163 evanueritsa],
3368 4099 3539 4168 inquo
3565 4102 3808 4155 salictis?

2221 4184 2285 4236 ad
2317 4184 2537 4238 nihilum
2563 4187 2698 4240 valet
2732 4190 2891 4251 ultra,
2942 4188 3124 4241 nisiut
3190 4189 3493 4259 projiciatur
3559 4190 3720 4256 foras,
3754 4204 3807 4246 et

2223 4276 2568 4330 conculcetur
2594 4277 2660 4331 ab
2684 4277 3005 4333 hominibus.

2791 4390 3017 4447 CAPUT
3069 4391 3231 4447 XXV.

2229 4477 2331 4535 Vos
2360 4482 2477 4534 estis
2508 4480 2599 4535 (ua:
2632 4483 2786 4552 hujus
2832 4484 3005 4535 mundi
3037 4485 3357 4552 {eriterunt
3401 4484 3802 4550 comparationes

2741 4553 2804 4599 de
2845 4549 3113 4617 praeceptis
3143 4550 3285 4620 legis.

2291 4663 2500 4718 Mnrn.
2534 4676 2583 4727 v,
2628 4662 2828 4726 14-16;
2876 4661 3048 4717 Mane.
3105 4678 3180 4731 1v,
3230 4664 3330 4728 21;
3368 4663 3495 4720 Luc.
3529 4681 3653 4733 vn,
3701 4668 3797 4727 1n;

2218 4768 2269 4806 xi
2290 4796 2306 4820 ,
2346 4756 2434 4807 55.
2470 4753 2572 4807 Vos
2593 4752 2720 4807 estis
2748 4753 2835 4806 lux
2864 4752 3067 4808 mundi.
3100 4754 3212 4809 Non
3238 4763 3413 4824 potest
3441 4756 3634 4813 civitas
3677 4746 3795 4813 abs-

2216 4848 2372 4903 condi
2421 4860 2579 4914 supra
2618 4850 2851 4903 montem
2878 4849 3068 4916 posita.
3095 4850 3275 4925 Neque
3301 4851 3600 4908 accendunt
3631 4853 3800 4909 lucer-

2220 4952 2361 4999 nam,
2388 4947 2440 4991 et
2484 4945 2686 5006 ponunt
2716 4953 2834 4993 eam
2867 4938 2965 4993 sub
3014 4940 3216 5007 modio,
3269 4956 3441 5012 neque
3493 4944 3593 4998 sub
3640 4943 3796 5009 lecto,

2223 5044 2391 5099 neque
2419 5028 2470 5081 in
2498 5029 2730 5084 abscond
2756 5040 2809 5084 to
2832 5029 2967 5091 loco,
2996 5045 3168 5101 neque
3193 5032 3291 5087 sub
3328 5049 3474 5099 vase,
3507 5035 3601 5090 sed
3644 5051 3802 5106 super

2220 5123 2623 5190 candelabrum,
2655 5133 2711 5178 ut
2745 5125 2918 5179 luceat
2947 5127 3192 5181 omnibus
3237 5128 3326 5196 qui
3371 5129 3422 5183 in
3464 5129 3625 5183 domo
3658 5140 3799 5184 sunt.

2222 5216 2309 5271 Sic
2350 5216 2524 5270 luceat
2572 5217 2655 5271 lux
2689 5227 2863 5272 vestra
2893 5232 3074 5272 coram
3128 5220 3454 5285 hominibus,
3488 5231 3544 5277 ut
3587 5223 3803 5278 videant

2220 5318 2393 5364 vestra
2438 5311 2571 5365 bona
2628 5325 2811 5378 Opera,
2842 5319 2895 5364 et
2945 5310 3247 5381 gloriﬁcent
3302 5314 3511 5387 [fa-rem
3567 5328 3799 5367 vcsmtm

2219 5402 2307 5471 qui
2338 5410 2419 5457 est
2449 5401 2501 5458 in
2533 5401 2707 5456 cmlis.
2741 5432 2810 5440 ——
2840 5402 3057 5457 Manu.
3091 5420 3142 5466 v,
3198 5404 3380 5459 17-20.
3413 5405 3588 5459 Nolite
3618 5414 3800 5473 putare

2220 5493 2468 5563 quoniam
2490 5492 2609 5547 veni
2631 5493 2842 5548 Solvere
2873 5493 3044 5564 legem
3074 5505 3165 5550 aut
3191 5497 3478 5564 prophetas
3505 5512 3516 5546 :
3548 5509 3654 5547 non
3680 5494 3798 5547 veni

2218 5588 2448 5652 solvere,
2477 5584 2571 5640 sed
2595 5584 2907 5654 adimplere.
2936 5586 3108 5643 Amen
3134 5588 3333 5658 quippe
3359 5587 3480 5641 dico
3509 5585 3682 5652 vobis,
3709 5587 3798 5637 do-

2220 5694 2317 5735 nec
2344 5688 2579 5734 transeat
2604 5676 2798 5733 malum
2849 5689 2902 5735 et
2957 5690 3118 5745 terra,
3170 5682 3274 5735 iota
3330 5697 3491 5735 unttm
3540 5691 3633 5737 aut
3666 5696 3800 5733 unus
