4026 6520
237 410 336 469 269

991 411 1573 471 EVANGELICARUM
1612 411 2123 469 HARMONIARUM
2153 411 2731 471 INTERPRETATIO.

3383 418 3487 475 27C

242 542 374 598 apex
404 539 509 581 non
548 525 844 595 praeteribit
881 539 911 581 a
941 525 1079 595 lege,
1124 527 1295 583 donec
1323 526 1502 583 omnia
1534 526 1682 581 fiant.
1711 525 1816 592 Qui
1844 527 1897 588 Α
1921 540 2092 596 neque
2129 540 2223 595 per
2260 527 2474 593 caelum,
2505 527 2627 596 quia
2669 526 2893 583 thronus
2939 480 3035 582 Dei
3058 520 3167 593 est,
3198 543 3369 597 neque
3395 544 3491 597 per

242 631 367 687 ergo
394 616 612 671 solverit
640 630 801 670 unum
827 616 895 671 de
927 616 1188 671 mandatis
1220 618 1336 671 istis
1374 616 1608 671 minimis
1633 623 1687 671 et
1713 615 1811 670 do-

241 706 409 762 cuerit
427 704 507 760 sic
523 704 788 771 homines,
811 706 1062 761 minimus
1086 707 1363 763 vocabitur
1390 708 1447 763 in
1467 721 1632 778 regno
1652 706 1815 762 creto-

242 812 379 854 rum.
402 797 506 865 Qui
534 806 710 854 autem
738 798 922 856 fecerit
942 807 997 855 et
1039 798 1282 854 docuerit
1313 800 1391 854 sic
1417 798 1689 865 homines,
1728 799 1816 855 hic

241 905 461 960 magnus
481 891 759 946 vocabitur
787 891 841 946 in
870 906 1032 960 regno
1052 891 1335 948 caelorum.
1350 892 1480 948 Dico
1499 894 1644 948 enim
1664 893 1814 950 vobis

242 981 362 1051 quia
388 979 493 1037 nisi
514 980 868 1037 abundaverit
892 982 1097 1051 iustitia
1123 990 1302 1038 vestra
1330 984 1451 1053 plus
1478 999 1641 1054 quam
1669 984 1816 1041 Scri-

241 1074 426 1129 barum
457 1082 513 1130 et
546 1074 963 1143 Pharisaeorum,
1012 1089 1119 1131 nou
1166 1075 1435 1132 intrabitis
1486 1077 1541 1132 in
1590 1089 1813 1147 regnum

240 1167 517 1223 calorum.

801 1282 1027 1340 CAPUT
1067 1284 1253 1340 XXVI.

714 1375 1014 1431 Iracundia:
1050 1377 1343 1446 prohibitio.

309 1484 600 1555 Murmv,
627 1486 818 1542 21-22.
862 1487 1102 1543 Audistis
1132 1488 1253 1559 quia
1299 1488 1502 1545 dictum
1549 1497 1635 1546 est
1678 1492 1816 1547 anti-

252 1579 369 1648 quis
398 1596 414 1635 :
441 1579 557 1635 Non
611 1579 979 1651 occideszqui
1006 1591 1188 1636 autem
1242 1582 1521 1650 occiderit,
1550 1598 1673 1639 reus
1712 1583 1817 1639 erit

245 1675 434 1726 mortis
463 1680 490 1708 ιι
542 1669 738 1745 (Exod.
785 1687 885 1738 xx,
919 1674 1017 1736 I3;
1047 1670 1203 1726 Deut.
1234 1688 1288 1741 v,
1320 1673 1432 1745 I7).
1484 1674 1595 1744 Ego
1637 1683 1814 1729 autem

244 1761 367 1816 dico
392 1762 563 1829 vobis,
597 1764 722 1832 quia
742 1764 917 1818 omnis
941 1764 1031 1833 qui
1078 1765 1325 1820 irascitur
1348 1764 1501 1821 fratri
1531 1780 1648 1834 suo,
1690 1783 1815 1824 reus

243 1853 351 1908 erit
370 1853 591 1923 judicio.
621 1852 721 1919 Qui
745 1863 921 1909 autem
955 1854 1151 1910 dixerit
1187 1855 1335 1912 fratri
1365 1871 1485 1927 suo,
1518 1873 1663 1928 raea,
1693 1873 1814 1916 reus

242 1945 348 2000 erit
377 1946 618 2001 concilio.
650 1947 752 2015 Qui
791 1958 969 2002 autem
1010 1948 1226 2017 dixerit,
1260 1949 1427 2018 fatue,
1452 1965 1577 2008 reus
1597 1952 1699 2008 erit
1726 1968 1818 2024 ge-

248 2034 438 2090 hennze
468 2037 625 2106 ignis.

794 2147 1020 2204 CAPUT
1058 2149 1271 2206 XXVII.

552 2236 627 2292 De
652 2240 985 2309 relinquendo
1006 2257 1192 2296 munus
1221 2244 1289 2296 ad
1316 2244 1501 2299 altare.

320 2350 535 2406 MA'I'TII.
568 2366 622 2417 v,
652 2351 851 2408 23-26.
902 2353 959 2408 Si
988 2368 1116 2427 ergo
1157 2354 1317 2412 oﬂ‘ers
1345 2371 1539 2414 munus
1566 2366 1712 2415 tuum
1757 2361 1824 2415 ad

250 2444 441 2507 altare,
465 2451 521 2498 et
544 2443 615 2498 ibi
642 2445 956 2502 recordatus
984 2446 1150 2504 fueris
1178 2452 1300 2519 quia
1330 2449 1494 2506 frater
1523 2463 1642 2508 tuus
1665 2452 1828 2510 habet

254 2535 451 2604 aliquid
480 2535 761 2591 adversum
794 2546 846 2592 te
876 2553 892 2595 :
924 2538 1165 2609 relinque
1202 2539 1275 2596 ibi
1304 2556 1500 2597 munus
1530 2552 1677 2598 tuum
1705 2554 1827 2601 ante

253 2627 441 2697 altare,
471 2636 527 2683 et
551 2628 687 2683 vade
714 2628 860 2698 prius
899 2632 1236 2688 reconciliari
1284 2633 1437 2691 fratri
1463 2644 1577 2705 tuo,
1620 2647 1675 2693 et
1704 2648 1828 2697 tunc

255 2722 474 2776 veniens
499 2721 691 2777 offeres
720 2738 915 2779 munus
940 2734 1110 2780 tuum.
1134 2726 1261 2783 Esto
1282 2731 1621 2787 consentiens
1640 2733 1830 2790 adver-

256 2813 402 2867 sario
427 2820 517 2867 tuo
544 2814 675 2881 cito,
707 2814 834 2870 dum
862 2831 921 2871 es
948 2817 1001 2872 in
1028 2818 1114 2873 via
1145 2834 1265 2875 eum
1295 2836 1394 2889 eo;
1427 2838 1495 2878 ne
1534 2823 1673 2882 forte
1716 2836 1826 2882 tra-

257 2901 351 2956 dat
394 2910 445 2958 te
487 2903 823 2961 adversarius
866 2907 1054 2977 iudici,
1086 2918 1141 2965 et
1185 2911 1350 2980 judex
1390 2915 1565 2969 tradat
1591 2924 1642 2971 te
1671 2919 1829 2973 mini-

255 3001 391 3060 stro,
432 3005 487 3050 et
531 2996 583 3051 in
626 3010 897 3054 carcerem
945 3001 1196 3058 mittaris.
1230 3004 1400 3060 Amen
1427 3007 1547 3063 dico
1571 3009 1685 3077 tibi,
1724 3027 1828 3068 non

256 3086 414 3143 exies
439 3087 585 3159 inde,
616 3091 786 3147 donec
814 3093 1010 3149 reddas
1039 3094 1388 3152 novissimum
1419 3099 1793 3169 quadrantem.

789 3208 1017 3266 CAPUT
1055 3210 1288 3267 XXVIII.

622 3298 700 3356 De
736 3302 991 3356 adulterio
1030 3305 1468 3373 concupiscentia.

330 3410 553 3468 Murri.
584 3429 635 3479 ν,
663 3413 856 3471 27—30.
886 3414 1123 3470 Audisus
1154 3418 1275 3485 quia
1324 3418 1524 3473 dictum
1568 3429 1650 3475 est
1692 3422 1833 3477 anti-

256 3502 419 3571 quis:
452 3502 566 3558 Non
607 3504 961 3560 mmehaberis
1009 3505 1206 3575 (Exod.
1244 3524 1333 3573 xx,
1371 3508 1481 3579 14).
1516 3510 1627 3581 Ego
1655 3521 1833 3568 autem

258 3593 383 3648 dico
412 3594 560 3649 vobis
597 3597 848 3665 quoniam
897 3600 1068 3653 omnis
1098 3599 1189 3669 qui
1220 3601 1414 3655 viderit
1458 3603 1736 3659 mulierem
1764 3606 1833 3661 ad

256 3683 744 3753 concupiscendum
784 3702 922 3755 eam,
972 3688 1082 3756 jam
1141 3690 1437 3747 moechatus
1485 3704 1567 3748 est
1611 3710 1729 3749 eam
1778 3697 1833 3752 in

256 3775 425 3831 corde
450 3790 568 3831 suo.
599 3777 750 3844 Quod
772 3779 817 3833 si
844 3779 1031 3835 oculus
1056 3791 1179 3837 tuus
1200 3782 1389 3838 dener
1407 3785 1732 3842 scandalizat
1759 3798 1832 3853 te,

254 3883 389 3925 erue
414 3884 533 3925 eum
566 3879 620 3926 et
641 3870 843 3941 projice
868 3872 964 3928 abs
990 3882 1041 3929 te
1073 3890 1085 3926 :
1117 3876 1339 3945 expedit
1366 3878 1507 3932 enim
1536 3880 1628 3933 tibi
1662 3890 1716 3934 ut
1740 3896 1831 3949 pe-

257 3974 379 4020 reat
405 3981 566 4019 unum
598 3967 958 4022 membrorum
991 3978 1202 4025 tuorum
1244 3986 1403 4039 quam
1435 3981 1602 4027 totum
1641 3988 1834 4044 COI‘plIS

258 4067 408 4111 tuum
434 4057 675 4112 mittatur
708 4059 761 4111 in
799 4060 1119 4128 gehennam.
1179 4061 1243 4115 Et.
1284 4063 1328 4115 si
1375 4062 1591 4119 dextera
1646 4080 1834 4121 manus

257 4153 352 4201 tua
387 4146 709 4202 scandalizat
741 4159 814 4215 te,
847 4147 1101 4204 abscinde
1129 4165 1269 4217 eam,
1302 4161 1357 4205 et
1386 4152 1585 4221 projiee
1612 4154 1709 4207 abs
1739 4165 1788 4209 te
1819 4172 1832 4208 :

256 4238 482 4307 expedit
520 4240 662 4295 enim
696 4240 790 4296 tibi
828 4252 883 4296 ut
912 4252 1095 4311 pereat
1124 4258 1286 4297 unum
1317 4245 1676 4300 membrorum
1722 4258 1836 4302 tuo-

254 4343 404 4392 rum,
436 4343 593 4397 quam
623 4339 788 4385 totum
818 4346 1014 4402 corpus
1047 4343 1193 4387 tuum
1222 4342 1309 4388 eat
1334 4334 1386 4387 iu
1407 4334 1727 4403 gehennam.

828 4441 1054 4495 CAPUT
1094 4441 1288 4495 XXIX.

882 4533 960 4586 De
995 4534 1227 4601 repudio.

1915 625 2135 683 terram,
2177 616 2302 684 quia
2348 616 2640 673 scabellum
2671 622 2755 673 est
2783 617 2975 685 pedum
3006 617 3157 685 ejus;
3192 633 3362 687 neque
3389 634 3486 689 per

1915 705 2366 777 Hierosolymam,
2397 709 2518 778 quia
2568 708 2756 763 civitas
2804 716 2889 763 est
2926 708 3102 778 magni
3142 709 3283 774 regis
3304 706 3480 780 (Paul.

1916 812 2081 863 xnvu,
2132 797 2221 868 5);
2248 812 2419 867 neque
2449 813 2544 867 per
2562 806 2722 868 caput
2750 807 2896 853 tuum
2919 798 3204 866 iuraveris,
3232 798 3357 868 quia
3382 812 3492 855 non

1916 897 2067 957 potes
2089 902 2251 941 unum
2274 888 2524 957 capillum
2552 890 2732 945 album
2779 888 2957 945 facere
2980 898 3064 944 aut
3119 891 3348 959 nigrum.
3399 889 3485 946 Sit

1913 991 2091 1036 autem
2134 994 2312 1035 sermo
2357 989 2578 1036 vester:
2632 991 2735 1049 est,
2791 992 2903 1047 est;
2962 997 3098 1049 non,
3150 997 3291 1036 non:
3346 980 3488 1051 quod

1914 1081 2093 1127 autem
2120 1070 2203 1127 his
2232 1071 2592 1127 abundantius
2625 1081 2740 1137 est,
2767 1086 2798 1125 a
2828 1072 2969 1127 malo
2994 1081 3100 1127 est.

2490 1188 2717 1244 CAPUT
2754 1188 2947 1246 XXXI.

2058 1280 2138 1336 De
2163 1298 2221 1337 eo
2254 1281 2391 1352 quod
2412 1282 2659 1353 scriptum
2688 1291 2794 1348 est,
2827 1283 3027 1336 oculum
3056 1299 3147 1351 pro
3178 1284 3347 1335 oculo.

1986 1393 2198 1448 Mum.
2240 1408 2291 1458 v,
2337 1392 2543 1457 58-42;
2591 1392 2719 1447 Luc.
2753 1408 2842 1457 vi,
2883 1393 3070 1447 29-30.
3104 1392 3342 1445 Audistis
3364 1390 3489 1460 quia

1917 1483 2117 1538 dictum
2139 1493 2259 1540 est:
2288 1482 2511 1537 Oculum
2554 1497 2650 1552 pro
2680 1482 2854 1547 oculo,
2880 1490 2936 1535 et
2955 1482 3165 1535 dentem
3198 1496 3289 1548 pro
3333 1480 3493 1534 dente

1918 1571 2115 1645 (Exod.
2148 1588 2259 1642 χχι,
2294 1574 2396 1639 2|;
2424 1572 2545 1627 Leu.
2577 1588 2724 1638 xxxv,
2760 1572 2860 1637 2d;
2903 1570 3056 1624 Deut.
3089 1586 3210 1633 xix,
3243 1570 3359 1638 2i).
3384 1569 3496 1637 Ego

1917 1674 2091 1721 autem
2121 1665 2240 1720 dico
2261 1666 2431 1729 vobis,
2458 1679 2564 1720 non
2586 1665 2839 1720 resistere
2869 1663 3008 1718 malo
3038 1679 3054 1717 :
3085 1662 3180 1716 sed
3212 1663 3256 1713 si
3288 1660 3406 1730 quis
3442 1668 3496 1712 te

1919 1759 2242 1827 percusserit
2264 1759 2318 1812 in
2341 1758 2615 1813 dexteram
2641 1756 2910 1812 maxillam
2933 1765 3096 1818 tuam,
3126 1752 3303 1822 praebe
3332 1750 3406 1804 illi
3433 1758 3490 1805 et

1925 1849 2172 1902 alteram.
2200 1848 2268 1902 Et
2292 1848 2341 1903 ei
2370 1848 2458 1917 qui
2482 1847 2598 1901 vult
2631 1857 2803 1902 tecum
2828 1846 3031 1916 judicio
3072 1842 3419 1908 contendere,
3445 1848 3502 1896 et

1930 1942 2159 1996 tunicam
2191 1950 2332 1994 tuam
2363 1940 2574 2009 tollere,
2610 1939 2821 1995 dimitte
2846 1939 2897 1993 ei
2947 1948 3001 1993 et
3033 1937 3274 2006 pallium.
3299 1932 3501 2002 thui—

1924 2048 2131 2103 cunque
2161 2042 2213 2088 te
2240 2033 2598 2103 angariaverit
2645 2032 2789 2087 mille
2823 2046 3032 2102 passus,
3075 2030 3207 2085 vade
3234 2044 3354 2084 eum
3407 2026 3504 2081 illo

1924 2123 2025 2178 alia
2055 2125 2182 2180 duo.
2210 2124 2309 2191 Qui
2346 2124 2472 2192 petit
2498 2138 2527 2177 a
2554 2132 2627 2189 te,
2674 2123 2740 2177 da
2767 2123 2819 2179 ei
2859 2141 2874 2178 :
2903 2133 2957 2177 et
2988 2122 3183 2176 volenti
3217 2118 3444 2173 mutuari
3468 2130 3502 2171 ι

1926 2224 2001 2281 te,
2036 2229 2103 2269 ne
2138 2215 2417 2270 averteris.
2468 2216 2534 2270 Et
2561 2215 2650 2285 qui
2679 2216 2851 2269 aufert
2875 2229 2992 2284 quae
3020 2224 3106 2268 tua
3136 2220 3277 2273 sunt.
3311 2224 3378 2263 ne
3416 2223 3504 2263 re-

1925 2314 2094 2375 petas.
2120 2336 2190 2346 —
2220 2305 2350 2360 Luc.
2380 2320 2435 2371 v,
2457 2304 2549 2360 51.
2580 2306 2644 2359 Et
2677 2314 2832 2374 prout
2858 2305 3018 2360 vultis
3049 2314 3105 2359 ut
3132 2303 3324 2359 faciant
3353 2297 3505 2353 vobis

1925 2396 2191 2463 homines,
2217 2404 2272 2452 et
2301 2412 2399 2453 vos
2424 2396 2579 2452 facite
2602 2397 2707 2453 illis
2735 2398 2999 2453 similiter.

2474 2516 2702 2572 CAPUT
2740 2514 2956 2570 XXXII.

2352 2609 2428 2663 De
2465 2609 2725 2682 diligendo
2763 2611 3073 2680 proximum.

1999 2722 2213 2777 Mum.
2243 2739 2295 2788 v,
2326 2723 2526 2789 45-46;
2552 2723 2686 2779 Luc.
2718 2738 2769 2788 ν,
2792 2723 2982 2779 27-28.
3007 2722 3244 2777 Audistis
3271 2721 3390 2791 quia
3422 2719 3508 2775 di-

1929 2823 2070 2870 ctum
2101 2824 2182 2871 est
2208 2816 2441 2885 antiquis
2467 2834 2479 2868 :
2508 2816 2704 2885 Diliges
2728 2816 3027 2885 proximum
3061 2825 3233 2880 tuum,
3276 2823 3330 2868 et
3354 2813 3507 2868 odies

1933 2906 2204 2960 inimicum
2239 2916 2387 2961 tuum
2413 2906 2560 2976 (Lev.
2595 2922 2706 2972 XIX,
2739 2906 2849 2976 18).
2898 2907 3007 2976 Ego
3032 2913 3210 2960 autem
3250 2904 3369 2959 dico
3404 2918 3505 2958 vo-

1930 2996 2049 3052 bis:
2083 2997 2293 3067 Diligite
2330 2997 2574 3052 inimicos
2612 3005 2839 3061 vestros,
2870 2995 3168 3052 henefaeite
3198 2994 3279 3049 his
3299 2996 3388 3065 qui
3412 3006 3509 3048 vos

1933 3088 2161 3143 oderunt
2191 3130 2206 3156 ,
2231 3097 2285 3143 et
2313 3098 2464 3143 orate
2488 3104 2583 3158 pro
2612 3089 3054 3157 persequentibus
3093 3097 3147 3142 et
3172 3087 3508 3143 calumnian-

1936 3179 2077 3234 tibus
2104 3194 2218 3247 vos,
2243 3189 2303 3236 ut
2326 3180 2444 3234 sitis
2473 3180 2567 3234 filii
2599 3180 2770 3234 Patris
2811 3181 2977 3235 vestri
3003 3178 3093 3248 qui
3133 3180 3187 3233 in
3224 3182 3372 3235 eos'is
3402 3188 3505 3245 est,

1863 3272 1907 3334 C
1936 3274 2023 3341 qui
2043 3273 2209 3327 solem
2241 3287 2393 3326 suum
2419 3271 2550 3327 oriri
2599 3272 2723 3326 facit
2763 3286 2925 3341 super
2956 3272 3123 3325 malos
3145 3281 3200 3326 et
3238 3272 3425 3336 bonos,
3455 3280 3511 3326 et

1936 3365 2068 3433 pluit
2114 3378 2274 3431 super
2299 3363 2473 3431 justas
2495 3372 2550 3417 et
2580 3362 2828 3431 injustos.
2859 3390 2930 3402 —-
2954 3361 3084 3415 Luc.
3116 3376 3203 3427 vr,
3231 3360 3416 3415 ’δε-δι.
3448 3361 3509 3417 Si

1935 3456 2076 3511 enim
2107 3454 2325 3523 di'igitis
2349 3469 2443 3508 eos
2473 3454 2563 3523 qui
2597 3468 2692 3508 vos
2714 3452 2957 3522 diligunt,
3000 3468 3160 3523 quam
3206 3454 3511 3509 mercedem

1940 3544 2243 3599 habebitis?
2286 3559 2464 3600 nonne
2511 3554 2565 3600 et
2609 3543 2873 3615 publicani
2919 3544 3019 3599 hoc
3062 3544 3299 3599 faciunt?
3347 3546 3413 3600 Et
3462 3545 3513 3601 si

1937 3636 2072 3690 bene
2103 3634 2337 3690 feceritis
2367 3633 2449 3688 his
2479 3634 2569 3704 qui
2609 3635 2747 3691 bene
2772 3633 2923 3690 vobis
2964 3634 3181 3702 faciunt,
3212 3651 3328 3705 quae
3361 3635 3511 3691 vobis

1936 3735 2017 3781 est
2038 3726 2240 3797 gratia?
2265 3726 2531 3797 siquidem
2570 3733 2627 3781 et
2653 3733 2962 3796 peccatores
2992 3726 3093 3781 hoc
3116 3727 3332 3782 faciunt.
3379 3728 3442 3781 Et
3464 3729 3513 3783 si

1936 3828 2173 3874 mutuum
2198 3818 2456 3875 dederitis
2482 3817 2563 3873 his
2583 3832 2613 3872 a
2635 3817 2827 3887 quibus
2854 3819 3079 3888 Speratis
3099 3819 3362 3889 recipere,
3392 3836 3512 3890 quae
3554 3844 3557 3847 λ

1936 3910 2104 3977 gratia
2130 3920 2211 3964 est
2237 3909 2427 3965 vobis?
2467 3925 2587 3964 nam
2614 3918 2668 3964 et
2693 3918 3007 3979 peccatores
3040 3912 3407 3980 peccatoribus
3437 3911 3517 3966 fe-

1938 4010 2213 4064 nerantur,
2242 4009 2299 4055 ut
2323 4000 2583 4071 recipiant
2627 4001 2871 4070 aequalia.
2905 4031 2975 4042 —
2996 4001 3213 4057 MATTH.
3244 4004 3509 4067 v.67—48.

1939 4090 2005 4144 Et
2034 4092 2076 4146 si
2104 4092 2464 4148 salutaveritis
2504 4091 2696 4146 fratres
2727 4102 2938 4148 vestros
2977 4101 3201 4161 tantum,
3249 4094 3374 4162 quid
3403 4108 3515 4147 am-

1939 4180 2078 4248 plius
2114 4181 2320 4237 facitis?
2360 4197 2535 4238 nonne
2562 4190 2616 4238 et
2658 4182 2858 4239 ethnici
2890 4184 2992 4239 hoc
3019 4183 3257 4240 faciunt?
3291 4214 3355 4228 --
3382 4184 3515 4238 Luc.

1940 4290 2019 4340 vi,
2052 4274 2242 4329 55.56.
2275 4274 2652 4329 Verumtamen
2692 4275 2897 4345 diligite
2926 4276 3169 4331 inimicos
3202 4283 3426 4340 vestros,
3457 4286 3507 4327 et

1940 4364 2253 4429 henefaeite,
2285 4373 2337 4418 et
2361 4375 2599 4419 mutuum
2630 4365 2752 4419 date
2783 4365 2916 4418 nihil
2958 4366 3081 4420 inde
3120 4373 3435 4431 sperantes:
3461 4375 3515 4418 et

1940 4452 2042 4505 erit
2063 4465 2267 4505 merces
2294 4461 2468 4505 vestra
2495 4453 2681 4517 multa,
2710 4462 2762 4506 et
2784 4452 2932 4505 eritis
2960 4451 3055 4505 filii
3075 4451 3357 4518 Altissimi,
3387 4454 3513 4521 quia

1942 4544 2054 4609 ipse
2085 4540 2339 4609 benignus
2385 4549 2467 4595 est
2509 4555 2671 4610 super
2713 4541 2950 4611 ingratos
2988 4550 3043 4597 et
3086 4542 3276 4598 malos.
3335 4544 3517 4601 Estote

336 4641 549 4693 Mum.
582 4656 637 4705 v,
670 4639 862 4694 5152.
906 4640 1116 4695 Dictum
1148 4654 1231 4697 est
1273 4650 1451 4699 autem
1482 4665 1493 4699 :
1528 4646 1839 4719 Quicunque
1872 4641 1917 4699 l)
1942 4648 2069 4703 ergo
2099 4633 2469 4689 misericordes
2484 4634 2621 4687 sicut
2641 4644 2694 4689 et
2721 4634 3067 4692 Patervester
3091 4635 3391 4692 misericors
3409 4648 3512 4694 est.

254 4729 526 4786 dimiserit
575 4742 800 4785 uxorem
847 4746 1018 4796 suam,
1076 4732 1167 4788 det
1215 4733 1288 4789 illi
1332 4735 1573 4792 libellum
1629 4740 1836 4810 repudii

253 4824 445 4898 (Deut.
472 4839 625 4893 xxrv,
676 4826 754 4897 I).
787 4826 898 4897 Ego
938 4838 1112 4883 autem
1137 4829 1257 4886 dico
1283 4830 1471 4888 vobis:
1504 4836 1625 4905 quia
1658 4840 1834 4894 omnis

251 4916 350 4987 qui
399 4914 662 4971 dimiserit
707 4933 929 4974 uxorem
986 4934 1166 4988 suam,
1201 4936 1423 4994 excepta
1465 4926 1832 4987 fornicationis

252 5020 441 5074 causa,
467 5008 592 5064 facit
611 5024 728 5067 eam
752 5012 1007 5067 mtechari
1037 5028 1051 5065 :
1082 5022 1136 5068 et
1164 5016 1253 5084 qui
1284 5018 1556 5074 dimissam
1596 5020 1826 5091 duxerit,

252 5100 539 5156 adulterat.

824 5212 1047 5272 CAPUT
1088 5218 1253 5272 XXX.

828 5305 907 5361 De
952 5310 1265 5378 iuramento.

332 5413 551 5472 Murri.
577 5432 632 5483 v,
663 5419 868 5475 55-37.
898 5422 1134 5478 Audistis
1164 5425 1282 5493 quia
1327 5426 1526 5483 dictum
1570 5440 1651 5485 est
1694 5435 1833 5487 anti-

255 5506 422 5575 quis:
453 5507 568 5563 Non
594 5510 904 5578 pejerabis:
952 5515 1144 5570 reddes
1189 5527 1367 5573 autem
1416 5519 1643 5577 Domino
1684 5524 1833 5593 jura-

259 5612 442 5655 menta
474 5612 563 5657 tua
603 5604 798 5660 (Exod.
826 5623 916 5674 xx,
948 5612 1015 5675 7;
1068 5608 1228 5666 Leuit.
1276 5629 1384 5677 xix,
1431 5615 1526 5677 l2;
1581 5616 1732 5672 Deut.
1774 5635 1828 5684 v,

260 5691 381 5758 Ii).
406 5692 519 5762 Ego
573 5704 749 5749 autem
800 5696 920 5753 dico
961 5699 1112 5756 vobis
1146 5720 1167 5765 ε,
1206 5702 1319 5757 Νοη
1367 5704 1550 5775 iurare
1594 5709 1833 5777 omnino,

341 5858 366 5888 ⁸
406 5852 521 5920 Gr.,
638 5862 813 5935 κρίσει.
846 5858 1023 5929 Vlllg.,
1048 5862 1272 5932 judicio.
1298 5874 1305 5879 “

1946 4726 2128 4780 Estotc
2169 4740 2295 4793 ergo
2321 4741 2416 4781 vos
2447 4726 2663 4796 perfecti
2702 4726 2837 4781 sicut
2876 4736 2927 4782 et
2965 4727 3122 4785 Pater
3152 4738 3327 4784 vester
3352 4732 3514 4785 coele-

1942 4818 2038 4872 stis
2069 4817 2331 4887 perfectus
2352 4827 2454 4875 est.

2472 4928 2698 4985 CAPUT
2739 4930 2972 4988 XXXIII.

2391 5044 2463 5099 De
2492 5044 2686 5099 occulta
2719 5048 3055 5117 eleemosyna.

2013 5160 2224 5216 MATTH.
2270 5177 2357 5228 vr,
2389 5161 2502 5215 1-4.
2556 5161 2829 5217 Attendite
2874 5178 2940 5217 ne
2974 5161 3234 5231 justitiam
3286 5169 3512 5215 vestrum

1943 5251 2147 5305 faciatis
2178 5265 2357 5305 coram
2384 5249 2711 5312 hominibus,
2741 5262 2795 5306 ut
2827 5252 3110 5306 videamini
3139 5252 3205 5305 ab
3233 5251 3313 5305 eis
3342 5267 3357 5303 :
3390 5250 3515 5304 alio.

1944 5344 2033 5411 qui
2065 5343 2365 5398 mercedem
2396 5357 2500 5396 non
2543 5344 2803 5397 habebitis
2829 5342 2967 5413 apud
3016 5344 3126 5397 Pati
3143 5357 3225 5397 em
3259 5352 3514 5401 vestrum.

1942 5437 2030 5503 qui
2055 5436 2107 5489 in
2138 5435 2290 5490 ecelis
2318 5444 2420 5489 est.
2452 5434 2587 5489 Cum
2622 5451 2746 5499 ergo
2788 5435 2917 5487 faeis
2958 5436 3375 5504 eleemosyuam.
3404 5432 3514 5486 noli

1942 5525 2063 5580 tuba
2089 5541 2281 5581 canere
2312 5536 2435 5580 ante
2462 5535 2534 5592 te,
2559 5526 2694 5580 sicut
2726 5526 3013 5595 hypocrita:
3045 5524 3142 5579 faei
3158 5534 3242 5579 IIII.
3271 5525 3325 5578 in
3355 5539 3515 5592 syna-

1939 5623 2085 5689 gogis
2124 5630 2177 5676 et
2219 5621 2270 5674 in
2320 5622 2467 5688 vicis,
2518 5632 2578 5676 ut
2625 5621 3042 5675 lionorifieentur
3084 5617 3151 5673 ab
3182 5618 3508 5674 hominibus.

1941 5712 2110 5770 Amen
2150 5713 2271 5770 dico
2299 5715 2470 5781 vobis,
2515 5724 2833 5785 receperunt
2872 5713 3170 5769 mercedem
3219 5727 3390 5770 suam.
3437 5710 3514 5766 To
