4026 6458
535 380 636 433 £7!

542 583 670 650 quid
698 582 854 635 faciat
878 581 1095 635 dextera
1125 579 1383 642 tua,ntsit
1411 576 1753 645 eleemosyna
1789 583 1877 628 tua
1906 575 1958 628 in
1990 574 2118 630 abs-

544 690 712 730 eonso
748 690 762 727 :
800 682 854 729 et
884 673 1035 728 Pater
1092 680 1233 736 tuus,
1263 669 1351 738 qui
1375 667 1516 723 videt
1544 668 1596 723 in
1626 668 1910 731 absconso,
1933 665 2120 722 reddet

551 765 664 820 tibi.

1082 893 1302 949 CAPUT
1345 894 1580 949 XXXIV.

1031 986 1112 1039 De
1147 997 1338 1041 secreta
1375 987 1622 1040 oratione.

621 1126 835 1181 Manu.
867 1138 949 1189 vr,
992 1121 1143 1177 5-15.
1188 1121 1400 1176 Etcum
1430 1121 1618 1187 oratis,
1664 1134 1767 1173 non
1799 1119 1946 1174 eritis
1986 1119 2123 1173 sicut

552 1217 869 1286 hypocrita,
920 1212 1010 1281 qui
1051 1221 1236 1266 amant
1282 1212 1336 1266 in
1382 1211 1666 1281 synagogis
1722 1218 1777 1265 et
1817 1209 1868 1263 in
1916 1209 2124 1279 angulis

549 1306 840 1373 platearum
872 1309 1074 1356 stantes
1102 1314 1276 1364 orare,
1314 1310 1372 1353 ut
1392 1300 1672 1355 videantur
1702 1297 1769 1352 ab
1793 1297 2118 1352 hominibus.

540 1394 718 1449 ‘Amen
744 1393 868 1447 dico
908 1392 1084 1458 vobis,
1134 1400 1451 1461 receperunt
1499 1390 1798 1446 mercedem
1842 1404 2015 1444 suam.
2043 1388 2122 1443 Tu

547 1492 722 1539 autem
751 1499 872 1539 cum
893 1484 1093 1547 orabis,
1126 1483 1262 1537 intra
1285 1483 1334 1536 in
1357 1484 1440 1537 cul
1462 1482 1681 1547 iculum,
1708 1490 1761 1537 et
1781 1481 1963 1537 clauso
1989 1481 2124 1536 ostio

529 1583 662 1643 ’tuo,
696 1588 792 1629 ora
821 1576 1030 1629 Patrem
1059 1584 1204 1630 tuum
1234 1574 1289 1628 in
1332 1574 1624 1639 absconso;
1675 1582 1729 1626 ct
1768 1572 1924 1627 Pater
1973 1581 2120 1635 tuus,

544 1666 636 1736 qui
666 1665 812 1720 videt
839 1665 893 1720 in
922 1667 1205 1727 absconso,
1252 1662 1505 1719 exaudiet
1551 1652 1621 1718 te.
1673 1663 1902 1717 Orantcs
1948 1671 2124 1716 autem

548 1757 715 1812 nolite
738 1757 958 1812 multum
988 1755 1157 1824 loqui,
1184 1752 1537 1809 sicutethniei
1568 1768 1583 1809 :
1608 1763 1795 1821 putant
1817 1752 1960 1807 enim
1984 1751 2125 1821 quod

1683 371 1991 426 VICTORIS
2034 370 2330 427 EPISCOPI
2370 368 2662 427 CAPUANI

540 499 718 545 autem
769 470 1456 558 faciente'elcemosynam,
1510 484 1713 539 nesciat
1759 484 1973 537 sinistra
2026 494 2111 537 tua
2146 490 2188 541 A

3669 408 3783 461 27:2

2743 482 2967 538 CAPUT
3008 484 3097 538 XX
3112 485 3266 539 XVII.

2468 572 2632 625 Nemo
2671 589 2733 638 po
2758 584 2833 626 est
2860 575 3053 627 duobus
3084 576 3304 628 dominis
3342 576 3547 630 servire.

2295 664 2505 717 Ilum.
2552 680 2596 717 vi
2618 704 2631 726 ,
2673 664 2761 718 2i.
2794 664 2960 719 Nemo
2990 676 3163 733 potest
3188 666 3394 721 duobus
3421 666 3652 721 dominis
3682 681 3784 721 seu

2222 755 2335 809 vire
2365 772 2382 808 :
2411 766 2501 808 aut
2526 755 2667 808 enim
2709 772 2866 809 unum
2898 757 3021 811 odio
3053 758 3285 825 habebit,
3316 767 3371 812 et
3410 760 3637 814 alterum
3669 758 3791 814 dilic

2221 856 2341 916 get;
2375 853 2467 899 aut
2487 861 2647 900 unum
2670 848 2970 914 sustinebit,
2994 856 3049 903 et
3077 848 3302 903 alterum
3328 859 3655 904 contemnet.
3680 848 3795 905 Non

2214 936 2448 1003 potestis
2470 937 2578 991 Deo
2603 940 2807 995 servire
2833 950 2888 994 et
2916 954 3256 995 mammona.

2734 1073 2964 1129 CAPUT
3004 1072 3286 1130 XXXVIII.

2229 1163 2352 1218 Non
2381 1165 2557 1220 debere
2579 1182 2877 1235 quemquam
2908 1164 3183 1288 sollicitum
3195 1182 3299 1221 esse
3322 1165 3384 1220 de
3412 1181 3525 1220 esca
3553 1166 3800 1221 eelindus

2920 1251 3035 1288 men
3060 1251 3107 1288 θ.

2920 1251 3107 1291 mente.

2295 1368 2507 1423 binm.
2557 1385 2634 1437 vt,
2680 1371 2873 1435 25-34;
2921 1371 3051 1427 Luc.
3099 1388 3207 1436 xu,
3265 1372 3478 1430 22-5I.
3511 1375 3636 1431 Ideo
3684 1374 3805 1446 dixi

2223 1460 2399 1528 vobis,
2434 1476 2499 1516 ne
2529 1462 2744 1515 solliciti
2784 1463 2902 1517 sitis
2941 1464 3131 1518 anima:
3160 1474 3371 1528 vestras,
3400 1468 3526 1535 quid
3577 1454 3797 1521 manduf

2222 1550 2375 1613 cetis,
2406 1566 2577 1621 neque
2619 1552 2830 1621 corpori
2879 1566 3057 1609 vestro
3088 1556 3211 1623 quid
3264 1557 3575 1611 induamini.
3610 1558 3795 1612 Nonne

2222 1643 2398 1697 anima
2422 1643 2541 1713 plus
2567 1653 2648 1698 est
2676 1659 2832 1712 quam
2877 1660 3018 1709 esca,
3056 1657 3110 1700 et
3144 1661 3337 1717 corpus
3370 1648 3488 1715 plus
3517 1661 3599 1702 est
3640 1664 3801 1717 quam

2227 1735 2640 1795 vestimentum?
2674 1734 2940 1805 Respieite
2970 1737 3205 1791 volatilia
3245 1739 3387 1804 cmli,
3415 1741 3663 1807 quoniam
3696 1756 3801 1794 non

538 1848 603 1903 in
621 1848 967 1916 multiloquio
985 1862 1082 1901 suo
1105 1846 1476 1901 exaudiantur.
1498 1845 1669 1900 Nolite
1688 1859 1814 1913 ergo
1841 1843 2123 1899 assimilari

2228 1835 2431 1893 serunt,
2469 1842 2641 1897 neque
2666 1836 2891 1891 metunt,
2926 1841 3100 1897 neque
3128 1840 3453 1898 congregant
3487 1830 3538 1882 in
3572 1830 3799 1895 horrea;

542 1942 629 1997 eis
663 1959 677 1994 :
707 1942 809 1997 scit
836 1943 980 1995 enim
1005 1940 1377 1995 Pater'vester
1403 1938 1530 2009 quid
1561 1953 1695 2008 opus
1731 1938 1796 1993 sit
1828 1938 2000 2004 vobis,
2031 1951 2128 1992 an-

534 2043 759 2103 1equam
800 2033 992 2102 petatis
1043 2031 1435 2087 eum—Luc.
1487 2047 1577 2098 si,
1629 2031 1740 2086 1-4.
1795 2031 1945 2086 Tunc
1989 2030 2127 2085 dixit

548 2138 687 2179 unus
715 2138 781 2178 ex
824 2122 1099 2192 discipulis
1122 2123 1241 2192 ejus
1267 2122 1333 2177 ad
1364 2137 1487 2178 eum
1512 2138 1526 2176 :
1576 2122 1822 2188 Domine,
1869 2122 2002 2177 doce
2026 2135 2127 2176 nos

545 2229 723 2279 orare,
755 2215 893 2268 sicut
921 2221 975 2268 et
1002 2214 1236 2269 Joannes
1265 2214 1446 2269 docuit
1474 2214 1761 2280 discipulos
1787 2230 1931 2269 suos.
1962 2214 2029 2269 Et
2048 2216 2127 2269 ait

541 2306 657 2360 illis
689 2322 704 2358 :
732 2304 864 2360 Cum
894 2305 1079 2370 oratis,
1109 2304 1274 2360 dicite
1305 2322 1320 2359 :
1372 2305 1528 2359 Pater
1580 2316 1778 2371 noster,
1827 2306 1916 2373 qui
1962 2320 2021 2360 es
2072 2306 2124 2358 in

551 2394 703 2450 C(BIIS
733 2411 747 2447 :
780 2384 1139 2450 sanctiﬁcetur
1162 2409 1354 2449 nomen
1392 2404 1561 2450 tuum.
1607 2396 1867 2450 Adveniat
1894 2411 2125 2466 regnum

554 2499 724 2542 tuum.
764 2486 881 2541 Fiat
916 2485 1162 2541 voluntas
1192 2496 1301 2552 tua,
1335 2488 1472 2541 sicut
1520 2488 1574 2542 in
1612 2488 1750 2543 ccelo
1783 2495 1837 2543 et
1868 2488 1920 2545 in
1960 2501 2125 2543 terra.

556 2578 753 2632 Panem
779 2586 1018 2632 nostrum
1045 2578 1612 2646 supersubstantialem
1643 2579 1710 2634 da
1751 2580 1903 2635 nobis
1934 2580 2125 2643 hodie;

482 2681 506 2701 ο
551 2678 606 2722 et
630 2668 847 2723 dimitte»
868 2668 1021 2723 nobis
1042 2668 1217 2724 debita
1248 2676 1429 2723 nostra
1450 2669 1588 2723 sicut
1610 2679 1665 2724 et
1695 2685 1791 2725 nos
1812 2670 2129 2725 dimittimus

550 2758 885 2815 debitoribus
916 2762 1133 2813 nostris.
1187 2758 1255 2813 Et
1292 2773 1360 2814 ne
1390 2772 1487 2813 nos
1530 2759 1750 2814 inducas
1779 2761 1832 2816 in
1880 2760 2130 2815 tentatio-

555 2865 710 2916 nem;
742 2852 838 2906 sed
869 2850 1032 2906 libera
1053 2865 1151 2906 nos
1180 2866 1209 2905 a
1236 2851 1397 2906 malo.
1430 2852 1485 2907 Si
1508 2852 1650 2907 enim
1692 2852 1998 2907 dimiseritis
2029 2853 2129 2907 ho-

553 2944 785 2999 minibus
801 2954 1017 3013 peccata
1033 2959 1238 3009 eorum,
1269 2943 1503 3001 dimittet
1521 2955 1575 3000 et
1599 2946 1751 3001 vobis
1773 2945 1931 3000 Pater
1952 2956 2131 3001 vester
2172 2988 2173 2991 η

556 3035 790 3091 caelestis
815 3036 1006 3092 delicta
1029 3046 1227 3092 vestra.
1260 3037 1316 3092 Si
1346 3046 1525 3092 autem
1554 3052 1659 3091 non
1688 3036 1998 3092 dimiseritis
2027 3037 2129 3093 ho-

549 3126 801 3196 minibus,
836 3140 933 3183 nec
962 3126 1120 3182 Pater
1147 3134 1324 3182 vester
1348 3125 1610 3182 dimittet‘
1627 3137 1838 3197 peccata
1863 3136 2056 3185 vestra.

1088 3260 1322 3317 CAPUT
1361 3261 1579 3316 XXXV.

1056 3352 1133 3407 De
1170 3356 1365 3408 occulto
1395 3354 1622 3425 jejunio.

618 3465 831 3521 Manu.
863 3479 945 3531 vr,
980 3463 1165 3521 16-18.
1204 3464 1337 3519 Cum
1362 3463 1637 3535 jejunatis,
1666 3464 1831 3519 nolite
1861 3464 1971 3519 fieri
1995 3465 2132 3519 sicut

543 3562 860 3633 hypocritze,
897 3561 1080 3615 tristes
1112 3577 1125 3613 :
1152 3560 1515 3614 exterminant
1533 3560 1676 3614 enim
1707 3558 1870 3613 facies
1898 3573 2041 3625 suas,
2074 3567 2134 3613 ut

550 3662 838 3723 appareant
868 3651 1172 3707 hominibus
1206 3652 1536 3719 jejunantes.
1573 3654 1740 3705 Amen
1786 3650 1907 3705 dico
1951 3652 2123 3716 vobis,

551 3744 669 3811 quia
700 3750 1015 3811 receperunt
1042 3740 1345 3795 mercedem
1374 3754 1546 3794 suam.
1574 3739 1657 3794 Tu
1690 3751 1866 3795 autem
1898 3755 2016 3794 cum
2042 3741 2128 3810 je-

548 3834 731 3901 junas,
773 3846 910 3900 unge
935 3839 1094 3900 caput
1124 3838 1294 3894 tuum,
1325 3839 1379 3885 et
1402 3829 1591 3885 faciem
1619 3838 1762 3884 tuam
1792 3830 1929 3895 lava,
1963 3847 2028 3884 ne
2053 3832 2131 3884 vi-

551 3924 728 3977 dearis
756 3923 1061 3978 hominibus
1087 3921 1357 3991 jejunans,
1388 3922 1480 3977 sed
1527 3922 1672 3977 Patri
1695 3931 1784 3977 tuo
1825 3923 1914 3992 qui
1953 3935 2035 3977 εει
2072 3923 2125 3978 ἰη

552 4014 849 4079 absconso;
880 4024 932 4070 et
959 4014 1115 4069 Pater
1143 4023 1284 4078 tuus,
1316 4013 1405 4083 qui
1428 4013 1570 4067 videt
1601 4014 1655 4067 in
1695 4014 1978 4080 absconso,
2012 4016 2132 4071 red-

552 4104 1287 4172 dettibi.—Loc.xu,5‘l-55.
1312 4104 1482 4159 Nolite
1505 4105 1712 4169 timere,
1739 4106 1963 4175 pusillus
1980 4122 2128 4177 grex,

552 4197 673 4265 quia
716 4197 1035 4268 complacuit
1077 4197 1222 4251 Patri
1275 4205 1455 4251 vestro
1507 4197 1637 4251 dare
1686 4198 1838 4252 vobis
1884 4214 2129 4269 regnum.

554 4287 775 4344 Vcndite
796 4303 915 4358 qua:
945 4288 1248 4357 possidetis,
1277 4296 1330 4343 et
1359 4287 1482 4342 date
1503 4288 1923 4359 eleemosynam.
1950 4290 2131 4348 Facite

550 4380 700 4434 vobis
737 4380 980 4437 sacculos
1009 4380 1099 4450 qui
1130 4394 1233 4435 non
1264 4389 1626 4446 veterascunt,
1661 4381 1970 4437 thesaurum
2025 4400 2129 4441 uon

551 4468 883 4526 deficientem
911 4472 963 4526 in
985 4469 1157 4526 caelis.

1082 4582 1307 4639 CAPUT
1356 4582 1596 4638 XXXVI.

828 4672 900 4725 De
926 4688 1024 4725 non
1052 4673 1442 4728 thesaurizando
1463 4690 1615 4745 super
1644 4684 1854 4733 terram.

625 4806 837 4861 MA‘l’Tﬂ.
861 4821 941 4871 vi,
974 4806 1189 4863 I9-25.
1218 4808 1394 4865 Nolite
1431 4810 1797 4870 thesaurizare
1828 4817 1981 4874 vobis
2012 4820 2130 4878 the-

554 4910 738 4952 sauros
767 4898 819 4952 in
844 4908 1015 4967 terra,
1045 4900 1138 4954 ubi
1159 4916 1339 4972 aerugo
1364 4911 1417 4958 et
1458 4906 1598 4958 tinea
1630 4904 1935 4976 demolitur,
1960 4920 2017 4966 et
2040 4913 2131 4970 tibi

552 4987 697 5045 fures
721 4988 975 5046 effodiunt
1001 4999 1056 5045 et
1072 4989 1335 5047 furantur.
1368 4992 1746 5052 Tliesaurizate
1768 5006 1946 5055 autem
1973 5002 2125 5059 vobis

553 5078 833 5135 thesauros
860 5081 911 5135 in
941 5082 1211 5147 cmlo,ubi
1234 5093 1408 5155 neque
1436 5100 1615 5157 aerugo
1672 5104 1843 5161 neque
1869 5092 2009 5149 tinea
2036 5095 2132 5150 de-

552 5172 792 5237 molitur,
824 5179 880 5227 et
906 5173 997 5228 ubi
1023 5172 1166 5230 fures
1192 5190 1298 5231 non
1318 5175 1577 5232 ell'odiunt
1607 5194 1706 5235 nec
1731 5181 1993 5239 furantur.
2028 5185 2128 5241 Ubi

550 5267 692 5321 enim
724 5274 809 5321 est
848 5265 1127 5323 thesaurus
1157 5278 1295 5335 tuus,
1328 5270 1399 5324 ibi
1444 5281 1528 5327 est
1570 5287 1667 5327 cor
1693 5283 1865 5331 tuum.
1899 5308 1967 5318 —
1996 5277 2127 5334 Luc.

554 5370 631 5422 ιι,
666 5354 851 5412 54-36.
882 5355 1120 5412 Lucerna
1147 5360 1389 5428 corporis
1426 5362 1501 5415 tui
1532 5371 1615 5417 est
1643 5364 1828 5418 oculus
1877 5372 2018 5419 tuus.
2061 5366 2122 5423 Si

555 5446 717 5501 fuerit
740 5448 929 5505 oculus
951 5456 1074 5506 tuus
1116 5451 1363 5520 simplex,
1397 5462 1563 5508 totum
1592 5469 1788 5525 corpus
1818 5464 1964 5509 tuum
2004 5456 2133 5510 luci-

555 5536 680 5592 dum
706 5540 830 5593 erit.
855 5539 909 5593 Si
932 5548 1109 5596 autem
1134 5544 1322 5597 oculus
1348 5551 1468 5598 tuus
1490 5559 1716 5614 nequam
1747 5546 1927 5616 fuerit,
1960 5556 2128 5602 totum

560 5642 754 5696 corpus
792 5637 939 5684 tuum
972 5633 1313 5688 tenebrosum
1342 5634 1463 5690 erit.
1505 5632 1563 5688 Si
1604 5650 1731 5704 ergo
1770 5636 1948 5692 lumen
1989 5639 2131 5708 quod

559 5717 612 5771 in
645 5729 696 5773 te
726 5730 807 5775 est
831 5722 1067 5785 tenebrae
1105 5732 1250 5788 sunt,
1276 5724 1405 5793 ipsa:
1435 5724 1669 5779 tenebrae
1704 5737 1914 5797 quantae
1939 5732 2132 5786 erunt?

2226 1928 2280 1970 et
2307 1917 2465 1971 Pater
2493 1925 2672 1971 vester
2694 1917 2931 1973 caelestis
2962 1919 3131 1986 pascit
3170 1920 3281 1973 illa.
3309 1918 3493 1974 Nonne
3518 1936 3613 1974 vos
3636 1923 3803 1990 pluris

2226 2010 2353 2065 estis
2386 2010 2525 2065 illis?
2563 2010 2691 2078 Quis
2718 2020 2896 2067 autem
2926 2021 3164 2066 vestrum
3194 2013 3454 2081 cogitans,
3488 2023 3665 2084 potest
3705 2017 3773 2070 ad
3786 2046 3803 2058 -

2222 2103 2388 2171 jicere
2434 2103 2501 2157 ad
2545 2112 2803 2158 staturam
2852 2118 3004 2159 suam
3050 2104 3285 2159 cubitum
3336 2106 3531 2159 unum?
3581 2108 3637 2161 Si
3676 2124 3805 2178 ergo

2229 2207 2401 2262 neque
2430 2194 2569 2263 quod
2612 2196 2889 2251 minimum
2931 2204 3015 2250 est
3057 2197 3299 2266 potestis,
3329 2197 3456 2266 quid
3498 2198 3566 2253 de
3592 2204 3804 2256 caeteris

2225 2286 2434 2341 solliciti
2460 2288 2623 2341 estis?
2667 2288 2730 2342 Et
2769 2288 2837 2343 de
2867 2288 3188 2342 vestimento
3217 2288 3343 2357 quid
3383 2289 3601 2343 solliciti
3628 2291 3804 2345 esis?

2227 2376 2570 2433 Considerate
2602 2380 2707 2434 lilia
2734 2381 2876 2449 agri,
2906 2378 3174 2448 quomodo
3199 2389 3446 2434 crescunt
3473 2399 3485 2435 :
3514 2394 3623 2434 non
3658 2381 3805 2433 labi-

2228 2480 2365 2537 rant,
2390 2486 2563 2539 neque
2588 2482 2735 2526 neut.
2766 2472 2894 2526 Dico
2920 2485 3097 2526 autem
3127 2472 3281 2526 vobis
3308 2472 3555 2541 quoniam
3585 2486 3684 2526 nec
3711 2472 3806 2527 Sa-

2230 2562 2406 2618 lomon
2438 2563 2491 2617 in
2520 2564 2665 2617 omni
2689 2564 2857 2632 gloria
2902 2578 2999 2617 sua
3034 2573 3319 2632 coopertus
3348 2574 3431 2617 est
3475 2563 3610 2617 sicut
3641 2580 3803 2618 unum

2226 2672 2295 2710 ex
2326 2656 2460 2710 istis.
2486 2655 2542 2710 Si
2568 2664 2743 2709 autem
2770 2654 2946 2709 fenum
2977 2657 3090 2725 agri
3114 2655 3255 2725 quod
3288 2654 3446 2710 hodie
3471 2664 3572 2723 est,
3602 2665 3657 2710 et
3681 2671 3804 2711 cras

2232 2748 2282 2800 in
2311 2745 2578 2800 clibanum
2606 2747 2851 2812 mittitur,
2899 2746 3037 2799 Deus
3081 2746 3159 2800 sic
3187 2746 3369 2813 vestit,
3408 2756 3609 2815 quanto
3636 2747 3805 2815 magis

2231 2857 2324 2898 vos
2362 2840 2597 2894 minimae
2637 2840 2790 2894 fidei?
2819 2840 2989 2894 Nolite
3031 2854 3161 2909 ergo
3201 2839 3417 2894 solliciti
3445 2854 3587 2903 esse,
3619 2841 3806 2894 dicen-

2233 2942 2312 2988 tes
2337 2950 2350 2985 :
2384 2932 2519 2998 Quid
2549 2930 3001 2995 manducabimus,
3032 2939 3125 2986 aut
3148 2930 3271 3001 quid
3296 2930 3558 2996 bibemus,
3581 2942 3670 2983 aut
3697 2946 3803 2999 quo

2231 3022 2570 3092 operiemur?
2602 3023 2723 3077 Ilaec
2748 3024 2888 3077 enim
2914 3024 3091 3077 omnia
3128 3034 3317 3090 gentes
3348 3022 3647 3090 inquirunt.
3689 3023 3805 3077 Scit

2231 3118 2372 3173 enim
2402 3116 2557 3171 Pater
2580 3126 2757 3171 vester
2782 3118 2901 3185 quia
2937 3115 3018 3168 his
3046 3115 3291 3169 omnibus
3334 3114 3601 3183 indigetis.
3645 3114 3802 3182 Qutc-

2155 3213 2198 3272 C
2232 3209 2335 3264 rite
2362 3217 2536 3263 autem
2581 3207 2808 3276 primum
2856 3221 3074 3276 regnum
3118 3206 3214 3260 Dei
3262 3216 3317 3260 et
3356 3204 3617 3274 justitiam
3646 3206 3800 3275 ejus:

2229 3311 2283 3356 et
2310 3302 2485 3355 omnia
2515 3301 2627 3354 luce
2661 3298 2983 3368 adjicieutur
3020 3298 3191 3352 vobis.
3217 3297 3392 3352 Nolite
3432 3312 3560 3365 ergo
3589 3298 3803 3353 solliciti

2230 3406 2350 3448 esse
2378 3394 2427 3446 in
2451 3391 2760 3446 crastinum.
2817 3390 3093 3443 CraSIiuus
3114 3389 3252 3442 enim
3286 3390 3400 3444 dies
3426 3391 3681 3445 sollicitus
3707 3389 3806 3442 crit

2231 3483 2332 3540 sibi
2366 3482 2469 3547 i.jsi
2498 3500 2508 3533 :
2536 3481 2731 3535 sufﬁcit
2757 3480 2859 3532 diei
2886 3481 3087 3532 malitia
3119 3495 3235 3533 sua.

2757 3617 2983 3675 CAPUT
3027 3616 3269 3671 XXXIX.

2308 3707 2427 3762 Non
2457 3707 2633 3761 debere
2660 3723 2963 3779 quemquam
2994 3708 3227 3779 judicare
3252 3707 3327 3761 vel
3357 3707 3718 3763 condemnare.

2302 3843 2513 3898 Mum.
2546 3859 2643 3909 vn,
2673 3843 2793 3908 1-6;
2828 3844 2955 3899 Luc.
2997 3858 3071 3913 vr,
3105 3843 3290 3899 37-42.
3335 3843 3507 3899 Nolite
3527 3844 3802 3915 judicare,

2233 3944 2417 3993 utnon
2439 3937 2752 4006 judicemini
2779 3955 2791 3991 :
2823 3939 2874 3993 in
2896 3952 3001 4007 quo
3020 3939 3162 3993 enim
3187 3938 3391 4007 judicio
3412 3938 3803 4007 judicaveritis,

2233 4029 2622 4099 judicabimini.
2648 4030 2820 4085 Nolite
2841 4032 3235 4098 condemnare,
3264 4041 3318 4086 et
3347 4046 3453 4086 non
3486 4033 3806 4086 condemna-

2235 4120 2438 4176 bimini.
2467 4122 2717 4176 Dimittite
2734 4162 2747 4185 ,
2768 4131 2823 4176 et
2850 4121 3207 4176 dimittemiui.
3227 4121 3374 4186 Date,
3398 4130 3451 4176 et
3471 4122 3685 4176 dabitur
3710 4137 3805 4175 vo-

2236 4213 2340 4267 bis.
2371 4214 2672 4267 Meusuram
2710 4214 2938 4277 bonam,
2968 4212 3262 4267 confertam
3302 4222 3355 4267 et
3393 4212 3709 4282 coagitatam
3755 4222 3808 4265 et

2234 4302 2699 4373 supereflluentem
2753 4304 2954 4358 dabunt
3006 4304 3057 4358 in
3099 4303 3274 4357 sinum
3327 4312 3584 4358 vestrum.
3632 4304 3804 4358 MARC.

2236 4411 2309 4459 tv,
2341 4394 2429 4448 24.
2458 4392 2522 4448 Ει
2546 4396 2596 4448 iu
2622 4410 2724 4463 qua
2757 4409 3005 4449 mensura
3043 4394 3211 4449 mensi
3238 4393 3467 4458 fueritis,
3502 4393 3809 4446 remetiezur

2235 4485 2408 4540 vobis.
2449 4484 2586 4552 Quid
2625 4494 2801 4539 autem
2851 4484 3003 4538 vides
3036 4483 3292 4537 festucam
3324 4482 3379 4534 in
3428 4480 3585 4534 oculo
3633 4481 3807 4534 fratris

2161 4593 2215 4652 D
2240 4578 2336 4641 tui,
2360 4586 2414 4633 et
2444 4577 2647 4632 trabem
2682 4578 2733 4630 in
2761 4575 2912 4629 oculo
2939 4586 3027 4628 tuo
3054 4588 3157 4627 non
3187 4573 3377 4626 vides?
3408 4575 3511 4625 Aut
3538 4572 3807 4641 quomodo

2239 4669 2371 4727 dicis
2414 4669 2561 4723 fratri
2608 4680 2697 4721 tuo
2725 4683 2740 4723 :
2769 4667 2926 4732 Siue,
2977 4664 3184 4735 ejiciam
3234 4663 3487 4718 festucam
3540 4663 3608 4718 de
3655 4664 3810 4717 oculo

2241 4771 2351 4824 tuo,
2375 4770 2429 4815 et
2451 4774 2576 4815 ecce
2605 4759 2780 4813 trabes
2811 4769 2893 4812 est
2922 4760 2971 4810 in
3009 4757 3163 4810 oculo
3189 4756 3311 4810 tuo?
3342 4756 3649 4826 llypocrita,
3676 4755 3811 4822 ejiee

2238 4855 2466 4923 primum
2499 4854 2702 4907 trabem
2733 4852 2801 4906 de
2830 4852 2983 4906 ocul»
3014 4860 3126 4917 tuo,
3155 4858 3209 4906 et
3241 4859 3364 4905 tunc
3393 4849 3597 4904 videbis
3620 4848 3811 4916 ejicere

2236 4945 2492 4999 festucam
2536 4942 2602 4996 de
2644 4944 2800 4999 oculo
2851 4945 3031 4997 fratris
3062 4943 3153 4996 tui.
3195 4940 3371 4996 Nolite
3411 4942 3540 5019 dare
3570 4951 3810 4995 sanctum

2235 5035 2477 5099 canibus,
2505 5048 2676 5100 neque
2700 5033 2925 5089 mittatis
2955 5032 3271 5104 margaritas
3300 5041 3506 5087 vestras
3536 5038 3661 5085 aute
3690 5044 3812 5100 por-

2235 5144 2355 5194 cos,
2387 5146 2452 5183 nc
2498 5130 2632 5186 forte
2678 5131 3112 5187 eouculccnteas
3160 5130 3382 5200 pedibus
3415 5128 3556 5197 suis,
3607 5139 3659 5183 et
3684 5144 3813 5182 con-

2232 5226 2372 5279 versi
2394 5223 2727 5294 disrumpant
2746 5238 2859 5280 vos.

2835 5337 3061 5393 CAPUT
3103 5336 3209 5392 XL.

2245 5429 2499 5485 Parabola
2552 5432 2615 5484 de
2667 5432 2850 5495 amico,
2915 5432 2990 5485 vel
3040 5430 3198 5483 tribus
3224 5430 3461 5496 panibus.
3512 5424 3805 5489 Ferendum,

2671 5500 3002 5572 pulsandum,
3040 5501 3387 5570 quwrendum.

2307 5634 2436 5688 Luc.
2468 5649 2542 5698 XI.
2570 5634 2722 5689 5-15.
2763 5632 2893 5699 Quis
2920 5643 3160 5688 vestrum
3192 5631 3409 5688 habebit
3448 5631 3713 5691 amicum,
3756 5637 3809 5681 et

2238 5728 2329 5782 ibit
2360 5727 2425 5780 ad
2458 5726 2605 5780 illiilli
2652 5724 2823 5780 media
2857 5734 3042 5792 nocte,
3084 5732 3137 5780 et
3167 5723 3308 5779 dicet
3343 5740 3357 5778 :
3404 5722 3621 5783 Amice,
3660 5735 3808 5773 cout-
