4026 6468
249 376 361 434 273

1010 381 1598 443 EVANGELICARUM
1635 382 2139 448 HABMONIARUM
2179 389 2764 455 INTERPRETATIO.

3409 407 3513 463 27A

248 491 413 547 moda
444 490 576 546 mihi
608 499 715 547 tres
742 507 928 564 panes,
963 499 1212 565 quoniam
1257 501 1460 555 amicus
1505 517 1655 556 meus
1686 501 1830 556 venit
1857 504 1910 562 Λ
1935 502 2216 562 descendit
2245 509 2422 578 pluvia
2445 554 2459 578 ,
2494 521 2548 567 et
2589 526 2848 570 venerunt
2877 517 3118 586 ﬂumina,
3167 523 3518 579 et-tlaveruut

247 583 321 636 ad
352 598 437 638 me
465 584 533 639 de
555 583 668 650 via,
692 593 746 639 et
777 600 880 640 non
908 586 1078 644 habeo
1106 590 1245 659 quod
1277 607 1470 661 ponam
1502 604 1625 648 ante
1655 594 1826 648 illum.

245 675 318 730 Et
346 674 434 730 ille
463 676 532 731 de
554 674 698 732 intus
724 680 1075 747 respondens,
1101 683 1246 736 dicat
1283 702 1296 739 :
1326 683 1445 739 Noli
1494 686 1622 740 mihi
1667 686 1829 741 mole-

247 777 369 822 stus
400 782 549 834 esse;
578 768 686 839 jam
711 772 905 826 ostium
931 773 1167 828 clausum
1199 784 1301 844 est,
1331 785 1382 829 ct
1407 779 1554 845 pueri
1585 779 1689 834 mei
1717 794 1830 834 me-

245 875 371 915 cum
403 870 524 914 sunt
553 860 604 915 in
631 861 826 929 cubili;
856 880 958 920 non
984 881 1198 935 possum
1225 882 1448 939 surgere
1474 880 1526 925 et
1553 871 1682 926 dare
1713 871 1827 924 tibi.

244 950 324 1005 Et
351 952 441 1006 ille
469 952 516 1006 si
541 957 1219 1024 perseveraveritpulsans,
1248 959 1367 1014 dico
1385 960 1554 1029 vobis,
1583 970 1636 1016 et
1655 962 1699 1017 si
1725 977 1828 1016 non

243 1041 400 1098 dabit
428 1043 505 1099 illi
541 1058 765 1116 surgens
802 1063 867 1103 eo
895 1050 1034 1119 quod
1080 1052 1284 1106 amicus
1312 1052 1427 1121 ejus
1466 1053 1568 1120 sit,
1614 1065 1832 1126 pr0pter

245 1136 647 1208 improbitatem
689 1151 865 1200 tamen
897 1148 1012 1215 ejus
1050 1158 1269 1219 surget,
1293 1159 1346 1204 et
1375 1150 1524 1204 dabit
1557 1151 1633 1206 illi
1671 1159 1827 1219 quot-

252 1244 378 1298 quot
410 1234 569 1291 habet
585 1241 937 1296 necessarios.
963 1241 1072 1310 Ego
1088 1242 1208 1298 dico
1236 1244 1382 1298 vobis
1401 1245 1707 1299 z—Mnrn.
1726 1259 1824 1309 vn,

250 1321 414 1388 7-14,
444 1325 637 1393 Petite,
674 1338 728 1383 et
757 1331 1059 1401 accipietis;
1107 1335 1367 1404 quwrite',
1412 1344 1465 1390 et
1513 1334 1824 1400 invenietis;

243 1412 476 1483 pulsate,
504 1426 557 1470 et
585 1419 853 1488 aperietur
875 1423 1045 1478 vobis.
1070 1424 1254 1481 Omnis
1281 1427 1422 1481 enim
1444 1427 1530 1498 qui
1558 1428 1708 1497 petit,
1742 1443 1828 1482 ac-

239 1506 411 1576 cipit;
441 1517 495 1565 et
523 1512 611 1580 qui
641 1515 852 1583 quarrit,
888 1516 1134 1585 invenit;
1167 1530 1221 1575 et
1273 1521 1502 1590 pulsanti
1537 1523 1829 1592 aperietur.

241 1602 356 1654 Aut
383 1603 504 1670 quis
529 1615 699 1660 estex
727 1608 880 1663 vobis
909 1610 1104 1678 homo,
1133 1629 1292 1683 quem
1344 1616 1389 1670 si
1433 1617 1649 1685 petierit
1691 1616 1830 1672 [ilius

239 1705 378 1746 suus
409 1709 600 1762 panem
625 1737 640 1763 ,
688 1702 928 1770 nunquid
973 1704 1199 1772 lapidem
1237 1708 1472 1777 porriget
1518 1710 1636 1764 illi?
1664 1719 1757 1764 aut
1783 1711 1830 1766 si

240 1783 452 1850 piscem
480 1789 712 1856 petierit,
745 1795 982 1864 nunquid
1008 1807 1308 1865 serpentem
1335 1806 1568 1871 porriget
1598 1805 1669 1858 illi
1694 1805 1718 1858 Ἰ
1739 1813 1829 1858 aut

239 1874 294 1928 si
323 1889 482 1931 ovum
511 1881 759 1950 petierit,
798 1887 1033 1957 nunquid
1063 1891 1296 1961 porriget
1343 1894 1420 1949 illi
1446 1899 1828 1966 scorpionem?
1863 1880 1910 1940 Β

239 1968 308 2023 Si
335 1984 465 2039 ergo
487 1987 582 2028 vos
623 1990 743 2029 cum
773 1977 892 2033 sitis
914 1981 1073 2046 mali,
1101 1985 1274 2040 nostis
1299 1985 1440 2044 bona
1467 1989 1590 2044 data
1614 1991 1742 2046 dare
1762 1990 1827 2046 ﬁ-

240 2058 332 2114 liis
357 2063 569 2132 vestris,
594 2075 794 2135 quanto
817 2073 985 2142 magis
1007 2072 1166 2131 Pater
1184 2087 1362 2135 vester
1383 2081 1472 2150 qui
1496 2081 1547 2136 in
1570 2083 1722 2139 etelis
1748 2093 1832 2140 est

241 2152 395 2208 dabit
424 2155 563 2210 bona
604 2162 930 2227 petienlibus
957 2167 1054 2222 se?
1101 2167 1290 2225 Omnia
1329 2187 1458 2243 ergo
1499 2190 1829 2246 quaecunque

242 2245 411 2301 vultis
443 2255 500 2302 ut
541 2248 746 2308 faciant
783 2256 936 2311 vobis
969 2258 1210 2318 homines
1233 2307 1248 2330 ,
1299 2275 1352 2320 et
1393 2281 1492 2321 vos
1539 2269 1696 2324 facile
1725 2273 1826 2326 eis.

245 2336 375 2392 llaec
396 2349 477 2394 est
503 2344 646 2398 enim
665 2345 746 2400 Iex
762 2351 1334 2420 etprophetae.—Luc.
1364 2375 1478 2428 xm,
1505 2360 1596 2414 24.
1634 2363 1831 2419 Intrate

246 2443 347 2498 per
369 2445 647 2502 angustam
674 2450 914 2508 portam;
944 2446 1065 2515 quia
1096 2447 1203 2502 Iata
1229 2461 1311 2506 est
1335 2463 1486 2522 porta
1509 2464 1566 2510 et
1594 2457 1828 2525 spatiosa

244 2522 332 2576 via
363 2539 480 2593 quae
509 2526 655 2584 ducit
686 2531 752 2586 ad
784 2535 1180 2608 perditionem;
1211 2551 1265 2598 et
1287 2545 1441 2600 multi
1481 2556 1606 2602 sunt
1626 2522 1724 2619 qui
1751 2552 1830 2605 in-

245 2623 391 2669 trant
412 2633 506 2686 per
535 2636 677 2679 eam.
709 2627 876 2692 Quam
907 2642 1128 2702 angusta
1158 2648 1311 2705 porta
1342 2648 1396 2694 et
1424 2651 1571 2696 arcta
1604 2645 1687 2698 via
1713 2660 1830 2715 qua:

245 2704 394 2762 ducit
418 2710 483 2765 ad
504 2712 665 2770 vitam
695 2735 707 2770 :
736 2730 790 2775 et
817 2725 970 2791 pauci
1000 2736 1124 2782 sunt
1150 2704 1238 2798 qui
1264 2732 1539 2789 inveniunt
1566 2739 1718 2791 eam!
1791 2731 1800 2738 ’

847 2834 1073 2893 CAPUT
1111 2839 1242 2896 XLI.

604 2923 682 2979 De
710 2930 932 2984 cavendo
964 2947 996 2984 a
1024 2933 1171 3001 falsis
1191 2939 1470 3009 prap/tctis.

312 3028 528 3088 Manu.
576 3051 687 3103 vn,
732 3040 926 3109 l5-20;
978 3043 1108 3101 Luc.
1140 3063 1211 3116 vr,
1253 3050 1444 3108 45-45.
1481 3056 1756 3113 Attendite
1799 3077 1829 3113 a

242 3125 394 3184 falsis
444 3133 738 3202 prophetis,
772 3138 861 3208 qui
906 3141 1125 3197 veniunt
1167 3144 1234 3199 ad
1270 3161 1363 3202 vos
1405 3148 1456 3204 in
1494 3152 1827 3207 veSIimentis

1936 598 2098 661 venti,
2129 609 2182 653 et
2213 600 2488 658 irruerunt
2522 605 2577 659 in
2600 606 2816 662 domum
2848 610 2993 665 illam
3016 655 3032 681 ,
3063 623 3116 667 et
3142 628 3249 669 non
3287 615 3516 682 cecidit;

1935 683 2147 742 fundata
2179 690 2320 745 enim
2351 703 2467 748 erat
2494 710 2651 765 supra
2685 706 2914 767 petram.
2953 700 3217 758 Etomnis
3246 705 3337 775 qui
3369 706 3518 761 audit

1936 777 2096 832 verba
2127 795 2272 845 mea,
2319 792 2373 838 et
2402 800 2506 840 non
2554 788 2678 843 facit
2721 804 2781 844 ea
2802 832 2817 857 ,
2851 791 3040 848 similis
3070 793 3174 850 erit
3208 796 3327 852 viro
3355 797 3514 853 stulto

1933 869 2022 940 qui
2052 870 2336 927 arditicavit
2376 874 2592 931 domum
2642 894 2794 936 suam
2834 896 2995 952 super
3038 899 3280 941 arenam.
3317 885 3384 941 Et
3422 888 3515 943 de-

1932 960 2142 1014 scendit
2160 963 2355 1030 pluvia,
2375 974 2427 1019 et
2445 979 2705 1024 venerunt
2731 970 2972 1040 ﬂumina,
2995 987 3048 1030 et
3069 975 3326 1033 ﬂaverunt
3343 981 3512 1048 venti,

1933 1059 1987 1105 et
2016 1052 2288 1107 irruerunt
2313 1056 2365 1109 in
2398 1055 2613 1112 domum
2644 1061 2813 1129 illam,
2845 1076 2897 1120 et
2923 1067 3134 1134 cecidit,
3167 1077 3222 1125 et
3245 1070 3341 1126 fuit
3361 1073 3512 1126 ruina

1933 1142 2046 1210 ejus
2070 1159 2276 1213 magna.
2318 1147 2387 1200 Et
2418 1149 2613 1205 factum
2647 1162 2728 1208 est
2755 1169 2875 1211 cum
2902 1172 3324 1218 consummasset
3361 1163 3513 1219 Jesus

1932 1235 2092 1289 verba
2122 1235 2254 1302 haec,
2291 1240 2691 1300 admirabantur
2717 1250 2887 1305 turba:
2918 1267 3080 1323 super
3104 1257 3343 1312 doctrina
3375 1259 3509 1330 ejus.

1933 1325 2063 1381 Erat
2089 1329 2228 1382 enim
2257 1331 2459 1388 docens
2480 1349 2594 1404 eos,
2621 1341 2760 1393 sicut
2791 1352 3105 1410 potestatem
3136 1350 3366 1417 habens,
3407 1367 3511 1404 non

1935 1419 2071 1473 sicut
2102 1419 2302 1476 Scriba:
2333 1439 2518 1480 eorum
2551 1436 2606 1482 et
2632 1429 2908 1487 Pharismi.

2501 1557 2724 1617 CAPUT
2764 1564 2940 1622 XLIV.

1934 1636 2090 1692 Mittit
2118 1639 2269 1698 Jesus
2301 1647 2566 1702 duodecim
2587 1652 2864 1718 discipulos
2893 1673 3013 1711 suos
3061 1660 3237 1714 docere
3262 1671 3307 1715 et
3335 1679 3508 1721 curare

2457 1736 2628 1775 omnes
2657 1724 2976 1794 inﬁrmitates

2007 1846 2218 1902 Mnru.
2251 1864 2324 1917 ix,
2356 1850 2442 1906 36.
2485 1854 2688 1911 Vitlens
2728 1867 2907 1914 autem
2940 1862 3120 1918 turbas
3160 1864 3406 1921 misertus
3434 1877 3518 1922 est

1934 1937 2012 1993 eis
2045 1957 2056 1992 :
2091 1940 2214 2010 quia
2266 1953 2420 1999 erant
2451 1949 2661 2012 vexati,
2711 1960 2765 2006 et
2787 1951 3026 2022 jacentes
3067 1956 3206 2012 sicut
3232 1972 3360 2015 oves
3409 1976 3514 2015 non

1935 2031 2193 2089 habentes
2222 2047 2514 2105 pastorem.
2545 2072 2617 2083 —
2638 2042 2848 2100 Mar-ru.
2877 2064 2932 2113 κ,
2969 2051 3020 2116 I,
3054 2050 3212 2117 5-H;
3239 2053 3409 2110 Mne.
3444 2071 3515 2119 vl,

1934 2123 2055 2180 7-11
2087 2126 2264 2192 ;'Luc.
2295 2145 2373 2198 ix,
2406 2131 2564 2188 242.
2598 2134 2665 2189 Et
2701 2140 3006 2195 convocatis
3037 2142 3317 2198 duodecim
3358 2145 3519 2201 disci-

1933 2217 2072 2285 pulis
2098 2219 2232 2288 suis,
2258 2221 2405 2278 dedit
2429 2224 2509 2279 eis
2554 2234 2873 2295 potestatem
2904 2231 3187 2301 spirituum
3218 2233 3519 2291 immundo-

1934 2323 2075 2374 rum,
2107 2320 2161 2364 ut
2191 2311 2447 2381 ejicerent
2476 2329 2593 2385 eos,
2617 2325 2674 2374 et
2693 2329 2946 2376 curarent
2965 2337 3180 2379 omnem
3209 2326 3518 2397 languorem

1933 2406 1988 2454 et
2008 2413 2220 2457 omnem
2242 2402 2631 2462 inﬁrmitatem.
2666 2409 2740 2465 Et
2759 2411 2906 2466 misit
2950 2413 3068 2470 illos
3117 2417 3408 2485 praedicare
3435 2435 3521 2475 re-

1931 2506 2094 2560 gnum
2114 2493 2230 2562 Dei,
2247 2505 2300 2552 et
2319 2498 2392 2552 ait
2415 2501 2480 2552 ad
2504 2499 2626 2556 illos
2650 2500 2821 2558 :Nihil
2838 2503 3063 2560 tuleritis
3083 2507 3136 2562 in
3165 2511 3268 2563 via.
3299 2510 3356 2564 In
3377 2511 3519 2566 viam

1932 2582 2168 2650 gentium
2200 2599 2269 2640 ne
2295 2585 2568 2656 abieritis,
2612 2600 2666 2646 et
2704 2591 2759 2645 in
2790 2592 3035 2650 civitates
3061 2595 3520 2655 Samaritanorum

1933 2687 2001 2728 ne
2031 2674 2389 2744 intraveritis;
2422 2681 2516 2736 sed
2550 2684 2726 2752 potius
2755 2685 2828 2741 ite
2855 2688 2922 2742 ad
2945 2704 3074 2745 oves
3099 2706 3217 2762 qua!
3249 2694 3525 2762 perierunt

1931 2766 2124 2823 domus
2155 2769 2337 2826 Israel.
2388 2771 2591 2830 Euntes
2633 2786 2812 2834 autem
2863 2782 3183 2851 praedicate,
3234 2787 3519 2843 dicentes:

1930 2859 2053 2929 quia
2096 2853 2548 2933 appropinquavit
2574 2881 2796 2938 regnum
2828 2871 3086 2926 etelorum
3109 2914 3124 2939 ,
3161 2874 3401 2931 intirmos
3431 2893 3523 2932 cu-

1866 3018 1867 3021 η
1931 2960 2068 3018 rate,
2097 2962 2337 3010 mortuos
2367 2958 2645 3026 suseitate,
2673 2961 2918 3040 leprosos
2942 2966 3221 3035 mundate,
3251 2968 3523 3025 dmmones
3548 2994 3560 3003 -

1930 3043 2108 3112 ejicite
2132 3062 2144 3098 :
2169 3048 2337 3116 gratis
2360 3050 2664 3118 accepistis,
2689 3054 2853 3121 gratis
2881 3055 3022 3112 date.
3053 3057 3227 3112 Nolite
3251 3061 3522 3128 possidere

1928 3147 2118 3188 aurum
2142 3177 2155 3201 ,
2194 3151 2367 3206 neque
2393 3149 2706 3208 argentum,
2741 3158 2911 3214 neque
2953 3151 3232 3216 pecuniam
3285 3151 3337 3204 in
3373 3155 3521 3206 zonis

239 3220 424 3274 ovium
450 3263 463 3287 ,
496 3223 820 3284 intrinsecus
847 3241 1024 3287 autem
1055 3245 1182 3291 sunt
1210 3237 1320 3306 lupi
1359 3255 1580 3309 rapaces
1606 3260 1616 3295 :
1645 3258 1674 3295 a
1716 3244 1825 3298 Iru-
1854 3249 1899 3312 ρ
1931 3226 2148 3290 “suis?
2182 3241 2288 3280 "0“
2320 3243 2503 3296 peram
2529 3231 2580 3284 in
2614 3235 2721 3297 Via"!
2747 3250 2918 3304 neque
2942 3252 3156 3306 panem,
3188 3257 3358 3311 neque
3385 3244 3520 3298 duas

237 3310 415 3365 ctibus
437 3327 624 3370 eorum
647 3325 984 3390 cognoscetis
1013 3340 1127 3380 eos.
1159 3327 1406 3398 Nunquid
1454 3332 1709 3402 colligunt
1754 3336 1823 3392 de

238 3401 409 3467 spinis
456 3421 613 3475 uvas,
654 3418 748 3465 aut
787 3413 853 3467 de
883 3414 1091 3470 tribulis
1122 3417 1293 3473 licus?
1325 3419 1416 3474 Sic
1445 3423 1622 3479 omnis
1665 3425 1823 3480 arbor

232 3493 377 3549 bona
406 3497 607 3556 fructus
634 3502 804 3559 bonos
843 3505 971 3563 facit
1004 3526 1016 3562 :
1049 3511 1189 3566 mala
1217 3523 1398 3570 autem
1429 3516 1589 3572 arbor
1615 3518 1820 3577 fructus

240 3589 416 3643 malos
447 3592 590 3648 iacit.
623 3596 738 3651 Non
772 3610 949 3667 potest
973 3605 1137 3660 arbor
1162 3607 1298 3664 bona
1325 3610 1528 3668 fructus
1553 3617 1725 3671 malos
1747 3617 1820 3672 Ia-

233 3691 383 3745 cere,
418 3698 592 3754 neque
614 3687 775 3744 arbor
815 3695 954 3749 mala
987 3695 1194 3754 fructus
1220 3701 1390 3758 bonos
1416 3704 1614 3762 facere.
1648 3710 1822 3765 Bonus

233 3769 402 3828 homo
431 3775 500 3831 de
542 3777 684 3835 bono
728 3783 980 3843 thesauro
1009 3792 1186 3846 cordis
1214 3795 1295 3849 sui
1330 3799 1531 3866 profert
1561 3803 1694 3856 bona
1720 3820 1735 3869 ;
1769 3814 1823 3859 ct

231 3867 408 3923 malus
457 3868 618 3928 homo
662 3874 730 3931 de
778 3879 922 3933 malo
973 3882 1225 3942 thesauro
1275 3889 1476 3958 profert
1526 3896 1667 3948 mala
1707 3914 1720 3950 :
1754 3912 1819 3952 ex

235 3958 565 4019 abundantia
613 3968 756 4024 enim
786 3973 964 4030 cordis
1011 3993 1075 4032 .os
1122 3979 1379 4052 loquitur.
1431 3986 1617 4043 Omnis
1660 3989 1821 4044 arbor

232 4067 356 4120 quas
385 4070 493 4111 non
523 4057 649 4115 facit
672 4061 898 4120 fructum
928 4067 1123 4125 bonum
1150 4112 1165 4137 ,
1202 4076 1548 4133 exscindetur
1570 4090 1622 4135 et
1659 4083 1710 4136 in
1745 4085 1819 4154 ig-

231 4159 357 4199 nem
388 4149 649 4208 mittetur.
693 4153 858 4225 Igitur
895 4169 948 4215 et
991 4175 1057 4217 ex
1089 4161 1347 4224 fructibus
1391 4185 1576 4228 eorum
1622 4149 1816 4247 cogno-

227 4237 396 4292 scetis
419 4255 530 4296 eos.

812 4340 1036 4400 CAPUT
1078 4347 1230 4405 XLII.

231 4416 359 4473 Non
384 4420 646 4480 intrabunt
675 4429 728 4482 in
758 4448 968 4510 regnant
991 4441 1231 4510 mglorum
1261 4447 1347 4510 qni
1379 4454 1578 4498 tantum
1604 4449 1814 4503 dicunt:

767 4501 1012 4568 Domine,
1042 4501 1282 4565 Domine.

1933 3315 2139 3369 tunicas
2159 3356 2174 3380 ,
2209 3332 2383 3387 neque
2407 3320 2769 3376 calceamenta
2792 3365 2807 3391 ,
2838 3341 3014 3396 neque
3048 3330 3248 3401 virgam
3281 3350 3293 3385 :
3327 3335 3518 3402 dignus

1929 3412 2012 3459 est
2059 3406 2203 3460 enim
2233 3411 2515 3475 operarius
2545 3413 2792 3469 mercede
2833 3424 2886 3471 et
2932 3418 3056 3474 cibo
3086 3436 3203 3477 suo.
3246 3424 3298 3478 In
3329 3441 3516 3495 quam-

1927 3510 2140 3566 cunque
2179 3498 2379 3553 civitati
2399 3516 2448 3554 m
2478 3509 2569 3556 aut
2601 3505 2878 3561 castellum
2910 3508 3257 3580 intraveritis,
3282 3514 3516 3572 interro-

1926 3598 2046 3659 gate
2077 3591 2196 3660 quis
2226 3591 2278 3646 in
2303 3607 2364 3647 ea
2395 3594 2588 3664 dignus
2617 3597 2707 3664 sit,
2734 3607 2787 3654 et
2817 3599 2891 3655 ibi
2920 3611 3134 3660 manete
3165 3605 3335 3663 donec
3359 3623 3518 3664 exea-

1930 3681 2031 3749 tis,
2064 3681 2288 3738 edentes
2331 3694 2387 3739 et
2427 3685 2671 3742 bibentes
2706 3705 2824 3760 qua:
2853 3705 3192 3763 apponuntur
3229 3698 3414 3766 vobis,
3463 3713 3518 3757 et

1926 3782 2112 3831 curate
2138 3776 2380 3832 inﬁrmos
2403 3781 2492 3849 qui
2529 3782 2578 3836 in
2611 3782 2697 3836 illa
2731 3797 2877 3841 sunt.
2913 3787 2976 3842 Et
3007 3791 3171 3847 nolite
3197 3795 3422 3850 transire
3447 3796 3514 3852 de

1926 3869 2088 3923 domo
2118 3870 2171 3924 in
2199 3871 2436 3927 domum.
2465 3905 2537 3914 —
2567 3876 2779 3932 Itin-ru.
2815 3896 2870 3947 x,
2908 3880 3099 3938 12-55.
3131 3890 3392 3941 intrantes
3422 3902 3514 3941 au-

1927 3967 2033 4014 tem
2065 3962 2116 4016 in
2165 3962 2381 4019 domum
2407 4007 2423 4032 ,
2457 3969 2683 4023 salutate
2731 3986 2846 4025 eam
2873 4013 2891 4040 ,
2928 3972 3170 4031 dicentes
3201 3998 3213 4032 :
3249 3977 3355 4033 Pax
3394 3979 3516 4035 huic

1925 4051 2125 4109 domui.
2174 4056 2240 4109 Et
2273 4059 2535 4127 siquidem
2565 4061 2756 4116 domus
2788 4064 2947 4120 fuerit
2975 4067 3165 4137 digna,
3201 4071 3380 4127 veniet
3409 4088 3512 4142 pax

1923 4155 2097 4200 vestra
2131 4162 2294 4217 super
2332 4165 2492 4216 eam;
2541 4154 2585 4207 si
2631 4165 2808 4210 autem
2847 4173 2951 4213 non
2995 4160 3150 4216 fuerit
3179 4164 3335 4234 digna
3363 4206 3376 4230 ,
3414 4182 3512 4236 pax

1925 4247 2104 4293 vestra
2133 4239 2197 4293 ad
2221 4256 2316 4295 vos
2341 4253 2664 4300 revertetur.
2699 4248 2765 4300 Et
2791 4250 3093 4320 quicunque
3119 4269 3224 4308 non
3249 4260 3516 4323 receperit

1923 4343 2049 4396 vos,
2084 4345 2258 4400 neque
2285 4334 2518 4388 audierit
2563 4328 2846 4394 sermones
2874 4351 3082 4395 vestros
3107 4386 3120 4408 ,
3151 4355 3410 4399 exeuntes
3436 4349 3514 4400 Io-

1924 4434 2007 4473 ras
2037 4421 2102 4474 de
2149 4422 2310 4475 domo
2339 4425 2424 4478 vel
2458 4426 2526 4480 de
2555 4427 2804 4493 civitate,
2863 4431 3102 4486 excutite
3143 4433 3415 4500 pulverem
3447 4437 3514 4492 de

1926 4511 2148 4577 pedibus
2168 4514 2386 4578 vestris,
2426 4517 2476 4568 in
2505 4518 2871 4572 testimonium
2905 4519 3034 4574 illis.
3078 4526 3246 4578 Amen
3273 4525 3394 4581 dico
3415 4542 3512 4584 vo-

299 4605 515 4660 Mnm.
557 4625 658 4675 νη,
703 4611 899 4681 eum;
935 4617 1059 4672 LUC.
1096 4637 1144 4673 Vl
1169 4663 1184 4687 ’
1223 4625 1308 4678 46.
1344 4626 1461 4681 Non
1505 4631 1680 4685 omnis
1728 4634 1816 4703 qui
1848 4621 1898 4681 υ
1925 4601 2045 4655 bis:
2079 4603 2410 4659 tolerabilius
2439 4606 2542 4661 erit
2574 4616 2731 4663 terra:
2777 4609 3134 4669 Sodomorum
3185 4625 3240 4671 et
3283 4617 3511 4675 Gomor-

227 4697 362 4752 dicit
393 4701 546 4772 mihi,
579 4704 824 4776 Domine,
858 4710 1100 4783 Domine,
1131 4717 1346 4778 intrabit
1375 4724 1426 4778 in
1458 4740 1678 4798 regnum
1705 4745 1815 4787 coe-

225 4788 442 4856 Iorum;
475 4796 568 4849 sed
602 4799 690 4867 qui
739 4800 862 4858 facit
911 4806 1235 4867 voluntatem
1269 4815 1441 4872 Patris
1469 4788 1606 4886 mei,
1637 4825 1727 4893 qui
1761 4826 1811 4880 in

225 4883 381 4937 cmlis
412 4894 514 4951 est,
546 4890 765 4947 intrabit
799 4894 852 4950 in
895 4913 1115 4969 regnum
1146 4907 1425 4966 coriorum.
1457 4883 1604 4968 Multi
1636 4883 1814 4973 dicent

227 4974 361 5028 mihi
392 4975 443 5030 in
468 4977 555 5032 illa
577 4979 663 5035 die
694 4999 706 5036 :
740 4983 996 5056 Domine,
1030 4992 1275 5066 Domine,
1307 5017 1485 5059 nonne
1515 5006 1570 5060 in
1597 5011 1813 5068 nomine

231 5071 323 5119 tuo
355 5071 815 5146 prophetavimus,
849 5088 901 5134 et
933 5081 986 5136 in
1029 5092 1119 5139 tuo
1159 5092 1372 5148 nomine
1403 5096 1662 5154 dmmonia
1705 5104 1813 5171 eje-

231 5163 432 5225 cimus,
478 5171 531 5216 et
564 5163 615 5217 in
657 5174 746 5221 tuo
792 5174 1007 5228 nomine
1050 5178 1272 5234 virtutes
1314 5186 1510 5242 multas
1553 5163 1811 5250 fecimus?

235 5244 301 5298 Et
335 5259 459 5304 tunc
499 5255 792 5314 confitebor
834 5261 978 5319 illis:
1010 5266 1141 5332 Quia
1194 5287 1462 5344 nunquam
1504 5283 1627 5336 novi
1673 5300 1805 5340 vos:

231 5334 486 5398 discedite
515 5359 542 5397 a
573 5361 657 5402 me
687 5351 779 5420 qui
799 5358 1092 5422 operamini
1117 5359 1471 5433 iniquitatem.

795 5486 1019 5547 CAPUT
1061 5495 1238 5552 XLIII.

233 5565 558 5640 Compara'io
585 5577 636 5630 in
669 5579 747 5634 Itis
798 5585 1031 5672 omnibus
1081 5590 1143 5672 de
1181 5596 1407 5662 sapiente
1437 5607 1484 5650 et
1539 5601 1806 5672 insipiente

805 5655 1225 5724 mdiﬁcatoribus.

298 5757 514 5862 illum.
543 5778 637 5830 vn,
661 5767 862 5835 24-29;
894 5773 1024 5830 Luc.
1049 5792 1120 5844 vr,
1144 5779 1330 5839 47-49.
1355 5785 1540 5842 Omnis
1565 5805 1694 5861 ergo
1719 5797 1809 5862 qui

227 5848 371 5903 audit
401 5853 559 5908 verba
594 5856 728 5927 hazc,
765 5871 817 5916 et
848 5863 971 5922 facit
997 5881 1091 5938 ea,
1124 5875 1505 5934 assimilabitur
1549 5848 1667 5938 viro
1713 5848 1802 5941 sla-

231 5936 391 6007 pienti
421 5941 509 6014 qui
537 5948 817 6011 mdilicavit
845 5936 1255 6021 domumﬁsuam
1291 5981 1446 6040 supra
1481 5981 1704 6042 petram.
1740 5978 1802 6034 Et

1929 4692 2192 4748 rha'orum
2236 4697 2287 4751 in
2336 4697 2424 4753 die
2450 4698 2671 4769 judicii,
2704 4717 2864 4771 quam
2904 4704 2979 4758 illi
3025 4707 3248 4764 civitati.
3279 4740 3348 4749 —
3374 4710 3504 4768 Luc.

1925 4803 1977 4854 x,
2003 4788 2057 4842 5.
2091 4787 2232 4844 Ecce
2261 4806 2361 4862 ego
2388 4793 2542 4848 mitto
2586 4809 2680 4849 vos
2710 4794 2849 4851 sicut
2877 4811 3006 4853 oves
3053 4799 3104 4854 in
3137 4801 3313 4856 medio
3357 4802 3508 4874 lupo—

1924 4894 2065 4933 rmn.
2100 4882 2284 4936 Estote
2316 4900 2444 4954 ergo
2483 4885 2777 4954 prudentes
2807 4889 2944 4944 sicut
2965 4904 3270 4961 serpentes,
3299 4904 3352 4949 et
3381 4897 3508 4951 sim-

1923 4971 2090 5040 plices
2107 4977 2244 5027 sicut
2267 4976 2550 5032 columbze.
2568 4976 2767 5036 Cavete
2785 4991 2960 5038 autem
2981 4999 3075 5038 vos
3097 4985 3163 5039 ab
3181 4986 3502 5044 hominibus.

1921 5063 2154 5119 Tradent
2183 5068 2322 5121 enim
2356 5083 2454 5124 vos
2483 5071 2534 5124 in
2568 5073 2827 5139 conciliis,
2875 5082 2928 5129 et
2978 5077 3031 5128 in
3085 5079 3370 5148 synagogis
3396 5082 3507 5135 suis

1920 5153 2261 5224 ﬂagellabunt
2281 5173 2397 5224 vos,
2429 5169 2483 5214 et
2508 5162 2571 5214 ad
2602 5165 2860 5231 praesides
2890 5174 2943 5219 et
2965 5167 3028 5219 ad
3062 5182 3212 5237 reges
3235 5168 3502 5225 ducemini

1917 5255 2134 5314 propter
2157 5263 2261 5312 me,
2297 5250 2346 5302 in
2381 5252 2743 5307 testimonimn
2779 5255 2884 5309 illis
2911 5265 2966 5309 et
2988 5257 3253 5325 gentibus.
3276 5289 3343 5297 —
3372 5259 3501 5316 Luc.

1915 5353 2007 5401 xu,
2043 5337 2227 5393 Η-η.
2287 5340 2419 5394 Cum
2463 5352 2642 5396 autem
2677 5345 2888 5399 tradent
2936 5361 3031 5400 vos
3077 5347 3130 5401 in
3180 5362 3501 5420 synagogas,

1915 5437 1969 5483 et
2007 5430 2072 5483 ad
2113 5431 2459 5500 magistratus
2486 5443 2541 5488 et
2579 5444 2898 5502 p0testates,
2933 5438 3099 5493 nolite
3127 5439 3342 5495 solliciti
3385 5459 3505 5500 esse

1916 5523 2146 5593 qualiter
2173 5524 2312 5594 quid
2341 5525 2710 5595 respondeatis
2741 5536 2833 5581 aut
2862 5529 2987 5598 quid
3022 5529 3212 5586 dicatis
3246 5549 3258 5585 :
3292 5533 3506 5592 dabitur

1916 5616 2056 5670 enim
2084 5615 2231 5670 vobis
2257 5616 2308 5670 in
2336 5615 2423 5669 illa
2452 5617 2580 5671 hora
2606 5618 2730 5687 quid
2760 5619 3073 5689 loquamini.
3098 5622 3214 5677 Non
3237 5625 3377 5680 enim
3409 5643 3504 5684 vos

1915 5707 2047 5762 estis
2077 5709 2163 5776 qui
2195 5708 2499 5777 loquimini,
2541 5710 2634 5764 sed
2659 5710 2888 5780 Spiritus
2920 5713 3092 5766 Patris
3116 5716 3279 5770 vestri
3307 5719 3395 5787 qui
3427 5721 3502 5772 lo-

1915 5799 2094 5866 quitur
2125 5800 2178 5855 in
2207 5800 2376 5854 vobis.
2413 5800 2611 5856 'I‘radet
2635 5811 2812 5857 autem
2839 5803 3005 5858 frater
3035 5804 3252 5862 fratrem
3284 5809 3335 5862 in
3360 5826 3501 5865 mor-

1915 5900 2040 5956 tem,
2072 5900 2126 5946 et
2156 5901 2305 5960 pater
2327 5893 2493 5948 lilium
2522 5911 2535 5948 :
2561 5904 2614 5950 et
2640 5895 2914 5966 insurgcnt
2946 5896 3038 5950 Iilii
3067 5897 3118 5952 in
3147 5910 3419 5968 parentes,
3448 5910 3496 5956 et

1915 5990 2085 6040 morte
2115 5997 2206 6038 eos
2251 5983 2522 6040 allicient:
2558 5994 2610 6043 ct
2651 5987 2798 6044 eritis
2836 5988 2959 6043 odio
2996 5989 3242 6045 omnibus
3277 6000 3489 6060 proptet
