4038 6356
523 337 628 390 2⁵75

524 537 708 603 ﬁnem,
737 538 824 594 hic
851 540 1028 594 salvus
1053 539 1174 592 erit.
1212 537 1340 591 Cum
1369 544 1545 588 autem
1580 540 1964 601 persequentur
1996 546 2094 584 vos

526 632 579 686 in
607 631 819 686 civitate
838 632 959 699 ista,
985 630 1146 699 fugite
1164 632 1214 685 in
1236 630 1414 683 aliam.
1445 629 1612 681 Amen
1641 625 1762 680 dico
1788 624 1962 689 vobis,
1989 637 2097 678 non

526 722 966 777 consummabilis
994 721 1232 776 civitates
1276 719 1473 785 Israel,
1515 716 1684 772 donec
1718 716 1897 771 veniat
1932 714 2100 771 Filius

528 813 1001 868 hominis—Luc.
1031 828 1103 880 vt,
1130 812 1220 866 40.
1246 809 1360 864 Non
1388 818 1471 865 est
1496 808 1783 879 discipulus
1806 821 1966 877 super
1988 822 2099 861 ma-

526 903 772 971 gistrum,
800 917 969 972 neque
1006 915 1195 956 servus
1235 914 1395 969 super
1423 900 1695 955 dominum
1735 913 1911 953 suum.
1938 896 2099 953 Sulli-

528 993 601 1047 cit
625 992 881 1061 discipulo
906 1001 963 1046 ut
989 992 1056 1045 sit
1078 992 1217 1046 sicut
1247 991 1501 1060 magister
1522 988 1661 1059 ejus,
1678 1000 1732 1044 et
1751 1003 1939 1044 servus
1965 989 2101 1042 sicut

527 1090 772 1143 dominus
801 1087 936 1157 ejus.
966 1087 1020 1142 Si
1062 1086 1502 1156 patremfamilias
1546 1082 1844 1139 Beelzebub
1872 1096 2098 1137 vocave-

528 1189 671 1243 runt,
696 1187 893 1247 quanto
922 1178 1089 1247 magis
1116 1177 1440 1231 domesticos
1466 1174 1617 1245 ejus?
1649 1174 1724 1229 Ne
1752 1190 1878 1244 ergo
1912 1174 2101 1229 timue-

528 1269 640 1322 ritis
671 1282 783 1322 eos.
810 1298 880 1307 —
908 1268 1080 1322 Mane.
1128 1282 1200 1335 tv,
1233 1265 1321 1319 2'2.
1352 1264 1494 1319 Nihil
1527 1265 1668 1319 enim
1691 1273 1933 1335 apertum
1958 1264 2099 1334 quod

526 1374 631 1413 non
661 1358 1001 1423 revelabitur,
1030 1368 1082 1413 et
1107 1358 1372 1414 occultum
1404 1357 1543 1427 quod
1567 1372 1671 1411 non
1701 1358 1919 1412 scietur.
1947 1355 2098 1423 Quod

526 1448 647 1503 dico
668 1449 818 1502 vobis
860 1449 912 1502 in
941 1441 1201 1511 tenebris,
1233 1447 1393 1501 dicite
1422 1449 1472 1501 in
1506 1447 1706 1501 lumine
1739 1466 1750 1499 :
1777 1457 1826 1502 et
1857 1446 1997 1516 quod
2044 1448 2096 1501 in

526 1554 655 1593 aure
683 1538 898 1605 auditis,
931 1538 1215 1607 praedicate
1244 1553 1405 1607 super
1428 1547 1585 1593 tecta.
1607 1568 1678 1579 —
1698 1538 1824 1594 Luc.
1857 1554 1951 1603 xu,
1982 1536 2097 1592 2-9.

528 1628 657 1682 Dico
694 1638 869 1682 autem
898 1629 1047 1683 vobis
1071 1629 1253 1683 amicis
1284 1629 1417 1683 meis
1451 1645 1462 1680 :
1495 1627 1667 1681 Nolite
1685 1629 1870 1682 timere
1893 1642 1986 1682 eos
2010 1628 2099 1696 qui

524 1731 722 1786 corpus
743 1717 1010 1785 occidunt,
1040 1718 1272 1772 animam
1295 1732 1469 1773 meam
1503 1732 1611 1772 non
1643 1727 1863 1787 possunt
1890 1718 2100 1773 occide-

526 1822 623 1862 re:
658 1806 751 1862 sed
780 1807 954 1876 potius
991 1820 1111 1862 eum
1158 1808 1339 1862 timete
1377 1808 1466 1878 qui
1498 1817 1669 1877 potest
1698 1817 1751 1863 et
1791 1808 2020 1864 animam
2047 1818 2101 1864 et
2130 1813 2179 1875 Β

526 1910 722 1965 corpus
750 1896 973 1965 perdere
1020 1897 1072 1950 in
1118 1896 1438 1967 gehennam.
1470 1897 1656 1954 Nonne
1689 1897 1798 1952 duo
1850 1912 2097 1969 passeres

528 2005 649 2044 asse
677 2000 934 2056 veneunt,
963 1999 1015 2044 et
1049 2005 1183 2045 unus
1214 2006 1277 2045 ex
1312 1990 1415 2045 illis
1446 2005 1552 2045 non
1607 1990 1763 2048 cadet
1799 2006 1961 2060 super
1991 2000 2100 2048 ter-

518 2094 642 2133 iram
685 2080 800 2135 sine
826 2079 984 2135 Patre
1013 2081 1226 2135 vestro?
1255 2079 1432 2135 Vestri
1478 2090 1656 2137 autem
1702 2082 1883 2152 capilli
1909 2083 2098 2152 capitis

526 2184 716 2226 omnes
761 2172 1020 2227 numerati
1061 2182 1205 2229 sunt.
1255 2173 1429 2229 Nolite
1465 2189 1594 2244 ergo
1641 2175 1875 2231 timere:
1919 2176 2102 2232 multis

531 2260 838 2329 passeribus
868 2262 1119 2317 meliores
1147 2264 1274 2318 estis
1319 2279 1440 2320 vos.
1478 2264 1664 2320 Omnis
1700 2280 1830 2335 ergo
1856 2266 1945 2336 qui
1972 2279 2103 2321 ωιτη

532 2350 770 2406 fitebitur
785 2368 872 2407 me
890 2368 1069 2408 coram
1104 2354 1427 2421 hominibus,
1456 2357 1753 2411 confitebor
1779 2364 1833 2411 et
1862 2361 1962 2427 ego
1979 2372 2102 2412 eum

533 2456 713 2497 coram
746 2443 902 2499 Patre
933 2460 1075 2511 meo,
1109 2447 1196 2515 qui
1225 2447 1277 2500 in
1304 2446 1452 2501 inelis
1482 2455 1586 2513 est,
1618 2457 1671 2502 et
1695 2461 1875 2502 coram
1896 2448 2103 2519 angelis

530 2533 667 2601 ejus.
706 2533 802 2601 Qui
829 2544 1005 2591 autem
1037 2537 1310 2605 negaverit
1355 2551 1442 2592 me
1481 2550 1659 2592 coram
1692 2537 2012 2604 hominibus,
2035 2568 2105 2579 —

532 2624 706 2679 hinc.
734 2640 846 2688 vnt,
879 2625 969 2693 58,
1001 2636 1055 2681 et
1090 2627 1343 2683 confusus
1371 2642 1458 2683 me
1487 2628 1641 2683 fuerit
1668 2629 1719 2682 in
1764 2630 2106 2698 generatione

531 2719 631 2771 ista
655 2717 891 2772 adultera
919 2726 973 2773 et
998 2721 1315 2788 peccatrice,
1348 2720 1553 2791 negabo
1576 2729 1632 2777 et
1657 2736 1755 2787 ego
1782 2738 1903 2777 eum
1925 2737 2105 2779 coram

534 2805 691 2861 Patre
721 2821 863 2875 meo,
906 2807 996 2877 qui
1024 2816 1107 2863 est
1134 2810 1187 2864 in
1226 2809 1399 2877 caelis,
1438 2820 1493 2865 et
1528 2810 1732 2880 angelis
1757 2810 1892 2880 ejus.
1926 2812 1993 2867 Et
2012 2812 2106 2869 Fi-

535 2897 637 2952 lius
674 2897 907 2954 hominis
950 2900 1244 2958 confundet
1271 2916 1427 2968 eum,
1455 2918 1575 2957 cum
1606 2906 1815 2960 venerit
1854 2905 1906 2959 in
1937 2905 2109 2976 gloria

531 2985 705 3042 Patris
730 2989 811 3043 sui
839 3003 961 3043 cum
991 2991 1192 3059 angelis
1222 2991 1350 3047 suis.
1372 2993 1668 3049 -—Ma'mr.
1702 3009 1757 3064 x,
1790 2996 1976 3053 51-42.
2003 2996 2110 3051 No-

530 3078 624 3133 lite
652 3078 904 3134 arbitrari
925 3081 1048 3149 quia
1077 3084 1316 3137 venerim
1347 3085 1559 3141 mittere
1584 3100 1769 3155 pacem
1800 3087 1854 3141 in
1878 3095 2105 3143 terram:

530 3183 636 3224 non
656 3171 775 3225 veni
801 3185 983 3239 pacem
1004 3173 1237 3242 mittere,
1266 3175 1359 3230 sed
1387 3176 1641 3245 gladium.
1659 3208 1721 3221 -
1745 3178 1875 3235 Luc.
1897 3195 1992 3247 xu,
2015 3180 2106 3235 52.
2136 3187 2181 3252 ς,

533 3263 707 3319 Erunt
734 3266 875 3321 enim
898 3280 964 3322 ex
985 3265 1088 3322 hoc
1113 3269 1348 3339 quinque
1371 3271 1423 3325 in
1461 3272 1622 3329 domo
1649 3289 1751 3329 una
1782 3275 1967 3341 divisi;
1999 3285 2107 3333 tres

528 3352 585 3409 in
615 3354 742 3423 duo,
772 3363 827 3411 et
846 3356 950 3411 duo
974 3358 1026 3411 in
1052 3367 1160 3415 tres
1182 3358 1503 3416 dividentur.
1530 3361 1661 3416 Veni
1687 3365 1829 3420 enim
1858 3380 2109 3433 separare

534 3445 802 3503 hominem
832 3448 1087 3506 adversus
1108 3459 1314 3521 patrem
1345 3468 1529 3519 suum,
1561 3463 1615 3508 et
1647 3454 1809 3509 filiam
1852 3455 2109 3512 adversus

530 3548 756 3593 matrem
787 3552 936 3593 suam
962 3580 976 3605 ,
1010 3549 1063 3594 et
1093 3557 1285 3595 nurum
1315 3541 1571 3596 adversus
1598 3556 1809 3598 socrum
1849 3559 2026 3608 suam,
2056 3553 2111 3600 et

533 3629 734 3684 inimici
758 3628 990 3684 hominis
1025 3630 1307 3687 domestici
1350 3631 1486 3701 ejus.
1529 3633 1629 3699 Qui
1649 3643 1793 3689 amat
1824 3643 2027 3705 patrem
2055 3645 2112 3693 et

535 3731 759 3777 matrem
799 3722 916 3791 plus
961 3740 1120 3793 quam
1152 3741 1267 3792 me,
1309 3740 1413 3782 non
1441 3736 1523 3784 est
1550 3743 1636 3784 me
1669 3728 1892 3799 dignus;
1924 3739 1980 3787 et
2018 3734 2113 3803 qui

536 3820 681 3867 amat
710 3813 874 3868 lilium
904 3825 995 3870 aut
1022 3816 1183 3870 filiam
1214 3831 1375 3886 super
1402 3832 1519 3885 me,
1552 3832 1656 3874 non
1684 3828 1766 3874 est
1792 3835 1878 3875 me
1896 3820 2107 3893 dignus.

538 3903 738 3958 —-Luc.
776 3919 886 3969 stv,
916 3904 1115 3961 26-27.
1141 3907 1206 3962 Et
1228 3907 1316 3978 qui
1339 3922 1446 3962 non
1476 3908 1670 3979 accipit
1695 3924 1907 3965 crucem
1932 3925 2104 3979 suam,

531 4003 585 4048 et
614 3994 856 4063 sequitur
873 4010 979 4061 me,
1014 4011 1117 4053 non
1149 4007 1231 4052 est
1258 4011 1343 4051 me
1368 3996 1588 4068 dignus,
1631 4012 1730 4053 nec
1754 4006 1931 4068 potest
1957 4014 2109 4057 meus

535 4102 655 4142 esse
702 4089 1013 4158 discipulus.
1043 4090 1303 4147 —Msnc.
1340 4107 1472 4159 vnt,
1528 4091 1711 4148 54-55.
1751 4092 1855 4159 Qui
1910 4094 2110 4150 invenit

532 4178 763 4234 animam
787 4194 962 4248 suam,
988 4181 1174 4251 perdet
1198 4197 1339 4246 eam,
1370 4192 1424 4238 et
1451 4183 1540 4253 qui
1560 4183 1850 4250 perdiderit
1877 4187 2110 4242 animam

530 4287 681 4329 suam
712 4269 929 4345 propter
954 4291 1069 4343 me,
1100 4277 1332 4334 inveniet
1362 4291 1503 4335 eam.
1537 4277 1603 4333 Et
1639 4279 1728 4349 qui
1757 4279 1943 4348 recipit
1974 4292 2069 4335 vos
2089 4320 2104 4345 ,

530 4382 616 4421 me
644 4368 869 4437 recipit;
902 4376 956 4424 et
981 4369 1071 4440 qui
1100 4371 1289 4441 recipit
1319 4386 1404 4427 me
1427 4412 1443 4437 ,
1485 4373 1677 4442 recipit
1701 4386 1823 4429 eum
1851 4372 1941 4442 qui
1964 4372 2109 4428 misit

528 4471 635 4512 me.
686 4457 790 4524 Qui
840 4458 1025 4528 recipit
1069 4460 1381 4530 prophetam
1435 4462 1487 4516 in
1533 4465 1751 4519 nomine
1792 4460 2104 4533 prophetae,

1651 327 1959 383 VICTORIS
2000 324 2299 380 EPISCOPI
2337 324 2634 385 CAPUANI

524 463 717 504 nomen
767 464 965 504 meum.
998 448 1096 516 Qui
1140 456 1314 502 autem
1370 442 1787 509 perseveraverit
1827 454 1997 509 usque
2042 439 2094 492 in
2124 441 2175 500 Δ

3672 331 3782 388 376

2774 438 2998 494 CAPUT
3039 440 3196 496 XLV.

2359 547 2425 602 In
2450 548 2595 603 Cana
2613 548 2844 604 Galila're
2868 549 3020 605 Iesus
3047 567 3231 620 aquam
3258 553 3431 606 vinum
3459 553 3603 623 fecit.

2268 679 2422 733 Iesu.
2455 695 2512 745 ιι,
2555 680 2703 734 HI.
2738 681 2801 734 Et
2830 680 2919 736 die
2962 681 3118 737 tertio
3145 684 3343 753 nuptite
3378 683 3530 740 facta:
3556 695 3682 740 sunt
3721 686 3774 741 in

2199 767 2340 824 Cana
2381 767 2613 825 Galilzeze
2644 788 2656 822 :
2688 780 2741 825 et
2782 780 2895 826 erat
2935 782 3104 828 mater
3137 773 3263 829 Iesu
3302 774 3396 830 ibi.
3430 775 3660 830 Vocatus
3694 788 3777 830 est

2201 868 2376 913 autem
2407 867 2460 914 et
2488 859 2676 925 Jesus,
2705 871 2759 915 et
2795 845 3039 931 discipuli
3071 862 3185 933 ejus
3213 865 3277 917 ad
3309 866 3540 934 nuptias.
3588 866 3652 920 Et
3682 868 3775 920 de-

2202 946 2416 1003 ficiente
2453 949 2606 1015 vino,
2641 948 2770 1004 dicit
2809 958 2980 1005 mater
3004 950 3130 1005 Iesu
3157 953 3222 1005 ad
3248 966 3371 1006 eum
3402 952 3635 1009 :Vinum
3668 970 3775 1009 non

2203 1040 2418 1096 habent.
2453 1042 2520 1096 Et
2546 1042 2674 1098 dicit
2699 1044 2747 1097 ei
2778 1043 2933 1098 Iesus
2960 1062 2972 1097 :
3002 1044 3137 1112 Quid
3169 1044 3297 1100 mihi
3326 1054 3379 1101 et
3399 1047 3493 1102 tibi
3521 1056 3626 1115 est,
3661 1064 3777 1102 mu-

2202 1130 2333 1187 lier?
2359 1132 2594 1187 nondum
2623 1133 2765 1188 enim
2788 1135 2934 1189 venit
2959 1134 3088 1189 hora
3114 1150 3251 1190 mea.
3284 1136 3421 1191 Dicit
3450 1147 3625 1192 mater
3654 1140 3777 1207 ejus

2200 1221 2501 1278 ministris:
2532 1222 2895 1293 Quodcunque
2923 1224 3123 1279 dixerit
3157 1225 3339 1293 vobis,
3390 1225 3567 1282 facite.
3612 1228 3778 1282 Erant

2203 1326 2379 1372 autem
2408 1316 2482 1371 ibi
2515 1318 2739 1388 lapidea:
2766 1317 2973 1389 hydriaa
3008 1333 3101 1373 sex
3141 1318 3326 1388 posita:
3355 1320 3648 1374 secundum
3683 1334 3779 1388 pu—

2201 1406 2549 1465 riﬂcationem
2578 1407 2919 1475 Iudaeorum,
2963 1409 3238 1477 capientes
3264 1409 3487 1478 singula:
3520 1415 3779 1463 metretas

2202 1498 2354 1555 binas
2399 1500 2485 1555 vel
2531 1507 2727 1554 ternas.
2762 1498 2899 1553 Dicit
2937 1500 3018 1554 eis
3062 1497 3217 1554 Iesus
3248 1514 3265 1556 :
3297 1499 3519 1569 Implete
3558 1499 3779 1570 hydrias

2200 1604 2360 1659 aqua.
2401 1591 2467 1645 Et
2494 1591 2855 1661 impleverunt
2882 1606 2975 1646 eas
3002 1606 3173 1662 usque
3202 1591 3269 1646 ad
3296 1605 3585 1646 summum.
3614 1593 3679 1645 Et
3702 1591 3783 1645 di-

2202 1683 2275 1738 cit
2298 1684 2376 1739 eis
2403 1682 2560 1740 Iesus
2584 1700 2599 1737 :
2627 1683 2849 1739 Haurite
2872 1699 3037 1750 nunc,
3063 1692 3118 1738 et
3142 1685 3275 1739 ferte
3296 1684 3687 1739 architriclino.
3718 1685 3783 1737 Et

2205 1774 2459 1831 tulerunt.
2491 1774 2559 1831 Ut
2580 1782 2758 1830 autem
2788 1775 3022 1844 gustavit
3047 1774 3445 1831 architriclinus
3473 1788 3665 1845 aquam
3700 1776 3779 1829 vi-

2202 1880 2329 1919 num
2358 1865 2573 1933 factam,
2597 1873 2651 1920 et
2680 1880 2785 1921 non
2816 1866 3021 1921 sciebat
3050 1866 3193 1921 unde
3214 1874 3393 1934 esset,
3428 1867 3657 1922 ministri
3688 1882 3782 1921 an-

2202 1963 2307 2011 tem
2338 1956 2576 2011 sciebant
2619 1958 2707 2027 qui
2738 1956 3028 2015 hauserant
3065 1972 3296 2028 aquam:
3337 1969 3494 2015 vocat
3526 1974 3780 2029 sponsum

2201 2048 2593 2106 architriclinus
2613 2092 2629 2117 ,
2663 2060 2719 2106 et
2741 2050 2871 2107 dicit
2909 2051 2999 2107 ei:
3030 2050 3218 2107 Omnis
3245 2050 3405 2107 homo
3425 2052 3659 2122 primum
3688 2051 3783 2105 bo-

2202 2157 2327 2197 num
2358 2143 2539 2200 vinum
2560 2144 2739 2214 ponit;
2772 2152 2828 2202 et
2864 2158 2986 2200 cum
3018 2144 3266 2201 inebriati
3306 2146 3537 2212 fuerint,
3574 2153 3703 2199 tunc
3730 2146 3781 2199 id

2202 2233 2345 2303 quod
2372 2234 2610 2290 deterius
2654 2243 2777 2291 est:
2809 2243 2864 2291 tu
2894 2246 3071 2292 autem
3114 2235 3342 2291 servasti
3370 2234 3573 2291 bonum
3602 2235 3778 2289 vinum

2202 2340 2372 2395 usque
2399 2327 2591 2382 adhuc.
2644 2328 2756 2384 Hoc
2801 2328 2926 2384 fecit
2968 2328 3181 2384 initium
3229 2330 3503 2399 signorum
3530 2328 3693 2385 Iesus
3722 2328 3771 2383 in

2204 2414 2347 2472 Cana
2377 2416 2609 2474 Galilaete
2635 2461 2648 2485 ,
2678 2428 2732 2476 et
2759 2417 3116 2476 manifestavit
3143 2420 3364 2494 gloriam
3388 2433 3539 2475 suam

2772 2596 2996 2652 CAPUT
3036 2597 3220 2652 XLVI.

2644 2711 2675 2765 .1
2682 2728 2797 2767 esus
2835 2714 3047 2768 mundat
3075 2715 3348 2786 leprosum.

2279 2854 2490 2910 Mure.
2519 2870 2632 2922 vni,
2664 2855 2755 2908 1-4
2778 2874 2793 2921 ;
2820 2857 2989 2913 Mane.
3017 2874 3053 2922 ι,
3084 2860 3277 2916 40-45.
3307 2859 3437 2916 Cum
3460 2869 3639 2916 autem
3702 2864 3786 2918 de-

2209 2946 2507 3002 scendisset
2538 2946 2692 3003 Iesus
2718 2948 2785 3003 de
2825 2959 3006 3004 monte
3031 2991 3046 3016 ,
3078 2961 3277 3005 secuta:
3305 2960 3436 3006 sunt
3466 2968 3590 3007 eum
3620 2952 3784 3009 turba:

2210 3038 2412 3093 multae.
2447 3039 2512 3093 Et
2536 3053 2662 3095 ecce
2688 3039 2933 3109 leprosos
2962 3041 3181 3097 veniens
3201 3058 3338 3111 genu
3364 3042 3501 3099 ﬂexo
3529 3045 3785 3100 adorabat

2212 3142 2353 3195 eum,
2387 3128 2570 3185 dicens
2596 3145 2609 3183 :
2638 3130 2880 3198 Domine,
2907 3132 2953 3186 si
2982 3132 3087 3202 vis,
3126 3141 3276 3203 potes
3299 3150 3383 3191 me
3413 3136 3691 3192 mundare.
3724 3138 3787 3193 Et

2211 3220 2506 3275 extendens
2537 3235 2773 3289 manum,
2804 3223 2977 3293 tetigit
2998 3238 3118 3278 eum
3150 3222 3325 3291 Iesus,
3352 3226 3538 3282 dicens
3566 3244 3577 3279 :
3608 3226 3743 3281 Volo
3770 3247 3781 3281 :

2210 3311 2488 3367 mundare.
2532 3311 2601 3367 Et
2646 3312 2923 3369 confestim
2965 3315 3214 3370 mundata
3245 3324 3328 3371 est
3372 3316 3517 3387 lepra
3555 3317 3706 3386 ejus;
3736 3328 3787 3372 et

2210 3402 2282 3457 ait
2303 3402 2376 3457 illi
2398 3402 2553 3459 Iesus
2578 3421 2590 3457 :
2618 3403 2769 3471 Vide,
2797 3405 2997 3459 nemini
3020 3404 3242 3474 dixeris,
3269 3406 3362 3462 sed
3384 3407 3539 3473 vade,
3565 3409 3788 3462 ostende

2211 3501 2263 3548 te
2287 3495 2583 3562 sacerdoti,
2634 3504 2688 3551 et
2716 3496 2849 3553 oﬂ‘er
2883 3513 3075 3554 munus
3105 3498 3246 3570 quod
3298 3502 3552 3571 praecepit
3581 3502 3789 3571 Moyses

2212 3586 2358 3655 (Leu.
2388 3602 2498 3652 stv,
2528 3586 2586 3657 2)
2612 3587 2666 3642 in
2702 3588 3068 3644 testimonium
3109 3590 3238 3645 illis.
3267 3590 3338 3645 At
3382 3591 3474 3647 ille
3514 3606 3783 3661 egressus,

2210 3680 2371 3747 cmpit
2402 3680 2690 3748 prmdicare
2720 3688 2775 3737 et
2804 3680 3082 3738 diﬂ'amare
3112 3697 3447 3749 sermonem;
3494 3684 3567 3739 ita
3600 3691 3655 3738 ut
3674 3682 3787 3753 jam

2211 3782 2317 3823 non
2349 3779 2527 3838 posset
2551 3770 2835 3828 manifeste
2862 3772 2917 3827 in
2946 3772 3216 3828 civitatem
3247 3773 3470 3829 introire
3489 3814 3504 3840 ,
3535 3772 3628 3828 sed
3655 3772 3788 3827 foris

2212 3858 2265 3914 in
2296 3857 2523 3916 desertis
2561 3862 2693 3918 locis
2722 3875 2865 3919 esse.
2896 3861 2964 3917 Et
3012 3862 3407 3919 conveniebant
3432 3865 3499 3918 ad
3527 3878 3648 3919 eum
3685 3878 3787 3918 un-

2211 3950 2393 4022 dique.

2757 4124 2982 4182 CAPUT
3023 4126 3231 4183 XLVII.

2321 4236 2542 4291 Puerum
2570 4236 2878 4292 centurionis
2906 4238 3247 4309 paralyticum
3272 4239 3466 4293 curavit
3494 4237 3669 4295 Iesus.

2280 4366 2494 4422 Mum.
2525 4381 2637 4433 vnt,
2670 4366 2828 4434 5-15;
2865 4382 2981 4423 Luc.
3016 4382 3110 4433 vn,
3146 4367 3291 4423 1-10.
3320 4368 3451 4423 Cum
3490 4376 3667 4422 autem
3712 4369 3765 4423 in

2211 4460 2425 4516 troisset
2453 4458 2846 4531 Capharnaum,
2889 4462 3121 4517 accessit
3160 4461 3229 4515 ad
3257 4476 3377 4515 eum
3409 4461 3673 4525 centurio,
3702 4477 3765 4517 ro

528 4550 827 4606 mercedem
856 4550 1131 4620 prOphetaa
1156 4554 1413 4623 accipiet;
1460 4562 1516 4611 et
1541 4556 1631 4624 qui
1677 4555 1867 4625 recipit
1905 4557 2107 4623 justum
2135 4565 2185 4626 ι)
2208 4567 2341 4622 gans
2380 4569 2525 4621 eum,
2556 4561 2611 4608 et
2648 4553 2833 4608 dicens
2863 4569 2877 4606 :
2913 4551 3152 4617 Domine,
3178 4565 3309 4620 puer
3348 4565 3501 4606 meus
3541 4550 3687 4621 jacet
3732 4553 3787 4607 in

526 4637 583 4693 in
614 4639 831 4695 nomine
874 4642 1002 4709 justi
1028 4684 1043 4709 ,
1079 4643 1381 4701 mercedem
1407 4645 1538 4715 justi
1567 4648 1818 4716 accipiet.
1839 4674 1911 4687 —
1932 4645 2105 4700 Mane.

528 4745 606 4795 ts,
633 4727 723 4784 40.
754 4729 822 4785 Et
854 4728 1151 4803 tjuicunque
1180 4745 1361 4804 potum
1391 4737 1598 4793 dederit
1646 4738 1735 4792 uni
1765 4752 1834 4791 ex
1868 4735 2107 4790 minimis

528 4820 645 4874 istis
674 4820 894 4877 calicem
941 4834 1091 4894 aqua:
1132 4824 1336 4897 frigida;
1367 4835 1571 4883 tantum
1604 4829 1658 4883 in
1700 4827 1917 4882 nomine
1945 4826 2106 4881 disci-

529 4911 661 4979 puli,
693 4912 814 4982 quia
862 4912 1059 4971 Christi
1085 4918 1212 4972 estis
1242 4935 1256 4972 :
1290 4933 1446 4974 amen
1472 4918 1591 4974 dico
1619 4916 1803 4984 vobis,
1848 4931 1953 4971 non
1984 4931 2106 4985 per-

527 5002 618 5056 det
646 5004 944 5061 mercedem
974 5022 1147 5064 suam.
1196 5009 1412 5065 Mum.
1456 5023 1548 5075 χι,
1598 5008 1651 5063 I.
1690 5008 1759 5062 Et
1796 5004 1991 5064 factum
2021 5017 2104 5061 est

526 5109 647 5150 cum
674 5112 1099 5158 consummasset
1119 5103 1297 5169 Iesus,
1331 5101 1649 5173 praecipiens
1678 5101 1956 5156 duodecim
1987 5100 2100 5156 dis-

524 5190 719 5258 cipulis
755 5193 898 5260 suis,
927 5197 1287 5261 transiitinde
1339 5207 1397 5250 ut
1436 5198 1656 5251 doceret
1699 5203 1753 5251 et
1785 5195 2099 5264 praedicaret

526 5280 576 5335 in
606 5281 910 5339 civitatibus
932 5301 1139 5341 eorum.
1168 5316 1237 5327 -
1265 5286 1433 5341 Mane.
1466 5300 1537 5349 vt,
1582 5283 1771 5340 1245.
1830 5285 2101 5341 Exeuntes

520 5382 695 5428 autem
724 5374 989 5447 discipuli,
1010 5377 1365 5447 prmdicabant
1395 5384 1451 5429 ut
1468 5375 1833 5444 pmnitentiam
1856 5387 2100 5446 agerent,

520 5474 571 5521 et
604 5467 867 5524 daemonia
893 5470 1057 5523 multa
1093 5468 1410 5536 ejiciebant,
1441 5476 1496 5523 et
1519 5468 1787 5537 ungebam
1813 5469 1933 5531 oleo
1959 5472 2100 5525 mul-

523 5567 606 5615 tos
636 5571 890 5630 aegrotos,
925 5570 978 5615 et
1007 5558 1356 5613 sanabantur.

589 5740 615 5769 ι
655 5731 744 5806 Sic
775 5733 829 5806 in
858 5730 1053 5806 Gram,
1091 5727 1284 5806 Matth.
1314 5744 1423 5797 VIII,
1458 5729 1513 5795 9,
1550 5731 1804 5806 ἁγθρῳπὸς
1844 5736 1945 5806 ιῖμι
1988 5733 2089 5806 ὑπὸ

512 5803 763 5879 ἱερνσίαν.
793 5800 961 5869 Quem
1010 5800 1185 5859 locum
1234 5798 1321 5859 hic
1367 5798 1994 5875 cxpressit'Annnouius.
2024 5803 2091 5861 At

2213 4644 2375 4698 domo
2416 4642 2755 4714 paralyticus,
2786 4650 2843 4699 et
2872 4643 3011 4698 male
3052 4652 3349 4712 torquetur.
3382 4643 3447 4697 Et
3477 4643 3553 4696 ait
3582 4642 3659 4696 illi
3698 4643 3789 4699 Ie-

2211 4751 2348 4791 sus:
2381 4735 2493 4803 Ego
2522 4734 2755 4801 veniam,
2802 4743 2857 4789 et
2893 4735 3092 4789 curabo
3139 4749 3284 4789 eum.
3343 4734 3410 4788 Et
3456 4734 3789 4803 respondens

2211 4826 2451 4882 centurio
2486 4826 2558 4880 ait
2585 4843 2597 4877 :
2626 4824 2870 4890 Domine,
2904 4840 3008 4879 non
3038 4841 3155 4880 sum
3184 4825 3374 4894 dignus
3409 4834 3468 4879 ut
3493 4825 3660 4880 intres
3690 4825 3790 4880 sub

2213 4927 2407 4973 tectum
2451 4932 2649 4984 meum,
2694 4918 2789 4973 sed
2832 4925 3032 4972 tantum
3079 4917 3166 4974 dic
3209 4918 3395 4987 verbo,
3423 4928 3477 4974 et
3516 4918 3790 4973 sanabitur

2206 5024 2338 5079 puer
2363 5024 2531 5065 meus.
2560 5009 2693 5065 Nam
2725 5020 2778 5065 et
2817 5024 2916 5083 ego
2962 5010 3123 5066 homo
3158 5026 3277 5067 sum
3317 5011 3417 5068 sub
3464 5019 3729 5080 potestate
3761 5020 3788 5049 ι

2207 5101 2408 5157 habens
2436 5103 2536 5158 sub
2563 5118 2647 5159 me
2678 5103 2894 5169 milites,
2924 5112 2979 5159 et
3008 5104 3128 5159 dico
3154 5104 3277 5158 huic
3303 5122 3317 5157 :
3340 5103 3510 5171 Vade,
3536 5112 3588 5159 et
3611 5104 3783 5168 vadit;

2204 5202 2258 5249 et
2282 5194 2574 5263 aliizVeni,
2597 5206 2651 5253 et
2671 5198 2843 5262 venit;
2876 5206 2929 5252 ct
2956 5211 3112 5253 servo
3135 5212 3275 5253 meo:
3292 5197 3399 5254 Fac
3421 5196 3540 5259 hoc,
3566 5204 3622 5252 et
3638 5196 3784 5252 facit.

2206 5287 2443 5344 Audiens
2482 5300 2659 5345 autem
2700 5289 2855 5345 Iesus
2888 5291 3109 5346 miratus
3138 5298 3240 5353 est,
3271 5300 3325 5345 et
3351 5289 3699 5361 sequentibus
3726 5301 3785 5343 se

2205 5379 2338 5433 dixit
2370 5395 2384 5432 ε
2413 5379 2605 5447 Amen,
2640 5379 2761 5434 dico
2803 5380 2975 5445 vobis,
3024 5395 3131 5435 non
3177 5380 3355 5435 inveni
3391 5388 3586 5434 tantam
3625 5379 3780 5432 ﬁdem

2208 5472 2259 5525 in
2294 5471 2475 5526 Israel.
2509 5472 2639 5526 Dico
2667 5481 2842 5526 autem
2878 5474 3047 5538 vobis,
3075 5473 3213 5543 quod
3265 5474 3415 5527 multi
3456 5472 3524 5526 ab
3562 5473 3782 5527 Oriente

2205 5571 2257 5617 et
2282 5562 2571 5617 Occidente
2607 5564 2838 5629 venient,
2869 5573 2922 5618 et
2962 5564 3272 5619 recumbent
3314 5579 3434 5619 cum
3482 5563 3780 5626 Abraham,

2199 5732 2326 5811 huc.
2357 5749 2451 5798 VII,
2478 5736 2537 5811 _8,
2558 5734 2658 5790 ὑπὸ
2684 5737 2914 5800 ἐξουσίαν
2934 5735 3264 5805 τασσόμενος.
3292 5738 3427 5795 Ilinc
3454 5740 3608 5811 Vulg.
3635 5750 3775 5795 utro-

2202 5802 2381 5876 bique,
2409 5806 2499 5859 sub
2527 5815 2772 5876 potestate
2811 5802 3131 5862 constitutus.
3254 5824 3258 5828 ‘
