4038 6356
285 332 386 389 277

284 646 339 691 et
365 639 565 693 stridor
591 640 854 700 dentium.
887 646 949 699 Et
974 648 1105 702 dixit
1126 648 1280 706 Jesus
1308 655 1606 709 centurioni
1640 674 1650 708 :
1687 656 1850 721 Vade,

280 736 334 780 et
360 728 501 783 sicut
523 731 797 789 credidisti
829 737 917 790 tiat
947 737 1058 792 libi.
1096 740 1159 795 Et
1186 752 1402 798 sanatus
1424 756 1504 798 est
1529 760 1663 814 puer
1682 746 1736 801 in
1762 747 1851 802 illa

283 819 433 873 hora.
479 821 542 876 Et
576 837 829 881 reversus
871 836 954 883 est
996 833 1237 886 centurio
1265 834 1318 888 in
1349 834 1566 892 domum
1595 852 1766 906 suam,
1798 852 1850 898 et

279 909 483 966 invenit
510 928 725 969 servum
752 917 840 985 qui
871 918 1149 988 languerat
1177 937 1386 980 sanum.

814 1031 1041 1089 CAPUT
1080 1034 1308 1092 XLVIII.
1582 1126 1586 1130 '

484 1117 634 1174 Jews
682 1138 880 1177 sacrum
926 1124 1069 1181 Petri
1097 1146 1129 1181 a
1158 1130 1376 1198 febribus
1403 1126 1614 1190 curavit.

343 1226 555 1282 ΜΑττιι.
592 1246 699 1294 vm,
738 1233 910 1289 Ill-I5.
964 1236 1026 1291 Et
1068 1252 1188 1292 cum
1221 1243 1451 1297 venisset
1481 1244 1635 1300 Jesus
1668 1248 1720 1301 in
1752 1249 1843 1305 do-

273 1329 416 1368 mum
460 1316 619 1384 Petri,
656 1320 788 1374 vidit
834 1338 1044 1378 socrum
1084 1327 1201 1396 ejus
1240 1330 1504 1396 iacentem
1534 1342 1589 1389 et
1626 1334 1840 1393 febrici-

271 1412 491 1459 tantem.
523 1407 585 1459 Et
612 1410 781 1478 tetigit
809 1427 1022 1467 manum
1053 1418 1192 1483 ejus,
1221 1428 1272 1472 et
1293 1419 1496 1477 dimisit
1519 1439 1634 1479 eam
1658 1423 1837 1496 Iebris,

267 1499 323 1544 et
350 1494 598 1563 surrexit,
625 1507 679 1550 et
706 1500 1045 1557 ministrabat
1074 1504 1171 1559 eis.

827 1612 1052 1669 CAPUT
1090 1615 1274 1672 XLIX.

500 1695 566 1751 In
595 1698 847 1755 civitatem
876 1702 1037 1756 Naim
1064 1716 1316 1761 mortuum
1342 1712 1626 1768 suscitavit.

332 1803 463 1861 Luc.
521 1823 614 1876 vu,
670 1809 850 1866 ll-l‘l.
897 1813 960 1867 Et
1000 1814 1197 1871 factum
1229 1828 1332 1886 est,
1363 1821 1616 1894 deinceps
1645 1825 1755 1882 ibat
1784 1829 1836 1886 in
1869 1847 1917 1908 Β

257 1892 528 1949 civitatem
560 1911 681 1966 qua:
712 1908 933 1956 vocatur
960 1901 1111 1960 Naim
1135 1923 1151 1973 ;
1182 1916 1236 1963 et
1262 1908 1413 1966 ibant
1439 1892 1567 1968 cum:
1586 1930 1652 1972 eo
1676 1917 1835 1975 disci-

257 1982 369 2050 puli
408 1983 544 2053 ejus,
585 1997 638 2043 et
676 1989 828 2044 turba
872 1993 1109 2063 copiosa.
1144 1996 1277 2053 Cum
1322 2011 1498 2059 autem
1542 2008 1831 2078 appropin-

254 2080 448 2140 quaret
487 2082 655 2143 porta:
704 2078 959 2147 civitatis,
1001 2098 1127 2140 ecce
1169 2086 1451 2147 defunctus
1490 2094 1826 2165 eil‘erebatur,

256 2160 399 2216 [ilius
426 2164 611 2219 unicus
638 2169 821 2223 matris
848 2185 959 2226 sua:
985 2190 997 2228 :
1021 2183 1073 2228 et
1094 2174 1208 2231 bare
1248 2178 1402 2234 vidua
1430 2192 1566 2251 erat,
1595 2196 1649 2240 et
1678 2188 1830 2243 turba

252 2252 423 2306 multa
444 2253 675 2311 civitatis
696 2274 815 2313 cum
842 2262 948 2320 illa.
974 2265 1141 2331 Quam
1165 2281 1286 2323 cum
1309 2271 1526 2329 vidisset
1548 2275 1825 2347 Dominus,

250 2342 615 2399 misericordia
646 2359 821 2404 motus
847 2367 1009 2421 super
1034 2370 1175 2423 eam,
1202 2359 1338 2415 dixit
1364 2362 1440 2417 illi
1471 2382 1486 2419 :
1516 2365 1633 2422 Noli
1672 2370 1823 2427 ﬂere.

249 2429 318 2484 Et
344 2436 590 2501 accessit,
616 2446 669 2491 et
703 2440 870 2510 tetigit
899 2442 1151 2501 loculum.
1184 2449 1249 2504 ili
1292 2463 1469 2508 autem
1511 2458 1602 2525 qui
1648 2471 1829 2529 porta-

249 2524 377 2578 bant
405 2534 685 2583 steterunt.
719 2530 783 2586 Et
812 2534 888 2588 ait
918 2552 933 2589 :
962 2536 1310 2611 Adolescens,
1344 2548 1436 2603 tibi
1465 2524 1605 2617 dico,
1643 2524 1821 2627 surge.

248 2615 313 2669 Et
341 2619 544 2673 resedit
570 2621 660 2691 qui
688 2635 804 2679 erat
835 2637 1094 2697 mortuus,
1127 2642 1183 2690 et
1211 2638 1373 2707 coepit
1405 2640 1566 2710 loqui,
1593 2615 1651 2701 et
1676 2615 1824 2704 dedit

246 2704 395 2761 illum
420 2711 576 2765 matri
605 2728 735 2768 suae.
770 2717 987 2790 Accepit
1012 2734 1187 2779 autem
1215 2741 1402 2785 omnes
1431 2733 1610 2801 timor,
1635 2748 1687 2793 et
1711 2754 1820 2794 ma-

242 2797 567 2870 gnificabant
599 2804 761 2861 Deum
801 2810 1040 2868 dicentes
1074 2832 1086 2869 :
1119 2817 1253 2885 Quia
1293 2825 1550 2895 propheta
1597 2797 1821 2902 magnus

242 2895 476 2948 surrexit
496 2893 549 2949 in
572 2896 747 2967 nobis,
772 2911 825 2955 et
846 2903 968 2972 quia
990 2904 1132 2963 Deus
1156 2893 1619 2985 visitavitvplebem
1641 2893 1815 2981 suam.

239 2980 385 3038 Exiit
411 2999 539 3054 ergo
564 2986 651 3044 hic
675 3005 853 3049 sermo
881 2995 935 3051 in
964 2998 1265 3059 universam
1293 3004 1528 3065 Judzeam
1556 3012 1624 3070 de
1650 3029 1735 3085 eo,
1762 3029 1817 3074 et

235 3074 381 3131 circa
404 3091 615 3136 omnem
644 3084 936 3154 regionem.

862 3200 1090 3261 CAPUT
1128 3207 1191 3263 L.

238 3277 428 3337 Omnes
454 3283 775 3352 inﬁrmitates
811 3302 982 3381 curat,
1018 3305 1077 3348 ut
1118 3300 1520 3371 adimplerentur
1548 3311 1815 3381 scriptura:

828 3365 1212 3434 prophetarum.

300 3463 519 3521 llx'r'ru.
550 3483 664 3536 vin,
699 3471 886 3529 Ili-I8.
921 3475 1155 3547 Vespere
1194 3493 1369 3540 autem
1406 3490 1569 3559 tacto,
1602 3492 1748 3549 obtul
1773 3516 1812 3537 --

233 3560 364 3607 runt
389 3555 439 3609 ei
469 3558 666 3614 multos
697 3561 957 3619 daemonia
990 3567 1266 3639 habentes,
1299 3583 1353 3629 et
1378 3555 1627 3647 ejiciebat
1655 3584 1812 3652 spiri-

232 3653 319 3698 tus
344 3647 530 3715 verbo,
560 3660 614 3705 et
637 3666 824 3710 omnes
850 3658 991 3714 male
1015 3659 1273 3721 habentes
1300 3670 1521 3737 curavit,
1557 3684 1607 3728 ut
1637 3676 1809 3733 adim-

228 3736 475 3804 pleretur
527 3742 666 3810 quod
722 3744 920 3802 dictum
974 3761 1055 3806 est
1109 3768 1205 3824 per
1256 3758 1444 3815 Isaiam
1493 3766 1806 3835 prophetam

226 3822 495 3882 dicentem
522 3848 537 3884 :
564 3831 681 3901 Ipse
712 3833 1048 3897 inﬁrmitates
1070 3822 1279 3903 nostras
1301 3822 1527 3922 accepii,
1562 3822 1615 3912 ei
1639 3873 1807 3929 aegro-

226 3917 459 3974 taliones
490 3926 719 3990 portavit
745 3925 879 3998 (lsa.
928 3948 1040 4000 Llll,
1089 3936 1168 4006 4).
1216 3917 1621 4003 Videas-autem
1653 3917 1807 4007 Iesus

225 4006 413 4064 turbas
440 4013 635 4069 multas
654 4018 854 4074 circum
885 4035 964 4091 se,
992 4025 1153 4094 jussit
1182 4031 1260 4087 ire
1291 4041 1437 4090 trans
1464 4035 1676 4094 fretum.

842 4133 1071 4196 CAPUT
1105 4142 1189 4198 LI.

312 4212 520 4273 Valenti
546 4236 661 4274 eum
687 4228 830 4295 sequi
857 4229 989 4284 dixit
1013 4247 1032 4286 :
1052 4232 1251 4305 Vulpes
1286 4239 1469 4299 foveas
1497 4244 1711 4303 habent.

291 4326 512 4386 MAT'I'H.
564 4348 677 4398 Vill,
721 4338 907 4403 lii-22;
940 4340 1174 4412 Luc.1x,
1208 4350 1386 4405 57-62.
1430 4355 1499 4409 Et
1541 4360 1802 4417 accedens

219 4430 359 4470 unus
388 4420 583 4485 scriba,
615 4424 691 4477 ait
718 4426 793 4480 illi
828 4446 839 4479 :
874 4430 1140 4501 Magister,
1178 4452 1373 4507 sequar
1403 4448 1456 4496 te
1484 4461 1801 4520 quocunque

216 4505 369 4560 ieris.
416 4507 485 4561 Et
531 4509 660 4562 dicit
707 4514 753 4567 ei
785 4515 987 4572 Jesns:
1024 4520 1220 4591 Vulpes
1255 4505 1440 4584 ioveas
1485 4505 1801 4605 haberit,.et

215 4596 470 4652 volucres
495 4599 617 4654 coeli
641 4601 792 4658 nidos
822 4623 833 4657 :
861 4607 1023 4663 Filius
1050 4622 1225 4669 autem
1252 4618 1483 4679 hominis
1508 4641 1612 4681 non
1637 4628 1792 4691 habet

216 4687 311 4743 ubi
355 4699 514 4757 caput
560 4693 799 4751 reclinet.
834 4698 921 4753 Ait
945 4710 1121 4757 autem
1164 4706 1229 4762 ad
1263 4687 1793 4790 alterum:Sequere

214 4794 324 4833 me.
376 4778 469 4835 Ille
507 4793 684 4838 autem
725 4787 855 4843 dixit
884 4807 899 4843 :
932 4790 1181 4864 Domine,
1213 4805 1463 4870 permitte
1501 4778 1659 4866 mihi.
1684 4817 1793 4884 pri-

215 4883 363 4923 mum
392 4868 470 4925 ire
494 4882 547 4926 et
573 4876 799 4944 sepelire
828 4889 1031 4948 patrem
1075 4868 1276 4947 meum.
1325 4893 1478 4954 Iesus
1503 4868 1697 4960 autem.
1715 4909 1789 4964 ait

216 4958 291 5013 illi
324 4977 339 5015 :
372 4960 609 5033 Sequere
650 4982 756 5036 me,
788 4979 843 5025 et
874 4973 1082 5053 dimitte
1113 4994 1353 5042 mortuos
1390 4995 1620 5061 sepelire
1648 5014 1793 5055 mor-

216 5059 335 5107 tuos
363 5069 490 5108 suos
517 5073 529 5110 :
560 5065 615 5112 tu
641 5069 819 5118 autem
852 5067 1007 5135 vade,
1039 5078 1290 5131 annuntia
1327 5059 1549 5153 regnum
1578 5089 1693 5146 Dei.
1724 5094 1793 5150 Et

213 5141 287 5197 ait
312 5144 454 5200 alter
483 5164 495 5200 :
528 5147 734 5219 Sequar
760 5163 833 5223 te,
869 5157 1114 5229 Domine,
1144 5166 1240 5222 sed
1279 5141 1508 5237 primum
1542 5184 1789 5246 permitte

213 5235 341 5291 mihi
371 5241 676 5299 renuntiare
693 5245 774 5301 bis
794 5250 911 5318 'qui
947 5251 1092 5309 domi
1122 5235 1388 5318 suntaAit
1422 5267 1488 5321 ad
1517 5235 1787 5333 iIlumiI'e:

213 5340 304 5381 sus
331 5345 345 5381 :
376 5329 545 5389 Nemo
574 5336 790 5395 mittens
818 5357 1031 5401 manum
1061 5364 1211 5406 suam
1237 5354 1301 5409 ad
1328 5368 1585 5430 aratrum,
1617 5376 1673 5422 et
1702 5386 1784 5427 re-

213 5419 440 5485 spiciens
466 5434 629 5494 retro,
654 5440 809 5498 aptus
834 5444 918 5491 est
943 5451 1104 5508 regno
1132 5443 1248 5502 Dei.

286 5585 310 5673 ξ
602 5586 691 5677 ab
706 5590 872 5677 editis
914 5604 959 5675 et
999 5594 1159 5677 Iacob
1191 5616 1209 5654 :
1235 5605 1373 5677 quod
1410 5609 1571 5667 habet
1607 5624 1779 5677 textus

212 5645 393 5749 GLIet
431 5650 582 5749 Vqlg.
622 5658 802 5739 Neque
841 5645 1311 5749 diuini—Animoriib
1342 5645 1580 5749 3.1753;

215 5719 373 5785 preti,
416 5719 735 5794 scd—potius
785 5734 866 5788 vel
913 5719 1777 5817 librariis-vei‘ltvpotiib‘iis"vain

1050 346 1631 425 EVANGILLICARUM
1674 360 2173 423 IIARMONIARUM
2212 368 2789 433 INTERPRETATIO.
3430 397 3533 451 9.78

287 464 340 509 et
369 455 512 511 Isaac
560 466 607 523 ι,
653 470 706 514 ct
745 460 912 517 Jacob
940 466 991 518 in
1022 482 1187 536 regno
1220 470 1476 525 cmloruin
1509 491 1522 525 :
1558 474 1651 529 lilii
1679 488 1852 532 autem
1883 483 1934 540 Λ

286 547 434 616 regni
454 546 739 617 ejicientur
762 550 815 606 in
846 555 1094 612 tenebras
1119 561 1416 615 exteriores
1442 580 1453 615 :
1480 562 1553 617 ibi
1573 567 1670 618 erit
1701 565 1855 620 iletus

2560 493 2782 547 CAPUT
2824 495 2925 549 LII.

2071 576 2331 647 Nariguns
2360 583 2574 647 imperat
2595 592 2909 656 (cumulati,
2936 600 2979 645 et
3000 594 3165 647 statim
3195 602 3424 652 cessavit.

2030 686 2240 743 Mnru.
2276 707 2384 755 vm,
2415 694 2601 762 23-27;
2634 700 2801 755 Mum.
2833 718 2908 768 tv,
2933 705 3112 772 37-40;
3142 706 3270 765 Luc.
3300 726 3413 780 vm,
3437 714 3531 768 22-

1956 776 2046 830 9.5.
2082 777 2144 832 Et
2173 784 2496 841 ascendente
2537 804 2602 843 eo
2642 793 2695 845 in
2724 797 3041 863 naviculam,
3067 803 3233 856 secuti
3259 815 3383 858 sunt
3405 822 3527 861 eum

1954 867 2197 934 discipuli
2240 874 2374 944 ejus.
2412 878 2474 932 Et
2513 895 2641 936 ecce
2686 895 2861 941 motus
2901 904 3125 959 magnus
3155 892 3325 950 iactus
3352 907 3433 952 est
3475 900 3525 952 in

1956 960 2111 1025 muri,
2144 962 2215 1016 ita
2246 974 2303 1019 ut
2342 972 2579 1025 navicula
2610 976 2908 1041 operiretur
2935 980 3179 1037 [luctibus
3211 1002 3224 1037 :
3257 987 3371 1057 ipse
3399 1004 3526 1044 vero

1953 1058 2067 1102 erat
2108 1053 2155 1105 iu
2199 1056 2358 1125 puppi
2391 1073 2548 1127 supra
2586 1066 2812 1121 cervical
2846 1071 3143 1139 dormiens.
3180 1077 3244 1131 Et
3277 1094 3523 1137 accesse-~

1951 1152 2092 1205 runt,
2122 1152 2173 1197 et
2204 1148 2592 1206 suscitaverunt
2621 1170 2762 1221 eum,
2789 1160 3027 1217 dicentes
3063 1183 3073 1216 :
3103 1167 3347 1234 Domine,
3378 1174 3520 1228 salva

1951 1246 2067 1298 nos,
2115 1236 2234 1303 quia
2284 1241 2539 1306 perimus.
2588 1245 2650 1298 Et
2690 1247 2814 1302 dicit
2847 1251 2923 1305 eis
2954 1270 2965 1305 :
3002 1256 3134 1321 Quid
3168 1260 3339 1315 timidi
3369 1266 3517 1326 estis,

1949 1326 2174 1382 modicae
2197 1330 2356 1386 ﬁdei?
2382 1334 2528 1390 Tunc
2550 1351 2772 1407 surgens
2798 1343 3072 1411 imperavit
3098 1354 3267 1407 ventis
3290 1366 3341 1413 et
3364 1359 3515 1422 mari,

1946 1422 2001 1468 et
2041 1420 2268 1474 cessavit
2306 1434 2513 1480 ventus.
2558 1427 2622 1481 Et
2651 1429 2783 1485 dixit
2828 1451 2839 1485 :
2889 1434 3047 1502 Tace,
3088 1442 3416 1501 obmutesce.
3454 1447 3519 1501 Et

1945 1509 2080 1565 iacta
2112 1524 2193 1567 est
2221 1520 2571 1585 tranquillitas
2602 1539 2810 1591 magna.
2852 1526 3017 1582 Porro
3066 1531 3308 1590 homines
3340 1539 3515 1595 mirati

1944 1609 2067 1654 sunt
2095 1602 2335 1661 dicentes
2366 1626 2377 1660 :
2409 1610 2538 1674 Quis
2564 1624 2655 1666 aut
2683 1615 2853 1683 qualis
2875 1626 2957 1673 est
2988 1618 3104 1675 hic?
3126 1625 3244 1691 quia
3269 1634 3321 1679 et
3348 1632 3517 1686 ventis

1946 1688 2170 1758 imperat
2196 1705 2249 1749 et
2276 1700 2428 1764 mari,
2458 1709 2513 1754 et
2540 1703 2795 1760 obediuut
2817 1709 2887 1762 ei.

2538 1834 2760 1892 CAPUT
2800 1839 2923 1895 LI;I.

1943 1914 2150 1970 Curavit
2179 1928 2320 1973 trans
2349 1923 2533 1991 fretum
2565 1929 2933 2053 dwmorziacum
2977 1940 3062 2002 qui
3103 1942 3151 1992 in
3180 1947 3515 1999 monumentis

2599 2014 2745 2053 mane
2777 2013 2849 2053 at.

2599 2013 2849 2057 manebat.

2007 2101 2223 2159 Mum.
2265 2122 2375 2176 vin,
2425 2110 2615 2180 28-34;
2663 2132 2733 2183 Ix,
2778 2120 2837 2187 I;
2870 2121 3039 2178 quc.
3082 2143 3130 2192 ν,
3182 2130 3326 2193 l-2I;
3382 2128 3508 2189 Luc.

1935 2206 2047 2258 VIII,
2072 2194 2254 2252 26-59.
2290 2199 2354 2253 Et
2385 2216 2504 2257 cum
2557 2207 2791 2265 venisset
2821 2220 2968 2268 trans
3016 2214 3207 2272 fretum
3250 2219 3302 2273 in
3334 2226 3507 2293 regio-

1934 2298 2056 2339 nem
2081 2287 2494 2361 Gerasenorum,
2520 2312 2639 2368 qua:
2670 2311 2751 2356 est
2781 2314 2963 2361 contra
2986 2308 3280 2379 Galilaeam,
3310 2324 3363 2369 et
3388 2332 3505 2372 cum

1930 2389 2177 2445 egressus
2203 2370 2344 2439 esset
2371 2387 2438 2440 ad
2471 2397 2693 2461 terram,
2723 2409 3073 2456 occurrerunt
3102 2405 3149 2458 ei
3177 2406 3282 2461 duo
3312 2409 3508 2467 haben-

1933 2476 2013 2524 tes
2044 2470 2330 2543 daimnnia,
2363 2478 2430 2534 de
2460 2487 2817 2543 monumentis
2858 2502 3135 2560 exeuntes,
3168 2498 3294 2552 saevi
3326 2502 3503 2571 nimis,

1929 2560 1999 2614 ita
2032 2574 2085 2617 ut
2117 2581 2276 2621 nemo
2322 2582 2506 2639 posset
2551 2579 2779 2634 transire
2826 2597 2921 2652 per
2967 2587 3105 2642 viam
3154 2589 3318 2646 illam.
3361 2592 3506 2650 Unus

1924 2655 2067 2708 enim
2114 2656 2342 2713 habebat
2390 2662 2651 2721 daemonia
2691 2669 2802 2739 jam
2850 2677 3178 2745 temporibus
3219 2684 3422 2749 multis,
3455 2696 3503 2739 ct

1926 2744 2242 2802 vestimento
2273 2766 2377 2806 non
2406 2754 2741 2825 induebatur,
2768 2778 2940 2833 neque
2964 2744 3016 2822 in
3038 2769 3198 2827 domo
3229 2778 3499 2838 manebat.

1923 2832 2016 2887 sed
2042 2833 2096 2887 in
2129 2844 2517 2910 monumentis;
2550 2856 2603 2901 et
2648 2865 2818 2920 neque
2850 2832 3055 2913 catenis
3082 2861 3189 2928 jam
3221 2866 3500 2935 quisquam

1920 2938 2042 2979 eum
2083 2936 2287 2996 poterat
2330 2933 2497 3001 ligare
2530 2954 2544 2990 :
2582 2943 2830 3009 quoniam
2870 2961 3013 3017 saepe
3056 2933 3403 3022 compedibus
3448 2970 3502 3013 et

1919 3017 2119 3071 catenis
2142 3021 2370 3088 vinctus,
2395 3026 2712 3097 disrupisset
2738 3044 2955 3092 catenas
2975 3050 3029 3095 et
3053 3045 3337 3112 compedes
3359 3062 3502 3103 com-

1919 3104 2217 3175 minuisset,
2244 3122 2295 3167 et
2326 3130 2482 3171 nemo
2524 3132 2731 3188 poterat
2768 3140 2889 3181 cum
2918 3129 3155 3188 domare.
3193 3134 3259 3189 Et
3287 3152 3500 3209 semprr

1844 3220 1889 3281 C
1921 3205 2075 3250 nocte
2103 3214 2166 3253 ac
2195 3201 2281 3256 die
2313 3205 2364 3258 in
2401 3214 2759 3268 monumentis
2787 3225 2841 3270 et
2870 3220 2920 3271 in
2953 3224 3223 3279 montibus
3251 3236 3366 3281 erat
3389 3231 3496 3283 cla-

1923 3299 2096 3352 mans,
2122 3299 2177 3343 ct
2196 3295 2484 3351 concidens
2506 3313 2564 3352 se
2585 3301 2869 3369 lapidibus.
2894 3308 3091 3366 Videns
3113 3323 3288 3370 autem
3312 3318 3493 3375 Iesum

1916 3388 1945 3427 a
1977 3376 2153 3447 longe,
2182 3385 2412 3439 occurrit
2439 3384 2466 3424 δ
2492 3396 2546 3443 et
2572 3391 2813 3450 adoravit
2834 3413 2976 3453 eum.
3008 3402 3075 3457 Et
3103 3406 3341 3464 clamans
3364 3428 3495 3469 voce

1916 3480 2125 3537 magna,
2158 3472 2293 3526 dixit
2322 3493 2333 3527 :
2363 3476 2497 3544 Quid
2532 3484 2681 3538 nobis
2708 3496 2759 3540 et
2787 3489 2900 3558 tibi,
2932 3490 3059 3549 Jesn
3092 3496 3190 3552 Fili
3223 3500 3315 3555 Dei
3345 3506 3493 3560 altis«

1915 3557 2071 3613 simi?
2128 3560 2327 3620 Venisni
2376 3580 2498 3625 ante
2549 3582 2757 3645 tempus
2805 3590 3052 3651 torquere
3100 3590 3230 3645 nos?
3275 3592 3494 3652 Dicebat

1914 3664 2043 3704 vero
2084 3652 2157 3706 illi
2194 3654 2347 3711 Jesus
2377 3677 2390 3712 :
2424 3661 2540 3729 Exi,
2586 3667 2802 3735 spiritus
2835 3673 3123 3744 immundo,
3155 3682 3222 3735 ab
3254 3682 3487 3742 homine.

1914 3741 1977 3795 Et
2007 3742 2355 3819 interrogavit
2383 3767 2502 3808 eum
2539 3762 2725 3823 :Quod
2756 3774 2834 3819 est
2882 3767 2973 3822 tibi
3016 3741 3244 3828 nomen?
3289 3778 3357 3831 At
3400 3781 3490 3835 ille

1911 3833 2045 3890 dixit
2081 3854 2093 3890 :
2131 3837 2291 3910 Legio
2325 3860 2337 3898 :
2367 3847 2486 3915 quia
2536 3851 2865 3912 intraverant
2913 3862 3071 3917 multa
3125 3868 3388 3925 daemonia
3436 3876 3484 3928 in

1909 3940 2051 3981 eum.
2084 3929 2149 3984 Et
2178 3936 2435 4002 rogabant
2483 3940 2629 3996 illum
2675 3962 2741 4000 ne
2768 3951 3060 4017 expelleret
3096 3973 3190 4012 eos
3221 3971 3369 4015 cura
3403 3980 3487 4019 rc-

1908 4018 2142 4087 gionem,
2174 4034 2225 4076 et
2274 4038 2341 4080 ne
2386 4029 2671 4097 imperaret
2713 4036 2817 4092 illis
2849 4052 2903 4095 ut
2951 4042 3001 4097 in
3041 4046 3290 4118 abyssum
3325 4055 3482 4109 irent.
3534 4081 3547 4085 -

1908 4108 2037 4163 Erat
2064 4124 2240 4168 autem
2272 4132 2376 4169 non
2407 4120 2560 4191 longe
2587 4124 2655 4177 ab
2686 4126 2790 4182 illis
2819 4145 2945 4199 grex
2977 4108 3257 4203 porcorum
3294 4147 3487 4199 multo.

1906 4214 2023 4254 rum
2054 4216 2298 4270 pascens.
2330 4207 2614 4267 Daemones
2643 4224 2817 4271 autem
2864 4225 3122 4291 rogabant
3151 4244 3272 4283 eum
3300 4233 3484 4288 dicen-

1905 4298 1985 4344 tes
2013 4307 2025 4343 :
2053 4292 2109 4347 Si
2142 4295 2291 4363 ejicis
2319 4312 2434 4359 nos.
2466 4302 2616 4357 mitte
2644 4320 2743 4358 nos
2769 4307 2819 4359 in
2841 4324 3054 4376 gregem
3080 4328 3385 4381 porcorum.
3413 4322 3479 4374 Et

1903 4382 1976 4435 ait
2005 4382 2111 4437 illis
2137 4402 2149 4437 :
2176 4387 2270 4439 Ite.
2303 4392 2369 4441 At
2394 4390 2469 4442 illi
2498 4404 2781 4463 exeuntes,
2817 4398 3059 4454 abierunt
3088 4407 3138 4457 in
3170 4420 3358 4473 porcos
3382 4429 3397 4467 :
3425 4423 3481 4469 et

1902 4482 2094 4537 magno
2123 4471 2321 4541 impetu
2360 4492 2489 4545 grex
2527 4483 2887 4552 praecipitatus
2913 4500 2994 4545 est
3021 4494 3071 4547 in
3103 4471 3250 4553 mare
3278 4499 3345 4554 ad
3370 4502 3479 4558 duo

1903 4557 2086 4630 millia,
2111 4570 2166 4616 et
2192 4564 2434 4622 suil‘ocati
2456 4580 2577 4625 sunt
2598 4574 2647 4626 in
2673 4578 2821 4632 mari.
2850 4580 2947 4645 Qui
2975 4593 3153 4641 autem
3189 4592 3480 4659 pascebant

1904 4663 1999 4705 eos
2029 4650 2296 4725 fugerunt,
2323 4668 2374 4713 et
2400 4663 2777 4722 nuntiaverunt
2804 4670 2854 4725 in
2879 4674 3146 4735 civitatem
3168 4686 3295 4738 etin
3317 4700 3475 4756 agros

1900 4742 2101 4809 omnia,
2133 4754 2185 4800 et
2229 4746 2296 4802 de
2342 4750 2424 4805 his
2463 4754 2552 4823 qui
2598 4756 2858 4815 dmmonia
2899 4763 3213 4828 habuerant.
3245 4774 3311 4831 Et
3349 4742 3478 4835 ‘ccce

1900 4843 2007 4889 tota
2037 4837 2225 4895 civitas
2250 4842 2378 4896 exiit
2406 4844 2615 4902 obviam
2646 4849 2770 4907 Jesu
2806 4872 2817 4907 :
2848 4866 2903 4911 et
2928 4860 3172 4918 videntes
3202 4865 3472 4926 hominem

1896 4924 2169 4983 sedentem
2212 4944 2241 4983 a
2288 4948 2394 5001 quo
2431 4935 2692 4996 daemonia
2737 4944 3001 5017 exierant,
3041 4961 3096 5006 et
3140 4959 3387 5015 vestitum
3417 4971 3472 5017 et

1893 5029 2022 5072 sana
2053 5028 2252 5091 mente,
2282 5024 2348 5079 ad
2388 5027 2551 5094 pedes
2589 5032 2726 5101 ejus,
2761 5037 3069 5097 timuerunt.
3112 5046 3175 5099 Et
3216 5052 3473 5119 rogabant

1895 5118 1950 5164 ut
1978 5112 2228 5168 transiret
2254 5130 2285 5169 a
2317 5118 2511 5175 finibus
2532 5136 2738 5181 eorum.
2766 5128 3008 5201 Cumque
3038 5138 3352 5196 ascenderet
3378 5156 3471 5196 na-

1891 5204 2018 5271 vim,
2045 5207 2266 5276 rogabat
2287 5225 2407 5265 eum
2431 5215 2511 5267 vir
2537 5231 2565 5267 a
2593 5231 2695 5287 quo
2709 5219 2968 5278 dmmonia
2996 5227 3239 5284 exierant
3270 5241 3326 5285 ιιι
3346 5248 3467 5287 cum

1891 5306 1955 5346 eo
1984 5306 2146 5351 esset.
2178 5298 2245 5351 Et
2265 5313 2370 5353 non
2418 5302 2635 5361 admisit
2669 5324 2813 5375 eum,
2857 5314 2950 5368 sed
2992 5318 3066 5370 ait
3093 5318 3167 5372 illi
3198 5337 3212 5375 :
3243 5321 3386 5379 Vade
3417 5328 3475 5397 in.

1892 5382 2108 5441 domum
2151 5395 2291 5442 tuam
2327 5391 2392 5444 ad
2427 5401 2563 5459 tuos,
2597 5406 2649 5451 et
2679 5413 2833 5455 narra
2864 5414 3055 5473 quanta
3090 5408 3182 5462 tibi
3216 5410 3468 5471 Dominus

1893 5473 2098 5541 iecerit,
2132 5489 2189 5533 et
2237 5480 2485 5539 misertus
2522 5494 2605 5541 est
2642 5490 2736 5543 tui.
2788 5490 2852 5546 Et
2898 5494 3029 5551 abiit
3074 5501 3368 5567 praedicans
3411 5506 3463 5562 in

1890 5629 2201 5685 vertendum
2243 5636 2614 5695 existimarim.

1958 5698 1982 5735 ί)
2025 5699 2141 5792 ἓν..
2184 5701 2419 5792 agatur.”
2438 5708 2617 5781 Vulg.,

2661 5720 2903 5776 cucurrit.
2949 5722 3011 5779 Et
3056 5741 3229 5785 mox:
3272 5729 3487 5794 Venisti.

1885 5767 2005 5823 huc.
2039 5771 2157 5839 Cia,
2185 5767 2325 5837 ἧλῦεέ
2352 5775 2466 5835 ὦδε.
