4038 6356
517 369 623 427 279

1674 355 1979 413 VICTORIS
2017 348 2322 409 EPISCOPI
2361 334 2661 402 CAPUANI

3692 334 3804 390 280

522 482 826 552 Decapolim
857 492 1056 550 quanta
1084 483 1188 537 sibi
1216 480 1431 536 fecisset
1464 476 1618 530 .Iesus
1651 492 1663 527 :
1697 485 1751 528 et
1776 486 1965 526 omnes
1997 470 2098 523 mi-

2221 455 2483 525 liscipulis
2503 455 2621 524 ejus
2646 470 2661 509 :
2684 454 2862 520 Quare
2886 465 3006 505 cum
3032 446 3331 518 pubiicanis
3348 454 3405 501 et
3425 446 3803 515 peccatoribus

521 574 799 629 rabantur.
828 574 896 628 Et
921 574 1221 629 ascendens
1240 571 1293 625 in
1322 568 1619 626 naviculam
1645 567 2026 630 translretavit,
2052 574 2106 619 et

521 669 668 725 venit
696 669 747 723 in
778 667 1050 724 civitatem
1078 682 1249 722 suam.

1114 776 1342 832 CAPUT
1380 774 1514 831 LIV.

515 941 533 948 -
583 894 793 948 Curavi!
813 890 1160 961 paralyticum
1180 903 1331 957 quem
1361 888 1708 958 deposuerunt
1723 905 1815 960 per
1834 898 2044 943 tectum.

600 985 817 1039 Murri.
846 998 920 1046 ix,
941 981 1072 1045 2-8;
1100 979 1272 1035 Mane.
1297 995 1359 1045 Il,
1387 979 1543 1045 3-12;
1573 980 1702 1035 LUC.
1730 995 1785 1046 v,
1827 979 2008 1036 18-26.
2033 980 2099 1035 Et

525 1090 652 1132 ecce
682 1082 911 1144 quatuor
938 1071 1038 1125 viri
1072 1079 1351 1141 portantes
1402 1071 1454 1124 in
1500 1071 1642 1126 lecto
1690 1072 1960 1126 hominem
2009 1072 2100 1142 qui

528 1178 644 1225 erat
669 1165 1017 1235 paralyticus,
1042 1171 1097 1217 et
1120 1163 1434 1233 quaerebant
1456 1176 1578 1217 eum
1604 1161 1803 1216 inferre
1828 1170 1881 1215 et
1901 1176 2101 1232 ponere

530 1269 651 1313 ante
683 1257 886 1311 Iesum.
920 1257 985 1311 Et
1007 1272 1115 1311 non
1165 1255 1499 1309 invenientes
1528 1270 1631 1324 qua
1655 1265 1807 1324 parte
1854 1269 1976 1308 eum
2024 1255 2105 1309 in-

528 1349 732 1401 ferrent
756 1361 867 1416 pm
902 1346 1081 1411 turba,
1105 1344 1461 1399 ascenderunt
1488 1358 1651 1413 supra
1678 1352 1897 1405 tectum,
1926 1350 1980 1397 et
2003 1357 2100 1411 per

532 1438 734 1509 tegulas
768 1437 1132 1491 submiseruut
1153 1436 1303 1489 illum
1332 1450 1453 1489 cum
1479 1434 1618 1487 lecto
1640 1433 1694 1487 in
1720 1433 1953 1487 medium
1976 1442 2101 1487 ante

526 1528 733 1583 Jesum.
767 1526 1004 1593 Quorum
1022 1526 1253 1580 Iidemut
1272 1525 1424 1590 vidit,
1454 1525 1589 1579 dixit
1609 1524 1901 1593 paralytico
1928 1539 1941 1576 :
1967 1522 2103 1579 Con-

529 1619 656 1683 ﬁde,
686 1618 782 1683 ﬁli,
813 1617 1161 1673 remittuntur
1196 1616 1290 1670 tibi
1320 1622 1542 1685 peccata
1573 1623 1683 1669 tua.
1723 1615 1790 1668 Et
1819 1622 2103 1683 cmperunt

532 1716 772 1785 cogitare
803 1713 1006 1769 Scriba:
1036 1722 1089 1769 et
1117 1712 1395 1776 Pharismi,
1430 1712 1668 1766 dicentes
1706 1729 1717 1765 :
1753 1711 1883 1777 Quis
1907 1719 1990 1764 est
2014 1709 2103 1765 hic

535 1807 630 1876 qui
654 1805 891 1875 loquitur
917 1804 1309 1874 blasphemias?
1340 1804 1461 1873 quis
1487 1812 1664 1874 potest
1688 1805 1957 1859 dimittere
1980 1819 2105 1873 pec—

537 1912 656 1959 cata
685 1904 788 1959 nisi
819 1903 962 1958 solus
985 1902 1155 1957 Deus?
1190 1901 1398 1955 Etcum
1424 1900 1761 1969 cognovisset
1781 1899 1937 1954 Jesus
1958 1900 2107 1970 cogi-

540 1997 767 2050 tationes
809 2010 1027 2058 eorum,
1078 1992 1425 2060 respondens,
1471 1992 1605 2045 dixit
1643 1990 1709 2044 ad
1752 1990 1869 2045 illos
1907 2008 1918 2043 :
1968 1989 2107 2056 Quid

526 2084 772 2152 cogitatis
811 2084 948 2137 mala
995 2085 1048 2138 in
1087 2085 1338 2140 cordibus
1375 2087 1605 2142 vestris?
1630 2088 1757 2158 quid
1796 2098 1879 2145 est
1907 2089 2113 2143 facilius

526 2175 705 2229 dicere
735 2192 747 2226 :
779 2173 1128 2230 Dimittuntur
1156 2177 1250 2232 tibi
1290 2188 1529 2248 peccata,
1573 2197 1639 2235 an
1685 2180 1866 2237 dicere
1899 2200 1911 2233 :
1942 2180 2113 2250 Surge

526 2275 577 2320 et
604 2264 857 2319 ambula?
886 2265 953 2323 Ut
983 2278 1160 2324 autem
1188 2270 1369 2326 sciatis
1396 2272 1517 2341 quia
1562 2271 1731 2326 Filius
1761 2271 1993 2328 hominis
2021 2287 2115 2343 po-

526 2370 777 2414 tesmtcm
809 2361 969 2417 habet
998 2364 1050 2417 in
1083 2373 1222 2418 terra
1253 2364 1528 2421 dimittere
1570 2378 1809 2434 peccata,
1836 2368 1911 2422 ait
1955 2383 2110 2435 para-

529 2452 694 2522 lytico
747 2468 762 2505 :
810 2452 931 2509 Tibi
956 2454 1099 2524 dico,
1130 2470 1312 2528 surge,
1344 2458 1471 2514 tolle
1500 2459 1694 2513 lectum
1727 2469 1875 2515 tuum
1907 2470 1961 2515 et
1982 2461 2115 2515 vade

434 2570 437 2573 ι
525 2545 581 2599 in
615 2546 829 2599 domum
864 2556 1027 2603 tuam.
1066 2549 1133 2605 Et
1160 2551 1440 2609 confestim
1491 2568 1715 2623 surgens
1764 2569 1945 2609 coram
1984 2556 2109 2625 illis,

529 2637 648 2689 tulit
680 2637 872 2692 lectum
903 2638 956 2693 in
982 2655 1089 2711 quo
1125 2640 1362 2711 jacebat,
1390 2653 1446 2699 et
1470 2643 1601 2699 abiit
1629 2645 1683 2699 in
1710 2647 1927 2701 domum
1960 2660 2112 2701 suam

525 2730 879 2802 magniﬁcans
911 2735 1100 2789 Deum.
1135 2735 1201 2790 Et
1227 2747 1415 2806 stupor
1442 2720 1799 2808 apprehendit
1825 2754 2034 2806 omnes,
2063 2750 2116 2795 et

527 2826 941 2897 magniﬁcabant
978 2828 1165 2895 Deum,
1196 2838 1249 2884 et
1276 2829 1471 2898 repleti
1509 2839 1634 2885 sunt
1678 2832 1890 2897 timore,
1932 2832 2114 2887 dicen-

529 2930 608 2971 tes
640 2936 653 2972 :
678 2918 811 2986 Quia
844 2918 1073 2974 vidimus
1101 2920 1363 2975 mirabilia
1384 2920 1562 2977 hodie.
1589 2922 1655 2976 Et
1683 2922 2115 2991 glorificaverunt

528 3012 717 3080 Deum,
749 3015 839 3085 qui
870 3013 1019 3070 dedit
1047 3023 1366 3085 potestatem
1397 3014 1556 3073 talem
1585 3015 1911 3072 hominibus.

1128 3132 1355 3189 CAPUT
1393 3133 1501 3189 LV.

860 3221 1058 3278 Filium
1087 3227 1248 3297 reguli
1279 3226 1535 3281 absentem
1563 3230 1776 3282 curavit.

598 3340 753 3396 .lom.
786 3358 857 3406 iv,
886 3341 1074 3398 46-53.
1108 3342 1266 3398 Venit
1303 3358 1433 3415 ergo
1483 3344 1674 3400 iterum
1718 3345 1771 3399 in
1798 3322 1943 3399 Cana
1976 3344 2115 3399 Gali-

528 3433 663 3501 lzeaz,
693 3432 780 3488 ubi
812 3434 936 3488 fecit
962 3448 1154 3505 aquam
1187 3435 1387 3490 tinum.
1418 3437 1484 3490 Et
1513 3446 1630 3492 erat
1653 3437 1869 3506 quidam
1899 3438 2116 3505 regulus

526 3525 679 3594 cujus
723 3526 863 3580 filius
897 3523 1705 3596 inlirmabatur‘Capliarnaum.
1742 3529 1837 3583 llic
1862 3543 1984 3583 cum
2018 3544 2117 3582 au-

528 3618 699 3671 disset
742 3616 865 3684 quia
904 3615 1062 3671 Jesus
1101 3616 1381 3671 adveniret
1422 3632 1451 3670 a
1496 3616 1679 3671 Judzea
1722 3618 1777 3672 in
1816 3616 2116 3686 Galilzeam,

530 3709 656 3763 abiit
689 3709 754 3759 ad
794 3723 935 3773 eum,
969 3716 1023 3761 et
1053 3706 1276 3775 rogabat
1308 3722 1431 3760 eum
1474 3717 1531 3761 ut
1567 3707 1918 3764 descenderet
1946 3717 1997 3762 et
2027 3721 2115 3762 sa-

531 3808 687 3853 naret
716 3798 880 3853 filium
907 3798 1025 3868 ejus
1054 3815 1068 3851 :
1099 3799 1385 3869 incipiebat
1428 3799 1571 3854 enim
1615 3800 1773 3855 mori.
1817 3799 1964 3854 Dixit
1991 3816 2119 3871 ergo

533 3890 686 3945 Iesus
724 3891 791 3943 ad
834 3906 955 3944 eum
990 3908 1003 3944 :
1035 3889 1146 3945 Nisi
1178 3892 1332 3961 signa
1362 3899 1417 3946 et
1455 3892 1691 3963 prodigia
1721 3892 1983 3959 videritis,
2012 3910 2117 3950 nnn

531 3980 770 4034 creditis.
810 3980 946 4035 Dicit
987 3980 1053 4035 ad
1104 3998 1225 4036 cum
1276 3984 1490 4052 regulus
1524 4002 1535 4037 :
1570 3985 1819 4049 Domine,
1854 3985 2121 4042 descende

536 4072 841 4140 priusquam
874 4074 1133 4127 moriatur
1162 4073 1301 4127 filius
1330 4090 1505 4129 meus.
1536 4075 1675 4130 Dicit
1704 4076 1754 4131 ei
1783 4075 1939 4131 Jesus
1969 4095 1981 4131 :
2012 4077 2120 4133 Va-

531 4162 793 4228 de,'ﬁlius
840 4174 959 4217 tuus
1007 4165 1150 4218 vivit.
1196 4164 1433 4220 Credidit
1475 4166 1638 4222 homo
1681 4167 1919 4222 sermoni
1962 4182 2120 4236 quem

533 4252 667 4307 dixit
702 4254 749 4307 ei
796 4253 973 4319 Jesus,
1002 4262 1057 4308 et
1099 4254 1227 4310 ibat.
1275 4254 1391 4309 .lam
1427 4266 1605 4313 autem
1643 4255 2003 4312 descendente
2032 4273 2119 4322 eo,

532 4346 673 4400 servi
704 4358 1055 4403 occurrerunt
1080 4348 1133 4403 ei
1172 4356 1227 4403 et
1263 4351 1644 4406 nuntiaverunt
1672 4350 1953 4405 dicentes:
1986 4349 2119 4417 Quia

534 4437 677 4493 filius
710 4437 827 4507 ejus
857 4440 1080 4495 viveret.
1130 4440 1493 4512 Interrogabat
1521 4454 1699 4498 autem
1733 4442 1920 4499 horam
1946 4443 2014 4499 ab
2039 4446 2120 4499 eis

534 4535 590 4587 in
620 4551 721 4603 qua
755 4536 945 4589 melius
997 4535 1261 4602 habuerit,
1304 4547 1358 4593 et
1392 4539 1645 4594 dixerunt
1681 4540 1729 4595 ei
1768 4556 1783 4596 :
1824 4538 1958 4607 Quia
2004 4538 2120 4595 heri

2212 547 2499 604 manducat
2525 556 2581 600 et
2608 544 2744 599 bibit
2773 541 3026 611 magister
3054 539 3274 595 vester?
3320 538 3432 592 Iloc
3468 536 3676 601 audito,
3706 537 3803 591 Ie-

2208 644 2302 693 sus
2329 635 2404 690 ait
2432 635 2539 690 illis
2571 652 2584 686 :
2613 632 2729 688 Non
2756 646 2980 687 necesse
3011 628 3208 684 habent
3235 627 3350 681 sani
3377 626 3672 690 medicum,
3700 627 3802 680 sed

2209 730 2300 797 qui
2325 727 2466 783 male
2493 726 2712 781 habent.
2743 722 2946 778 Euntes
2970 730 3148 776 autem
3169 720 3362 775 discite
3387 718 3515 789 quid
3539 727 3625 773 est
3651 734 3669 772 :
3697 718 3800 771 Mi-

2210 818 2561 877 sericordiam
2580 817 2723 884 volo,
2748 826 2803 870 et
2825 831 2932 870 non
2960 812 3279 870 sacrificium
3304 811 3452 880 (Ore.
3476 825 3548 877 vi,
3574 810 3654 880 6).
3680 808 3801 864 Non

2210 914 2355 971 enim
2383 928 2574 970 vocare
2602 911 2723 968 veni
2747 910 2946 980 justos,
2976 909 3072 965 sed
3106 917 3415 978 peccatores
3442 907 3494 960 in
3527 906 3802 975 peniten-

2214 1008 2364 1062 tiam.
2392 1010 2463 1061 At
2493 1005 2571 1060 illi
2598 1004 2851 1061 dixerunt
2878 1003 2946 1057 ad
2974 1017 3095 1057 eum
3119 1018 3134 1055 :
3157 1000 3334 1068 Quare
3360 998 3606 1067 discipuli
3632 999 3803 1054 Joan-

2214 1102 2301 1157 nis
2324 1100 2571 1171 jejunant
2597 1097 2928 1166 frequenter,
2957 1103 3013 1150 et
3037 1090 3435 1149 obsecrationes
3465 1089 3693 1155 faciunt,
3724 1091 3802 1144 si-

2217 1195 2417 1250 militer
2447 1202 2504 1249 et
2526 1192 2955 1253 Pharisaeorum;
2986 1186 3063 1241 tui
3088 1194 3267 1241 autem
3297 1182 3459 1238 edunt
3494 1192 3550 1238 et
3588 1181 3802 1247 bibunt,

2213 1296 2269 1341 et
2296 1301 2399 1341 non
2426 1284 2709 1354 jejunant?
2740 1281 2945 1349 Quibus
2985 1279 3101 1349 ipse
3138 1278 3213 1331 ait
3243 1273 3531 1345 :Nunquid
3578 1286 3808 1341 possunt

2214 1377 2308 1432 lilii
2353 1377 2681 1445 nuptiarum,
2708 1372 2940 1443 quandiu
2980 1380 3211 1439 sponsus
3239 1375 3323 1422 est
3349 1381 3471 1422 cum
3505 1366 3635 1431 illis,
3662 1365 3809 1434 jeju-

2214 1467 2385 1521 nare?
2421 1466 2632 1532 Quanto
2663 1472 2905 1531 tempore
2941 1459 3142 1516 habent
3170 1471 3356 1513 secum
3386 1470 3668 1526 sponsum,
3701 1472 3805 1510 non

2216 1566 2439 1628 possunt
2461 1555 2730 1626 jejunare.
2764 1551 2997 1609 Venient
3022 1559 3199 1605 autem
3233 1548 3347 1603 dies
3383 1562 3504 1601 cum
3533 1546 3812 1602 auferetur

2214 1651 2284 1704 ab
2328 1650 2409 1706 eis
2456 1662 2709 1717 sponsus,
2738 1654 2793 1701 et
2838 1654 2966 1699 tunc
3006 1642 3327 1712 jejunabunt
3367 1639 3419 1693 in
3456 1638 3563 1693 illis
3592 1639 3805 1693 diebus.

2219 1742 2441 1797 Dicebat
2488 1750 2668 1795 autem
2712 1736 3120 1793 similitudinem
3170 1733 3237 1787 ad
3280 1731 3402 1787 illos
3434 1747 3449 1784 :
3477 1730 3613 1796 Quia
3653 1746 3813 1784 nemo

2143 1856 2189 1917 Β
2222 1841 2591 1888 assumentum
2633 1829 2795 1900 panni
2840 1827 2993 1883 rudis
3031 1824 3202 1879 assuit
3240 1823 3560 1878 vestimento
3594 1824 3805 1876 veteri:

2219 1927 2459 1997 alioquin
2502 1924 2681 1980 aufert
2724 1922 3155 1993 supplementum
3208 1932 3405 1973 novum
3444 1930 3473 1971 a
3521 1918 3718 1978 veteri,
3759 1928 3813 1969 cl

2218 2020 2391 2087 major
2421 2018 2655 2074 scissura
2688 2016 2763 2070 Iit.
2809 2015 2874 2069 Et
2916 2027 3073 2068 nemo
3104 2012 3269 2066 mittit
3296 2010 3478 2066 vinum
3509 2027 3709 2066 novum
3753 2013 3808 2066 in

2218 2125 2365 2170 utres
2392 2125 2635 2178 veteres;
2663 2111 2900 2181 alioquin
2946 2116 3157 2177 rumpet
3192 2107 3371 2161 vinum
3404 2122 3602 2162 novum
3636 2117 3807 2168 utres.

2218 2214 2274 2262 et
2315 2206 2491 2276 ipsum
2531 2201 2858 2267 eﬂ'undetur,
2886 2209 2943 2256 et
2980 2210 3128 2254 utres
3160 2197 3427 2267 peribunt.
3474 2196 3582 2251 Sed
3625 2197 3808 2250 vinum

2219 2312 2417 2351 novum
2465 2295 2519 2349 in
2574 2304 2721 2348 utres
2767 2306 2935 2346 novos
2981 2289 3299 2344 mittendum
3344 2296 3447 2349 est,
3492 2298 3548 2341 et
3588 2298 3816 2355 utraque

2223 2396 2633 2446 ctrnservantur.
2667 2387 2734 2440 Et
2763 2400 2921 2440 nemo
2952 2383 3143 2437 bibens
3174 2392 3348 2447 vetus,
3376 2380 3555 2436 Staim
3582 2380 3693 2435 vult
3718 2395 3818 2435 no-

2222 2496 2379 2546 vum;
2411 2480 2541 2535 dicit
2565 2478 2707 2532 enim
2741 2495 2755 2536 :
2785 2477 2953 2532 Vetus
2983 2475 3172 2529 melius
3200 2486 3302 2530 est.

2804 2596 3030 2652 CAPUT
3072 2596 3226 2650 LVII.

2277 2690 2478 2747 Scriba:
2514 2693 2718 2761 signum
2758 2699 2934 2758 petunt
2972 2688 3034 2741 ab
3076 2704 3153 2755 eo,
3194 2698 3245 2742 et
3282 2687 3353 2742 eis
3392 2689 3553 2743 multa
3592 2690 3736 2743 dicit.

2296 2804 2514 2859 Mum.
2548 2818 2639 2870 xn,
2668 2801 2884 2856 58-Δὸ.
2926 2801 3077 2855 Tunc
3097 2799 3490 2869 responderunt
3510 2801 3558 2855 ei
3585 2800 3806 2871 quidam

2222 2900 2290 2955 de
2318 2898 2523 2954 Scribis
2548 2906 2603 2952 et
2622 2895 2904 2950 Pharisaais
2923 2894 3165 2949 dicentes
3187 2912 3199 2946 :
3223 2894 3496 2964 Magister,
3518 2893 3761 2947 volumus
3778 2910 3811 2946 ε

2220 2991 2499 3060 tesignum
2524 2987 2725 3043 videre.
2745 2986 2849 3054 Qui
2871 2985 3222 3055 respondens,
3248 2986 3321 3039 ait
3342 2984 3477 3040 illis:
3500 3015 3562 3024 ——
3578 2984 3706 3039 Luc.
3732 3001 3812 3047 xi,

2224 3082 2295 3139 9.9
2317 3113 2344 3125 —
2363 3082 2454 3138 '52.
2495 3080 2783 3136 Ceneratio
2827 3077 2968 3133 mala
3000 3087 3055 3133 et
3080 3076 3328 3132 adultera
3355 3077 3565 3146 signum
3595 3078 3812 3146 quaerit,

2222 3182 2277 3229 et
2296 3174 2506 3244 signum
2524 3188 2630 3228 non
2652 3170 2864 3227 dabitur
2886 3171 2958 3235 ei,
2979 3169 3081 3224 nisi
3099 3169 3309 3240 signum
3328 3170 3481 3226 Iona:
3506 3170 3810 3239 propheta.

2142 3242 2187 3303 (ἶ
2220 3242 2373 3321 Sicut
2400 3266 2544 3322 enim
2578 3264 2675 3318 fuit
2701 3263 2867 3319 Jonas
2900 3263 2954 3316 in
2996 3270 3185 3316 ventre
3207 3262 3311 3317 ceti
3341 3260 3511 3316 tribus
3537 3261 3733 3316 diebus
3756 3273 3812 3316 et

2222 3360 2392 3414 tribus
2412 3357 2660 3414 noctibus
2685 3372 2700 3405 :
2722 3354 2800 3409 sic
2820 3353 2924 3410 erit
2944 3353 3115 3408 Filius
3137 3352 3370 3407 hominis
3392 3352 3443 3406 in
3466 3351 3633 3407 corde
3653 3363 3815 3407 terra:

2224 3453 2392 3507 tribus
2421 3452 2616 3507 diebus
2643 3458 2697 3504 et
2727 3447 2898 3504 tribus
2930 3446 3197 3502 noctibus.
3250 3444 3365 3500 Viri
3409 3444 3663 3499 Ninivita:
3691 3460 3811 3499 sur-

2220 3545 2428 3614 gentjn
2456 3542 2660 3613 judicio
2686 3555 2808 3595 cum
2838 3538 3186 3609 generatione
3223 3538 3361 3605 ista,
3395 3547 3449 3594 et
3474 3538 3810 3593 condemna-

2221 3637 2353 3691 bunt
2377 3650 2521 3698 eam,
2547 3633 2671 3702 quia
2695 3631 3067 3701 paenitentiam
3092 3638 3318 3701 egerunt
3346 3630 3396 3684 in
3426 3629 3814 3699 prazdicatione

2220 3728 2391 3784 lenm.
2425 3726 2491 3782 Et
2536 3739 2665 3781 ecce
2693 3724 2814 3795 plus
2854 3740 3017 3794 quam
3046 3722 3213 3778 Jonas
3242 3722 3348 3777 hic.
3392 3722 3598 3792 Regina
3630 3723 3816 3777 Austri

2222 3829 2405 3892 surget
2426 3820 2478 3874 in
2500 3818 2705 3889 judicio
2725 3831 2849 3873 cum
2874 3814 3224 3886 generatione
3255 3814 3376 3877 ista,
3408 3821 3463 3868 et
3485 3813 3817 3867 condemna—

2222 3914 2304 3969 bit
2331 3928 2448 3968 eam
2474 3954 2490 3978 ,
2521 3911 2643 3982 quia
2675 3909 2822 3966 venit
2849 3924 2880 3963 a
2911 3906 3112 3962 finibus
3143 3917 3302 3962 terra:
3362 3904 3553 3961 audire
3597 3904 3819 3974 sapien-

2225 4007 2349 4060 tiam
2379 4003 2706 4062 Salomnnis.
2741 4002 2810 4056 Et
2851 4014 2978 4056 ecce
3025 3999 3144 4069 plus
3192 4013 3351 4068 quam
3398 3996 3654 4053 Salomon
3704 3996 3814 4050 hic.

2222 4125 2292 4137 —
2325 4095 2569 4162 Luc.'xi,
2597 4092 2803 4147 24-26.
2844 4089 2979 4147 Cum
3004 4087 3316 4144 immundus
3358 4086 3580 4157 spiritus
3619 4086 3819 4142 exierit

2225 4188 2293 4242 ab
2313 4186 2553 4253 homine,
2572 4184 2812 4240 ambulat
2832 4198 2929 4254 per
2945 4183 3061 4238 loca
3079 4181 3255 4249 arida,
3277 4194 3524 4251 quaerens
3544 4179 3817 4248 requiem,

2226 4289 2280 4334 et
2301 4294 2407 4333 non
2430 4277 2660 4332 invenit.
2679 4276 2831 4331 Tunc
2846 4276 2973 4334 dicit
2994 4291 3008 4330 :
3034 4275 3297 4331 Revertar
3317 4273 3370 4328 in
3390 4271 3610 4328 domum
3636 4287 3816 4327 meam

2228 4372 2370 4427 unde
2422 4370 2612 4427 exivi:
2641 4378 2697 4425 et
2739 4369 2966 4425 veniens
3020 4367 3229 4425 invenit
3259 4374 3576 4433 vacantem,
3633 4367 3820 4434 scapis

2229 4462 2536 4519 mundatam
2560 4469 2616 4517 et
2647 4469 2915 4516 ornatam.
2938 4459 3091 4514 Tunc
3111 4458 3257 4514 vadit
3279 4466 3334 4513 et
3357 4456 3584 4511 assumit
3605 4467 3817 4524 septem

2231 4557 2366 4611 alios
2393 4555 2616 4625 spiritus
2647 4567 2831 4607 secum
2861 4551 3150 4621 nequiores
3180 4565 3263 4618 se,
3293 4557 3349 4604 et
3377 4548 3641 4603 intrantes
3662 4546 3823 4601 habi-

540 4626 670 4678 hora
700 4626 926 4693 septima
959 4626 1172 4695 reliquit
1201 4644 1320 4682 eum
1352 4628 1536 4685 febris.
1578 4630 1842 4699 Cognovit
1870 4645 1999 4701 ergo
2026 4644 2124 4699 pa-
2153 4619 2209 4680 D
2234 4656 2351 4703 mm
2394 4619 2463 4701 ειςε
2496 4663 2508 4697 ε
2542 4655 2596 4697 ει
2646 4644 2780 4698 θυηι
2827 4619 3119 4698 ηονίέείηιε
3170 4640 3404 4696 hominis
3454 4639 3598 4693 imus
3639 4640 3827 4708 pel-0m

537 4726 620 4770 ter
648 4732 750 4786 qua
804 4718 892 4771 illa
937 4720 1066 4774 liora
1116 4732 1232 4776 erat
1273 4722 1324 4775 in
1355 4733 1457 4793 qua
1487 4722 1620 4778 dixit
1648 4722 1697 4778 ei
1728 4723 1885 4779 Iesus
1913 4743 1924 4777 :
1957 4722 2123 4779 Filius

542 4817 664 4862 tuus
696 4808 823 4864 vivit
849 4828 861 4863 :
895 4820 946 4864 et
974 4811 1200 4867 credidit
1221 4814 1338 4883 ipse
1362 4823 1417 4869 et
1442 4814 1635 4873 domus
1662 4816 1778 4886 ejus
1810 4824 1941 4871 tota.

1132 4925 1360 4983 CAPUT
1396 4927 1532 4984 LVI.

538 5012 661 5067 Levi
697 5016 994 5091 publicanus
1026 5020 1309 5091 convivium
1341 5022 1384 5074 ei
1411 5022 1548 5091 fecit.
1588 5021 1650 5075 Et
1673 5021 1902 5075 dicebant
1933 5020 2127 5075 Scriba:

613 5096 660 5137 et
711 5086 960 5141 [ηιατωωί
1002 5089 1267 5159 discipulis
1300 5086 1522 5158 :Quare
1568 5106 1689 5146 cum
1736 5092 2034 5159 publicanis
2073 5103 2127 5146 et

615 5160 984 5225 peccatoribus
1013 5164 1302 5215 manducet
1330 5163 1584 5233 magister
1610 5163 1821 5216 vester?

612 5274 826 5330 MATTII.
855 5291 931 5342 ix,
961 5275 1122 5341 9-17;
1153 5278 1283 5331 Luc.
1313 5292 1365 5340 v,
1394 5276 1591 5341 29-59;
1625 5275 1797 5329 Mane.
1837 5291 1896 5340 Il,
1940 5276 2125 5332 16-22.

541 5364 609 5419 Ει
644 5365 769 5421 fecit
792 5367 840 5423 ei
872 5368 1177 5422 convivium
1207 5382 1456 5437 magnum
1489 5366 1616 5420 Levi
1646 5365 1698 5419 in
1725 5365 1887 5420 dumo
1915 5382 2031 5422 sua.
2065 5370 2131 5424 Et

541 5464 740 5516 factum
775 5474 879 5529 est,
906 5461 1278 5516 discuinbente
1308 5475 1373 5514 eo
1402 5461 1454 5513 in
1485 5461 1667 5526 domo,
1698 5476 1823 5516 ecce
1854 5465 2004 5517 inulti
2036 5480 2130 5533 pu-

541 5556 737 5611 blicani
783 5564 837 5609 et
881 5561 1191 5623 peccatores
1232 5551 1531 5619 venientes,
1566 5551 1972 5609 discumbebant
2008 5569 2128 5611 eum

539 5647 668 5702 Jesu
696 5655 749 5700 et
777 5642 1054 5711 discipulis
1080 5640 1218 5713 ejus.
1261 5641 1431 5697 Erant
1469 5643 1611 5697 enim
1650 5643 1803 5699 multi
1832 5644 1921 5716 qui
1961 5656 2015 5701 et
2047 5661 2132 5702 se-

542 5742 843 5811 quebantur
868 5755 1012 5794 eum.
1050 5738 1117 5793 Et
1146 5737 1383 5794 videntes
1408 5737 1611 5793 Scriba:
1641 5748 1694 5794 et
1723 5737 1977 5803 Pharisaei
2008 5741 2130 5810 quia

544 5834 894 5893 manducarct
914 5849 1034 5893 cum
1062 5833 1430 5906 peccatoribus
1452 5842 1505 5893 et
1534 5835 1852 5908 publicanis,
1880 5835 2127 5895 dicebant

2233 4737 2519 4809 prioribus.
2546 4734 2636 4789 Sic
2662 4735 2766 4789 erit
2790 4744 2846 4789 et
2874 4733 3208 4803 generationi
3242 4730 3363 4784 huic
3392 4729 3667 4799 pessimaz.

2802 4831 3027 4887 CAPUT
3066 4829 3246 4885 LVIII.

2237 4926 2489 4994 Quredam
2532 4923 2714 4978 mulier
2748 4924 2807 4977 de
2838 4923 2984 5004 turba
3013 4921 3254 4976 clamavit
3375 4919 3556 4975 Iesum
3582 4940 3601 4975 :
3634 4921 3827 4975 Beatus

2698 5004 2866 5049 venter
2901 4995 2985 5063 qui
3021 5004 3068 5046 te
3114 4994 3352 5062 portavit.

2309 5101 2440 5155 Luc.
2471 5114 2553 5162 xi,
2577 5096 2774 5165 27,28.
2817 5094 3035 5149 Factum
3063 5102 3146 5148 est
3172 5102 3349 5148 autem
3373 5108 3494 5148 cum
3527 5091 3645 5146 lucc
3671 5091 3826 5147 dice-

2234 5203 2337 5258 ret,
2369 5190 2632 5247 extollens
2661 5186 2903 5257 quzedam
2948 5184 3145 5241 mulier
3174 5199 3362 5240 vocem
3402 5183 3470 5239 de
3499 5184 3655 5238 turba
3686 5182 3831 5237 dixit

2237 5286 2312 5339 illi
2346 5302 2359 5337 :
2394 5285 2586 5338 Beatus
2633 5286 2821 5335 venter
2861 5277 2954 5349 qui
3000 5286 3069 5333 te
3096 5279 3367 5347 portavit,
3413 5284 3468 5332 et
3508 5276 3671 5331 ubera
3706 5290 3831 5344 qua:

2235 5377 2445 5433 suxisti.
2479 5377 2548 5431 At
2590 5374 2683 5429 ille
2728 5372 2909 5426 dixit:
2942 5371 3219 5438 Quinimo,
3274 5370 3412 5426 beati
3460 5370 3551 5441 qui
3603 5367 3833 5423 audiunt

2238 5471 2460 5526 verbum
2492 5465 2606 5532 Dei,
2639 5473 2696 5520 et
2721 5464 3033 5520 custodiunt
3058 5464 3212 5521 illud.

2816 5562 3043 5621 CAPUT
3082 5564 3221 5619 LIX.

2241 5660 2529 5715 Nuntiatur
2553 5656 2679 5711 Iesu
2714 5672 2733 5711 :
2765 5656 2899 5724 Quia
2926 5667 3083 5781 ηιαςῖ
3110 5665 3199 5709 tua
3228 5667 3277 5710 et
3303 5660 3489 5726 fratres
3530 5655 3607 5707 tui
3654 5654 3831 5708 volunt

2885 5738 2933 5781 te
2980 5745 3024 5780 vi
3066 5743 3167 5781 ere.

2885 5738 2933 5781 te
2980 5738 3167 5782 videre.

2310 5834 2520 5892 Illum.
2556 5845 2649 5899 xu,
2682 5828 2897 5898 46-50;
2944 5830 3113 5887 illanc.
3152 5846 3239 5901 tu,
3272 5830 3335 5889 51
3358 5829 3485 5897 -35;
3532 5828 3664 5887 Luc.
3697 5843 3793 5884 vni
3817 5869 3832 5897 ,
