4026 6468
209 382 317 436 981

212 586 334 654 ejus
386 594 439 639 et
492 584 687 641 fratres
725 586 941 642 stabant
992 588 1154 655 foris,
1210 596 1517 658 quaerentes
1546 587 1688 655 loqui
1718 588 1793 642 ei.

214 678 363 732 Dixit
404 686 585 733 autem
614 678 664 734 ei
706 680 922 750 quidam
956 698 970 734 :
1005 681 1147 736 Ecce
1190 691 1363 737 mater
1393 694 1483 736 tua
1524 691 1575 736 et
1606 682 1800 737 fratres

210 757 295 824 tui
328 770 457 825 foris
487 779 663 841 stant,
714 780 1018 842 quaerentes
1060 782 1134 828 te.
1180 773 1253 829 At
1299 774 1415 841 ipse
1463 772 1798 843 respondens

211 861 418 916 dicenti
456 861 593 930 sibi,
623 863 701 917 ait
734 880 748 916 :
781 864 914 931 Qua:
945 871 1031 919 est
1070 874 1245 919 mater
1272 880 1423 932 mea,
1452 875 1505 921 et
1547 866 1637 934 qui
1675 875 1802 920 sunt

214 954 415 1009 fratres
442 954 587 1009 mei?
613 956 677 1010 Et
698 957 999 1012 extendens
1024 973 1240 1037 manum
1261 959 1313 1014 in
1338 959 1632 1029 discipulos
1649 975 1798 1027 suos,

212 1045 356 1100 dixit
388 1062 400 1097 ε
433 1046 571 1101 Ecce
618 1058 790 1102 mater
820 1064 960 1116 mea,
1009 1058 1064 1106 et
1104 1050 1297 1108 fratres
1326 1052 1453 1108 mei.
1485 1052 1801 1124 Quicunque

213 1137 362 1192 enim
392 1137 579 1193 fecerit
607 1139 934 1197 voluntatem
964 1143 1142 1209 Patris
1170 1145 1299 1209 mei,
1330 1145 1418 1214 qui
1448 1146 1500 1199 in
1520 1147 1671 1202 caelis
1692 1156 1797 1213 est,

215 1229 337 1299 ipse
362 1245 514 1287 meus
544 1233 729 1301 frater,
760 1249 915 1289 soror
943 1245 996 1290 et
1027 1246 1199 1289 mater
1230 1246 1334 1292 est.

821 1344 1050 1403 CAPUT
1084 1348 1200 1402 LX.

211 1431 372 1517 Iesus
395 1437 662 1517 mulierem
685 1453 800 1517 qui?
818 1441 1016 1517 [luxurii
1041 1443 1308 1517 sanguinis
1336 1445 1621 1508 patiebatur
1648 1463 1803 1499 cura-

288 1507 702 1628 uitttetﬁliam’
748 1507 885 1563 Jairi
923 1507 1169 1583 principis
1220 1507 1495 1586 synagoga:
1549 1527 1804 1571 mortuam

289 1593 421 1628 sum
447 1588 570 1628 am.

289 1588 570 1633 δυεειιαωι.

282 1691 511 1745 ΜΑττιι.
542 1707 628 1757 Ix,
660 1693 878 1761 18-26;
920 1697 1094 1752 Mane.
1129 1713 1162 1751 v
1184 1740 1199 1764 ,
1237 1698 1465 1766 22-43;
1505 1701 1639 1756 Luc.
1672 1718 1763 1757 vm
1786 1744 1801 1769 ,

207 1783 280 1838 M
302 1782 426 1837 -56.
470 1782 594 1837 Haec
623 1783 713 1838 illo
744 1785 995 1854 loquente
1022 1788 1091 1841 ad
1124 1803 1248 1855 eos,
1271 1806 1399 1845 ecce
1429 1793 1682 1862 princeps
1704 1809 1800 1864 sy-

961 379 1548 440 EVANGELICABUM
1587 374 2095 437 IIARMONIABUM
2132 377 2697 444 lNTERPIiETA’l‘lO.

211 492 431 549 19-21.
472 492 666 549 Adhuc
695 509 761 549 eo
786 494 1037 564 loquente
1080 497 1147 551 ad
1197 496 1413 562 turbas,
1442 495 1584 551 Ecce
1622 501 1794 548 mater
1821 491 1870 549 A

3379 386 3488 443 282

2491 495 2720 550 CAPUT
2760 495 2894 549 LXI.

1938 585 2080 639 Duos
2121 604 2280 643 cwcos
2322 588 2542 653 curavit,
2583 589 2976 669 daemonium
3011 588 3226 641 surdum
3257 597 3451 641 malum

2604 670 2774 728 θεων.

1974 773 2189 828 Merra.
2220 789 2293 839 ix,
2321 771 2531 829 (ΞΤ-53.
2575 772 2643 827 Et
2683 781 2994 828 transeunte
3022 772 3145 828 inde
3188 771 3352 835 Jesu,
3398 786 3487 825 se-

1901 867 2011 922 cuti
2039 882 2162 921 eum
2191 867 2299 921 duo
2326 866 2455 921 caeci
2494 866 2791 921 clamantes
2819 875 2874 921 et
2911 867 3154 921 dicentes
3183 882 3199 920 :
3232 865 3488 920 Miserere

1904 958 2095 1025 nostri,
2115 959 2214 1014 Fili
2239 958 2426 1013 David.
2455 958 2589 1014 Cum
2619 969 2798 1015 autem
2850 959 3087 1013 venisset
3125 957 3366 1021 domum,
3398 970 3486 1010 aco

1903 1056 2193 1104 cesserunt.
2217 1047 2284 1102 ad
2312 1062 2434 1103 eum
2474 1049 2624 1102 caeci.
2666 1048 2736 1104 Et
2763 1048 2894 1103 dicit
2916 1050 2994 1104 eis
3022 1048 3179 1104 Iesus
3212 1064 3226 1101 :
3256 1045 3487 1102 Creditis

1905 1143 2026 1212 quia
2066 1157 2283 1212 possum
2321 1141 2425 1196 hoc
2461 1141 2641 1197 facere
2668 1142 2853 1197 vobis?
2888 1141 3082 1196 Dicunt
3114 1141 3207 1198 ei:
3254 1139 3482 1210 Utique,

1906 1236 2154 1290 Domine.
2199 1234 2351 1289 Tunc
2390 1234 2566 1304 tetigit
2593 1232 2777 1289 oculos
2803 1247 3011 1299 eorum,
3036 1232 3257 1287 dicens:
3287 1230 3488 1285 SeCun-

1906 1328 2031 1383 dum
2060 1327 2219 1382 fidem
2246 1334 2481 1381 vestram
2527 1325 2622 1380 fiat
2649 1325 2822 1380 vobis.
2870 1325 2937 1379 Et
2977 1324 3147 1393 aperti
3192 1331 3318 1378 sunt
3346 1321 3485 1376 oculi

1905 1433 2112 1473 eorum.
2141 1417 2210 1473 Et
2247 1416 2605 1473 comminatus
2626 1424 2709 1473 est
2751 1414 2908 1471 Jesus
2936 1415 3017 1470 eis
3044 1414 3230 1470 dicens
3255 1431 3269 1467 :
3299 1411 3488 1469 Videte

1908 1527 1977 1568 ne
2002 1511 2122 1582 quis
2142 1510 2294 1567 sciat.
2318 1511 2398 1566 Illi
2421 1521 2602 1566 autem
2625 1520 2904 1577 exeuntes,
2934 1507 3341 1563 diffamaverunt
3360 1520 3486 1560 eum

1908 1605 1963 1659 in
1995 1604 2241 1659 universa
2275 1612 2415 1660 terra
2445 1604 2555 1658 illa.
2586 1603 2830 1673 Egressis
2859 1614 3037 1657 autem
3066 1600 3205 1666 illis,
3234 1612 3365 1654 ecce
3392 1599 3492 1652 ob-

1909 1698 2146 1752 tulerunt
2165 1696 2217 1751 ei
2247 1697 2517 1752 hominem
2547 1707 2773 1766 mutum,
2814 1693 3142 1751 dmmonium
3181 1691 3487 1745 habentem’.

1911 1788 2177 1859 Etejecto
2205 1788 2495 1855 daemonio,
2524 1788 2734 1844 locutus
2779 1797 2862 1843 est
2915 1794 3117 1840 mutus.
3171 1782 3239 1837 Et
3285 1780 3493 1836 mirata:

211 1886 444 1941 nagogae
471 1888 607 1927 unus
638 1874 722 1928 eui
756 1889 949 1931 nomen
978 1876 1187 1945 Jairus,
1221 1882 1448 1937 accessit
1471 1894 1525 1937 et
1553 1884 1804 1940 adoravit
1836 1872 1884 1932 B
1910 1891 2035 1935 sunt
2055 1881 2226 1935 turba:
2247 1881 2487 1936 dicentes
2516 1898 2530 1934 :
2560 1883 2839 1950 Nunquam
2862 1875 3206 1948 apparuitsic
3227 1874 3279 1929 in
3304 1871 3490 1930 Israel.

210 1980 364 2029 eum,
393 1964 613 2021 dicens:
636 1966 768 2021 Filia
793 1984 911 2024 mea
935 1971 1095 2026 modo
1122 1972 1370 2029 defuncta
1395 1986 1509 2037 est;
1539 1978 1633 2032 sed
1657 1978 1800 2047 veni,

212 2057 433 2124 impone
464 2073 680 2112 manum
709 2074 871 2128 super
901 2077 1042 2128 eam,
1074 2072 1130 2119 et
1156 2065 1323 2122 vivet.
1359 2066 1426 2121 Et
1464 2084 1691 2139 surgens
1713 2070 1805 2126 Je-

215 2162 332 2213 sus,
365 2148 693 2217 sequebatur
716 2166 864 2219 eum,
898 2161 954 2207 et
984 2154 1232 2225 discipuli
1268 2157 1404 2227 ejus.
1432 2158 1502 2215 Et
1530 2177 1658 2218 ecce
1688 2179 1804 2217 niu—

215 2238 319 2293 lier
338 2254 455 2308 qua:
478 2240 754 2311 sanguinis
772 2242 977 2298 ﬂuxum
1002 2248 1300 2315 patiebatur
1322 2250 1602 2307 duodecim
1624 2254 1801 2322 annis,

216 2340 275 2384 et
304 2330 477 2384 fuerat
507 2332 674 2386 multa
708 2348 963 2404 perpessa
1006 2353 1037 2392 a
1082 2341 1450 2411 compluribus
1478 2348 1720 2416 medicis,
1751 2357 1806 2404 et

216 2434 532 2494 erogaverat
579 2427 759 2482 omnia
798 2444 924 2493 sua,
974 2447 1074 2487 nec
1109 2435 1176 2488 ab
1228 2436 1339 2490 ullo
1376 2441 1549 2506 potuit
1591 2445 1803 2511 curari,

217 2517 316 2572 sed
346 2517 513 2584 magis
548 2517 785 2574 deterius
813 2520 1067 2589 habebat,
1097 2525 1244 2581 venit
1284 2527 1337 2582 in
1373 2531 1526 2585 turba
1551 2542 1718 2600 retro,
1751 2546 1807 2590 et

218 2614 400 2684 tetigit
430 2613 695 2669 fimbriam
726 2618 1031 2673 vestimenti
1058 2619 1197 2689 ejus.
1234 2623 1454 2679 Dicebat
1491 2628 1633 2681 enim
1668 2629 1804 2684 intra

217 2720 281 2761 se
312 2723 328 2761 :
359 2706 508 2773 Quod
549 2706 595 2761 si
646 2708 729 2762 vel
760 2711 1145 2781 vestimentum
1189 2714 1307 2785 ejus
1354 2719 1576 2788 tetigero
1601 2761 1615 2783 ,
1659 2723 1808 2776 salva

220 2810 321 2851 ero
353 2811 368 2848 :
401 2804 456 2851 et
476 2798 754 2853 confestim
777 2801 1108 2857 stetitfluxus
1123 2808 1399 2877 sanguinis
1415 2810 1622 2879 ejus,et
1638 2815 1809 2871 sensit

220 2902 456 2960 corpore
495 2891 633 2958 quod
664 2902 846 2948 sanata
884 2905 1028 2951 esset
1065 2912 1095 2951 a
1139 2898 1313 2969 plaga.
1346 2901 1414 2956 Et
1440 2904 1621 2959 statim
1651 2905 1809 2963 Iesus

222 2996 557 3053 cognoscens
579 2984 631 3039 in
655 2992 948 3057 semetipso
975 2989 1226 3046 virtutem
1248 3009 1367 3064 qua:
1397 2998 1601 3052 exierat
1627 2999 1695 3055 ab
1720 3014 1807 3067 eo,

219 3088 520 3130 conversus
548 3077 616 3130 ad
666 3079 852 3134 turbas
895 3080 1073 3137 aiebat
1106 3101 1118 3137 :
1151 3084 1283 3152 Quis
1330 3102 1419 3143 me
1470 3089 1677 3160 tetigit?
1708 3092 1811 3148 Ne-

228 3169 481 3237 gantihus
521 3181 700 3226 autem
734 3174 1004 3244 omnibus,
1050 3178 1193 3233 dixit
1221 3179 1414 3237 Petrus
1451 3193 1503 3238 et
1551 3184 1642 3254 qui
1685 3201 1807 3241 cum

342 3272 535 3317 erant:
572 3267 896 3336 Praeceptor,
928 3269 1099 3324 turbze
1130 3280 1181 3325 te
1210 3274 1647 3342 eomprimuntet
1672 3276 1810 3331 afﬂi-

218 3366 378 3425 gunt,
409 3367 464 3411 et
491 3355 628 3412 dicis
655 3375 669 3410 :
696 3358 826 3425 Quis
850 3375 936 3415 me
969 3361 1175 3432 tetigit?
1204 3365 1272 3418 Et
1301 3365 1437 3420 dixit
1461 3366 1620 3423 Jesus
1655 3387 1667 3423 :
1699 3370 1805 3425 Te-

220 3447 343 3515 tigit
376 3462 461 3503 me
501 3448 736 3518 aliquis:
772 3466 895 3505 nam
938 3463 988 3507 et
1034 3468 1137 3524 ego
1166 3454 1288 3509 novi
1332 3459 1584 3514 virtutem
1622 3462 1690 3518 de
1720 3478 1807 3518 me

231 3537 447 3594 exiisse.
479 3539 546 3594 Et
585 3540 1054 3611 circumspiciebat
1085 3546 1268 3603 videre
1296 3563 1413 3603 eam
1442 3566 1561 3620 quae
1593 3554 1693 3608 hoc
1729 3552 1807 3623 fe-

219 3638 394 3684 cerat.
430 3631 625 3689 Videns
651 3647 832 3690 autem
864 3636 1058 3693 mulier
1085 3640 1210 3710 quia
1236 3657 1340 3696 non
1368 3643 1540 3711 latuit,
1575 3652 1811 3701 tremens

220 3724 400 3791 venit,
437 3734 493 3780 et
522 3729 747 3796 procidit
770 3740 894 3786 ante
915 3732 1079 3800 pedes
1100 3733 1238 3803 ejus,
1268 3747 1317 3791 et
1332 3736 1571 3807 obquam
1594 3754 1809 3796 causam

221 3815 460 3885 tetigerit
480 3832 603 3872 eum
635 3819 894 3878 indicavit
919 3838 1100 3879 coram
1129 3830 1274 3881 omni
1300 3831 1516 3898 populo,
1547 3841 1603 3887 et
1623 3848 1814 3903 quem—

220 3909 514 3964 admodum
545 3911 829 3968 coiifestim
870 3926 1060 3971 sanata
1111 3920 1201 3973 sit.
1235 3920 1301 3974 Et
1348 3923 1463 3990 ipse
1504 3924 1640 3979 dixit
1685 3925 1762 3982 illi
1795 3945 1808 3980 :

222 3998 383 4065 Filia,
416 4001 548 4056 fides
577 4012 665 4058 tua
690 4017 740 4060 te
760 4006 964 4062 salvam
997 4010 1150 4077 fecit;
1184 4014 1319 4069 vade
1348 4015 1400 4069 in
1433 4031 1583 4085 pace,
1614 4028 1667 4074 et
1695 4031 1813 4076 esto

223 4106 357 4147 sana
387 4108 417 4146 a
466 4095 613 4166 plaga
659 4104 769 4153 tua.
803 4099 993 4154 Adhuc
1023 4117 1088 4156 eo
1119 4104 1389 4173 loquente,
1423 4111 1569 4163 venit
1597 4111 1813 4179 quidam

220 4185 291 4240 ab
318 4185 766 4259 archisynagogo,
815 4190 999 4247 dicens
1034 4194 1083 4249 ei
1115 4211 1131 4251 :
1160 4196 1291 4263 Quia
1325 4209 1535 4255 mortua
1582 4214 1663 4258 cst
1706 4204 1812 4261 filia

227 4287 344 4341 tua,
373 4279 496 4347 quid
523 4282 661 4335 ultra
685 4298 847 4338 vexas
872 4288 1220 4355 magistrum?
1245 4290 1402 4347 Jesus
1425 4293 1610 4350 audito
1641 4298 1812 4354 verbo

224 4372 352 4436 hoc,
384 4372 457 4424 ait
477 4373 903 4444 archisynagogo
929 4395 941 4430 :
972 4378 1090 4433 Noli
1122 4382 1313 4437 timere
1345 4401 1360 4438 :
1390 4387 1554 4441 crede
1585 4397 1811 4455 tantum,

220 4470 281 4517 et
320 4462 468 4517 salva
499 4464 621 4516 erit.
653 4465 720 4517 Et
758 4481 867 4518 non
906 4469 1152 4534 permisit
1195 4488 1518 4541 queinquam
1550 4478 1701 4545 sequi
1733 4492 1813 4545 se,

225 4554 333 4609 nisi
356 4555 597 4616 Petrum,
620 4562 675 4608 et
694 4555 972 4635 Jacohum,
1000 4559 1330 4615 etJoannem
1357 4562 1574 4618 fratrem
1600 4566 1807 4622 Jacobi.

227 4645 298 4697 Et
326 4657 449 4698 cum
464 4644 770 4701 venissetin
795 4645 1011 4702 domum
1029 4650 1457 4726 arehisynagogi,
1489 4656 1621 4713 vidit
1651 4659 1818 4716 tibici-

228 4751 328 4793 nes
355 4746 410 4792 et
435 4737 645 4793 turbam
680 4743 1088 4801 tumultuantem
1112 4786 1129 4814 ,
1162 4755 1217 4804 et
1256 4747 1446 4805 flentes
1475 4762 1528 4805 et
1556 4750 1823 4822 ejulantes

228 4829 483 4886 multum.
512 4829 577 4884 Et
606 4831 914 4900 ingressus,
958 4836 1172 4894 dicebat
1205 4856 1218 4893 :
1255 4839 1513 4899 Recedite
1541 4859 1557 4901 :
1585 4859 1691 4900 non
1735 4855 1820 4902 est

223 4920 374 4977 enim
395 4929 603 4976 mortua
626 4925 821 4994 puella,
854 4927 948 4982 sed
976 4929 1196 4987 dormit.
1228 4932 1297 4988 Et
1320 4933 1637 4993 deridehant
1665 4954 1813 5006 eum,

230 5013 467 5068 scientes
495 5015 638 5084 quod
680 5026 891 5072 mortua
921 5032 1084 5076 esset.
1117 5023 1236 5093 Ipse
1263 5040 1395 5082 vero
1424 5027 1609 5098 ejectis
1636 5033 1816 5087 omni-

232 5104 355 5170 bus,
384 5115 662 5176 assumpto
691 5119 840 5176 patre
879 5119 934 5165 et
960 5121 1131 5170 matre
1162 5116 1384 5184 puellae,
1430 5128 1485 5174 et
1512 5122 1603 5192 qui
1632 5138 1814 5179 secum

232 5204 408 5261 erant,
443 5198 740 5267 ingreditur
770 5200 860 5255 ubi
889 5212 1007 5257 erat
1052 5204 1226 5273 puella
1270 5207 1481 5277 jacens.
1534 5213 1597 5269 Et
1625 5224 1815 5274 tenens

235 5301 451 5342 manum
473 5290 611 5359 ejus,
640 5293 713 5347 ait
732 5292 814 5349 illi
844 5310 861 5350 :
894 5295 1126 5365 Talitha,
1157 5300 1300 5355 cumi
1323 5317 1338 5354 :
1365 5303 1507 5372 quod
1538 5315 1621 5362 est
1648 5309 1819 5366 inter-

236 5386 502 5445 pretatum
537 5397 552 5434 :
587 5382 765 5439 Puella
794 5384 913 5456 (tibi
941 5388 1107 5459 dico),
1140 5404 1321 5464 surge.
1362 5394 1431 5451 Et
1459 5411 1712 5455 reversus
1734 5412 1813 5458 est

235 5468 454 5535 spiritus
485 5471 624 5541 ejus.
658 5474 722 5529 Et
750 5480 986 5534 surrexit
1016 5484 1271 5540 continuo
1299 5488 1506 5556 puella,
1530 5498 1586 5545 et
1624 5493 1817 5549 ambu-

238 5560 400 5616 labat.
439 5565 572 5619 Erat
596 5577 773 5623 autem
800 5586 1067 5629 annorum
1098 5578 1403 5635 duodecim.
1430 5581 1498 5637 Et
1528 5584 1822 5655 obstupue-

240 5660 362 5705 runt
388 5669 577 5712 omnes
604 5667 821 5731 stupore
843 5668 1098 5723 maxime.
1133 5669 1199 5725 Et
1227 5676 1483 5747 praecepit
1509 5677 1615 5732 illis
1647 5681 1819 5736 vehe-

239 5756 447 5800 menter
482 5757 542 5802 ut
570 5765 727 5806 nemo
750 5752 803 5807 id
835 5757 1021 5813 sciret.
1051 5760 1115 5815 Et
1147 5761 1309 5832 jussit
1334 5766 1409 5820 illi
1437 5768 1551 5823 dari
1594 5773 1820 5827 mandu-

242 5848 385 5894 care.
418 5840 483 5897 Et
513 5843 677 5899 exivit
701 5845 840 5903 fama
864 5849 980 5907 haec
1010 5851 1063 5909 in
1093 5860 1396 5915 universam
1422 5869 1621 5919 terram
1651 5865 1817 5923 illam.

1907 2003 1978 2013 —
2006 1973 2226 2028 Mure.
2260 1989 2354 2037 xu,
2386 1973 2477 2030 25.
2508 1972 2754 2044 Nunquid
2786 1973 2888 2028 iste
2912 1982 2994 2027 est
3020 1970 3161 2025 ﬁlius
3190 1966 3359 2022 David
3384 1958 3408 2011 ?

2478 2111 2710 2167 CAPUT
2770 2110 2924 2165 LXII.

1912 2200 2168 2258 Pharistzi
2197 2204 2375 2258 dicunt
2404 2207 2465 2258 de
2492 2203 2618 2258 Jesu
2648 2220 2668 2258 :
2699 2203 2760 2257 In
2790 2203 3068 2257 Beelzebub
3112 2203 3345 2274 principe
3383 2208 3491 2256 da:-

2264 2277 2548 2329 moniorum
2579 2277 2660 2329 hic
2691 2276 2832 2348 ejicit
2860 2276 3137 2329 daemonia.

1979 2391 2191 2446 MATTH.
2228 2408 2330 2459 xu,
2365 2392 2599 2460 21-37;
2641 2395 2812 2448 Mane.
2838 2410 2924 2456 tu,
2954 2394 3174 2459 22-50;
3216 2393 3342 2446 Luc.
3403 2408 3495 2457 xi,

1912 2483 2123 2538 17-22.
2165 2482 2430 2539 Pharisaei
2484 2493 2662 2540 autem
2720 2485 2972 2540 dicebant
3021 2502 3033 2537 :
3088 2485 3144 2539 In
3194 2484 3497 2541 Bee‘zebub

1910 2573 2152 2643 principe
2182 2573 2571 2629 daemoniorum
2604 2574 2691 2630 hic
2720 2574 2867 2644 ejicit
2908 2575 3206 2630 daemones.
3248 2574 3367 2645 Ipse
3395 2592 3498 2630 au-

1912 2669 2020 2716 tem
2066 2670 2123 2715 ut
2171 2662 2303 2717 vidit
2350 2662 2704 2731 cogitationes
2752 2679 2961 2729 eorum,
2995 2664 3128 2719 dixit
3163 2664 3242 2720 eis
3276 2682 3289 2718 :
3319 2665 3495 2723 Omne

1910 2770 2132 2825 regnum
2166 2755 2217 2809 in
2249 2756 2431 2825 seipso
2457 2756 2686 2812 divisum
2740 2757 3089 2821 desolahitur,
3118 2765 3175 2813 et
3211 2758 3384 2813 omnis
3424 2760 3502 2812 ci-

1912 2849 2051 2906 vitas
2081 2849 2250 2905 divisa
2282 2849 2540 2906 adversus
2577 2866 2638 2906 se
2689 2866 2796 2906 non
2825 2851 3005 2906 stabit.
3036 2851 3095 2906 Si
3119 2859 3297 2906 autem
3320 2859 3373 2905 et
3403 2851 3503 2908 Sa-

1915 2952 2065 2998 tanas
2084 2943 2138 2997 in
2164 2943 2398 3012 seipsum
2422 2942 2626 2999 divisus
2642 2953 2744 3011 est,
2798 2942 3065 3015 quomodo
3089 2943 3253 2999 stabit
3279 2958 3504 3016 regnum

1914 3036 2124 3106 ipsius?
2149 3036 2266 3091 Non
2296 3046 2470 3105 potest
2499 3045 2665 3106 stare,
2705 3036 2799 3092 sed
2842 3037 3003 3093 finem
3036 3036 3200 3093 habet
3227 3055 3238 3091 :
3274 3038 3395 3106 quia
3423 3036 3504 3092 di-
3552 3054 3566 3062 κ

1914 3126 2036 3181 citis
2062 3124 2135 3194 jin
2168 3128 2469 3183 Beelzebub
2522 3142 2609 3182 me
2660 3128 2859 3197 ejicere
2903 3126 3190 3183 dannonia.
3237 3126 3294 3183 Si
3325 3140 3503 3183 autem

1835 3252 1885 3316 ο
1919 3236 2020 3292 ego
2048 3223 2100 3275 in
2131 3221 2431 3276 Beelzebub
2471 3221 2631 3290 ejicio
2660 3222 2947 3286 daemonia,
2982 3223 3074 3277 filii
3102 3224 3269 3277 vestri
3302 3224 3357 3277 in
3401 3240 3505 3291 quo

1914 3314 2181 3383 ejiciunt?
2212 3313 2337 3367 Ideo
2368 3314 2467 3382 ipsi
2495 3313 2701 3382 judices
2731 3313 2899 3369 vestri
2939 3324 3114 3367 erunt.
3146 3312 3313 3367 Porro
3358 3313 3404 3367 si
3448 3314 3504 3369 in

1914 3405 2080 3473 digito
2122 3404 2218 3458 Dei
2262 3403 2422 3474 ejicio
2449 3403 2735 3469 daemonia,
2784 3402 3022 3475 profecto
3052 3404 3296 3471 pervenit
3322 3404 3373 3458 iu
3406 3420 3503 3459 vos

1915 3509 2136 3566 regnum
2182 3496 2297 3549 Dei.
2339 3497 2448 3549 Aut
2475 3495 2745 3565 quomodo
2774 3502 2949 3565 potest
2976 3494 3256 3564 quisquam
3303 3497 3505 3550 intrare

1915 3589 1967 3642 in
1999 3592 2215 3643 domum
2245 3586 2420 3654 fortis,
2450 3598 2503 3642 et
2530 3603 2655 3641 vasa
2679 3587 2792 3656 ejus
2814 3586 3047 3655 diripere
3077 3587 3128 3641 in
3156 3586 3351 3657 quibus
3375 3601 3505 3640 con-

1916 3682 2134 3743 fidebat.
2163 3681 2264 3736 nisi
2290 3683 2440 3751 prius
2472 3682 2771 3752 alligaverit
2798 3678 3013 3750 fortem,
3049 3690 3104 3738 et
3131 3690 3257 3735 tunc
3284 3681 3502 3734 domum

1915 3775 2058 3831 illius
2084 3774 2335 3844 diripiat?
2361 3773 2463 3842 Qui
2492 3790 2598 3829 non
2630 3783 2711 3830 est
2750 3790 2958 3829 mecum
2980 3815 2999 3842 ,
3028 3785 3214 3830 contra
3247 3788 3336 3828 me
3373 3781 3455 3827 est
3490 3789 3502 3822 ε

1916 3878 1973 3925 et
2014 3872 2104 3940 qui
2150 3887 2255 3924 non
2303 3880 2594 3940 congregat
2639 3884 2893 3935 mecum,
2942 3868 3161 3938 spargit.
3214 3865 3342 3921 Ideo
3385 3864 3509 3920 dico

1915 3962 2119 4016 vobis:
2164 3961 2337 4016 Onme
2390 3971 2671 4033 peccatum
2720 3970 2774 4016 et
2823 3960 3158 4030 blasphemia
3206 3958 3510 4013 remittetur

1918 4053 2229 4109 hominibus
2261 4072 2273 4107 :
2302 4055 2533 4124 Spiritus
2562 4064 2739 4109 autem
2770 4054 3100 4124 blasphemia
3134 4066 3240 4106 non
3270 4051 3511 4107 remitte-

1918 4156 2025 4203 tur.
2060 4146 2125 4201 Et
2153 4145 2455 4216 quicunque
2488 4146 2687 4201 dixerit
2712 4147 2932 4200 verbum
2965 4156 3151 4200 contra
3184 4143 3378 4197 Filium
3414 4141 3509 4195 ho-

1918 4239 2100 4302 minis,
2132 4237 2433 4293 remittetur
2461 4239 2507 4292 ei
2546 4257 2557 4291 :
2590 4238 2681 4309 qui
2713 4246 2889 4292 autem
2934 4236 3131 4291 dixerit
3173 4244 3359 4289 centra
3393 4233 3515 4302 Spi-

1921 4329 2083 4383 ritum
2110 4340 2376 4394 sauctum,
2410 4345 2517 4383 non
2548 4330 2849 4383 remittetur
2889 4328 2970 4393 ei,
3001 4340 3175 4395 neque
3201 4324 3253 4378 in
3281 4325 3385 4377 hoc
3413 4337 3516 4377 sa:-

1921 4419 2062 4483 culo,
2098 4433 2270 4487 neque
2317 4421 2372 4473 in
2422 4419 2621 4472 futuro.
2654 4422 2762 4472 Aut
2792 4417 2951 4470 facite
2993 4416 3246 4469 arborem
3292 4416 3512 4480 bonam,

1922 4520 1976 4565 et
2004 4511 2236 4565 fructum
2266 4511 2385 4580 ejus
2410 4511 2609 4564 bonum
2636 4528 2651 4566 :
2689 4520 2783 4563 aut
2812 4508 2972 4565 facile
3009 4508 3256 4563 arborem
3286 4508 3505 4575 malam,

1845 4630 1898 4690 ι)
1926 4612 1978 4659 et
2003 4604 2234 4657 fructum
2263 4603 2382 4673 ejus
2410 4603 2611 4657 malum
2641 4620 2653 4655 :
2682 4600 2944 4671 siquidem
2972 4617 3037 4655 ex
3068 4599 3329 4656 fructibus
3349 4598 3512 4655 arbor

1926 4693 2289 4764 cognoscitur.
2321 4693 2613 4764 Progenies
2634 4694 2960 4764 viperarum,
2991 4692 3261 4763 quomodo
3287 4691 3512 4762 potestis

1924 4784 2066 4839 bona
2098 4785 2264 4856 loqui,
2288 4801 2408 4841 cum
2430 4783 2549 4841 sitis
2570 4786 2734 4839 mali?
2764 4799 2829 4840 ex
2860 4783 3183 4839 abundantia
3213 4783 3356 4838 enim
3392 4796 3511 4836 cor-

1924 4874 2008 4930 dis
2034 4890 2096 4931 os
2138 4875 2393 4947 loquitur.
2440 4876 2620 4932 Bonus
2644 4876 2807 4931 homo
2836 4875 2905 4931 de
2932 4876 3078 4930 bono
3109 4874 3368 4932 thesauro
3391 4888 3515 4943 pro—
3590 4932 3593 4933 ν

1928 4967 2029 5024 fert
2056 4970 2197 5024 bona
2235 4988 2247 5022 :
2281 4980 2337 5030 et
2364 4969 2538 5025 malus
2569 4971 2732 5025 homo
2757 4969 2825 5025 de
2852 4971 2995 5025 malo
3027 4968 3279 5024 thesauro
3310 4967 3517 5038 profert

1926 5059 2088 5115 mala.
2147 5061 2288 5117 Dico
2320 5070 2499 5117 autem
2550 5061 2750 5118 vobis:
2781 5059 3033 5132 quoniam
3080 5075 3241 5115 omne
3290 5060 3513 5114 verbum

1926 5156 2158 5210 otiosum
2189 5157 2333 5227 quod
2359 5156 2524 5212 locuti
2546 5156 2750 5214 fuerint
2776 5158 3053 5222 homines,
3088 5156 3314 5211 reddent
3347 5157 3513 5208 ratio-

1929 5260 2052 5302 nem
2074 5247 2141 5302 de
2168 5262 2233 5303 eo
2256 5248 2309 5302 in
2338 5248 2429 5305 die
2451 5250 2660 5320 judicii.
2690 5251 2769 5306 Ex
2790 5252 2972 5307 verbis
3006 5248 3153 5305 enim
3186 5248 3289 5302 tuis
3312 5244 3514 5317 justifi-

1925 5338 2154 5408 caberis,
2181 5350 2237 5396 et
2265 5354 2334 5396 ex
2365 5341 2541 5398 verbis
2562 5344 2666 5398 tuis
2689 5342 3153 5400 condemnaberis.

2398 5488 2401 5489 ⁷
2485 5477 2715 5535 CAPUT
2757 5479 2935 5536 LXIII.

2183 5571 2392 5627 Martha
2420 5571 2600 5627 Iesum
2637 5578 2856 5645 suscepit
2887 5578 2939 5628 in
2966 5578 3116 5629 domo
3148 5592 3264 5631 sua.

2002 5687 2129 5743 Luc.
2164 5704 2227 5754 x,
2259 5689 2460 5747 38-42.
2505 5690 2726 5746 Factum
2756 5699 2837 5746 est
2876 5702 3054 5746 autem
3100 5692 3228 5747 dum
3272 5693 3430 5756 irent,
3463 5699 3517 5747 et

1930 5780 2045 5849 ipse
2074 5781 2230 5837 Jesus
2255 5784 2474 5839 intravit
2502 5785 2555 5840 in
2582 5784 2848 5857 quoddam
2872 5786 3149 5843 castellum
3181 5804 3194 5841 :
3237 5798 3291 5842 et
3322 5786 3511 5841 mulier

1929 5872 2171 5941 qumdam
2221 5874 2424 5933 Martha
2472 5879 2709 5947 nomine,
2761 5877 2977 5951 excepit
3007 5878 3154 5936 illum
3198 5878 3251 5934 in
3296 5876 3514 5933 domum
