4026 6484
536 380 643 435 9.83

1682 372 1993 430 VICTORIS
2031 372 2333 430 EPISCOPI
2371 372 2669 429 CAPUANI

3702 380 3821 431 2.84

540 510 713 547 suam.
752 492 811 546 Et
847 494 967 547 huic
998 503 1113 550 erat
1152 508 1304 549 soror
1329 492 1542 546 nomine
1572 491 1764 556 Maria;
1792 506 1911 562 qua:
1944 490 2104 544 etiam
2139 491 2186 548 Α
2215 489 2439 541 virtutes
2486 487 2624 555 ejus,
2671 488 2791 555 quia
2846 504 2948 542 non
2998 490 3235 558 egissent
3282 490 3675 558 paenitentiam.
3716 491 3821 540 Va:

542 586 738 639 sedens
768 599 925 639 secus
974 586 1136 654 pedes
1176 580 1383 638 Domini
1416 582 1565 639 Jesu.
1596 582 1847 637 audiebat
1891 582 2114 636 verbum

541 676 703 729 illius.
739 676 943 730 Martha
981 685 1153 729 autem
1198 681 1474 741 satagebat
1502 674 1645 728 circa
1688 673 1938 743 frequens
1962 673 2117 728 mini-

536 752 784 821 sterium.
810 767 938 832 Quae
960 766 1105 821 stetit
1125 774 1177 819 et
1198 766 1271 818 ait
1297 782 1310 817 :
1343 764 1591 831 Domine,
1614 780 1722 819 non
1745 775 1828 819 est
1851 765 1943 820 tibi
1975 782 2117 820 cura:

544 856 687 926 quod
732 872 885 910 soror
914 870 1029 911 mea
1060 856 1272 924 reliquit
1310 870 1395 911 me
1441 857 1609 911 solam
1654 856 1994 911 ministrare?
2034 857 2118 912 dic

546 962 671 1017 ergo
694 945 771 998 illi
814 955 870 1001 ut
900 960 986 1000 me
1013 946 1249 1012 adjuvet.
1283 946 1349 1001 Et
1380 947 1716 1015 respondens
1746 946 1877 1001 dixit
1908 946 1984 1001 illi
2016 947 2118 1000 Do-

543 1037 720 1092 minus
746 1058 759 1089 ;
787 1037 1010 1095 Martha.
1038 1037 1260 1091 sollicita
1290 1052 1369 1105 es,
1393 1046 1447 1093 et
1466 1039 1693 1093 turbaris
1713 1053 1839 1107 erga
1868 1039 2114 1107 plurima.

544 1130 708 1184 Porro
732 1145 891 1182 unum
914 1138 997 1184 est
1023 1130 1407 1184 necessarium.
1442 1132 1604 1185 Maria
1626 1132 1883 1198 Optimam
1909 1140 2115 1200 partem

538 1224 719 1292 elegit,
752 1237 873 1292 quae
903 1237 1009 1278 non
1041 1223 1315 1277 auferetur
1341 1224 1411 1277 ab
1435 1238 1523 1278 ea.

1110 1333 1334 1390 CAPUT
1374 1334 1556 1389 LXIV.

572 1420 799 1479 Ioannes
827 1427 891 1479 de
920 1441 1121 1479 canere
1146 1427 1281 1480 misit
1311 1428 1380 1478 ad
1401 1426 1580 1480 Iesum
1604 1427 1919 1499 interregare
1944 1443 2080 1481 eum.

612 1517 824 1572 Μιιττιι.
856 1533 931 1583 xl,
964 1518 1151 1582 2-19;
1186 1518 1316 1573 Luc.
1347 1532 1453 1587 vn,
1488 1518 1696 1573 18-55.
1738 1519 1972 1573 Joannes
2020 1535 2111 1573 au-

542 1617 651 1663 tem
673 1623 794 1663 cum
812 1609 1051 1663 audisset
1070 1609 1125 1661 in
1144 1609 1370 1665 vinculis
1386 1624 1549 1679 opera
1572 1610 1790 1676 Christi,
1818 1624 2119 1665 convocans

538 1699 678 1756 duos
719 1699 787 1755 de
830 1700 1105 1769 discipulis
1134 1701 1248 1754 suis
1279 1700 1427 1754 misit
1468 1700 1533 1754 ad
1566 1701 1747 1754 Jesum
1780 1701 1964 1755 dicens
1992 1717 2007 1754 :
2040 1701 2116 1755 Tu

543 1806 605 1846 es
629 1791 718 1862 qui
757 1801 1013 1847 venturus
1037 1806 1119 1857 es,
1168 1807 1233 1846 an
1263 1791 1424 1846 alium
1466 1792 1872 1860 exspectamus?
1896 1793 1975 1864 (In
2005 1794 2117 1863 ipsa

541 1895 724 1941 autem
756 1889 887 1941 hora
908 1887 1326 1943 curavitmultos
1353 1904 1381 1941 a
1411 1887 1752 1956 languoribus
1772 1897 1824 1942 et
1848 1886 2036 1957 plagis.
2068 1894 2122 1942 et

545 1980 823 2048 spiritibus
852 1981 1028 2047 malis,
1057 1990 1110 2035 et
1148 1981 1305 2036 caecis
1346 1981 1529 2035 multis
1556 1980 1774 2036 donavit
1802 1980 2022 2051 visum.)
2056 1981 2124 2037 Et

548 2071 883 2139 respondens
930 2072 1064 2126 dixit
1094 2073 1197 2128 illis
1223 2092 1237 2128 :
1267 2072 1467 2128 Euntes
1497 2074 1739 2128 nuntiate
1766 2074 1955 2128 Joanni
2004 2090 2123 2144 qua:

542 2164 752 2219 vidistis
774 2174 828 2219 et
852 2166 1078 2221 audistis
1121 2184 1135 2221 :
1179 2168 1305 2238 quia
1338 2169 1467 2223 caici
1489 2168 1694 2235 vident,
1727 2170 1902 2225 claudi
1932 2169 2121 2225 ambu-

541 2258 692 2325 lant,
722 2261 920 2329 leprosi
952 2263 1308 2337 mundantur,
1341 2265 1487 2318 surdi
1530 2266 1751 2320 audiunt
1786 2264 1921 2334 (Isa.
1951 2282 2115 2330 xxxv,

540 2350 623 2418 5),
665 2352 862 2407 mortui
903 2364 1208 2423 resurgunt,
1265 2369 1529 2424 pauperes
1564 2358 2024 2425 evangelizantur.
2058 2358 2123 2412 Et

539 2439 729 2494 beatus
765 2440 852 2511 qui
884 2457 990 2496 non
1021 2442 1182 2497 fuerit
1218 2445 1611 2499 scandalizatus
1643 2446 1696 2500 in
1732 2447 1845 2501 me!
1883 2448 1991 2502 Illis
2024 2464 2123 2503 au-

542 2539 651 2583 tem
683 2531 1041 2598 abeuntibus,
1073 2533 1236 2603 coepit
1280 2534 1436 2588 Jesus
1486 2534 1663 2590 dicere
1706 2537 1772 2591 de
1821 2537 2026 2594 Joanne
2055 2539 2121 2594 ad

550 2620 732 2674 turbas
757 2637 771 2674 :
801 2620 937 2688 Quid
966 2623 1173 2679 exiistis
1191 2625 1242 2678 in
1261 2625 1529 2679 desertum
1554 2627 1771 2682 videre?
1794 2628 2122 2686 Arundinem

545 2719 706 2769 vento
742 2714 1026 2783 agitatam?
1053 2714 1154 2770 Sed
1185 2716 1309 2785 quid
1340 2717 1548 2773 exiistis
1578 2719 1805 2774 videre?
1832 2718 2116 2776 Hominem

542 2805 792 2861 mollibus
818 2808 1150 2863 vestimentis
1177 2809 1452 2864 indutum?
1476 2811 1612 2867 Ecce
1634 2812 1723 2882 qui
1751 2813 1803 2867 in
1831 2823 1981 2871 veste
2003 2829 2127 2886 pre-

542 2898 677 2951 tiosa
707 2907 833 2952 sunt
876 2908 930 2954 et
957 2898 1195 2967 deliciis,
1247 2901 1301 2955 in
1341 2902 1587 2958 domibus
1623 2919 1806 2974 regum
1836 2915 1984 2964 sunt.
2017 2907 2125 2964 Sed

544 2987 672 3057 quid
706 2989 915 3043 exiistis
946 2990 1163 3045 videre?
1195 2989 1554 3062 Prophetam?
1583 2993 1774 3064 Utique
1803 2995 1924 3051 dico
1951 2996 2125 3068 vobis,

541 3087 597 3132 et
624 3078 741 3147 plus
767 3095 921 3149 quam
948 3081 1286 3151 prOphetam.
1332 3083 1428 3139 IIic
1456 3092 1537 3139 est
1562 3086 1707 3140 enim
1753 3087 1821 3143 de
1861 3102 1966 3158 quo
1993 3090 2129 3145 scri-

2151 1849 2200 1909 B

2224 581 2315 635 tibi
2347 580 2573 635 Corazin
2596 588 2653 643 ι,
2684 596 2763 633 va:
2796 582 2889 635 tibi
2930 582 3237 637 Dethsaida!
3270 582 3390 651 quia
3428 583 3473 637 si
3499 583 3549 636 in
3577 583 3724 652 Tyro
3758 593 3821 635 et

2219 672 2419 728 Sidone
2457 672 2610 727 facta:
2640 674 2862 728 fuissent
2891 674 3115 728 virtutes
3139 689 3255 742 qua:
3284 674 3437 728 facta:
3466 682 3592 728 sunt
3621 674 3674 727 in
3713 689 3817 726 vo-

2221 761 2322 829 bis,
2355 762 2480 816 olim
2528 764 2579 816 in
2629 763 2803 817 cilicio
2851 772 2906 818 et
2944 765 3124 819 cinere
3155 766 3517 832 paenitentiam
3542 764 3811 834 egissent.

2223 852 2601 907 Verumtamen
2644 854 2764 907 dico
2793 854 2942 908 vobis
2972 871 2984 905 :
3018 854 3162 924 'I‘yro
3191 863 3243 909 et
3288 854 3476 908 Sidoni
3517 854 3812 908 remissius

2221 944 2322 997 erit
2348 942 2399 996 in
2428 943 2518 998 die
2558 944 2766 1013 judieii,
2797 959 2955 1011 quam
2989 946 3158 999 vobis.
3202 946 3269 999 Et
3298 954 3351 999 tu
3392 944 3804 1013 Capharnaum,

2221 1032 2456 1101 nunquid
2487 1048 2653 1102 usque
2702 1034 2754 1087 in
2784 1034 2978 1089 cmlum
3020 1036 3383 1091 exaltaberis?
3408 1050 3576 1105 usque
3623 1037 3680 1091 in
3720 1038 3810 1091 in-

2224 1120 2430 1176 fernum
2460 1123 2757 1179 descendes
2785 1142 2799 1176 :
2830 1125 2953 1193 quia
2996 1125 3041 1179 si
3090 1125 3143 1179 in
3192 1125 3443 1180 Sodomis
3472 1125 3628 1180 factae
3676 1126 3811 1179 fuis-

2221 1223 2343 1269 sent
2376 1216 2593 1269 virtutes
2633 1232 2755 1285 quae
2785 1216 2937 1271 facta:
2968 1225 3095 1272 sunt
3122 1218 3174 1272 in
3203 1226 3275 1283 te,
3309 1218 3448 1272 forte
3477 1220 3807 1273 mansissent

2225 1322 2394 1376 usque
2443 1309 2494 1361 in
2529 1308 2669 1362 hunc
2712 1308 2878 1363 diem.
2926 1309 3304 1365 Verumtamen
3348 1311 3469 1365 dico
3498 1310 3653 1365 vobis
3680 1311 3805 1379 quia

2226 1405 2384 1451 terrm
2414 1397 2770 1454 Sodomorum
2801 1401 3074 1456 remissius
3095 1403 3203 1457 erit
3230 1403 3283 1457 in
3312 1402 3403 1458 die
3424 1401 3609 1471 judieii
3639 1416 3807 1472 quam

2224 1486 2338 1541 tibi.
2924 1548 2927 1551 ,

2790 1600 3017 1656 CAPUT
3057 1600 3238 1657 LXVI.

2327 1686 2558 1758 Apostoli
2583 1698 2906 1745 revertuntur
2933 1692 2997 1746 de
3022 1692 3383 1761 prardicatione
3407 1693 3477 1745 ad
3501 1690 3703 1746 Iesum.

2296 1801 2472 1857 Haec.
2503 1817 2576 1867 v1,
2607 1803 2697 1868 50,
2742 1805 2844 1867 3i;
2879 1804 3009 1860 Luc.
3059 1822 3133 1871 rx,
3168 1806 3253 1860 IO.
3284 1806 3495 1860 Etcum
3539 1806 3809 1860 venissent

2226 1893 2456 1961 apostoli
2503 1894 2569 1948 ad
2607 1893 2787 1950 Jesum
2816 1936 2831 1961 ,
2876 1898 3315 1951 renuntiaverunt
3354 1897 3431 1952 illi
3476 1897 3654 1952 omnia
3693 1913 3813 1967 qua

2225 1983 2592 2053 confecerant,
2623 1996 2677 2040 et
2705 1986 3019 2041 docuerant.
3054 1988 3119 2042 Et
3147 1986 3223 2042 ait
3253 1988 3358 2043 illis
3390 2006 3406 2043 :
3444 1988 3629 2043 Venite
3658 2001 3810 2043 seor-

2227 2088 2346 2129 sum
2367 2076 2416 2129 in
2435 2076 2710 2131 desertum
2730 2079 2930 2143 locum,
2950 2088 3002 2134 et
3020 2079 3335 2148 requiescite
3358 2078 3625 2148 pusillum.
3648 2079 3812 2134 Erant

2226 2174 2404 2221 autem
2437 2167 2528 2237 qui
2560 2169 2849 2225 veniebant
2879 2170 3051 2239 multi,
3085 2180 3263 2225 etnec
3300 2170 3653 2226 manducandi
3696 2185 3813 2241 spa-

2227 2257 2358 2313 tium
2390 2258 2680 2314 habebant.

2787 2374 3010 2431 CAPUT
3048 2375 3254 2432 LXVII.

2226 2456 2377 2546 Jesus
2406 2462 2553 2551 elegit
2581 2465 2711 2551 alios
2744 2464 3072 2551 [septuaginta
3094 2471 3249 2551 "(fuas
3272 2467 3593 2551 discipulos.
3628 2468 3813 2551 Etnad-

2292 2536 2469 2606 jungit
2496 2536 2795 2610 parabofam
2812 2536 2997 2590 turrim
3024 2539 3349 2607 wdiﬁcantis,
3366 2549 3412 2593 et
3426 2539 3556 2609 regis
3581 2541 3815 2610 prtcfium

2300 2605 2550 2673 parantis.

2300 2714 2427 2769 Luc.
2462 2731 2517 2785 x,
2552 2718 2603 2783 I,
2635 2717 2818 2774 £6.25.
2850 2718 3093 2776 Posthzec
3130 2729 3305 2778 autem
3365 2722 3665 2793 designavit
3716 2722 3813 2777 Do.

2230 2805 2410 2861 minus
2440 2816 2495 2861 et
2530 2807 2666 2863 alios
2694 2812 3029 2880 septuaginta
3065 2812 3220 2875 duos,
3255 2822 3310 2869 et
3338 2813 3482 2868 misit
3514 2812 3637 2867 illos
3660 2812 3817 2867 binos

2228 2906 2355 2952 ante
2380 2895 2567 2951 faciem
2591 2913 2741 2953 suam
2784 2899 2835 2953 in
2865 2915 3077 2956 omnem
3108 2901 3376 2957 civitatem
3416 2909 3471 2958 et
3500 2902 3679 2956 locum
3709 2916 3815 2970 quo

2229 2996 2346 3044 erat
2375 2988 2490 3057 ipse
2531 2998 2821 3056 venturus;
2852 3000 2906 3045 et
2950 2991 3159 3047 dicebat
3205 2992 3311 3048 illis
3340 3007 3356 3047 :
3387 2992 3488 3059 Qui
3519 3007 3617 3047 vos
3644 2992 3813 3058 audit,

2232 3091 2320 3132 me
2349 3077 2521 3145 audit,
2549 3086 2604 3133 et
2633 3080 2720 3149 qui
2751 3093 2847 3135 vos
2874 3084 3099 3150 spernit,
3130 3098 3215 3139 me
3241 3085 3464 3153 spernit.
3494 3083 3596 3150 Qui
3638 3092 3815 3139 autem

547 3179 695 3238 ptum
725 3179 809 3227 est
839 3192 852 3225 :
885 3172 1025 3228 Ecce
1070 3189 1170 3243 ego
1214 3174 1367 3229 mitto
1407 3177 1653 3245 angelum
1683 3192 1862 3233 meum
1893 3189 2017 3235 ante
2046 3182 2120 3235 fa-

2230 3168 2439 3235 spernit
2465 3181 2574 3237 me,
2606 3169 2812 3237 spernit
2839 3184 2962 3224 eum
2992 3170 3079 3239 qui
3125 3171 3270 3226 misit
3310 3186 3415 3226 me.
3447 3171 3667 3227 Reversi
3695 3181 3817 3227 sunt

2232 3265 2405 3280 -..μμ
2429 3259 2761 3280 _-_.-_-_.A.-
2793 3259 3023 3280 .__--___
3051 3262 3232 3280 μη..-
3566 3262 3638 3280 η-
3706 3263 3720 3276 ο
3775 3279 3782 3280 ,

542 3263 677 3316 ciem
717 3273 884 3331 tuam,
917 3266 1004 3333 qui
1036 3266 1357 3335 praeparabit
1381 3266 1520 3321 viam
1552 3278 1694 3322 tuam
1719 3281 1843 3324 ante
1876 3281 1925 3327 te
1954 3271 2115 3342 (Mal.

542 3368 618 3419 III,
649 3353 724 3425 I).
756 3357 925 3409 Amen
956 3356 1074 3411 dico
1118 3357 1269 3413 vobis
1304 3376 1317 3413 :
1352 3358 1525 3429 major
1554 3359 1695 3415 inter
1734 3372 1889 3417 natos
1937 3364 2124 3418 mulie-

541 3461 658 3501 rum
684 3448 966 3518 propheta,
997 3448 1202 3504 Joanne
1227 3450 1482 3520 Baptism,
1511 3467 1667 3507 nemo
1687 3462 1790 3507 est.
1820 3454 1919 3519 Qui
1943 3463 2120 3511 autem

541 3542 715 3594 minor
741 3550 824 3596 est
846 3540 896 3595 in
922 3557 1088 3611 regno
1110 3544 1394 3607 ewlorum,
1420 3544 1592 3613 major
1608 3553 1693 3599 est
1714 3545 1828 3599 illo.
1859 3546 1925 3600 Et
1945 3547 2122 3601 omnis

540 3630 770 3700 populus
819 3632 1041 3685 audiens
1079 3643 1131 3685 et
1174 3632 1442 3700 publicani
1469 3633 1897 3700 justifieavcrunt
1929 3636 2121 3701 Deum,

538 3722 791 3791 baptizati
820 3723 1085 3791 baptismo
1110 3722 1350 3776 Joannis.
1382 3724 1638 3779 Pharisaei
1674 3734 1849 3780 autem
1878 3736 1932 3781 et
1962 3728 2118 3798 legis-

540 3814 721 3881 periti,
753 3814 1035 3867 consilium
1068 3815 1161 3869 Dei
1194 3828 1512 3882 spreverunt
1542 3817 1594 3871 in
1626 3821 1966 3888 semctipsos,
2017 3837 2119 3876 non

538 3903 792 3969 baptizati
840 3903 907 3957 ab
951 3918 1035 3959 eo.
1084 3905 1129 3958 A
1174 3904 1363 3959 diebus
1392 3915 1569 3961 autem
1611 3908 1831 3963 Joannis
1870 3910 2123 3980 Baptista:

539 4010 711 4065 usque
737 4011 897 4065 nunc,
923 4013 1145 4066 regnum
1171 3998 1426 4053 cwlorum
1458 4000 1561 4054 vim
1582 4002 1803 4070 patitur,
1830 4012 1884 4058 et
1905 4004 2121 4061 violenti

538 4092 752 4156 rapiunt
784 4088 934 4142 illud.
969 4089 1167 4146 Omnes
1190 4092 1333 4145 enim
1365 4093 1638 4164 prophetae
1666 4104 1722 4150 et
1747 4096 1833 4151 lex
1862 4114 2027 4166 usque
2051 4101 2119 4155 ad

539 4178 797 4234 Joannem
830 4182 1306 4252 prophetaverunt.
1340 4185 1405 4239 Et
1431 4187 1475 4241 si
1508 4188 1672 4243 vultis
1712 4188 1974 4258 recipere,
2009 4193 2121 4262 ipse

539 4280 621 4325 est
654 4271 799 4327 Elias
827 4275 917 4344 qui
942 4285 1197 4331 venturus
1220 4286 1322 4332 est.
1353 4277 1452 4346 Qui
1482 4279 1644 4334 habet
1674 4295 1832 4335 aures
1868 4282 2118 4339 audiendi

537 4362 738 4417 audiat.
768 4361 864 4419 Cui
912 4375 1090 4422 autem
1138 4367 1366 4422 similem
1408 4369 1685 4426 testimabo
1712 4372 2117 4442 generationem

537 4450 731 4508 istam?
760 4454 957 4513 Similis
983 4465 1067 4512 est
1103 4458 1282 4527 pueris
1306 4458 1615 4515 sedentibus
1640 4460 1693 4516 in
1718 4461 1859 4529 foro,
1891 4465 1981 4533 qui
2005 4465 2115 4520 cla—

537 4551 747 4601 mantes
774 4550 1152 4617 coaequalibus,
1177 4551 1362 4606 dicunt
1387 4553 1723 4611 :Cecinimus
1750 4558 1903 4613 vobis
1930 4566 1983 4614 et
2008 4574 2113 4614 non
2146 4589 2197 4647 Ι)

536 4633 801 4701 saltastis;
854 4638 1298 4708 Iamentavimus,
1350 4650 1405 4697 et
1447 4659 1552 4697 non
1601 4645 1906 4714 planxistis.
1958 4648 2115 4704 Venit

538 4724 680 4777 enim
713 4724 948 4780 Joannes
992 4743 1161 4798 neque
1200 4733 1562 4804 manducans,
1596 4751 1769 4805 neque
1811 4739 2032 4808 bibens,
2062 4752 2116 4797 et

543 4813 731 4869 dicunt
779 4832 793 4867 :
851 4816 1178 4874 Dazmonium
1219 4823 1397 4877 habet.
1454 4824 1612 4880 Venit
1662 4827 1829 4884 Filius
1882 4830 2114 4889 hominis

537 4906 865 4963 inanducans
909 4917 965 4964 et
990 4909 1209 4979 bibens,
1243 4923 1297 4970 et
1321 4915 1505 4971 dicunt
1531 4935 1546 4973 :
1575 4917 1717 4974 Ecce
1749 4919 1909 4976 homo
1949 4938 2111 4980 vorax

534 5008 589 5052 et
641 5006 855 5071 potator
898 5001 1043 5071 vini,
1086 5003 1490 5073 publicanorum
1523 5019 1577 5063 et
1611 4992 1948 5078 peccatorum
1978 5015 2113 5071 ami-

521 5108 648 5147 ‘cus.
690 5093 752 5148 Et
776 5092 1064 5162 iustificata
1092 5109 1172 5152 est
1199 5098 1458 5166 sapientia
1482 5114 1512 5156 a
1535 5100 1655 5156 ﬁliis
1675 5085 1808 5159 suis.

1112 5189 1337 5246 CAPUT
1384 5192 1545 5250 LXV.

538 5278 832 5351 Exprobrat
869 5279 1245 5407 civitatibus}?
1302 5284 1480 5367 quibus
1516 5286 1666 5357 factm
1722 5297 1840 5343 sunt
1875 5290 2114 5361 plurima:

1136 5368 1213 5406 ινιτ
1239 5363 1346 5407 utea
1377 5371 1510 5407 eius.

1136 5363 1346 5409 virtutes
1377 5363 1510 5426 ejus.

605 5439 822 5497 Marrn.
871 5458 946 5509 ιι,
992 5443 1223 5513 20-24;
1260 5443 1391 5502 Luc.
1419 5464 1475 5515 ι,
1510 5450 1712 5506 12-15.
1755 5451 1906 5506 Tunc
1948 5453 2110 5521 erepit

532 5534 865 5600 exprobrare
891 5536 1198 5595 civitatibus
1227 5541 1280 5595 In
1313 5542 1505 5612 quibus
1533 5545 1685 5599 factae
1713 5553 1837 5598 sunt
1866 5544 2109 5613 plurima:

609 5675 633 5702 "
675 5667 912 5749 Coraain]
1067 5674 1251 5730 Matth.
1288 5693 1336 5730 XI
1361 5720 1373 5740 ,
1405 5680 1495 5741 2|,
1525 5683 1769 5749 χοραζὶνς
1796 5680 1993 5739 [.ue.x,
2028 5681 2112 5748 I5,

587 5744 790 5810 "magis.
829 5743 1086 5797 Eusebius
1119 5762 1245 5800 vero
1274 5750 1335 5801 de
1366 5750 1465 5801 Sit.
1496 5743 1782 5802 e't'Nomin.
1814 5751 1912 5801 loc.
1954 5743 2110 5805 Hebr.

587 5760 790 5810 ωραςιν.
829 5760 1086 5797 διιεοιιιιιδ
1119 5762 1245 5800 vero
1274 5760 1335 5801 rte
1366 5760 1465 5801 δτι.
1496 5760 1542 5800 et
1572 5760 1782 5802 Nomm.
1814 5760 1912 5801 loc.
1954 5760 2110 5805 Hebr.

539 5760 698 5869 ﬁubi'l
742 5816 1014 5885 χωραζέιν.
1063 5816 1135 5867 εἰς
1170 5818 1286 5872 aliis
1334 5828 1505 5871 tamen
1541 5819 1692 5872 codd.
1740 5819 1960 5886 Graecis,
2003 5822 2113 5879 sive

2229 3265 2408 3313 autem
2427 3259 2765 3329 septuaginta
2787 3259 2893 3314 duo
2908 3275 3029 3315 cum
3046 3262 3262 3331 gaudio,
3278 3261 3515 3318 dicentes
3534 3280 3548 3317 :
3566 3262 3811 3331 Domine,

2229 3349 2388 3405 etiam
2420 3350 2683 3406 daemonia
2714 3352 3072 3421 subjiciuntur
3100 3354 3254 3409 nobis
3285 3354 3334 3408 in
3359 3354 3576 3409 nomine
3607 3366 3719 3410 tuo.
3750 3355 3814 3411 Et

2227 3441 2303 3496 ait
2355 3441 2459 3495 illis
2488 3456 2506 3499 :
2539 3442 2799 3497 Videbam
2832 3443 3084 3499 Satanam
3108 3486 3127 3511 ,
3175 3446 3312 3498 sicut
3361 3444 3535 3515 fulgur
3564 3447 3633 3500 de
3679 3446 3815 3501 emlo

2228 3532 2529 3587 cadentem.
2564 3532 2703 3587 Ecce
2726 3533 2849 3589 dedi
2877 3534 3027 3589 vobis
3048 3544 3364 3604 potestatem
3390 3536 3630 3591 calcandi
3654 3551 3811 3605 supra

2230 3632 2532 3691 serpentes,
2583 3632 2638 3678 et
2667 3625 2997 3694 scorpiones,
3040 3635 3093 3680 et
3120 3640 3279 3695 supra
3317 3641 3530 3681 omnem
3562 3628 3810 3682 virtutem

2230 3714 2454 3781 inimici,
2485 3726 2539 3771 et
2567 3716 2699 3771 nihil
2730 3718 2884 3773 vobis
2933 3718 3162 3774 nocebit.
3210 3719 3583 3773 Verumtamen
3631 3720 3682 3773 in
3712 3723 3812 3774 hoc

2226 3807 2395 3860 nolite
2424 3807 2659 3875 gaudere
2688 3811 2809 3875 quia
2842 3810 3060 3880 spiritus
3086 3811 3236 3866 vobis
3267 3812 3657 3881 subjiciuntur:
3685 3826 3811 3882 gauv

2224 3896 2348 3953 dcte
2378 3908 2554 3954 autem
2598 3902 2851 3970 quoniam
2883 3904 3097 3957 nomina
3145 3915 3319 3958 vestra
3362 3904 3560 3973 scripta
3602 3914 3729 3959 sunt
3757 3906 3811 3959 in

2222 3988 2399 4043 ctelis.
2431 3989 2486 4043 In
2506 3993 2619 4060 ipsa
2639 3992 2767 4045 hora
2787 3993 3083 4048 exsultavit
3108 3993 3312 4064 Spiritu
3342 4006 3547 4060 sancto,
3574 3994 3807 4049 etdixit:

2222 4108 2292 4120 —
2334 4080 2548 4137 Mum.
2588 4098 2663 4149 xl,
2695 4082 2893 4137 27-50.
2933 4083 3202 4139 Confiteor
3232 4085 3347 4149 tibi,
3378 4085 3557 4150 Pater,
3590 4086 3813 4140 Domine

2222 4171 2345 4227 coeli
2375 4186 2429 4228 et
2470 4182 2648 4240 terrae,
2678 4174 2801 4243 quia
2836 4175 3161 4231 abscondisti
3193 4178 3307 4231 haec
3335 4193 3365 4231 a
3394 4177 3726 4245 sapientibus
3756 4186 3811 4232 et

2223 4262 2594 4331 prudentibus,
2641 4274 2695 4319 et
2733 4265 2979 4321 revelasti
3007 4282 3068 4321 ea
3114 4268 3367 4337 parvulis.
3402 4268 3597 4331 Etiam,
3630 4268 3807 4333 Pater,

2222 4352 2345 4421 quia
2376 4353 2453 4408 sic
2484 4354 2584 4409 fuit
2630 4355 2882 4424 placitum
2925 4365 3050 4412 ante
3096 4368 3167 4413 te.
3214 4359 3404 4413 Omnia
3435 4360 3565 4413 mihi
3615 4359 3810 4414 tradita

2221 4454 2347 4500 sunt
2374 4462 2403 4499 a
2438 4447 2595 4503 Patre
2632 4464 2770 4503 meo.
2802 4449 2868 4503 Et
2900 4464 3058 4505 nemo
3088 4450 3229 4505 novit
3261 4450 3451 4505 Filium
3479 4451 3580 4506 nisi
3612 4451 3803 4507 Pater:

2223 4555 2395 4610 neque
2438 4541 2651 4597 Patrem
2683 4544 2801 4612 quis
2832 4544 3014 4610 novit,
3056 4543 3160 4598 nisi
3202 4544 3405 4608 Filius,
3444 4554 3498 4599 et
3525 4546 3613 4599 cui
3643 4543 3807 4599 Filius

2221 4631 2449 4686 voluerit
2480 4633 2738 4688 revelare.
2791 4633 2857 4689 Et
2904 4648 3194 4690 conversus
3241 4635 3308 4690 ad
3360 4634 3653 4705 discipulos
3682 4651 3808 4690 suos

2218 4722 2352 4780 dixit
2384 4741 2397 4776 :
2432 4722 2620 4779 Venite
2648 4724 2715 4779 ad
2742 4740 2847 4791 me,
2880 4741 3067 4781 omnes
3095 4726 3185 4795 qui
3234 4726 3490 4781 laboratis
3518 4735 3573 4781 et
3603 4725 3807 4781 onerati

2218 4815 2367 4880 estis,
2400 4823 2455 4869 et
2478 4828 2577 4886 ego
2606 4815 2843 4871 reficiam
2870 4832 2985 4873 vos.
3014 4817 3207 4873 Tollite
3226 4818 3409 4889 jugum
3440 4832 3617 4872 meum
3644 4827 3808 4886 super

2220 4923 2337 4974 vos,
2359 4917 2412 4963 et
2439 4907 2629 4965 discite
2658 4925 2689 4962 a
2719 4926 2802 4965 me
2831 4911 2951 4981 quia
2973 4912 3117 4967 mitis
3146 4926 3262 4967 sum
3293 4923 3346 4968 et
3366 4911 3581 4967 humilis
3608 4912 3801 4968 corde:

2221 5007 2276 5053 et
2306 4998 2590 5054 invenietis
2621 5000 2855 5070 requiem
2886 5001 3164 5057 animabus
3193 5002 3404 5057 vestris.
3438 5001 3632 5072 Jugum
3660 5003 3802 5057 enim

2221 5104 2397 5144 meum
2423 5105 2586 5145 suave
2623 5100 2707 5147 est
2731 5131 2747 5159 ,
2776 5101 2831 5147 et
2869 5108 3006 5148 onus
3036 5109 3211 5149 meum
3240 5094 3378 5151 leve.
3406 5123 3479 5135 —
3509 5094 3640 5150 Luc.
3673 5111 3760 5150 xlv
3783 5136 3799 5161 ,

2222 5181 2419 5248 20-53;
2452 5181 2667 5240 Mum.
2702 5200 2760 5250 Χ,
2790 5185 2975 5241 57-59.
2997 5184 3052 5240 Si
3076 5186 3194 5255 quis
3219 5186 3362 5240 venit
3386 5186 3453 5241 ad
3482 5201 3589 5249 me,
3620 5194 3675 5240 et
3696 5200 3801 5239 non

2221 5273 2334 5329 odit
2375 5284 2579 5345 patrem
2607 5292 2759 5333 suum
2786 5286 2840 5333 et
2865 5287 3109 5344 matrem,
3142 5287 3196 5334 et
3224 5292 3443 5333 uxorem
3481 5288 3536 5334 et
3564 5278 3720 5342 ﬁlios,
3746 5288 3799 5333 et

2218 5366 2413 5423 fratres
2440 5376 2492 5424 et
2537 5384 2750 5425 sorores
2773 5414 2789 5441 ,
2821 5371 3007 5427 adlrzec
3035 5381 3210 5427 autem
3250 5378 3303 5426 et
3341 5369 3573 5425 animam
3602 5384 3753 5425 suam
3778 5411 3795 5433 ,

2215 5473 2321 5513 non
2350 5467 2528 5530 potest
2558 5475 2709 5516 meus
2734 5475 2856 5517 esse
2882 5461 3194 5531 discipulus.
3230 5462 3296 5516 Et
3331 5461 3422 5531 qui
3461 5475 3566 5516 non
3599 5460 3796 5527 bajnlat

2214 5567 2426 5609 crucem
2449 5568 2623 5621 suam,
2654 5563 2709 5609 et
2730 5555 2877 5611 venit
2901 5562 3020 5626 post
3039 5571 3147 5623 me,
3175 5570 3279 5611 non
3303 5562 3479 5625 potest
3505 5568 3655 5608 meus
3677 5566 3797 5606 esse

2224 5698 2377 5748 mss.,
2406 5686 2519 5740 sive
2547 5684 2728 5747 editis,
2756 5686 3099 5741 confirmatur
3118 5687 3321 5756 Vulgat.
3339 5688 3501 5740 lectio
3519 5686 3789 5747 Corozain,

2222 5766 2311 5811 aut
2332 5756 2637 5811 Chorozain.
2674 5757 2763 5813 Sic
2791 5768 2843 5814 et
2870 5758 3226 5830 Hieronymus
3267 5760 3330 5811 de
3373 5756 3587 5812 Nomin.
3635 5757 3790 5810 Hebr.
