4038 6356
211 366 321 423 285

962 358 1545 420 EVANGELICARUM
1584 362 2089 421 IIARMONIARUM
2128 365 2703 426 INTERPRETATIO.

3344 350 3459 441 (est;

209 478 524 547 ἀίεοίρυιυεο
555 478 687 545 QUI8
712 478 854 532 enim
881 492 945 533 ex
979 477 1128 532 vobis
1168 477 1348 531 Volens
1382 476 1647 530 aediﬁcare
1677 485 1788 528 tur-
1816 481 1866 536 A
1890 490 2065 532 meum
2088 494 2248 549 super
2263 496 2403 543 eum.
2434 492 2488 537 et
2501 483 2754 551 judicium
2777 487 3020 555 gentibus
3042 493 3324 551 nuntiabit.
3346 500 3462 555 Non

213 573 339 634 rim,
369 583 474 623 non
503 569 647 637 prius
677 570 872 624 sedens
898 576 1173 636 computat
1210 575 1450 636 sumptus
1490 567 1577 635 qui
1609 582 1794 622 neces-

209 660 337 713 sarii
365 669 510 726 sunt,
538 661 581 714 si
608 660 800 714 habeat
820 661 886 715 ad
918 660 1319 731 perliciendum;
1340 675 1426 723 ne,
1447 669 1791 728 posteaquam

212 752 453 818 posuerit
496 752 894 807 fundamentum
919 794 937 820 ,
992 762 1044 809 et
1074 768 1177 807 non
1227 755 1454 823 potuerit
1485 755 1741 822 perlicere
1770 797 1786 821 ,

212 858 401 898 omnes
428 845 515 913 qui
540 844 718 898 vident
748 844 1243 913 incipiantilludere
1266 847 1339 911 ei,
1369 846 1603 902 dicentes
1624 864 1635 899 :
1657 849 1787 912 Quia

215 933 305 986 hic
328 933 489 987 homo
510 934 669 1004 ccepit
688 934 972 1001 adiﬁcare,
989 943 1044 990 et
1069 950 1172 990 non
1195 937 1362 1006 potuit
1382 943 1790 994 consummare?

213 1028 319 1076 Aut
351 1024 469 1093 quis
494 1040 591 1079 rex
630 1025 801 1081 iturus
831 1027 1043 1083 mittere
1079 1027 1274 1083 bellum
1301 1029 1557 1085 adversus
1585 1045 1784 1098 regem,

215 1130 320 1167 non
350 1114 542 1169 sedens
558 1116 702 1182 prius
729 1117 924 1187 cogitat
948 1119 993 1173 si
1023 1120 1185 1187 possit
1209 1136 1327 1176 cum
1346 1122 1528 1178 decem
1556 1123 1787 1181 millibus

212 1217 499 1259 occurrere
527 1205 574 1259 ei
620 1205 713 1275 qui
757 1221 876 1262 eum
907 1210 1089 1279 viginti
1123 1210 1353 1264 millibus
1399 1213 1545 1266 venit
1573 1212 1640 1266 ad
1685 1214 1787 1268 se“!

215 1294 466 1362 Alioquin
489 1294 663 1351 adhuc
682 1295 774 1352 illo
794 1297 950 1368 longe
973 1308 1182 1366 agente,
1206 1298 1522 1368 legationem
1547 1304 1783 1372 mittens,

213 1390 366 1449 rogat
393 1397 511 1449 qua:
554 1385 699 1452 pacis
745 1395 885 1440 sunt.
932 1386 1020 1441 Sic
1049 1400 1180 1455 ergo
1224 1388 1397 1443 omnis
1422 1404 1487 1444 ex
1518 1391 1670 1445 vobis
1695 1395 1788 1462 qui

212 1485 318 1523 ιιυιι
367 1473 635 1529 renuntiat
679 1476 925 1530 omnibus
970 1491 1091 1546 quae
1135 1477 1411 1547 possidet,
1457 1495 1566 1535 non
1612 1490 1788 1550 potest

209 1579 364 1620 meus
390 1582 509 1622 esse
537 1568 849 1635 discipulus.

752 1681 978 1740 CAPUT
1015 1683 1239 1741 LXVIII.

470 1771 724 1828 Pitaristei
749 1777 1051 1830 accusabant
1079 1777 1358 1849 discipulos
1387 1779 1518 1848 ejus.

285 1882 498 1939 Μιιττιι.
526 1900 638 1953 xu,
668 1886 799 1953 1-6;
842 1886 1012 1943 MARC.
1044 1904 1114 1956 ιι,
1144 1888 1347 1956 25-28;
1390 1892 1517 1947 Luc.
1553 1909 1636 1959 γι,
1670 1895 1783 1952 1-5.

208 1968 275 2023 Et
309 1971 502 2026 factum
529 1985 608 2029 est
636 1977 688 2030 in
730 1977 951 2033 sabbato
976 1980 1212 2035 secundo
1238 1982 1432 2051 primo,
1462 1998 1582 2038 cum
1612 1994 1788 2042 trans-

205 2058 316 2114 iret
355 2061 509 2118 .lesus
555 2080 648 2133 per
694 2076 838 2133 sata,
891 2070 1158 2127 vellebant
1205 2073 1500 2132 esurientes
1544 2079 1787 2150 discipuli

207 2149 331 2219 ejus
356 2153 532 2221 spicas
577 2164 631 2211 et
664 2158 1053 2216 manducabant
1076 2206 1089 2231 ,
1138 2165 1497 2224 confricantes
1522 2149 1787 2228 manibus.

204 2242 437 2307 Quidam
468 2256 643 2302 autem
676 2249 1065 2308 Pharisaeorum
1091 2256 1339 2313 dicebant
1363 2260 1469 2315 illis
1500 2279 1512 2314 :
1545 2262 1684 2330 Quid
1712 2266 1788 2320 fa-

203 2332 328 2386 citis
352 2371 368 2396 ,
398 2334 538 2403 quod
582 2352 685 2392 non
717 2338 840 2395 licet
864 2342 915 2396 in
958 2345 1234 2401 sabbatis?
1261 2348 1329 2402 Et
1366 2353 1695 2422 respondens
1718 2357 1784 2411 ad

204 2437 323 2491 eos,
351 2424 485 2481 dixit
510 2444 523 2481 :
548 2428 656 2484 Nec
677 2430 777 2487 hoc
799 2432 1000 2503 legistis
1023 2438 1161 2507 quod
1190 2440 1354 2496 David
1381 2443 1505 2499 fecit
1529 2461 1649 2503 cum
1672 2464 1788 2506 esu-

206 2513 387 2569 riisset
411 2515 545 2586 ipse,
577 2527 630 2575 et
654 2521 744 2591 qui
769 2538 892 2578 cum
921 2526 1036 2596 ipso
1061 2539 1251 2585 erant:
1281 2537 1549 2603 quomodo
1571 2539 1787 2601 intravit

203 2602 257 2657 in
285 2603 501 2662 domum
534 2609 669 2679 Dei,
710 2622 763 2668 et
810 2630 975 2684 panes
1019 2602 1399 2690 propositionis
1436 2632 1700 2700 sumpsit,
1729 2642 1783 2689 et

204 2696 562 2768 manducavit,
587 2712 645 2758 et
669 2704 817 2760 dedit
842 2706 925 2762 his
947 2713 1034 2780 qui
1061 2725 1182 2766 cum
1218 2728 1284 2769 eo
1310 2726 1482 2784 erant,
1512 2696 1644 2790 quos
1675 2696 1780 2780 non

203 2788 400 2846 licebat
435 2793 485 2848 ei
513 2796 856 2866 manducare,
886 2801 987 2856 nisi
1014 2802 1144 2858 solis
1174 2788 1579 2866 sacerdotibus?
1610 2814 1674 2869 Et
1700 2815 1782 2871 di-

200 2881 355 2937 eebat
396 2882 501 2939 illis
531 2903 544 2938 :
575 2886 706 2953 Quia
750 2889 1005 2948 Dominus
1024 2901 1107 2949 est
1146 2894 1314 2953 Filius
1342 2899 1591 2967 hominis.
1619 2904 1776 2961 etiam

200 2971 433 3029 sabbati.
460 2974 569 3032 Aut
598 2993 703 3034 non
747 2980 951 3052 legistis
979 2984 1031 3039 in
1076 2984 1193 3056 lege
1215 3029 1230 3054 ,
1276 2990 1401 3059 quia
1425 2993 1656 3051 sabbatis
1692 3012 1776 3052 sa-

198 3064 445 3121 cerdotes
470 3067 522 3121 in
555 3071 753 3141 templo
776 3074 1053 3132 sabbatum
1081 3078 1302 3147 violant,
1325 3091 1380 3139 et
1406 3085 1523 3142 sine
1552 3089 1774 3146 crimine

196 3156 364 3210 sunt?
394 3157 521 3214 Dico
559 3169 735 3217 autem
784 3164 936 3221 vobis
975 3170 1095 3238 quia
1124 3175 1323 3241 templo
1361 3176 1532 3245 major
1556 3189 1637 3234 est
1667 3181 1770 3235 hic.
1801 3194 1844 3254 ς

195 3244 484 3304 Sabbalum
516 3261 731 3323 propter
756 3255 1024 3313 hominem
1052 3258 1243 3316 factum
1268 3273 1370 3331 est,
1399 3244 1581 3321 etnon
1613 3268 1771 3323 homo

197 3349 417 3410 propter
445 3343 743 3401 sabbatum.

762 3458 989 3519 CAPUT
1027 3464 1212 3521 LXIX.

325 3544 420 3599 Dic
437 3547 632 3601 sabbati
649 3550 700 3602 in
720 3567 979 3625 synagoga
999 3562 1191 3611 curavit
1214 3575 1419 3614 manum
1439 3561 1661 3617 aridam.

262 3656 398 3710 Luc.
430 3674 501 3726 vr,
548 3658 709 3728 6-11;
739 3664 948 3721 ΜΑττιι.
979 3684 1070 3735 χιι,
1103 3670 1294 3738 10-12;
1327 3673 1497 3731 Mane.
1531 3691 1608 3745 ιιι,
1654 3677 1767 3732 1-5.

195 3746 417 3804 Factum
460 3761 540 3807 est
564 3762 739 3809 autem
779 3768 834 3812 et
860 3757 913 3812 in
940 3760 1046 3815 alio
1088 3763 1329 3830 sabbato,
1358 3776 1415 3822 ut
1452 3767 1675 3824 intraret
1713 3768 1767 3824 in

194 3854 537 3916 synagogam,
578 3855 633 3903 et
670 3848 906 3907 doceret.
946 3852 1009 3908 Et
1037 3866 1152 3911 erat
1175 3857 1247 3912 ibi
1291 3858 1469 3928 homo,
1499 3871 1552 3916 et
1579 3877 1767 3920 manus

194 3939 312 4009 ejus
334 3941 524 3997 dextra
559 3954 675 3999 erat
699 3945 867 4001 arida.
896 3948 1264 4007 Observabam
1287 3963 1461 4009 autem
1485 3957 1688 4012 Scribze
1713 3966 1768 4013 et

194 4026 449 4087 Pharisaei
490 4034 533 4088 si
577 4034 632 4089 in
660 4035 881 4093 Sabbato
921 4051 1150 4106 curaret,
1198 4051 1254 4097 ut
1298 4043 1599 4127 invenirent
1628 4047 1767 4103 unde

191 4122 503 4180 accusarent
519 4125 688 4181 illum.
708 4128 824 4198 Ipse
838 4144 966 4185 vero
981 4132 1183 4188 sciebat
1198 4122 1544 4203 cogitationes
1555 4153 1760 4193 eorum.

191 4210 258 4266 Et
283 4215 361 4270 ait
386 4215 584 4271 homini
609 4218 700 4288 qui
730 4218 956 4276 habebat
981 4238 1196 4278 manum
1226 4226 1427 4280 aridam
1454 4245 1467 4281 :
1491 4227 1681 4297 Surge,
1710 4239 1766 4285 et

189 4312 265 4359 sta
312 4306 365 4360 in
394 4307 647 4363 medium.
689 4310 757 4364 Et
779 4326 1001 4382 surgens
1025 4318 1193 4369 stetit.
1222 4318 1308 4370 Ait
1344 4327 1522 4371 autem
1550 4320 1616 4373 ad
1647 4319 1764 4375 illos

188 4392 343 4450 Iesus
372 4412 389 4451 :
417 4397 692 4467 Interrogo
722 4414 836 4465 vos,
866 4402 912 4455 si
951 4403 1076 4457 licet
1103 4404 1340 4459 sabbatis
1383 4407 1519 4460 bene
1564 4408 1759 4475 facere,

187 4498 252 4540 an
280 4487 451 4552 male;
480 4489 712 4541 animam
737 4488 934 4543 salvam
970 4491 1167 4555 facere,
1196 4507 1264 4546 an
1291 4495 1553 4562 perdere?
1582 4497 1652 4550 At
1686 4496 1769 4551 illi

1894 572 2220 639 contendet,
2264 590 2436 644 neque
2459 576 2747 645 clamabit,
2789 594 2960 649 neque
2981 583 3157 640 audiet
3180 589 3369 659 aliquis
3410 595 3461 648 in

1895 663 2083 731 plateis
2111 680 2295 720 vocem
2335 669 2473 735 ejus.
2500 670 2826 727 Arundinem
2867 685 3169 743 quassatam
3206 696 3309 734 non
3337 697 3468 757 con-

1894 753 2109 824 fringet,
2137 768 2189 811 et
2216 758 2379 812 linum
2415 760 2677 829 fumigans
2701 780 2804 819 non
2831 768 3148 839 exstinguat,
3173 773 3341 829 donec
3367 756 3463 846 eji-

1891 846 1997 897 ciat
2021 846 2085 898 ad
2119 846 2393 901 victoriam
2417 849 2695 918 judicium.
2727 856 2787 909 Et
2816 857 2866 910 in
2896 862 3106 915 nomine
3131 863 3247 932 ejus
3279 877 3465 933 gentes

1890 936 2179 1002 sperabunt
2201 935 2333 1009 (Isa.
2362 956 2488 1005 xLIt,
2516 944 2650 1012 1-4).

2468 1078 2694 1136 CAPUT
2733 1076 2869 1138 LXX

1887 1156 2036 1214 Jesns
2058 1161 2111 1214 in
2138 1173 2471 1257 monte'orat,
2501 1181 2547 1251 et
2581 1174 2910 1257 jurlalmlare-
2931 1182 3087 1233 turbis
3118 1192 3164 1235 et
3199 1186 3460 1257 discipulis

2145 1235 2251 1287 suis
2279 1235 2498 1303 plurima
2524 1235 2862 1310 in'parabolis
2892 1249 3089 1305 locutus
3112 1265 3203 1307 est.

1957 1361 2087 1418 Luc.
2118 1380 2190 1429 vl,
2223 1366 2411 1423 12-15.
2454 1370 2673 1429 Factum
2703 1388 2784 1432 est
2823 1390 2996 1436 autem
3025 1386 3076 1438 in
3104 1387 3206 1442 illis
3230 1390 3417 1448 diebus
3441 1437 3457 1461 ,

1885 1451 2016 1506 exiit
2043 1454 2099 1511 in
2125 1465 2359 1512 montem
2384 1475 2560 1529 orare,
2589 1477 2641 1520 et
2669 1478 2784 1522 erat
2810 1483 3125 1538 pernoctans
3147 1479 3197 1531 in
3222 1483 3460 1541 oratione

1887 1540 2003 1596 Dei.
2028 1543 2097 1598 Et
2122 1559 2242 1601 cum
2265 1548 2382 1606 dies
2411 1549 2579 1608 Iactus
2595 1567 2757 1623 esset,
2777 1563 2985 1617 vocavit
3010 1565 3296 1635 discipulos
3311 1588 3458 1630 suos.

1886 1656 1956 1668 -—
1985 1631 2203 1689 Mum.
2230 1654 2344 1705 xm,
2378 1642 2494 1699 1-5.
2524 1643 2589 1697 Et
2615 1647 2804 1703 exiens
2842 1650 2908 1703 de
2928 1651 3106 1719 domo,
3133 1631 3352 1714 sedebat
3375 1677 3463 1717 se-

1887 1735 1984 1776 cus
2011 1738 2177 1793 mare,
2209 1739 2263 1783 et
2301 1743 2637 1804 congregata:
2662 1750 2785 1795 sunt
2820 1744 2885 1796 ad
2911 1760 3032 1801 eum
3060 1751 3231 1805 turbae
3259 1758 3458 1823 multae,

1820 1826 1864 1886 Β
1890 1811 1960 1867 ita
1987 1823 2045 1868 ut
2066 1815 2116 1869 in
2137 1819 2437 1876 naviculam
2463 1828 2759 1883 ascendens
2777 1833 3007 1890 sederet.
3028 1838 3093 1892 Et
3116 1842 3289 1896 omnis
3309 1811 3458 1900 turba

1890 1906 2065 1961 stabat
2092 1907 2144 1962 in
2174 1908 2374 1981 littore,
2403 1924 2456 1970 et
2484 1916 2690 1974 locutus
2715 1933 2798 1976 est
2822 1926 2900 1979 eis
2928 1929 3092 1984 multa
3120 1932 3170 1985 in
3197 1935 3460 2002 parabolis

1888 1995 2072 2054 dicens
2095 2017 2109 2052 :
2132 2046 2137 2049 ς

2452 2142 2679 2201 CAPUT
2717 2147 2901 2208 LXXI.

2206 2229 2340 2286 Ecce
2367 2234 2487 2288 exiit
2515 2239 2604 2305 qui
2631 2242 2845 2296 seminat
2871 2248 3137 2305 seminare.

1959 2337 2169 2431 ΜΑττει.
2199 2356 2327 2407 xm,
2356 2342 2487 2409 5-9;
2537 2346 2710 2404 hunc.
2737 2365 2825 2418 tv,
2853 2354 2986 2422 5-9;
3031 2357 3159 2415 Luc.
3190 2378 3312 2431 vtu,
3341 2368 3455 2424 5-8.

1890 2426 2026 2483 Ecce
2070 2416 2200 2484 eiiit
2225 2433 2315 2501 qui
2356 2436 2625 2503 seminat,
2671 2441 2936 2501 seminare
2962 2463 3141 2505 semen
3187 2471 3363 2513 suum.
3395 2462 3459 2516 Et

1886 2520 2011 2574 dum
2026 2523 2275 2590 seminat,
2302 2527 2544 2595 quaedam
2567 2533 3047 2595 cecideruntsecus
3066 2543 3229 2614 viam,
3255 2558 3309 2603 et
3330 2565 3458 2607 con-

1885 2611 2089 2666 culcata
2138 2621 2255 2667 sunt
2289 2631 2304 2669 :
2333 2627 2386 2670 et
2414 2631 2678 2676 venerunt
2723 2625 2967 2683 volucres
2990 2633 3110 2688 cteli
3135 2676 3149 2698 ,
3200 2611 3253 2691 et
3278 2653 3457 2698 come-

1884 2701 2078 2758 derunt
2116 2719 2197 2759 ea.
2226 2706 2343 2761 Alia
2372 2719 2550 2766 autem
2573 2714 2878 2772 ceciderunt
2917 2721 2967 2774 in
2998 2732 3229 2795 petrosa,
3256 2740 3310 2783 et
3347 2748 3454 2788 non

1883 2793 2182 2851 habuerunt
2213 2807 2406 2855 terram
2434 2804 2652 2859 multam
2688 2823 2700 2858 :
2732 2818 2784 2863 et
2812 2812 3064 2868 continuo
3092 2793 3275 2873 exorta
3305 2835 3449 2891 sunt,

1880 2887 2003 2954 quia
2048 2902 2154 2942 non
2197 2889 2464 2948 habebant
2508 2895 2843 2955 altitudinem
2889 2912 3061 2961 terrai.
3106 2908 3229 2967 Sole
3274 2887 3450 2973 autem

1880 2984 1998 3031 orto
2020 3019 2034 3042 ,
2066 2987 2428 3037 testuaverunt
2459 3001 2475 3039 :
2505 2994 2560 3040 et
2598 2989 2719 3057 quia
2750 3006 2854 3047 non
2886 2995 3150 3055 habebant
3178 3004 3409 3062 radicem
3434 3055 3449 3079 ,

1877 3077 2153 3121 aruerunt.
2178 3068 2291 3123 Alia
2315 3080 2489 3127 autem
2519 3077 2826 3135 ceciderunt
2853 3083 2991 3140 inter
3016 3088 3198 3157 Spinas
3224 3111 3239 3149 :
3261 3104 3313 3150 et
3336 3068 3452 3153 cre-

1880 3162 2066 3207 verunt
2097 3155 2284 3224 spinae,
2312 3167 2365 3213 et
2400 3161 2792 3223 sull‘ncaverunt
2818 3186 2901 3227 ea.
2934 3155 3059 3231 Alia
3091 3195 3217 3235 vero
3244 3188 3451 3243 cecide-

1876 3250 2001 3296 runt
2047 3243 2099 3295 in
2131 3251 2325 3299 terram
2376 3248 2569 3304 bonam
2604 3270 2617 3308 ε
2649 3264 2704 3310 et
2749 3259 2944 3315 dabant
2990 3263 3215 3323 fructum
3242 3312 3257 3336 ,
3307 3275 3448 3333 aliud

1872 3335 2221 3387 centesimum
2243 3376 2256 3401 ,
2290 3337 2429 3392 aliud
2476 3345 2860 3412 sexagesimum
2884 3392 2897 3412 ,
2930 3352 3067 3408 aliud
3101 3360 3447 3422 tricesimum.

1873 3420 1997 3476 Ilzec
2042 3424 2223 3480 dicens
2270 3426 2535 3485 clamabat
2579 3449 2592 3487 :
2643 3436 2745 3503 Qui
2792 3439 2950 3496 habet
2996 3459 3152 3503 aures
3198 3420 3446 3511 audiendi

1870 3514 2070 3572 audiat.

2421 3632 2644 3692 CAPUT
2682 3639 2893 3698 LXXII.

1869 3711 1949 3770 De
1991 3732 2050 3771 eo
2080 3718 2167 3787 qui
2207 3720 2417 3775 seminat
2448 3725 2633 3808 bonum
2677 3746 2845 3811 semen
2891 3734 2941 3787 in
2968 3753 3092 3810 agro
3132 3758 3224 3798 suo
3249 3788 3264 3815 ,
3311 3750 3448 3807 etde

2544 3799 2774 3855 zizaniis.

1937 3922 2150 3979 Mum.
2179 3942 2292 3996 xm,
2319 3928 2520 3998 24-50;
2555 3933 2728 3990 Mane.
2767 3953 2839 4003 tv,
2870 3940 3059 3999 26-29.
3090 3946 3260 4003 Aliam
3287 3966 3445 4020 para-

1865 4011 2042 4067 bolam
2082 4019 2362 4086 preposuit
2390 4020 2500 4075 illis
2528 4021 2713 4080 dicens
2746 4039 2758 4084 :
2792 4027 2980 4085 Simile
3009 4033 3206 4091 factum
3248 4011 3333 4095 est
3361 4058 3446 4100 re-

1863 4119 2025 4172 gnum
2064 4107 2323 4163 cmlorum
2354 4108 2559 4166 homini
2603 4116 2694 4184 qui
2724 4120 3006 4176 seminavit
3036 4126 3228 4182 bonum
3258 4146 3442 4189 semen

1865 4196 1918 4248 in
1961 4209 2089 4265 agro
2117 4212 2233 4253 suo.
2279 4199 2411 4253 Cum
2441 4210 2620 4257 autem
2650 4206 2946 4265 dormirent
2973 4214 3215 4273 homines
3237 4257 3253 4283 ,
3302 4224 3445 4279 venit

1862 4285 2108 4341 inimicus
2132 4287 2268 4357 ejus,
2300 4297 2354 4342 et
2379 4295 2822 4359 superseminavit
2846 4300 3046 4354 zizania
3075 4303 3127 4356 in
3157 4306 3333 4359 medio
3355 4311 3442 4361 tri-

1865 4376 1974 4443 tici,
2000 4386 2055 4432 et
2079 4379 2227 4433 abiit.
2254 4378 2388 4432 Cum
2418 4392 2594 4436 autem
2626 4388 2885 4441 crevisset
2911 4390 3098 4458 herba,
3127 4402 3182 4448 et
3211 4396 3440 4454 fructum

1872 4466 2104 4533 fecisset,
2139 4476 2266 4521 tunc
2289 4480 2649 4537 apparuerunt
2674 4484 2727 4528 et
2753 4476 2969 4531 zizania.
2999 4480 3327 4541 Accedentes
3351 4502 3437 4543 au-

186 4575 455 4630 taeehant.
486 4576 551 4630 Et
596 4577 996 4647 circumspectis
1020 4557 1305 4650 omnibus,
1353 4584 1488 4640 dixit
1515 4587 1715 4645 homini
1743 4610 1754 4645 :
1790 4557 1840 4617 υ
1867 4566 1971 4650 Iam
1996 4558 2137 4612 sem
2168 4559 2565 4628 pauimmilias
2588 4564 2837 4622 dixem"!
2865 4571 2913 4625 ei
2946 4589 2958 4625 ³
2994 4572 3235 4641 Domine’
3263 4594 3438 4637 nonne

187 4664 430 4721 Extende
469 4682 682 4723 manum
727 4678 890 4725 tuam.
922 4673 1269 4731 Etextendit.
1301 4677 1369 4732 Et
1393 4679 1636 4735 restituta
1675 4692 1759 4741 est

185 4758 397 4812 sanitati
423 4773 611 4815 manus
647 4758 763 4830 ejus
800 4762 1009 4823 sicutet
1046 4765 1232 4822 altera.
1262 4769 1329 4824 Et
1365 4769 1499 4825 dixit
1517 4772 1581 4826 ad
1619 4787 1751 4829 eos:

186 4844 313 4910 Quis
338 4848 441 4902 erit
464 4863 530 4903 ex
555 4849 706 4907 vobis
732 4852 893 4908 homo
914 4857 1001 4925 qui
1028 4855 1219 4913 habeat
1244 4874 1403 4917 ovem
1433 4876 1614 4929 unam,
1639 4872 1690 4919 et
1711 4865 1757 4920 si

187 4938 435 4993 ceciderit
461 4938 576 4994 haec
618 4942 853 4997 sabbatis
883 4946 935 4999 in
980 4947 1225 5016 foveam,
1269 4967 1446 5008 nonne
1476 4955 1675 5011 tenebit
1702 4967 1756 5012 et

186 5024 377 5082 levabit
418 5030 581 5085 eam?
610 5032 818 5098 Quanto
861 5038 1026 5107 magis
1061 5049 1141 5093 est
1187 5042 1373 5096 melior
1421 5042 1579 5099 homo
1615 5050 1755 5103 ove?

189 5116 361 5189 Itaque
387 5120 512 5176 licet
547 5123 781 5180 sabbatis
811 5126 945 5182 bene
983 5128 1178 5185 facere.
1216 5131 1317 5201 Ipsi
1358 5144 1534 5190 autem
1563 5139 1753 5207 repleti

187 5220 303 5264 sunt
328 5211 653 5282 insipientia,
679 5227 732 5271 et
758 5219 1196 5287 colloquebantur
1233 5222 1299 5277 ad
1330 5224 1557 5279 invicem
1596 5229 1752 5298 quid-

187 5311 300 5355 nam
340 5300 580 5358 l'acerent
601 5304 747 5359 .Iesu.
775 5305 928 5363 Iesus
954 5309 1131 5378 itaque
1152 5311 1327 5367 sciens
1355 5316 1579 5370 secessit
1604 5318 1747 5389 inde,

185 5395 233 5439 et
270 5392 437 5445 secuti
464 5402 587 5447 sunt
614 5409 732 5449 eum
774 5399 965 5468 multi,
1006 5410 1058 5454 et
1097 5403 1302 5457 curavit
1327 5420 1419 5460 eos
1447 5420 1652 5462 omnes.
1684 5411 1753 5465 Et

187 5481 431 5549 praecepit
456 5483 534 5538 eis
560 5500 627 5539 ne
653 5488 988 5544 manifestum
1031 5506 1153 5547 eum
1201 5493 1455 5563 facerent,
1489 5508 1543 5552 ut
1585 5501 1751 5556 adim-

186 5570 413 5636 pleretur
435 5579 576 5645 quod
618 5578 815 5636 dictum
857 5591 941 5639 est
979 5601 1071 5654 per
1106 5585 1295 5642 Isaiam
1326 5592 1639 5659 prophetam
1669 5596 1751 5649 di-

186 5674 386 5720 centem
418 5684 431 5720 :
464 5670 602 5726 Ecce
628 5686 757 5742 puer
784 5690 934 5731 meus
972 5694 1128 5747 quem
1155 5680 1315 5751 elegi,
1344 5682 1570 5740 dilectus
1598 5702 1747 5744 meus

187 5750 231 5805 in
252 5771 351 5826 quo
376 5758 512 5816 bene
538 5765 855 5832 complacuit
881 5769 1067 5825 animae
1096 5786 1247 5828 meae.
1274 5774 1469 5833 I‘onam
1497 5780 1739 5848 spiritum

1865 4647 2060 4703 bonum
2086 4663 2270 4705 semen
2297 4652 2571 4709 seminasu
2596 4656 2648 4711 in
2674 4672 2803 4728 agro
2828 4669 2938 4730 tuo,
2971 4666 3109 4723 unde
3132 4683 3260 4740 ergo
3279 4672 3438 4730 habet

1864 4740 2102 4795 itania?
2133 4742 2200 4798 Et
2232 4742 2307 4797 ait
2334 4742 2439 4798 illis
2470 4761 2483 4797 ε
2516 4745 2763 4805 Inimicus
2795 4751 2950 4808 homo
2974 4755 3075 4812 hoc
3113 4760 3255 4815 fecit.
3283 4763 3436 4824 Servi

1859 4840 2035 4887 autem
2054 4833 2301 4889 dixerunt
2324 4835 2375 4891 ei
2394 4854 2406 4889 :
2430 4837 2542 4904 Vis,
2567 4838 2702 4896 imus
2730 4852 2785 4899 et
2806 4846 3101 4918 colligimus
3123 4853 3219 4907 ea?
3239 4854 3306 4909 Et
3322 4857 3395 4910 ait
3417 4875 3430 4912 :

1858 4920 1996 4989 Non,
2027 4940 2093 4979 ne
2122 4925 2260 4982 forte
2287 4928 2598 4999 colligentes
2627 4933 2849 5004 zizania,
2886 4938 3168 4997 eradicetis
3195 4945 3352 5000 simul
3381 4956 3437 5002 et

1863 5015 2097 5071 triticum
2122 5032 2242 5073 cum
2263 5021 2361 5074 eis.
2388 5022 2558 5079 Sinite
2579 5035 2802 5097 utraque
2822 5042 3068 5085 crescere
3092 5033 3157 5087 ad
3179 5050 3432 5102 messem,

1860 5115 1915 5160 et
1954 5106 2006 5161 in
2056 5116 2293 5178 tempore
2335 5114 2524 5169 messis
2568 5115 2738 5171 dicant
2788 5122 3112 5178 messoribus
3145 5142 3159 5179 :
3191 5125 3435 5195 Colligite

1860 5200 2086 5267 primum
2116 5202 2337 5270 zizania,
2366 5214 2419 5259 et
2441 5206 2654 5276 alligate
2682 5224 2744 5265 ea
2783 5210 2839 5265 in
2868 5214 3145 5270 fasciculos
3181 5216 3246 5270 ad
3284 5233 3434 5273 com-

1858 5288 2153 5346 bmendum
2186 5309 2199 5346 :
2232 5295 2464 5352 triticum
2510 5306 2689 5355 autem
2720 5315 3038 5375 congregate
3083 5306 3137 5361 in
3180 5307 3432 5369 horreum

1859 5396 2033 5438 meum
2044 5421 2058 5437 .

2402 5501 2628 5561 CAPUT
2667 5506 2896 5565 LXXIII.

2388 5592 2467 5649 De
2493 5614 2656 5667 grano
2684 5601 2895 5673 sinapis.

1920 5698 2132 5757 ΜΑττιι.
2166 5721 2288 5773 xm,
2321 5709 2519 5777 lit-'52;
2572 5712 2743 5769 Mane.
2780 5732 2862 5785 tv,
2894 5719 3090 5788 30-32;
3134 5722 3262 5783 Luc.
3298 5744 3420 5796 xm,

1854 5788 2031 5845 18-19.
2059 5793 2225 5851 Aliam
2258 5800 2559 5868 parabolam
2583 5808 2855 5875 proposuit
2885 5811 2963 5866 cis
2991 5812 3172 5872 dicens
3191 5831 3205 5847 ο
3236 5816 3334 5874 Cui
3353 5788 3428 5876 si:
