4038 6356
536 322 647 384 λετ

546 539 653 591 Aut
689 535 774 590 cui
816 532 1081 602 parabolae
1118 527 1541 599 comparabimus
1580 522 1756 579 illud?
1803 522 1989 579 Simile
2035 530 2119 577 est

547 640 715 697 grano
729 623 946 693 sinapis,
965 619 1105 691 quod
1126 617 1390 686 accipiens
1415 616 1595 679 homo,
1612 612 1894 669 seminavit
1921 607 1973 665 in
1998 611 2123 665 hor-

550 727 660 771 tum
683 730 839 771 suum
873 731 887 768 :
920 711 1058 781 quod
1086 710 1362 763 minimum
1384 715 1466 762 est
1490 721 1556 760 ex
1579 704 1825 759 omnibus
1854 701 2119 766 oleribus;

550 819 607 864 et
635 808 691 861 lit
718 808 894 865 arbor,
926 804 998 859 ita
1038 811 1094 855 ut
1119 801 1360 856 volucres
1389 798 1507 855 coeli
1538 796 1752 853 veniant
1800 804 1854 851 et
1883 794 2125 851 habitent

553 900 607 955 in
630 898 790 953 ramis
816 899 953 965 ejus.

1095 1042 1318 1105 CAPUT
1357 1046 1591 1103 LXXIV.

557 1147 635 1201 De
651 1147 895 1217 fermento
914 1145 1049 1213 quod
1076 1143 1340 1217 abscondit
1377 1141 1580 1217 mulier.
1606 1136 1673 1191 Et
1701 1137 1805 1191 alia
1840 1136 2003 1190 multa
2022 1135 2128 1188 dis-

1129 1214 1248 1266 serit
1277 1210 1562 1280 discipulis.

628 1345 841 1401 Manu.
872 1359 998 1409 xm,
1028 1344 1227 1408 35-35;
1258 1342 1431 1397 Msuc.
1461 1356 1545 1403 tv,
1578 1340 1679 1405 35;
1711 1338 1841 1393 Luc.
1873 1352 2007 1402 xm,
2034 1335 2126 1391 2L

558 1435 729 1493 Aliam
756 1434 1058 1504 parabolam
1101 1435 1306 1487 locutus
1347 1440 1431 1486 est
1468 1432 1566 1486 eis.
1591 1430 1774 1486 Simile
1800 1437 1882 1483 est
1910 1441 2128 1496 regnum

560 1528 818 1584 caelorum
845 1527 1125 1591 fermento,
1156 1527 1296 1594 quod
1324 1533 1596 1592 acceptum
1629 1522 1819 1575 mulier
1857 1519 2133 1575 abscondit

562 1619 619 1674 in
647 1618 829 1673 farina:
853 1617 982 1671 satis
1010 1616 1194 1679 tribus,
1223 1614 1395 1668 donec
1423 1612 1797 1667 fermentatum
1822 1619 1905 1666 est
1942 1619 2129 1665 totum.

564 1711 692 1766 Haec
717 1711 892 1764 omnia
919 1710 1124 1763 locutus
1153 1719 1234 1761 est
1260 1706 1415 1762 Jesus
1453 1706 1505 1759 in
1534 1703 1817 1774 parabolis,
1858 1704 2040 1757 dicens
2067 1701 2133 1756 ad

1663 309 1977 369 VICTORIS
2013 303 2325 365 EPISCOPI
2362 304 2661 367 CAPUANI

542 445 671 502 mile
685 452 769 502 est
784 455 1006 513 regnum
1030 439 1145 511 Dei,
1160 447 1215 495 et
1227 438 1309 494 cui
1328 435 1500 491 simile
1515 446 1634 488 esse
1656 431 1933 486 aestimabo
1949 428 2113 484 istud?
2142 426 2195 486 Δ

3240 287 3257 293 ’⁵
3274 286 3301 296 ⁸-
3310 270 3397 310 ‘L‘jr‘

2749 423 2973 484 CAPUT
3008 430 3239 486 LXXVI.

2226 513 2327 579 Qui
2343 517 2555 590 seminat
2576 532 2745 590 semen
2766 526 2813 570 et
2840 519 2977 571 vadit
3000 521 3277 574 dormitum
3299 520 3374 575 vel
3405 531 3599 590 surget.
3625 521 3701 575 Et
3724 525 3811 576 di-

2364 586 2573 653 scipulis
2600 588 2896 657 parabolam
2916 590 3231 644 zizaniorum
3258 596 3371 661 agri
3396 586 3655 648 edisserit.

2293 697 2466 752 lianc.
2499 714 2549 752 IV
2570 740 2585 764 ,
2634 698 2821 755 26-29.
2853 700 2942 756 Sic
2986 711 3070 757 est
3109 717 3336 771 regnum
3379 703 3471 759 Dei
3504 722 3516 757 :
3548 705 3812 775 quemad-

2224 788 2443 843 modum
2486 790 2532 844 si
2572 789 2734 845 homo
2753 792 2913 860 jaciat
2938 802 3230 848 sementem
3262 795 3315 848 in
3343 803 3565 862 terram,
3595 805 3651 850 et
3679 796 3813 851 dor-

2226 879 2376 946 miat,
2404 890 2459 935 et
2485 892 2732 951 exsurgat
2758 892 2913 939 nocte
2940 899 3003 940 ac
3027 884 3134 952 die,
3158 894 3215 940 ει
3240 900 3422 941 semen
3450 887 3723 957 germinet
3754 899 3811 942 et

2229 969 2511 1036 increscat,
2528 972 2653 1027 dum
2677 974 2849 1029 nescit
2871 975 2979 1031 ille.
2997 976 3147 1032 Ultro
3161 977 3302 1032 enim
3326 987 3465 1031 terra
3485 978 3805 1043 fructiﬁeat,

2228 1062 2457 1131 primum
2485 1064 2724 1132 herbam,
2751 1065 2945 1122 deinde
2970 1068 3194 1137 spicam,
3219 1068 3413 1124 deinde
3440 1070 3659 1138 plenum
3696 1070 3806 1124 fru-

2229 1162 2465 1209 mentum
2488 1155 2542 1209 in
2564 1158 2730 1225 spica.
2765 1156 2970 1211 Etcum
2998 1172 3056 1212 se
3076 1157 3406 1227 produxerit,
3433 1161 3613 1213 statim
3640 1161 3808 1213 mittit

2230 1246 2441 1314 falcem,
2468 1251 2714 1318 quoniam
2739 1250 2893 1305 adest
2919 1250 3128 1305 messis.
3148 1252 3439 1305 —-Mu-ru.
3472 1266 3587 1315 xm,
3608 1252 3801 1305 56-45.

2233 1337 2385 1403 Tunc
2410 1338 2645 1393 dimissis
2670 1338 2838 1393 turbis
2872 1340 3019 1394 venit
3042 1341 3093 1393 iu
3121 1340 3357 1403 domum,
3384 1350 3438 1395 et
3463 1352 3811 1395 accesserunt

2234 1427 2302 1481 ad
2330 1442 2451 1482 eum
2494 1428 2735 1495 discipuli
2768 1431 2885 1496 ejus
2929 1429 3167 1485 dicentes
3198 1446 3213 1485 :
3248 1432 3492 1486 Edissere
3531 1432 3689 1485 nobis
3722 1446 3811 1501 pa-

2235 1517 2470 1573 rabolam
2502 1520 2823 1574 zizaniorum
2867 1522 3001 1590 agri.
3034 1521 3131 1586 Qui
3162 1523 3513 1591 respondens,
3554 1524 3630 1575 ait
3660 1538 3677 1574 :
3712 1523 3812 1589 Qui

2235 1610 2465 1666 seminat
2488 1610 2682 1666 bonum
2706 1626 2910 1678 semen,
2932 1614 3168 1669 estfilius
3195 1614 3445 1669 hominis.
3470 1617 3613 1684 Ager
3634 1627 3811 1670 autem

2238 1710 2321 1755 est
2360 1702 2609 1756 mundus.
2651 1703 2851 1758 Bonum
2881 1718 3008 1759 vero
3035 1720 3238 1769 semen,
3271 1706 3323 1759 hi
3360 1718 3486 1761 sunt
3515 1708 3605 1760 filii
3637 1708 3810 1776 regni.

566 1804 772 1859 turbas.
792 1804 858 1857 Et
882 1802 1070 1856 talibus
1098 1798 1365 1871 parabolis
1390 1797 1566 1852 multis
1591 1795 1905 1865 loquebatur
1923 1794 2002 1849 eis
2019 1808 2140 1848 ver—
2168 1795 2215 1854 Β
2242 1791 2455 1845 Zizania
2483 1802 2659 1847 autem
2690 1794 2782 1848 lilii
2819 1804 2940 1850 sunt
2967 1810 3212 1864 nequam.
3239 1798 3484 1853 Inimicus
3514 1810 3695 1852 autem
3724 1801 3810 1867 qui

565 1896 717 1961 bum,
741 1902 897 1963 prout
924 1899 1163 1961 poterant
1191 1889 1397 1954 audire,
1425 1899 1479 1943 et
1503 1888 1619 1943 sine
1642 1886 1905 1957 parabolis
1927 1899 2034 1939 non
2062 1884 2140 1938 Io-

571 1985 831 2056 quebatur
852 1985 950 2048 eis,
971 1992 1029 2037 ut
1051 1982 1361 2051 impleretur
1385 1979 1524 2049 quod
1551 1977 1747 2033 dictum
1766 1985 1882 2031 erat
1908 1989 2002 2045 per
2021 1989 2142 2043 pro-

570 2079 806 2147 phetam,
831 2075 1093 2130 dicentem
1119 2073 1288 2145 (Psal.
1327 2086 1521 2135 Lxxvtt,
1548 2069 1605 2138 2)
1636 2084 1652 2123 :
1684 2068 1931 2137 Aperiam
1970 2065 2023 2119 in
2053 2080 2143 2135 pa-

569 2168 767 2225 rabolis
789 2183 850 2223 os
877 2181 1073 2229 meum,
1104 2165 1357 2220 eructabo
1371 2162 1681 2217 abscondita
1710 2174 1741 2213 a
1767 2157 2145 2214 constitutione

569 2262 775 2319 mundi.
795 2292 866 2303 —-
885 2260 1098 2315 Mum.
1127 2275 1243 2323 xm,
1268 2257 1461 2320 10-17;
1490 2256 1661 2309 Mane.
1693 2269 1765 2320 iV,
1798 2251 1983 2315 10-19.;
2014 2249 2144 2304 LUC.

572 2369 685 2420 vm,
711 2354 764 2418 9,
792 2352 886 2417 10;
912 2367 967 2417 x,
992 2348 1181 2404 25-24.
1211 2349 1274 2401 Et
1295 2347 1609 2400 accedentes
1636 2343 1881 2411 discipuli
1901 2343 2149 2395 dixerunt

574 2449 627 2503 ei
654 2464 668 2502 :
697 2446 873 2512 Quare
902 2445 952 2497 in
984 2440 1247 2511 parabolis
1274 2437 1506 2507 loqueris
1542 2437 1657 2491 eis?
1685 2435 1784 2502 Qui
1818 2434 2147 2503 resliondens

574 2541 651 2593 ait
678 2538 782 2592 illis
813 2552 830 2591 ι
863 2535 995 2602 Quia
1024 2532 1172 2585 vobis
1207 2532 1386 2584 datum
1415 2538 1497 2583 est
1522 2541 1681 2581 nosse
1710 2525 1958 2596 mysteria
2000 2525 2147 2595 regni

574 2630 855 2693 emlorum,
880 2627 985 2681 illis
1011 2633 1187 2677 autem
1217 2636 1320 2676 non
1349 2630 1429 2675 est
1460 2621 1663 2673 datum.
1697 2618 1946 2673 Seorsum
1975 2626 2151 2668 autem

579 2718 857 2790 discipulis
885 2717 995 2771 suis
1042 2713 1339 2768 disserebat
1385 2712 1583 2766 omnia.
1634 2710 1759 2765 Ideo
1787 2708 1839 2762 in
1888 2705 2155 2776 parabolis

585 2815 776 2882 loquor
796 2812 876 2867 eis
902 2808 1023 2878 quia
1046 2809 1287 2861 videntes
1313 2819 1418 2859 non
1445 2804 1648 2869 vident,
1678 2811 1732 2857 et
1752 2801 2027 2857 audientes
2049 2814 2153 2853 non

586 2905 829 2967 audiunt,
854 2916 1027 2970 neque
1049 2898 1367 2968 intelligunt.
1396 2897 1465 2952 Et
1500 2896 1817 2963 adimpletur
1844 2896 1897 2950 in
1922 2892 2000 2948 eis
2031 2907 2157 2961 pro-

587 2995 766 3065 phetia
798 2994 947 3047 Isaiae
979 2992 1270 3061 prophetia,
1300 2989 1526 3044 dicentis
1556 3004 1571 3043 :
1604 2988 1799 3041 Auditu
1830 2985 2075 3049 audietis,
2106 2993 2160 3040 et

587 3102 695 3142 non
721 3085 1047 3154 intelligetis,
1064 3094 1119 3138 et
1146 3083 1383 3136 videntes
1412 3080 1678 3148 videbitis,
1697 3088 1750 3134 et
1771 3093 1874 3132 non
1893 3076 2159 3131 videbitis.

2243 1882 2529 1935 seminavit
2557 1896 2643 1947 ea,
2673 1892 2755 1936 est
2775 1882 3037 1937 diabolus.
3063 1885 3248 1940 Messis
3273 1902 3399 1940 vero
3427 1890 3814 1943 consummatio

2242 1970 2423 2024 saeculi
2454 1980 2568 2037 est;
2600 1986 2865 2027 messores
2907 1983 3083 2029 autem
3125 1977 3297 2045 angeli
3340 1987 3481 2031 sunt.
3513 1978 3665 2031 Sicut
3693 1993 3815 2047 ergo

2245 2062 2565 2131 colliguntur
2604 2064 2805 2117 zizania
2834 2074 2888 2119 et
2915 2066 3017 2134 igni
3064 2066 3464 2132 comburuntur,
3511 2068 3592 2123 sic
3619 2069 3726 2122 erit
3766 2070 3813 2121 in

2247 2154 2703 2210 consummatione
2731 2157 2931 2211 saeculi.
2958 2158 3130 2212 Mittet
3155 2158 3318 2214 Filius
3345 2158 3573 2213 hominis
3604 2161 3816 2229 angelos

2248 2258 2411 2308 suos;
2443 2252 2497 2298 et
2525 2245 2777 2314 colligent
2804 2245 2870 2301 de
2898 2262 3062 2316 regno
3109 2248 3225 2317 ejus
3253 2249 3429 2302 omnia
3457 2249 3733 2315 scandala,
3768 2262 3819 2304 et

2250 2336 2447 2404 eosqui
2474 2335 2672 2390 faciunt
2701 2337 3031 2406 iniquitatem
3052 2348 3106 2393 et
3134 2340 3343 2394 mittent
3368 2353 3460 2393 eos
3490 2340 3817 2394 incaminbm

2252 2424 2387 2495 ignis
2415 2440 2430 2479 :
2464 2426 2532 2480 ibi
2562 2428 2663 2481 erit
2706 2428 2860 2483 ﬂetus
2887 2438 2942 2483 et
2980 2428 3179 2485 stridor
3222 2430 3481 2485 dentium.
3514 2430 3663 2484 Tunc
3698 2430 3819 2500 justi

2253 2515 2528 2585 fulgebunt
2562 2518 2697 2572 sicut
2723 2519 2803 2573 sol
2833 2519 2885 2573 in
2916 2534 3081 2591 regno
3112 2520 3274 2591 patris
3300 2536 3506 2577 eorum.
3535 2521 3639 2590 Qui
3670 2521 3823 2579 habet

2254 2622 2411 2662 aures
2440 2607 2691 2663 audiendi
2719 2608 2915 2665 audiat.

2787 2723 3013 2779 CAPUT
3054 2722 3312 2779 LXXVII.

2261 2810 2335 2865 De
2361 2812 2594 2867 thesauro
2630 2816 2923 2869 abscondito
2958 2817 3009 2869 in
3031 2832 3155 2886 agro
3180 2859 3194 2881 ,
3236 2826 3281 2868 et
3316 2798 3658 2886 negotiatione
3691 2832 3825 2871 mar-

2326 2887 2638 2952 garitarum;
2691 2889 2753 2938 de
2785 2902 2973 2954 sngena
3009 2890 3161 2939 missa
3214 2888 3265 2939 in
3300 2903 3466 2948 mare,
3511 2897 3556 2939 et
3589 2888 3654 2940 de
3690 2897 3825 2955 patre

2328 2955 2551 3023 familias
2570 2956 2656 3024 qui
2696 2958 2889 3026 profert
2921 2959 2982 3011 de
3008 2957 3245 3011 thesauro
3280 2973 3371 3011 suo
3404 2973 3531 3010 nova
3557 2966 3605 3010 et
3645 2969 3822 3011 vetera.

2331 3090 2545 3145 Mure.
2574 3107 2664 3146 xm
2687 3132 2704 3158 ,
2742 3092 2929 3151 44-53.
2979 3093 3167 3151 Simile
3196 3104 3280 3151 cst
3314 3110 3536 3165 regnum
3571 3096 3826 3152 caelorum

586 3182 939 3237 lncrassatum
970 3188 1051 3233 est
1075 3192 1168 3231 cor
1197 3176 1375 3245 p0puli
1404 3174 1578 3245 hujus,
1605 3184 1658 3229 et
1681 3172 1900 3228 auribus
1928 3171 2157 3242 graviter
2184 3166 2230 3229 C
2265 3180 2514 3236 thesauro
2571 3184 2884 3238 abscondito
2934 3185 2989 3239 in
3044 3200 3213 3254 agro;
3271 3202 3430 3256 quem
3484 3188 3574 3256 qui
3634 3187 3827 3242 invenit

586 3274 889 3335 audierunt,
912 3280 965 3325 et
992 3269 1173 3323 oculos
1199 3282 1325 3322 suos
1351 3268 1656 3321 clauserunt
1684 3281 1701 3324 ;
1733 3262 2014 3333 nequando
2039 3278 2160 3317 oeu-

586 3364 649 3419 lis
686 3364 922 3427 videant,
954 3372 1008 3415 et
1033 3361 1195 3415 corde
1240 3359 1554 3429 intelligant,
1585 3367 1641 3414 et
1678 3363 2071 3422 convertantur,
2104 3364 2157 3410 et

582 3472 767 3511 sanem
802 3470 896 3510 eos
923 3451 1056 3523 (lsa.
1089 3469 1160 3519 vr,
1196 3452 1251 3519 9,
1284 3453 1392 3522 10).
1427 3452 1596 3506 Vestri
1622 3460 1796 3504 autem
1826 3450 1966 3503 beati
1993 3448 2152 3515 oculi,

585 3546 705 3617 quia
752 3545 953 3610 vident,
996 3553 1049 3598 et
1079 3558 1234 3599 aures
1280 3552 1492 3610 vestrae,
1538 3542 1658 3609 quia
1706 3540 1970 3594 audiunt:
2001 3553 2154 3592 amen

587 3639 779 3708 quippe
821 3636 940 3689 dico
970 3635 1138 3700 vobis,
1179 3635 1301 3702 quia
1332 3634 1479 3687 multi
1513 3631 1779 3701 propheta:
1816 3641 1871 3685 et
1905 3630 2035 3700 justi
2064 3645 2157 3684 cu.

588 3730 797 3797 pierunt
823 3727 1001 3780 videre
1021 3741 1136 3794 quae
1163 3725 1374 3790 videtis,
1395 3735 1446 3778 et
1473 3738 1577 3801 non
1606 3722 1873 3789 viderunt;
1896 3733 1949 3779 et
1970 3722 2157 3779 audire

588 3834 707 3889 qua:
730 3818 944 3883 auditis,
974 3825 1027 3872 et
1055 3831 1159 3871 non
1185 3815 1485 3871 audierunt.

1138 3973 1360 4028 CAPUT
1398 3972 1607 4029 LXXV.

789 4064 1065 4136 Discipulis
1085 4068 1310 4120 edisserit
1332 4069 1622 4134 parabolam
1644 4071 1953 4126 seminantis.

658 4220 872 4276 Μιττιι.
903 4236 1030 4287 xm,
1065 4221 1259 4288 18-23;
1307 4222 1480 4279 Msnc.
1513 4240 1596 4292 tv,
1630 4225 1827 4293 15-20;
1868 4226 1997 4283 Luc.
2031 4244 2116 4285 vm
2138 4272 2153 4295 ,

594 4315 776 4371 lf-IS.
803 4314 911 4369 Vos
929 4330 1057 4387 ergo
1082 4314 1261 4370 audite
1293 4315 1597 4384 parabolam
1622 4320 1951 4374 seminantis.
1973 4317 2158 4373 Omnis

589 4408 679 4477 qui
702 4407 847 4462 audit
868 4409 1083 4463 verbum
1115 4408 1285 4477 regni,
1304 4417 1357 4462 et
1382 4423 1484 4462 non
1514 4409 1776 4480 intelligit,
1798 4412 1943 4467 venit
1964 4413 2155 4482 malus,

590 4512 643 4556 et
682 4501 819 4570 rapit
857 4500 999 4571 quod
1028 4502 1342 4556 seminatum
1370 4510 1453 4556 est
1496 4502 1550 4555 in
1578 4503 1738 4558 corde
1766 4504 1880 4573 ejus
1910 4520 1926 4558 :
1958 4505 2043 4559 hic
2077 4518 2158 4561 est
2189 4532 2240 4592 υ

592 4592 683 4663 qui
696 4608 850 4647 secus
873 4594 1008 4647 viam
1026 4595 1317 4649 seminatus
1338 4604 1438 4649 est.
1464 4595 1561 4661 Qui
1577 4605 1751 4650 autem
1772 4611 1934 4665 super
1950 4609 2157 4666 petrosa

591 4682 881 4736 seminatus
905 4690 987 4736 est
1006 4722 1021 4747 ,
1052 4682 1137 4737 hic
1159 4692 1242 4737 est
1266 4683 1355 4752 qui
1384 4684 1606 4740 verbum
1636 4685 1802 4754 audit,
1831 4695 1885 4742 et
1910 4688 2161 4744 continuo

592 4788 713 4828 cum
741 4772 931 4845 gaudio
957 4774 1149 4844 accipit
1184 4774 1313 4831 illud
1345 4792 1357 4829 :
1388 4792 1493 4831 non
1520 4776 1681 4832 habet
1707 4786 1882 4832 autem
1914 4780 1966 4833 in
1992 4793 2050 4835 se
2076 4796 2160 4835 ra-

590 4862 785 4927 dicem,
814 4862 905 4918 sed
944 4871 1028 4918 est
1067 4864 1404 4933 temporalis;
1439 4863 1571 4919 facta
1602 4875 1779 4920 autem
1821 4868 2160 4925 tribulatione

590 4963 645 5008 et
675 4954 1040 5022 persecutione
1087 4964 1305 5024 propter
1333 4955 1573 5021 verbum,
1621 4958 1873 5011 continuo
1901 4961 2161 5015 scandali-

589 5054 757 5099 zatur.
785 5044 887 5111 Qui
917 5053 1091 5099 autem
1124 5048 1415 5099 seminatus
1439 5054 1521 5099 est
1546 5046 1597 5099 in
1638 5048 1825 5115 spinis,
1870 5048 1916 5103 is
1954 5058 2034 5105 est
2071 5053 2160 5122 qui

593 5134 810 5189 verbum
837 5134 1016 5199 audit;
1045 5142 1098 5189 et
1123 5132 1425 5187 sollicitudo
1449 5132 1630 5187 smculi
1671 5133 1842 5202 istius,
1874 5146 1927 5197 et
1953 5138 2160 5196 fallacia

590 5227 889 5280 divitiarum
936 5225 1163 5281 sullocat
1190 5224 1430 5289 verbum,
1473 5234 1527 5278 et
1568 5228 1686 5282 sine
1711 5227 1882 5283 fructu
1910 5230 2157 5287 efﬁcitur.

590 5316 689 5382 Qui
718 5331 841 5371 vero
869 5316 918 5369 in
948 5326 1141 5370 terram
1171 5313 1359 5366 bonam
1385 5314 1677 5372 seminatus
1712 5328 1812 5385 est,
1844 5319 1929 5374 hic
1964 5330 2047 5376 est
2073 5324 2160 5392 qui

588 5410 736 5463 audit
763 5408 981 5463 verbum
1010 5416 1064 5461 et
1091 5404 1359 5473 intelligit,
1400 5416 1451 5459 et
1494 5406 1718 5464 fructum
1749 5411 1919 5479 all'ert,
1948 5423 2002 5468 et
2040 5414 2165 5469 facit

590 5498 733 5552 aliud
759 5495 1364 5568 quidem,centesimum,
1388 5496 1530 5552 aliud
1550 5508 1727 5555 autem
1748 5504 2161 5574 sexagesimum,

590 5588 732 5643 aliud
756 5601 883 5643 vero
912 5586 1257 5640 tricesimum.

667 5782 691 5811 ⁸
727 5773 883 5827 Deest
911 5786 1003 5823 sua
1033 5770 1084 5824 in
1120 5768 1324 5842 Vulgat.
1357 5771 1474 5830 Lat.
1503 5771 1652 5843 juxta
1679 5776 1773 5833 Gr.

2260 3273 2440 3339 homo,
2470 3274 2770 3343 abscondit,
2800 3286 2851 3332 et
2875 3292 2982 3345 pra:
3011 3278 3206 3348 gaudio
3235 3279 3380 3335 illius
3408 3280 3566 3343 vadit,
3582 3292 3640 3335 et
3658 3282 3828 3336 vendit

2258 3365 2507 3420 universa
2542 3380 2659 3434 qua:
2690 3367 2879 3433 habet,
2926 3378 2982 3423 et
3024 3369 3156 3423 emit
3197 3384 3380 3439 agrum
3425 3370 3593 3426 illum.
3640 3372 3825 3427 Iterum

2257 3457 2429 3510 simile
2449 3467 2529 3510 est
2559 3471 2778 3526 regnum
2809 3458 3067 3513 cmlorum
3093 3460 3297 3517 homini
3322 3462 3660 3531 negotiatori,
3689 3479 3827 3533 qua:-

2259 3548 2394 3600 rcnti
2426 3547 2591 3601 bonas
2623 3548 2968 3617 margaritas:
3013 3548 3226 3604 inventa
3261 3560 3438 3607 autem
3466 3568 3569 3606 una
3601 3553 3824 3621 pretiosa

2258 3638 2579 3708 margarita,
2622 3639 2753 3693 abiit
2807 3649 2860 3693 et
2908 3639 3147 3695 vendidit
3175 3645 3351 3697 omnia
3380 3657 3500 3713 qua:
3528 3643 3747 3709 habuit,
3773 3653 3823 3699 et

2258 3729 2385 3783 emit
2414 3742 2553 3783 eam.
2615 3729 2810 3783 lterum
2850 3730 3025 3785 simile
3065 3740 3147 3787 est
3191 3747 3412 3804 regnum
3443 3735 3701 3789 cmlorum
3744 3751 3825 3791 sa-

2257 3838 2409 3894 genze
2454 3825 2633 3879 missa:
2679 3825 2733 3878 in
2764 3840 2944 3892 mare,
2994 3836 3049 3882 et
3094 3842 3156 3882 ex
3200 3830 3341 3883 omni
3372 3844 3568 3898 genere
3615 3832 3827 3900 piscium

2257 3917 2619 3986 congreganti.
2677 3914 2846 3981 Quam
2878 3932 2999 3971 cum
3044 3918 3260 3986 impleta
3290 3928 3461 3985 esset,
3518 3919 3825 3988 educentes,

2258 4016 2313 4062 et
2357 4021 2512 4062 secus
2557 4008 2707 4062 littus
2742 4007 3025 4073 sedentes,
3082 4010 3359 4079 elegerunt
3401 4011 3570 4066 bonos
3617 4012 3669 4065 in
3715 4028 3828 4067 vasa

2259 4113 2352 4152 sua
2376 4106 2423 4163 η,
2454 4098 2623 4152 malos
2660 4106 2835 4153 autem
2870 4100 3012 4153 foras
3040 4100 3322 4156 miserunt.
3364 4101 3451 4157 Sic
3484 4103 3589 4156 erit
3618 4103 3671 4156 in
3702 4119 3825 4158 con-

2259 4190 2613 4243 summatione
2653 4190 2856 4243 satculi.
2910 4190 3148 4245 Exibunt
3178 4193 3382 4260 angeli,
3426 4203 3479 4247 et
3514 4196 3831 4262 separabnnt

2261 4279 2429 4333 malos
2450 4279 2516 4333 de
2539 4278 2715 4333 medio
2737 4279 3026 4348 justorum,
3055 4290 3111 4336 et
3138 4283 3462 4338 mittenteos
3490 4284 3545 4337 in
3572 4287 3830 4339 caminum

2262 4369 2431 4437 ignis:
2463 4368 2535 4423 ibi
2566 4368 2668 4424 erit
2697 4370 2851 4425 fletus
2879 4380 2936 4426 et
2963 4371 3163 4427 stridor
3191 4372 3452 4428 dentium.
3501 4372 3833 4430 Intellexistis

2265 4458 2379 4512 haec
2408 4458 2631 4513 omnia?
2662 4459 2853 4514 Dicunt
2879 4459 2972 4516 ei:
3004 4459 3201 4518 Etiam.
3224 4461 3313 4517 Ait
3341 4462 3475 4519 illis:
3508 4461 3634 4518 Ideo
3667 4466 3833 4519 omnis

2765 4564 2932 4621 regno
2961 4552 3217 4607 calorum
3239 4595 3253 4620 ,
3301 4553 3495 4609 similis
3531 4565 3612 4609 est
3639 4555 3832 4610 homini

2271 4642 2405 4709 patri
2443 4641 2673 4695 familias
2717 4643 2807 4709 qui
2859 4641 3065 4711 profert
3091 4642 3158 4699 de
3187 4645 3440 4700 thesauro
3480 4660 3581 4701 suo
3626 4661 3760 4700 nova
3786 4659 3835 4701 et

2270 4741 2470 4787 vetera.
2523 4732 2588 4785 Et
2622 4731 2816 4785 factum
2846 4740 2927 4787 est
2955 4746 3075 4789 cum
3105 4745 3532 4792 consummasset
3559 4736 3718 4792 Jesus
3748 4754 3833 4807 pa-

2265 4825 2477 4879 rabolas
2504 4824 2655 4891 istas,
2691 4823 2899 4879 transiit
2930 4824 3074 4882 inde.

2778 4957 3004 5014 CAPUT
3044 4959 3323 5015 LXXVIII.

2279 5049 2467 5103 Contra
2514 5048 2875 5121 lesumdcives
2920 5053 3031 5121 ejus
3086 5052 3337 5119 indignati
3399 5061 3517 5105 sunt
3571 5053 3842 5109 dicentes:

2696 5119 2841 5176 Unde
2862 5119 2980 5173 huic
3009 5131 3148 5173 tanta
3172 5122 3419 5175 scientia?

2340 5233 2548 5287 ΜΑττιι.
2570 5248 2682 5299 xm,
2708 5232 2872 5287 54-58
2890 5247 2904 5296 ;
2924 5231 3095 5286 Mane.
3116 5233 3319 5298 vr,i-6.
3349 5232 3657 5288 Etveniens
3677 5235 3728 5287 in
3752 5248 3835 5304 pa-

2275 5327 2428 5382 triam
2446 5341 2619 5391 suam,
2641 5326 2862 5380 docebat
2885 5339 2978 5379 eos
2997 5326 3048 5378 in
3071 5327 3378 5395 synagogis,
3402 5326 3475 5379 ita
3504 5338 3560 5380 ut
3582 5328 3835 5381 miraren-

2277 5428 2360 5471 tur
2399 5428 2451 5472 ct
2472 5417 2743 5472 dicerent:
2771 5414 2923 5472 Unde
2953 5417 3075 5470 huic
3097 5415 3359 5486 sapientia
3382 5416 3519 5483 haec,
3544 5428 3600 5473 et
3625 5419 3834 5473 virtutes

2273 5513 2404 5568 tales
2423 5528 2540 5582 qua:
2556 5526 2651 5581 per
2673 5524 2860 5566 manus
2880 5509 2996 5579 ejus
3010 5510 3345 5567 efficiuntur?
3366 5511 3553 5568 Nonne
3569 5513 3656 5568 hic
3673 5523 3752 5569 est
3768 5514 3833 5565 fa-

2272 5604 2350 5659 hri
2370 5602 2735 5660 ﬁliuslNonne
2752 5610 2920 5658 mater
2933 5600 3048 5672 ejus
3059 5601 3252 5659 dicitur
3264 5591 3505 5667 Maria,et
3520 5605 3710 5663 fratres
3722 5604 3831 5676 ejus
