4038 6356
187 368 293 425 289

937 332 1517 410 EVANGELICARUM
1556 342 2061 399 HARMONIARUM
2099 341 2671 400 INTEBPRETATIO.

3317 352 3421 411 290

191 483 439 548 Iacobus,
460 474 798 545 etJoseph,et
815 470 1019 533 Simon,
1039 462 1611 523 etJudasiEtsorores
1627 457 1760 528 ejus,
1793 459 1840 514 Α
1872 469 1969 548 pus
1999 454 2133 524 ejus,
2180 467 2233 510 et
2262 457 2589 525 sepelierunt
2617 457 2741 513 illud
2775 458 2826 513 in
2848 470 3212 517 monumento.
3257 463 3324 519 Et
3346 479 3437 522 vs.

190 588 370 632 nonne
398 584 583 626 omnes
614 563 753 635 apud
786 576 881 618 nos
905 559 1063 615 sunt?
1093 556 1247 612 Unde
1278 567 1406 624 ergo
1432 552 1555 604 huic
1581 548 1756 603 omnia

190 666 327 722 ista?
352 664 420 718 Et
447 655 943 716 scandalizabantur
965 651 1018 703 in
1041 662 1123 703 eo.
1144 644 1357 700 —-Luc.
1377 659 1448 705 tv,
1470 641 1666 697 23-30.
1698 641 1761 691 Et

189 760 269 814 ait
289 755 423 812 illis:
446 752 641 820 Utique
664 744 857 802 dicetis
874 741 1003 797 mihi
1027 738 1164 793 hanc
1183 731 1614 790 similitudinem:
1647 728 1759 782 Me-

188 852 333 915 dice,
347 862 472 904 cura
498 845 760 912 teipsam:
791 829 1295 907 quautaaudivimls
1307 825 1443 881 facta
1458 825 1509 879 in
1527 821 1763 915 Caphar-

190 914 376 1005 naum,
407 937 489 991 fac
508 944 561 988 et
592 932 676 985 hic
699 931 754 984 in
788 928 953 997 patria
984 932 1094 977 tua.
1141 920 1231 975 Ait
1254 924 1462 982 autem,
1484 943 1576 975 .-—
1603 914 1758 969 Jom.

189 1048 268 1100 tv,
301 1029 373 1084 Ν
390 1046 402 1081 :
419 1028 588 1083 Amen
614 1021 732 1076 dico
756 1016 932 1081 vobis,
964 1014 1089 1085 quia
1116 1024 1275 1066 nemo
1301 1007 1555 1079 propheta
1575 1019 1765 1100 accep.

190 1098 281 1179 tus
311 1131 393 1177 est
421 1120 473 1174 in
506 1116 677 1187 patria
711 1127 806 1168 sua
835 1119 891 1167 et
919 1109 972 1163 in
1012 1108 1173 1183 domo
1216 1120 1333 1159 sua.
1386 1101 1452 1157 Et
1492 1114 1597 1155 non
1639 1098 1766 1154 fecit

193 1216 268 1270 ibi
302 1214 525 1268 virtutes
557 1208 770 1272 multas,
822 1210 1040 1275 propter
1062 1196 1486 1255 incredulitatem
1524 1193 1758 1256 illorum,

190 1307 299 1363 nisi
337 1317 534 1376 paucos
563 1300 805 1355 infirmos
841 1292 1105 1365 impositis
1143 1289 1395 1346 manibus
1424 1287 1663 1342 curavit:
1709 1292 1766 1340 et

190 1399 488 1458 mirabatur
514 1403 729 1465 propter
746 1390 1169 1447 incredulitatem
1194 1385 1427 1439 illorum.
1458 1383 1514 1437 ln
1538 1382 1765 1437 veritate

191 1491 316 1547 dico
353 1488 540 1542 vobis:
598 1485 776 1540 multa:
805 1481 976 1536 vidua:
1029 1486 1183 1533 erant
1228 1477 1281 1530 in
1328 1476 1517 1530 diebus
1547 1474 1681 1528 Elite
1709 1472 1763 1527 in

191 1583 381 1651 Israel,
436 1579 651 1651 quando
689 1578 927 1633 clausum
970 1583 1053 1630 est
1080 1574 1275 1629 ctnlum
1315 1571 1469 1625 annis
1508 1569 1678 1624 tribus
1712 1577 1768 1623 et

189 1674 469 1731 mensibus
496 1687 617 1734 sex,
649 1684 770 1724 cum
801 1668 935 1723 facta
960 1675 1105 1721 esset
1126 1666 1293 1719 fames
1323 1677 1512 1731 magna
1540 1661 1591 1715 in
1619 1660 1764 1715 omni

192 1776 371 1822 terra:
420 1772 476 1820 et
509 1761 577 1817 ad
614 1761 811 1815 nullam
854 1759 1066 1812 illarum
1113 1755 1308 1809 missus
1354 1762 1436 1809 est
1469 1751 1611 1806 Elias
1642 1749 1764 1822 (111

192 1858 325 1929 Reg.
354 1871 484 1923 xvn,
518 1855 599 1923 9),
646 1853 744 1908 nisi
772 1853 824 1906 in
856 1850 1081 1919 Sarepta
1110 1846 1345 1903 Sidonia:
1389 1845 1456 1900 ad
1486 1844 1761 1900 mulierem

190 1949 434 2003 viduam.
490 1947 559 2000 Et
587 1945 736 1999 multi
764 1942 962 2012 leprosi
992 1950 1146 1996 erant
1170 1940 1223 1994 in
1250 1938 1417 1993 Israel
1444 1938 1543 1993 sub
1572 1937 1767 1992 Elisaeo

190 2016 452 2109 propheta
479 2036 527 2107 (1
548 2037 586 2090 γ
612 2035 738 2105 Reg.
766 2049 820 2099 v,
855 2032 972 2101 tt):
1002 2041 1056 2086 et
1082 2045 1238 2085 nemo
1269 2043 1453 2084 eorum
1481 2026 1766 2082 mundatus

189 2137 323 2194 est,
348 2128 450 2181 nisi
480 2127 715 2181 Naaman
740 2125 928 2197 Syrus.
985 2122 1051 2176 Et
1085 2122 1274 2188 repleti
1323 2129 1447 2175 sunt
1484 2134 1669 2174 omnes
1711 2119 1764 2173 iu

187 2232 465 2289 synagoga
506 2217 605 2281 ira,
666 2216 779 2270 hmc
831 2214 1124 2269 audientes.
1183 2213 1247 2266 Et
1295 2220 1660 2274 surrexerunt,
1713 2219 1767 2264 et

189 2309 475 2379 eiecerunt
519 2308 664 2361 illum
702 2316 849 2360 extra
882 2305 1174 2368 civitatem,
1231 2310 1288 2357 et
1317 2302 1581 2357 duxerunt
1619 2301 1763 2355 illum

190 2415 364 2470 usque
402 2400 469 2453 ad
517 2397 861 2467 supercilium
909 2395 1129 2460 montis,
1175 2408 1336 2463 super
1375 2409 1529 2462 quem
1574 2393 1765 2448 civitas

191 2491 405 2546 illorum
435 2498 552 2545 erat
583 2487 865 2552 ardilicata,
920 2494 979 2541 ut
1018 2486 1412 2556 prmcipitarent
1448 2500 1601 2541 eum:
1654 2485 1767 2554 ipse

190 2592 372 2641 autem
404 2582 670 2636 transiens
698 2596 791 2650 per
819 2579 1049 2634 medium
1084 2578 1320 2645 illorum,
1352 2578 1480 2632 ibat.

738 2668 966 2724 CAPUT
991 2668 1229 2723 LXXIX.

268 2740 362 2818 'De
389 2763 610 2818 Herodis
639 2762 883 2825 convivio,
908 2770 956 2813 et
984 2758 1047 2813 de
1065 2759 1284 2813 Joannis
1305 2758 1675 2827 interiectione.

264 2855 482 2911 Mar-ra.
515 2868 625 2923 xw,
653 2854 816 2919 542;
858 2852 1033 2908 Mane.
1058 2868 1133 2917 vr,
1170 2850 1365 2915 {7-29;
1408 2852 1537 2907 Luc.
1566 2865 1648 2915 nl,
1677 2848 1763 2914 l9,

191 2945 283 3001 20.
351 2945 405 2999 In
432 2945 528 2999 illo
558 2952 822 3013 tempore,
867 2943 1108 2998 Herodes
1135 2941 1397 2996 tetrarcba
1423 2940 1567 2996 misit
1588 2954 1651 2995 ac
1687 2949 1765 2994 te-

195 3036 313 3090 nuit
342 3035 623 3102 Joannem,
677 3044 732 3089 et
759 3034 930 3087 vinxit
973 3048 1094 3087 eum
1142 3034 1194 3088 in
1239 3047 1508 3088 carcerem
1550 3040 1765 3101 prepter

196 3126 553 3183 llerodiadem
603 3134 821 3179 uxorem
857 3124 1086 3193 Philippi
1122 3122 1304 3177 fratris
1339 3123 1453 3189 sui,
1505 3124 1627 3191 quia
1660 3121 1758 3175 du-

192 3226 509 3273 xerateam.
551 3215 769 3271 Dicebat
790 3214 930 3269 enim
962 3212 1196 3269 Joannes
1224 3210 1445 3266 Herodi:
1497 3210 1610 3264 Non
1644 3209 1765 3263 licet

192 3305 284 3361 tibi
320 3306 520 3360 habere
542 3318 766 3359 uxorem
801 3302 980 3356 fratris
1006 3301 1100 3356 tui.
1147 3300 1405 3355 ilerodias
1429 3308 1605 3355 autem
1639 3299 1768 3352 iusi-

194 3396 442 3451 diabatur
466 3396 564 3461 illi,
606 3406 661 3451 et
688 3396 900 3449 volebat
923 3392 1173 3448 occidere
1204 3407 1347 3458 eum,
1391 3406 1491 3446 nec
1527 3400 1763 3460 poterat:

193 3486 425 3542 timebat
453 3487 597 3542 enim
638 3485 917 3554 populum,
965 3483 1090 3553 quia
1120 3483 1260 3538 sicut
1304 3481 1615 3552 prephetam
1645 3495 1765 3536 eum

199 3578 491 3635 habebant.
517 3578 778 3634 Similiter
803 3587 856 3632 ct
878 3577 1117 3632 Herodes
1140 3576 1323 3633 volens
1353 3576 1499 3631 illum
1521 3576 1767 3632 occidere

195 3670 445 3733 timebat,
499 3671 673 3724 sciens
705 3684 825 3724 eum
866 3668 1036 3721 virum
1066 3667 1265 3737 justum
1295 3675 1351 3723 et
1387 3677 1663 3733 sanctum;
1714 3676 1767 3723 et

193 3762 533 3818 custodiebat
577 3777 721 3816 eum.
789 3760 857 3814 Et
882 3760 1062 3815 audito
1088 3775 1154 3816 eo
1199 3761 1367 3815 multa
1408 3760 1661 3827 faciebat,
1714 3770 1771 3814 et

193 3854 427 3911 libenter
457 3868 576 3908 eum
617 3852 887 3908 audiebat.
948 3852 1155 3907 Etcum
1186 3851 1302 3908 dies
1325 3860 1655 3921 opportunus
1678 3866 1768 3908 ac-

193 3948 436 4011 cidisset,
472 3946 707 4002 Herodes
732 3947 890 4001 natali
920 3961 1017 4000 suo
1053 3960 1259 4001 comam
1285 3946 1407 4002 fecit
1442 3946 1768 4015 principibus

193 4048 247 4094 et
295 4038 547 4104 tribunis,
597 4047 649 4094 ct
695 4038 884 4107 primis
922 4038 1175 4093 Galilmaa.
1217 4038 1456 4108 Cumque
1498 4039 1770 4093 introisset

194 4131 304 4186 lilia
354 4130 520 4199 ipsius
567 4129 899 4193 Herodiadis,
953 4138 1005 4183 et
1060 4130 1326 4195 saltasset,
1383 4138 1437 4185 et
1484 4131 1770 4200 placuisset

195 4222 417 4291 Herodi,
470 4222 739 4291 simulque
784 4221 1244 4288 recumbentibus,
1298 4237 1390 4277 rex
1428 4223 1502 4276 ait
1549 4223 1767 4291 puellm:

196 4315 329 4371 Pete
357 4330 386 4369 a
418 4330 504 4371 me
542 4316 681 4383 quod
721 4316 822 4379 vis,
875 4326 929 4369 et
958 4316 1095 4370 dabo
1143 4317 1260 4371 tibi.
1300 4317 1369 4370 Et
1412 4316 1611 4385 juravit
1654 4318 1766 4371 illi:

195 4408 330 4477 Quia
361 4409 619 4478 quidquid
650 4408 865 4475 petieris
891 4408 1028 4461 dabo
1068 4409 1185 4472 tibi,
1234 4410 1355 4463 licet
1379 4409 1654 4463 dimidium
1685 4427 1772 4464 re-

1870 546 2078 599 nientes
2128 548 2508 602 nuntiaverunt
2553 548 2702 604 Jesu.
2756 581 2821 591 —
2860 550 3077 607 Mum.
3107 568 3216 619 xiv,
3266 554 3321 621 1,
3365 556 3434 621 2;

1864 639 2035 693 Mane.
2068 654 2139 709 vr,
2175 641 2365 707 14-16;
2398 642 2531 697 Luc.
2555 659 2632 711 tx,
2658 644 2779 700 7-8.
2809 647 3023 702 Audivit
3066 656 3245 704 autem
3272 651 3437 706 Hero-

1866 731 1962 787 des
1992 733 2187 789 famam
2216 736 2366 805 Jesu,
2414 747 2469 793 et
2512 740 2686 794 omnia
2733 756 2852 810 qua:
2905 742 3105 798 fiebant
3148 744 3214 799 ab
3241 759 3335 800 eo:
3378 757 3434 801 et

1868 822 2171 892 haesitabat,
2220 842 2285 882 eo
2343 828 2486 897 quod
2532 830 2800 887 diceretur
2845 848 2875 888 a
2928 835 3267 904 quibusdam,
3306 839 3429 908 quia

1864 912 2097 970 Joannes
2118 918 2357 973 surrexit
2388 934 2417 973 a
2450 922 2676 977 mortuis
2699 940 2714 980 :
2738 926 3097 994 aquibusdam
3125 942 3282 995 vero,
3315 929 3434 999 quia

1866 1005 2008 1060 Elias
2035 1009 2313 1077 apparuit;
2369 1010 2438 1065 ab
2463 1011 2584 1067 aliis
2612 1024 2787 1069 autem
2819 1019 2957 1087 quod
3006 1019 3262 1089 prepheta
3299 1038 3435 1075 unus

1865 1095 1933 1153 de
1958 1099 2190 1168 antiquis
2230 1102 2483 1157 surrexit.
2519 1103 2585 1158 Et
2612 1106 2687 1159 ait
2717 1107 2981 1165 Herodes:
3038 1111 3294 1168 Joannem
3336 1128 3436 1181 ego

1865 1188 2151 1256 decollavi,
2178 1192 2296 1261 quis
2316 1202 2494 1248 autem
2514 1205 2596 1250 est
2626 1197 2725 1252 iste
2751 1198 2817 1254 de
2838 1216 2942 1270 quo
2971 1218 3068 1273 ego
3094 1205 3252 1258 audio
3280 1205 3436 1259 talia?

1869 1278 1936 1333 Et
1976 1283 2253 1350 quaerebat
2314 1286 2496 1340 videre
2552 1300 2696 1342 eum.
2739 1320 2808 1330 —
2848 1292 3054 1347 MATTH.
3084 1311 3191 1358 xtv,
3227 1298 3314 1362 15,
3346 1298 3433 1351 14.

1867 1371 2018 1438 Quod
2047 1388 2168 1428 cum
2200 1375 2439 1433 audisset
2468 1379 2644 1443 Jesus,
2693 1383 2917 1436 secessit
2954 1386 3078 1439 inde
3109 1387 3161 1439 iu
3192 1390 3434 1442 navicula

1867 1461 1921 1518 in
1963 1464 2134 1519 locum
2166 1467 2437 1522 desertum
2470 1486 2733 1526 seorsum.
2781 1474 2845 1527 Et
2875 1490 2994 1528 cum
3022 1478 3296 1533 audissent
3329 1489 3438 1533 tur-

1868 1554 1969 1619 bar,
2023 1564 2224 1612 secuta:
2254 1570 2376 1613 sunt
2404 1575 2525 1615 eum
2575 1550 2853 1631 pedestres
2893 1565 2960 1620 de
3005 1567 3326 1623 civitatibus.
3375 1572 3437 1625 Et

1869 1648 2057 1702 exiens
2083 1650 2216 1703 vidit
2260 1652 2464 1707 turbam
2492 1656 2735 1725 multam,
2783 1666 2838 1712 et
2888 1658 3138 1714 misertus
3161 1670 3245 1715 est
3295 1662 3432 1731 ejus,

1873 1747 1929 1794 et
1951 1743 2157 1797 curavit
2179 1742 2457 1813 languidos
2484 1760 2689 1802 eorum.

2424 1859 2646 1914 CAPUT
2676 1860 2891 1918 LXXX.

1866 1942 2017 1999 Jesus
2039 1944 2093 1998 in
2118 1945 2316 2026 deserto
2341 1947 2403 2001 de
2423 1949 2640 2026 quinque
2661 1952 2874 2026 panibus
2901 1960 2948 2005 et
2967 1953 3165 2026 duobus
3216 1941 3471 2026 piscibus'

2185 2018 2406 2087 quinque
2431 2019 2599 2071 millia
2617 2019 2879 2073 hominum
2902 2024 3118 2076 satiavit.

1938 2124 2153 2182 Μητιι.
2184 2144 2294 2193 xlv,
2328 2128 2521 2193 15—23;
2551 2130 2727 2186 Mane.
2752 2148 2823 2195 rt,
2851 2132 3054 2200 55-46;
3087 2134 3214 2189 Luc.
3241 2151 3314 2197 tx,
3345 2137 3438 2191 12-

1867 2215 1965 2283 17;
1996 2218 2152 2273 Jom.
2180 2236 2259 2285 vt,
2289 2221 2438 2276 545.
2470 2222 2707 2293 Vespere
2732 2236 2908 2279 autem
2932 2226 3092 2295 facto,
3124 2228 3438 2284 accedentes

1871 2308 2439 2375 duodecim,dixerunt
2467 2314 2542 2369 illi
2566 2331 2583 2370 :
2615 2316 2831 2372 Dimitte
2860 2318 3062 2382 turbas,
3086 2328 3146 2373 ut
3169 2328 3356 2375 euntes
3377 2321 3428 2375 iu

1893 2399 2113 2455 castella
2142 2401 2401 2472 villasque
2425 2419 2542 2472 quae
2584 2406 2722 2460 circa
2759 2417 2901 2471 sunt,
2949 2408 3235 2477 divertant,
3281 2419 3335 2464 et
3360 2410 3442 2464 in-

1874 2491 2090 2546 veniant
2110 2506 2299 2559 escas;
2330 2495 2450 2563 quia
2476 2495 2561 2550 hic
2592 2498 2645 2550 in
2676 2496 2795 2552 loco
2815 2498 3026 2553 deserto
3054 2514 3255 2554 sumus.
3280 2499 3439 2555 Jesus

1870 2590 2047 2637 autem
2078 2582 2212 2638 dixit
2237 2584 2371 2640 illis:
2404 2586 2518 2639 Non
2553 2586 2751 2642 habent
2779 2604 3000 2644 necesse
3025 2588 3136 2652 ire;
3182 2590 3305 2644 date
3332 2590 3439 2645 illis

1868 2688 1963 2729 vos
1987 2675 2333 2733 manducare.
2358 2677 2652 2748 Respondit
2682 2679 2729 2732 ei
2749 2680 3023 2750 Philippus
3047 2700 3058 2733 :
3080 2683 3433 2736 Ducentorum

1869 2762 2213 2819 denariorum
2243 2780 2406 2834 panes
2432 2783 2535 2821 non
2566 2768 2833 2823 sufficiunt
2860 2770 2957 2833 eis,
2994 2778 3051 2823 ut
3080 2771 3437 2840 unusquisque

1869 2851 2136 2907 modicum
2162 2853 2287 2923 quid
2311 2854 2556 2924 accipiat.
2606 2856 2669 2909 Et
2693 2857 2823 2912 dicit
2851 2858 2958 2911 eis:
2986 2857 3125 2925 Quot
3154 2873 3318 2928 panes
3346 2861 3438 2912 ha-

1869 2939 2043 2996 betis?
2073 2941 2210 2997 Dicit
2231 2942 2278 2997 ei
2307 2959 2443 2999 unus
2465 2960 2527 2998 ex
2550 2945 2824 3015 discipulis
2847 2947 2966 3017 ejus
2990 2947 3251 3017 Andreas,
3278 2949 3441 3005 frater

1868 3030 2100 3087 Simonis
2134 3034 2312 3088 Petri:
2351 3036 2443 3092 Est
2468 3053 2604 3105 puer
2626 3054 2763 3094 unus
2794 3039 2882 3094 hic
2909 3041 2996 3109 qui
3022 3040 3183 3096 habet
3211 3043 3442 3113 quinque

1871 3137 2036 3188 panes
2064 3126 2393 3180 hordeaceos
2420 3135 2471 3182 et
2497 3128 2631 3182 duos
2661 3130 2858 3198 pisces.
2888 3129 2992 3185 Sed
3024 3132 3139 3187 haec
3164 3133 3290 3203 quid
3317 3143 3442 3188 sunt

1877 3215 2017 3269 inter
2056 3218 2269 3271 tantos?
2319 3216 2427 3272 Nisi
2472 3220 2607 3275 forte
2644 3236 2742 3276 nos
2773 3238 2977 3288 eamus,
3030 3234 3084 3279 et
3110 3239 3348 3281 emamus
3386 3228 3439 3279 in

1870 3321 2082 3361 omnem
2120 3310 2255 3364 hanc
2282 3311 2489 3365 turbam
2520 3325 2691 3367 escas.
2722 3314 2818 3380 Qui
2850 3316 2928 3368 ait
2949 3314 3026 3369 eis
3050 3332 3065 3370 :
3092 3316 3291 3371 Aﬂ'erte
3316 3316 3435 3371 illos

1870 3397 1999 3452 mihi
2048 3398 2170 3453 huc.
2216 3400 2282 3455 Et
2310 3402 2565 3470 pra-cepit
2604 3402 2707 3457 illis
2749 3405 2807 3458 ut
2836 3404 3153 3460 accumbere
3198 3405 3440 3462 facerent

1869 3504 2057 3544 omnes
2099 3492 2392 3547 secundum
2430 3494 2802 3561 contubernia,
2860 3509 3016 3565 supra
3046 3495 3216 3552 viride
3241 3495 3443 3552 fenum.

1874 3579 2350 3639 Etdiscubuerunt
2377 3583 2428 3638 in
2457 3593 2653 3652 partes,
2699 3594 2753 3641 et
2779 3601 2874 3656 per
2893 3596 3168 3652 centenos,
3216 3598 3268 3644 et
3290 3588 3443 3659 quin-

1870 3685 2161 3740 quagenos.
2191 3674 2455 3744 Acceptis
2481 3682 2656 3729 autem
2685 3676 2919 3746 quinque
2974 3678 3196 3746 panibus
3227 3688 3282 3734 et
3305 3679 3439 3735 duo-

1869 3759 1967 3813 bus
2000 3761 2253 3829 piscibus,
2300 3764 2536 3833 respexit
2576 3764 2628 3818 in
2646 3765 2874 3831 telum,
2915 3775 2971 3820 et
3020 3767 3290 3822 benedixit
3317 3767 3442 3835 illis.

1871 3862 1922 3906 et
1949 3850 2128 3925 fregit,
2160 3864 2212 3909 et
2240 3853 2509 3910 distribuit
2534 3855 2809 3925 discipulis
2834 3858 2973 3912 suis:
3005 3857 3443 3927 discipuliauterr

1874 3942 2066 3997 turbis.
2126 3942 2192 3997 Et
2224 3944 2677 4000 manducaverunt
2702 3960 2909 4009 omnes,
2959 3949 3254 4002 etsaturati
3299 3956 3444 4002 sunt.

1874 4032 1940 4086 Et
1970 4033 2204 4087 tulerunt
2229 4034 2508 4103 reliquias,
2539 4035 2821 4092 duodecim
2848 4036 3103 4107 cophinos
3128 4037 3444 4107 fragmento-

1878 4139 1995 4179 rum
2044 4125 2254 4194 plenos.
2331 4126 2761 4184 Manducautium
2810 4139 2987 4184 autem
3044 4128 3143 4183 fuit
3195 4144 3446 4186 numerus

1875 4220 2107 4289 quinque
2140 4219 2309 4274 millia
2340 4222 2603 4286 virorum,
2632 4224 2870 4291 exceptis
2901 4222 3217 4275 mulieribus
3245 4231 3299 4276 et
3328 4237 3446 4289 par-

1872 4312 2031 4365 vulis.
2085 4312 2150 4365 Et
2180 4312 2359 4365 statim
2390 4312 2551 4381 jussit
2587 4312 2878 4381 discipulos
2908 4310 3240 4363 ascendereﬂ
3272 4312 3328 4362 in
3356 4324 3444 4361 ua-

1874 4402 2129 4470 viculam,
2178 4412 2231 4456 et
2259 4404 2564 4470 przecedere
2596 4419 2715 4456 eum
2764 4413 2911 4455 trans
2954 4402 3145 4455 fretum
3186 4400 3252 4454 ad
3282 4399 3447 4454 Beth-

190 4502 283 4570 gni
316 4500 445 4552 mei.
487 4498 619 4563 Quae
644 4510 765 4550 cum
805 4497 1049 4559 exiisset,
1105 4496 1238 4549 dixit
1267 4498 1420 4551 matri
1443 4513 1584 4553 suae:
1635 4500 1769 4566 Quid
1803 4532 1852 4593 υ
1876 4492 2103 4558 saidam,
2154 4494 2324 4548 donec
2365 4494 2654 4548 dimitteret
2684 4493 2887 4549 turbas.
2942 4495 3018 4549 Illi
3047 4510 3176 4565 ergo
3206 4494 3448 4549 homines

190 4588 418 4658 petam?
464 4589 532 4641 At
556 4587 643 4640 illa
673 4585 828 4651 dixit,
860 4594 1018 4655 caput
1043 4587 1264 4642 Joannis
1295 4587 1566 4658 Bapiistm.
1605 4590 1767 4645 Cum-

190 4693 303 4751 que
355 4676 632 4733 introisset
682 4678 860 4732 statim
906 4693 1024 4733 cum
1074 4678 1409 4736 festinatione
1449 4681 1514 4736 ad
1562 4698 1765 4753 regem,

196 4769 387 4840 petivit
432 4767 646 4823 dicens:
703 4766 835 4823 Volo
862 4777 921 4823 ut
969 4770 1208 4839 protinus
1237 4772 1332 4826 dt-s
1378 4773 1507 4827 mihi
1538 4774 1589 4829 in
1620 4775 1767 4831 disco

193 4868 355 4929 caput
407 4856 628 4913 Joannis
682 4858 953 4928 Baptistae.
1020 4863 1085 4918 Et
1138 4864 1482 4922 contristatus
1537 4876 1619 4923 est
1669 4885 1763 4925 rex

194 4961 414 5022 propter
432 4949 807 5021 jusjurandum
836 4964 889 5008 et
920 4964 1132 5024 propter
1156 4956 1312 5010 simul
1343 4960 1712 5016 recumbentes
1746 4979 1761 5017 :

196 5044 368 5097 noluit
395 5053 571 5099 autem
590 5058 708 5100 eam
729 5047 1064 5113 contristare,
1096 5049 1345 5120 misitque
1367 5054 1763 5121 spieulatorem,

197 5142 250 5187 ct
298 5134 588 5189 decollavit
627 5134 885 5192 Joannem
932 5138 984 5191 in
1040 5154 1275 5196 carcere.
1320 5142 1383 5196 Et
1431 5145 1647 5199 allatum
1683 5158 1766 5201 est

195 5236 351 5293 caput
406 5227 521 5297 ejus
550 5228 603 5282 in
647 5229 815 5295 disco,
868 5240 921 5287 et
949 5232 1128 5286 datum
1157 5243 1240 5289 est
1275 5236 1488 5304 puellm,
1544 5249 1595 5294 et
1621 5240 1768 5296 dedit

195 5318 345 5371 matri
379 5315 509 5372 suie.
554 5318 618 5373 Et
641 5320 955 5378 accedentes
981 5324 1222 5395 discipuli
1249 5324 1364 5394 ejus
1388 5328 1614 5383 tulerunt
1643 5346 1759 5389 cor.

268 5452 420 5532 Uir.
475 5460 584 5505 tum
617 5453 799 5535 Matth.
849 5472 959 5535 xtv_,
1156 5468 1265 5513 tum
1314 5461 1475 5518 Marc.
1535 5480 1623 5530 vt,
1672 5468 1766 5535 45,

196 5522 463 5604 maia/33¢,
498 5526 765 5604 compulit,
799 5528 979 5604 coegit.
1028 5528 1189 5604 Recte
1216 5541 1395 5604 autem
1427 5522 1766 5604 Ammonius;

194 5590 622 5675 qniMatthaaum
640 5590 972 5675 potissimum
985 5599 1258 5675 sequitur,
1289 5601 1344 5656 in
1372 5617 1470 5659 suo
1494 5590 1770 5675 exempla:

266 5661 473 5741 legebat
501 5666 622 5742 rod;
647 5668 877 5742 generare};
911 5661 1144 5742 ἐμϐῆνᾴᾳ,
1182 5661 1302 5742 non
1338 5682 1397 5727 ut
1423 5689 1609 5731 omnes
1638 5661 1767 5733 editi

197 5728 383 5803 Caeci,
432 5736 551 5803 frmi;
578 5728 804 5803 μαθητὰς
831 5728 1013 5793 «urbe.
1062 5728 1148 5795 Sit:
1178 5741 1302 5797 item
1334 5728 1769 5801 cumiAn'tvmoitiU

199 5795 399 5869 legebat
422 5795 679 5873 Origenes
700 5795 828 5861 tom.
856 5806 876 5861 ι
902 5795 1302 5882 Comtuentar.,

1875 4604 1995 4643 cum
2023 4586 2287 4642 vidissent
2314 4588 2453 4658 quod
2487 4587 2684 4643 fecerat
2714 4588 2944 4655 signum,
2976 4588 3253 4644 dicebant:
3315 4587 3447 4656 Quia

1877 4680 1962 4736 hic
1991 4689 2075 4735 est
2104 4695 2231 4736 vere
2260 4680 2520 4752 propheta
2551 4681 2639 4751 qui
2666 4690 2922 4736 venturus
2969 4688 3052 4737 est
3076 4682 3128 4736 in
3169 4680 3445 4737 mundum.

1873 4774 2030 4831 Jesus
2055 4786 2183 4843 ergo
2229 4788 2348 4828 cum
2381 4773 2717 4844 cegnovisset
2760 4774 2886 4843 quia
2918 4774 3130 4829 venturi
3172 4782 3355 4831 essent
3390 4783 3445 4830 ut

1872 4873 2121 4935 raperent
2147 4880 2266 4920 eum
2303 4875 2354 4920 et
2388 4862 2625 4941 facerent
2674 4879 2795 4919 eum
2824 4880 3027 4934 regem,
3058 4864 3212 4934 fugit.
3267 4866 3334 4921 Et
3358 4865 3447 4920 di-

1872 4960 2034 5014 missa
2055 4958 2228 5023 turba,
2255 4957 2493 5014 ascendit
2520 4958 2569 5011 in
2602 4964 2835 5011 montem
2868 4957 3014 5011 solus
3040 4971 3216 5038 orare.

2403 5069 2627 5126 CAPUT
2659 5069 2894 5124 LXXXI.

1872 5160 2023 5217 Jesus
2073 5177 2225 5232 super
2253 5177 2392 5215 more
2446 5160 2651 5225 pedibus
2668 5160 2975 5232 ambulavit,
3003 5169 3049 5212 et
3077 5156 3288 5213 Petrum
3316 5174 3445 5213 mer-

2429 5240 2625 5301 genlem
2659 5230 2906 5283 liberavit.

1944 5343 2301 5409 MA'I'TB.XIV,
2353 5342 2549 5408 25-35;
2600 5344 2775 5398 Mane.
2808 5360 2880 5410 vt,
2928 5343 3125 5409 47-51;
3178 5342 3333 5399 Joau.
3367 5358 3439 5411 vt,

1878 5472 2225 5526 confirmatur
2245 5471 2480 5540 Vulgata:
2500 5472 2679 5535 lectio,
2707 5474 2951 5539 compulit
2972 5472 3247 5536 discipulos
3265 5488 3442 5527 ascen.

1878 5543 2038 5597 dere:
2064 5544 2149 5597 cui
2175 5544 2409 5597 concinit
2448 5551 2501 5596 et
2526 5542 2735 5597 Persica
2770 5544 3174 5610 interpretatio;
3225 5542 3442 5611 reliquis

1878 5612 2091 5667 interitu
2124 5611 2366 5668 Graecum
2401 5611 2716 5666 hodiernum
2745 5613 3112 5669 affectantibus
3155 5628 3221 5669 ex
3267 5613 3443 5669 Marco

1880 5681 2098 5737 forsitan
2131 5684 2454 5739 restitutum.
2489 5682 2696 5754 _Adisis
2727 5682 3163 5754 Origenianorum
3196 5684 3441 5754 Exegeti-

1879 5768 2062 5824 corum
2091 5754 2161 5811 cl.
2193 5754 2456 5811 editorem
2484 5752 2730 5809 lluetium
2761 5753 2813 5809 in
2834 5752 2981 5809 notis
3012 5771 3130 5825 paa.
3156 5754 3244 5812 '55.
