4026 6460
566 360 660 416 291
1702 344 2009 402 VICTORIS
2049 340 2349 399 EPISCOPI
2388 341 2474 398 CA
2482 339 2567 397 PU
2573 339 2687 399 AN!
3715 346 3836 404 292

572 474 752 530 16-21.
799 470 1034 539 Vespere
1065 466 1432 529 autem‘l‘acto,
1460 460 1608 516 solus
1627 468 1742 515 erat
1769 460 1861 514 ibi.
1888 457 2140 513 Navicula
2172 458 2223 518 Α
2250 453 2315 507 de
2340 453 2478 508 cmlo
2504 466 2711 509 verum.
2767 450 2925 508 Panis
2962 452 3108 508 enim
3140 451 3236 510 Dei
3266 460 3371 521 est,
3422 452 3514 525 qui
3540 452 3837 512 descendit

569 574 744 620 autem
775 564 825 616 in
846 562 1020 616 medio
1044 558 1177 613 mari
1202 555 1499 626 jactabatur
1519 551 1787 606 ﬂuctibus.
1818 550 1944 604 Erat
1963 559 2142 603 autem
2245 544 2315 599 de
2341 544 2502 609 cmlo,
2532 552 2586 599 et
2606 543 2698 598 dat
2716 543 2879 598 vitam
2902 543 3124 599 mundo.
3152 544 3411 600 Dixerunt
3432 560 3560 615 ergo
3580 547 3650 601 ad
3670 562 3832 602 eum:

571 658 872 712 contrarius
891 664 1099 709 ventus.
1124 651 1316 718 Quarta
1340 656 1517 701 autem
1540 644 1715 715 vigilia
1740 644 1930 711 noctis,
1959 643 2144 699 videns

573 764 667 804 eos
694 749 1017 812 laborantes,
1067 741 1213 796 venit
1242 738 1308 793 ad
1335 752 1428 793 eos
1472 736 1751 791 ambulans
1780 749 1941 805 supra
1971 747 2139 789 mare.

574 841 640 895 Et
666 838 877 893 volebat
924 834 1197 904 praeterire
1242 844 1355 884 eos.
1419 828 1488 882 Et
1535 826 1777 882 videntes
1815 838 1938 880 eum
1984 836 2144 893 supra

577 945 723 984 mare
779 927 1169 988 ambulantem,
1222 919 1416 975 turbati
1463 929 1619 987 sunt,
1680 918 1957 973 dicentes:
2012 915 2147 982 Qui:

577 1025 886 1092 phantasma
915 1028 1019 1086 est,
1056 1026 1113 1071 et
1144 1030 1253 1085 prze
1282 1016 1475 1069 timore
1504 1014 1894 1068 clamaverunt.
1927 1009 2147 1065 Statim-

573 1128 678 1183 que
702 1111 854 1168 Jesus
883 1111 1092 1165 locutus
1120 1116 1203 1163 est
1228 1106 1328 1171 eis,
1376 1105 1589 1160 dicens:
1637 1102 1842 1158 Habeto
1866 1100 2143 1157 ﬁduciam:

579 1220 677 1273 ego
708 1218 852 1257 sum:
900 1201 1067 1256 nolite
1108 1200 1319 1254 timere.
1350 1196 1701 1266 Respondeas
1729 1204 1904 1249 autem
1936 1194 2143 1255 Petrus,

573 1295 735 1349 dixit:
786 1293 1030 1357 Domine,
1061 1293 1106 1345 si
1139 1301 1191 1346 tu
1220 1306 1300 1353 es,
1326 1289 1455 1358 juhe
1486 1303 1571 1343 me
1600 1287 1786 1342 venire
1811 1285 1877 1341 ad
1908 1296 1959 1339 te
1986 1297 2147 1353 super

571 1399 758 1454 aquas.
806 1386 877 1440 At
903 1384 1016 1454 ipse
1046 1383 1119 1437 ait
1153 1398 1169 1435 :
1199 1382 1353 1436 Veni.
1412 1379 1478 1433 Et
1504 1378 1835 1435 descendens
1867 1378 2054 1432 Petrus
2080 1375 2147 1431 de

571 1478 837 1540 navicula,
888 1476 1197 1532 ambulabat
1223 1490 1384 1545 super
1402 1490 1616 1544 aquam,
1650 1484 1709 1528 ut
1730 1473 1939 1528 veniret
1961 1470 2028 1526 ad
2057 1470 2147 1525 Je-

571 1585 715 1625 sum.
761 1568 954 1623 Videns
976 1583 1104 1623 vero
1134 1577 1350 1621 ventum
1378 1566 1638 1632 validum,
1690 1565 1887 1619 timuit.
1940 1563 2143 1617 Etcum

570 1660 825 1728 cmpisset
871 1657 1060 1727 mergi,
1103 1656 1352 1712 clamavit
1380 1655 1589 1711 dicens:
1649 1654 1891 1719 Domine,
1938 1653 2142 1708 salvum

576 1767 661 1805 me
686 1752 788 1805 fac.
822 1752 889 1805 Et
915 1751 1167 1805 continuo
1196 1750 1352 1804 Jesus
1379 1748 1671 1804 extendens
1699 1761 1912 1801 manum
1955 1758 2146 1814 appre-

2248 637 2495 703 Domine,
2525 649 2739 705 semper
2762 634 2830 690 da
2856 635 3011 691 nobis
3036 650 3229 705 panem
3259 637 3423 691 hunc.
3473 637 3617 692 Dixit
3645 650 3834 693 autem

2245 728 2326 784 eis
2374 727 2567 783 Jesus:
2599 726 2711 797 Ego
2754 739 2873 781 sum
2918 726 3072 796 panis
3100 726 3256 782 vitae:
3307 728 3399 798 qui
3427 728 3575 783 venit
3601 728 3670 783 ad
3712 744 3831 797 me,

2247 835 2353 876 non
2379 820 2617 877 esuriet:
2657 828 2714 876 et
2748 819 2839 890 qui
2864 819 3036 875 credit
3065 820 3117 876 in
3150 836 3257 889 me,
3291 836 3395 876 non
3418 821 3566 877 sitiet
3591 838 3833 894 unquam

2249 911 2441 983 (Eccli.
2457 911 2735 982 xxxv,29).
2755 911 2861 967 Sed
2881 911 3174 979 dixivobis,
3202 914 3324 983 quia
3340 922 3396 968 et
3412 913 3623 971 vidiStis
3644 930 3753 985 me,
3776 924 3835 972 et

2249 1016 2355 1057 non
2377 1001 2685 1058 credidistis
2698 1001 2724 1039 δ
2735 1039 2752 1057 .
2770 1001 2939 1057 Omne
2954 1002 3095 1073 quod
3110 1002 3202 1059 dat
3215 1003 3346 1058 mihi
3369 1004 3524 1059 Pater
3539 1005 3605 1060 ad
3631 1021 3719 1061 me
3735 1022 3834 1062 ve-

2246 1092 2361 1148 niet
2385 1110 2397 1145 :
2421 1102 2475 1149 et
2500 1106 2622 1150 eum
2648 1092 2740 1162 qui
2766 1092 2914 1148 venit
2933 1092 2999 1149 ad
3020 1108 3246 1159 me,non
3266 1094 3474 1164 ejiciam
3492 1095 3639 1151 foras
3661 1112 3678 1150 :
3705 1101 3833 1167 quia

2247 1183 2497 1240 descendi
2509 1183 2577 1239 de
2591 1183 2750 1252 cmlo,
2768 1198 2873 1239 non
2884 1192 2942 1239 ιιι
2954 1183 3144 1239 faciam
3157 1185 3485 1239 voluntatem
3520 1200 3721 1251 meam,
3732 1189 3833 1241 sed

2245 1275 2573 1331 voluntatem
2595 1274 2711 1345 ejus
2735 1276 2826 1345 qui
2860 1275 3005 1331 misit
3027 1290 3133 1331 me.
3164 1275 3291 1331 llaec
3330 1288 3413 1332 est
3441 1278 3692 1332 voluntas
3714 1278 3834 1347 ejus

2247 1366 2339 1435 qui
2358 1366 2504 1421 misit
2522 1381 2610 1422 me
2630 1367 2822 1434 Patris,
2836 1375 2897 1421 ut
2914 1380 3074 1421 omne
3089 1366 3229 1437 quod
3248 1366 3394 1423 dedit
3415 1368 3565 1431 mihi,
3585 1382 3692 1422 non
3712 1384 3834 1437 per-

2247 1456 2370 1512 dam
2391 1472 2457 1513 ex
2481 1471 2566 1521 eo,
2585 1457 2679 1512 sed
2702 1458 3013 1513 resuscitem
3036 1456 3167 1512 illud
3185 1458 3237 1511 in
3258 1457 3548 1513 novissimo
3568 1457 3680 1512 die.
3710 1458 3833 1513 ilzec

2248 1557 2333 1603 est
2350 1548 2492 1604 enim
2510 1548 2754 1603 voluntas
2766 1547 2936 1603 Patris
2955 1548 3060 1603 mei
3077 1550 3164 1619 qui
3187 1550 3329 1603 misit
3350 1561 3455 1613 me,
3470 1556 3530 1602 ut
3547 1549 3727 1601 omnis
3742 1550 3831 1615 qui

2246 1638 2392 1692 videt
2411 1638 2580 1692 ﬁlium
2604 1646 2659 1693 et
2678 1638 2848 1693 credit
2868 1639 2920 1693 in
2942 1652 3088 1703 eum,
3118 1638 3313 1693 habeat
3342 1639 3504 1691 vitam
3528 1646 3786 1691 aeternam
3814 1655 3827 1697 ;

2246 1737 2301 1782 et
2328 1727 2655 1783 resuscitabo
2698 1738 2821 1783 eum
2870 1728 2923 1781 in
2962 1726 3252 1782 novissimo
3278 1727 3387 1782 die.
3422 1728 3831 1781 Murmurabant

577 1845 764 1899 hendit
785 1860 930 1911 eum,
958 1852 1014 1899 et
1034 1844 1106 1898 ait
1127 1844 1228 1897 illi:
1256 1842 1469 1897 Modicze
1490 1840 1634 1908 ﬁdei,
1666 1854 1829 1910 quare
1853 1838 2142 1893 dubitasti?
2172 1840 2218 1899 Β
2246 1832 2375 1911 ergo
2393 1816 2563 1911 Judaei
2593 1818 2661 1872 de
2690 1818 2798 1911 illo.
2812 1817 3196 1911 guiadisissel
3221 1834 3235 1871 =
3264 1818 3373 1911 589
3403 1832 3519 1871 sum
3552 1817 3710 1887 ranis
3732 1818 3827 1911 tuli

558 1937 777 1990 Etcum
815 1936 836 1958 ‘
864 1935 1191 1990 asrendisset
1222 1932 1536 1995 naviculam,
1564 1931 1792 1987 cessavit
1817 1941 2041 1986 ventus:
2089 1938 2145 1986 et

574 2027 751 2081 statim
785 2025 881 2080 fuit
913 2025 1063 2079 navis
1093 2025 1157 2079 ad
1191 2032 1382 2080 terram
1414 2023 1477 2076 ad
1519 2038 1676 2093 quam
1710 2023 1875 2077 ibant.
1922 2021 2022 2089 Qui
2048 2036 2145 2076 au-

573 2128 677 2171 tem
709 2117 760 2170 in
790 2117 1028 2170 navicula
1058 2125 1231 2181 erant,
1263 2125 1521 2171 venerunt
1548 2124 1601 2170 et
1621 2114 1975 2170 adoraverunt
1999 2127 2143 2179 eum,

571 2210 847 2265 dicentes:
880 2209 1015 2264 Vere
1046 2209 1185 2263 ﬁlius
1217 2209 1309 2264 Dei
1338 2224 1416 2264 es.

1095 2351 1319 2407 CAPUT
1352 2350 1438 2405 LX
1451 2351 1487 2404 Χ
1501 2351 1610 2405 ΧΗ.

571 2441 986 2513 Transfrelantes
1030 2451 1271 2494 venerunt
1301 2441 1353 2493 in
1386 2451 1568 2491 terram
1598 2438 1868 2492 Grnasar:
1912 2445 1956 2491 et
1984 2438 2146 2491 turbw

948 2521 1129 2566 secum
1154 2521 1268 2564 sunt
1297 2526 1410 2564 eum
1441 2520 1580 2562 trum
1607 2525 1763 2562 mare.

644 2644 854 2698 MATTtl.
903 2658 1018 2711 χιιι,
1062 2642 1264 2705 54-56ς
1313 2641 1488 2696 Mane.
1530 2657 1603 2708 Vl,
1653 2638 1847 2695 55-56.
1913 2639 1980 2693 Et
2026 2652 2145 2693 cum

575 2736 1032 2802 transfretassent,
1084 2742 1347 2789 venerunt
1392 2734 1446 2787 in
1483 2740 1677 2787 terram
1706 2728 1944 2786 Genasar
1974 2738 2021 2779 ι.
2082 2729 2147 2783 Et

572 2842 693 2882 cum
741 2827 1114 2897 cognovissent
1155 2840 1277 2880 eum
1306 2823 1407 2879 viri
1454 2823 1557 2878 loci
1588 2823 1745 2889 illius,
1795 2822 2051 2876 miserunt
2095 2821 2148 2874 in

578 2920 879 2973 universam
922 2917 1194 2987 regionem
1229 2916 1397 2982 illam,
1450 2924 1505 2970 et
1532 2914 1840 2968 obtuleiunt
1878 2912 1928 2965 ei
1964 2922 2150 2964 omnes

579 3012 713 3064 male
760 3009 1037 3063 habentes.
1091 3008 1159 3063 Et
1202 3008 1461 3079 rogabant
1506 3022 1628 3060 eum
1673 3012 1729 3057 ut
1773 3004 1852 3058 vel
1886 3002 2147 3056 ﬁmbriam

577 3102 877 3155 vestimenti
908 3101 1024 3171 ejus
1054 3108 1355 3169 tangerent.
1411 3099 1476 3153 Et
1505 3099 1807 3167 quicunque
1839 3096 2147 3165 tetigerunt,

2244 1908 2312 1963 de
2340 1910 2477 1965 C(BIO
2500 1909 2772 1964 descendi.
2809 1908 2877 1963 Et
2914 1908 3182 1977 dicebant,
3235 1940 3308 1951 -
3331 1908 3543 1963 Muru.
3580 1924 3697 1973 xm,
3726 1908 3824 1973 55;

2245 1999 2419 2054 Mane.
2443 2001 2597 2068 vt,5:
2619 1999 2805 2055 Nonne
2827 1999 2911 2054 hic
2932 2010 3015 2055 est
3039 2000 3178 2054 ﬁlus
3198 1999 3417 2070 Joseph,
3434 2000 3589 2068 cujus
3610 2014 3712 2054 nos
3732 2015 3826 2053 no-

2245 2093 2417 2145 vimus
2452 2104 2654 2161 patrem
2691 2099 2747 2146 et
2772 2092 3030 2147 matrem?
3060 2091 3337 2157 Quomodo
3374 2105 3502 2160 ergo
3529 2091 3665 2145 dicit
3694 2092 3779 2144 hic
3807 2106 3821 2143 :

2245 2183 2378 2248 Quia
2407 2182 2477 2239 de
2505 2184 2644 2237 C(BIO
2670 2183 2960 2239 descendi?
2990 2182 3286 2253 Respondit
3319 2197 3447 2252 ergo
3475 2180 3633 2236 Jesus
3665 2197 3683 2234 :
3715 2182 3823 2235 No-

2247 2274 2338 2328 lite
2376 2289 2711 2329 murmurare
2739 2275 2988 2329 invicem.
3020 2274 3187 2329 Nemo
3224 2282 3398 2343 potest
3420 2272 3603 2327 venire
3639 2272 3709 2326 ad
3741 2287 3824 2327 me

2247 2364 2349 2418 nisi
2380 2364 2536 2419 Pater
2564 2379 2715 2419 meus
2749 2375 2771 2402 α
2802 2366 3020 2419 traxerit
3049 2379 3200 2431 eum;
3246 2373 3301 2419 et
3342 2378 3440 2433 ego
3490 2364 3823 2419 resuscitabo

2251 2469 2371 2511 eum
2397 2457 2447 2507 in
2477 2456 2767 2509 novissimo
2795 2455 2901 2509 die.
2930 2457 3021 2509 Est
3046 2456 3302 2524 scriptum
3332 2455 3386 2509 in
3419 2454 3691 2524 prophetis
3718 2473 3735 2510 :
3765 2455 3826 2510 Et

2248 2556 2407 2601 erunt
2433 2562 2619 2602 omnes
2647 2547 2802 2602 docib
2825 2548 2902 2603 les
2929 2548 3019 2603 Dei
3052 2546 3191 2617 (Ira.
3224 2562 3339 2612 uv,
3367 2547 3486 2618 15).
3516 2549 3706 2603 Omnis
3733 2549 3824 2618 qui

2250 2639 2450 2693 audivit
2472 2655 2501 2693 a
2527 2640 2703 2707 Patre,
2724 2640 2929 2705 didicit,
2948 2640 3095 2694 venit
3115 2640 3181 2693 ad
3199 2654 3302 2694 me.
3325 2638 3439 2693 Non
3469 2639 3589 2708 quia
3611 2638 3826 2694 Patrem

2252 2731 2379 2784 vidit
2409 2730 2687 2801 quisquam
2714 2750 2726 2783 :
2754 2731 2852 2785 nisi
2883 2730 2972 2801 qui
2998 2740 3079 2787 est
3100 2745 3129 2783 a
3156 2729 3285 2799 Deo,
3321 2730 3408 2783 hic
3441 2730 3564 2784 vidit
3587 2730 3821 2784 Patrem.

2252 2824 2457 2890 Amen,
2496 2836 2649 2877 amen
2685 2821 2807 2876 dico
2840 2822 2991 2876 vobis
3034 2839 3046 2873 :
3084 2821 3174 2890 qui
3216 2820 3385 2876 credit
3423 2819 3475 2873 in
3507 2835 3621 2886 me,
3665 2820 3829 2875 habet

2252 2916 2415 2969 vitam
2457 2924 2734 2970 aeternam.
2781 2914 2893 2984 Ego
2932 2927 3048 2967 sum
3086 2913 3237 2984 panis
3275 2912 3415 2966 vitae.
3448 2912 3636 2966 Patres
3665 2912 3828 2966 vestri

2254 3006 2710 3060 manducaverunt
2747 3019 2940 3059 manna
2976 3006 3029 3059 in
3068 3005 3312 3070 deserto,
3345 3015 3399 3058 et
3442 3003 3639 3059 mortui
3679 3014 3825 3058 sunt.

2256 3098 2351 3154 Hic
2378 3108 2462 3155 est
2486 3101 2637 3169 panis
2668 3098 2735 3153 de
2762 3098 2900 3154 cmlo
2929 3097 3261 3154 descendens
3288 3116 3300 3151 :
3328 3108 3385 3152 ut
3408 3099 3450 3150 si
3478 3098 3598 3167 quis
3623 3112 3690 3152 ex
3716 3100 3828 3166 ipso

577 3195 708 3249 salvi
739 3194 862 3247 facti
892 3202 1035 3248 sunt.
1069 3222 1139 3233 —
1167 3192 1323 3247 loss.
1357 3207 1430 3258 vi,
1460 3189 1651 3244 “li-72.
1692 3188 1871 3244 Altera
1900 3187 2007 3252 die,
2041 3196 2151 3240 tur—
2181 3209 2228 3273 α
2260 3194 2687 3259 manducaverit,
2720 3208 2825 3246 non
2850 3192 3128 3246 moriatur.
3168 3191 3278 3261 Ego
3314 3205 3431 3244 sum
3474 3192 3627 3258 panis
3657 3189 3826 3252 vivus,

578 3286 642 3343 ba
674 3302 792 3358 quae
836 3286 1010 3341 stabat
1041 3295 1185 3340 trans
1229 3298 1396 3349 mare,
1454 3282 1583 3337 vidit
1613 3283 1735 3351 quia
1766 3278 2008 3336 navicula
2048 3278 2154 3332 alia

579 3397 683 3435 non
713 3388 829 3434 erat
856 3378 928 3433 ibi
958 3377 1060 3433 nisi
1091 3391 1218 3443 una,
1251 3385 1306 3432 et
1333 3376 1455 3446 quia
1486 3390 1591 3430 non
1624 3374 1896 3428 introisset
1922 3386 2043 3426 cum
2067 3371 2152 3424 di-

576 3472 793 3541 scipulis
824 3471 933 3526 suis
964 3469 1119 3525 Jesus
1149 3471 1200 3524 in
1225 3470 1421 3533 navim,
1476 3467 1571 3523 sed
1619 3468 1718 3521 soli
1746 3466 1995 3533 discipuli
2038 3463 2153 3533 ejus

577 3562 863 3616 abiissent:
887 3562 1004 3613 alia:
1026 3576 1151 3614 vero
1173 3567 1597 3626 supervenerunt
1622 3571 1782 3612 naves
1802 3573 1831 3611 a
1850 3554 2151 3619 Tiberiade,

575 3654 728 3721 juxta
758 3654 929 3706 locum
952 3651 1040 3705 ubi
1070 3650 1519 3704 manducaverant
1544 3662 1755 3717 partem,
1780 3647 1975 3716 gratias
1996 3660 2158 3715 agen-

581 3753 661 3796 tes
690 3740 938 3794 Domino.
972 3737 1102 3793 Cum
1132 3752 1259 3807 ergo
1289 3738 1508 3819 vyisset
1537 3737 1689 3791 turba
1718 3737 1839 3805 quia
1868 3736 2021 3792 .lesus
2050 3750 2156 3789 non

584 3841 728 3887 esset
756 3830 852 3897 ibi,
902 3844 1074 3898 neque
1094 3829 1337 3897 discipuli
1369 3830 1506 3899 ejus,
1542 3829 1895 3885 ascenderunt
1922 3830 1974 3883 in
2002 3828 2155 3882 navi-

579 3921 749 3985 culas,
800 3928 856 3976 et
893 3930 1157 3975 venerunt
1183 3918 1576 3989 Capharnaum,
1626 3930 1926 3988 quaerentes
1949 3918 2151 3974 Jesum.

582 4011 649 4065 Et
690 4024 810 4065 cum
840 4007 1172 4065 invenissent
1197 4024 1321 4064 eum
1366 4017 1512 4063 trans
1557 4022 1726 4075 mare,
1777 4008 2029 4064 dixerunt
2064 4011 2153 4063 ei:

582 4102 775 4168 Rabbi,
807 4100 1023 4171 quando
1054 4100 1156 4157 huc
1186 4101 1416 4157 venisti?
1470 4101 1762 4170 Respondit
1791 4101 1945 4157 Jesus
1972 4102 2073 4165 eis,
2105 4108 2160 4156 et

579 4193 739 4248 dixit:
764 4194 955 4261 Amen,
982 4207 1137 4249 amen
1160 4192 1280 4249 dico
1309 4193 1480 4259 vobis,
1508 4193 1742 4262 quaeritis
1770 4208 1875 4259 me,
1906 4208 2010 4247 non
2034 4192 2153 4261 quia

580 4286 788 4342 vidistis
815 4286 992 4357 signa,
1041 4284 1136 4340 sed
1167 4286 1291 4355 quia
1322 4285 1688 4339 manducastis
1714 4299 1778 4338 ex
1812 4286 2057 4353 panibus,
2104 4292 2159 4339 et

578 4380 803 4434 saturati
829 4379 979 4434 estis.
1032 4377 1341 4455 Operamini
1383 4395 1487 4433 non
1516 4378 1690 4434 cibum
1733 4379 1824 4447 qui
1856 4380 2011 4447 perit,
2061 4378 2157 4433 sed

576 4472 670 4540 qui
701 4480 977 4539 permanet
1009 4472 1063 4528 in
1092 4475 1257 4528 vitam
1290 4481 1568 4539 aeternam,
1600 4487 1755 4541 quem
1792 4471 1957 4526 Filius
1989 4472 2155 4526 homi-

2258 3287 2347 3354 qui
2381 3287 2447 3341 de
2476 3286 2615 3341 caelo
2643 3284 2913 3339 descendi.
2948 3283 3004 3340 Si
3035 3282 3155 3353 quis
3188 3283 3590 3338 manducaverit
3632 3298 3701 3336 ex
3731 3282 3829 3336 hoc

2256 3391 2423 3446 pane,
2456 3377 2598 3431 vivet
2637 3375 2692 3429 in
2730 3382 3012 3429 aeternum.
3046 3372 3110 3426 Et
3144 3372 3293 3440 panis
3329 3387 3489 3440 quem
3527 3387 3628 3441 ego
3672 3372 3828 3435 dabo,

2255 3480 2381 3520 caro
2411 3481 2529 3522 mea
2559 3473 2646 3521 est
2670 3479 2765 3534 pro
2806 3463 2993 3519 mundi
3022 3464 3150 3517 vita.
3183 3462 3477 3533 Litigabant
3506 3477 3635 3532 ergo
3662 3463 3831 3518 ludat

2255 3558 2322 3615 ad
2369 3559 2629 3625 invicem,
2671 3557 2913 3613 dicentes
2955 3573 2969 3611 :
3010 3554 3289 3622 Quomodo
3324 3563 3501 3624 potest
3545 3553 3637 3608 hic
3679 3553 3831 3609 nobis

2256 3667 2473 3707 carnem
2492 3665 2644 3708 suam
2667 3650 2798 3706 dare
2825 3649 2892 3705 ad
2922 3647 3384 3705 manducandum?
3416 3646 3557 3701 Dixit
3595 3660 3727 3716 ergo
3756 3646 3831 3699 eis

2256 3742 2412 3798 Jesus
2438 3761 2451 3796 :
2481 3745 2676 3807 Amen,
2704 3754 2861 3795 amen
2882 3740 3002 3795 dico
3023 3738 3176 3794 vobis
3202 3756 3214 3792 :
3244 3737 3354 3792 Nisi
3378 3736 3831 3793 manducaveritis

2257 3847 2472 3888 carnem
2486 3831 2603 3887 Filii
2626 3830 2875 3899 hominis,
2900 3840 2955 3885 et
2980 3829 3221 3886 biberitis
3237 3829 3353 3898 ejus
3376 3830 3710 3898 sanguinem,
3726 3843 3830 3884 non

2259 3924 2523 3979 habebitis
2560 3925 2722 3979 vitam
2764 3924 2819 3978 in
2864 3923 3039 3978 vobis.
3071 3924 3170 3990 Qui
3198 3923 3483 3977 manducat
3508 3938 3683 3978 meam
3713 3937 3833 3977 car-
3907 3914 3910 3922 λ

2258 4032 2381 4071 nem
2422 4027 2475 4072 et
2510 4017 2644 4073 bibit
2685 4030 2862 4071 meum
2901 4015 3247 4086 sanguinem,
3280 4014 3443 4069 habet
3469 4014 3631 4068 vitam
3668 4023 3830 4068 teter-

2258 4124 2380 4163 nam
2415 4127 2426 4161 :
2457 4118 2511 4165 et
2536 4124 2635 4179 ego
2664 4107 2997 4165 resuscitabo
3025 4123 3147 4163 eum
3170 4108 3222 4162 in
3246 4106 3535 4163 novissimo
3559 4106 3667 4162 die.
3693 4106 3833 4161 Caro

2258 4200 2399 4254 enim
2426 4215 2544 4254 mea
2574 4215 2699 4255 vere
2727 4208 2810 4255 est
2845 4198 3026 4265 cibus,
3058 4207 3113 4253 et
3140 4200 3356 4268 sanguis
3394 4212 3548 4252 meus
3585 4212 3715 4253 vere
3752 4206 3836 4252 est

2261 4300 2436 4359 potus.
2470 4290 2571 4356 Qui
2601 4291 2886 4345 manducat
2920 4305 3092 4345 meam
3129 4303 3344 4344 carnem
3379 4298 3433 4343 et
3477 4287 3612 4343 bibit
3654 4301 3833 4343 meum

2259 4382 2594 4451 sanguinem,
2629 4382 2682 4435 in
2716 4397 2800 4437 me
2839 4390 3050 4445 manet,
3083 4388 3137 4435 et
3157 4395 3257 4450 ego
3288 4381 3340 4435 in
3366 4380 3476 4434 illo.
3512 4380 3663 4436 Sicut
3690 4378 3835 4432 misit

2262 4488 2347 4525 me
2369 4474 2553 4526 vivens
2582 4472 2759 4537 Pater,
2792 4481 2845 4528 et
2869 4486 2969 4541 ego
2996 4470 3118 4524 vivo
3149 4480 3364 4540 propter
3393 4470 3639 4533 Patrem;
3671 4477 3725 4522 et
3746 4467 3835 4537 qui

579 4564 665 4616 nis
713 4564 867 4617 vobis
920 4562 1103 4618 dabit:
1167 4565 1307 4618 hunc
1345 4565 1484 4619 enim
1537 4564 1695 4617 Pater
1736 4562 1965 4633 signavit
2016 4563 2152 4617 Deus
2185 4580 2234 4640 ι)
2262 4565 2543 4618 manducat
2568 4579 2673 4631 me,
2701 4573 2756 4618 et
2777 4566 2889 4634 ipse
2913 4564 3057 4619 vivet
3082 4572 3298 4633 propter
3321 4578 3424 4617 me.
3452 4560 3552 4617 llic
3576 4569 3660 4616 est
3682 4560 3832 4631 panis

579 4648 793 4720 (Matth.
828 4664 906 4718 tu,
950 4653 1048 4718 i7;
1107 4670 1236 4719 xvii,
1270 4655 1344 4721 5).
1411 4654 1665 4709 Dixerunt
1711 4670 1836 4721 ergo
1886 4655 1953 4708 ad
2001 4670 2153 4709 eum:

578 4738 715 4805 Quid
742 4738 1022 4807 faciemus,
1055 4751 1112 4795 ut
1139 4757 1444 4811 Operemur,
1489 4758 1650 4811 Opera
1683 4745 1814 4798 Dei?
1866 4744 2158 4812 Respondit

578 4829 756 4896 .lesus,
791 4840 843 4883 et
875 4828 1009 4883 dixit
1038 4830 1146 4884 eis:
1192 4832 1303 4884 lloc
1323 4841 1406 4886 est
1434 4847 1567 4901 opus
1598 4834 1712 4899 Dei,
1763 4843 1818 4886 ut
1847 4834 2076 4889 credatis
2105 4837 2155 4890 in

578 4935 699 4972 eum
726 4935 883 4989 quem
915 4920 1059 4975 misit
1090 4921 1196 4975 ille.
1235 4922 1490 4977 Dixerunt
1517 4938 1644 4994 ergo
1665 4924 1742 4979 ei:
1774 4926 1922 4990 Quod
1954 4942 2079 4996 ergo
2104 4938 2157 4982 tu

580 5013 707 5068 lacis
738 5015 972 5084 signum,
1027 5024 1084 5070 ut
1119 5015 1395 5071 videamus
1444 5028 1500 5073 et
1526 5019 1809 5074 credamus
1836 5021 1969 5076 tibi?
2017 5022 2153 5089 Quid

578 5104 870 5172 Operaris?
918 5104 1103 5161 Patres
1144 5107 1310 5160 nostri
1364 5122 1554 5161 manna
1606 5109 2056 5165 manducaverunt
2104 5113 2158 5167 in

576 5197 815 5262 deserto,
867 5198 1005 5251 sicut
1055 5198 1311 5267 scriptum
1343 5208 1453 5253 est:
1508 5198 1705 5256 Panem
1752 5201 1819 5257 de
1848 5204 1983 5257 ccelo
2013 5204 2160 5259 dedit

578 5290 657 5342 eis
680 5289 1002 5344 manducare
1027 5289 1221 5360 (Exod.
1256 5306 1372 5359 xvr,
1403 5292 1509 5361 14).
1544 5294 1682 5348 Dixit
1704 5310 1830 5364 ergo
1854 5297 1933 5350 eis
1960 5297 2147 5353 Jesus:

578 5381 769 5448 Amen,
823 5395 979 5435 amen
1022 5380 1145 5436 dico
1168 5381 1362 5440 vobis:
1419 5383 1535 5437 Non
1564 5384 1773 5456 Moyses
1822 5386 1969 5440 dedit
2002 5388 2153 5444 vobis

580 5485 767 5538 panem
799 5472 867 5528 de
905 5474 1065 5541 coelo,
1124 5474 1219 5529 sed
1252 5473 1413 5530 Pater
1440 5491 1592 5531 meus
1640 5477 1732 5529 dat
1774 5476 1925 5531 vobis
1955 5491 2145 5546 panem

634 5632 881 5708 fHVng”
909 5633 1169 5708 _Gcnesar.
1220 5635 1526 5691 Lectionem
1561 5636 1827 5692 Gennasar
1875 5637 2068 5707 duplici
2113 5656 2146 5693 ιι

582 5699 772 5755 Millins
804 5703 1023 5766 profert.

650 5768 676 5807 δ
715 5770 891 5841 Vulg.,
939 5784 1113 5827 etnon
1151 5777 1376 5830 creditis.
1432 5778 1612 5846 Neque
1646 5778 1799 5834 aliter
1822 5778 1938 5847 GL,
1980 5782 2060 5833 καὶ
2087 5782 2143 5838 εὖ

2261 4656 2350 4725 qui
2391 4656 2458 4710 de
2502 4656 2638 4731 coelo
2689 4654 2987 4710 descendit.
3036 4655 3152 4710 Non
3198 4656 3336 4710 sicut
3382 4653 3836 4708 manducaverunt

2264 4757 2438 4815 patres
2466 4748 2628 4800 vestri
2659 4761 2851 4815 manna
2891 4747 2944 4802 in
2974 4747 3216 4809 deserto,
3245 4758 3301 4802 et
3337 4747 3531 4801 mortui
3558 4754 3703 4800 sunt.
3734 4744 3835 4813 Qui

2262 4836 2547 4890 manducat
2576 4836 2717 4889 hunc
2740 4852 2954 4906 panem,
2988 4839 3130 4893 vivet
3158 4838 3208 4892 in
3240 4848 3517 4893 aeternum.
3549 4836 3676 4892 llaec
3703 4837 3835 4891 dixit

2261 4930 2312 4982 in
2340 4943 2605 5000 synagoga
2635 4928 2927 4997 docens,in
2953 4929 3347 5001 Capharnaum.
3384 4929 3531 4984 Multi
3569 4942 3700 4998 ergo
3743 4942 3835 4981 au-

2262 5021 2468 5077 dientes
2494 5036 2560 5076 ex
2598 5021 2874 5092 discipulis
2903 5023 3051 5092 ejus,
3086 5022 3335 5077 dixerunt
3372 5038 3385 5074 :
3427 5021 3598 5076 Durus
3638 5030 3720 5075 est
3749 5020 3837 5073 hic

2261 5128 2469 5178 sermo;
2504 5114 2625 5184 quis
2653 5124 2828 5184 potest
2851 5129 2973 5170 eum
3004 5112 3222 5169 audire?
3252 5113 3441 5170 Sciens
3465 5120 3649 5169 autem
3675 5112 3836 5167 Jesus

2260 5204 2398 5273 apud
2427 5208 2771 5274 semetipsum
2792 5247 2807 5272 ,
2840 5205 2963 5275 quia
2995 5213 3387 5259 murmurarent
3420 5203 3489 5258 de
3526 5204 3627 5259 hoc
3668 5203 3831 5258 dsci-

2262 5298 2373 5369 puli
2409 5299 2523 5368 ejus
2546 5340 2562 5367 ,
2591 5299 2733 5353 dixit
2759 5298 2837 5352 eis
2871 5315 2884 5351 :
2919 5298 3029 5351 Hoc
3067 5310 3162 5351 vos
3196 5295 3560 5351 scandalizat?
3598 5295 3655 5351 Si
3705 5310 3835 5365 ergo

2262 5388 2503 5443 videritis
2531 5388 2722 5443 Filium
2750 5387 2983 5443 hominis
3006 5386 3507 5454 ascendentem,ubi
3524 5388 3668 5458 prius
3683 5386 3835 5442 erat!

2257 5478 2487 5547 Spiritus
2522 5488 2605 5534 est
2638 5479 2726 5548 qui
2767 5477 3000 5533 viviﬁcat
3038 5495 3051 5531 :
3100 5491 3229 5534 caro
3264 5493 3370 5533 non
3420 5478 3637 5549 prodest
3682 5476 3835 5549 quid-

2251 5662 2570 5832 ῐιῗτῗίυνῗεοὸ
2615 5718 2785 5791 Πατήρ
2829 5712 2855 5770 ὁ
2893 5713 3101 5785 πέμψας
3129 5732 3210 5784 με.
3247 5710 3407 5769 Pater
3447 5713 3529 5783 qui
3560 5713 3695 5768 misit
3732 5730 3835 5777 me,

2303 5797 2331 5832 ιι
2358 5797 2407 5832 α.

2303 5797 2407 5850 urg.
