4026 6470
204 358 326 414 293

975 352 1558 415 EVANGELICARUM
1599 349 2104 409 IIARMONIARUM
2145 353 2719 414 INTERPRETATIO.

3379 372 3482 430 294

204 483 405 537 quam.
435 466 610 522 Verba
641 480 758 536 quas
787 481 887 537 ego
916 467 1126 524 locutus
1149 481 1267 523 sum
1291 465 1462 533 vobis,
1493 467 1713 536 spiritus
1734 474 1792 521 et
1820 468 1869 526 A
1900 464 2028 520 Sine
2054 480 2210 521 causa
2232 468 2413 523 colunt
2438 484 2543 536 me,
2568 469 2821 529 docentes
2840 474 3112 535 doctrinas
3137 491 3191 537 et
3229 487 3476 544 mandata

204 560 325 614 vita
350 568 493 614 sunt.
516 559 622 614 Sed
650 566 774 614 sunt
799 559 1012 630 quidam
1039 575 1106 615 ex
1128 559 1281 615 vobis
1300 558 1393 628 qui
1419 572 1526 614 non
1548 559 1790 614 credunt.

203 651 435 707 Sciebat
462 651 604 706 enim
632 650 701 704 ab
732 651 881 705 initio
910 650 1066 706 Jesus
1094 650 1185 719 qui
1213 657 1397 705 essent
1434 664 1541 706 non
1570 650 1795 706 creden-

206 751 296 797 tes
312 750 435 807 act
453 743 568 812 quis
584 742 870 798 traditurus
887 753 1031 797 esset
1047 758 1188 796 eum.
1205 741 1271 796 Et
1283 741 1492 797 dicebat
1507 760 1520 794 :
1535 742 1792 812 Propter-

203 845 276 887 ea
306 832 423 887 dixi
472 833 646 898 vobis,
676 833 798 902 quia
830 848 989 888 nemo
1016 843 1193 903 potest
1232 833 1413 889 venire
1448 834 1515 889 ad
1544 849 1660 899 mc,
1692 834 1793 889 nisi

206 923 383 983 fuerit
409 924 456 979 ei
485 924 667 980 datum
694 940 723 978 a
747 926 902 980 Patre
920 940 1059 982 meo.
1092 927 1169 981 Ex
1195 927 1297 982 hoc
1318 926 1470 981 multi
1503 926 1794 996 discipulo-

206 1030 339 1069 rum
362 1013 481 1083 ejus
504 1015 749 1071 abierunt
770 1023 915 1071 retro
939 1032 954 1069 :
981 1026 1035 1072 et
1056 1017 1165 1086 jam
1205 1031 1309 1072 non
1337 1032 1459 1073 cum
1487 1018 1577 1073 illo
1605 1018 1796 1073 ambu—

209 1105 425 1161 labant.
467 1107 606 1162 Dixit
650 1122 781 1178 ergo
816 1107 975 1164 Jesus
1016 1109 1082 1164 ad
1111 1109 1393 1165 duodecim
1423 1127 1437 1164 :
1470 1110 1716 1181 Nunquid
1742 1121 1799 1167 et

211 1212 318 1251 vos
374 1198 534 1253 vultis
560 1199 747 1255 abire?
777 1199 854 1255 Re
885 1200 1073 1270 pondit
1105 1217 1233 1272 ergo
1264 1208 1279 1225 ⁴
1314 1202 1497 1259 Simon
1547 1203 1739 1260 Petrus
1780 1220 1793 1257 :

210 1292 469 1358 Domine,
501 1293 567 1346 ad
595 1308 752 1363 quem
778 1294 1198 1351 ibimusiVerba
1223 1294 1346 1351 vitae
1372 1307 1589 1352 aeternae.
1610 1297 1794 1354 habes.

209 1379 280 1434 Et
310 1395 414 1435 nos
439 1382 780 1447 credidimus,
812 1390 867 1437 et
893 1384 1244 1452 cognovimus
1264 1429 1278 1454 ,
1311 1386 1433 1455 quia
1475 1395 1530 1442 tu
1554 1402 1615 1443 es
1642 1387 1797 1443 Chri-

205 1480 334 1524 stus
364 1469 531 1525 Filius
561 1473 670 1527 Dei.
707 1473 995 1543 Respondit
1020 1478 1099 1529 eis
1127 1475 1313 1531 Iesus:
1345 1476 1532 1533 Nonne
1568 1493 1668 1548 ego
1701 1494 1797 1534 vos

206 1559 505 1617 duodecim
535 1563 692 1632 elegi,
722 1572 777 1619 et
797 1579 863 1619 ex
891 1565 1045 1619 vobis
1066 1581 1206 1622 unus
1229 1568 1473 1622 diabolus
1495 1570 1615 1625 est?
1644 1570 1797 1625 Dice-

206 1651 306 1704 bat
331 1659 512 1707 autem
536 1652 722 1708 ludam
748 1654 984 1710 Simonis
1012 1656 1319 1713 lscariotem
1352 1675 1365 1711 :
1399 1659 1487 1713 hic
1512 1660 1654 1715 enim
1682 1670 1796 1718 erat

207 1740 517 1798 traditurus
538 1758 682 1809 eum,
709 1759 831 1799 cum
860 1754 1005 1802 esset
1030 1762 1166 1802 unus
1192 1764 1260 1803 ex
1286 1750 1588 1806 duodecim.

734 1855 959 1912 CAPUT
996 1856 1279 1914 LXXXIII.

210 1944 448 2011 Quidam
474 1945 767 2022 P/raristeas
789 1950 981 2019 rogavit
1000 1949 1177 2005 Jesum
1196 1953 1264 2006 ad
1292 1955 1561 2022 prandium
1586 1972 1603 2009 :
1632 1965 1680 2011 et
1707 1973 1793 2012 co-

507 2016 695 2085 gitabat
718 2016 876 2087 quare
900 2036 997 2073 non
1027 2023 1180 2088 fuerit
1208 2016 1511 2093 baptizatus.

285 2124 424 2179 Luc.
452 2140 527 2192 xl,
551 2125 729 2181 57-41.
756 2128 982 2200 Rogavit
1014 2140 1190 2189 autem
1225 2135 1371 2191 illum
1412 2138 1627 2207 quidam
1658 2139 1798 2194 Pha-

211 2217 434 2285 risaeus,
465 2226 523 2274 ut
551 2220 837 2289 pranderet
862 2223 1002 2294 apud
1030 2238 1109 2280 se.
1141 2226 1208 2281 Et
1236 2228 1505 2299 ingressus
1529 2233 1791 2289 recubuit.

213 2307 524 2366 Pharisaeus
562 2320 738 2369 autem
776 2315 939 2384 coepit
984 2316 1126 2373 intra
1177 2332 1238 2375 se
1286 2330 1537 2389 reputans
1592 2324 1789 2395 dicere,

210 2416 387 2471 quare
420 2417 524 2459 non
554 2405 850 2475 baptizatus
887 2417 1033 2464 esset
1076 2417 1202 2466 ante
1251 2412 1568 2482 prandium?
1614 2417 1680 2471 Et
1720 2418 1796 2472 ait

217 2493 479 2551 Dominus
505 2497 574 2551 ad
607 2497 755 2553 illum
786 2499 973 2556 :Nunc
1008 2517 1105 2559 vos
1135 2503 1391 2562 Pharisaei
1420 2509 1561 2577 quod
1597 2509 1795 2566 deforis

210 2596 296 2639 est
318 2586 502 2643 calicis
522 2598 577 2644 et
603 2591 813 2658 patinas,
843 2596 1129 2664 mundatis,
1158 2597 1302 2667 quod
1325 2609 1499 2655 autem
1531 2602 1674 2658 intus
1712 2613 1796 2658 est

213 2687 479 2749 vestrum,
529 2682 743 2751 plenum
791 2694 874 2740 est
915 2687 1100 2756 rapina
1155 2698 1211 2744 et
1251 2690 1550 2761 iniquitate.
1608 2693 1791 2763 Stulti,

215 2783 401 2825 nonne
425 2773 512 2841 qui
540 2774 661 2829 fecit
689 2777 831 2846 quod
859 2777 1062 2834 deforis
1086 2790 1189 2847 est,
1221 2784 1380 2838 etiam
1410 2784 1461 2839 id
1489 2787 1630 2857 quod
1652 2787 1790 2844 deiu-

214 2867 304 2913 tus
360 2872 477 2927 est,
515 2863 677 2919 fecit?
730 2867 1107 2926 Verumtamen
1155 2873 1296 2942 quod
1344 2886 1618 2948 superest,
1669 2880 1793 2938 date

209 2947 613 3020 eleemosynam
647 2971 661 3009 :
693 2965 746 3011 et
774 2971 900 3014 ecce
926 2961 1102 3015 omnia
1134 2965 1330 3020 munda
1360 2974 1484 3023 sunt
1509 2970 1682 3028 vobis.

725 3068 951 3127 CAPUT
988 3072 1268 3132 LXXXIV.

212 3148 293 3207 De
320 3153 609 3224 Apostolis,
641 3174 797 3225 quare
840 3178 941 3217 non
971 3166 1087 3219 lotis
1134 3172 1361 3225 manibus
1398 3176 1786 3233 manducarent.
1815 3202 1861 3263 ρ

281 3263 502 3322 Mum.
557 3284 647 3335 xv,
703 3272 855 3340 1-20;
898 3275 1071 3331 Manc.
1123 3295 1221 3345 vn,
1273 3282 1421 3337 1-25.
1451 3284 1703 3341 Phan-ismi
1733 3300 1787 3343 et

206 3356 428 3447 quidam
457 3360 525 3415 de
554 3360 755 3418 Scribis
781 3367 1056 3424 venientes
1097 3372 1165 3425 ab
1212 3373 1616 3447 Hierosolymis,
1663 3395 1785 3435 cum

184 3445 471 3504 vidissent
496 3452 753 3519 quosdam
782 3469 847 3509 ex
886 3457 1159 3527 discipulis
1218 3461 1366 3532 ejus,
1418 3445 1788 3526 communibus

209 3537 480 3604 manibus,
495 3540 545 3594 id
571 3552 653 3596 est
681 3559 785 3598 non
811 3545 1290 3615 Iotis,mantlucare
1312 3570 1497 3622 panes,
1522 3559 1786 3630 vitupera-

208 3640 424 3695 verunt,
452 3631 689 3688 dicentes
720 3653 732 3688 :
762 3636 937 3704 Quare
956 3639 1197 3711 discipuli
1224 3646 1296 3700 tui
1328 3652 1786 3720 transgrediuntur

204 3720 524 3778 traditiones
561 3727 867 3785 seniorum?
893 3731 1007 3787 Non
1037 3737 1178 3790 enim
1211 3738 1388 3795 lavant
1421 3757 1612 3799 manus
1659 3761 1780 3802 cum

202 3824 400 3879 panem
432 3816 775 3877 manducant.
810 3819 925 3890 Ipse
945 3832 1121 3879 autem
1150 3830 1498 3899 respondens,
1532 3834 1604 3889 ait
1626 3836 1728 3892 illis
1764 3856 1777 3892 :

200 3902 384 3968 Quare
408 3914 463 3960 et
488 3920 583 3962 vos
607 3913 1035 3981 transgredimini
1063 3920 1368 3975 mandatum
1400 3921 1531 3991 Dei,
1564 3940 1784 3998 propter

202 3996 549 4054 traditionem
580 4003 845 4057 vestram?
883 4001 1013 4059 Nam
1048 4006 1186 4064 Deus
1225 4012 1355 4067 dixit
1385 4030 1399 4066 :
1438 3996 1781 4089 Honora'pa-

200 4095 336 4143 trem
375 4100 428 4144 et
457 4102 679 4147 matrem
711 4094 905 4166 (Exod.
930 4115 1022 4165 xx,
1055 4100 1150 4167 l2;
1183 4103 1331 4159 Deut.
1367 4121 1417 4173 v,
1444 4108 1569 4179 16);
1601 4120 1655 4166 et
1681 4114 1779 4178 Qui

199 4180 539 4239 maledixerit
580 4187 717 4255 patri
749 4190 833 4243 vel
866 4192 1061 4258 matri,
1093 4206 1265 4251 morte
1298 4200 1553 4257 moriatur
1581 4202 1775 4277 (Exod.

197 4287 309 4337 χχι,
338 4274 427 4341 17;
475 4275 593 4331 Leu.
621 4296 711 4346 xx,
740 4280 854 4351 20).
890 4282 996 4338 Vos
1019 4295 1195 4341 autem
1226 4290 1401 4345 dit-itis
1429 4310 1442 4346 :
1468 4274 1780 4369 Quicunque

194 4361 547 4433 dixeritpatri
566 4371 648 4423 vel
673 4375 849 4437 matri,
874 4373 1062 4429 Munus
1083 4379 1440 4450 quodcunque
1471 4395 1558 4440 est
1587 4384 1652 4442 ex
1669 4361 1773 4457 me,

195 4453 292 4508 tibi
328 4458 567 4524 proderit
599 4477 611 4511 :
645 4471 696 4513 et
737 4478 843 4516 non
884 4465 1260 4520 honoriﬁcavit
1290 4480 1493 4535 patrem
1530 4490 1683 4531 suum
1725 4453 1777 4535 et

1900 554 2197 610 hominum.
2229 557 2610 629 Relinquentes
2631 552 2775 617 enim
2807 566 3115 626 mandatum
3147 572 3265 641 Dei,
3286 582 3481 635 tenetis

1899 646 2234 703 traditionem
2280 649 2574 707 hominum.
2624 655 2689 709 lit
2729 662 3035 717 convocatis
3071 664 3137 719 ad
3183 681 3243 722 se
3270 671 3475 742 turbis,

1898 734 2033 791 dixit
2062 738 2141 793 eis
2170 756 2182 791 :
2215 741 2410 798 Audite
2438 754 2494 799 et
2529 746 2809 816 iutelligite
2839 767 2853 804 ε
2885 750 2999 808 Νοη
3028 757 3169 824 quod
3213 758 3379 817 intrat
3420 734 3474 817 in

1897 838 1959 880 os
1988 827 2297 898 coinquinat
2327 831 2618 890 hominem.
2668 838 2817 893 Tunc
2860 844 3179 904 accedentes
3226 850 3475 923 discipuli

1896 916 2034 993 ejus,
2067 919 2318 976 dixerunt
2353 923 2402 979 ei
2431 941 2446 978 :
2477 926 2592 981 Scis
2614 929 2734 997 quia
2780 931 3059 1003 Pharisaei,
3088 940 3271 997 audito
3306 916 3473 1001 verbo

1899 1010 2019 1078 hoc,
2054 1015 2400 1071 scandalizati
2431 1022 2596 1074 sunt?
2623 1022 2689 1075 At
2718 1024 2808 1079 ille
2836 1032 3189 1101 respondens,
3217 1038 3329 1095 ait:
3351 1039 3479 1096 Om-

1898 1101 1981 1156 nis
1999 1103 2256 1171 plantatio
2277 1122 2434 1176 quam
2459 1124 2563 1164 non
2590 1112 2841 1180 plantavit
2866 1118 3024 1177 Pater
3043 1139 3194 1180 meus
3216 1129 3453 1188 etelestis
3474 1174 3490 1197 ,

1897 1191 2277 1248 eradicabitur.
2310 1196 2481 1252 Sinite
2513 1200 2632 1255 illos
2662 1219 2676 1255 :
2704 1206 2834 1260 czeci
2863 1220 3008 1279 sunt,
3033 1224 3087 1268 et
3115 1216 3277 1273 duces
3305 1191 3491 1277 exeo;

1898 1299 2018 1340 rum
2050 1302 2064 1338 ε
2091 1300 2265 1343 caecus
2304 1299 2482 1345 autem
2521 1293 2568 1347 si
2599 1309 2741 1350 caeco
2776 1299 3026 1359 ducatum
3058 1309 3289 1379 prabet,
3320 1317 3479 1370 ambo

1897 1373 1951 1429 in
2001 1376 2208 1433 foveam
2251 1381 2467 1437 cadunt.
2521 1384 2731 1442 Etcum
2779 1373 3073 1452 introisset
3096 1399 3149 1453 in
3198 1373 3413 1461 domum
3446 1422 3477 1462 a

1897 1468 2071 1533 turba,
2102 1472 2324 1541 rogabat
2352 1488 2474 1528 eum
2508 1476 2700 1533 Petrus
2730 1497 2743 1533 :
2778 1481 3028 1542 Edissere
3059 1489 3213 1545 nobis
3244 1496 3475 1561 parabo-

1898 1560 2001 1616 lam
2029 1564 2204 1618 istam.
2243 1569 2311 1620 At
2340 1568 2428 1622 ille
2451 1570 2587 1625 dixit
2615 1590 2627 1624 :
2658 1573 2850 1631 Adhuc
2875 1589 2927 1633 et
2950 1596 3041 1633 vos
3058 1584 3174 1639 sine
3200 1560 3477 1646 intellectu

1897 1656 2066 1710 estis?
2087 1657 2204 1712 Non
2238 1660 2531 1732 intelligitis
2552 1666 2672 1734 quia
2696 1682 2855 1723 omne
2883 1673 3021 1740 quod
3050 1675 3105 1726 in
3134 1692 3194 1731 os
3218 1677 3399 1746 intrat,
3421 1685 3472 1737 in

1900 1757 2148 1805 ventrem
2180 1752 2396 1809 vaditet
2419 1756 2468 1809 in
2500 1771 2769 1815 secessum
2819 1764 3115 1821 emittitur?
3140 1769 3269 1836 Quae
3294 1783 3472 1830 autem

1831 1827 1879 1888 B
1906 1840 2204 1909 procedunt
2241 1844 2307 1899 de
2333 1860 2463 1914 ore,
2504 1847 2571 1904 de
2606 1850 2769 1906 corde
2799 1867 3026 1922 exeunt,
3057 1868 3113 1913 et
3140 1827 3200 1915 Ea
3233 1864 3477 1934 coinqui-

1898 1940 2028 1985 nant
2063 1933 2359 1990 hominem.
2393 1937 2469 1993 De
2507 1938 2669 1995 corde
2698 1944 2843 1997 enim
2881 1958 3088 2002 exeunt
3129 1933 3478 2021 cogitationes

1899 2022 2074 2090 malas,
2100 2024 2403 2096 homicidia,
2430 2030 2713 2099 adulteria,
2739 2034 3139 2107 fornicationes,
3165 2044 3328 2113 lurta,
3345 2046 3477 2103 falsa

1899 2113 2205 2170 testimonia
2224 2157 2240 2183 ,
2266 2120 2487 2175 avaritia
2507 2162 2522 2187 ,
2556 2126 2806 2193 nequitiae
2825 2166 2841 2190 ,
2874 2127 3029 2184 dolus
3049 2170 3066 2197 ,
3103 2132 3476 2203 impudicitiae,

1896 2211 2083 2261 oculus
2112 2208 2285 2265 malus
2305 2252 2320 2277 ,
2352 2210 2729 2282 blasphemiae,
2761 2220 3009 2287 superbia
3033 2261 3048 2285 τ
3073 2226 3319 2280 Stultitia.
3353 2228 3479 2284 Hcce

1896 2307 2019 2353 sunt
2046 2315 2166 2370 quae
2193 2302 2539 2373 coinquinant
2563 2307 2854 2363 hominem.
2885 2310 3001 2364 Non
3022 2312 3145 2369 lotis
3168 2324 3345 2373 autem
3362 2334 3478 2375 ma-

1896 2388 2051 2446 nibus
2080 2392 2419 2461 manducare,
2452 2411 2557 2451 non
2584 2398 2896 2468 coinquinat
2925 2400 3224 2462 hominem.

2429 2507 2655 2566 CAPUT
2699 2511 2960 2570 LXXXV.

1894 2592 1974 2648 De
2001 2596 2214 2652 muliere
2251 2598 2645 2671 Syroplmmissa
2662 2644 2678 2669 ,
2705 2621 2822 2674 qua:
2850 2623 2942 2677 pro
2970 2608 3082 2677 ﬁlia
3110 2626 3204 2665 sua
3250 2613 3469 2683 petebat.

1960 2711 2176 2768 Ilum.
2235 2730 2324 2783 xv,
2370 2717 2575 2782 21-28;
2630 2719 2802 2775 Mane.
2860 2738 2969 2786 νη,
3008 2723 3192 2782 24ι50.
3240 2727 3305 2782 Et
3350 2729 3476 2786 inde

1891 2816 2139 2874 surgens,
2168 2805 2299 2860 abiit
2334 2810 2387 2861 In
2417 2807 2551 2863 ﬁnes
2582 2810 2706 2880 Tyri
2737 2821 2793 2866 et
2822 2812 3059 2870 Sidonis.
3094 2816 3159 2871 Et
3201 2832 3328 2873 ecce
3357 2835 3474 2876 mu-

1892 2891 1992 2948 lier
2017 2892 2316 2952 Chananrea
2344 2899 2575 2969 gentilis,
2593 2899 3005 2971 Syropbtenissa
3033 2922 3248 2979 genere,
3264 2910 3471 2966 clama-

1889 2984 1966 3039 vit
1988 2984 2173 3043 dicens
2206 3006 2218 3040 :
2254 2988 2512 3046 Miserere
2554 2993 2692 3059 mei,
2724 2993 2979 3063 Domine,
3014 2996 3083 3051 ﬁli
3125 2999 3287 3055 David
3320 3018 3332 3054 :
3364 3001 3472 3058 ﬁlia

1889 3091 2005 3133 mea
2033 3079 2171 3134 male
2198 3095 2229 3135 a
2257 3081 2523 3138 dzemonio
2550 3095 2790 3141 vexatur.
2821 3085 2977 3143 Jesus
3006 3102 3184 3146 autem
3225 3109 3333 3147 non
3383 3110 3473 3149 re-

1891 3170 2111 3236 spondit
2137 3172 2186 3225 ei
2213 3173 2455 3227 verbum.
2495 3175 2563 3228 Et
2591 3178 2907 3232 accedentes
2953 3180 3018 3234 ad
3059 3197 3179 3236 eum
3226 3183 3471 3253 discipuli

1895 3258 2012 3327 ejus
2039 3261 2294 3327 rogabant
2323 3277 2463 3327 eum,
2486 3265 2762 3320 dicentes:
2786 3267 3003 3322 Dimitte
3032 3285 3174 3338 eam,
3202 3273 3323 3339 quia
3355 3273 3469 3326 cla-

1890 3356 2001 3401 mat
2028 3358 2146 3416 post
2175 3364 2293 3403 nos.
2326 3350 2442 3419 Ipse
2472 3361 2649 3406 autem
2689 3355 3020 3422 respondens
3044 3358 3117 3411 ait
3152 3377 3165 3411 :
3199 3358 3315 3414 Non
3346 3374 3465 3416 sum

1891 3436 2120 3500 missus,
2149 3438 2249 3495 nisi
2284 3441 2348 3495 ad
2379 3456 2507 3496 oves
2532 3456 2651 3512 qua:
2679 3444 2953 3512 perierunt
2977 3446 3168 3502 domus
3197 3449 3377 3505 Israel.
3401 3454 3469 3507 At

1888 3528 1976 3583 illa
2010 3531 2184 3596 venit,
2214 3541 2268 3586 et
2300 3531 2538 3587 adoravit
2567 3548 2690 3588 eum
2710 3575 2725 3597 ,
2755 3533 2939 3589 dicens
2970 3552 2986 3589 :
3017 3536 3469 3609 Domine,adjuva

1887 3634 1995 3675 me.
2024 3620 2129 3688 Qui
2150 3622 2288 3678 dixit
2315 3622 2391 3678 illi
2426 3642 2439 3678 :
2471 3623 2597 3679 Sine
2623 3624 2767 3693 prius
2794 3628 3021 3681 saturari
3045 3627 3182 3682 ﬁlios
3210 3646 3222 3680 :
3255 3645 3359 3683 non
3386 3641 3467 3685 est

1885 3711 2029 3766 enim
2060 3712 2256 3767 bonum
2288 3729 2502 3770 sumere
2528 3729 2721 3784 panem
2762 3716 2990 3771 filiorum
3036 3729 3085 3773 et
3127 3720 3342 3775 mittere
3373 3736 3436 3776 ea

1886 3804 2061 3860 nibus.
2093 3809 2163 3860 At
2192 3807 2279 3860 illa
2310 3807 2444 3861 dixit
2474 3825 2488 3860 :
2517 3808 2688 3862 Etiam
2707 3849 2723 3874 ,
2756 3807 2979 3864 Domine
3008 3827 3023 3864 :
3052 3826 3173 3865 nam
3201 3822 3255 3866 et
3287 3813 3471 3867 catelli

1884 3897 2048 3952 edunt
2093 3897 2161 3952 de
2194 3898 2346 3953 micis
2400 3913 2517 3968 quae
2563 3899 2761 3954 cadunt
2799 3900 2867 3955 de
2903 3916 3089 3957 mensa
3131 3903 3469 3959 dominorum

1882 4001 2124 4044 suorum.
2156 3989 2307 4043 Tunc
2333 3990 2667 4060 respondens
2693 3989 2849 4046 Jesus
2869 4031 2885 4056 ,
2917 3993 2992 4047 ait
3020 3992 3096 4047 illi
3131 4011 3143 4045 :
3180 3993 3225 4049 0
3254 3996 3467 4061 mulier,

1883 4092 2078 4149 magna
2106 4088 2184 4132 est
2216 4078 2347 4134 ﬁdes
2379 4089 2467 4133 tua
2501 4098 2513 4133 :
2540 4080 2633 4135 ﬁat
2657 4080 2752 4135 tibi
2782 4082 2919 4136 sicut
2949 4084 3047 4138 vis.
3076 4084 3144 4137 Et
3170 4097 3355 4140 sanata
3386 4098 3467 4141 est

1885 4169 1988 4223 ﬁlia
2016 4168 2155 4223 illius
2180 4184 2243 4223 ex
2269 4170 2358 4224 illa
2389 4170 2537 4226 hora.

2393 4280 2618 4338 CAPUT
2659 4283 2942 4337 LXXXVI.

2205 4367 2355 4422 Iesus
2381 4372 2591 4424 surdum
2621 4382 2667 4423 et
2698 4385 2899 4424 mutum
2925 4373 3139 4422 curarit.

1953 4482 2127 4537 Mane.
2146 4497 2217 4535 vn
2237 4520 2251 4543 ,
2275 4480 2466 4535 '51-'57.
2495 4482 2559 4534 Et
2585 4482 2776 4534 iterum
2800 4480 2983 4533 exiens
3000 4480 3065 4533 de
3090 4478 3280 4534 ﬁnibus
3302 4482 3427 4550 Tyri
3447 4523 3465 4546 ,

193 4557 426 4601 matrem
459 4564 471 4600 :
502 4559 554 4602 et
585 4549 793 4604 irritum
840 4553 1042 4608 fecistis
1090 4558 1397 4615 mandatum
1430 4563 1523 4618 Dei
1565 4578 1778 4637 propter
1804 4563 1857 4623 Ι)
1885 4574 2028 4626 venit
2054 4588 2149 4642 per
2174 4570 2428 4626 Sidonem
2473 4572 2539 4626 ad
2586 4584 2734 4625 mare
2781 4570 3049 4634 Galilmte,
3094 4572 3231 4627 inter
3260 4574 3465 4629 medios

195 4642 541 4697 traditionem
564 4655 815 4700 vestram.
834 4648 1102 4705 Pharisaei
1132 4651 1275 4707 enim
1298 4663 1352 4710 et
1374 4670 1560 4715 omnes
1580 4661 1772 4733 Judaei,

192 4732 298 4786 nisi
331 4733 521 4790 crebro
553 4737 729 4792 lavent
758 4755 967 4807 manus,
1008 4758 1111 4799 non
1146 4747 1497 4818 manducant,
1534 4732 1774 4817 tenentes

195 4822 513 4881 traditiones
540 4827 809 4884 seniorum
836 4849 848 4885 :
873 4842 926 4887 et
956 4847 986 4887 a
1018 4835 1131 4890 foro
1158 4838 1261 4892 nisi
1292 4839 1645 4913 baptizentur,
1667 4863 1773 4905 non

192 4918 505 4973 comedunt.
537 4917 603 4974 Et
647 4922 748 4975 alia
794 4926 954 4978 multa
985 4938 1108 4982 sunt
1147 4944 1265 4997 quae
1294 4933 1487 4988 tradita
1517 4947 1641 4991 sunt
1670 4940 1774 4994 illis

195 5024 414 5067 servare
460 5013 776 5084 baptismata
828 5018 1053 5072 calicum
1078 5061 1093 5084 ,
1137 5031 1189 5075 et
1221 5038 1531 5092 urceorum,
1563 5038 1616 5083 et
1643 5047 1775 5087 aera-

198 5111 499 5155 mentorum
524 5143 540 5170 ,
568 5112 622 5157 et
670 5105 925 5160 lectorum
951 5149 965 5171 ,
999 5119 1051 5163 et
1081 5111 1181 5165 alia
1222 5110 1305 5167 bis
1351 5115 1547 5171 similia
1580 5121 1778 5178 faciunt

198 5191 382 5246 multa.
414 5193 627 5249 Irritum
661 5196 862 5253 fecistis
893 5201 1195 5257 mandatum
1226 5205 1340 5270 Dei,
1372 5223 1589 5277 pmpter
1619 5216 1777 5269 tradi-

199 5281 397 5339 tionem
428 5296 682 5344 vestram.
718 5289 1039 5361 IIypOCritm,
1073 5293 1207 5348 bene
1235 5298 1567 5367 prophetavit
1589 5304 1654 5357 de
1683 5321 1774 5360 vo-

199 5371 279 5427 bis
305 5374 488 5445 lsaias,
518 5379 703 5436 dicens
735 5399 750 5435 :
781 5382 1017 5452 Populus
1062 5383 1146 5439 hic
1191 5386 1344 5441 labiis
1392 5404 1477 5444 me
1520 5392 1767 5465 honorat,

195 5478 295 5522 cor
332 5480 506 5526 autem
538 5487 724 5528 eorum
773 5473 927 5544 longe
971 5485 1054 5531 est
1096 5474 1243 5533 a‘me
1287 5478 1416 5545 (lsa.
1462 5498 1591 5536 χχιχ
1618 5485 1768 5555 .15).

274 5663 297 5691 ⁸
328 5655 381 5709 ln
405 5655 524 5731 aliis
547 5655 677 5731 odit.
702 5657 884 5731 deerat
912 5659 1170 5731 particula
1202 5676 1424 5731 negans.
1458 5662 1584 5717 Eam
1616 5666 1777 5718 resti-

201 5724 394 5797 luimns
419 5727 567 5797 juxta
599 5727 693 5781 Gr.
723 5736 777 5783 et
809 5724 960 5797 Vulg.
988 5730 1105 5783 Lat.

272 5795 297 5831 δ
330 5798 447 5863 Gr.,
479 5796 705 5862 ‘Ewaoa.
741 5797 888 5855 Unde
913 5795 1324 5857 rescribendum
1360 5813 1473 5858 erat
1506 5804 1778 5874 interpreti

1884 4665 2016 4719 ﬁnes
2046 4662 2395 4732 Dccapoleos.
2434 4662 2500 4717 Et
2526 4662 2797 4718 adducunt
2823 4663 2870 4717 ei
2898 4664 3115 4717 surdum
3150 4672 3201 4719 et
3230 4675 3467 4735 mutum,

1882 4764 1937 4812 et
1965 4756 2390 4826 deprecabantur
2429 4772 2550 4811 eum
2588 4764 2647 4810 ut
2687 4749 2987 4826 imponeret
3023 4758 3098 4812 illi
3131 4774 3365 4813 manum.
3404 4762 3470 4816 Et

1882 4847 2291 4917 apprehendens
2317 4861 2437 4901 eum
2468 4848 2533 4903 de
2578 4847 2729 4902 turba
2759 4862 2999 4903 seorsum
3025 4892 3039 4913 ,
3089 4850 3232 4904 misit
3269 4851 3469 4922 digitus

1881 4954 2007 4995 suos
2038 4941 2088 4995 in
2121 4939 2383 4994 auriculas
2429 4939 2586 5009 ejus,
2635 4948 2688 4994 et
2732 4954 2969 5009 expuens
3009 4940 3178 5009 tetigit
3230 4941 3466 5011 linguam

1883 5031 2017 5100 ejus.
2054 5032 2119 5084 Et
2147 5031 2443 5100 suspiciens
2470 5031 2520 5086 in
2560 5031 2750 5086 omium
2774 5073 2788 5096 ,
2832 5032 3125 5101 ingemuit,
3156 5040 3209 5085 et
3240 5033 3313 5085 ait
3339 5033 3410 5086 illi
3456 5050 3466 5083 :

1884 5122 2086 5191 Ephata
2113 5120 2139 5159 δ
2168 5121 2307 5191 quod
2340 5132 2451 5188 est,
2478 5122 2776 5191 adaperire.
2810 5122 2876 5175 Et
2898 5122 3075 5176 statim
3105 5132 3300 5190 aperire
3339 5136 3399 5175 su
3416 5132 3472 5174 nt

1884 5228 2040 5266 aures
2092 5212 2230 5281 ejus,
2265 5220 2319 5266 et
2347 5213 2578 5267 solutum
2611 5224 2692 5269 est
2720 5214 2987 5268 vinculum
3013 5212 3204 5283 linguae
3232 5212 3376 5280 ejus.
3420 5223 3471 5265 ct

1887 5305 2202 5374 loquebatur
2230 5315 2396 5358 recte.
2436 5306 2501 5358 Et
2538 5308 2791 5375 prmccpit
2824 5305 2928 5359 illis
2963 5321 3031 5358 ne
3071 5305 3154 5358 cui
3196 5304 3461 5359 dicerent.

1882 5396 2092 5460 Quanto
2120 5404 2296 5447 autem
2325 5393 2403 5449 eis
2425 5393 2790 5463 prmcipiebat,
2817 5403 2965 5448 tanto
2992 5393 3158 5463 magis
3186 5393 3303 5461 plus
3326 5408 3461 5462 pra»

1886 5485 2153 5551 dicabant,
2196 5494 2247 5538 et
2296 5499 2362 5539 eo
2407 5486 2634 5555 amplius
2682 5486 3123 5547 admirabantur,
3170 5485 3410 5540 dicentes
3453 5499 3467 5537 :

1888 5664 2000 5720 sive
2027 5664 2263 5729 librario,
2290 5663 2618 5734 Eplrpltathn.
2636 5662 2819 5734 Lectio
2850 5669 3023 5716 tamen
3051 5660 3282 5729 Vulgata!
3313 5659 3455 5729 lips-

1888 5738 2035 5798 pheta
2060 5733 2497 5790 «ννίηιῐιι-ιηειιηίθχ
2531 5736 2651 5787 cod.
2683 5733 2836 5788 Cant.
