4038 6356
538 298 645 356 295

1674 292 1989 350 VICTORIS
2030 294 2333 358 EPISCOPI
2370 297 2669 359 CAPUANI

3711 300 3839 351 296

538 415 684 470 Bene
706 410 885 469 omnia
914 410 1040 466 fecit
1071 426 1085 463 :
1117 418 1170 464 et
1202 407 1394 463 surdos
1442 405 1567 460 fecit
1606 406 1790 460 audire
1812 448 1826 470 ,
1869 418 1922 461 et
1953 420 2128 463 mutos
2161 417 2210 476 Α
2234 425 2316 470 881
2344 412 2625 469 Christus?
2659 410 2917 467 Exierunt
2942 413 2967 455 11
2987 410 3054 466 de
3070 410 3310 479 civitate;
3337 422 3395 467 ει
3430 412 3727 472 veniebam
3763 417 3838 473 ad

539 506 705 574 loqui.

1049 614 1275 670 CAPUT
1318 612 1626 667 LXXXVII.

540 711 695 767 Iesus
724 728 877 781 super
906 720 1110 781 puteum
1141 708 1301 761 Jacob
1350 708 1553 759 mulieri
1598 708 1944 762 Samaritana:
1988 709 2130 762 locu-

1236 789 1316 831 tus
1341 787 1434 832 est.

612 898 771 954 10111.
798 912 870 962 iv,
901 895 1055 950 442.
1080 892 1371 962 Oportebat
1396 900 1572 945 autem
1604 906 1725 946 eum
1752 891 1872 946 1"ire
1906 904 2005 960 per
2029 888 2129 944 Sa-

543 990 793 1043 mariam.
818 988 972 1040 Venit
990 1000 1118 1054 ergo
1144 985 1194 1038 in
1219 982 1484 1037 civitatem
1516 983 1770 1036 Samaria:
1794 996 1915 1051 qua:
1939 979 2134 1034 dicitur

545 1080 753 1150 Sychar
784 1087 831 1145 ⁸,
862 1078 1009 1146 juxta
1045 1076 1301 1147 praedium
1344 1075 1484 1146 quod
1534 1074 1682 1129 dedit
1725 1073 1889 1129 Jacob
1935 1072 2133 1144 Joseph

548 1177 656 1231 tilio
682 1189 779 1230 suo
808 1172 963 1245 (Gen.
996 1188 1181 1240 xum,
1211 1171 1323 1243 22).
1351 1172 1479 1225 Erat
1504 1180 1678 1225 autem
1702 1170 1771 1224 ibi
1802 1170 1917 1222 fons
1945 1168 2133 1225 Jacob.

542 1267 702 1323 Jesus
749 1283 880 1337 ergo
929 1267 1180 1337 fatigatus
1226 1281 1290 1322 ex
1326 1268 1518 1319 itinere
1543 1307 1559 1333 ,
1607 1264 1829 1321 sedebat
1859 1264 1937 1318 sic
1974 1278 2136 1332 super

544 1358 769 1415 fontem.
816 1359 959 1413 Hora
992 1369 1168 1413 autem
1199 1367 1316 1413 erat
1344 1357 1496 1425 quasi
1542 1365 1714 1410 sexta.
1749 1355 1904 1408 Venit
1944 1355 2137 1408 mulier

547 1453 615 1507 de
657 1452 900 1508 Samaria
930 1452 1143 1506 haurire
1174 1464 1386 1520 aquam.
1424 1450 1559 1503 Dicit
1587 1449 1635 1502 ei
1664 1448 1819 1503 Jesus
1854 1466 1868 1501 :
1907 1448 1981 1502 Da
2008 1445 2137 1501 mihi

546 1546 753 1601 bibere.
792 1544 1045 1613 Discipuli
1086 1544 1231 1598 enim
1274 1543 1390 1613 ejus
1416 1544 1661 1597 abierant
1692 1543 1742 1596 in
1773 1542 2040 1595 civitatem
2082 1549 2140 1595 ut

547 1637 700 1691 cibos
749 1646 1008 1691 8111818111.
1044 1635 1178 1690 Dicit
1217 1650 1344 1705 ergo
1384 1634 1578 1689 mulier
1619 1634 1706 1687 illa
1752 1633 2086 1689 Samaritana
2121 1648 2135 1685 :

550 1730 831 1795 Quomodo
862 1739 915 1782 tu
943 1728 1161 1797 Judazus
1192 1742 1312 1781 cum
1358 1730 1461 1788 sis,
1512 1725 1700 1779 bibere
1739 1739 1769 1779 a
1814 1739 1901 1779 me
1938 1724 2135 1794 poscis,

2228 524 2375 563 eum.
2410 507 2813 576 interrogabant
2851 513 3032 560 autem
3073 520 3197 559 eum
3233 506 3504 578 discipuli,
3529 508 3785 565 dicentes
3822 530 3835 564 :

2234 600 2437 667 Rabbi,
2484 599 2767 654 manduca.
2812 597 2903 651 1118
2931 606 3110 651 autem
3160 598 3297 653 dixit
3319 599 3399 653 eis
3438 617 3453 655 :
3495 601 3605 671 Ege
3646 602 3838 656 cibum

2236 692 2411 748 habeo
2439 692 2764 747 manducare
2789 731 2803 750 .
2826 705 2988 760 quem
3024 704 3118 744 vos
3148 691 3389 745 nescitis.
3413 691 3675 748 Dicebant
3698 709 3845 765 ergo

2231 782 2477 850 discipuli
2506 781 2573 836 ad
2603 781 2829 834 invicem
2856 798 2870 832 :
2897 778 3146 848 Nunquid
3172 779 3368 849 aliquis
3392 783 3571 837 attulit
3598 799 3651 839 et
3678 800 3841 840 man—

2233 873 2462 927 ducare?
2494 871 2627 926 Dicit
2657 871 2736 925 eis
2763 869 2921 924 Jesus
2953 887 2966 923 :
3004 869 3155 924 Meus
3188 870 3343 925 cibus
3387 881 3470 927 est
3492 915 3508 939 ,
3546 883 3604 927 ut
3634 872 3838 929 faciam

2234 967 2558 1021 voluntatem
2582 965 2697 1033 ejus
2724 964 2814 1034 qui
2841 963 2988 1018 misit
3015 977 3126 1027 me,
3155 972 3213 1017 ut
3239 964 3512 1035 perﬁciam
3534 982 3674 1037 Opus
3689 971 3837 1039 ejus.

2234 1059 2420 1113 Nonne
2447 1071 2544 1111 vos
2575 1055 2781 1119 dicitis,
2808 1054 2948 1123 quod
2980 1054 3156 1108 adhuc
3182 1062 3410 1123 quatuor
3439 1072 3655 1114 menses
3685 1070 3838 1121 sunt,

2237 1163 2290 1207 et
2341 1148 2529 1204 messis
2577 1147 2752 1202 venit?
2794 1145 2935 1200 Ecce
2967 1144 3089 1199 dico
3136 1144 3289 1199 vobis
3331 1163 3345 1199 :
3397 1145 3596 1202 Levate
3646 1149 3838 1202 oculos

2239 1252 2450 1297 vestros
2473 1283 2487 1305 ,
2520 1248 2576 1293 et
2600 1239 2775 1317 videte
2805 1238 3081 1306 regiones,
3118 1237 3239 1307 quia
3282 1237 3419 1292 albte
3450 1250 3575 1293 sunt
3608 1241 3722 1309 jam
3771 1243 3837 1294 ad

2239 1347 2489 1387 messem.
2526 1333 2593 1385 Et
2620 1334 2709 1401 qui
2742 1331 2916 1396 metil,
2947 1333 3253 1386 mercedem
3284 1333 3497 1402 accipit,
3527 1345 3580 1388 et
3606 1349 3841 1404 congre-

2239 1436 2327 1497 gat
2360 1426 2586 1481 fructum
2630 1425 2682 1478 in
2728 1425 2890 1479 vitam
2921 1435 3178 1479 aeternam
3215 1445 3228 1481 :
3263 1434 3321 1480 ut
3363 1437 3416 1480 et
3461 1429 3549 1496 qui
3604 1431 3839 1484 seminat

2242 1521 2400 1573 simul
2430 1518 2678 1588 gaudeat,
2710 1528 2765 1571 et
2794 1522 2881 1584 qui
2914 1519 3084 1572 metit.
3118 1518 3171 1571 111
3202 1518 3303 1573 1108
3328 1520 3470 1574 8111111
3501 1530 3585 1575 881
3611 1522 3835 1576 verbum

2242 1625 2427 1664 verum
2455 1651 2469 1675 ,
2503 1610 2629 1679 quia
2658 1610 2795 1664 alius
2823 1618 2907 1663 est
2951 1611 3042 1678 qui
3069 1611 3298 1664 seminat
3322 1652 3337 1675 ,
3368 1620 3424 1665 et
3451 1612 3593 1666 alius
3634 1622 3719 1668 est
3748 1619 3833 1682 qui

2242 1703 2415 1755 metit.
2452 1702 2562 1771 Ego
2602 1701 2721 1773 1111ξί
2753 1715 2848 1755 vos
2871 1709 3109 1766 metere,
3139 1702 3280 1769 quod
3311 1717 3405 1757 vos
3453 1719 3560 1757 non
3599 1704 3835 1759 laboras-

549 1790 669 1888 ἇυω
713 1836 831 1875 sum
880 1790 1073 1873 mune}.
1098 1817 1470 1873 Samaritana?
1499 1815 1615 1870 Νοη
1662 1816 1806 1870 enim
1851 1790 2141 1871 con-mnu“.
2176 1790 2218 1849 Β
2245 1794 2313 1848 118
2347 1811 2360 1846 :
2389 1793 2478 1847 alii
2523 1793 2933 1858 laboraverunt,
2962 1801 3015 1847 et
3044 1807 3139 1846 vos
3171 1794 3222 1846 in
3264 1793 3475 1849 labores
3516 1810 3707 1849 eorum
3758 1797 3835 1849 in-

552 1912 724 1966 Judaai
778 1910 1145 1967 Samaritauis.
1204 1906 1500 1978 Respondit
1561 1907 1717 1963 Jesus
1756 1918 1809 1963 et
1848 1907 1981 1963 dixit
2034 1906 2137 1963 ei:

550 2003 607 2059 Si
633 2004 801 2059 scires
830 2004 1029 2057 donum
1062 2002 1186 2065 Dei,
1228 2010 1284 2056 et
1325 2001 1446 2071 quis
1476 2010 1559 2056 est
1594 2002 1681 2067 qui
1716 2000 1846 2054 dicit
1888 2000 1979 2054 tibi
2020 2016 2034 2054 :
2065 2000 2138 2054 Da

552 2093 682 2147 mihi
716 2093 928 2160 bibere,
970 2104 1022 2147 tu
1071 2091 1293 2146 forsitan
1319 2091 1564 2161 petiisses
1594 2092 1661 2144 ab
1691 2106 1787 2155 eo,
1822 2100 1875 2144 et
1905 2089 2142 2144 dedi~set

550 2186 646 2241 tibi
673 2201 865 2256 aquam
892 2186 1085 2240 vivam.
1120 2185 1261 2239 Dicit
1290 2186 1339 2239 ei
1373 2185 1567 2239 mulier
1599 2201 1612 2237 :
1658 2184 1924 2248 Domine,
1968 2198 2143 2252 neque

552 2280 605 2334 in
638 2294 746 2349 quo
770 2279 988 2333 haurias
1020 2278 1207 2343 habes,
1239 2286 1292 2331 et
1319 2284 1507 2345 puteus
1537 2276 1674 2329 altus
1699 2286 1778 2329 est
1805 2291 1821 2328 :
1852 2275 1992 2329 unde
2018 2288 2144 2345 ergo

553 2371 719 2427 habes
763 2386 956 2440 aquam
1004 2369 1217 2423 vivam?
1262 2368 1505 2437 Nunquid
1557 2378 1611 2422 111
1662 2367 1834 2437 major
1888 2384 1945 2421 es
1996 2377 2145 2434 patre

553 2472 739 2518 nostro
768 2462 934 2517 Jacob
954 2502 967 2526 ,
998 2462 1087 2531 qui
1117 2460 1266 2515 dedit
1294 2460 1450 2515 nobis
1478 2468 1695 2529 puteum
1720 2501 1735 2524 ,
1764 2468 1818 2513 81
1844 2459 1958 2527 ipse
1986 2473 2051 2511 ex
2079 2474 2146 2511 eo

556 2557 713 2621 bibit,
744 2564 798 2610 et
818 2554 911 2609 lilii
933 2555 1071 2624 ejus,
1102 2564 1155 2609 et
1188 2568 1377 2622 pecora
1407 2554 1562 2624 ejus?
1589 2553 1885 2622 Respondit
1910 2551 2066 2606 Jesus
2092 2562 2145 2604 et

555 2649 689 2703 dixit
716 2648 763 2701 ei
800 2665 811 2698 :
841 2647 1025 2702 01111118
1048 2647 1137 2716 qui
1169 2645 1303 2701 bibit
1330 2660 1397 2700 ex
1419 2660 1554 2715 aqua
1584 2646 1703 2707 hac,
1734 2645 1877 2699 sitiet
1900 2643 2092 2697 iterum
2127 2659 2143 2697 :

556 2738 643 2808 qui
696 2751 872 2792 autem
919 2736 1116 2791 biberit
1164 2751 1231 2792 ex
1281 2751 1416 2805 aqua
1448 2751 1606 2805 quam
1640 2751 1740 2807 ego
1770 2736 1908 2789 dabo
1937 2736 2012 2799 ei,
2040 2749 2144 2788 non

555 2829 703 2884 sitiet
743 2830 793 2882 in
824 2838 1082 2882 internum
1114 2844 1127 2879 :
1158 2826 1252 2881 sed
1296 2841 1434 2896 aqua
1471 2840 1631 2895 quam
1664 2840 1764 2895 ego
1795 2825 1933 2879 dabo
1974 2823 2025 2879 ei
2058 2824 2148 2877 (iet

556 2921 611 2975 111
639 2936 707 2976 8ο
738 2920 855 2975 fons
886 2935 1036 2988 aquze
1066 2918 1306 2973 salientis
1335 2919 1385 2971 in
1417 2917 1578 2972 vitam
1608 2927 1887 2973 aeternam.
1913 2916 2052 2971 Dicit
2078 2915 2147 2970 ad

556 3030 678 3071 eum
706 3015 898 3070 mulier
932 3031 945 3067 :
981 3012 1225 3076 Domine,
1258 3012 1320 3065 da
1350 3011 1478 3066 mihi
1514 3012 1650 3066 hanc
1679 3026 1906 3081 aquam,
1946 3018 2003 3064 ut
2042 3025 2147 3065 non

558 3106 734 3161 sitiam
758 3148 773 3173 ,
819 3119 991 3175 neque
1031 3103 1242 3158 veniam
1290 3102 1393 3156 huc
1441 3103 1675 3157 haurire.
1708 3102 1842 3156 Dicit
1868 3103 1915 3156 ei
1941 3100 2096 3156 ,188118
2126 3114 2142 3153 :
2172 3159 2216 3183 η

556 3196 725 3266 Vade,
756 3211 889 3253 voca
916 3197 1087 3250 virum
1122 3203 1291 3261 tuum,
1322 3204 1377 3249 et
1408 3196 1525 3247 veni
1558 3194 1677 3247 huc.
1710 3193 2003 3261 Respondit
2030 3207 2146 3246 mu-

556 3291 676 3360 lier,
707 3300 761 3346 et
803 3290 982 3345 dixit:
1017 3288 1135 3344 Non
1186 3289 1359 3343 habeo
1403 3288 1597 3343 virum.
1648 3286 1789 3342 Dicit
1830 3290 1877 3341 ei
1924 3286 2082 3342 Jesus
2128 3305 2141 3340 :

554 3385 700 3440 Bene
720 3384 936 3451 dixisti,
974 3384 1098 3453 quia
1130 3398 1236 3437 non
1281 3384 1453 3438 habeo
1494 3383 1665 3435 virum
1700 3382 1974 3451 :quinque
1997 3380 2142 3435 enim

552 3477 700 3533 viros
732 3476 991 3541 habuisti;
1024 3485 1080 3532 et
1130 3488 1274 3529 nunc
1317 3489 1475 3544 quem
1526 3473 1694 3527 babes
1720 3517 1734 3539 ,
1776 3487 1882 3526 non
1910 3480 1993 3527 est
2022 3480 2145 3528 tuus

555 3574 637 3627 vir
669 3592 684 3628 :
716 3572 819 3627 hoc
846 3587 974 3627 vere
1003 3572 1208 3626 dixisti.
1240 3570 1380 3624 Dicit
1408 3570 1458 3624 ei
1488 3570 1678 3623 mulier
1705 3587 1717 3622 :
1752 3569 2015 3634 Domine,
2059 3568 2143 3622 vi-

552 3665 660 3720 deo
689 3664 812 3731 quia
846 3662 1103 3732 propheta
1131 3676 1190 3716 es
1221 3669 1297 3714 tu.
1335 3661 1521 3714 Patres
1553 3660 1718 3713 nostri
1749 3660 1801 3713 iu
1833 3668 2012 3713 moote
2042 3659 2145 3715 hoc

555 3756 957 3817 adoroverunt,
1002 3762 1057 3806 et
1105 3766 1200 3806 vos
1236 3750 1414 3804 dicitis
1458 3751 1580 3820 quia
1635 3750 2018 3821 Hierosolymis
2061 3759 2145 3805 est

556 3843 709 3899 locus
735 3843 827 3897 ubi
855 3841 1080 3897 adorare
1102 3850 1313 3909 oportet
1342 3840 1525 3911 (Deut.
1554 3858 1647 3908 xu,
1684 3840 1793 3911 15).
1824 3841 1958 3896 Dicit
1978 3843 2025 3897 ei
2058 3842 2144 3896 Je-

555 3951 651 3992 sus
682 3954 697 3991 :
727 3937 917 3992 Mulier
939 3979 955 4003 ,
1003 3936 1167 3992 crede
1215 3936 1345 3991 mihi
1374 3978 1389 4001 ,
1422 3937 1545 4006 quia
1584 3937 1731 3991 venit
1771 3938 1896 3992 hora
1930 3939 2143 4005 quando

558 4043 735 4098 neque
758 4028 810 4082 in
838 4037 1020 4083 monte
1053 4027 1173 4091 hoc,
1225 4042 1400 4096 neque
1431 4028 1815 4101 Hierosolymis
1852 4029 2143 4087 adorabitis

556 4118 793 4174 Patrem.
827 4119 934 4175 Vos
980 4118 1217 4174 adoratis
1262 4119 1402 4189 quod
1446 4121 1697 4184 nescitis,
1733 4136 1829 4173 nos
1857 4120 2143 4178 adoramus

555 4213 697 4283 quod
728 4214 959 4279 scimus;
992 4212 1117 4282 quia
1142 4213 1291 4268 salus
1326 4227 1389 4267 ex
1420 4212 1623 4269 Iudaeis
1653 4222 1753 4267 est.
1789 4212 1892 4269 Sed
1924 4214 2145 4269 advenit

557 4304 711 4369 hora,
744 4314 797 4359 et
826 4318 968 4359 nunc
997 4311 1103 4368 est,
1133 4302 1345 4370 quando
1367 4304 1479 4358 veri
1504 4305 1816 4361 adoratores
1841 4306 2142 4360 adorabunt

554 4395 767 4451 Patrem
816 4395 869 4449 111
916 4395 1104 4462 Spiritu
1136 4404 1191 4449 et
1231 4394 1476 4451 veritate.
1522 4396 1654 4450 Nam
1697 4405 1754 4451 et
1800 4396 1958 4451 Pater
2010 4398 2142 4452 tales

553 4490 751 4557 quierit
775 4488 863 4556 qui
890 4487 1117 4541 adorent
1138 4502 1283 4542 eum.
1314 4486 1547 4557 Spiritus
1560 4497 1642 4543 est
1660 4487 1828 4543 Deus:
1853 4497 1906 4542 et
1931 4502 2025 4543 eos
2050 4488 2137 4559 qui

556 4579 785 4633 adorant
813 4594 968 4645 eum,
1001 4582 1054 4633 in
1088 4580 1277 4645 spiritu
1318 4588 1374 4635 et
1401 4582 1626 4635 veritate
1651 4590 1863 4650 Oportet
1891 4581 2138 4635 adorare.

558 4670 696 4725 Dicit
720 4671 767 4725 ei
797 4672 989 4726 mulier
1018 4688 1033 4726 :
1067 4672 1191 4727 Scio
1215 4675 1338 4741 quia
1369 4674 1592 4728 Messias
1618 4675 1796 4738 venit,
1829 4673 1919 4742 qui
1947 4674 2141 4729 dicitur

553 4762 820 4818 Christus.
852 4762 982 4819 Cum
1013 4779 1140 4834 ergo
1178 4766 1387 4819 venerit
1432 4767 1555 4829 ille,
1606 4766 1761 4821 nobis
1806 4765 2142 4822 annuntiabit

555 4856 754 4915 omnia.
800 4855 936 4911 Dicit
982 4857 1029 4911 ei
1059 4857 1215 4914 Jcsus
1249 4876 1263 4914 :
1297 4858 1409 4928 Ego
1439 4873 1557 4912 sum
1600 4857 1692 4927 qui
1726 4857 1916 4923 loquor
1948 4866 2142 4914 tecum.

556 4948 623 5005 Et
649 4949 907 5004 continuo
933 4958 1198 5005 venerunt
1226 4948 1476 5018 discipuli
1502 4947 1619 5017 ejus
1650 4965 1664 4999 :
1694 4958 1747 5003 et
1780 4948 2140 5017 mirabantur,

551 5039 676 5109 quia
707 5054 825 5093 cum
870 5041 1093 5095 muliere
1142 5039 1479 5109 loquebatur.
1529 5036 1695 5091 Nemo
1739 5045 1918 5093 tamen
1962 5039 2137 5093 dixit:

551 5130 688 5197 Quid
718 5128 948 5201 quaaris,
1000 5138 1093 5184 aut
1140 5128 1267 5198 quid
1312 5128 1549 5197 loqueris
1592 5141 1713 5182 cum
1761 5128 1865 5183 ea?
1910 5129 2142 5200 Reliquit

550 5238 680 5294 ergo
709 5222 955 5295 hydriam
986 5238 1136 5276 suam
1164 5221 1394 5285 mulier,
1424 5229 1479 5275 et
1508 5219 1640 5275 abiit
1679 5223 1730 5275 in
1758 5223 2057 5290 civitatem,
2090 5231 2146 5279 et

550 5316 681 5373 dicit
723 5317 829 5373 illis
882 5313 1189 5370 hominibus
1232 5313 1499 5379 :Venite,
1547 5324 1601 5370 et
1651 5315 1826 5373 videte
1872 5316 2142 5373 hominem

550 5410 641 5480 qui
670 5408 807 5466 dixit
838 5408 969 5464 mihi
1013 5404 1193 5459 omnia
1225 5418 1554 5474 quxecunque
1585 5406 1682 5464 ieci
1717 5426 1729 5463 :
1766 5409 2002 5477 nunquid
2033 5411 2145 5480 ipse

624 5604 649 5631 ι
676 5593 835 5648 Juxta
859 5587 1091 5660 litteram
1125 5593 1323 5648 textus,
1356 5585 1558 5660 Συχάρ.

621 5663 649 5702 ι’
678 5663 808 5717 Post
833 5658 1173 5710 descendisset
1205 5658 1401 5710 omittit
1427 5658 1477 5709 iu
1503 5656 1753 5726 pisciurm
1777 5673 1796 5711 :
1828 5672 1945 5725 qua:
1972 5656 2132 5711 habet

550 5735 760 5803 vulgat.
795 5739 850 5784 et
878 5731 1101 5803 A_rmeu.
1132 5728 1353 5803 Ita_Cr.,
1387 5729 1545 5798 ἐμϐὰς
1575 5731 1705 5803 μετᾴ
1724 5736 1811 5788 τήν
1839 5735 2097 5803 ταραχήν.

624 5797 770 5858 ⁶’⁷81111
808 5797 961 5874 81Α111
994 5813 1141 5871 seqq.
1196 5798 1289 5854 Cr.
1341 5802 1509 5871 vulg.,
1542 5797 1854 5874 κρἀιῖϐατςν.
1886 5797 2041 5854 Aiex.
2083 5811 2138 5854 et

547 5873 730 5936 Cant..
760 5870 1063 5947 κράϐαττον.

2242 1886 2465 1942 troistis.
2512 1886 2589 1940 Ex
2616 1886 2834 1939 civitate
2870 1897 3048 1938 autem
3088 1884 3173 1938 illa
3207 1884 3359 1939 multi
3406 1886 3751 1941 crediderunt
3783 1888 3829 1939 iu

2242 1996 2365 2036 eum
2399 1980 2881 2044 Samaritanorum,
2916 1987 3134 2049 111-1111181
3162 1981 3383 2033 verbum
3412 1980 3656 2035 mulieris
3687 1983 3831 2035 testi-

2242 2075 2481 2131 monium
2526 2073 2858 2143 perhibentis
2890 2090 2905 2125 :
2936 2073 3069 2143 Quia
3118 2072 3256 2127 dixit
3289 2073 3421 2127 mihi
3462 2073 3644 2128 omnia
3687 2089 3830 2143 qum-

2242 2181 2452 2235 cuuque
2481 2166 2605 2221 feci.
2638 2166 2878 2232 Cumque
2905 2167 3179 2219 venissent
3206 2164 3271 2218 ad
3304 2165 3453 2219 illum
3487 2164 3829 2228 Samaritani,

2244 2270 2564 2329 rogaverunt
2592 2274 2714 2313 eum
2766 2266 2825 2312 ut
2871 2258 2943 2311 ibi
2972 2267 3230 2312 maneret.
3268 2260 3330 2312 Et
3358 2260 3555 2312 mansit
3585 2259 3660 2313 ibi
3701 2261 3830 2314 duos

2245 2351 2378 2404 dies.
2404 2351 2469 2405 Et
2502 2351 2669 2405 multo
2698 2350 2879 2418 plures
2901 2348 3248 2403 crediderunt
3281 2360 3498 2419 propter
3529 2364 3829 2404 sermonem

2245 2441 2383 2509 ejus.
2413 2443 2476 2496 Et
2499 2442 2707 2495 mulieri
2732 2440 3015 2495 dicebant:
3043 2440 3302 2510 Quiajam
3320 2456 3424 2497 non
3450 2453 3673 2512 propter
3695 2453 3832 2495 tuam

2247 2536 2512 2603 loquelam
2539 2535 2809 2589 credimus
2836 2551 2849 2588 :
2878 2532 2979 2602 ipsi
3002 2533 3143 2587 enim
3177 2533 3507 2602 audivimus,
3538 2546 3593 2589 et
3617 2535 3836 2590 scimus.

2246 2632 2370 2700 quia
2410 2646 2532 2686 vere
2563 2631 2648 2685 hic
2673 2643 2757 2685 est
2779 2628 3028 2684 Salvator
3057 2628 3268 2683 mundi.

2735 2765 2963 2821 CAPUT
3002 2763 3337 2820 LXXXVIII.

2246 2860 2400 2915 Iesus
2434 2858 2807 2926 Hierosolymis
2853 2858 3117 2923 inﬁrmant
3144 2857 3380 2921 curavit,
3427 2855 3514 2918 qui
3544 2856 3758 2925 triginta
3785 2851 3834 2909 et

2320 2946 2434 2983 octo
2473 2932 2621 2981 annis
2646 2929 2816 2997 jacuit
2846 2931 2899 2980 in
2924 2930 3222 2993 inﬁmitate
3253 2942 3271 2979 :
3301 2939 3347 2979 et
3378 2927 3539 2979 multa
3587 2944 3699 2979 cum
3740 2928 3840 2980 Ju-

2324 3003 2449 3055 dwis
2479 3002 2591 3072 ejus
2621 3002 2885 3053 occasione
2916 3000 3212 3069 disputavit.

2321 3114 2475 3169 Joxx.
2518 3129 2570 3177 v,
2607 3114 2759 3169 1-17.
2793 3112 3039 3167 Posthac
3077 3120 3197 3167 erat
3256 3110 3372 3167 dies
3420 3113 3588 3166 festus
3628 3112 3835 3167 ,1111110-

2252 3223 2371 3262 rum
2400 3251 2414 3275 ,
2446 3215 2502 3262 et
2534 3206 2779 3262 ascendit
2825 3205 2981 3260 Jesus
3028 3203 3475 3274 Hierosolymam.
3527 3203 3623 3259 Est
3662 3216 3837 3259 autem

2256 3300 2646 3370 Hierosolymis
2697 3298 2977 3353 Probatica
3030 3297 3235 3365 piscina
3266 3312 3385 3366 qua:
3432 3297 3838 3365 ecgnominatut’

2252 3392 2516 3447 llcbraice
2542 3432 2557 3452 ,
2602 3388 2886 3445 Bethsaida
2912 3429 2926 3453 ,
2959 3390 3195 3457 quinque
3230 3389 3467 3455 porticus
3509 3386 3737 3441 habens.
3783 3387 3839 3441 111

2253 3483 2335 3537 1118
2353 3483 2570 3553 jacebat
2599 3482 2880 3535 multitudo
2906 3495 3094 3549 magna
3125 3480 3515 3549 languentium,
3542 3496 3834 3545 caecorum,

2249 3576 2589 3638 claudorum,
2621 3572 2921 3637 aridorum,
2967 3572 3398 3638 exsltectantiuni
3426 3586 3581 3639 aqua:
3610 3583 3834 3626 tnotum.

2250 3668 2487 3737 Angelus
2515 3678 2694 3719 autem
2731 3665 2938 3719 Domini
2980 3663 3275 3719 secundum
3307 3672 3516 3733 tempus
3543 3662 3839 3718 descende-

2251 3761 2338 3815 bat
2371 3760 2423 3813 in
2456 3760 2739 3827 piscinam,
2772 3766 2823 3809 et
2871 3755 3188 3811 movebatur
3233 3770 3391 3825 aqua.
3444 3756 3509 3808 Et
3545 3756 3634 3825 qui
3692 3754 3841 3823 prior

2250 3849 2627 3905 descendisset
2659 3857 2776 3918 post
2809 3849 3098 3902 motionem
3144 3861 3296 3915 aqua:
3329 3844 3377 3911 δ,
3410 3860 3573 3899 sinus
3617 3844 3780 3900 ﬁebat
3808 3861 3837 3898 a

2250 3959 2573 4011 quocunque
2606 3942 2864 4010 languore
2897 3940 3198 3994 tenebatur.
3232 3938 3363 3993 Erat
3407 3944 3585 3991 autem
3618 3938 3836 4007 quidam

2253 4038 2415 4090 homo
2448 4035 2521 4089 ibi
2547 4076 2563 4097 ,
2610 4032 2823 4101 triginta
2857 4040 2912 4085 et
2938 4040 3060 4085 octo
3088 4044 3258 4084 annos
3288 4029 3489 4083 habens
3521 4028 3572 4081 in
3614 4027 3839 4081 inﬁrmi-

2249 4138 2357 4183 tate
2386 4142 2503 4183 sua.
2535 4128 2685 4179 Iluuc
2707 4139 2826 4178 cum
2857 4122 3077 4176 vidisset
3114 4121 3271 4176 .lesus
3296 4120 3567 4191 jacentem
3593 4160 3609 4185 ,
3654 4128 3711 4174 et
3746 4135 3841 4174 co-

2249 4220 2525 4293 gnovisset
2566 4219 2686 4287 quia
2716 4217 2825 4286 jam
2859 4216 3083 4269 multum
3137 4225 3347 4283 tempus
3392 4214 3659 4279 haberet,
3708 4214 3839 4268 dicit

2250 4318 2296 4370 ei
2338 4334 2350 4370 :
2385 4316 2475 4370 Vis
2516 4327 2681 4368 sanus
2732 4313 2891 4368 ﬁeri?
2924 4311 3219 4380 Respondit
3263 4310 3313 4365 ei
3360 4310 3688 4379 languidus:
3736 4310 3842 4364 Do.

2257 4410 2440 4474 mine,
2491 4406 2763 4461 hominem
2808 4420 2914 4459 non
2949 4404 3119 4459 habeo
3167 4413 3224 4457 ut
3266 4418 3383 4458 cum
3420 4402 3631 4456 turbata
3682 4402 3841 4457 fuerit

2250 4517 2385 4572 aqua
2435 4500 2614 4555 mittat
2646 4513 2733 4553 me
2765 4498 2815 4552 in
2849 4496 3107 4566 piscinam
3142 4513 3157 4561 ;
3200 4495 3326 4549 dum
3352 4494 3511 4549 venio
3537 4496 3684 4549 enim
3717 4510 3836 4566 ego,

2249 4592 2387 4646 alius
2432 4600 2558 4645 ante
2607 4604 2694 4643 me
2743 4586 3044 4642 descendit.
3083 4585 3220 4641 Dicit
3255 4584 3305 4640 ei
3345 4585 3503 4641 Jesus
3556 4601 3569 4638 :
3629 4586 3835 4657 Surge.

2251 4683 2375 4737 tolle
2400 4683 2678 4752 grabatum
2710 4692 2731 4720 ο
2768 4690 2939 4745 11111111,
2972 4690 3025 4735 81
3066 4680 3299 4735 ambula.
3357 4680 3423 4735 Et
3467 4680 3652 4735 Statim
3678 4696 3838 4736 sanus

2250 4772 2421 4827 factus
2471 4781 2553 4824 8-1
2598 4770 2806 4825 110111οε
2851 4780 2907 4826 81
2952 4771 3168 4825 sustulit
3218 4771 3496 4841 grabatum
3543 4786 3741 4839 suum,
3792 4783 3840 4827 et

2250 4862 2578 4915 ambulabat.
2604 4860 2733 4914 Erat
2753 4870 2931 4915 autem
2954 4860 3232 4915 sabbatum
3263 4862 3315 4915 in
3341 4862 3431 4915 illo
3451 4861 3556 4917 die.
3576 4862 3839 4919 Dicebant

2251 4949 2423 5005 Judzei
2452 4948 2475 4986 ἀ
2515 4949 2593 5004 1111
2627 4949 2718 5020 qui
2750 4962 2973 5005 sanatus
3006 4953 3176 5006 fuerat
3208 4969 3220 5004 :
3249 4952 3538 5007 Sabbatum
3571 4965 3656 5007 est
3684 4971 3699 5007 :
3737 4970 3835 5008 non

2249 5042 2375 5098 licet
2404 5043 2496 5096 tibi
2529 5043 2718 5099 tollere
2748 5044 3028 5113 grabatum
3058 5054 3227 5099 tuum.
3261 5044 3556 5099 Resnoudit
3584 5046 3661 5100 eis
3694 5064 3708 5099 :
3742 5046 3835 5112 Qui

2251 5149 2337 5190 me
2383 5150 2576 5189 sanum
2622 5134 2785 5203 fecit,
2818 5134 2909 5189 ille
2955 5135 3083 5189 mihi
3131 5136 3267 5190 dixit
3309 5154 3321 5188 :
3356 5136 3509 5192 Tolle
3555 5138 3835 5207 grabatum

2255 5235 2402 5281 tuum
2434 5237 2487 5281 et
2511 5226 2746 5281 ambula.
2771 5225 3247 5298 lnterrogaverunt
3271 5243 3401 5298 ergo
3430 5242 3578 5294 eum,
3607 5228 3733 5298 quis
3760 5238 3837 5282 est

2248 5316 2337 5371 ille
2384 5315 2547 5371 homo
2598 5315 2689 5386 qui
2744 5315 2838 5370 tibi
2890 5316 3075 5371 dixit:
3133 5318 3303 5387 Surge
3327 5309 3365 5381 ,⁸
3403 5318 3528 5372 tolle
3571 5330 3600 5356 α
3646 5318 3835 5388 graba-

2252 5420 2362 5463 tum
2403 5418 2550 5464 tuum
2576 5450 2591 5475 ,
2641 5416 2695 5463 et
2734 5407 2986 5463 ambula?
3027 5409 3076 5463 ls
3113 5420 3290 5464 autem
3322 5411 3412 5481 qui
3450 5423 3613 5464 sanus
3666 5409 3835 5464 fuerat

2321 5582 2345 5621 ἀ
2386 5586 2537 5651 Vulg.
2570 5598 2690 5638 cum
2738 5580 2858 5647 Gr.,
2889 5580 3135 5652 Dicebant
3176 5598 3295 5652 ergo
3339 5581 3465 5638 Jud.
3498 5583 3832 5639 Observabat

2244 5657 2439 5711 Miltius
2471 5648 2658 5710 deesse
2691 5652 3005 5723 particulam
3039 5648 3127 5706 οὖν
3158 5653 3208 5705 111
3230 5648 3400 5709 ⁷1311111.
3434 5664 3488 5708 81
3521 5655 3685 5709 Arab.

2320 5738 2343 5764 ε
2380 5729 2488 5781 Vox
2524 5727 2668 5795 prior
2697 5726 2812 5778 sive
2846 5724 2899 5777 in
2929 5734 3093 5789 textu,
3132 5725 3244 5777 sive
3274 5726 3326 5779 in
3360 5726 3701 5781 versionibus
3727 5727 3818 5782 de-

2249 5801 2537 5855 side-ator.
