4038 6356
127 332 229 391 297
290 338 293 341 λ

886 316 1472 382 EVANGELICABUM
1510 306 2016 371 llARMONlA’RUM
2050 298 2628 365 lNTERPRETATIO.

3300 303 3403 364 293

130 452 350 508 euectus
372 491 389 520 ,
422 446 714 507 'nesciebat
750 447 871 519 quis
908 454 1058 502 esset
1097 462 1111 497 :
1153 441 1308 498 Jesus
1354 438 1498 494 enim
1547 432 1711 489 decli-
1740 432 1789 491 Α
1818 424 1943 520 huic
1964 436 2060 520 vos
2082 438 2188 520 non
2210 423 2451 520 creditis.
2472 419 2799 520 Scruta‘tttitti
2819 419 3143 520 Scriptor-as,
3158 422 3283 491 quia
3306 438 3405 492 pu-

132 548 277 602 navit
326 559 386 602 se
422 548 443 573 "
466 561 496 601 a
527 545 679 601 turba
717 542 1008 599 constituta
1034 540 1085 594 in
1113 539 1254 595 loco.
1284 535 1478 590 Postea
1510 528 1714 586 invenit

131 640 283 696 Jesus
304 639 452 694 illum
482 639 534 693 in
558 636 780 707 templo,
802 642 858 691 et
879 632 1014 688 dixit
1043 630 1121 687 illi
1150 647 1163 683 :
1196 629 1335 683 Ecce
1359 638 1520 681 sauus
1543 622 1715 677 factus

132 745 189 785 es
228 745 244 783 :
270 729 385 798 jam
413 727 521 784 noli
570 739 820 797 peccare,
851 738 923 780 ue
945 720 1185 778 deterius
1216 718 1310 774 tibi
1340 714 1541 785 aliquid
1576 727 1712 769 con-

134 823 323 891 tingat.
363 818 511 874 Abiit
554 818 646 874 ille
691 817 855 872 homo
878 859 893 884 ,
926 823 982 871 et
1006 811 1274 869 nuntiavit
1314 808 1513 865 ludatis
1538 851 1553 877 ,
1583 806 1713 878 quia

134 912 289 967 Jesus
328 918 476 967 esset
501 908 593 980 qui
621 908 748 964 fecit
787 921 909 962 eum
938 918 1150 959 sauum.
1190 901 1478 970 Propterea
1522 910 1713 967 perse-

133 1004 434 1075 quebantur
460 1002 630 1059 Judaei
662 1002 845 1057 Jesum
866 1039 881 1065 ,
930 998 1055 1067 quia
1086 997 1199 1051 haec
1233 993 1464 1049 faciebat
1506 992 1557 1045 in
1588 990 1712 1045 sab-

135 1097 280 1152 bato.
343 1096 503 1153 Jesus
560 1102 739 1149 autem
790 1090 1127 1162 respondens
1165 1088 1244 1144 eis
1288 1103 1301 1140 :
1344 1086 1507 1141 Pater
1559 1095 1713 1138 meus

134 1202 300 1256 usque
348 1185 509 1242 modo
546 1193 801 1255 operatur
827 1224 845 1251 ,
911 1191 968 1237 et
1008 1195 1109 1251 ego
1158 1193 1377 1248 operor.
1422 1180 1710 1247 Iropterea

134 1295 259 1353 ergo
294 1279 610 1350 quterebant
653 1291 774 1333 eum
805 1275 976 1347 magis
1008 1274 1175 1330 Judmi
1210 1270 1549 1335 interficere,
1589 1269 1741 1349 quia

134 1388 238 1428 non
268 1372 442 1428 solum
483 1370 724 1427 solvebat
747 1369 1054 1433 sabbatum,
1100 1364 1194 1422 sed
1229 1375 1278 1420 et
1308 1371 1513 1433 patrem
1555 1374 1713 1415 suum

132 1465 343 1520 dicebat
385 1464 572 1527 Deum,
604 1462 861 1533 aequalem
913 1474 973 1515 se
1027 1457 1231 1513 faciens
1288 1456 1421 1509 Deo.
1470 1452 1713 1519 Respon-

132 1556 208 1611 dit
236 1557 416 1626 itaque
452 1554 607 1611 Jesus
631 1593 647 1620 ,
679 1563 733 1610 et
756 1554 892 1608 dixit
917 1551 996 1608 eis
1029 1568 1043 1605 :
1078 1555 1249 1604 Amen
1276 1548 1310 1585 "
1346 1548 1465 1602 dico
1505 1542 1656 1599 vobis
1697 1560 1711 1596 :

134 1662 238 1701 non
288 1655 465 1717 potest
496 1646 667 1701 Filius
696 1661 725 1699 a
756 1658 816 1700 se
848 1646 1024 1698 facere
1070 1641 1362 1712 quidquam
1389 1680 1405 1704 ,
1447 1637 1550 1691 uisi
1595 1650 1715 1705 qua:

132 1738 325 1793 viderit
354 1737 567 1792 Patrem
615 1737 926 1790 facientem.
958 1733 1303 1800 Qua-cunque
1344 1729 1488 1785 enim
1517 1726 1607 1782 ille
1633 1726 1713 1781 fe-

1818 517 1944 571 tatis
1965 516 2019 571 in
2046 516 2179 587 ipsis
2198 515 2361 571 vitam
2389 524 2645 571 aiternam
2667 513 2890 571 habere.
2912 512 2981 569 Et
3003 513 3109 568 illa:
3130 523 3258 569 sunt
3284 528 3405 584 qua)

1817 606 2181 662 testimonium
2210 606 2500 676 perhibent
2538 605 2607 662 de
2647 621 2771 672 me;
2804 614 2859 661 et
2896 619 3004 660 non
3031 605 3193 660 vultis
3221 606 3407 671 venire

1815 699 1881 754 ad
1907 714 2015 765 me,
2046 707 2103 754 ut
2140 702 2302 753 vitam
2334 698 2601 753 habeatis.
2644 697 2958 753 Claritatem
2986 695 3051 751 ab
3096 696 3407 752 hominibus

1822 806 1927 845 non
1956 790 2184 861 accipio.
2229 789 2337 846 Sed
2370 790 2595 859 cognovi
2626 803 2745 855 vos,
2774 788 2899 859 quia
2923 786 3263 842 dilectionem
3297 803 3403 841 non

1817 880 2027 937 habetis
2057 883 2111 936 in
2141 881 2313 937 vobis.
2359 881 2471 951 Ego
2500 881 2621 937 veni
2650 881 2704 936 in
2738 881 2958 937 nomine
2988 880 3168 937 Patris
3194 880 3322 947 ntei,
3352 890 3405 935 et

1826 989 1932 1027 non
1954 974 2235 1044 accepistis
2263 989 2351 1029 me
2394 991 2410 1029 ς
2451 974 2498 1029 si
2541 974 2679 1030 alius
2704 976 2915 1030 venerit
2939 974 2994 1029 in
3037 974 3257 1030 nomine
3282 987 3402 1039 suo,

1817 1064 1967 1119 illum
1999 1064 2299 1135 accipietis.
2341 1066 2625 1131 Quomodo
2648 1069 2883 1137 potestis
2912 1080 3010 1124 vos
3040 1070 3287 1134 credere,
3317 1071 3409 1139 qui

1814 1160 2043 1228 gloriam
2073 1159 2139 1216 ab
2164 1159 2391 1215 invicem
2420 1159 2666 1228 accipitis
2695 1176 2710 1224 ;
2738 1168 2797 1216 et
2823 1161 3051 1230 gloriam
3082 1177 3202 1232 qua:
3230 1176 3262 1215 a
3291 1162 3406 1215 solo

1819 1251 1928 1306 Deo
1954 1258 2057 1319 est,
2088 1268 2195 1307 non
2222 1247 2498 1325 quatritis?
2546 1250 2723 1307 Nolite
2750 1254 2943 1321 putare
2968 1248 3090 1323 quia
3117 1269 3219 1322 ego
3247 1266 3407 1308 accu-

1815 1353 2029 1400 saturus
2058 1344 2160 1399 sim
2185 1360 2280 1399 vos
2313 1344 2455 1415 apud
2508 1344 2725 1401 Patrem
2767 1362 2780 1399 :
2827 1354 2911 1401 est
2940 1347 3030 1415 qui
3072 1356 3286 1402 accusat
3313 1359 3408 1401 vos

1818 1436 2053 1509 Moyses,
2096 1438 2151 1493 in
2192 1453 2299 1509 quo
2323 1438 2579 1508 speratis.
2614 1437 2670 1494 Si
2691 1436 2834 1493 enim
2874 1438 3168 1493 crederetis
3196 1438 3405 1509 Moysi,

1819 1528 2113 1586 crederetis
2162 1530 2384 1585 forsitan
2407 1538 2462 1585 et
2483 1528 2634 1585 mihi.
2662 1529 2738 1586 De
2761 1544 2847 1585 me
2867 1530 3010 1586 enim
3054 1530 3146 1585 ille
3190 1529 3405 1599 scripsit

1819 1619 1983 1690 (Gen.
2026 1636 2107 1687 ιιι,
2151 1622 2251 1688 15;
2286 1637 2380 1686 xu,
2411 1620 2476 1687 5;
2512 1621 2808 1690 xvut,18;
2852 1622 3114 1687 xxu,18;
3158 1636 3310 1684 xxvt,
3336 1622 3405 1684 αις

1822 1726 2003 1777 xxvut,
2030 1712 2128 1776 ης
2161 1727 2308 1778 xux,
2340 1710 2450 1777 it);
2478 1709 2635 1767 Deut.
2661 1728 2810 1778 xvut,
2843 1713 3031 1783 l5).Si
3059 1720 3236 1766 autem
3269 1710 3409 1766 illius

130 1830 283 1897 cerit,
312 1829 426 1885 hate
449 1840 505 1884 et
533 1829 700 1884 Filius
731 1796 1154 1883 similiter‘facit.
1182 1796 1342 1879 Pater
1369 1822 1514 1879 enim
1541 1819 1715 1889 diligit
1750 1809 1788 1866 Β
1820 1803 2014 1859 litteris
2039 1818 2143 1859 non
2173 1802 2433 1870 creditis.
2470 1803 2746 1874 quomodo
2772 1802 2948 1860 verbis
2973 1803 3108 1859 meis
3144 1796 3409 1858 credetis?

130 1922 349 1990 Filium,
376 1932 432 1979 et
459 1921 639 1978 omnia
671 1923 1010 1977 demonstrat
1054 1919 1103 1975 ei
1148 1932 1267 1988 qua:
1298 1918 1415 1986 ipse
1444 1916 1571 1970 facit
1616 1932 1631 1969 :
1664 1921 1717 1967 et

127 2014 336 2084 majora
367 2012 761 2070 demonstrabit
799 2026 985 2083 Opera,
1012 2020 1070 2065 ut
1108 2023 1206 2066 vos
1234 2007 1526 2064 miremini.
1570 2006 1720 2060 Sicut

125 2106 277 2159 enim
304 2104 468 2160 Pater
501 2105 726 2160 suscitat
763 2112 1007 2160 mortuos
1057 2111 1113 2159 et
1138 2099 1370 2157 vivificat
1393 2140 1410 2166 ,
1439 2099 1518 2154 sic
1543 2106 1597 2154 et
1627 2096 1718 2151 Fi-

123 2198 232 2254 lius
264 2213 403 2268 quos
444 2199 557 2254 vult
599 2198 856 2253 vivificat.
908 2197 1094 2267 Neque
1140 2195 1284 2251 enim
1330 2194 1491 2249 Pater
1516 2191 1721 2261 judicat

129 2305 453 2361 quemquam
479 2308 493 2344 :
518 2291 613 2345 sed
638 2288 1071 2359 omnejudicium
1098 2286 1247 2343 dedit
1272 2284 1431 2349 Filio,
1453 2293 1511 2338 ut
1530 2297 1719 2337 omnes

135 2381 493 2438 ltonorilicent
531 2381 728 2436 Filium
752 2420 769 2447 ,
802 2381 941 2435 sicut
980 2376 1333 2434 honorificam
1354 2376 1587 2431 Patrem.
1620 2373 1721 2441 Qui

135 2492 235 2532 non
266 2473 589 2530 honorificat
616 2474 838 2541 Filium,
873 2486 978 2528 non
1010 2470 1332 2527 honorificat
1361 2468 1600 2535 Patrem,
1631 2467 1721 2538 qui

136 2568 279 2623 misit
304 2567 481 2622 illum.
502 2567 701 2630 Amen,
725 2579 882 2621 amen
905 2564 1026 2620 dico
1044 2561 1219 2630 vobis,
1239 2562 1362 2632 quia
1383 2561 1474 2631 qui
1497 2560 1719 2616 verbum

137 2672 308 2713 meum
340 2656 506 2721 audit,
539 2666 593 2713 et
631 2656 807 2712 credit
836 2656 885 2712 ei
930 2656 1022 2726 qui
1054 2654 1201 2709 misit
1229 2668 1338 2717 me,
1370 2652 1531 2709 habet
1557 2650 1724 2707 vitam

140 2757 416 2803 teternnm.
447 2747 513 2803 Et
541 2748 592 2802 iu
621 2747 883 2817 judicium
914 2761 1021 2801 non
1052 2746 1220 2814 venit,
1264 2744 1358 2800 sed
1384 2743 1611 2799 transiet
1639 2752 1666 2781 ι
1696 2756 1727 2796 a

141 2847 305 2894 morte
337 2840 390 2893 in
421 2838 607 2893 vitam.
642 2841 840 2906 Amen,
873 2853 1030 2894 auten
1057 2838 1181 2897 dico
1208 2837 1385 2903 vobis,
1428 2837 1553 2907 quia
1580 2834 1728 2892 venit

146 2930 299 2998 hora,
327 2940 381 2986 tt
423 2947 567 2987 nunc
611 2940 737 2997 est,
781 2930 997 3001 quando
1042 2930 1241 2985 mortui
1290 2929 1510 2984 audient
1538 2942 1726 2984 vocem

144 3024 255 3080 Filii
284 3025 381 3080 Dt-i
411 3042 424 3079 :
451 3036 503 3079 et
531 3025 622 3097 qui
652 3025 943 3093 audierint,
967 3022 1169 3079 vivent.
1209 3022 1361 3077 Sicut
1386 3022 1531 3077 enim
1572 3022 1729 3076 Pater

146 3117 294 3173 habet
321 3123 486 3172 v;tam
528 3118 581 3173 in
624 3118 922 3187 semetipso
952 3159 968 3183 ,
1000 3118 1080 3173 sic
1119 3116 1267 3171 dedit
1312 3125 1367 3170 et
1397 3114 1534 3169 Filio
1566 3116 1727 3169 vitam

147 3206 337 3265 habere
362 3210 421 3264 in
451 3209 765 3279 semetipso.
786 3208 853 3264 Et
872 3217 1194 3279 potestatem
1221 3206 1368 3261 dedit
1392 3207 1440 3261 ei
1470 3205 1726 3273 judicium
1754 3187 1801 3249 (ἶ

147 3300 335 3369 facere,
380 3302 507 3372 quia
555 3303 697 3356 illius
740 3301 975 3357 hominis
1020 3310 1124 3357 est.
1157 3298 1335 3355 Nolite
1367 3299 1551 3352 mirari
1588 3298 1723 3361 hoc,

146 3397 257 3465 quia
284 3397 435 3453 venit
488 3396 619 3450 hora
653 3396 706 3450 in
736 3410 842 3466 qua
891 3410 1080 3451 omnes
1126 3395 1217 3464 qui
1264 3394 1318 3448 in
1367 3391 1730 3448 monumentis

146 3494 262 3540 sunt
289 3487 514 3541 audient
562 3500 747 3541 vocem
792 3487 911 3554 ejus
942 3483 992 3540 ι’.
1037 3484 1104 3540 Et
1144 3482 1437 3554 procedent
1462 3483 1553 3553 qui
1591 3482 1731 3537 bona

150 3575 384 3633 fecerunt
411 3618 428 3645 ,
476 3577 530 3632 in
573 3576 1025 3633 resurrectionem
1062 3577 1222 3643 vitae;
1274 3576 1365 3645 qui
1413 3590 1545 3630 vero
1589 3574 1731 3629 mala

149 3680 388 3739 egerunt,
424 3671 477 3724 in
507 3670 962 3725 resurrectionem
983 3667 1197 3739 judicii.
1224 3667 1341 3722 Non
1374 3682 1592 3738 possum
1627 3682 1728 3737 ego

151 3776 177 3815 a
205 3776 286 3817 me
316 3763 439 3833 ipso
466 3762 642 3817 facere
669 3761 984 3831 quidquam.
1016 3760 1167 3815 Sicut
1193 3760 1373 3824 audio,
1422 3758 1646 3829 judico;
1677 3769 1734 3813 et

148 3853 396 3924 judicium
431 3869 606 3910 meum
631 3853 836 3924 justum
867 3863 950 3909 est
984 3870 997 3906 :
1046 3854 1168 3922 quia
1198 3868 1302 3906 utin
1330 3866 1514 3920 qumro
1546 3851 1733 3905 volun-

153 3955 302 4002 tatem
324 3960 527 4009 meam,
552 3945 648 4000 sed
675 3946 1006 3999 voluntatem
1038 3942 1155 4011 ejus
1184 3944 1271 4011 qui
1305 3941 1455 3995 misit
1481 3955 1569 3995 me
1600 3951 1648 3995 ε.
1673 3940 1731 3995 Si

152 4053 244 4104 ego
271 4037 636 4095 testimonium
662 4039 926 4107 perltibeo
956 4037 1151 4100 deme,
1176 4036 1536 4089 testimonium
1557 4051 1732 4089 meum

156 4144 253 4184 non
270 4142 358 4187 est
381 4146 587 4186 verum.
614 4131 762 4185 Alius
783 4128 976 4199 estqui
1006 4128 1375 4183 testimonium
1402 4127 1647 4196 perhibet
1668 4128 1735 4183 de

155 4233 234 4275 me
260 4233 275 4275 :
308 4231 363 4277 et
394 4222 507 4276 svio
537 4222 660 4292 quia
692 4236 880 4277 verum
923 4230 1006 4275 est
1044 4220 1410 4275 testimonium
1442 4220 1584 4288 qttod
1614 4234 1734 4288 per-

157 4310 295 4368 hibet
322 4314 391 4369 de
420 4329 528 4369 me.
566 4314 675 4369 Vos
704 4314 929 4370 misistis
960 4312 1026 4365 ad
1060 4312 1345 4376 Joannem,
1401 4321 1457 4367 et
1488 4310 1735 4366 testimo-

157 4404 297 4459 nium
330 4404 601 4475 perhibuit
642 4404 878 4459 veritati.
923 4403 1039 4471 Ego
1080 4412 1259 4456 autem
1288 4415 1395 4455 non
1425 4401 1492 4454 ab
1523 4403 1738 4457 homine

158 4495 520 4551 testimonium
549 4495 755 4563 accipio
781 4510 795 4548 :
816 4494 910 4547 sed
936 4493 1049 4546 haec
1072 4494 1213 4557 dico,
1237 4502 1294 4545 ut
1323 4506 1418 4544 vos
1440 4492 1571 4544 salvi
1596 4492 1735 4546 sitis.

2333 1943 2564 1999 CAPUT
2603 1942 2889 1999 LXXXIX.

1819 2034 1970 2091 Jesus
2019 2037 2081 2091 de
2119 2046 2310 2106 septem
2350 2039 2566 2105 panibus
2619 2048 2667 2091 et
2704 2040 2881 2108 paucis
2937 2037 3157 2106 piscibus
3193 2045 3411 2103 quatuor

1896 2108 2077 2162 millia
2108 2110 2370 2161 hominum
2390 2109 2678 2177 saturavit,
2708 2120 2753 2161 et
2783 2111 3020 2177 pra’crpit
3046 2108 3293 2176 apostolis
3324 2122 3412 2160 ra-

1892 2193 2007 2233 vere
2036 2196 2067 2231 a
2098 2179 2345 2250 fermento
2378 2176 2779 2233 Pliaristcorum.

1894 2318 2111 2374 ΜΑττιι.
2131 2333 2225 2386 xv,
2244 2318 2412 2375 32-59
2438 2319 2647 2385 ;MARC.
2672 2334 2787 2386 vtu,
2811 2319 2959 2374 l-lO.
2976 2318 3042 2373 Et
3062 2316 3262 2373 relictis
3286 2315 3414 2383 illis,

1833 2408 1887 2462 itt
1908 2408 2018 2462 illis
2042 2406 2262 2473 diebus,
2293 2408 2487 2463 iterum
2512 2423 2633 2463 cum
2656 2409 2808 2463 turba
2842 2408 3005 2463 multa
3030 2418 3194 2466 esset.
3219 2419 3416 2461 convo-

1827 2499 1965 2554 ratis
2001 2498 2279 2569 discipulis
2298 2499 2431 2565 suis,
2450 2500 2613 2555 dixit:
2641 2501 2897 2556 Misereor
2919 2499 3107 2563 turbte,
3137 2497 3259 2569 quia
3288 2511 3417 2553 ecce

1828 2590 2004 2647 triduo
2026 2589 2137 2661 jam
2167 2600 2517 2662 perseverant
2557 2606 2791 2660 mecum,
2822 2600 2877 2647 et
2904 2605 3012 2645 non
3045 2588 3244 2645 habent
3272 2588 3414 2658 quod

1830 2682 2198 2736 manducent:
2241 2693 2297 2738 et
2334 2683 2606 2739 dimittere
2633 2695 2728 2738 eos
2753 2682 2974 2751 jejuuos
3022 2681 3147 2736 n-ilo
3172 2723 3186 2746 ,
3224 2695 3290 2735 ne
3322 2680 3416 2735 dea

1832 2774 2017 2829 liciant
2040 2774 2092 2829 in
2117 2775 2221 2829 via.
2249 2774 2316 2829 Et
2336 2776 2522 2830 dicunt
2547 2775 2597 2830 ei
2619 2773 2865 2845 discipuli
2890 2791 2902 2827 :
2930 2771 3083 2830 Unde
3105 2787 3233 2843 ergo
3258 2772 3418 2828 nobis

1831 2868 1884 2922 in
1908 2866 2127 2924 deserto
2150 2881 2319 2937 partes
2345 2868 2501 2930 tanti.
2528 2875 2587 2923 ut
2610 2878 2913 2923 saturemus
2938 2870 3154 2922 turbim
3177 2867 3420 2922 tantam?

1833 2958 1897 3014 Et
1936 2958 2014 3014 ait
2045 2958 2153 3014 illis
2174 2958 2330 3015 Iesus
2365 2960 2545 3028 :Quot
2573 2973 2739 3030 panes
2770 2957 3023 3014 habetis?
3057 2957 3123 3013 Et
3162 2957 3238 3013 illi
3269 2958 3423 3012 disco

1833 3063 1956 3108 runt
2004 3071 2018 3106 :
2060 3053 2277 3123 Septem
2330 3063 2384 3109 et
2438 3068 2636 3121 paucos
2686 3054 2989 3123 pisciculos.
3044 3053 3111 3108 Et
3164 3050 3422 3123 prmeepit

1836 3142 2004 3198 turba:
2048 3156 2106 3199 ut
2152 3145 2520 3200 discumberet
2566 3161 2730 3216 super
2775 3156 2996 3203 terram.
3039 3145 3107 3200 Et
3150 3145 3421 3215 accipiens

1835 3244 2041 3301 septem
2069 3249 2235 3302 panes
2260 3244 2313 3289 et
2349 3236 2546 3303 pisces,
2571 3246 2624 3292 et
2652 3238 2850 3305 gratias
2878 3251 3044 3306 agens
3065 3279 3081 3302 ,
3129 3236 3289 3307 fregit
3316 3276 3332 3301 ,
3365 3244 3423 3291 et

1834 3323 1980 3379 dedit
2006 3324 2287 3394 discipulis
2315 3327 2428 3381 suis
2456 3343 2468 3379 :
2499 3336 2553 3381 et
2593 3327 2849 3397 discipuli
2896 3327 3165 3382 dederunt
3197 3327 3418 3396 populi».

1835 3416 1902 3471 Et
1931 3420 2288 3472 comederunt
2317 3433 2528 3484 oumcs,
2563 3428 2615 3474 et
2648 3417 2876 3474 saturati
2902 3426 3046 3473 sunt.
3075 3417 3141 3472 Et
3166 3416 3305 3487 quod
3334 3431 3423 3472 su-

1835 3507 2033 3578 perfuit
2063 3508 2130 3564 de
2170 3509 2509 3579 fragmentis,
2545 3510 2784 3564 tulerunt
2821 3517 3029 3578 septem
3063 3518 3277 3578 sportas
3308 3507 3415 3578 plc-

1837 3614 1954 3654 nas.
1982 3599 2148 3654 Erant
2178 3610 2354 3656 autem
2384 3600 2471 3670 qui
2504 3601 2959 3656 manducaverant
2989 3610 3217 3670 quatuor
3250 3598 3425 3655 millia

1836 3691 2149 3757 hominum,
2192 3704 2342 3746 extra
2387 3694 2638 3763 parvulos
2677 3704 2731 3747 et
2770 3693 3026 3748 mulieres
3064 3708 3079 3747 :
3122 3702 3177 3747 et
3219 3692 3423 3748 dimisit

1836 3796 1949 3837 eos.
1977 3783 2038 3836 Et
2069 3782 2248 3837 statim
2278 3784 2579 3838 ascendens
2611 3784 2785 3838 navim
2828 3798 2948 3839 cum
2978 3784 3253 3853 discipulis
3281 3783 3421 3848 suis,

1837 3875 1987 3929 venit
2030 3876 2081 3928 in
2115 3884 2294 3944 partes
2340 3876 2715 3931 Daltuauutha.
2745 3907 2810 3915 —
2840 3877 3059 3931 MAT'fIl.
3097 3886 3219 3941 lxvt,
3254 3874 3423 3940 542;

1839 3964 2009 4018 lianc.
2060 3980 2148 4019 vut
2176 4009 2189 4032 ,
2243 3964 2425 4019 iri-2|.
2471 3966 2685 4020 Etcum
2723 3966 2996 4021 venissent
3027 3963 3276 4034 discipuli
3308 3964 3427 4033 ejus

1840 4066 1985 4109 trans
2007 4054 2225 4121 fretum,
2246 4054 2397 4109 obliti
2428 4064 2553 4109 sunt
2572 4067 2741 4125 panes
2763 4050 3028 4126 accipere,
3054 4066 3105 4110 et
3134 4055 3235 4110 nisi
3262 4070 3425 4110 unum

1840 4158 2032 4213 panem
2065 4160 2170 4199 non
2205 4135 2476 4199 habebani
2506 4160 2689 4201 secum
2727 4146 2781 4200 in
2812 4145 2958 4201 navi.
2991 4145 3056 4200 Et
3086 4147 3431 4217 prmcipiebut

1839 4239 1917 4293 eis
1943 4237 2131 4293 dicens
2161 4254 2174 4291 :
2204 4237 2522 4307 Intuemini,
2554 4248 2610 4294 et
2639 4251 2825 4295 cavete
2853 4255 2883 4294 a
2928 4239 3189 4294 fermento
3237 4237 3429 4292 Phari-

1841 4342 2073 4382 saiornm
2135 4335 2189 4381 et
2218 4326 2637 4381 Sadducaaorum
2667 4369 2681 4391 ,
2713 4332 2768 4380 et
2792 4326 3055 4381 fermento
3086 4325 3331 4378 llerodis.
3364 4325 3434 4377 At

1846 4416 1923 4468 illi
1968 4414 2277 4483 cogitabant
2320 4414 2459 4468 intra
2486 4427 2579 4479 se,
2611 4413 2895 4468 dicentes:
2942 4412 3075 4478 Quia
3122 4426 3285 4481 panes
3324 4422 3431 4465 mu

1857 4505 2139 4559 habemus.
2170 4502 2359 4559 Sciens
2389 4510 2568 4558 autem
2591 4502 2770 4568 Iesus,
2800 4501 2969 4562 dixit:
3013 4501 3150 4572 Quid
3189 4501 3434 4574 cogitatis

158 4585 247 4643 hie
270 4595 392 4641 erat
411 4588 630 4640 lucerna
653 4586 848 4640 ardens
864 4592 920 4639 et
943 4584 1130 4639 lucens
1154 4597 1285 4639 :vos
1304 4591 1482 4637 autem
1501 4581 1743 4640 voluiStis
1773 4564 1822 4623 θ
1851 4594 1993 4650 inter
2020 4609 2137 4659 vos,
2168 4593 2391 4650 modica:
2439 4593 2562 4650 ﬁdei
2588 4638 2603 4663 ,
2651 4564 2775 4664 quis
2823 4609 2941 4665 pan;
2960 4607 2988 4649 ε
3022 4564 3141 4650 Bon
3188 4564 3437 4649 minus;

158 4677 429 4733 exsultare
450 4675 516 4731 ad
538 4675 725 4730 horam
750 4676 802 4730 in
834 4675 953 4730 luce
979 4675 1114 4740 ejus.
1139 4673 1251 4743 Ego
1267 4683 1443 4728 autem
1473 4673 1644 4729 habeo
1668 4684 1747 4730 te-

162 4769 473 4825 stimonium
499 4769 673 4839 majus
692 4767 921 4824 Joanne.
945 4766 1118 4836 Opera
1145 4768 1287 4820 en'm
1310 4781 1430 4835 qua:
1451 4765 1598 4820 dedit
1618 4767 1746 4822 mihi

168 4863 317 4919 'l‘ater
339 4873 394 4919 ut
420 4863 692 4934 perficiam
723 4877 808 4925 ea,
827 4861 943 4931 ipsa
964 4875 1123 4930 Opera
1148 4876 1265 4928 qua:
1286 4874 1387 4927 ego
1411 4858 1568 4926 facio,
1596 4861 1745 4915 tedi-

169 4957 398 5012 tuonium
427 4956 711 5027 perhibent
732 4955 803 5011 de
827 4969 933 5019 me,
957 4954 1077 5023 quia
1105 4953 1260 5007 Pater
1288 4966 1373 5008 me
1392 4953 1554 5007 misit.
1572 4953 1632 5007 Et
1655 4954 1743 5023 qui

171 5048 307 5103 misit
336 5062 423 5103 me
446 5048 623 5113 Pater,
643 5048 757 5117 ipse
779 5046 1145 5099 testimonium
1174 5044 1443 5113 perhibuit
1466 5046 1533 5098 de
1558 5060 1641 5099 me
1662 5062 1673 5096 :
1694 5054 1747 5100 et

173 5149 337 5208 neque
351 5154 535 5196 vo~em
551 5139 669 5210 ejus
690 5137 913 5192 audistis
928 5133 953 5171 δ
980 5134 1194 5207 (Matth.
1219 5150 1295 5197 Ill,
1321 5135 1408 5201 l7;
1434 5152 1561 5199 ιιι-ιι,
1581 5136 1635 5207 5)
1657 5152 1749 5192 ue-

176 5246 273 5302 que
301 5236 531 5305 speciem
564 5235 774 5290 vidistis
809 5232 989 5305 (Deut.
1022 5247 1099 5299 tv,
1128 5230 1241 5301 12).
1273 5231 1338 5285 Ει
1376 5232 1597 5286 verbum
1633 5234 1749 5302 ejus

180 5337 275 5380 non
308 5326 513 5383 habetis
542 5325 595 5380 in
620 5325 769 5381 vobis
800 5337 1060 5389 manens;
1094 5323 1214 5392 quia
1246 5337 1404 5392 quem
1437 5322 1582 5378 misit
1624 5324 1714 5379 ille
1735 5366 1749 5390 ,

244 5494 270 5522 ἰ
298 5485 474 5555 Vulg.,
520 5485 759 5557 transiit.
785 5483 1064 5539 Consentit
1102 5486 1195 5540 Gr.
1240 5485 1579 5557 μεταϐέϐηκε.
1614 5484 1745 5538 Am-

185 5559 392 5630 monius
422 5570 609 5629 tamen
634 5556 842 5630 legebat
871 5555 1382 5630 _il._$_‘tftit67305‘rat-CUIII
1415 5555 1626 5610 Νυιιηο.
1658 5558 1748 5611 Sic

187 5626 298 5696 item
330 5628 428 5696 alii]
456 5638 527 5681 tot
553 5626 709 5679 Cedd.
746 5627 882 5693 apud
912 5627 1152 5681 Millittttt.

250 5692 273 5730 θ’
305 5692 568 5767 [iudicum
591 5696 757 5751 textui
781 5692 1043 5765 etingrttit,
1070 5709 1228 5767 φωνῆς
1250 5699 1430 5752 αὐτοῦ.
1460 5695 1640 5764 Vulg.,
1665 5710 1751 5749 vo-

188 5775 282 5813 mu
312 5762 429 5817 Filii
471 5769 582 5821 Dei.
615 5768 743 5834 Qua:
787 5762 965 5836 utique
998 5762 1152 5825 leo-lio
1194 5786 1259 5826 cx
1304 5770 1424 5826 aliis
1464 5762 1749 5825 codd.Cr.

192 5836 541 5891 Cottlit'utulttt'.
579 5839 692 5890 Viti.
732 5837 964 5893 Millttmt.

462 5952 728 6013 PATHOL.
785 5953 1057 6011 LXVI”.

1852 4683 2097 4741 Nondum
2125 4684 2442 4754 iutelligitis,
2474 4698 2651 4753 neque
2676 4682 3071 4739 recordamini?
3114 4682 3305 4739 Adhuc
3330 4698 3437 4738 etc-

1852 4785 2029 4831 Catum
2077 4774 2288 4829 habetis
2336 4788 2431 4830 cor
2458 4773 2738 4830 vestrum?
2790 4773 2987 4829 Oculos
3035 4773 3297 4829 habentes
3328 4788 3433 4828 non

1849 4865 2066 4931 videtis,
2088 4876 2139 4921 et
2164 4879 2322 4921 aures
2352 4865 2614 4921 habentes
2642 4878 2749 4920 non
2784 4864 3020 4920 auditis?
3048 4863 3157 4919 Nec
3188 4864 3432 4919 recorda~

1851 4958 1980 5014 mini
2011 4958 2225 5027 quando
2249 4958 2485 5028 quinque
2512 4971 2676 5027 panes
2698 4956 2832 5027 fregi
2888 4957 2941 5010 in
2969 4955 3204 5024 quinque
3234 4954 3439 5009 millia?

1857 5052 1995 5118 Quot
2044 5048 2303 5118 cophinos
2352 5048 2776 5117 fragmentorum
2823 5045 3058 5119 (plenos)
3108 5045 3440 5101 SUalUiiSliS?

1857 5144 2047 5196 Dicunt
2086 5140 2135 5196 ei
2180 5141 2529 5196 :duodccun.
2572 5139 2799 5209 Quando
2842 5150 2895 5196 et
2933 5149 3136 5207 septem
3178 5152 3343 5209 panes
3384 5138 3439 5191 in

1855 5245 2085 5303 quatuor
2114 5234 2300 5301 millia,
2331 5243 2461 5304 quot
2501 5243 2713 5303 Sportas
2742 5230 3159 5304 tragmeuterunt
3192 5229 3389 5285 tulistis
3416 5230 3439 5281 τ

1864 5327 1928 5382 Ει
1963 5326 2148 5382 dicunt
2185 5328 2232 5381 ci
2278 5342 2290 5378 :
2333 5336 2562 5396 Septem.
2617 5326 2796 5393 Quare
2836 5338 2941 5379 ucn
2982 5320 3278 5392 iutelligitis
3320 5322 3441 5389 quia

1930 5497 1949 5526 ε
1999 5488 2142 5551 liter,
2169 5488 2288 5556 quia
2320 5502 2711 5556 nonqutcro....
2752 5486 2839 5555 qui
2881 5485 3015 5538 misit
3039 5499 3147 5550 me,
3185 5482 3252 5537 ab
3276 5483 3433 5539 editis

1854 5558 2189 5612 exciderunt.

1926 5627 1950 5664 ά
1990 5628 2163 5695 \'ttlg.,
2196 5646 2420 5697 tmquzmt
2443 5628 2681 5681 audistis.
2714 5625 2807 5681 Gr.
2851 5631 2994 5685 ἀκηκ.
3033 5629 3257 5682 πώποτε.
3309 5630 3351 5691 Q
3378 5643 3439 5681 ut!
3492 5632 3499 5635 ’

1856 5713 1957 5753 vox
1984 5709 2248 5768 postrema
2280 5702 2429 5753 deest
2466 5701 2515 5750 iu
2558 5700 2679 5750 eod.
2717 5697 2897 5762 Catth,
2928 5698 3238 5767 deerat-pte,
3274 5710 3326 5751 ttt
3364 5697 3439 5753 ti—

1861 5770 2039 5839 dctur,
2076 5771 2127 5825 itt
2159 5771 2426 5826 Auuuonii
2458 5769 2773 5839 excitiplari.

2538 6022 2565 6049 τ’
