4038 6356
526 291 571 344 τε
579 291 641 343 39

1680 283 2000 343 νιοτοιιιε
2039 285 2345 346 EPJSCOPI
2383 288 2685 349 CAPUANI

3707 289 3828 347 500

548 418 655 458 non
685 404 751 454 de
780 415 911 470 pana
947 397 1068 453 (dixi
1097 397 1247 454 vobis
1280 415 1290 450 :
1326 397 1523 453 Cavete
1566 413 1594 451 a
1636 397 1902 453 fermento
1949 400 2137 454 Pbari-
2160 411 2206 468 Α
2240 419 2343 458 non
2377 414 2547 475 potest
2573 407 2798 463 candida
2831 407 3027 464 facere.
3059 406 3125 462 Et
3155 419 3280 463 ecce
3310 402 3694 476 fapparueruut
3723 407 3842 462 illis

541 508 770 549 eteorum
811 501 876 546 et‘
901 491 1356 546 Sadducteorum?
1387 490 1536 544 Tunc
1566 490 1977 556 intellexerunt,
2009 493 2133 560 quia

547 601 651 639 non
711 583 911 638 dixerit
961 581 1260 636 cavendum
1302 596 1330 632 a
1382 580 1647 634 fermento
1694 597 1928 650 panum,
1971 584 2063 637 sed
2104 597 2134 636 a

545 676 785 730 doctrina
818 673 1207 728 Pharisaeorum
1248 680 1297 724 et
1332 668 1776 726 Sadduczeorum.

1146 810 1370 864 C\PUT
1412 811 1522 864 XC.

548 908 702 962 Jesus
737 909 1013 969 interroqat
1041 902 1300 972 apostolos
1328 919 1346 958 :
1387 904 1543 968 Quem
1577 920 1652 956 me
1683 905 1861 958 dicunt
1909 906 2134 960 homines

621 980 762 1031 esse?
785 987 834 1096 ξς
861 992 974 1045 qua:
1001 984 1323 1042 sequuntur:
1357 985 1402 1027 et
1425 976 1548 1027 dicit
1577 973 1732 1029 Petro
1767 991 1784 1029 :
1815 977 2136 1030 Scnndulum

625 1065 676 1096 BI
707 1063 788 1096 ηιι.
817 1065 854 1096 Ι.

625 1065 676 1101 es
707 1063 854 1098 mini.

622 1187 831 1241 ΜΑττιι.
868 1201 973 1250 xvi,
1009 1186 1192 1240 i3-27.
1247 1185 1404 1240 Ven7t
1452 1195 1628 1240 autem
1661 1185 1816 1240 Jesus
1866 1187 1916 1240 in
1956 1197 2137 1255 partes

553 1276 715 1330 Cmsa'
735 1292 811 1330 ea:
836 1275 1092 1345 Philippi;
1121 1286 1173 1330 et
1205 1276 1568 1345 interrogabat
1589 1277 1875 1345 discipulos
1905 1294 2031 1331 suos
2059 1280 2139 1333 di-

553 1382 679 1422 cens
714 1387 724 1419 :
761 1368 927 1434 Quem
961 1368 1146 1422 dicunt
1180 1369 1424 1422 homines
1475 1383 1594 1421 esse
1628 1367 1820 1422 Filium
1866 1368 2138 1422 hominis?

555 1463 624 1514 At
652 1461 726 1514 illi
762 1460 1050 1514 dixerunt:
1087 1461 1190 1514 Alii
1215 1460 1472 1514 Joannem
1500 1460 1813 1529 Baptistam,
1846 1457 1936 1513 alii
1959 1471 2135 1515 autem

556 1555 750 1619 Eliam,
781 1554 869 1607 alii
902 1568 1031 1607 vero
1065 1554 1380 1617 Jeremiam,
1413 1562 1505 1606 aut
1545 1569 1706 1607 tinum
1742 1569 1805 1607 ex
1839 1554 2134 1622 praphetis.

557 1643 700 1698 Dicit
731 1643 836 1696 illis
865 1645 1020 1698 Jesus
1052 1660 1064 1695 :
1101 1643 1208 1696 Vos
1239 1654 1413 1697 autem
1458 1657 1613 1712 quem
1644 1658 1729 1696 me
1759 1658 1879 1698 esse
1920 1645 2139 1698 dicitis?

559 1737 908 1807 ReSpondens
931 1737 1112 1791 Simon
1139 1737 1348 1802 Petrus,
1377 1736 1506 1790 dixit
1538 1753 1549 1787 :
1577 1735 1654 1789 Tu
1682 1751 1738 1790 es
1761 1735 2025 1804 Christus,
2056 1735 2138 1790 Fi-

559 1831 664 1885 lius
703 1831 796 1884 Dei
843 1830 976 1885 vivi.
1025 1829 1376 1899 Respondeas
1417 1839 1594 1883 autem
1626 1828 1782 1882 Jesus
1808 1869 1822 1895 ,
1855 1829 1989 1882 dixit
2033 1829 2079 1882 ei
2123 1843 2138 1882 :

561 1921 758 1976 Beatus
787 1935 862 1985 es,
899 1921 1083 1974 Simon
1118 1920 1343 1988 Barjona
1373 1921 1530 1989 :quia
1558 1934 1683 1974 caro
1712 1929 1765 1974 et
1794 1921 2008 1988 sanguis
2035 1936 2140 1973 non

561 2012 818 2067 revelavit
855 2011 949 2066 tibi
979 2051 992 2075 ,
1021 2011 1114 2066 sed
1139 2012 1298 2066 Pater
1330 2026 1501 2075 meus,
1533 2012 1621 2079 qui
1668 2011 1719 2066 in
1751 2012 1900 2065 cmlis
1928 2021 2028 2067 est.
2079 2012 2144 2065 Et

567 2104 712 2174 (ego)
763 2104 881 2156 dico
915 2103 1008 2156 tibi
1052 2121 1064 2156 :
1108 2103 1231 2172 quia
1263 2113 1317 2156 tu
1350 2117 1410 2157 es
1455 2102 1643 2156 Petrus
1671 2143 1683 2166 ,
1727 2112 1780 2156 et
1811 2117 1973 2170 super
2005 2101 2143 2156 hanc

562 2203 767 2262 petram
797 2193 1072 2249 mdilicabo
1116 2193 1410 2248 Ecclesiam
1450 2207 1658 2257 meam;
1692 2202 1742 2246 et
1775 2203 1940 2262 porta:
1989 2192 2144 2248 inferi

563 2299 668 2340 non
699 2286 1066 2354 praevalebunt
1091 2283 1348 2339 adversus
1376 2297 1515 2337 eam.
1550 2283 1616 2337 Et
1645 2283 1735 2337 tibi
1777 2283 1917 2338 dabo
1959 2284 2142 2339 claves

563 2377 708 2446 regni
737 2377 1014 2431 cmlorum.
1064 2375 1130 2429 Et
1157 2374 1510 2444 quodcunque
1540 2374 1791 2444 ligaveris
1822 2390 1987 2444 super
2030 2385 2144 2430 ter-

566 2481 704 2530 ram,
736 2466 839 2519 erit
868 2465 1086 2532 ligatum
1115 2472 1170 2519 et
1200 2463 1254 2518 in
1284 2464 1434 2518 caelis
1465 2481 1479 2516 :
1511 2473 1564 2519 et
1589 2464 1945 2534 quodcunque
1973 2467 2147 2521 solve-

564 2556 639 2610 ris
666 2570 826 2624 super
854 2565 1073 2620 terram,
1099 2555 1202 2610 erit
1226 2555 1458 2610 solutum
1486 2564 1540 2610 et
1563 2555 1614 2609 in
1641 2555 1814 2610 caelis.
1837 2555 1988 2612 Tunc
2010 2573 2144 2627 prte-

563 2647 708 2716 cepit
754 2647 1031 2716 discipulis
1061 2647 1174 2701 suis
1200 2687 1216 2712 ,
1265 2654 1323 2700 ut
1361 2646 1560 2700 nemini
1591 2646 1831 2702 dicerent
1861 2647 1982 2716 quia
2031 2649 2146 2717 ipse

566 2747 712 2794 esset
741 2738 1006 2794 Christus.
1050 2737 1257 2793 Exinde
1283 2740 1448 2808 empit
1485 2738 1638 2794 Jesus
1669 2740 1958 2798 ostendere
1986 2741 2147 2796 disci-

567 2832 706 2900 pulis
750 2831 863 2886 suis
892 2831 1012 2901 quia
1042 2839 1259 2899 Oportet
1299 2846 1420 2886 eum
1463 2832 1541 2886 ire
1593 2832 2012 2904 Hierosolymam
2040 2875 2054 2899 ,
2093 2843 2148 2890 et

565 2924 732 2978 multa
760 2924 866 2992 pati
898 2937 928 2976 a
957 2923 1262 2978 senioribus
1291 2931 1347 2978 et
1370 2923 1563 2978 scribis
1595 2934 1648 2978 et
1695 2924 2028 2993 principibus
2056 2940 2147 2979 sa-

569 3014 848 3070 cerdotum
877 3054 890 3078 ,
921 3023 974 3068 et
1005 3013 1199 3080 occidi,
1233 3022 1286 3068 et
1332 3015 1485 3068 tertia
1515 3014 1604 3070 die
1633 3029 1934 3083 resurgere.
1970 3016 2034 3070 Et
2062 3031 2148 3070 as-

567 3119 785 3158 sumens
810 3119 930 3158 eum
963 3103 1174 3168 Petrus,
1203 3103 1368 3172 cmpit
1398 3104 1679 3174 increpare
1707 3105 1876 3172 illum,
1912 3105 2098 3160 dicens
2128 3123 2140 3158 :
2170 3150 2215 3174 η

567 3194 722 3248 Absit
748 3207 776 3246 a
806 3203 878 3261 te,
924 3193 1180 3256 Domine;
1211 3209 1316 3247 non
1348 3195 1453 3248 erit
1481 3195 1573 3249 tibi
1618 3195 1739 3250 hoc.
1784 3196 1884 3262 Qui
1913 3211 2142 3251 conver-

565 3297 676 3347 sus,
707 3283 840 3337 dixit
869 3283 1030 3338 Petro
1060 3301 1072 3336 :
1107 3283 1252 3338 Vade
1283 3296 1406 3352 post
1434 3301 1541 3352 me,
1574 3286 1804 3352 Satana;
1834 3288 2146 3344 scandalum

565 3390 624 3429 es
658 3376 784 3429 mihi
831 3392 844 3428 :
887 3375 1010 3444 quia
1059 3389 1162 3430 non
1211 3377 1356 3445 sapis
1385 3391 1446 3430 ea
1476 3393 1595 3446 quae
1627 3377 1721 3432 Dei
1753 3387 1918 3441 sunt,
1959 3380 2055 3434 sed
2083 3395 2146 3435 ea

567 3482 683 3533 qua:
707 3467 1002 3520 hominum.
1029 3466 1178 3520 Tunc
1203 3478 1493 3520 convocata
1519 3468 1672 3522 turba
1700 3483 1820 3522 cum
1846 3469 2144 3537 discipulis,

565 3559 698 3612 dixit
727 3559 843 3612 eis:
877 3558 931 3612 Si
980 3559 1099 3626 quis
1132 3558 1246 3612 vult
1277 3567 1394 3627 post
1425 3573 1512 3613 me
1551 3561 1756 3627 venire,
1788 3561 2018 3629 abneget
2063 3576 2147 3616 se-

568 3650 874 3716 metipsum,
909 3656 963 3702 et
1004 3648 1155 3700 tollat
1200 3662 1413 3701 crucem
1445 3663 1594 3701 suam
1619 3692 1633 3717 ,
1676 3657 1731 3704 et
1758 3660 2010 3719 sequatur
2039 3667 2143 3707 me.

568 3736 667 3800 Qui
690 3737 832 3789 enim
860 3735 1095 3789 voluerit
1127 3735 1358 3790 animam
1391 3750 1540 3790 suam
1571 3737 1771 3791 salvam
1802 3739 1999 3806 facere,
2023 3756 2148 3810 per-

570 3825 661 3879 det
690 3841 828 3879 eam.
850 3825 952 3890 Qui
983 3833 1157 3880 autem
1183 3825 1476 3894 perdiderit
1501 3829 1733 3882 animam
1756 3844 1904 3884 suam
1929 3841 2145 3902 propter

569 3929 675 3974 me.
694 3915 927 3970 inveniet
947 3915 1237 3981 eam.Quid
1260 3916 1404 3970 enim
1433 3917 1651 3984 prodest
1675 3918 1897 3986 homini,
1916 3922 1960 3976 si
1991 3938 2144 3976 mun-

568 4008 693 4060 dum
722 4008 1028 4061 universum
1058 4007 1316 4073 lucretur,
1344 4009 1539 4062 anima:
1563 4024 1690 4064 vero
1710 4025 1820 4066 sure
1851 4011 2141 4068 detrimen-

569 4109 679 4154 tum
706 4102 971 4168 patiatur?
1002 4103 1103 4156 Aut
1126 4117 1283 4172 quam
1307 4103 1455 4157 dabit
1485 4103 1644 4159 homo
1667 4107 2138 4161 commutationem

567 4208 663 4259 pro
685 4194 858 4246 anima
890 4193 1030 4248 sua?
1061 4193 1227 4250 Filius
1256 4195 1397 4251 enim
1430 4194 1664 4251 hominis
1691 4204 1946 4252 venturus
1974 4206 2057 4252 est
2086 4198 2141 4253 in

564 4284 729 4353 gloria
765 4284 934 4339 Patris
977 4285 1056 4339 sui
1101 4301 1223 4341 cum
1254 4287 1460 4356 angelis
1509 4289 1660 4354 suis;
1693 4299 1747 4345 et
1781 4296 1907 4344 tunc
1952 4289 2143 4346 reddet

569 4379 850 4445 unicuique
873 4378 1166 4433 secundum
1199 4393 1332 4448 opus
1364 4380 1504 4450 ejus.

1151 4520 1375 4575 CAPUT
1413 4520 1548 4574 XCI.

561 4610 710 4665 Jesus
742 4613 860 4664 dicit
902 4627 918 4664 :
962 4611 1098 4665 Sunt
1144 4611 1351 4682 quidam
1395 4613 1458 4664 de
1514 4613 1594 4663 hic
1619 4613 1866 4665 s'antibus
1911 4613 2000 4682 qui
2039 4630 2141 4666 non

669 4683 942 4750 gustabunt
977 4689 1208 4735 mortem.
1241 4680 1306 4732 Et
1338 4683 1388 4732 in
1419 4691 1584 4733 monte
1616 4680 2032 4753 transﬁguntur.

630 4821 845 4871 Mirm.
880 4832 991 4882 xw,
1014 4817 1114 4883 28;
1153 4833 1281 4880 xvtt,
1318 4819 1472 4882 l-l5;
1506 4819 1678 4874 Mane.
1712 4836 1783 4886 tx,
1816 4821 2133 4887 l-lS;Luc.

561 4906 842 4967 tx,‘28-36.
888 4909 1055 4962 Amen
1101 4907 1221 4961 dico
1264 4908 1464 4964 vobis:
1507 4909 1643 4965 Sunt
1681 4911 1896 4981 quidam
1944 4913 2012 4968 de
2051 4914 2138 4969 hic

560 4995 824 5048 stmtibus
873 4997 958 5066 qui
1008 5014 1112 5050 non
1168 4999 1456 5062 gustabunt
1505 5009 1732 5056 mortem
1765 5043 1780 5066 ,
1831 5002 2005 5058 donec
2058 5005 2136 5059 vi-

558 5087 713 5139 dnnt
758 5085 950 5141 Filium
999 5087 1229 5143 hominis
1280 5095 1582 5145 venientem
1632 5092 1684 5146 in
1736 5109 1903 5162 regno
1929 5097 2140 5151 suo.Et

562 5191 679 5246 post
731 5179 844 5233 dies
893 5194 986 5234 sex
1033 5181 1326 5248 assumpsit
1370 5181 1529 5236 Jesus
1574 5181 1820 5247 Petrum,
1879 5194 1934 5240 et
1989 5185 2140 5240 Jaco-

558 5269 679 5323 bum
710 5311 724 5334 ,
768 5280 822 5325 et
875 5269 1136 5325 Joannem
1183 5271 1402 5327 fratrem
1453 5273 1600 5344 ejus,
1660 5285 1713 5330 et
1754 5277 1901 5331 ducit
1936 5278 2055 5332 illos
2085 5279 2137 5333 in

558 5373 789 5416 montem
812 5364 1082 5419 excelsum
1109 5379 1379 5431 seorsum,
1407 5376 1464 5421 ut
1494 5376 1694 5433 oraret,
1720 5377 1774 5423 et
1796 5370 2138 5440 transﬁgura-

559 5463 642 5506 tus
671 5464 752 5506 est
781 5465 901 5509 ante
921 5471 1034 5510 eos.
1071 5457 1134 5510 Et
1164 5457 1500 5525 reSplenduit
1531 5459 1694 5514 facies
1720 5459 1834 5528 ejus
1855 5459 1991 5514 sicut
2014 5461 2090 5514 sol
2126 5479 2136 5512 :

556 5548 874 5601 vestimenta
924 5558 1100 5602 autem
1144 5550 1260 5620 ejus
1302 5548 1437 5604 facta
1483 5559 1608 5604 sunt
1657 5551 1775 5604 alba
1828 5552 1965 5605 sicut
2012 5551 2136 5614 nix,

555 5639 893 5708 splendentia
919 5643 1141 5698 candida
1173 5643 1349 5711 nimis,
1389 5644 1566 5712 qualia
1597 5643 1724 5698 fullo
1750 5659 1909 5714 super
1939 5654 2132 5700 terram

2237 496 2446 566 Moyses
2475 506 2530 552 et
2579 499 2724 554 Elias
2771 514 2892 554 cum
2939 514 3007 555 eo
3053 498 3315 565 dicentes,
3346 499 3398 552 in
3425 498 3731 568 majestate.
3768 499 3842 554 Et

2237 589 2488 643 dicebant
2514 605 2797 645 excessum
2829 591 2978 659 ejus,
3025 606 3181 660 quem
3226 590 3592 658 eompleturus
3622 598 3742 644 erat
3783 590 3839 643 in

2236 679 2551 735 Jerusalem.
2568 681 2917 752 Respondens
2934 692 3109 736 autem
3135 682 3340 744 Petrus,
3357 681 3491 736 dixit
3511 680 3581 734 ad
3603 680 3796 734 Jesum
3821 698 3835 732 :

2241 771 2482 835 Domine,
2516 771 2712 826 bonum
2763 783 2846 827 est
2893 789 2991 827 nos
3040 773 3124 826 hic
3153 787 3271 827 esse
3305 789 3316 824 :
3351 771 3397 825 si
3427 771 3539 838 vis,
3570 769 3836 824 iaciamus

2239 859 2326 915 hic
2359 863 2455 916 tria
2486 863 2856 928 tabernacula;
2891 865 2981 917 tibi
3015 879 3198 928 unum,
3229 862 3393 932 Moysi
3419 877 3605 927 unum,
3631 872 3682 916 et
3699 861 3838 916 Elia:

2241 967 2423 1006 unum.
2458 953 2646 1008 Adhuc
2670 969 2734 1008 eo
2764 956 3048 1023 loquente,
3074 969 3201 1009 ecce
3232 953 3404 1008 nubes
3433 952 3604 1007 lucida
3630 953 3834 1006 obum-

2239 1043 2410 1097 bravit
2438 1060 2552 1099 eos.
2585 1045 2654 1099 Et
2683 1061 2808 1100 ecce
2833 1062 2932 1099 vox
2967 1046 3033 1099 de
3063 1046 3218 1108 coelo,
3247 1045 3428 1098 dicens
3463 1062 3475 1096 :
3508 1043 3605 1098 llic
3633 1054 3716 1098 est
3744 1043 3836 1097 Fi-

2240 1132 2340 1186 lius
2386 1150 2538 1188 meus
2579 1135 2805 1189 dilectus
2830 1176 2848 1202 ,
2889 1135 2940 1189 in
2970 1151 3076 1205 quo
3107 1135 3234 1189 mihi
3279 1135 3577 1203 complacui
3605 1153 3618 1189 :
3651 1136 3832 1204 ipsum

2239 1225 2438 1279 audite.
2474 1226 2540 1278 Et
2572 1226 2848 1280 audientes
2877 1227 3162 1296 discipuli,
3192 1227 3504 1282 ceciderunt
3544 1228 3596 1282 in
3636 1229 3832 1283 laciem

2240 1329 2422 1380 suam,
2453 1327 2507 1372 et
2536 1317 3022 1372 timueruntvalde.
3058 1320 3123 1372 Et
3150 1322 3378 1374 accessit
3406 1318 3592 1385 Jesus,
3625 1331 3679 1374 et
3707 1324 3832 1375 teti-

2240 1409 2316 1476 git
2336 1419 2451 1472 eos,
2483 1409 2723 1478 dixitque
2754 1411 2833 1465 eis
2873 1428 2886 1465 :
2917 1410 3152 1481 Surgite,
3196 1421 3252 1466 et
3291 1413 3456 1466 nolite
3487 1414 3699 1467 timere.
3729 1413 3832 1468 Le-

2241 1510 2426 1556 vantes
2472 1511 2648 1556 artem
2696 1503 2882 1562 oculos
2931 1518 3079 1568 suo<,
3112 1506 3381 1559 neminem
3409 1504 3692 1570 viderunt,
3725 1507 3828 1559 n'si

2240 1594 2411 1647 solum
2440 1595 2644 1648 Jesum.
2673 1595 2740 1649 Et
2763 1596 3212 1651 descendentibus
3238 1597 3342 1650 illis
3368 1596 3434 1651 de
3461 1609 3667 1661 monte,
3697 1613 3831 1665 prx-

2242 1688 2383 1752 cepit
2411 1685 2565 1740 Jesus
2585 1729 2598 1750 ,
2629 1686 2814 1742 dicens
2849 1704 2861 1739 :
2897 1687 3103 1741 Nemini
3135 1688 3379 1743 dixeritis
3403 1687 3704 1752 visionem,
3732 1687 3827 1740 (lo-'-

2171 1778 2218 1836 B
2247 1795 2343 1834 nec
2371 1779 2533 1833 Filius
2564 1780 2794 1834 hominis
2824 1796 2853 1834 a
2880 1781 3106 1836 mortuis
3136 1791 3397 1850 resurgat.
3432 1780 3498 1836 Et
3526 1780 3827 1848 interroga-

2244 1882 2432 1924 verunt
2471 1885 2592 1924 eum
2638 1871 2912 1940 discipuli,
2956 1872 3198 1928 dicentes
3233 1889 3249 1928 :
3281 1871 3417 1939 Quid
3459 1886 3589 1941 ergo
3636 1872 3826 1929 scribae

2244 1962 2446 2026 dicunt,
2483 1963 2622 2030 quod
2657 1962 2825 2016 Eliam
2858 1963 3085 2032 primum
3114 1963 3300 2018 venire
3337 1964 3588 2032 Oportet?
3624 1963 3697 2018 At
3741 1964 3826 2016 ille

2245 2052 2597 2121 respondens,
2623 2039 2756 2108 dixit
2781 2056 2797 2076 ‘
2830 2071 2841 2105 :
2866 2054 3010 2108 Elias
3031 2054 3244 2124 quidem
3263 2065 3514 2109 venturus
3535 2063 3640 2120 est,
3664 2064 3716 2109 et
3742 2053 3826 2107 ille

2245 2145 2492 2198 restituet
2513 2145 2690 2198 omnia
2721 2143 2876 2215 (Mal.
2909 2162 2980 2212 tv,
3015 2147 3092 2216 5).
3125 2147 3256 2202 Dico
3283 2155 3461 2201 autem
3491 2147 3680 2212 vobis,
3707 2148 3825 2216 quia

2248 2233 2390 2288 Elias
2405 2233 2516 2304 jam
2552 2238 2700 2290 venit
2733 2253 2746 2289 :
2779 2247 2832 2290 et
2863 2252 2966 2291 non
2997 2247 3363 2305 cognoverunt
3387 2253 3529 2303 eum,
3559 2240 3654 2292 sed
3688 2239 3736 2292 l’e
3768 2254 3826 2292 e-

2247 2337 2370 2382 runt
2397 2329 2448 2382 in
2479 2344 2546 2384 eo
2571 2345 2904 2399 qumeunque
2932 2331 3239 2386 voluerunt.
3266 2331 3358 2385 Sic
3385 2340 3438 2384 et
3469 2330 3632 2385 Filius
3659 2331 3830 2383 homi-

2247 2419 2328 2473 nis
2359 2434 2611 2488 passurus
2640 2429 2721 2474 est
2750 2419 2818 2473 ab
2847 2421 2944 2474 eis.
2981 2420 3132 2476 Tunc
3161 2422 3541 2476 intellexerunt
3582 2420 3828 2487 discipuli

2246 2509 2368 2577 quia
2399 2508 2463 2561 de
2488 2507 2693 2562 Joanne
2741 2508 2977 2578 Baptista
3019 2510 3154 2564 dixit
3191 2510 3294 2564 eis.
3339 2509 3405 2563 Et
3439 2525 3560 2565 cum
3596 2511 3830 2564 venisset

2247 2597 2313 2650 ad
2348 2596 2585 2662 turbam,
2619 2597 2750 2650 vidit
2783 2598 2987 2652 scribas
3016 2599 3393 2665 conquirentes
3440 2614 3563 2654 cum
3605 2597 3728 2652 illis.
3765 2597 3830 2651 Et

2247 2688 2527 2743 confestim
2562 2688 2737 2742 omnis
2786 2691 3010 2758 pepulus
3038 2690 3223 2744 videns
3250 2690 3430 2744 Jesum
3456 2730 3473 2754 ,
3507 2687 3745 2758 stupelac
3771 2704 3830 2742 us

2247 2790 2361 2847 est,
2395 2788 2447 2835 et
2477 2789 2826 2849 expaverunt.
2865 2779 2931 2834 Et
2961 2789 3306 2834 accurrentes
3347 2779 3654 2833 salutabant
3677 2793 3830 2844 eum,

2245 2883 2302 2930 et
2331 2872 2678 2943 interrogavit
2705 2887 2799 2927 eos
2831 2872 3001 2940 :Quid
3025 2872 3162 2927 inter
3190 2887 3284 2928 vos
3304 2871 3654 2942 conquiritis?

2822 2986 3049 3042 CAPUT
3093 2985 3246 3040 XCII.

2251 3077 2504 3133 Pharisaei
2529 3080 2706 3133 dicunt
2735 3081 2803 3132 ad
2824 3078 3000 3134 Iesum
3032 3095 3049 3132 :
3081 3079 3302 3134 Discede
3331 3079 3468 3145 hinc,
3501 3081 3624 3141 quia
3658 3078 3835 3134 Hero-

2427 3151 2513 3203 des
2538 3152 2640 3204 vult
2671 3161 2716 3205 te
2744 3151 2971 3204 occidere
2996 3166 3013 3203 :
3044 3161 3088 3203 et
3120 3152 3314 3204 curavit
3344 3152 3649 3204 lunaticum.

2312 3241 2446 3316 .Luc.
2474 3276 2591 3326 xm,
2621 3263 2810 3316 51-55.
2837 3261 2892 3315 In
2935 3261 3047 3331 ipsa
3079 3261 3166 3316 die
3218 3271 3564 3318 accesserunt
3609 3262 3830 3332 quidam

2251 3352 2666 3416 Pharisaeorum,
2699 3353 2943 3408 dicentes
2971 3353 3045 3406 illi
3075 3370 3090 3407 :
3127 3353 3246 3419 Exi,
3275 3362 3330 3408 et
3357 3353 3493 3408 vade
3533 3353 3682 3418 hinc,
3708 3355 3830 3424 quia

2251 3443 2490 3499 llerodes
2526 3445 2639 3498 vult
2688 3455 2739 3498 te
2767 3444 3036 3500 occidere.
3075 3444 3140 3498 Et
3164 3444 3240 3499 ait
3262 3445 3411 3504 illis:
3442 3445 3537 3510 Ite,
3585 3456 3640 3501 et
3667 3447 3834 3502 dicite

2249 3534 2389 3601 vulpi
2416 3534 2492 3588 illi
2523 3549 2538 3586 :
2575 3534 2713 3589 Ecce
2745 3532 2902 3602 ejicio
2931 3534 3217 3600 daemonia,
3253 3543 3306 3588 et
3329 3535 3588 3590 sanitates
3612 3536 3831 3604 perﬁcio

2247 3627 2407 3683 hodie
2431 3637 2486 3683 et
2506 3642 2647 3691 eras,
2671 3637 2723 3681 et
2753 3628 2912 3681 tertia
2941 3627 3028 3682 die
3050 3641 3418 3682 consummor.
3443 3627 3830 3682 Verumtamen

2247 3728 2459 3789 oportet
2481 3735 2566 3774 me
2589 3719 2768 3785 hodie,
2790 3727 2845 3774 et
2871 3733 3015 3784 cras,
3045 3727 3096 3773 et
3125 3720 3368 3788 sequenti
3401 3719 3489 3774 die
3515 3720 3828 3785 ambulare;

2245 3815 2368 3882 quia
2402 3827 2506 3866 non
2544 3814 2685 3882 capit
2716 3811 3034 3882 prophetam
3070 3811 3246 3881 perire
3284 3820 3436 3866 extra
3467 3811 3828 3867 Hierusalem.

2244 3902 2490 3956 ——.\rlxr1'.
2520 3917 2649 3967 xvtt,
2676 3903 2872 3967 14-20;
2897 3902 3070 3957 Mane.
3094 3918 3170 3968 tx,
3192 3901 3370 3968 l6-28;
3395 3902 3525 3956 Luc.
3545 3918 3620 3965 Ix.
3640 3901 3830 3959 38-“.

2245 3994 2467 4048 Factum
2494 4000 2578 4048 est
2608 4005 2786 4048 autem
2830 3995 2883 4047 in
2925 3994 3169 4062 sequenti
3212 3991 3318 4059 die,
3342 3993 3576 4048 accessit
3603 3993 3671 4046 ad
3703 4008 3827 4047 eum

2245 4083 2408 4138 homo
2429 4084 2655 4152 genibus
2675 4083 2789 4153 ejus
2813 4085 3152 4152 provolutus,
3182 4095 3237 4140 et
3261 4084 3581 4140 exclamavit
3607 4084 3794 4138 dicens
3811 4101 3831 4137 :

2245 4175 2484 4241 Domine,
2515 4177 2774 4231 miserere
2804 4175 2918 4230 lilio
2945 4190 3086 4237 meo.
3113 4177 3238 4245 quia
3270 4176 3458 4230 unicus
3484 4183 3570 4230 est
3591 4174 3742 4239 mihi,
3777 4183 3835 4229 et

2242 4264 2504 4320 lunaticus
2533 4275 2634 4320 est.
2672 4267 2735 4320 Et
2762 4281 2882 4321 eum
2914 4266 3136 4335 Spiritus
3157 4266 3516 4337 apprehendit
3537 4280 3686 4329 eum,
3718 4266 3834 4320 alli-

2241 4357 2338 4424 dit,
2373 4368 2427 4412 et
2448 4369 2678 4426 spumat,
2705 4368 2758 4412 et
2780 4357 2968 4413 stridet
2991 4358 3263 4423 dentibus,
3286 4368 3341 4413 et
3365 4358 3587 4423 arescit,
3609 4366 3665 4412 et
3687 4358 3830 4412 male

2242 4452 2458 4520 patitur.
2478 4450 2608 4506 Nam
2627 4466 2769 4520 saepe
2784 4451 2928 4505 cadit
2950 4452 3001 4506 in
3019 4453 3217 4519 ignem,
3237 4459 3291 4506 et
3315 4449 3508 4505 crebro
3527 4449 3579 4503 in
3603 4465 3825 4519 aquam,

2167 4525 2221 4585 Ι)
2245 4550 2300 4595 et
2319 4541 2496 4596 subito
2522 4543 2734 4606 clamat,
2763 4551 2816 4597 et
2839 4542 3063 4611 dissipat
3091 4557 3237 4608 eum,
3267 4550 3322 4596 et
3360 4542 3445 4594 vix
3478 4539 3719 4594 discedit
3750 4542 3837 4594 di-

2250 4633 2456 4687 lanians
2487 4648 2631 4689 eum.
2667 4634 2734 4688 Et
2763 4635 2943 4704 rogavi
2993 4634 3286 4703 discipulos
3318 4642 3438 4688 tuos
3486 4640 3544 4687 ut
3569 4632 3834 4702 ejicerent

2246 4737 2391 4787 eum,
2421 4732 2475 4776 et
2505 4738 2610 4777 non
2639 4733 2930 4792 potuerunt
2958 4739 3150 4780 curare
3179 4741 3324 4780 eum.
3357 4724 3719 4794 Respondeas
3739 4741 3834 4780 au-

2247 4821 2353 4866 tem
2381 4813 2536 4868 Jesus
2561 4814 2697 4867 dixit
2750 4831 2763 4866 :
2801 4814 2843 4868 0
2869 4816 3143 4884 generatio
3174 4816 3408 4871 inlidelis
3445 4824 3500 4870 et
3543 4831 3832 4884 perversa,

2242 4903 2265 4928 ‘
2291 4920 2455 4974 usque
2483 4906 2640 4959 modo
2661 4918 2760 4961 ero
2781 4907 2920 4975 apud
2949 4924 3042 4962 vos
3062 4909 3083 4962 ?
3100 4908 3300 4964 Attene
3331 4909 3477 4964 illum
3495 4908 3604 4963 huc
3632 4909 3702 4963 ad
3727 4925 3835 4965 me.

2246 4996 2462 5051 Etcum
2510 4997 2792 5052 accederet
2836 5008 2892 5053 et
2920 4998 3140 5054 vidisset
3182 5001 3355 5065 illum,
3390 5000 3575 5054 statim
3609 5002 3838 5068 spiritus

2245 5089 2585 5144 conturbavit
2629 5106 2774 5156 eum,
2826 5101 2883 5146 et
2921 5093 3084 5148 elisus
3134 5095 3187 5148 in
3238 5105 3435 5150 terram
3486 5094 3838 5150 volutabatur

2243 5197 2517 5251 spumans.
2547 5184 2612 5238 Et
2637 5185 2983 5254 interrogavit
3015 5196 3219 5253 patrem
3242 5187 3382 5256 ejus,
3403 5194 3664 5256 quantum
3700 5195 3838 5241 tem-

2249 5274 2393 5342 poris
2414 5286 2495 5330 est
2525 5291 2589 5330 ex
2617 5291 2723 5345 quo
2749 5276 2798 5330 ei
2831 5276 2932 5331 hoc
2957 5276 3172 5331 accidit.
3203 5277 3272 5330 At
3301 5277 3395 5332 ille
3421 5277 3515 5341 ait,
3547 5277 3618 5330 ab
3651 5276 3836 5331 inlan-

2248 5366 2317 5421 tia
2351 5385 2363 5420 :
2397 5375 2452 5421 et
2475 5368 2779 5437 frequenter
2809 5383 2931 5422 eum
2963 5377 3018 5423 et
3048 5368 3101 5423 in
3133 5369 3306 5439 ignem
3335 5376 3388 5423 et
3418 5368 3471 5422 in
3504 5380 3702 5438 aquam
3737 5368 3837 5424 mi-

2249 5458 2335 5523 sit,
2366 5469 2422 5513 ut
2447 5474 2572 5514 eum
2599 5460 2850 5529 perderet
2876 5479 2888 5512 :
2923 5460 3015 5515 sed
3049 5461 3091 5514 si
3119 5460 3246 5530 quid
3279 5469 3454 5531 potes,
3482 5459 3679 5529 adiuva
3710 5474 3831 5529 nos,

2249 5552 2499 5606 misertus
2528 5553 2719 5606 nostri.
2762 5551 2922 5607 Jesus
2951 5561 3129 5606 autem
3169 5553 3244 5606 ait
3270 5552 3346 5607 illi
3375 5569 3389 5607 :
3419 5550 3476 5608 Si
3517 5560 3676 5621 potes
3716 5564 3835 5604 cre-

2244 5639 2395 5702 dere,
2429 5641 2606 5696 omnia
2634 5641 2906 5711 poss'bilia
2929 5641 3172 5698 credenti
3201 5650 3247 5694 ι.
3275 5641 3343 5699 Et
3370 5641 3631 5698 continuo
3656 5639 3835 5698 excla-

633 5781 660 5808 ει
694 5771 847 5844 Vulg.
898 5774 1171 5831 interserit
1214 5787 1350 5831 sunt.
1379 5777 1498 5830 Gr..
1525 5780 1687 5833 πάντα
1719 5777 1910 5836 δυνατὰ
1943 5786 2013 5848 τῷ
2056 5779 2359 5836 πιστεύοντι.
