4026 6458
241 380 336 438 $0!

980 342 1581 433 'EV’ANGELICARUM
1620 344 2126 432 “ARMONIARUSI
2166 371 2742 432 INTERPRETATIO.

3391 368 3498 421 3‘32

244 507 390 553 muns
417 498 567 564 pater
590 490 741 563 pueri
770 505 889 549 cum
913 490 1166 564 lacrymis
1187 533 1201 556 ,
1231 490 1404 544 aiebat
1440 507 1451 542 :
1486 489 1680 554 Credo,
1706 487 1810 541 Do-
1842 490 1890 547 Α
1920 486 2064 541 mine
2109 502 2249 554 meo,
2300 502 2386 542 me
2415 484 2660 554 suscipit.
2710 481 2808 549 Qui
2840 485 3018 534 autem
3061 478 3397 533 scanealizav
3434 482 3501 532 rit

242 587 384 641 mine
410 601 422 636 ε
447 583 640 653 adjuva
672 583 1103 639 incredulitatem
1138 597 1334 637 meam.
1365 582 1432 637 Et
1462 581 1583 637 cum
1609 581 1818 635 videret

245 679 398 734 Jesus
421 685 830 731 concurrentem
858 676 1064 730 turbam
1083 716 1097 739 ,
1121 673 1480 730 comminatus
1501 682 1584 727 cst
1609 671 1816 740 Spiritui

245 766 540 833 immundo,
583 767 771 821 dicens
802 767 916 821 illi:
948 767 1122 821 Sui-de
1169 775 1222 820 et
1265 776 1410 819 mute
1441 763 1683 834 spiritus,
1719 779 1820 834 ego

250 859 340 915 tibi
368 859 616 929 principio
642 876 656 912 :
684 857 776 915 exi
800 858 866 912 ab
893 873 979 926 eo,
1033 854 1088 914 et
1118 857 1347 927 amplius
1379 872 1447 912 ne
1495 858 1734 910 introeas
1767 855 1820 909 in

246 945 386 1007 cum.
431 949 495 1006 Et
522 951 761 1006 clamans
783 991 797 1015 ,
824 961 883 1005 et
911 949 1137 1004 multum
1167 949 1481 1020 discerpens
1512 963 1658 1016 eum,
1691 947 1825 1002 exiit

249 1044 315 1099 ab
353 1059 440 1099 eo.
475 1043 540 1097 Et
569 1040 743 1096 iactus
774 1054 856 1096 εει
883 1041 1023 1097 sicut
1053 1051 1318 1108 mortuus,
1350 1043 1420 1094 ita
1462 1048 1518 1094 ιιι
1562 1037 1715 1094 multi
1746 1038 1826 1090 di-

251 1131 455 1201 cerent,
503 1137 626 1206 quia
658 1145 902 1190 mortuus
953 1143 1055 1188 est.
1089 1134 1244 1189 Jesus
1273 1143 1451 1188 autem
1495 1141 1682 1187 tenens
1713 1143 1827 1184 ma-

247 1244 372 1282 num
396 1227 540 1297 ejus,
572 1227 808 1281 elevavit
837 1242 978 1292 eum,
1011 1236 1064 1280 et
1090 1225 1352 1279 surrexit.
1386 1225 1454 1280 Et
1497 1236 1714 1279 curatus
1745 1231 1828 1278 est

251 1335 382 1389 puer
402 1335 466 1373 ex
497 1319 585 1373 illa
610 1320 764 1385 hora,
794 1326 847 1373 et
872 1317 1104 1373 reddidit
1131 1319 1276 1372 ilium
1306 1319 1442 1388 patri
1468 1317 1605 1387 ejus.
1634 1317 1827 1386 Stupe-

253 1412 376 1465 bant
397 1422 574 1465 autem
611 1425 799 1465 omnes
828 1411 880 1464 in
918 1410 1286 1480 magnitudine
1323 1410 1438 1464 Dei.
1469 1409 1617 1464 Tunc
1647 1421 1830 1462 acces-

245 1510 434 1556 serunt
483 1501 732 1570 discipuli
789 1501 855 1557 ad
903 1500 1086 1555 Jesum
1126 1511 1368 1565 secreto,
1421 1508 1480 1554 et
1527 1500 1826 1553 dixerunt:

245 1591 425 1658 Quare
472 1606 578 1646 non
611 1592 879 1660 potuimus
926 1591 1125 1662 ejicere
1153 1591 1346 1646 illum?
1385 1591 1521 1648 Dicit
1546 1590 1676 1659 illis,
1710 1601 1833 1660 pro-

252 1693 373 1752 pter
403 1683 834 1739 incredulitatem
874 1692 1128 1738 vestram.
1165 1683 1336 1739 Amen
1360 1685 1559 1754 quippe
1587 1684 1710 1737 dico
1736 1698 1832 1737 vo-

247 1773 355 1840 bis,
385 1776 431 1830 si
469 1775 761 1831 habueritis
790 1776 945 1831 (idem
977 1776 1115 1832 sicut
1139 1791 1363 1846 granum
1393 1776 1616 1846 sinapis,
1643 1776 1832 1831 dicetis

247 1870 425 1924 monti
461 1871 582 1927 huic
611 1887 624 1924 :
660 1869 852 1926 Transi
882 1871 1024 1936 hinc,
1059 1880 1116 1926 et
1143 1870 1393 1926 transibit
1426 1888 1439 1924 :
1470 1881 1525 1925 et
1553 1869 1682 1924 nihil
1727 1869 1826 1922 im-

250 1962 508 2031 possibile
549 1962 651 2018 erit
675 1963 850 2018 vobis.
884 1963 996 2019 Hoc
1023 1972 1201 2018 autem
1231 1977 1400 2034 genus
1445 1962 1832 2019 dannoniorum

246 2055 361 2109 non
386 2053 620 2122 ejicitur,
646 2055 751 2110 nisi
783 2069 877 2124 per
899 2056 1198 2110 orationem
1230 2064 1284 2111 et
1308 2055 1592 2125 jejunium.

821 2167 1048 2226 CAPUT
1087 2169 1269 2223 XCIII.

248 2257 406 2330 Iesus
435 2257 498 2312 de
539 2259 773 2327 passione
818 2277 913 2313 sua
958 2261 1224 2330 discipulis
1251 2260 1516 2330 patefacit,
1547 2269 1596 2314 et
1635 2261 1687 2315 in
1731 2261 1833 2314 Ca-

325 2329 610 2398 phamaum
649 2345 741 2398 pro
781 2346 834 2384 se
867 2339 918 2384 et
961 2328 1117 2384 Petro
1161 2328 1468 2384 didraclima
1512 2334 1835 2386 exactoribus

325 2399 567 2454 reddidit.

328 2511 504 2566 Mur.
536 2527 663 2576 xvii,
685 2511 885 2577 2i-26;
909 2512 1080 2567 MARS.
1110 2529 1187 2581 ιι,
1211 2514 1309 2581 '50,
1339 2515 1436 2580 5i;
1472 2513 1602 2570 ch.
1631 2531 1704 2581 ix,
1739 2515 1829 2582 id,

258 2601 840 2660 1'5.-Conversantibus
890 2615 1064 2659 autem
1095 2606 1173 2660 eis
1204 2605 1256 2659 in
1298 2605 1537 2676 Calilaea,
1568 2607 1700 2660 dixit
1733 2606 1835 2661 illis

256 2691 415 2748 Iesus
439 2710 454 2749 :
485 2693 652 2749 Filius
681 2693 915 2750 hominis
947 2696 1236 2750 tradendus
1265 2704 1347 2750 est
1366 2695 1416 2750 in
1441 2711 1629 2750 manus
1659 2697 1833 2751 homi-

263 2800 410 2850 num,
446 2795 498 2840 et
537 2786 784 2841 occident
811 2802 956 2851 eum,
998 2797 1053 2842 et
1084 2788 1235 2842 tertia
1264 2787 1349 2842 die
1377 2797 1639 2857 resurget.
1665 2791 1731 2842 At
1758 2789 1833 2842 illi

253 2875 579 2944 ignorabant
603 2878 846 2946 verbum,
879 2889 932 2934 et
965 2880 1222 2935 timebant
1249 2895 1369 2935 eum
1393 2880 1746 2951 interrogare.
1770 2881 1834 2936 Et

255 2968 556 3023 contristati
587 2979 711 3024 sunt
755 2971 1122 3026 vehementer.
1171 2971 1382 3027 Etcum
1415 2975 1690 3028 venissent
1734 2972 1838 3027 Ca-

256 3059 586 3126 pharnaum,
611 3073 950 3117 accesserunt
968 3064 1062 3133 qui
1088 3063 1401 3119 didrachma
1419 3064 1748 3134 accipiebant
1769 3065 1834 3120 ad

250 3152 493 3218 fetrum,
544 3163 596 3210 et
629 3155 873 3209 dixerunt
903 3155 950 3210 ei
985 3173 998 3208 :
1029 3156 1279 3226 Magister
1307 3167 1484 3212 vester
1531 3172 1634 3211 non
1670 3156 1834 3212 solvit

249 3243 606 3298 didrachma?
634 3245 725 3299 Ait
755 3263 767 3300 :
801 3245 992 3300 Etiam.
1026 3247 1096 3300 Et
1119 3263 1240 3302 cum
1291 3247 1544 3302 intrasset
1589 3248 1830 3314 domum,
1859 3242 1910 3304 C

259 3336 513 3402 praevenit
544 3351 665 3391 eum
695 3337 881 3403 Jesus,
929 3339 1114 3393 dicens
1146 3355 1169 3392 ε·
1191 3339 1329 3406 Quid
1362 3340 1455 3394 tibi
1484 3341 1720 3406 videtur,
1752 3341 1836 3397 Si-

253 3429 425 3481 mon?
467 3427 636 3498 Reges
680 3439 837 3484 terrae
869 3445 897 3483 a
938 3430 1130 3496 quibus
1161 3431 1434 3499 accipiunt
1463 3432 1718 3486 tributum
1748 3432 1834 3486 vel

242 3519 511 3572 tensum?
536 3534 567 3573 a
599 3519 722 3574 filiis
748 3521 882 3588 suis,
911 3537 976 3575 an
1000 3523 1066 3576 ab
1094 3523 1319 3578 alienis?
1346 3524 1410 3578 Et
1434 3524 1523 3578 ille
1547 3524 1680 3579 dixit
1709 3542 1721 3577 :
1754 3524 1835 3578 Ab

249 3608 470 3663 alienis.
497 3609 640 3665 Dixit
671 3610 744 3666 illi
770 3611 926 3668 Jesus
953 3629 965 3665 :
998 3613 1141 3682 Ergo
1173 3615 1327 3669 liberi
1360 3625 1481 3669 sunt
1507 3615 1620 3672 lilii.
1651 3616 1719 3696 Ut
1741 3632 1834 3671 au-

246 3704 367 3752 tem
399 3715 505 3755 non
535 3703 955 3758 scandalizemus
978 3719 1096 3770 eos,
1129 3705 1262 3760 vade
1287 3707 1353 3759 ad
1397 3721 1568 3773 mare,
1600 3716 1652 3762 et
1681 3710 1834 3766 mitte

243 3789 473 3845 hamum
499 3801 589 3848 :et
608 3806 728 3847 eum
753 3794 954 3864 piscem
981 3795 1068 3865 qui
1094 3797 1292 3864 primus
1315 3797 1642 3861 ascenderit,
1669 3800 1831 3865 tolle;

241 3890 305 3935 et
329 3891 522 3951 aperto
542 3897 638 3939 ore
665 3882 803 3953 ejus,
830 3885 1069 3940 invenies
1089 3895 1341 3942 staterem
1371 3904 1385 3942 :
1420 3888 1566 3942 illum
1588 3903 1830 3958 sumens,

248 3971 314 4027 da
339 3975 424 4029 eis
450 3988 544 4043 pro
575 3989 662 4029 me
684 3983 737 4030 et
763 3983 842 4030 te.

816 4081 1046 4141 CAPUT
1083 4085 1264 4143 XCIV.

246 4169 612 4251 interrogatus
639 4173 794 4251 Iesus
833 4192 867 4251 ᾳ
896 4177 1165 4246 discipulis
1195 4178 1302 4231 suis
1327 4180 1443 4248 quis
1472 4183 1638 4251 major
1661 4182 1759 4234 erit
1780 4182 1834 4234 in

315 4259 485 4321 regno
514 4245 798 4321 coriorum?
840 4245 1043 4321 instruit
1069 4266 1156 4304 eos
1185 4250 1264 4302 Itis
1288 4245 1632 4321 exemplis-ut
1660 4251 1833 4306 humi-

261 4320 268 4324 ’
324 4314 450 4366 (ient
475 4330 528 4368 se
554 4318 687 4370 sicut
715 4318 976 4388 parvulus.

322 4423 505 4479 Mur.
537 4441 687 4493 xvm,
722 4427 854 4491 1-6;
888 4428 1063 4482 Mane.
1094 4443 1177 4494 ιιι,
1207 4427 1408 4493 32-56;
1454 4428 1583 4481 Luc.
1626 4443 1702 4496 ix,
1733 4429 1834 4482 ιθ-

247 4517 348 4571 48.
379 4517 432 4570 ln
479 4517 567 4570 illa
601 4517 728 4572 hora
768 4532 888 4570 cum
917 4518 1060 4572 domi
1109 4526 1274 4585 esset,
1303 4518 1668 4587 interrogabat
1697 4533 1793 4574 eos
1821 4537 1833 4572 :

1923 591 2084 631 unum
2111 577 2178 631 de
2201 578 2404 645 pusillis
2427 579 2446 600 ‘
2465 576 2589 643 illis,
2613 573 2702 645 qui
2735 573 2786 626 in
2818 585 2902 625 me
2928 568 3171 631 credunt,
3203 569 3416 637 expedit
3445 573 3498 622 ei

1922 676 1980 723 ut
2003 667 2358 736 suspendatnr
2391 668 2527 721 mola
2551 667 2783 722 asinaria
2804 664 2856 718 in
2883 663 3023 718 collo
3054 662 3189 731 ejus,
3212 670 3266 716 et
3292 663 3462 717 deme:
3480 691 3500 700 -

1922 769 2075 829 gatur
2100 761 2153 813 in
2186 759 2503 829 profundum
2537 758 2717 813 maris.

2502 850 2727 907 CAPUT
2763 849 2919 904 XCV.

1924 939 2049 996 Non
2077 942 2258 996 debere
2295 941 2553 1013 prohiberi
2593 959 2679 1067 eo;
2706 945 2794 1012 qui
2823 945 3016 1014 faciunt
3041 943 3186 1014 signa
3210 943 3262 996 in
3304 941 3506 995 nomine

2684 1030 2790 1067 esu.

2684 1030 2790 1068 esu.

1997 1105 2172 1159 MARC.
2209 1119 2281 1168 is,
2314 1103 2510 1170 57-39;
2539 1104 2666 1160 an.
2700 1120 2773 1170 ix,
2798 1103 2887 1170 49,
2912 1105 3002 1159 50.
3033 1102 3386 1173 ReSpondens
3406 1116 3504 1155 au-

1928 1205 2032 1252 tem
2055 1197 2314 1262 Joannes,
2356 1195 2494 1250 dixit
2523 1213 2536 1249 :
2579 1197 2852 1266 Magister,
2883 1197 3115 1252 vidimus
3137 1196 3420 1266 quemdam
3454 1197 3504 1245 iu

1930 1289 2147 1341 nomine
2197 1297 2287 1341 tuo
2339 1287 2647 1357 ejicientem
2701 1288 2986 1356 daemonia,
3039 1298 3093 1344 et
3138 1287 3506 1358 prohibuimus

1920 1389 2073 1444 eum,
2105 1379 2226 1448 quia
2257 1393 2364 1433 non
2397 1380 2640 1447 sequitur
2667 1380 2967 1434 nobiscum.
3001 1379 3154 1434 Iesus
3182 1387 3358 1434 autem
3388 1378 3463 1432 ait
3494 1397 3499 1402 ι

1930 1469 2104 1523 Nolite
2153 1469 2440 1538 prohibere
2476 1484 2604 1525 eum
2635 1485 2650 1522 :
2685 1479 2844 1523 nemo
2889 1478 2971 1523 est
3021 1470 3164 1524 enim
3216 1471 3306 1538 qui
3349 1468 3508 1523 faciat

1930 1556 2180 1615 virtutem
2213 1563 2266 1616 in
2296 1564 2511 1616 nomine
2535 1575 2681 1627 meo,
2704 1572 2758 1617 et
2789 1562 2957 1629 possit
2977 1559 3084 1614 cito
3113 1560 3249 1615 male
3271 1559 3415 1628 loqui
3440 1559 3508 1611 de

1931 1667 2038 1707 me.
2067 1653 2168 1718 Qui
2189 1651 2336 1707 enim
2363 1667 2468 1707 non
2496 1662 2576 1706 est
2606 1651 2863 1706 adversus
2885 1665 2999 1718 vos,
3025 1664 3120 1720 pro
3141 1649 3290 1704 vobis
3313 1659 3414 1704 est.
3436 1675 3504 1691 -ο

1933 1730 2110 1798 Marr.
2141 1759 2292 1811 xvut,
2323 1745 2452 1810 7—9;
2485 1744 2660 1799 Muto.
2689 1759 2765 1811 Ix,
2799 1742 3001 1809 41-48;
3034 1741 3164 1796 Luc.
3198 1756 3331 1808 xvtt,
3364 1741 3417 1807 1,
3452 1741 3508 1794 2.

1863 1838 2027 1915 BVa:
2093 1838 2292 1894 mundo
2344 1839 2412 1895 ab
2460 1839 2749 1895 scandalis.
2816 1838 3049 1894 Necesse
3109 1845 3194 1893 est
3245 1836 3389 1893 enim
3455 1844 3509 1890 υί

1938 1933 2156 1989 veniant
2217 1933 2523 1989 scandala:
2579 1944 2947 1989 verumtamen
3012 1947 3095 1988 va:
3163 1932 3368 1989 homini
3419 1947 3516 2002 per

1937 2039 2095 2094 quem
2140 2025 2453 2080 scandalum
2485 2026 2654 2080 venit.
2686 2025 2748 2081 Si
2800 2035 2980 2080 autem
3031 2039 3222 2080 manus
3270 2033 3381 2092 tua,
3430 2039 3511 2078 ve.

1939 2132 2032 2186 pes
2059 2126 2181 2173 tuus
2207 2119 2532 2174 scandalizat
2558 2127 2630 2184 te,
2657 2118 2913 2173 abscinde
2937 2132 3086 2184 eum,
3116 2126 3170 2172 et
3197 2117 3398 2187 projice
3417 2116 3514 2169 abs

1938 2222 1991 2267 te
2015 2229 2030 2270 ς
2059 2213 2256 2268 bonum
2285 2212 2377 2269 tibi
2399 2222 2482 2268 est
2501 2213 2565 2268 ad
2593 2214 2756 2268 vitam
2779 2211 2985 2283 ingredi
3006 2212 3235 2267 debilem
3259 2212 3344 2266 vel
3369 2211 3516 2265 clau-

1935 2301 2086 2369 dum,
2132 2318 2290 2374 quam
2318 2304 2454 2358 duas
2482 2319 2672 2358 manus
2713 2304 2798 2359 vel
2830 2304 2966 2358 duos
3009 2304 3173 2374 pedes
3206 2303 3511 2363 habentem.

1937 2397 2076 2451 mitti
2104 2397 2158 2452 in
2203 2398 2377 2467 ignem
2408 2409 2690 2454 internum.
2723 2398 2792 2452 Et
2817 2399 2862 2452 si
2888 2399 3074 2452 oculus
3093 2406 3220 2452 tuus
3245 2397 3514 2451 scandali-

1932 2499 2023 2544 sat
2049 2499 2119 2558 te,
2153 2507 2283 2547 erue
2310 2505 2454 2558 eum,
2484 2500 2538 2547 et
2569 2493 2770 2562 projice
2796 2491 2894 2545 abs
2936 2500 2987 2546 te
3017 2509 3029 2543 ε
3062 2493 3260 2546 bonum
3306 2490 3400 2543 tibi
3431 2497 3516 2542 est

1941 2584 2144 2639 luscum
2178 2585 2231 2639 in
2271 2587 2433 2640 vitam
2468 2587 2689 2654 intrare,
2719 2601 2880 2656 quam
2929 2586 3063 2641 duos
3093 2587 3277 2642 oculos
3305 2586 3513 2641 haben-

1938 2684 2067 2741 tem,
2097 2676 2230 2730 mitti
2256 2676 2308 2730 in
2335 2679 2630 2747 gehennam
2656 2678 2794 2749 ignis
2818 2697 2831 2732 :
2863 2678 2949 2734 ubi
2974 2680 3171 2735 vermis
3196 2689 3384 2735 earnm
3409 2693 3516 2734 non

1938 2770 2182 2837 moritur,
2208 2776 2263 2824 et
2284 2771 2419 2840 ignis
2441 2786 2546 2825 non
2575 2774 2949 2842 exstinguitur.
2976 2773 3160 2829 Omnis
3184 2775 3329 2830 enim
3353 2773 3513 2829 homo

1938 2861 2059 2932 igne
2088 2860 2330 2931 salietur,
2358 2876 2412 2920 et
2436 2865 2616 2920 omnis
2640 2866 2856 2921 victima
2884 2867 3109 2923 salietur
3136 2867 3185 2922 δ.

2503 2979 2728 3036 CAPUT
2759 2977 2938 3037 XCVI.

1939 3063 2052 3120 Nos
2076 3083 2201 3146 non_
2219 3067 2750 3146 debereuconterunerc
2779 3089 2945 3146 unum?
2963 3073 3026 3127 de
3052 3074 3257 3142 pusillis
3280 3092 3299 3130 :
3321 3077 3482 3146 adjun
3499 3107 3514 3117 -

2008 3153 2131 3208 gens
2158 3139 2550 3193 similitudinem
2585 3143 2650 3193 de
2677 3157 2768 3194 ove
2803 3143 3002 3212 perdita
3024 3139 3070 3197 ct
3101 3146 3164 3199 de
3190 3139 3510 3201 draclnnate.

2012 3228 2186 3283 ΜΑττ.
2212 3243 2360 3292 xvm,
2391 3231 2552 3287 iO-M
2572 3247 2588 3296 ;
2610 3232 2736 3286 Luc.
2772 3247 2867 3297 xv,
2899 3235 3052 3288 5-10.
3079 3235 3267 3290 Videte
3286 3251 3352 3289 ne
3380 3253 3514 3291 con-

1940 3320 2188 3373 temnatis
2218 3335 2382 3374 unum
2405 3335 2471 3375 ex
2499 3322 2581 3375 his
2610 3321 2814 3390 pusillis
2840 3339 2852 3374 :
2878 3323 2998 3378 dico
3023 3325 3165 3380 enim
3189 3325 3361 3391 vobis,
3386 3330 3510 3395 quia

1937 3411 2113 3478 angeli
2148 3425 2334 3464 eorum
2367 3413 2418 3466 in
2476 3413 2628 3467 caelis
2660 3428 2876 3483 semper
2899 3417 3083 3472 vident
3121 3418 3308 3473 [aciem
3343 3419 3517 3476 Patris

1937 3504 2064 3568 mei,
2096 3503 2184 3572 qui
2213 3505 2265 3558 in
2288 3506 2440 3561 caelis
2470 3515 2571 3560 est.
2601 3507 2757 3561 Venit
2786 3508 2930 3563 enim
2959 3508 3128 3564 Filius
3153 3511 3384 3567 hominis
3407 3514 3514 3567 sal-

1936 3610 2062 3650 vare
2087 3597 2228 3667 quod
2263 3600 2515 3665 perierat.
2549 3603 2614 3654 Et
2641 3599 2717 3653 ait
2747 3600 2811 3654 ad
2844 3601 2968 3655 illos
3000 3603 3305 3672 parabolam
3330 3605 3513 3668 istam,

1935 3687 2160 3743 dicens:
2191 3689 2326 3756 Quid
2359 3690 2509 3744 vobis
2537 3691 2780 3746 videtur?
2806 3692 2859 3748 Si
2891 3691 3092 3748 fuerint
3118 3695 3272 3750 alicui
3297 3707 3511 3751 centum

1936 3793 2085 3843 oves,
2117 3788 2173 3835 et
2191 3789 2401 3835 erraret
2430 3797 2533 3837 una
2559 3798 2624 3837 ex
2655 3785 2754 3849 eis,
2784 3797 2963 3840 nonne
2994 3786 3324 3857 relinqueret
3346 3803 3512 3844 nona-

1937 3872 2080 3942 ginta
2117 3887 2308 3928 novem
2339 3875 2389 3928 in
2435 3875 2706 3930 montibus
2738 3878 2819 3932 vel
2862 3877 2917 3930 in
2945 3877 3182 3946 deserto,
3211 3885 3268 3935 et
3297 3881 3521 3938 vaderet

1937 3978 2057 4018 eam
2086 3980 2329 4034 qumrere
2379 3978 2499 4035 qute
2541 3967 2782 4021 erravit?
2808 3968 2875 4022 Et
2900 3969 2946 4022 si
2969 3971 3250 4041 contigerit
3277 3978 3337 4027 ut
3369 3975 3518 4029 iuve-

1943 4057 2053 4110 niat
2091 4071 2232 4122 eam,
2262 4058 2490 4126 imponit
2519 4059 2572 4112 in
2603 4058 2855 4113 lmmeros
2885 4075 3010 4114 suos
3039 4061 3318 4130 gaudens:
3346 4073 3399 4119 et
3427 4080 3516 4119 ve-

1943 4149 2096 4202 niens
2121 4149 2360 4212 domum,
2389 4156 2656 4203 convocat
2697 4149 2898 4204 amicos
2921 4159 2980 4205 et
3002 4153 3210 4208 vicinos
3240 4153 3424 4210 dicens
3455 4156 3522 4210 il-

1943 4240 2007 4294 lis
2035 4256 2049 4293 :
2075 4240 2530 4309 Congratulamini
2563 4240 2713 4306 mihi,
2748 4240 2870 4310 quia
2921 4244 3100 4297 inveni
3139 4258 3296 4298 ovem
3345 4260 3518 4299 meam

1939 4348 2062 4400 quae
2095 4335 2343 4402 perierat.
2377 4333 2546 4386 Amen
2573 4332 2696 4386 dico
2716 4333 2892 4396 vobis,
2928 4333 3048 4400 quia
3080 4333 3330 4400 gaudebit
3357 4348 3521 4399 super

1941 4435 2058 4473 eam
2100 4421 2267 4488 magis
2297 4434 2456 4488 quam
2488 4433 2652 4484 super
2687 4419 2977 4488 nonaginta
3024 4432 3216 4472 novem
3264 4434 3384 4486 quae
3414 4434 3521 4474 non

1941 4516 2284 4570 erraverunt,
2317 4515 2373 4561 et
2412 4521 2517 4558 non
2551 4505 2791 4575 indigent
2821 4505 3154 4575 poenitentia.
3184 4506 3273 4562 Sic
3300 4522 3406 4563 non
3433 4520 3518 4564 est

242 4606 398 4672 Quid
439 4606 491 4660 in
516 4607 606 4661 via
657 4607 1007 4662 tractabatis?
1037 4610 1106 4663 At
1148 4607 1225 4661 illi
1253 4608 1496 4661 tacebant
1524 4626 1536 4659 ε
1569 4608 1832 4678 siquidem
1867 4613 1914 4672 ι)
1947 4600 2196 4653 voluntas
2229 4607 2356 4654 ante
2385 4599 2599 4653 Patrem
2633 4605 2867 4654 vestrum
2901 4599 2988 4668 qui
3035 4599 3084 4653 in
3129 4599 3285 4655 caelis
3311 4608 3416 4666 est.
3463 4610 3522 4655 ut

251 4696 400 4750 inter
427 4710 486 4751 se
509 4696 560 4751 in
593 4696 676 4750 via
708 4696 1052 4766 disputabant
1073 4701 1191 4768 quis
1217 4698 1426 4753 illorum
1457 4707 1602 4754 esset
1625 4698 1835 4769 major?

243 4787 320 4842 Et
365 4798 709 4843 accesserunt
735 4789 982 4860 discipuli
1030 4792 1095 4846 ad
1137 4791 1338 4857 Jesum,
1389 4792 1672 4849 dicentes:
1706 4793 1836 4862 Quis

241 4885 412 4946 putas
439 4877 610 4946 major
633 4889 718 4933 est
748 4880 797 4934 in
826 4895 992 4950 regno
1017 4881 1312 4937 caelorum?
1356 4883 1420 4936 Et
1458 4883 1723 4939 advocans
1749 4885 1838 4940 .Ie-

250 4983 348 5022 sus
379 4971 677 5037 parvulum,
702 4971 881 5024 statuit
910 4988 1032 5027 eum
1061 4975 1110 5028 in
1141 4974 1315 5028 medio
1341 4989 1551 5040 eorum,
1578 4984 1632 5030 et
1660 4975 1796 5030 dixit
1820 4993 1835 5029 :

251 5060 430 5114 Amen
452 5061 572 5115 dico
593 5062 745 5115 vobis
762 5103 775 5129 ,
799 5062 901 5116 nisi
921 5064 1170 5119 conversi
1203 5065 1428 5132 fueritis,
1454 5078 1506 5120 et
1530 5066 1836 5122 efliciamini

251 5151 396 5204 sicut
437 5151 664 5222 parvuli,
715 5167 818 5206 non
870 5153 1138 5210 intrabitis
1188 5154 1244 5208 in
1298 5171 1518 5225 regnum
1549 5160 1830 5213 cmlorum.

245 5241 569 5311 Quicunque
599 5257 726 5311 ergo
754 5241 1118 5298 humiliaverit
1146 5258 1205 5299 se
1235 5244 1370 5298 sicut
1418 5248 1670 5314 parvulus
1707 5248 1830 5315 iste,

247 5330 345 5384 hic
389 5339 472 5385 est
499 5332 671 5400 major
701 5333 753 5387 in
792 5348 961 5404 regno
993 5334 1274 5389 etelorum.
1307 5333 1364 5390 Si
1405 5335 1524 5405 quis
1569 5337 1681 5391 vuit
1715 5352 1835 5392 esse

250 5421 432 5491 major
458 5430 508 5489 ³,
533 5424 637 5479 erit
663 5426 900 5480 omnium
931 5427 1276 5491 novissimus,
1306 5436 1360 5482 et
1398 5429 1636 5483 omnium
1673 5429 1833 5482 mini-

253 5524 391 5568 srer.
428 5515 491 5569 Et
518 5515 610 5586 qui
636 5519 933 5588 susceperit
963 5534 1126 5573 unum
1158 5520 1435 5586 parvulum
1461 5519 1622 5575 talem
1655 5521 1707 5574 in
1741 5537 1837 5576 no-

331 5693 357 5721 n
388 5684 564 5759 Yulgq
595 5688 809 5757 primus,
843 5691 1005 5746 Marc.
1037 5679 1110 5759 ix,
1143 5692 1211 5748 3i
1239 5712 1252 5747 :
1286 5695 1426 5750 unde
1457 5694 1570 5749 haec
1609 5695 1824 5750 desum-

253 5764 372 5824 pta.
403 5754 764 5824 Nequealiter
789 5761 883 5815 Gr.

333 5823 593 5912 fComma
614 5827 753 5887 istud
782 5831 942 5888 Marc.
962 5848 1035 5900 ix,
1059 5832 1149 5901 48,
1177 5835 1246 5892 ita
1268 5835 1322 5892 in
1345 5833 1546 5893 Griecis
1571 5835 1820 5892 elIcrtur:

1945 4698 2129 4760 pereat
2175 4705 2312 4744 unus
2342 4691 2408 4744 de
2456 4690 2660 4759 pusillis
2704 4689 2859 4744 istis:
2891 4699 2983 4745 aut
3011 4705 3129 4760 qua:
3172 4692 3364 4746 mulier
3415 4693 3517 4745 ha-

1944 4784 2075 4838 bens
2095 4783 2378 4839 draclunas
2398 4786 2604 4849 decem,
2628 4785 2671 4838 si
2697 4785 2988 4852 perdiderit
3004 4787 3310 4841 drachmam
3334 4802 3515 4853 unam,

1945 4894 2123 4932 nonne
2163 4878 2410 4933 accendit
2455 4879 2758 4941 lucernam,
2811 4888 2864 4933 et
2913 4880 3112 4932 cverrit
3164 4878 3412 4948 domum,
3467 4892 3520 4934 (ι

1943 4971 2134 5039 quzerit
2166 4972 2471 5040 diligenter,
2505 4971 2674 5025 donec
2707 4970 2984 5026 inveniat?
3015 4971 3081 5024 Et
3126 4985 3245 5024 cum
3296 4974 3518 5027 iuvene-

1939 5063 2035 5129 rit,
2061 5071 2322 5116 convocat
2352 5063 2554 5116 amicas
2585 5071 2641 5115 et
2667 5062 2868 5116 vicinas
2896 5061 3086 5115 dicens
3115 5077 3128 5114 :
3163 5061 3518 5132 Congratnla-

1943 5154 2071 5209 mini
2102 5153 2252 5214 mihi,
2278 5155 2403 5222 quia
2429 5154 2604 5207 inveni
2633 5153 2946 5208 drachmam
2969 5167 3126 5220 quam
3157 5153 3521 5220 perdideram.

1943 5246 2018 5302 Ita
2047 5245 2170 5300 dico
2191 5244 2362 5310 vobis,
2389 5247 2636 5314 gaudium
2663 5246 2762 5300 erit
2791 5261 2974 5301 coram
3001 5245 3202 5316 angelis
3226 5245 3325 5300 Dei
3350 5260 3513 5314 super

1947 5354 2054 5392 uno
2103 5347 2383 5404 peccatore
2431 5336 2802 5406 paenitentiam
2864 5345 3094 5406 agente,
3148 5349 3308 5404 quam
3354 5351 3516 5404 supra

1948 5431 2230 5500 nonaginta
2291 5445 2480 5485 novem
2531 5429 2692 5500 justis
2745 5433 2833 5498 qui
2889 5445 2996 5482 non
3051 5427 3292 5498 indigent
3339 5429 3511 5497 pinni-

1945 5523 2131 5578 tentia.

1937 5705 2041 5760 Πᾶς
2061 5702 2672 5779 γᾲρΑπυρξλὰ).ιᾳθήσ-ςται,
2701 5707 2785 5758 καὶ
2808 5709 2958 5779 stoica:
2977 5705 3128 5759 ουσία
3154 5701 3516 5779 ἁλὶ-ἆλιᾳθὴσε-

1935 5792 2040 5845 ται.
2084 5773 2266 5845 Vulg,
2287 5775 2463 5828 Omnis
2488 5775 2619 5829 enim
2645 5775 2757 5845 igne
2785 5773 3014 5842 satietur,
3041 5785 3085 5829 et
3117 5777 3279 5830 omnis
3311 5775 3515 5828 victim

1934 5841 2043 5893 sale
2070 5842 2304 5902 sulietur.
