4038 6356
1104 257 1114 284 l

497 313 593 330 ..λ’

496 316 596 368 505
634 341 638 344 -

1045 427 1269 482 CAPUT
1312 425 1518 482 XCVII.

684 506 760 574 De
789 517 897 586 ﬁlio
929 519 1016 587 qui
1045 518 1383 573 substantiam
1413 518 1575 586 patris
1605 516 1882 572 deuorauit.

569 610 698 667 Luc.
729 626 820 675 xv,
853 609 1038 664 “~32.
1071 610 1160 664 Ait
1186 621 1362 664 autem
1396 626 1408 661 :
1442 607 1616 663 ilomo
1637 608 1854 678 quidam
1887 608 2074 663 habuit

495 692 632 759 duos
658 701 828 766 filios;
859 709 913 756 et
938 701 1079 755 dixit
1103 699 1497 755 adolescentior
1536 706 1555 721 '
1577 699 1713 768 patri
1742 716 1756 752 :
1791 699 1973 764 Pater,
2006 699 2073 752 da

499 791 634 847 “mihi
660 790 959 859 portionem
991 789 1308 844 substantia:
1336 804 1454 858 qua:
1483 803 1567 844 me
1594 788 1876 858 contingit.
1913 790 1976 844 Et
1997 789 2079 843 di-

497 883 626 939 visit
645 882 752 937 illis
780 881 1150 935 substantiam.
1183 878 1252 935 Et
1279 895 1383 934 non
1414 889 1536 948 post
1567 879 1759 934 multos
1785 881 1924 946 dies,
1949 896 2078 936 con-

499 989 660 1045 grega
687 973 732 1029 is
759 973 1006 1028 omnibus
1032 1012 1046 1037 ,
1081 971 1479 1027 adolescentior
1505 972 1645 1026 filius
1691 986 1914 1042 peregre
1955 987 2078 1042 pro-

501 1062 672 1120 fectus
703 1071 785 1118 est
812 1062 868 1116 in
899 1061 1175 1130 regionem
1201 1060 1583 1130 longinquam;
1615 1069 1670 1116 et
1693 1061 1766 1116 ibi
1796 1060 2078 1131 dissipavit

497 1151 854 1207 substantiam
887 1166 1038 1206 suam
1079 1151 1315 1207 vivendo
1365 1150 1662 1207 luxuriose.
1698 1151 1765 1206 Et
1797 1162 2077 1223 postquam

507 1241 685 1296 omnia
715 1242 1160 1312 consumpsisset,
1198 1241 1338 1297 facta
1367 1251 1453 1298 est
1497 1242 1664 1296 fames
1707 1241 1883 1297 valida
1911 1243 1963 1297 in
1994 1258 2079 1299 re-

498 1331 654 1402 gione
690 1332 806 1388 illa.
839 1333 906 1388 Et
942 1333 1058 1404 ipse
1095 1333 1259 1403 erepit
1285 1347 1468 1405 egere.
1499 1332 1568 1388 Et
1590 1333 1742 1399 abiit,
1772 1343 1828 1389 et
1853 1334 2083 1390 adhzesit

495 1425 588 1480 uni
616 1425 813 1481 civium
864 1424 1098 1496 regionis
1150 1425 1295 1480 illius
1321 1443 1336 1479 :
1371 1435 1424 1481 et
1456 1425 1605 1482 misit
1635 1425 1784 1481 illum
1813 1426 1868 1480 in
1898 1425 2078 1481 villam

495 1532 672 1586 suam,
706 1526 765 1574 ut
792 1528 1036 1588 pasceret
1065 1532 1274 1588 porcos.
1313 1518 1379 1573 Et
1416 1517 1669 1589 cupiebat
1699 1519 1925 1588 implere
1948 1533 2081 1573 ven-

506 1622 644 1667 trem
691 1624 850 1665 suum
888 1609 958 1664 de
984 1608 1190 1679 siiquis
1217 1622 1350 1679 quas
1376 1609 1524 1678 porci
1554 1608 1976 1676 manducabant;
2024 1615 2080 1664 et

497 1717 662 1762 nemo
694 1702 774 1758 illi
817 1702 999 1758 dabat.
1031 1701 1151 1772 Ipse
1193 1713 1374 1758 autem
1402 1700 1457 1757 in
1491 1715 1551 1758 se
1602 1715 1877 1767 reversus,
1906 1700 2078 1756 dixit:

1630 307 1937 366 VICTORIS
1977 306 2281 366 EPISCOPI
2317 307 2617 366 CAPUANI

2104 432 2158 488 Α
2183 438 2396 495 cunque
2429 423 2781 496 alligaveritis
2810 423 2970 493 super
2999 433 3219 495 terram,
3252 436 3410 482 erunt
3445 423 3605 500 ligata
3632 439 3686 484 et
3713 431 3776 485 in

2701 361 2708 427 Τ
2737 375 2765 427 Δ»
3473 423 3480 427 Δ
3659 313 3775 367 ωιι

2179 515 2321 571 caelo
2351 533 2364 568 :
2399 525 2451 570 et
2476 530 2805 586 quaecunque
2835 516 3105 572 solveritis
3156 533 3316 587 super
3347 527 3568 584 terram,
3601 531 3776 576 erunt

2178 607 2352 661 SuIttla
2384 621 2438 663 et
2465 607 2518 662 in
2541 609 2699 662 cmlo.
2732 608 2925 663 Iterum
2957 608 3078 663 dico
3102 609 3253 664 vobis
3286 627 3299 663 :
3335 610 3460 678 quia
3491 611 3536 666 si
3562 611 3668 665 duo
3699 627 3776 665 ex

2177 698 2330 752 vobis
2373 698 2747 753 consenserint
2787 713 2950 766 super
2975 707 3194 766 terram,
3223 699 3291 754 de
3315 701 3461 754 omni
3489 715 3550 755 re
3569 715 3770 770 quam-

2179 803 2392 858 cunque
2419 787 2695 857 petierint,
2745 787 2836 843 fiet
2866 788 2972 844 illis
3000 804 3029 844 a
3062 789 3221 846 Patre
3246 805 3368 845 meo
3409 791 3499 860 qui
3531 791 3584 845 in
3611 791 3773 846 ccelis

2179 889 2285 934 est.
2317 879 2415 934 Ubi
2441 881 2584 933 enim
2611 888 2737 933 sunt
2762 879 2868 934 dno
2891 879 2973 934 vel
3002 890 3112 936 tres
3133 882 3437 952 congregati
3465 881 3517 936 in
3548 884 3771 939 nomine

2179 985 2322 1032 meo.
2344 971 2415 1024 ibi
2439 985 2554 1024 sum
2579 971 2632 1025 in
2656 970 2833 1026 medio
2855 985 3062 1026 eorum.
3086 971 3238 1027 Tunc
3259 973 3523 1028 accedens
3547 973 3614 1028 ad
3642 989 3770 1029 eum

2180 1061 2392 1128 Petrus,
2422 1060 2558 1116 dixit
2584 1079 2595 1114 :
2631 1062 2872 1127 Domine,
2892 1063 3102 1132 quoties
3125 1065 3428 1134 peccaverit
3459 1065 3513 1118 in
3541 1080 3633 1121 me
3662 1066 3770 1120 fra-

2180 1159 2262 1206 ter
2289 1167 2461 1218 meus,
2492 1161 2547 1206 et
2578 1151 2845 1206 dimittam
2875 1153 2925 1208 ei
2954 1153 3171 1224 iusque
3210 1156 3414 1225 septies
3439 1155 3462 1208 ?
3495 1155 3636 1210 Dicit
3683 1156 3768 1212 illi

2179 1240 2336 1298 Jcsus
2369 1260 2382 1297 :
2415 1240 2532 1296 Non
2578 1241 2698 1298 dico
2727 1242 2824 1299 tibi
2873 1258 3043 1314 usque
3071 1245 3293 1315 septies,
3345 1245 3441 1302 sed
3471 1260 3644 1316 usque
3673 1260 3770 1302 se-

2182 1335 2425 1406 ptuagies
2450 1334 2670 1404 septies.

2749 1475 2976 1534 CAPUT
3008 1475 3192 1532 XCIX.

2186 1564 2487 1621 Similitudo
2512 1567 2576 1622 de
2593 1583 2706 1637 rege
2725 1569 2812 1637 qui
2836 1568 3004 1640 posuit
3032 1568 3284 1622 rationem
3306 1583 3424 1624 cum
3449 1571 3604 1626 servis
3633 1571 3764 1628 suis.

2256 1707 2474 1762 MATTH.
2508 1723 2659 1772 xvttt,
2691 1707 2881 1765 25-35.
2902 1707 3027 1764 Ideo
3053 1709 3406 1766 assimilatum
3429 1720 3515 1768 est
3540 1727 3767 1783 regnum

500 1801 701 1872 Quanti
727 1797 1049 1856 mercenarii
1079 1798 1132 1854 in
1161 1797 1324 1854 domo
1353 1797 1524 1868 patris
1553 1796 1658 1852 mei
1683 1795 1957 1852 abundant
1987 1810 2081 1865 pa-
2111 1807 2159 1868 Β
2185 1798 2442 1854 emlorum
2476 1797 2681 1855 homini
2733 1799 2842 1870 regi
2897 1799 2990 1872 qui
3035 1800 3204 1856 voluit
3252 1803 3512 1858 rationem
3561 1819 3772 1875 ponere

509 1891 701 1948 nibus!
733 1906 834 1962 ego
858 1899 1034 1948 autem
1059 1889 1147 1946 hic
1174 1890 1316 1947 fame
1344 1905 1527 1962 pereo.
1558 1890 1806 1962 Surgam,
1829 1898 1886 1947 et
1907 1889 1997 1946 ibo
2011 1889 2081 1944 ad

498 1992 707 2050 patrem
721 1997 922 2050 meum,
939 1981 1180 2039 etdicam
1200 1982 1276 2038 illi
1298 2001 1312 2036 :
1333 1983 1488 2038 Pater
1503 1981 1720 2053 peccavi
1757 1980 1812 2036 in
1857 1981 2078 2047 malum,

499 2084 564 2131 et
599 2089 783 2133 coram
815 2083 888 2132 te.
931 2075 997 2130 Et
1019 2074 1130 2144 jam
1159 2089 1269 2130 non
1320 2090 1441 2132 sum
1478 2075 1676 2146 dignus
1707 2073 1889 2131 vocari
1937 2073 2080 2129 filius

500 2177 626 2225 tuus
653 2185 670 2223 :
701 2168 786 2224 fac
838 2181 926 2224 me
951 2167 1090 2222 sicut
1139 2183 1304 2224 unum
1335 2183 1406 2224 ex
1446 2167 1802 2224 mercenariis
1851 2166 1980 2224 tuis.
2009 2167 2080 2224 Et

503 2275 750 2333 surgens,
787 2260 936 2316 venit
975 2259 1043 2314 ad
1075 2269 1283 2330 patrem
1315 2273 1493 2315 suum.
1521 2259 1656 2316 Cum
1687 2268 1868 2315 autem
1908 2258 2086 2314 adhuc

505 2357 661 2428 longe
697 2364 864 2420 esset.
892 2353 1030 2410 vidit
1057 2353 1208 2410 illum
1236 2364 1394 2424 pater
1435 2353 1602 2422 illius,
1629 2362 1685 2410 et
1714 2352 2086 2410 misericordia

505 2458 681 2506 motus
707 2457 810 2504 est.
840 2449 907 2504 Et
931 2462 1243 2515 accurrens,
1284 2447 1480 2504 cecidit
1514 2462 1674 2518 supra
1699 2447 1900 2505 collum
1942 2447 2083 2518 ejus,

504 2549 560 2596 et
587 2538 859 2598 osculatus
884 2547 968 2596 est
993 2553 1137 2594 eum.
1174 2537 1424 2609 Dixitque
1451 2539 1502 2595 ei
1533 2538 1675 2595 filius
1701 2555 1716 2593 :
1747 2538 1928 2604 Pater,
1961 2550 2087 2606 pec-

505 2633 622 2690 cavi
665 2633 721 2689 in
745 2631 965 2701 eaalum,
994 2640 1051 2687 et
1094 2646 1276 2687 coram
1319 2640 1371 2686 te
1403 2651 1418 2687 :
1446 2631 1558 2702 jam
1587 2646 1695 2687 non
1744 2645 1863 2686 sum
1892 2629 2089 2700 dignus

505 2724 683 2780 vocari
711 2722 854 2778 filius
885 2732 1026 2778 tuus.
1057 2723 1200 2778 Dixit
1223 2732 1402 2778 autem
1424 2733 1576 2794 pater
1605 2722 1669 2777 ad
1694 2735 1882 2778 servos
1910 2734 2040 2778 suos
2069 2738 2085 2776 :

505 2814 624 2871 Cito
654 2814 886 2886 proferte
928 2815 1136 2872 stolam
1189 2815 1440 2884 primam,
1471 2824 1528 2872 et
1576 2815 1779 2870 induite
1813 2814 1988 2884 illum,
2030 2823 2087 2870 et

506 2903 630 2961 date
657 2903 912 2960 annulum
940 2904 992 2960 in
1023 2917 1245 2960 manum
1274 2903 1415 2974 ejus,
1448 2913 1504 2960 et
1523 2905 1886 2962 calceamenta
1918 2905 1972 2960 in
1996 2918 2090 2974 pe-

507 2996 605 3052 des
649 2995 796 3066 ejus;
842 3005 900 3051 et
946 2995 1198 3052 adducite
1225 2995 1454 3052 vitulum
1485 2997 1810 3067 saginatum,
1841 3006 1898 3052 et
1943 2994 2090 3051 occi-

507 3086 638 3154 dite,
667 3096 724 3142 et
746 3086 1150 3153 manducemus,
1197 3096 1252 3144 et
1280 3087 1564 3156 epulemur
1593 3104 1609 3142 :
1640 3087 1763 3157 quia
1810 3087 1900 3143 hic
1948 3085 2089 3143 ﬁlius

2183 1906 2306 1947 eum
2333 1891 2503 1947 servis
2529 1891 2660 1948 suis.
2694 1892 2759 1948 Et
2785 1906 2906 1948 cum
2937 1893 3189 1962 coepisset
3228 1895 3491 1951 rationem
3521 1911 3720 1965 ponere
3740 1938 3762 1963 ,

2185 1985 2400 2040 oblatus
2428 1993 2512 2041 est
2540 1985 2591 2041 ei
2618 1999 2756 2042 unus
2784 1987 2874 2056 qui
2905 1985 3132 2043 debebat
3168 1986 3354 2044 decem
3386 1988 3550 2043 millia
3586 1990 3763 2045 talen-

2185 2086 2257 2132 ta.
2286 2076 2419 2134 Cum
2440 2088 2615 2135 autem
2637 2093 2742 2134 non
2764 2079 2985 2136 haberet
3013 2080 3154 2137 unde
3174 2081 3446 2150 redderet,
3463 2082 3626 2153 jussit
3647 2099 3770 2140 eum

2185 2169 2436 2227 dominus
2462 2171 2779 2238 venundari,
2811 2179 2866 2229 et
2894 2187 3119 2228 uxorem
3150 2172 3285 2242 ejus,
3309 2182 3364 2229 et
3389 2174 3550 2239 filios,
3577 2186 3632 2231 et
3654 2191 3771 2231 om-

2187 2261 2276 2316 nia
2305 2276 2426 2332 qute
2458 2261 2710 2329 habebat,
2742 2273 2798 2319 et
2828 2263 3002 2320 reddi.
3033 2261 3332 2321 Proeidens
3371 2275 3548 2322 autem
3580 2282 3769 2323 servus

2188 2354 2302 2422 ille,
2335 2355 2524 2412 orabat
2551 2371 2674 2412 eum
2704 2357 2885 2413 dicens
2913 2374 2927 2411 :
2959 2357 3279 2414 Patientiam
3308 2358 3447 2414 habe
3477 2359 3530 2414 in
3561 2375 3673 2425 e,
3716 2369 3771 2415 et

2189 2447 2372 2504 omnia
2419 2448 2640 2505 reddam
2671 2449 2786 2506 tibi.
2841 2450 3094 2506 Misertus
3121 2460 3300 2506 autem
3330 2450 3581 2506 dominus
3625 2453 3768 2508 servi

2192 2542 2338 2598 illius
2358 2582 2373 2608 ,
2405 2557 2526 2599 eum
2554 2543 2757 2599 dimisit
2779 2583 2797 2610 ,
2825 2551 2880 2598 et
2908 2542 3146 2598 debitum
3175 2542 3377 2599 dimisit
3403 2544 3475 2600 ei.
3507 2543 3770 2615 Egressus

2189 2644 2367 2694 autem
2394 2650 2587 2692 servus
2635 2635 2746 2700 ille,
2779 2636 2979 2691 invenit
3009 2651 3170 2690 unum
3213 2635 3283 2692 de
3305 2637 3584 2693 conservis
3623 2639 3771 2704 suis,

2188 2727 2278 2798 qui
2307 2726 2538 2783 debebat
2561 2726 2607 2782 ei
2631 2737 2842 2782 centum
2873 2725 3155 2791 denarios;
3179 2736 3232 2782 ct
3257 2736 3446 2783 tenens
3474 2726 3774 2784 suffocabat

2187 2832 2332 2885 eum,
2367 2817 2554 2873 dicens
2578 2834 2591 2871 :
2623 2815 2807 2872 Redde
2833 2816 2974 2888 quod
3001 2816 3188 2874 debes.
3235 2817 3303 2873 Et
3331 2817 3616 2888 proeidens
3641 2834 3773 2875 con-

2188 2923 2381 2966 servus
2411 2909 2533 2977 ille,
2561 2909 2783 2980 rogabat
2830 2923 2987 2978 eum,
3020 2910 3244 2966 dicens:
3277 2911 3596 2967 Patientiam
3633 2909 3775 2967 habe

2190 3002 2242 3056 in
2273 3017 2381 3066 me,
2409 3009 2466 3058 et
2492 3001 2668 3056 omnia
2711 3000 2931 3057 reddam
2963 3002 3077 3057 tibi.
3109 3001 3204 3058 Ille
3232 3010 3412 3058 autem
3443 3003 3639 3070 noluit,
3671 3001 3766 3059 sed

2189 3094 2345 3160 abiit,
2376 3106 2430 3148 et
2461 3095 2602 3150 misit
2624 3108 2746 3150 eum
2775 3094 2826 3149 in
2859 3109 3156 3161 carcerem,
3188 3095 3359 3152 donec
3388 3095 3639 3152 redderet
3667 3095 3768 3151 de-

506 3192 658 3235 mens
685 3186 931 3234 mortuus
955 3189 1089 3244 erat.
1124 3188 1180 3234 et
1206 3179 1433 3243 revixit;
1464 3180 1716 3249 perierat,
1749 3187 1804 3235 et
1839 3178 2087 3234 inventus
2112 3193 2160 3256 ο
2189 3185 2376 3241 hilum.
2409 3184 2663 3242 Videntes
2709 3193 2890 3241 autem
2940 3186 3186 3242 conservi
3214 3186 3332 3256 ejus
3356 3203 3477 3258 qua:
3524 3187 3724 3243 fiebant
3749 3230 3771 3254 ,

507 3279 612 3328 est.
648 3271 717 3328 Et
745 3281 1023 3344 cmperunt
1047 3271 1273 3343 epulari.
1321 3272 1448 3330 Erat
1477 3281 1660 3329 autem
1690 3272 1832 3328 filius
1859 3273 1977 3343 ejus
2003 3288 2091 3330 se-

505 3371 627 3428 nior
655 3371 706 3426 in
738 3386 904 3442 agro:
933 3381 985 3428 et
1014 3385 1134 3426 eum
1164 3371 1373 3428 veniret
1405 3381 1461 3428 et
1504 3371 1962 3443 appropinquaret
1993 3368 2091 3426 do-

505 3464 639 3532 mui,
691 3465 894 3520 audivit
939 3463 1315 3535 symphoniam
1361 3469 1418 3518 et
1463 3463 1689 3518 chorum
1723 3479 1740 3519 :
1771 3471 1827 3518 et
1880 3462 2091 3517 vocavit

505 3571 670 3612 unum
723 3556 792 3612 de
834 3557 1027 3622 servis,
1059 3565 1116 3610 et
1164 3555 1509 3625 interrogavit
1558 3570 1680 3625 qua:
1725 3555 1844 3610 haec
1872 3552 2091 3610 essent?

505 3645 662 3716 Isque
688 3645 824 3700 dixit
868 3645 941 3700 illi
969 3663 980 3698 :
1009 3644 1197 3700 Frater
1252 3654 1377 3700 tuus
1406 3645 1574 3710 venit,
1606 3654 1662 3701 et
1703 3646 1898 3701 occidit
1936 3655 2089 3715 pater

506 3744 633 3791 tuus
657 3734 880 3790 vitulum
923 3735 1243 3806 saginatum,
1273 3736 1397 3804 quia
1427 3734 1634 3789 salvum
1680 3735 1829 3790 illum
1858 3735 2085 3804 recepit.

505 3827 814 3896 Indignatus
832 3837 915 3883 est
934 3837 1136 3893 autem,
1163 3837 1218 3882 et
1256 3827 1472 3882 nolebat
1504 3828 1747 3882 introire.
1773 3827 1932 3884 Pater
1957 3843 2086 3898 ergo

505 3917 650 3974 illius
677 3931 950 3988 egressus,
995 3918 1159 3987 erepit
1187 3933 1380 3988 rogare
1427 3919 1601 3974 illum.
1637 3919 1706 3975 At
1733 3919 1822 3976 ille
1847 3934 2075 3989 repon-

504 4006 674 4073 dens,
694 4007 826 4063 dixit
851 4006 987 4078 patri
1012 4021 1111 4064 suo
1137 4024 1153 4063 :
1185 4007 1324 4063 Ecce
1349 4017 1428 4063 tot
1454 4010 1614 4064 annis
1645 4011 1845 4065 servivi
1879 4012 1994 4080 tibi,
2026 4021 2082 4068 et

504 4115 774 4173 nunquam
805 4101 1115 4156 mandatum
1162 4111 1311 4157 tuum
1358 4103 1669 4172 praeterivi;
1716 4113 1773 4159 et
1811 4119 2083 4174 nunquam

504 4191 700 4248 dedisti
729 4191 858 4247 mihi
889 4189 1123 4258 haedum,
1157 4200 1218 4246 ut
1246 4206 1369 4248 cum
1418 4191 1612 4248 amicis
1655 4192 1789 4248 meis
1813 4195 2081 4264 epularer.

505 4282 614 4342 Sed
643 4292 924 4354 postquam
953 4282 1094 4338 ﬁlius
1117 4291 1236 4338 tuus
1269 4283 1355 4338 hic
1385 4284 1477 4354 qui
1524 4284 1806 4340 devoravit
1833 4285 2085 4340 substan-

503 4375 629 4430 tiam
655 4388 805 4430 suam
833 4390 952 4431 eum
980 4375 1372 4440 meretricibus,
1400 4377 1570 4443 venit,
1614 4377 1856 4433 occidisti
1885 4377 1963 4432 illi
1997 4378 2084 4433 vi-

501 4467 668 4522 tulum
703 4468 1031 4536 saginatum.
1062 4469 1131 4521 At
1156 4468 1272 4538 ipse
1299 4469 1432 4524 dixit
1464 4469 1540 4525 illi
1572 4487 1584 4525 :
1628 4471 1746 4537 Fili,
1779 4480 1833 4526 tu
1865 4487 2081 4542 semper

501 4572 710 4613 mecum
741 4571 823 4623 es,
855 4569 910 4612 et
929 4558 1105 4612 omnia
1137 4574 1252 4614 mea
1285 4568 1374 4612 tua
1404 4571 1552 4615 sunt.
1584 4563 1801 4629 Epulari
1829 4574 2006 4620 autem
2027 4573 2081 4620 et
2106 4560 2159 4622 Β

502 4647 738 4717 gaudere
757 4648 1056 4716 oportebat,
1082 4649 1202 4716 quia
1233 4649 1396 4704 frater
1418 4658 1540 4704 tuus
1565 4651 1652 4706 hic
1673 4662 1920 4708 mortuus
1938 4663 2074 4719 erat,

503 4746 558 4792 et
585 4736 778 4793 revixit
808 4754 820 4790 :
856 4735 1103 4804 perierat,
1134 4745 1189 4791 et
1210 4738 1458 4792 inventus
1483 4745 1586 4793 est.

1038 4845 1261 4902 CAPUT
1301 4847 1524 4904 XCVIII.

808 4933 884 4987 De
911 4935 1206 4988 remittendo
1236 4936 1480 5005 fratribus
1509 4953 1572 4991 ex
1598 4941 1770 4994 corde.

573 5047 790 5104 ΜΑττιι.
825 5064 986 5118 xvnt,
1043 5049 1243 5117 15-22;
1294 5051 1423 5107 Luc.
1457 5069 1595 5122 xvn,
1625 5057 1688 5122 3,
1717 5056 1769 5111 4.
1805 5059 2077 5116 Attenditc

498 5141 681 5196 vobis:
714 5141 757 5195 si
783 5140 1079 5210 peccaverit
1109 5142 1160 5196 in
1187 5153 1237 5198 te
1269 5143 1431 5199 frater
1461 5154 1603 5214 tuus,
1632 5147 1766 5202 vade
1792 5158 1846 5202 et
1865 5151 2074 5219 corripe

496 5249 618 5288 eum
646 5235 783 5289 inter
808 5241 880 5299 te,
907 5241 961 5288 et
984 5234 1157 5302 ipsum
1179 5235 1372 5288 solum.
1392 5234 1446 5290 Si
1472 5245 1523 5290 te
1551 5238 1799 5304 audierit,
1824 5247 1876 5293 et
1897 5241 1942 5294 si
1971 5255 2074 5308 pa:-

497 5326 772 5382 nitentiam
795 5325 984 5395 egerit,
1010 5325 1218 5382 dimitte
1242 5326 1316 5381 illi
1341 5343 1357 5382 :
1382 5338 1435 5383 et
1461 5328 1694 5384 lucratus
1718 5332 1826 5384 eris
1855 5330 2070 5385 fratrem

497 5426 665 5471 tuum.
698 5416 752 5471 Si
779 5427 956 5470 autem
989 5428 1038 5470 te
1065 5432 1170 5471 non
1191 5416 1438 5486 audierit,
1462 5418 1662 5473 adhibe
1690 5427 1862 5473 tecum
1895 5419 2072 5474 adhuc

497 5521 659 5560 unum
683 5508 765 5561 vel
790 5508 952 5562 duos:
981 5516 1037 5562 ut
1061 5509 1112 5562 in
1137 5523 1232 5564 ore
1256 5508 1482 5563 duorum
1502 5510 1585 5564 vel
1610 5508 1768 5561 trium
1791 5517 2071 5564 stetomne

496 5597 716 5652 verbum
747 5599 924 5670 (Deut.
955 5617 1065 5667 xu,
1090 5602 1197 5670 l5).
1217 5600 1367 5667 Quod
1397 5601 1441 5656 si
1471 5616 1574 5654 non
1601 5599 1824 5653 audierit
1847 5616 1958 5675 eos,
1985 5602 2070 5656 dic

496 5686 756 5742 ecclesiae.
791 5689 846 5744 Si
891 5700 1064 5749 autem
1095 5692 1374 5746 ecclesiam
1425 5707 1528 5745 non
1583 5690 1840 5754 audierit,
1873 5695 1941 5747 sit
1974 5695 2065 5748 tibi

485 5775 627 5857 sicut
654 5777 902 5840 ethnicus
926 5791 978 5840 ct
1006 5786 1336 5855 publicanus.
1363 5785 1530 5840 Amen
1553 5781 1672 5838 dico
1702 5782 1884 5838 vobis:
1910 5786 2064 5854 Quac-

2192 3277 2490 3334 eontristati
2539 3288 2664 3332 sunt
2695 3277 2870 3334 valde.
2903 3278 2971 3333 Et
3017 3289 3298 3346 venerunt,
3333 3290 3388 3335 et
3417 3292 3774 3337 narraverunt

2190 3369 2411 3427 domino
2455 3385 2554 3426 suo
2581 3371 2760 3425 omnia
2790 3386 2910 3439 qua:
2938 3369 3076 3425 facta
3107 3371 3335 3426 fuerant.
3364 3371 3515 3427 Tune
3561 3373 3776 3428 vocavit

2191 3460 2342 3515 illum
2373 3461 2621 3516 dominus
2645 3461 2780 3531 ejus,
2808 3471 2861 3516 et
2887 3463 2961 3516 ait
2983 3462 3056 3516 illi
3082 3479 3097 3516 :
3129 3461 3294 3519 Serve
3325 3478 3577 3534 nequam,
3609 3477 3776 3519 omne

2190 3553 2425 3610 debitum
2447 3555 2626 3610 dimisi
2645 3555 2761 3623 tibi,
2787 3557 3037 3626 quoniam
3059 3558 3258 3626 rogasti
3285 3572 3371 3613 me
3393 3575 3406 3612 :
3433 3572 3613 3614 nonne
3633 3573 3770 3627 ergo

2189 3645 2425 3715 oportuit
2452 3653 2506 3700 et
2533 3654 2584 3701 te
2613 3646 2852 3702 misereri
2882 3649 3128 3703 conservi
3163 3649 3259 3716 tui,
3292 3649 3433 3704 sicut
3471 3660 3526 3706 et
3562 3665 3664 3722 ego
3695 3651 3772 3706 tui

2194 3735 2450 3792 misertus
2479 3752 2597 3793 sum
2619 3737 2642 3791 τ
2668 3737 2734 3792 Et
2761 3738 2929 3793 iratus
2951 3738 3200 3796 domintts
3229 3741 3368 3812 ejus,
3402 3743 3619 3798 tradidit
3642 3759 3769 3800 eum

2188 3829 2499 3896 tortoribus,
2527 3831 2872 3902 quoadusque
2896 3832 3146 3890 redderet
3169 3835 3477 3890 universum
3499 3835 3766 3893 debitum.

2187 3919 2276 3976 Sic
2303 3931 2353 3975 et
2386 3919 2543 3977 Pater
2573 3937 2724 3979 meus
2744 3923 2980 3979 caelestis
3003 3923 3159 3981 faciet
3192 3927 3367 3994 vobis,
3395 3929 3439 3983 si
3468 3943 3576 3984 non
3607 3930 3774 3985 remi-

2186 4011 2364 4068 seritis
2391 4014 2753 4086 unusquisque
2779 4014 2928 4070 fratri
2960 4030 3056 4072 suo
3087 4016 3154 4074 de
3182 4018 3435 4075 cordibus
3467 4021 3686 4076 vestris.

2830 4156 3054 4213 CAPUT
3089 4155 3153 4213 Ο.

2183 4243 2332 4300 Iesus
2364 4246 2705 4328 interrogatur
2739 4265 2770 4301 a
2804 4246 3119 4316 Pharisazis,
3150 4251 3196 4304 si
3239 4252 3390 4306 liccat
3437 4268 3654 4308 uxorem
3681 4253 3772 4308 di-

2563 4328 2757 4372 mittere
2784 4335 3084 4390 quacunque
3109 4337 3171 4376 ex
3201 4338 3379 4378 causa.

2255 4431 2470 4486 Mur".
2501 4447 2611 4497 xtx,
2649 4431 2815 4497 f-I2;
2847 4433 3026 4488 Mane.
3059 4449 3113 4500 x,
3147 4433 3297 4489 1-12.
3323 4435 3388 4490 Et
3416 4437 3613 4493 factum
3642 4447 3769 4508 est,

2183 4535 2303 4576 eum
2336 4533 2760 4577 consummasset
2781 4523 2937 4577 Jesus
2967 4539 3244 4580 sermones
3275 4527 3426 4595 istos,
3459 4531 3710 4600 migravit
3735 4547 3768 4587 a

2189 4615 2432 4679 Galilaza,
2459 4625 2512 4669 et
2536 4616 2682 4670 venit
2713 4617 2766 4670 in
2797 4617 2927 4671 fines
2958 4616 3155 4673 Judtea:
3187 4626 3332 4675 trans
3357 4621 3647 4678 Jordanem
3676 4635 3774 4679 :et

2184 4715 2384 4759 secuta:
2408 4713 2534 4760 sunt
2560 4719 2682 4759 eum
2718 4709 2886 4760 turbrc
2918 4709 3116 4773 multm,
3138 4718 3192 4764 et
3220 4712 3427 4767 curavit
3451 4727 3545 4768 eos
3575 4716 3670 4769 ibi.
3701 4717 3771 4770 Et

2183 4803 2526 4849 accesserunt
2551 4797 2616 4848 ad
2646 4811 2767 4850 eum
2800 4797 3053 4853 Pharismi
3108 4811 3372 4858 tentantes
3403 4820 3549 4869 cum,
3597 4816 3652 4861 et
3682 4808 3769 4861 di-

2181 4898 2398 4943 centes:
2430 4889 2484 4944 Si
2515 4890 2640 4944 licet
2671 4886 2876 4946 homini
2902 4893 3168 4951 dimittere
3197 4912 3418 4953 uxorem
3450 4915 3602 4954 suam
3635 4917 3770 4970 qua-

2181 4991 2393 5046 cunque
2428 4995 2493 5033 ex
2539 4983 2738 5035 causa?
2765 4984 2864 5049 Qui
2911 4988 3259 5054 respondens,
3291 4989 3365 5044 ait
3405 4994 3482 5046 eis
3508 5010 3521 5045 :
3549 4992 3665 5047 Non
3695 4995 3772 5048 le-

2179 5069 2330 5135 gistis
2357 5069 2478 5139 quia
2507 5072 2595 5141 qui
2614 5073 2732 5128 fecit
2759 5076 2824 5129 ab
2843 5075 2991 5129 initio
3010 5077 3061 5142 ⁸,
3094 5082 3387 5134 masculum
3419 5093 3472 5136 et
3505 5083 3764 5139 feminam

2178 5158 2304 5213 fecit
2332 5175 2424 5216 eos
2451 5161 2601 5233 (Gen.
2630 5179 2666 5230 ι,
2689 5166 2781 5235 27)
2801 5167 2823 5218 ?
2845 5167 2910 5220 Et
2941 5168 3115 5222 dixit:
3142 5169 3372 5238 Propter
3403 5173 3503 5228 hoc
3527 5176 3765 5231 dimitjet

2183 5250 2344 5304 homo
2370 5261 2570 5320 patrem
2596 5265 2648 5308 et
2675 5266 2920 5321 matrem,
2948 5267 3001 5313 et
3025 5257 3321 5316 adhaerebit
3351 5266 3502 5319 uxori
3532 5279 3680 5325 suae:
3709 5278 3764 5322 et

2181 5350 2337 5394 erunt
2360 5343 2464 5398 duo
2492 5344 2543 5398 in
2575 5360 2737 5401 carne
2769 5363 2870 5401 una
2895 5346 3049 5417 (Gen.
3077 5366 3136 5416 tt,
3160 5351 3274 5420 2i).
3311 5352 3493 5424 Itaque
3519 5357 3626 5422 jam
3652 5375 3762 5413 non

2179 5441 2300 5485 sunt
2330 5435 2465 5502 duo,
2497 5438 2588 5491 sed
2619 5454 2716 5491 una
2747 5455 2892 5497 caro.
2937 5442 3087 5508 Quod
3118 5459 3247 5509 ergo
3271 5445 3410 5501 Deus
3443 5447 3761 5516 cou’unxit,

2182 5523 2340 5575 homo
2371 5542 2472 5579 non
2505 5541 2738 5597 separet.
2793 5532 2981 5585 Dicunt
3030 5534 3323 5612 illnguid
3373 5554 3504 5609 ergo
3545 5541 3760 5612 Moyses

2180 5617 2449 5672 mandavit
2478 5620 2592 5674 dari
2645 5623 2876 5678 libellum
2922 5628 3125 5696 repudLi
3157 5628 3335 5698 (Deut.
3390 5649 3534 5700 xxtv,
3573 5635 3660 5705 I),
3704 5645 3759 5690 et

2175 5705 2487 5764 dimittere?
2520 5710 2607 5764 Ait
2654 5714 2755 5768 illis
2790 5735 2801 5768 :
2835 5717 3092 5783 Quoniam
3141 5720 3352 5790 Moyses
3391 5725 3458 5778 ad
3499 5725 3752 5782 duritiam

2172 5797 2348 5854 cordis
2371 5801 2532 5855 vestri
2558 5803 2798 5870 permisit
2820 5807 2972 5864 vobis
2993 5808 3262 5869 dimittere
3285 5828 3481 5873 uxores
3505 5824 3743 5874 vestras:
