4038 6356
575 328 586 333 -
612 321 806 334 ..σφα-θ’

231 348 336 402 565

230 436 486 519 abinitio
516 469 693 528 autem
714 475 824 518 non
845 460 924 517 sic
955 460 1072 516 fuit.
1107 461 1238 541 Dico
1258 469 1435 515 autem
1464 457 1659 513 vobis:
1686 456 1811 524 quia
1841 459 1885 513 Α

228 556 538 624 quicunque
565 553 832 608 dimiserit
877 566 1100 608 uxorem
1139 565 1310 617 suam,
1345 550 1446 604 nisi
1473 547 1544 603 ob
1584 547 1816 601 fornica-

230 648 454 710 tionem,
486 651 544 700 et
587 645 746 712 aliam
776 643 1012 709 duxerit,
1045 642 1364 698 mmchatur.
1400 641 1468 696 Et
1493 641 1584 711 qui
1624 639 1812 694 dimis-

231 754 347 793 sam
377 739 614 803 duxerit,
648 739 970 793 mmchatur.
998 737 1192 792 Dicunt
1217 736 1266 791 ei
1297 736 1543 807 discipuli
1571 735 1725 804 ejus:
1755 735 1814 790 Si

232 834 303 886 ita
328 839 410 886 est
437 846 598 887 causa
628 830 860 886 hominis
887 845 1009 885 cum
1041 843 1231 896 uxore,
1263 842 1370 883 non
1401 827 1620 896 expedit
1647 827 1817 882 nube-

233 936 313 976 re.
348 921 449 988 Qui
479 921 620 976 dixit
648 931 674 958 ι
707 938 719 973 :
753 919 868 976 Non
917 934 1106 975 omnes
1131 919 1348 988 capiunt
1373 919 1598 974 verbum
1647 917 1812 984 istud,

235 1013 333 1068 sed
359 1013 550 1083 quibus
577 1013 758 1068 datum
778 1021 880 1068 est.
905 1011 1042 1068 Sunt
1065 1011 1206 1066 enim
1234 1011 1468 1066 eunuchi
1495 1014 1584 1081 qui
1606 1011 1676 1066 de
1703 1027 1816 1066 ma-

237 1105 338 1158 tn‘s
366 1115 521 1160 utero
551 1104 674 1176 (sic)
706 1105 817 1158 nati
861 1112 1008 1158 sunt.
1041 1103 1110 1158 Et
1135 1111 1260 1158 sunt
1287 1104 1519 1159 eunuchi
1568 1104 1660 1174 qui
1690 1103 1814 1158 facti

238 1205 367 1249 sunt
390 1195 460 1250 ab
489 1194 813 1250 hominibus.
845 1195 912 1250 Et
937 1203 1066 1250 sunt
1091 1194 1319 1250 eunuchi
1349 1195 1440 1266 qui
1467 1209 1528 1251 se
1557 1194 1702 1265 ipsos
1728 1209 1820 1250 ca-

235 1297 548 1344 stravernnt
575 1300 795 1361 promer
824 1304 1047 1361 regnum
1077 1289 1361 1346 caelorum.
1390 1289 1492 1358 Qui
1527 1297 1706 1359 potest
1728 1302 1820 1343 ca-

237 1394 369 1451 pere
396 1379 594 1451 capiat.

855 1493 1084 1552 CAPUT
1124 1494 1210 1551 Cl.

236 1578 392 1638 Jesus
413 1585 656 1654 intposuit
675 1597 860 1638 manus
887 1585 1190 1654 infantibus.
1219 1582 1286 1638 Et
1317 1583 1572 1639 Pltaristei
1595 1600 1826 1639 murmu-

408 1664 526 1708 rant
548 1656 611 1708 de
639 1654 764 1710 Jestt
795 1670 815 1709 :
851 1655 988 1724 Quia
1023 1655 1105 1708 hic
1135 1657 1311 1724 recipit
1341 1667 1649 1724 peccatores.

314 1763 524 1822 bima.
557 1781 668 1832 xix,
697 1765 908 1833 13-15;
937 1765 1116 1820 MAN}.
1151 1781 1210 1832 x,
1260 1765 1439 1822 13-16.
1470 1764 1624 1822 Tunc
1659 1764 1824 1821 oblati

997 341 1584 400 EVANGELICARUM
1625 337 2127 396 IIARMONIARUM
2169 335 2744 394 INTERPRETATIO.

3383 337 3490 394 306

2512 450 2736 508 CAPUT
2757 448 2887 506 CIII.

2006 545 2160 599 Jcsus
2197 545 2396 600 sanavit
2435 545 2490 598 in
2525 559 2786 615 synagoga
2823 540 3087 596 mulierem
3123 540 3325 594 aridam
3361 551 3410 596 et

2566 624 2849 668 curvatam.

1993 727 2120 781 Luc.
2153 741 2268 793 xm,
2307 725 2494 780 10-17.
2528 725 2660 780 Erat
2697 733 2876 780 autem
2912 723 3112 780 docens
3141 724 3196 779 in
3223 736 3511 794 synagoga.

1917 831 2102 872 eorum
2127 818 2384 874 sabbatis.
2414 819 2476 870 fit
2501 831 2626 872 ecce
2652 817 2844 872 mulier
2857 831 2977 886 qua:
2999 815 3228 872 habebat
3247 817 3510 885 spiritum.

1919 909 2242 964 infirmitatis
2289 909 2443 963 annis
2470 908 2656 964 decem
2683 917 2738 964 et
2769 919 2893 965 octo
2923 926 2935 963 :
2966 917 3022 964 et
3049 918 3165 963 erat
3207 908 3492 972 inclinata,

1918 1015 1951 1053 n
1985 1013 2017 1053 c
2041 998 2260 1054 omnino
2281 1007 2494 1068 poterat
2513 1011 2725 1054 sursum
2752 1014 2794 1054 ι’.
2814 999 3044 1069 spicere.
3073 999 3242 1066 Quam
3269 1012 3390 1052 cum
3414 998 3506 1052 vi-.

1919 1090 2087 1145 disset
2106 1090 2282 1157 Jesus,
2307 1088 2598 1143 vocavitad
2629 1103 2711 1156 se,
2728 1097 2783 1143 et
2801 1090 2876 1144 ait
2901 1090 2975 1144 illi
3002 1107 3012 1140 :
3046 1089 3256 1156 Mulier,
3275 1087 3498 1150 dimissa

1919 1196 1978 1238 es
2005 1182 2072 1237 ab
2099 1182 2412 1238 inﬁrmitate
2442 1191 2552 1237 tua.
2581 1183 2644 1236 Et
2665 1183 2922 1251 imposuit
2941 1181 3020 1238 illi
3044 1196 3235 1238 manus
3261 1199 3272 1234 :
3297 1188 3352 1236 et
3376 1194 3500 1236 con-.

1921 1275 2098 1329 festim
2126 1283 2306 1330 erecta
2351 1282 2455 1339 est,
2484 1281 2539 1328 et
2564 1272 2895 1343 gloriﬁcabat
2926 1273 3114 1328 Deum.
3147 1270 3518 1342 Respondens.

1922 1374 2100 1419 autem
2143 1364 2630 1435 archisynagogus,
2663 1363 2946 1433 indignans
2978 1363 3104 1434 quia
3150 1363 3374 1418 sabbato
3401 1375 3500 1424 cu.-

1923 1467 2095 1513 rasset
2123 1458 2277 1514 Jesus
2298 1500 2316 1526 ,
2348 1457 2590 1513 dicebat:
2623 1456 2732 1514 Sex
2758 1455 2874 1515 dies
2903 1465 3024 1510 sunt
3051 1456 3104 1510 in
3125 1455 3314 1524 quibus
3342 1468 3501 1524 oporo

1929 1558 2006 1604 tt-t
2035 1550 2246 1618 Operari
2275 1566 2289 1604 :
2313 1549 2367 1603 in
2395 1549 2479 1602 his
2506 1548 2705 1613 venite,
2736 1555 2790 1602 et
2808 1545 3091 1612 curamini,
3113 1553 3170 1600 et
3198 1561 3306 1602 non
3332 1545 3387 1602 in
3415 1545 3506 1602 die

1925 1639 2156 1694 sabbati.
2191 1638 2486 1706 Respondit
2513 1648 2692 1694 autem
2716 1637 2893 1703 lesus,
2919 1645 2973 1692 et
2995 1635 3128 1692 dixit
3148 1635 3214 1690 δε
3243 1635 3506 1706 Hypocri-

1929 1737 2021 1798 tte,
2051 1730 2415 1800 unusquisque
2441 1739 2677 1784 vestrum
2723 1729 2948 1784 sabbato
2977 1742 3082 1784 non
3111 1726 3270 1783 solvit
3311 1726 3518 1788 bovem.

240 1817 724 1926 ευὲιίιίήὲίίᾇαὲζιυίίξ
740 1817 751 1819 ⁷
768 1817 1824 1927 ulnas—ustis{mandentia};
1860 1836 1904 1897 Β
1935 1832 2025 1927 ῗ¹¹¹ί
2051 1823 2320 1927 {imm}:
2349 1822 2631 1927 P'fseP‘01
2651 1827 2710 1927 ξι
2728 1819 3211 1927 dffffiﬂfkff‘fief
3236 1817 3387 1927 "f'f‘f
3412 1831 3508 1927 Ἢ·

247 1947 512 2017 Discipuli
535 1942 720 2004 autem
748 1947 1100 2019 increpabant
1120 1964 1240 2004 eos.
1266 1948 1420 2005 Jesus
1452 1963 1580 2005 vero
1607 1949 1682 2004 ait
1710 1949 1824 2005 eis:

241 2039 421 2094 Sinite
467 2040 752 2110 parvulos,
782 2051 838 2096 et
886 2042 1056 2098 nolite
1107 2043 1392 2113 prohibere
1425 2058 1522 2099 eos
1548 2044 1732 2100 venire
1759 2043 1829 2098 ad

246 2144 338 2184 me
365 2147 380 2195 ;
408 2131 596 2185 talium
624 2140 709 2186 est
737 2133 880 2188 enim
909 2147 1131 2204 regnum
1160 2134 1442 2189 ett-lorum.
1478 2135 1544 2190 Et
1572 2149 1695 2190 cum
1723 2133 1828 2188 im-

248 2220 608 2305 posuisseteis
629 2237 840 2289 manus,
859 2223 989 2278 abiit
1010 2223 1152 2279 inde.
1167 2224 1380 2279 -—Lt;c.
1403 2223 1624 2291 xv,1,2.
1664 2225 1830 2281 Erant

245 2321 432 2368 autem
482 2315 978 2384 appropinquantes
1005 2317 1054 2371 ei
1094 2314 1368 2386 publicani
1415 2325 1472 2372 et
1517 2325 1830 2387 peccatores

245 2404 428 2468 multi,
454 2413 514 2461 ut
536 2407 786 2463 audirent
810 2423 956 2463 eum.
985 2408 1049 2463 Et
1065 2409 1475 2463 murmurabant
1500 2408 1755 2465 Phat-iszei
1776 2420 1832 2467 et

245 2496 464 2563 scribat,
509 2496 959 2566 d'centeszQuia
1011 2497 1100 2555 hic
1144 2507 1460 2570 peccatores
1508 2500 1721 2571 recipit,
1777 2510 1834 2558 et

247 2588 541 2645 manducat
561 2604 683 2645 cum
713 2589 1071 2648 illis—low.
1103 2607 1197 2659 vn,
1229 2593 1279 2647 1.
1308 2591 1437 2647 Post
1452 2592 1566 2649 haec
1593 2594 1832 2651 ambula-

248 2683 343 2740 bat
363 2682 520 2739 Jesus
547 2684 601 2739 in
628 2682 902 2741 Galilzeam
929 2702 942 2738 :
967 2699 1076 2740 non
1104 2684 1247 2742 enim
1270 2685 1488 2742 volebat
1517 2687 1570 2741 in
1591 2686 1832 2743 Iudaeam

249 2774 550 2842 ambulare,
592 2776 716 2846 quia
739 2775 1059 2847 quazrebant
1087 2791 1210 2833 eum
1233 2775 1404 2833 Judaei
1434 2777 1760 2834 interficere.

249 3002 412 3061 laus
443 3005 665 3061 instituit
704 3021 789 3062 eos
831 3006 919 3074 qui
961 3007 1394 3061 annuntiaoerunt
1428 3008 1477 3062 ei
1515 3009 1581 3063 de
1606 3005 1836 3064 Galileis

324 3093 452 3150 quos
477 3077 729 3150 interfecit
760 3074 988 3145 Pilatus,
1019 3077 1306 3150 adjnngetts
1336 3079 1722 3134 similitudinem
1749 3095 1839 3134 ar-

326 3147 465 3202 boris
492 3149 579 3216 ﬁci
606 3149 660 3202 in
677 3148 844 3203 vinea.

329 3259 464 3315 Luc.
497 3275 618 3328 xm,
644 3259 758 3316 1-9.
781 3259 1023 3317 Aderant
1036 3267 1218 3317 autem
1236 3259 1455 3331 quidam
1475 3263 1595 3331 ipso
1619 3262 1674 3316 in
1699 3268 1838 3316 tem-

252 3364 393 3421 pore
440 3349 748 3406 nuntiantes
772 3349 854 3405 illi
880 3349 950 3406 de
977 3349 1220 3406 Galilatis
1244 3364 1472 3421 quorum
1521 3349 1840 3420 sanguinem

253 3442 466 3499 Pilatus
495 3441 712 3498 miscuit
729 3456 851 3498 cum
873 3441 1156 3498 sacriﬁciis
1175 3456 1382 3497 eorum.
1409 3441 1480 3497 Et
1504 3440 1838 3511 respondens

253 3532 402 3588 dixit
429 3532 566 3590 illis:
599 3533 803 3588 l’utatis
834 3532 976 3604 quod
1007 3533 1062 3588 hi
1093 3532 1297 3588 Galilaai
1322 3548 1432 3604 prae
1456 3532 1707 3589 omnibus
1733 3533 1839 3589 Ga-

251 3624 414 3682 lilteis
441 3635 755 3696 peccatores
784 3625 1022 3694 fuerunt,
1043 3627 1172 3696 quia
1203 3626 1328 3682 talia
1350 3626 1492 3697 passi
1519 3626 1834 3696 suntiNon,

250 3717 382 3772 dico
409 3717 563 3773 vobis
593 3737 606 3772 :
639 3718 732 3772 sed
763 3718 864 3772 nisi
896 3717 1266 3788 paenitentiam
1292 3718 1609 3785 habueritis,
1637 3717 1835 3774 simili-

251 3816 345 3863 ter
381 3822 572 3862 omnes
599 3808 863 3877 peribitis.
912 3809 1065 3863 Sicut
1093 3809 1171 3864 illi
1210 3809 1396 3865 decem
1425 3818 1481 3866 et
1517 3819 1644 3866 octo
1671 3825 1836 3882 supra

249 3913 286 3968 q
296 3911 398 3952 uos
410 3897 608 3954 cecidit
629 3899 792 3954 turris
814 3898 870 3954 in
888 3898 1059 3965 Siloe,
1070 3906 1128 3954 et
1147 3899 1346 3956 occidit
1359 3913 1481 3956 eos:
1500 3900 1699 3970 putatis
1714 3902 1836 3971 quia

249 3996 316 4044 et
345 3988 442 4058 ipsi
473 3989 748 4045 debitores
779 3989 1000 4045 fuerunt
1026 4000 1222 4059 praeter
1247 4005 1438 4048 omnes
1463 3991 1712 4048 homines
1742 3992 1837 4046 ha-

250 4077 495 4134 bitantes
523 4079 574 4132 in
595 4077 968 4134 Hierusalem?
996 4079 1136 4147 Non,
1167 4081 1288 4135 dico
1312 4081 1463 4136 vobis
1495 4100 1507 4136 :
1539 4081 1634 4137 sed
1656 4082 1700 4136 si
1729 4097 1837 4138 non

251 4169 635 4240 penitentiam
665 4170 904 4240 egeritis,
919 4185 1110 4226 onmcs
1124 4170 1377 4227 similiter
1392 4171 1653 4242 peribitis.
1683 4171 1839 4229 Dice-

253 4263 550 4320 batautem
570 4264 706 4320 hanc
723 4265 1126 4321 similitudinem
1155 4283 1167 4318 :
1205 4267 1468 4322 Arborem
1503 4265 1588 4321 ﬁci
1609 4267 1838 4323 habebat

253 4357 476 4426 quidam
497 4357 792 4426 plantatam
811 4357 863 4411 in
881 4357 1035 4412 vinea
1067 4371 1185 4418 sua.
1202 4365 1257 4411 et
1277 4357 1422 4409 venit
1443 4370 1692 4424 quaerens
1721 4356 1836 4410 fru-

252 4455 404 4500 ctum
437 4446 491 4500 in
519 4459 602 4511 ea,
633 4454 688 4498 et
715 4458 821 4498 non
853 4445 1079 4498 invenit.
1108 4443 1250 4496 Dixit
1279 4453 1458 4496 autem
1484 4442 1552 4496 ad
1572 4443 1835 4498 cultorem

253 4539 470 4591 vincat:
505 4537 641 4589 Ecce
680 4535 808 4588 anni
855 4542 968 4588 tres
1012 4541 1138 4588 sunt
1180 4548 1243 4586 ex
1271 4547 1376 4601 quo
1404 4534 1564 4588 venio
1592 4549 1838 4602 quaerens

257 4625 494 4681 fructum
517 4623 571 4678 in
597 4623 820 4679 ﬁculnea
848 4624 969 4691 hac,
993 4631 1050 4679 et
1071 4637 1176 4678 non
1197 4623 1444 4679 invenio:
1470 4623 1685 4678 succide
1707 4639 1836 4695 ergo

256 4718 442 4775 illam:
475 4715 658 4786 utquid
706 4717 865 4770 etiam
891 4724 1085 4772 terram
1107 4717 1378 4786 occupat?
1404 4719 1475 4770 At
1496 4715 1584 4770 ille
1611 4731 1834 4785 respon-

257 4807 416 4873 dens,
447 4805 580 4862 dixit
605 4805 681 4860 illi
716 4825 729 4859 :
766 4805 1012 4873 Domine,
1042 4805 1249 4860 dimitte
1281 4805 1427 4860 illam
1459 4815 1509 4860 et
1539 4807 1640 4860 hoc
1667 4820 1833 4874 anno,

261 4913 540 4969 usquequo
570 4898 766 4954 fodiam
796 4898 938 4953 circa
977 4897 1156 4964 illam,
1203 4907 1258 4953 ct
1300 4900 1505 4953 mittam
1543 4908 1784 4953 stercora
1817 4917 1830 4952 :

257 5005 312 5052 ct
338 4994 384 5049 si
410 4993 626 5064 quidem
656 4993 846 5049 fecerit
873 4992 1099 5049 fructum
1125 5009 1139 5059 ;
1168 4994 1252 5049 sin
1282 5001 1482 5060 autem,
1515 4992 1570 5048 in
1601 4992 1842 5052 futurum

258 5087 504 5144 succides
533 5101 676 5143 eam.

330 5315 358 5342 α
389 5304 604 5360 Addunt
631 5303 738 5358 illis
767 5303 863 5358 Gr.
887 5310 942 5372 et
970 5301 1178 5369 angat.
1203 5300 1372 5367 Quam
1397 5302 1610 5372 quidem
1639 5319 1826 5360 vocem

259 5375 438 5428 malim
492 5375 800 5429 existimare
853 5371 980 5428 vitio
1034 5373 1372 5428 librariorum
1418 5371 1496 5428 ex
1562 5376 1830 5431 Ammonii

259 5444 545 5508 exemplari
586 5443 869 5498 excidisse.

339 5517 363 5550 δ
392 5514 554 5568 l‘aulo
570 5515 724 5568 aliter
753 5522 926 5567 textus
951 5512 1239 5567 hodiernus
1261 5512 1392 5569 Luc.
1422 5529 1537 5580 xm,
1570 5516 1658 5580 15,
1684 5517 1832 5571 Ἀπε-

260 5581 533 5659 ’φέρῃ-οὗν
561 5586 758 5659 «erat
790 5584 996 5659 Κύριρς.
1043 5582 1342 5659 (Steterttm,
1383 5587 1424 5638 si
1453 5601 1641 5659 vocem
1690 5590 1827 5656 αὐτῷ

261 5652 523 5721 excipias,
549 5652 848 5724 complures
867 5652 966 5707 'alii
1009 5654 1166 5709 codd.
1201 5652 1292 5709 Gr.
1325 5658 1462 5724 apud
1496 5656 1716 5712 Millium
1744 5652 1828 5713 le-

261 5723 489 5776 ctionem
518 5723 920 5778 Ammonianam
951 5731 1184 5779 tuentur.

335 5802 355 5830 ε
383 5794 437 5848 1η
467 5793 605 5849 hunc
631 5795 802 5850 locum
824 5793 981 5850 Joan.
1005 5808 1098 5862 vn,
1118 5799 1171 5865 δ,
1201 5796 1348 5866 plura
1371 5795 1578 5854 erudite
1598 5796 1822 5867 Millius,

1935 1923 2043 1968 tem
2069 1913 2231 1966 ﬁliam
2258 1911 2511 1976 Abrahae,
2542 1925 2701 1980 quam
2724 1909 2961 1980 alligavit
2986 1908 3239 1978 Satanas,
3261 1921 3388 1965 ecce
3414 1907 3509 1962 de-

1929 2017 2046 2059 cem
2089 2012 2147 2058 et
2177 2012 2299 2058 octo
2324 2003 2516 2067 annis,
2539 2014 2644 2055 non
2677 2000 2916 2068 oportuit
2937 2000 3076 2055 solvi
3097 2012 3130 2054 a
3154 1998 3371 2054 vinculo
3404 1995 3510 2053 isto

1930 2095 2021 2150 die
2050 2093 2258 2149 sabbati
2280 2095 2304 2148 2
2328 2094 2396 2147 Ει
2419 2107 2542 2148 cum
2571 2092 2689 2147 hinc
2716 2091 2945 2158 diceret,
2971 2089 3360 2148 erubescebant
3393 2103 3526 2145 om-.-

1931 2198 2028 2238 nes
2055 2183 2346 2238 adversarii
2394 2182 2534 2251 ejus.
2573 2181 2637 2236 Et
2669 2182 2846 2236 omnis
2891 2181 3116 2251 populus
3158 2178 3426 2250 gaudebat
3455 2179 3515 2233 in

1931 2277 2196 2332 universis
2222 2289 2340 2344 qua:
2364 2274 2394 2308 *
2423 2273 2619 2328 ﬁebant
2646 2273 2714 2327 ab
2741 2286 2832 2329 eo.

2517 2411 2744 2470 CAPUT
2788 2411 2922 2468 CIV.

2008 2506 2246 2562 Ascendit
2292 2504 2696 2578 Hierosolymam
2723 2506 2778 2558 in
2815 2504 2897 2559 die
2935 2505 3062 2574 [esto
3090 2503 3439 2575 Scenepegite.

2003 2623 2160 2680 Joan.
2188 2638 2281 2690 vn,
2309 2620 2467 2678 2-31.
2501 2620 2629 2675 Erat
2656 2627 2836 2675 autem
2858 2617 2911 2673 in
2934 2617 3179 2690 proximo
3206 2615 3322 2672 dies
3349 2616 3532 2680 festus,

1934 2715 2264 2780 Judzeorum,
2294 2711 2645 2782 Scenopegia.
2672 2710 2936 2770 Dixerunt
2962 2717 3140 2770 autem
3161 2706 3227 2762 ad
3253 2720 3378 2763 eum
3404 2705 3516 2762 fra-

1935 2813 2046 2860 tres
2067 2802 2184 2873 ejus
2208 2818 2224 2856 :
2255 2801 2446 2858 Transi
2478 2802 2623 2868 hinc,
2651 2810 2708 2857 et
2737 2802 2872 2858 vade
2900 2802 2954 2857 in
2984 2799 3246 2866 Iudaeam,
3273 2807 3330 2855 ut
3349 2806 3404 2856 et
3430 2797 3516 2854 di-

1935 2895 2123 2967 scipuli
2156 2896 2230 2950 tui
2257 2894 2468 2950 videant
2496 2908 2660 2964 opera
2691 2903 2781 2949 tua
2802 2908 2920 2963 quae
2950 2893 3104 2948 iacis.
3127 2891 3294 2949 Nemo
3319 2889 3518 2966 quippe

1935 2989 1991 3046 in
2021 2988 2230 3044 occulto
2253 2987 2376 3058 quid
2401 2985 2548 3052 facit,
2576 2994 2634 3044 et
2653 2987 2843 3057 quaerit
2871 2985 2985 3057 ipse
3014 2984 3068 3040 in
3098 2983 3269 3056 palam
3288 2997 3434 3041 esse.
3455 2983 3516 3038 Si

1935 3079 2054 3136 haec
2099 3078 2264 3147 facis,
2295 3076 2572 3133 manifesta
2605 3085 2658 3132 te
2682 3075 2858 3148 ipsum
2895 3073 3133 3132 mundo:
3159 3089 3336 3146 neque
3373 3073 3519 3130 enim

1941 3172 2132 3224 fratres
2163 3167 2283 3238 ejus
2317 3166 2608 3223 credebant
2632 3167 2689 3220 in
2715 3180 2860 3223 eum.
2889 3165 3029 3220 Dicit
3064 3179 3194 3235 ergo
3218 3165 3298 3221 eis
3324 3162 3516 3219 Iesus:

1940 3260 2174 3329 Tempus
2200 3271 2376 3314 meum
2421 3256 2657 3311 nondum
2684 3255 2933 3312 advenit:
2967 3263 3178 3326 tempus
3213 3262 3393 3310 autem
3420 3266 3518 3309 ve-

1942 3360 2115 3407 strum
2143 3361 2357 3418 semper
2375 3355 2463 3404 est
2482 3353 2744 3417 paratum.
2760 3340 2876 3402 Non
2897 3353 3072 3416 potest
3092 3343 3321 3401 mundus
3339 3341 3522 3401 odisse

1941 3457 2075 3500 vos:
2101 3456 2189 3499 me
2215 3450 2397 3498 autem
2419 3441 2564 3508 odit,
2589 3440 2715 3512 quia
2743 3455 2845 3512 ego
2873 3438 3240 3496 testimonium
3264 3437 3524 3510 perbibeo

1941 3538 2010 3593 de
2041 3537 2160 3604 illo,
2187 3535 2311 3608 quia
2338 3549 2503 3606 opera
2541 3533 2658 3605 ejus
2683 3534 2822 3590 mala
2846 3542 2993 3590 sunt.
3023 3532 3129 3589 Vos
3155 3532 3426 3589 ascendite
3451 3532 3522 3588 ad

1939 3629 2083 3686 diem
2120 3629 2311 3685 festum
2355 3629 2527 3696 hunc,
2559 3641 2658 3698 ego
2688 3641 2794 3681 non
2838 3624 3126 3682 ascendam
3161 3624 3230 3681 ad
3252 3624 3398 3681 diem
3444 3623 3523 3680 fe-

1939 3727 2081 3774 stum
2111 3718 2271 3774 istum
2297 3727 2347 3787 ο,
2378 3716 2500 3788 quia
2524 3725 2734 3786 tempus
2758 3730 2938 3771 meum
2970 3714 3207 3770 nondum
3243 3712 3521 3784 impletum

1939 3817 2043 3865 est.
2076 3808 2203 3864 Haec
2221 3823 2342 3863 cum
2361 3807 2615 3875 dixisset,
2640 3807 2754 3878 ipse
2781 3805 2978 3862 mansit
2997 3805 3051 3861 in
3069 3804 3312 3862 Galilaza.
3339 3803 3404 3861 Ut
3425 3818 3525 3859 att-

1941 3909 2052 3956 tem
2079 3898 2441 3954 ascenderunt
2475 3896 2670 3953 fratres
2712 3895 2859 3965 ejus,
2890 3904 3018 3951 tunc
3057 3903 3114 3951 et
3137 3895 3254 3965 ipse
3278 3894 3528 3951 ascendit

1941 3988 2008 4042 ad
2037 3986 2180 4044 diem
2203 3986 2423 4054 festum,
2444 4001 2552 4044 non
2581 3985 2886 4051 manifeste,
2915 3984 3010 4042 sed
3034 3983 3188 4056 quasi
3205 3983 3261 4040 in
3283 3984 3520 4040 occulto.

1939 4079 2110 4136 Judaei
2135 4094 2266 4151 ergo
2286 4080 2600 4150 quaerebant
2628 4093 2752 4136 eum
2776 4077 2829 4134 in
2857 4077 2948 4135 die
2975 4077 3132 4140 festo.
3151 4085 3208 4134 et
3233 4075 3520 4133 dicebant:

1943 4169 2045 4225 Ubi
2066 4178 2151 4225 est
2175 4169 2311 4225 ille?
2336 4171 2404 4224 Et
2428 4185 2670 4226 murmur
2693 4169 2922 4224 multum
2948 4168 3017 4224 de
3041 4182 3107 4223 eo
3125 4177 3243 4224 erat
3268 4168 3321 4223 in
3344 4167 3521 4222 turba.

1941 4261 2166 4330 Quidam
2195 4262 2336 4319 enim
2365 4262 2652 4319 dicebant:
2684 4261 2819 4329 Quia
2848 4263 3022 4316 bonus
3056 4269 3162 4315 est.
3195 4260 3302 4314 Alii
3340 4267 3520 4314 autem

1941 4354 2192 4409 dicebant
2220 4370 2234 4406 :
2267 4353 2406 4416 Non.
2438 4356 2532 4409 sed
2555 4354 2767 4411 seducit
2787 4351 2990 4406 turbas.
3021 4349 3194 4405 Nemo
3222 4357 3402 4404 tamen
3426 4362 3532 4416 pa-_

1942 4445 2047 4499 lam
2089 4445 2407 4513 loquebatur
2438 4445 2508 4500 de
2535 4444 2662 4513 illo,
2696 4450 2917 4512 propter
2961 4451 3162 4498 metum
3191 4440 3522 4498 Judatorum.

1943 4533 2061 4588 lam
2116 4541 2294 4588 autem
2323 4533 2409 4589 die
2459 4533 2596 4589 festo
2638 4531 2910 4590 mediante
2935 4573 2953 4599 ,
2983 4532 3218 4588 ascendit
3261 4531 3415 4588 Jesus
3464 4531 3532 4586 in.

1945 4625 2228 4696 templum,
2254 4637 2308 4680 et
2329 4625 2577 4682 docebat.
2600 4626 2665 4681 Et
2689 4625 3019 4682 mirabantur
3033 4624 3226 4694 Judaai,
3249 4625 3519 4682 dicentes:

1942 4717 2220 4785 Quomodo
2264 4717 2351 4773 hic
2397 4718 2601 4774 litteras
2629 4719 2757 4786 scit,
2787 4731 2909 4773 cum
2959 4733 3064 4774 non
3093 4717 3385 4774 didicerit?
3414 4718 3520 4773 Re.

1943 4808 2159 4880 spondit
2192 4807 2387 4876 Jesus,
2420 4819 2477 4864 et
2521 4807 2659 4862 dixit
2703 4808 2783 4864 eis
2816 4823 2828 4860 :
2858 4808 2972 4864 Mea
3000 4807 3242 4864 doctrina
3285 4821 3393 4863 non
3438 4816 3538 4863 est.

1944 4917 2085 4966 mea,
2112 4900 2205 4956 sed
2236 4900 2352 4971 ejus
2380 4899 2469 4971 qui
2493 4901 2636 4955 misit
2659 4914 2765 4955 me.
2797 4899 2853 4957 Si
2877 4901 2996 4972 quis
3022 4901 3250 4956 voluerit
3275 4900 3523 4956 volunta-

1945 5002 2052 5049 tem
2081 4992 2198 5063 ejus
2225 4991 2422 5059 facere,
2449 5003 2740 5063 cognoscet.
2764 4991 2831 5048 de
2855 4992 3096 5048 doctrina
3119 4994 3236 5062 ejus
3262 4989 3312 5060 ἀ,
3341 5001 3520 5048 utrum

1943 5100 2011 5141 ex
2041 5085 2152 5141 Deo
2179 5083 2270 5158 sit,
2315 5097 2384 5139 an
2412 5097 2512 5154 ego
2551 5098 2582 5138 a
2612 5098 2700 5140 me
2727 5083 2846 5154 ipso
2875 5083 3084 5154 loquar.
3116 5083 3218 5152 Qui
3247 5098 3280 5139 a
3319 5091 3521 5140 semet-

1933 5304 2024 5362 ubi
2055 5313 2110 5360 et
2137 5321 2205 5362 ex
2236 5306 2527 5362 Velesianis
2571 5308 2854 5364 lectionem
2896 5311 3100 5376 profert
3140 5309 3513 5366 Ammoniana:

1934 5379 2198 5452 geminam
2219 5420 2234 5443 ,
2265 5381 2496 5452 i-ychyo‘tp
2521 5382 2608 5433 οὐκ
2641 5381 2985 5452 ἀνᾳϐγξᾳομαι.
3017 5383 3093 5452 Ει
3108 5382 3208 5452 rite
3233 5397 3380 5435 sane.
3417 5383 3512 5436 Et-

1934 5447 2414 5522 enim,_inquit'cl.'
2436 5447 2668 5522 Lamyus
2705 5448 2760 5522 in
2789 5447 3000 5522 Harun,
3031 5451 3107 5522 ad,
3148 5451 3289 5506 diem
3320 5451 3536 5522 festum,

1933 5519 2149 5587 proprie
2175 5533 2282 5572 non
2327 5518 2581 5573 ascendit
2615 5518 2904 5573 Dominus:
2939 5521 3197 5587 siquidem
3237 5539 3340 5577 non
3370 5535 3515 5578 venit

1937 5588 2396 5659 Hierosolymam,
2431 5590 2531 5643 nisi
2581 5605 2701 5644 cum
2754 5590 2860 5658 jam
2910 5604 2976 5644 ex
3026 5601 3181 5660 parte
3234 5593 3515 5650 celebritas

1934 5665 2202 5712 transacta
2233 5671 2399 5715 esset.

2004 5726 2028 5765 ἀ
2053 5728 2220 5806 Abest
2256 5745 2353 5784 vox
2403 5729 2587 5806 ultima
2619 5729 2730 5806 sive
2764 5743 2796 5784 a
2826 5729 3058 5806 Gr._sive
3084 5747 3112 5806 a
3140 5732 3319 5804 Vulg,
3353 5744 3516 5806 atque

1933 5813 1997 5855 ex
2031 5799 2271 5868 proxime
2300 5798 2735 5857 antecedentibus
2775 5802 2996 5874 repetita
3032 5798 3257 5864 videtur:
