4038 6356
477 341 577 396 507

475 457 592 525 ipso
623 449 881 523 loquitur,
911 445 1135 517 gloriam
1167 440 1438 514 propriam
1486 434 1700 506 quaerit.
1747 430 1846 499 Qui
1875 435 2053 483 autem

474 545 668 618 quaerit
689 541 911 612 gloriam
937 539 1055 608 ejus
1081 535 1172 606 qui
1200 534 1346 589 misit
1365 529 1538 594 illum,
1566 525 1652 581 hic
1679 536 1842 578 verax
1872 527 1975 583 est,
2000 525 2056 572 et

472 610 734 709 ihjustitia
765 649 872 690 non
895 641 980 688 est
1007 631 1059 686 in
1090 629 1202 683 illo.
1233 626 1420 680 Nonne
1449 620 1658 690 Moyses
1703 614 1852 671 dedit
1900 610 2054 666 vobis

472 701 651 803 legem
681 727 881 800 (Exod.
900 741 1053 790 xxvv,
1078 723 1158 789 '5),
1181 731 1234 775 et
1257 731 1416 774 nemo
1437 731 1500 770 ex
1520 713 1685 803 vobis
1703 712 1874 779 legem
1897 701 2058 760 facit?

473 798 611 891 Quid
643 798 728 878 me
775 818 1014 891 qumritis
1063 810 1406 869 interficere?
1438 802 1736 875 Respondit
1785 798 1960 862 turba,
2001 802 2059 851 et

478 889 650 973 dixit:
682 889 1013 970 Diemonium
1046 907 1241 963 habes:
1272 902 1392 973 quis
1421 909 1473 955 te
1495 897 1686 969 quaerit
1715 889 2057 949 interﬁcere?

467 1009 779 1088 Respondit
806 1007 993 1070 .lesus,
1037 1011 1093 1058 et
1138 999 1275 1056 dixit
1303 997 1415 1052 eis:
1452 994 1626 1050 Unum
1677 1003 1811 1059 opus
1843 985 1976 1050 feci,
2003 988 2061 1038 et

479 1076 666 1158 omnes
694 1097 980 1155 miramini.
1028 1095 1316 1162 Propterea
1347 1089 1556 1160 Moyses
1585 1083 1738 1139 dedit
1767 1079 1922 1134 vobis
1948 1076 2060 1131 cir-

478 1195 859 1252 cumcisionem
885 1189 1029 1261 (Lee.
1054 1204 1145 1251 xu,
1171 1187 1374 1256 5),non
1395 1183 1517 1251 quia
1542 1195 1608 1234 ex
1629 1177 1811 1246 Moyse
1835 1180 1938 1236 est,
1963 1168 2060 1261 sed

478 1300 546 1340 ex
569 1283 829 1353 patribus.
859 1258 928 1335 Et
951 1281 1004 1334 in
1023 1278 1245 1332 sabbato
1273 1267 1659 1328 cireumciditis
1690 1264 1981 1319 hominem.
2004 1258 2062 1316 Si

476 1372 937 1429 circumcisionem
961 1368 1152 1436 accipit
1180 1367 1340 1419 homo
1371 1363 1423 1416 in
1453 1359 1696 1423 sabbato,
1731 1365 1790 1409 ut
1819 1367 1925 1408 non
1956 1350 2066 1404 sol-

477 1471 635 1521 vatur
655 1465 740 1520 lex
759 1464 948 1534 Moysi,
970 1460 1102 1515 mihi
1124 1453 1472 1527 indignemini
1490 1461 1517 1488 ει
1536 1448 1664 1521 quia
1695 1454 1861 1503 totum
1885 1440 2064 1496 homi-

477 1573 604 1614 nem
627 1571 815 1610 sanum
844 1532 942 1609 feci
966 1555 1017 1607 in
1042 1549 1298 1606 sabbato?
1320 1545 1494 1601 Nolite
1510 1541 1753 1611 judicare
1769 1532 2064 1591 secundum

478 1652 695 1717 faciem,
727 1649 822 1705 sed
845 1633 1047 1718 justum
1075 1644 1332 1715 judicium
1361 1640 1618 1712 judicate.
1647 1633 1909 1690 Dicebant
1933 1644 2066 1700 ergo

481 1743 699 1812 quidam
729 1759 796 1796 ex
829 1739 1246 1809 Hierosolymis:
1279 1735 1467 1788 Nonne
1495 1731 1582 1785 hic
1621 1736 1705 1784 est
1733 1740 1889 1797 quem
1922 1737 2068 1792 qua:-

481 1844 613 1892 runt
647 1835 990 1891 interﬁcere:
1023 1804 1090 1888 etv
1118 1844 1245 1886 ecce
1275 1827 1446 1897 palam
1477 1823 1736 1893 loquitur,
1767 1827 1822 1875 et
1852 1817 1984 1872 nihil
2017 1814 2065 1870 ei
2099 1804 2149 1865 Β

484 1927 690 1982 dicunt.
718 1923 964 1995 Nunquid
988 1937 1116 1978 vere
1141 1926 1509 1990 cognoverunt
1534 1912 1804 1984 principes
1827 1911 1951 1980 quia
1983 1908 2070 1962 hic

484 2030 569 2077 est
596 2017 840 2074 Christus
866 2019 888 2071 ?
914 2015 1022 2072 Sed
1069 2017 1211 2069 hunc
1259 2012 1460 2067 scimus
1501 2006 1643 2062 unde
1687 2005 1794 2058 sit:
1827 2001 2072 2055 Christus

484 2119 662 2167 autem
686 2124 807 2165 cum
830 2109 1057 2170 venerit,
1082 2120 1240 2161 nemo
1256 2105 1357 2160 scit
1377 2101 1520 2157 unde
1535 2101 1626 2153 sit.
1645 2095 1920 2152 Clamabat
1943 2107 2072 2160 ergo

483 2204 686 2260 docens
716 2203 772 2257 in
798 2201 998 2271 templo
1028 2200 1206 2267 Jesus,
1252 2205 1307 2252 ct
1336 2195 1521 2251 dicens
1551 2207 1568 2245 :
1601 2191 1668 2244 Et
1698 2203 1784 2243 me
1810 2185 1990 2250 scitis,
2019 2191 2074 2238 et

482 2296 630 2351 unde
659 2295 759 2350 sim
787 2294 936 2348 scitis
961 2311 972 2346 :
997 2299 1052 2346 et
1076 2305 1106 2343 a
1128 2304 1215 2344 me
1238 2287 1352 2356 ipso
1375 2300 1482 2340 non
1507 2282 1657 2346 veni,
1680 2279 1771 2333 scd
1803 2286 1886 2332 est
1914 2289 2074 2330 verus

473 2375 579 2460 qui
608 2387 754 2442 misit
776 2400 883 2450 me,
915 2397 1073 2452 quem
1101 2394 1196 2436 vos
1226 2377 1468 2434 nescitis.
1499 2371 1754 2442 Ego-scio
1783 2383 1927 2433 eum,
1950 2365 2073 2436 quia

484 2455 559 2534 ab
583 2477 867 2549 ipsosum,
894 2481 946 2529 et
982 2471 1096 2542 ipse
1135 2469 1288 2524 misit
1310 2467 1787 2526 me.—Jo.tiv.vm,
1819 2459 1907 2514 55.
1943 2455 2075 2510 Etsi

488 2546 678 2624 dixero
703 2565 827 2637 quia
866 2561 1050 2619 nescio
1079 2575 1224 2624 eum,
1257 2571 1352 2612 ero
1381 2553 1575 2628 similis
1615 2553 1769 2606 vobis
1822 2546 2074 2602 mendax.

489 2636 814 2726 Quaerebam
841 2669 967 2726 ergo
1011 2666 1134 2709 eum
1164 2647 1602 2720 apprehendere;
1635 2651 1690 2698 et
1734 2654 1892 2694 nemo
1932 2636 2078 2691 misit

489 2735 721 2826 inillum
751 2763 964 2824 manus,
997 2746 1124 2818 quia
1153 2744 1385 2799 nondum
1419 2746 1639 2794 venerat
1669 2736 1794 2789 hora
1827 2732 1962 2802 ejus.
2000 2730 2076 2783 De

488 2832 648 2901 turba
679 2851 855 2899 autem
879 2839 1036 2897 mulli
1065 2837 1410 2894 crediderunt
1441 2835 1494 2887 in
1519 2847 1666 2895 eum,
1701 2837 1755 2883 et
1785 2826 2034 2881 dicebant
2060 2840 2071 2874 :

491 2934 737 3010 Christus
784 2947 906 3008 cum
953 2928 1194 2997 venerit,
1234 2923 1474 2996 nunquid
1527 2923 1680 2994 plura
1721 2919 1873 2988 signa
1923 2914 2080 2969 faciet

492 3040 658 3102 quam
685 3040 805 3102 qua
834 3023 921 3096 hic
958 3020 1132 3080 facit?

1097 3131 1323 3190 CAPUT
1362 3128 1471 3186 CV.

659 3229 736 3287 De
759 3229 935 3296 divite,
969 3230 1119 3297 cujus
1142 3224 1318 3282 uberes
1339 3223 1536 3294 {ructus
1560 3234 1682 3289 ager
1709 3215 1903 3271 attulit.

569 3345 700 3402 an.
730 3359 832 3410 ιη,
860 3343 1047 3398 15-21.
1094 3341 1184 3396 Ait
1219 3347 1398 3393 autem
1429 3336 1478 3391 ei
1505 3332 1722 3404 quidam
1771 3329 1840 3386 de
1881 3326 2078 3384 turba:

496 3436 771 3505 Magister,
799 3435 884 3490 die
911 3433 1058 3488 fratri
1089 3446 1210 3486 meo
1235 3439 1298 3485 ut
1325 3428 1529 3485 dividat
1555 3440 1764 3482 meeum
1795 3423 2083 3478 haeredita-

478 3535 629 3596 βω.
664 3527 734 3583 At
758 3526 847 3581 ille
873 3526 1008 3580 dixit
1034 3524 1082 3579 ei
1107 3540 1123 3578 :
1153 3522 1344 3585 Homo.
1376 3521 1495 3588 quis
1521 3532 1606 3572 me
1633 3514 1914 3572 constituit
1938 3511 2084 3580 judi-

477 3599 617 3674 icem
640 3657 656 3683 ,
689 3624 782 3672 aut
832 3615 1121 3670 divisorem
1171 3627 1329 3680 supra
1363 3609 1498 3662 vos?
1530 3607 1778 3674 Dixitque
1809 3604 1876 3658 ad
1912 3602 2034 3658 illos
2064 3617 2079 3656 :

480 3691 692 3763 iVidete
720 3716 771 3759 et
798 3713 984 3760 cavete
1009 3703 1077 3756 ab
1098 3702 1244 3756 omni
1264 3700 1508 3764 avaritia,
1534 3697 1658 3767 quia
1692 3710 1796 3750 non
1829 3696 1880 3749 in
1910 3693 2086 3749 abun-

480 3799 684 3855 dantia
713 3798 1022 3867 cujusquam
1053 3796 1158 3847 vita
1187 3793 1307 3862 ejus
1335 3802 1436 3857 est,
1459 3806 1528 3846 ex
1557 3789 1643 3845 his
1673 3803 1794 3858 qua:
1822 3786 2080 3856 possidet.

482 3888 657 3964 [Dixit
699 3895 875 3941 autem
916 3883 1318 3940 similitudinem
1344 3883 1410 3936 ad
1439 3881 1560 3936 illos
1590 3879 1808 3935 dicens:
1842 3877 2087 3934 Hominis

503 3977 777 4048 cujusdam
809 3977 988 4032 divitis
1022 3977 1216 4030 uberes
1245 3974 1448 4029 fructus
1475 3987 1601 4043 ager
1625 3971 1824 4035 attulit,
1857 3978 1913 4026 et
1940 3969 2088 4039 cogi-

481 4059 658 4130 'tahat‘
676 4071 815 4126 intra
843 4083 925 4136 se,
948 4068 1173 4124 dicens:
1200 4066 1339 4136 Quid
1367 4065 1580 4130 faciam,
1611 4063 1750 4134 quod
1781 4079 1886 4118 non
1917 4061 2088 4117 habeo

483 4159 613 4234 Jquo
640 4176 958 4233 congregem
988 4160 1192 4216 fructus
1221 4159 1493 4215 meos?Et
1519 4158 1652 4213 dixit
1676 4176 1688 4209 :
1715 4157 1829 4211 Hoc
1860 4155 2087 4211 faciam:

483 4257 775 4312 ‘destruam
807 4257 996 4309 horrea
1055 4267 1206 4319 mea,
1237 4262 1292 4308 et
1336 4250 1540 4321 majora
1593 4250 1815 4314 faciam;
1859 4255 1916 4303 et
1964 4247 2092 4317 illuc

503 4349 843 4422 congregabo
868 4348 1046 4404 omnia
1069 4360 1188 4417 qua:
1216 4353 1339 4400 nata
1361 4353 1487 4399 sunt
1511 4343 1664 4412 mihi,
1695 4351 1749 4399 et
1770 4344 1908 4398 bona
1933 4356 2090 4408 mea;

502 4453 560 4500 et
588 4443 756 4499 dicam
782 4445 974 4499 animm
1003 4456 1170 4498 meae:
1197 4439 1412 4509 Anima,
1439 4438 1605 4496 habes
1635 4439 1800 4493 multa
1823 4437 1961 4493 bona
1992 4451 2091 4505 po-

476 3001 481 3031 l

503 4533 605 4586 sita
657 4532 713 4586 in
759 4547 927 4585 annos
956 4533 1250 4600 plurimos:
1283 4529 1594 4600 requiesce,
1642 4529 1897 4594 comede,
1929 4527 2086 4592 bibe,
2117 4543 2173 4603 Ῑ)

505 4621 742 4690 epulare.
768 4621 912 4676 Dixit
933 4630 1110 4676 autem
1140 4623 1218 4677 illi
1245 4623 1420 4678 Deus:
1443 4622 1643 4686 Stulte,
1668 4623 1769 4676 hac
1795 4629 1952 4675 nocte
1972 4623 2091 4676 ani-

505 4726 649 4766 mam
677 4720 820 4764 tuam
849 4719 1089 4778 repetam
1108 4710 1134 4748 b
1163 4727 1194 4764 a
1217 4720 1267 4766 te
1294 4729 1308 4766 :
1335 4725 1454 4780 quae
1478 4719 1654 4765 autem
1683 4711 1906 4778 parasti,
1933 4709 2089 4777 cujus

498 4801 708 4863 erunt?
739 4800 828 4862 Sic
866 4808 951 4861 est
993 4799 1084 4875 qui
1128 4800 1232 4858 sibi
1263 4800 1616 4866 thesaurizat,
1649 4808 1704 4858 et
1745 4814 1852 4855 non
1905 4808 1990 4856 est
2037 4799 2090 4858 in

507 4900 677 4954 Deum
707 4897 877 4952 dives.

1106 5007 1329 5091 CAPUT
1367 5006 1499 5062 ενι.

502 5105 582 5160 De
637 5121 697 5161 eo
749 5105 838 5171 qui
879 5101 1071 5157 multas
1109 5101 1448 5172 possessiones
1486 5097 1692 5172 habens,
1741 5095 2085 5172 tristis‘obt'it,

604 5167 815 5232 audiens
847 5174 1053 5229 verbum
1078 5167 1290 5237 :Vade,
1319 5172 1476 5224 vende
1501 5169 1670 5222 omnia
1695 5185 1809 5238 qua:
1835 5167 2010 5221 habes.

576 5290 792 5346 MATTH.
827 5300 937 5355 ius,
968 5284 1163 5349 16-30;
1227 5281 1399 5338 Mane.
1431 5299 1486 5348 κ,
1520 5283 1708 5349 17-51;
1773 5280 1905 5336 Luc.
1938 5293 2091 5343 xvnt,

501 5382 697 5440 18-50.
726 5384 794 5438 Et
821 5397 941 5437 cum
967 5393 1215 5450 egressus
1243 5385 1387 5433 esset
1408 5376 1462 5431 in
1493 5376 1599 5445 via,
1623 5389 1944 5445 procurrens
1975 5371 2096 5441 qui-

507 5475 631 5528 dam
672 5489 810 5543 genu
853 5473 994 5527 flexo
1040 5479 1164 5526 ante
1205 5485 1326 5526 eum
1373 5469 1594 5540 rogabat
1631 5483 1755 5523 eum
1788 5485 1802 5521 :
1845 5466 2098 5536 Magister

509 5567 684 5630 bene,
739 5565 864 5635 quid
923 5565 1049 5621 boni
1097 5565 1321 5631 faciam,
1385 5573 1444 5618 ut
1474 5563 1699 5619 habeam
1736 5563 1898 5618 vitam
1939 5570 2096 5617 icter-

509 5658 670 5714 nam?
719 5656 820 5724 Qui
860 5656 1004 5712 dixit
1029 5658 1081 5713 ei
1113 5673 1127 5711 :
1160 5657 1301 5726 Quid
1343 5670 1433 5712 me
1480 5655 1778 5727 interrogas
1816 5656 1884 5712 de
1919 5655 2095 5712 bono?

582 5779 610 5808 ἰ
639 5769 772 5853 Mihi
803 5770 1082 5853 deerattin
1110 5771 1288 5853 editis.
1320 5771 1429 5828 Nec
1475 5770 1662 5853 dubito
1702 5771 1834 5853 quin
1876 5770 2006 5832 illud
2035 5780 2086 5831 et

513 5842 829 5906 Ammonius
852 5842 1063 5916 legerit,
1093 5846 1441 5926 etinterprcs
1480 5842 1790 5901 reddiderit.

1629 314 1940 375 VICTORIS
1977 305 2280 369 EPISCOPI
2318 298 2614 360 CAPUANI

2080 421 2134 483 Α
2167 417 2339 473 Nemo
2369 415 2565 478 bonus,
2596 408 2700 466 nisi
2728 405 2875 464 solus
2903 404 3065 460 Deus.
3096 400 3154 459 Si
3183 405 3363 461 autem
3387 398 3470 458 vis
3492 398 3560 455 ad
3586 398 3758 456 vitam

3647 285 3776 344 εοε-

2162 506 2392 580 ingredi,
2415 518 2574 561 serva
2597 499 2866 556 mandata.
2895 495 3040 552 Dixit
3061 494 3137 550 illi
3163 512 3176 547 :
3201 491 3364 562 Quae?
3383 491 3540 549 Iesus
3568 501 3754 549 autem

2162 600 2296 657 dixit
2327 617 2340 653 :
2372 598 2491 652 Non
2545 594 2782 661 occides,
2832 605 2941 646 non
2987 587 3338 655 adulterahis,
3388 602 3499 644 non
3546 586 3751 643 furtum

2163 691 2350 755 facies,
2384 704 2488 744 non
2539 685 2730 740 falsum
2763 681 3127 738 testimonium
3149 679 3301 764 dices
3333 692 3351 735 :
3383 677 3600 734 Honora
3650 692 3752 748 pa-

2162 792 2299 840 trem
2350 789 2497 836 tuum
2542 785 2601 833 et
2641 785 2864 830 matrem
2889 788 2907 840 ;
2929 782 3006 840 et,
3035 771 3236 843 Diliges
3265 769 3568 840 proximum
3599 777 3756 824 tuum

2163 877 2302 931 sicut
2348 881 2403 927 te
2451 872 2646 940 ipsum.
2696 866 2836 922 Dicit
2877 865 2953 920 illi
2993 862 3356 919 adolescens:
3401 862 3592 917 Omnia
3637 863 3762 916 hree

2164 965 2428 1022 custodiri
2458 979 2490 1018 a
2511 962 2793 1032 juventute
2840 972 2958 1014 mea
2987 974 3002 1010 :
3030 955 3158 1027 quid
3203 954 3379 1010 adhuc
3405 953 3535 1010 mihi
3567 952 3766 1009 deest?

2165 1056 2321 1112 Jesus
2345 1064 2521 1109 autem
2553 1050 2776 1107 intuitus
2798 1062 2944 1112 eum,
2974 1044 3164 1100 dilexit
3202 1058 3349 1109 eum,
3373 1051 3429 1099 et
3454 1041 3592 1097 dixit
3631 1039 3709 1095 illi
3738 1054 3755 1094 :

2171 1147 2343 1203 Unum
2376 1144 2469 1199 tibi
2501 1143 2652 1198 deest
2683 1156 2698 1193 :
2731 1138 2780 1194 si
2811 1138 2891 1192 vis
2922 1135 3188 1205 perfectus
3213 1147 3356 1202 esse,
3389 1131 3546 1199 vade,
3579 1129 3771 1186 vende

2168 1252 2287 1309 quae
2317 1235 2507 1303 habes,
2539 1242 2595 1288 et
2619 1231 2687 1287 da
2715 1228 3069 1300 pauperibus,
3098 1235 3154 1283 et
3183 1225 3406 1280 habebis
3442 1222 3759 1280 thesaurum

2168 1329 2221 1384 in
2252 1327 2391 1382 coelo
2422 1342 2436 1378 :
2465 1333 2520 1379 et
2545 1322 2694 1389 veni,
2733 1333 2962 1389 sequere
2999 1331 3104 1372 me.
3138 1315 3270 1372 Cum
3308 1313 3549 1369 audisset
3577 1321 3777 1368 autem

2169 1419 2486 1475 adolescens
2526 1415 2774 1480 verbum,
2821 1411 2951 1466 abiit
2991 1407 3209 1463 tristis:
3255 1413 3372 1461 erat
3418 1403 3563 1460 enim
3608 1401 3776 1457 dives-

2167 1507 2344 1576 valde,
2375 1515 2429 1562 et
2458 1504 2651 1559 multas
2681 1501 3047 1572 possessiones
3075 1496 3299 1552 habens.
3338 1494 3404 1549 Et
3431 1492 3757 1562 circumspi-

2172 1604 2320 1660 ciens
2348 1601 2526 1658 Jesus.
2574 1597 2650 1650 ait
2687 1591 2963 1662 discipulis
3007 1591 3120 1644 suis
3157 1606 3169 1642 :
3209 1587 3380 1655 Quam
3409 1583 3630 1641 difficile
3671 1582 3764 1652 qui

2174 1694 2429 1768 pecunias
2459 1690 2661 1746 habent
2705 1687 2759 1742 in
2803 1699 3025 1756 regnum
3057 1683 3150 1737 Dei
3192 1678 3529 1735 iutroibunt!
3585 1676 3773 1731 Amen»

2174 1767 2293 1842 dico
2336 1783 2510 1849 vobis,
2543 1780 2667 1850 quia
2706 1777 2859 1832 dives
2900 1773 3120 1829 difﬁcile
3167 1769 3390 1826 intrabit
3434 1767 3490 1822 in
3535 1780 3778 1837 regnum-

2174 1879 2458 1935 coslorum.
2513 1874 2578 1928 Et
2617 1874 2810 1928 iterum
2835 1868 2955 1923 dico
2986 1866 3139 1921 vobis
3168 1882 3182 1918 :
3215 1863 3446 1918 Facilius
3475 1869 3560 1916 est
3589 1872 3772 1914 came.

2176 1972 2284 2026 lum
2316 1984 2411 2038 per
2440 1967 2681 2022 foramen
2729 1975 2858 2018 acus
2894 1959 2995 2023 ire,
3028 1971 3188 2029 quam
3228 1954 3451 2010 divitem
3481 1954 3685 2008 intrare
3714 1950 3769 2006 in

2178 2079 2402 2134 regnum
2426 2059 2707 2116 ccelorum.
2734 2053 2944 2109 Auditis
2967 2060 3145 2105 autem
3178 2047 3280 2113 his,
3316 2044 3567 2114 discipuli
3609 2045 3770 2098 mira-

2179 2156 2372 2211 bantur
2419 2149 2597 2219 valde,
2647 2147 2939 2202 dicentes:
2987 2140 3120 2209 Quis
3167 2153 3295 2209 ergo
3345 2135 3540 2207 poterit
3588 2135 3768 2189 salvus

2179 2245 2337 2302 esse?
2379 2241 2661 2312 ASpiciens
2696 2247 2874 2292 autem
2900 2233 3079 2298 Jesus,
3124 2230 3260 2286 dixit
3295 2228 3402 2283 ibis
3433 2245 3447 2281 :
3478 2226 3634 2298 Apud
3667 2225 3765 2281 ho-

2179 2337 2380 2392 minem
2434 2333 2537 2386 hoc
2594 2323 2927 2398 impossibile
2979 2331 3061 2378 est
3109 2337 3126 2377 :
3178 2319 3316 2390 apud
3362 2317 3532 2373 Deum
3588 2324 3776 2398 autem.

2180 2429 2359 2486 omnia
2383 2423 2658 2496 possibilia
2682 2429 2826 2476 sunt.
2855 2419 3005 2473 Tunc
3029 2413 3365 2485 respondens
3407 2411 3598 2467 Petrus
3628 2390 3773 2466 dixi;

2179 2524 2230 2580 ei
2267 2542 2279 2576 :
2315 2522 2456 2578 Ecce
2486 2532 2587 2573 nos
2618 2516 2931 2585 reliquimus
2959 2513 3163 2576 omnia,
3196 2517 3251 2566 et
3277 2508 3446 2564 secuti
3478 2519 3666 2562 sumus
3691 2514 3765 2568 te;

2181 2615 2306 2686 quid
2339 2627 2468 2684 ergo
2496 2612 2598 2667 erit
2628 2609 2820 2664 nobis?
2855 2606 3014 2662 Jesus
3039 2614 3218 2660 autem
3249 2601 3383 2656 dixit
3416 2600 3519 2655 illis
3551 2617 3563 2652 :
3595 2599 3767 2654 Amen

2179 2708 2301 2764 dico
2333 2705 2502 2770 vobis,
2537 2701 2679 2773 quod
2709 2714 2803 2755 vos
2831 2699 2921 2768 qui
2949 2696 3120 2754 secuti
3160 2695 3292 2751 estis
3319 2708 3428 2762 me,
3461 2691 3515 2748 in
3545 2705 3774 2761 regene-

2181 2798 2424 2864 ratione,
2440 2807 2562 2848 cum
2591 2789 2794 2845 sederit
2823 2787 2991 2842 Filius
3018 2784 3256 2840 hominis
3283 2784 3336 2838 in
3363 2781 3493 2839 sede
3517 2782 3774 2851 majesta-

2182 2887 2252 2943 tis
2272 2901 2405 2952 Siue,
2429 2882 2684 2940 sedebitis
2709 2891 2763 2936 et
2791 2893 2890 2936 vos
2917 2892 3079 2948 super
3105 2878 3262 2934 sedes
3283 2875 3594 2944 duodecim,
3629 2873 3774 2945 judi-

2183 2990 2371 3040 cantes
2417 2977 2700 3034 duodecim
2751 2976 2923 3031 tribus
2968 2973 3153 3030 lsrael.
3216 2971 3386 3028 Amen
3427 2970 3551 3029 dico
3593 2972 3771 3037 vobis,

2183 3073 2362 3128 omnis
2393 3070 2482 3141 qui
2515 3067 2789 3138 reliquerit
2817 3066 3035 3122 domum
3079 3072 3172 3118 aut
3214 3072 3488 3134 parentes,
3529 3061 3621 3118 vel
3670 3062 3778 3116 fra-

2105 3168 2155 3234 ο
2187 3171 2297 3219 tres
2334 3170 2428 3216 aut
2471 3174 2707 3225 sorores,
2756 3165 2854 3212 aut
2891 3164 3096 3227 patrem
3123 3164 3214 3210 aut
3243 3162 3494 3220 matrem,
3525 3160 3620 3208 aut
3651 3166 3777 3206 uxo-

2187 3268 2302 3310 rem
2334 3261 2424 3307 aut
2458 3250 2619 3316 filios,
2649 3256 2742 3303 aut
2779 3262 2936 3318 agros
2973 3257 3195 3316 propter
3231 3259 3456 3316 regnum
3493 3244 3790 3309 castorum,

2184 3354 2243 3404 et
2267 3359 2466 3401 nomen
2497 3357 2701 3408 meum,
2725 3350 2779 3396 et
2809 3348 3026 3410 propter
3055 3337 3426 3408 Evangelium,
3461 3336 3787 3406 centuplum.

2185 3437 2414 3508 accipiet
2444 3453 2460 3490 :
2492 3450 2638 3491 nunc
2684 3437 2745 3489 in.
2785 3432 2890 3488 hoc
2939 3443 3181 3503 tempore
3215 3430 3428 3496 domos,
3467 3437 3525 3486 et
3557 3429 3777 3494 fratres,

2185 3537 2242 3586 et
2280 3542 2529 3594 sorores,
2573 3535 2630 3583 et
2671 3534 2894 3590 matres,
2934 3532 2990 3580 et
3027 3524 3189 3592 ﬁlios,
3219 3530 3280 3580 et
3316 3535 3474 3592 agros
3501 3535 3623 3576 cum
3660 3534 3782 3589 pen-

2187 3620 2553 3677 secutionibus
2596 3635 2612 3672 :
2649 3626 2704 3672 et
2741 3618 2795 3672 in
2837 3615 3042 3673 saeculo
3072 3615 3276 3682 futuro,
3318 3613 3484 3668 vitam
3525 3620 3792 3667 aeternam.

2185 3711 2503 3785 possidebit.
2548 3710 2704 3765 Multi
2728 3718 2907 3766 autem
2955 3715 3117 3765 erunt
3162 3706 3322 3778 primi
3373 3703 3673 3773 novissimi,
3728 3710 3788 3757 et

2191 3804 2468 3862 novissimi
2501 3803 2898 3874 primu—Luc.
2917 3817 3028 3867 xvi,
3053 3799 3235 3856 14-15.
3267 3796 3570 3854 Audiebant
3596 3803 3781 3850 autem

2191 3899 2373 3954 omnia
2406 3898 2520 3953 hanc
2542 3896 2823 3962 Pharisaei,
2843 3894 2939 3965 qui
2981 3902 3134 3950 erant
3156 3890 3422 3948 avari:et
3461 3888 3783 3945 deridebant

2191 3992 2363 4046 illum.
2398 3990 2464 4045 Et
2498 3989 2573 4044 ait
2610 3990 2714 4044 illis
2745 4005 2761 4043 :
2793 3988 2901 4044 Vos
2943 3987 3074 4043 estis
3101 3986 3192 4058 qui
3230 3984 3536 4056 justiticatis
3563 3997 3662 4038 vos
3688 3995 3791 4037 eo-

2191 4101 2306 4140 rarn
2340 4083 2648 4138 hominibus
2683 4100 2696 4136 :
2734 4081 2874 4136 Deus
2921 4089 3099 4135 autem
3148 4079 3298 4133 novit
3340 4075 3506 4132 corda
3555 4081 3736 4130 vestra
3765 4088 3791 4126 ι

2191 4177 2317 4246 quia
2346 4174 2489 4245 quod
2522 4171 2830 4228 hominibus
2866 4170 3031 4226 altum
3059 4176 3168 4236 est,
3200 4165 3530 4224 abominatio
3555 4172 3638 4221 est
3661 4169 3793 4224 ante

2193 4267 2386 4323 Deum.

2787 4401 3014 4460 CAPUT
3053 4400 3210 4458 CV11.

2713 4494 2792 4551 De
2819 4496 2972 4550 divite
2994 4504 3044 4549 et
3066 4493 3295 4554 Lazaro.

2263 4641 2396 4696 Luc.
2436 4655 2546 4706 xvi,
2577 4638 2761 4693 19—31.
2803 4638 3003 4693 Iterum
3026 4636 3161 4693 dixit
3186 4652 3202 4690 :
3229 4635 3399 4690 Homo
3421 4632 3640 4705 quidam
3667 4638 3792 4689 erat

2198 4735 2370 4798 dives,
2397 4743 2452 4788 et
2477 4732 2798 4788 induebatur
2829 4747 3066 4800 purpura
3094 4738 3150 4786 et
3178 4730 3361 4802 bysso,
3386 4736 3440 4784 et
3469 4727 3792 4796 epulabatur

2197 4821 2436 4895 quotidie
2464 4819 2759 4890 splendide.
2785 4819 2851 4873 Et
2876 4828 2992 4873 erat
3014 4819 3227 4890 quidam
3251 4816 3548 4879 mendicus,
3573 4813 3798 4870 nomine

2201 4916 2459 4978 Lazarus,
2494 4911 2586 4982 qui
2612 4911 2826 4980 jacebat
2860 4910 2924 4964 ad
2951 4911 3170 4980 januam
3201 4909 3347 4980 ejus,
3371 4907 3646 4963 ulceribus
3681 4905 3796 4976 ple—

2203 5021 2326 5073 nus,
2375 5006 2595 5073 cupiens
2642 5005 2872 5058 saturari
2921 5003 2990 5059 de
3040 5004 3194 5058 micis
3240 5017 3360 5072 quas
3406 4997 3676 5055 cadebant
3722 4996 3795 5052 de

2200 5113 2386 5156 mensa
2426 5099 2648 5163 divitis;
2682 5108 2736 5153 et
2763 5113 2922 5153 nemo
2950 5097 3030 5154 illi.
3052 5097 3252 5152 dabat:
3286 5095 3383 5151 sed
3414 5101 3469 5150 et
3509 5106 3676 5149 canes
3705 5105 3795 5145 ve-

2201 5192 2447 5256 niebant,
2474 5200 2529 5248 et
2559 5190 2834 5260 lingebant
2861 5189 3038 5245 ulcera
3067 5188 3206 5256 ejus.
3258 5185 3482 5241 Factum
3503 5193 3587 5239 est
3611 5193 3795 5237 autem

2202 5295 2262 5343 ut
2290 5295 2590 5342 moreretur
2615 5283 2913 5348 mendicus,
2937 5291 2993 5338 et
3034 5288 3340 5351 portaretur
3377 5279 3444 5335 ab
3486 5276 3694 5346 angelis
3740 5276 3795 5330 in

2203 5383 2380 5436 sinum
2411 5378 2662 5434 Abrahaz.
2713 5375 2953 5430 Mortuus
2984 5381 3068 5429 est
3097 5384 3276 5429 autem
3320 5380 3375 5428 et
3400 5370 3577 5435 dives,
3611 5378 3669 5424 et
3709 5382 3800 5423 se-

2205 5473 2385 5543 pultus
2429 5479 2512 5527 est
2555 5470 2616 5525 in.
2660 5467 2893 5524 inferno.
2935 5465 3167 5520 Elevans
3213 5470 3392 5519 autem
3435 5458 3622 5518 oculos
3670 5471 3801 5513 suos

2204 5579 2327 5622 cum
2360 5572 2505 5620 esset
2544 5561 2602 5616 in
2648 5557 2948 5622 tormentis,
2973 5556 3109 5612 vidit
3133 5553 3409 5611 Abraham
3451 5567 3483 5607 a
3519 5551 3700 5620 longe,
3744 5557 3799 5602 et

2203 5657 2465 5714 Lazarum
2497 5654 2552 5707 in
2581 5652 2701 5707 sinu
2737 5649 2877 5720 ejus,
2908 5656 2964 5705 et
3003 5648 3121 5719 ipse
3165 5645 3410 5703 clamans
3436 5640 3612 5702 dixit:
3640 5640 3797 5698 Pater

2266 5767 2447 5856 δ’,ῧΐοι
2467 5767 2799 5835 ἀπαιτοῦσιν,
2825 5762 3007 5834 γυιε,,
3033 5769 3280 5834 “pem”.
