4038 6356
157 342 263 401 509

915 334 1503 396 EVANGELICARUM
1540 331 2051 393 BARMONIARUM
2094 336 2672 397 INTERPRE’I’ATIO.

3331 342 3467 398 51οτ

160 453 454 517 Abraham,
476 450 737 508 miserere
759 448 885 517 mei,
907 459 963 506 et
981 451 1132 505 mitte
1152 450 1409 506 Lazarum
1437 458 1493 504 ut
1520 447 1744 517 intingat
1770 448 1823 510 Α
1849 449 2220 520 patrifamilias
2245 452 2337 521 qui
2369 453 2503 509 exiit
2525 454 2701 525 primo
2732 464 2889 508 mane
2914 453 3218 510 conducere
3245 470 3435 524 ojera-

160 558 464 603 extremum
498 543 648 613 digiti
681 542 763 597 sui
796 541 850 597 in
882 556 1098 612 aquam,
1120 552 1185 597 ut
1204 541 1486 610 refrigeret
1510 540 1744 611 linguam

161 653 364 703 meam,
415 637 539 707 quia
582 635 793 691 crucior
840 636 895 690 in
944 635 1042 689 hac
1087 634 1321 688 flamma.
1373 634 1441 688 Et
1485 632 1621 688 dixit
1669 632 1746 687 illi

160 732 433 787 Abraham
453 746 468 787 :
492 727 617 793 Fili,
648 727 935 784 recordare
962 726 1085 796 quia
1114 725 1365 793 recepisti
1390 725 1526 780 bona
1559 726 1614 780 in
1638 725 1747 779 vita

164 836 278 888 tua,
311 833 368 877 et
392 822 624 877 Lazarus
651 819 899 875 similiter
928 818 1064 873 mala
1090 834 1105 871 :
1135 832 1276 872 nunc
1302 826 1478 872 autem
1507 817 1593 872 Itic
1621 830 1752 872 con-

161 916 392 981 solatur,
425 924 482 967 tu
510 926 643 967 vero
678 910 956 967 cruciaris.
1005 908 1073 964 Et
1103 910 1157 963 in
1196 909 1280 964 his
1316 909 1567 964 omnibus
1610 908 1751 963 inter

163 1019 265 1059 nos
303 1012 361 1060 et
392 1017 487 1059 vos
522 1003 687 1056 chaos
726 1014 974 1071 magnum
1014 998 1280 1054 firmatum
1317 1005 1444 1053 est:
1486 1007 1544 1051 ut
1579 996 1631 1050 hi
1663 995 1750 1065 qui

164 1100 353 1156 volant
382 1100 507 1153 hinc
534 1096 765 1153 transire
789 1095 857 1150 ad
883 1108 1000 1163 vos,
1032 1107 1138 1150 non
1165 1093 1394 1164 possint,
1424 1105 1601 1161 neque
1630 1089 1753 1145 inde

166 1192 272 1248 huc
315 1201 661 1246 transmeare.
724 1187 797 1242 Et
835 1187 956 1241 ait:
1012 1184 1163 1256 Rogo
1203 1198 1331 1254 ergo
1378 1192 1451 1252 te,
1495 1192 1667 1254 pater,
1695 1191 1755 1237 ut

168 1282 359 1338 mittas
385 1295 509 1337 eum
540 1279 594 1334 in
620 1278 839 1333 domum
869 1277 1037 1347 patris
1065 1276 1197 1332 mei.
1227 1275 1408 1331 Habeo
1434 1276 1578 1330 enim
1601 1273 1756 1343 quin-

168 1384 277 1438 que
318 1368 534 1433 fratres,
577 1376 635 1422 ut
663 1374 887 1422 testetur
918 1365 1050 1431 illis,
1097 1380 1166 1419 ne
1207 1373 1262 1420 et.
1301 1365 1403 1434 ipsi
1440 1364 1659 1419 veniant
1701 1362 1755 1418 in

170 1460 353 1515 locum
382 1459 523 1514 hunc
544 1456 958 1514 tormentorum.
989 1457 1057 1511 Et
1083 1458 1159 1511 ait
1186 1456 1261 1511 illi
1284 1455 1553 1510 Abraham
1577 1470 1592 1507 :
1617 1454 1760 1525 Moy-

169 1567 267 1605 sen
301 1550 499 1606 habent
524 1559 581 1607 et
600 1550 886 1620 prophetas
918 1566 933 1603 :
964 1548 1183 1604 audiant
1208 1548 1351 1604 illos.
1371 1548 1438 1603 At
1469 1547 1558 1602 ille
1582 1545 1716 1601 dixit
1740 1564 1753 1599 :

170 1641 317 1707 Non,
342 1652 495 1711 pater
520 1640 813 1706 Abraham,
846 1640 941 1695 sed
970 1640 1015 1695 si
1045 1640 1165 1709 quis
1200 1653 1266 1694 ex
1293 1638 1521 1693 mortuis
1546 1638 1671 1692 ierit
1692 1638 1758 1691 ad

172 1747 293 1799 eos,
326 1716 695 1802 penitentiam
740 1741 921 1801 agent.
952 1732 1039 1786 Ait
1068 1738 1247 1785 autem
1292 1729 1369 1784 illi
1399 1744 1415 1781 :
1464 1728 1520 1784 Si
1542 1727 1758 1799 Moysen

1853 541 1964 596 rios
1995 542 2047 595 in
2074 544 2289 598 vineam
2316 558 2491 600 suam.
2541 543 2908 599 Conventione
2937 552 3116 600 autem
3147 544 3283 600 facta
3313 561 3432 599 cum

1850 634 2113 702 operariis
2155 649 2223 689 ex
2270 636 2495 691 denario
2536 636 2751 703 diurno,
2796 637 2941 691 misit
2988 651 3083 691 eos
3130 637 3183 689 in
3225 637 3433 692 vineam

1850 740 2024 779 suam.
2072 726 2140 781 Et
2177 741 2431 797 egressus
2466 729 2609 785 circa
2650 730 2834 785 horam
2877 732 3114 794 tertiam,
3147 730 3271 783 vidit
3303 731 3435 783 alios

1850 823 2055 870 stantes
2096 816 2149 871 in
2195 816 2314 872 foro
2359 818 2584 885 otiosos,
2616 830 2670 874 et
2708 821 2813 874 illis
2841 820 2974 875 dixit
3008 836 3021 874 :
3067 820 3143 875 ite
3173 828 3227 874 et
3257 835 3352 875 vos
3381 821 3434 873 in

1850 905 2094 971 vineam;
2125 916 2180 962 et
2200 908 2340 977 quod
2361 908 2565 979 justum
2597 910 2753 966 fuerit
2781 912 2921 966 dabo
2946 913 3112 967 vobis.
3146 912 3224 966 illi
3254 923 3429 966 autem

1851 993 2115 1050 abierunt.
2157 996 2355 1051 iterum
2396 1007 2572 1055 autem
2600 1002 2732 1055 exiit
2753 1002 2894 1056 circa
2924 1012 3129 1058 sextam
3161 1012 3214 1058 et
3240 1017 3432 1056 nonam

1854 1085 2062 1152 horam,
2121 1096 2177 1144 et
2224 1088 2351 1144 fecit
2392 1091 2663 1145 similiter.
2726 1092 2880 1147 Circa
2926 1094 3258 1150 undecimam
3307 1109 3435 1148 vero

1853 1176 1983 1231 exiit
2016 1186 2072 1232 et
2110 1177 2313 1234 invenit
2342 1179 2477 1234 alios
2506 1190 2732 1247 stantes,
2761 1192 2815 1236 et
2840 1182 2967 1236 dicit
2998 1184 3105 1237 illis
3137 1200 3151 1236 :
3183 1183 3317 1248 Quid
3352 1184 3435 1235 hic

1853 1267 2007 1322 statis
2050 1276 2159 1323 tota
2202 1268 2290 1323 die
2329 1269 2529 1325 otiosi?
2580 1270 2770 1326 Dicunt
2812 1273 2859 1327 ei
2894 1291 2907 1328 :
2966 1274 3100 1340 Quia
3143 1289 3299 1328 nemo
3339 1289 3433 1327 nos

1854 1357 2129 1413 conduxit.
2177 1359 2314 1414 Dicit
2342 1361 2448 1416 illis
2472 1378 2488 1417 :
2513 1362 2589 1417 ite
2609 1372 2663 1417 et
2689 1377 2783 1417 vos
2811 1363 2862 1417 in
2888 1363 3123 1419 vineam.
3155 1363 3285 1419 Cum
3315 1379 3435 1416 sero

1855 1447 2051 1504 factum
2092 1462 2260 1518 esset,
2294 1452 2426 1506 dicit
2463 1452 2713 1509 dominus
2740 1454 2909 1509 vinea:
2935 1458 3261 1523 procuratori
3299 1472 3431 1507 suo:

1859 1544 2002 1599 Voca
2034 1548 2332 1617 operarios,
2366 1558 2421 1604 et
2446 1550 2610 1605 redde
2648 1549 2757 1605 illis
2802 1549 3129 1616 mercedem,
3176 1549 3437 1618 ἱηοὶρῑεειιδ

1857 1651 1888 1689 a
1916 1638 2221 1695 novissimis
2256 1656 2427 1709 usque
2457 1642 2523 1695 ad
2570 1641 2790 1711 primos.
2839 1642 2973 1696 Cum
3004 1642 3273 1697 venissent
3312 1657 3435 1710 ergn

1862 1731 1953 1798 qui
1998 1734 2142 1789 circa
2192 1733 2529 1789 undecimam
2560 1735 2747 1790 horam
2791 1745 3069 1800 venerant,
3119 1745 3442 1805 acceperunt

172 1831 230 1878 et
271 1824 559 1894 prophetas
596 1837 699 1879 non
732 1824 976 1891 audiunt,
1004 1836 1179 1894 neque
1208 1824 1253 1878 si
1286 1823 1405 1893 quis
1439 1836 1508 1878 ex
1537 1821 1761 1877 mortuis
1790 1828 1837 1888 Β
1863 1826 2103 1895 singulos
2131 1825 2403 1880 denarios.
2453 1825 2746 1882 Venientes
2787 1836 2963 1882 autem
2996 1837 3050 1881 et
3080 1826 3259 1897 primi,
3298 1825 3448 1880 arbi-

172 1916 557 1984 resurrexerit,
583 1915 827 1971 credent.

746 2008 973 2064 CAPUT
1009 2005 1193 2063 CVIII.

717 2100 794 2155 De
822 2100 992 2155 ciuica
1022 2100 1242 2169 inﬁdeli.

250 2191 388 2247 Luc.
411 2208 520 2260 xvr,
554 2193 701 2249 l-l2.
747 2194 966 2248 Dicebat
992 2201 1169 2249 autem
1194 2191 1260 2247 ad
1281 2191 1573 2262 discipulos
1599 2204 1758 2247 suos:

175 2281 356 2336 Homo
387 2282 602 2351 quidam
632 2291 747 2337 erat
773 2283 944 2347 dives,
978 2282 1069 2352 qui
1109 2281 1339 2338 habebat
1373 2282 1611 2337 villicum
1657 2298 1672 2335 :
1703 2290 1759 2336 et

179 2372 271 2426 hic
293 2371 598 2426 diffamatus
622 2381 706 2429 est
734 2373 876 2441 apud
902 2373 1075 2439 illum,
1101 2374 1251 2444 quasi
1281 2373 1597 2443 dissipasset
1624 2374 1762 2428 bona

180 2467 347 2522 illius.
393 2466 460 2521 Et
502 2467 709 2521 vocavit
752 2467 923 2536 illum,
955 2475 1009 2522 et
1048 2468 1122 2521 ait
1158 2467 1233 2520 illi
1266 2484 1279 2519 :
1307 2466 1443 2535 Quid
1475 2468 1576 2521 hoc
1601 2466 1763 2521 audio

183 2559 253 2614 de
280 2559 368 2613 te?
399 2559 581 2613 liedde
614 2559 875 2613 rationem
907 2558 1253 2615 villicationis
1295 2567 1401 2614 tua:
1430 2577 1443 2613 :
1470 2558 1582 2629 jam
1621 2558 1764 2613 enim

185 2663 294 2703 non
343 2649 543 2718 poteris
590 2648 847 2704 viliicare.
896 2648 984 2703 Ait
1024 2656 1204 2704 autem
1249 2648 1459 2704 villicus
1497 2648 1635 2703 intra
1663 2661 1765 2703 se:

185 2740 323 2808 Quid
358 2740 567 2806 faciam,
600 2741 720 2811 quia
754 2740 1004 2795 dominus
1046 2754 1201 2796 meus
1238 2740 1412 2795 aufert
1455 2756 1486 2795 a
1517 2754 1604 2794 me
1628 2740 1769 2795 villi-

185 2830 493 2886 cntionem?
544 2830 726 2886 fodere
768 2845 873 2886 non
916 2832 1088 2897 valeo,
1134 2830 1442 2888 mendicare
1482 2831 1764 2886 erubesco.

190 2922 313 2976 Scio
335 2923 460 2992 quid
482 2923 692 2989 faciam,
721 2932 779 2977 ut
806 2938 927 2978 cum
952 2933 1162 2978 amotus
1193 2924 1340 2980 fuero
1369 2941 1399 2979 a
1421 2925 1767 2993 villicatione,

189 3013 454 3081 recipiant
478 3026 563 3068 me
592 3014 644 3067 in
678 3013 867 3069 domos
904 3027 1051 3070 suas.
1093 3016 1406 3071 Convocatis
1441 3016 1619 3087 itaque
1655 3019 1769 3073 sin-

192 3109 329 3177 gulis
357 3106 684 3162 debitoribus
710 3106 909 3163 domini
934 3108 1038 3175 sui,
1065 3108 1276 3165 dicebat
1307 3110 1478 3179 primo
1523 3127 1538 3166 :
1593 3111 1773 3179 Quan-

193 3209 300 3253 tum
331 3198 497 3254 debes
520 3198 737 3255 domino
764 3201 923 3254 meo?
952 3200 1023 3254 At
1048 3201 1137 3255 ille
1163 3200 1294 3255 dixit
1319 3219 1332 3255 :
1354 3201 1578 3257 Centum
1605 3202 1768 3256 cados
1796 3208 1846 3273 α

193 3291 321 3345 olei.
372 3291 617 3359 Dixitque
647 3291 723 3345 illi
750 3310 765 3347 :
794 3293 994 3361 Accipe
1031 3295 1330 3349 cautionem
1367 3307 1508 3348 trram
1540 3303 1594 3350 et
1622 3294 1768 3361 sede,

196 3397 255 3437 ac
297 3382 411 3438 cito
447 3385 619 3437 scribe
659 3384 1058 3455 quinquaginta.
1116 3385 1315 3441 Deinde
1354 3386 1443 3441 alii
1486 3386 1618 3441 dixit
1651 3387 1771 3441 :Tu

194 3488 327 3527 vero
356 3482 609 3543 quantum
640 3473 844 3527 debes?
872 3473 969 3540 Qui
997 3475 1072 3529 ait
1100 3492 1114 3528 :
1138 3473 1363 3530 Centum
1388 3490 1546 3531 coros
1594 3476 1772 3531 tritici.

196 3563 285 3619 Ait
336 3563 412 3617 illi
448 3580 463 3617 :
506 3564 704 3633 Accipe
742 3564 947 3619 litteras
993 3575 1129 3631 tuas,
1172 3574 1226 3622 et
1265 3567 1441 3622 scribe
1483 3568 1772 3637 octoginta.

198 3655 259 3709 Et
275 3654 511 3708 laudavit
531 3655 775 3709 dominus
794 3655 1024 3710 villicum
1048 3656 1365 3725 iniquitatis,
1393 3659 1516 3727 quia
1542 3659 1778 3728 pruden-

198 3756 277 3802 ter
303 3744 562 3802 fecisset:
591 3746 713 3815 quia
740 3746 832 3800 filii
864 3746 1022 3815 hujus
1050 3749 1230 3803 saeculi
1258 3750 1634 3818 prudentiores
1654 3757 1779 3806 sunt

200 3836 324 3891 filiis
370 3836 503 3891 lucis
543 3836 595 3891 in
636 3836 980 3905 generatione
1019 3852 1135 3891 sua.
1178 3838 1246 3892 Et
1288 3853 1388 3909 ego
1427 3840 1547 3894 dico
1585 3841 1777 3894 vobis:

200 3928 385 3983 Facite
428 3927 580 3982 vobis
627 3929 829 3984 amicos
867 3929 934 3983 de
974 3944 1276 3986 mammona
1322 3931 1615 4003 iniquitatis
1660 3950 1675 3987 :
1722 3941 1781 3988 ut

200 4038 318 4076 cum
347 4022 667 4088 defeceritis,
697 4022 958 4094 recipiant
980 4038 1077 4079 vos
1106 4024 1157 4079 in
1188 4032 1386 4080 azterna
1415 4026 1778 4081 tabernacula.

200 4112 295 4180 Qui
337 4113 503 4168 fidelis
531 4123 617 4167 est
646 4114 701 4167 in
744 4113 983 4179 minimo,
1013 4124 1069 4169 et
1110 4116 1162 4170 in
1210 4117 1399 4186 majori
1444 4118 1616 4174 fidelis
1661 4128 1779 4173 est:

201 4214 255 4258 et
308 4205 401 4272 qui
467 4206 519 4259 in
572 4206 784 4262 modico
850 4208 1065 4277 iniquus
1132 4220 1268 4276 est,
1338 4217 1393 4265 et
1464 4211 1519 4265 in
1592 4210 1783 4279 majori

202 4292 417 4365 iniquus
464 4306 567 4351 est.
630 4297 685 4352 Si
736 4312 863 4368 ergo
914 4299 967 4353 in
1016 4298 1202 4368 iniquo
1255 4315 1559 4355 mammona
1600 4301 1785 4357 ﬁdeles

204 4402 308 4440 non
343 4386 518 4442 fuistis
546 4431 561 4456 ,
588 4388 731 4457 quod
753 4404 937 4444 verum
976 4400 1081 4454 est,
1118 4390 1242 4458 quis
1268 4391 1454 4445 credet
1484 4392 1673 4445 vobis?
1720 4393 1788 4447 Et

202 4477 245 4530 si
276 4479 330 4531 in
362 4478 536 4532 alieno
558 4478 743 4531 fideles
770 4492 879 4532 non
908 4478 1111 4543 fuistis,
1140 4478 1281 4547 quod
1312 4494 1498 4533 verum
1526 4488 1633 4544 est,
1665 4482 1787 4549 quis

1862 1918 1983 1973 trati
2030 1926 2153 1971 sunt
2188 1915 2330 1986 quod
2376 1916 2492 1986 plus
2535 1925 2718 1972 essent
2756 1918 3026 1987 accepturi
3062 1935 3074 1968 :
3110 1924 3436 1985 acceperunt

1860 2018 2040 2064 autent
2072 2016 2127 2063 et
2151 2008 2254 2078 ipsi
2281 2008 2521 2078 singulos
2550 2002 2822 2063 denarios.
2859 2008 2925 2063 Et
2952 2009 3273 2077 accipientes
3303 2022 3445 2061 mur-

1786 2122 1787 2125 η
1863 2100 2145 2155 murabant
2197 2099 2454 2155 adversus
2501 2098 2985 2170 patremfamilias,
3038 2099 3326 2153 dicentes:
3381 2098 3444 2150 lli

1864 2192 2140 2247 novissimi
2188 2207 2293 2246 una
2338 2192 2469 2247 hora
2516 2191 2777 2257 fecerunt,
2823 2200 2877 2245 et
2925 2205 3080 2261 pares
3124 2190 3279 2244 nobis
3328 2189 3448 2242 illos

1864 2285 2060 2351 fecisti,
2090 2284 2179 2355 qui
2208 2284 2542 2353 portavimus
2568 2283 2780 2352 pondus
2806 2282 2909 2336 diei
2943 2292 2996 2336 et
3026 2290 3211 2335 aestus.
3260 2283 3327 2334 At
3358 2280 3449 2333 ille

1864 2375 2199 2443 respondens
2231 2374 2323 2427 uni
2354 2388 2564 2440 eorum,
2587 2372 2722 2428 dixit
2754 2389 2769 2426 :
2802 2373 3007 2436 Amice,
3051 2384 3156 2425 non
3189 2369 3323 2423 facio
3356 2369 3447 2421 tibi

1866 2465 2147 2537 injuriam.
2222 2465 2410 2520 Nonne
2462 2477 2531 2519 ex
2576 2464 2797 2519 denario
2850 2462 3147 2518 convenisti
3196 2458 3449 2513 mecum?

1866 2560 2018 2615 Tolle
2056 2557 2199 2628 quod
2230 2567 2377 2611 tuum
2404 2564 2506 2622 est,
2549 2564 2606 2610 et
2642 2555 2777 2609 vade
2808 2572 2820 2608 :
2854 2555 2976 2608 volo
3017 2562 3193 2607 autem
3232 2560 3289 2605 et
3328 2552 3450 2604 huic

1868 2653 2160 2708 novissimo
2180 2650 2310 2706 dare
2338 2651 2478 2705 sicut
2504 2658 2559 2705 et
2588 2649 2704 2704 tibi.
2732 2648 2839 2703 Aut
2865 2663 2969 2703 non
3002 2649 3125 2703 licet
3154 2646 3283 2701 mihi
3307 2644 3445 2712 quod

1868 2746 1990 2800 volo
2035 2743 2247 2799 facere?
2292 2745 2374 2797 An
2410 2741 2599 2797 oculus
2632 2750 2755 2796 tuus
2794 2754 3021 2812 nequam
3064 2748 3169 2803 est,
3200 2739 3319 2807 quia
3352 2751 3452 2805 ego

1870 2839 2041 2894 bonus
2069 2835 2227 2892 sum?
2253 2835 2342 2892 Sic
2369 2844 2529 2890 erunt
2558 2833 2835 2889 novissimi
2866 2832 3049 2903 primi,
3079 2840 3135 2887 et
3161 2831 3318 2899 primi
3349 2842 3449 2881 no-

1870 2927 2092 2984 vissimi.
2137 2925 2285 2982 Multi
2313 2925 2457 2981 enim
2486 2933 2611 2980 sunt
2639 2925 2834 2991 vocati,
2864 2924 3017 2994 pauci
3042 2937 3173 2978 vero
3198 2918 3376 2977 electi.

2476 3073 2700 3130 CAPUT
2737 3073 2853 3128 CX.

1874 3165 2023 3222 Jcstts
2051 3167 2106 3221 in
2132 3167 2281 3221 domo
2313 3164 2565 3219 Pltarisa'i
2592 3174 2737 3218 sanat
2766 3165 3104 3233 hydropicum
3138 3180 3154 3214 :
3182 3171 3229 3233 et
3250 3164 3455 3215 instruit

2003 3252 2088 3292 eos
2115 3239 2202 3307 qui
2228 3237 2419 3306 primos
2446 3234 2708 3287 accubitus
2732 3236 2784 3288 in
2805 3231 3047 3287 conviviis
3072 3231 3346 3301 cligcbant.

1950 3396 2078 3454 Luc.
2121 3410 2227 3463 XIV,
2279 3394 2428 3451 l-l5.
2472 3394 2539 3450 Et
2580 3392 2777 3448 factum
2824 3401 2907 3447 est
2959 3405 3080 3447 cum
3130 3389 3353 3444 intraret
3400 3388 3454 3441 in

1878 3489 2095 3545 domum
2141 3488 2418 3558 cujusdam
2475 3486 2731 3557 principis
2782 3482 3175 3541 Phariszeorum
3233 3480 3465 3535 sabbato

1880 3581 2203 3637 manducare
2226 3594 2438 3650 partem,
2464 3588 2519 3635 et
2544 3577 2643 3647 ipsi
2672 3576 3029 3633 observabant
3056 3590 3201 3629 eum.
3233 3574 3301 3628 Et
3330 3586 3458 3628 ecce

1880 3672 2041 3729 homo
2080 3672 2296 3741 quidam
2341 3670 2667 3742 hydropicus
2704 3678 2822 3725 erat
2869 3676 2996 3722 ante
3041 3667 3215 3721 illum.
3264 3667 3329 3720 Et
3369 3680 3460 3720 re-

1880 3763 2152 3834 spondens
2181 3762 2335 3818 Jesus
2379 3762 2513 3816 dixit
2558 3760 2627 3817 ad
2670 3761 3007 3831 legisperitos
3048 3766 3103 3813 et
3134 3757 3460 3822 Pbarisaeos,

1881 3855 2106 3911 dicens:
2140 3854 2195 3910 Si
2233 3854 2356 3910 licet
2390 3853 2615 3909 sabbato
2656 3852 2881 3909 curare?
2945 3853 3014 3907 At
3050 3852 3121 3906 illi
3162 3859 3461 3906 tacuerunt.

1884 3944 2004 4014 Ipse
2053 3958 2181 4000 vero
2223 3943 2616 4014 apprehensum
2684 3943 2894 3997 sanavit
2946 3957 3092 4007 eum,
3138 3951 3193 3996 et
3236 3939 3461 3995 dimisit.

1884 4036 1954 4091 Et
1987 4034 2318 4105 respondens
2354 4034 2418 4090 ad
2454 4034 2575 4090 illos
2600 4033 2736 4088 dixit
2763 4050 2778 4089 :
2809 4032 2976 4103 Cujus
3009 4040 3243 4088 vestrum
3285 4032 3465 4085 asinus

1885 4138 1979 4185 aut
2007 4127 2105 4183 bos
2147 4128 2202 4183 in
2236 4136 2452 4196 puteum
2489 4126 2673 4194 cadet,
2707 4134 2760 4180 et
2793 4140 2899 4179 non
2931 4126 3184 4180 continuo
3221 4122 3466 4178 extrahet

1885 4219 2033 4275 illum
2068 4217 2157 4273 die
2197 4217 2443 4286 sabbati}!
2486 4218 2553 4273 Et
2582 4231 2687 4270 non
2722 4225 2970 4285 poti-rant
2997 4215 3063 4268 ad
3094 4214 3208 4268 haec
3238 4228 3463 4277 ταενοηο

1886 4310 2018 4365 dere
2046 4310 2145 4363 illi.
2191 4308 2411 4364 Dicebat
2442 4318 2622 4363 autem
2659 4318 2714 4361 et
2742 4309 2809 4361 ad
2852 4309 3101 4360 invitatos
3132 4304 3461 4372 parabolam,

1890 4399 2175 4454 intendens
2216 4398 2485 4467 quomodo
2525 4398 2725 4466 primos
2759 4395 3037 4451 accubitus
3066 4395 3346 4462 eligerent,
3380 4392 3461 4443 di»

1892 4501 2023 4542 cens
2047 4486 2114 4541 ad
2146 4486 2268 4540 illos
2302 4503 2316 4537 :
2345 4485 2478 4540 Cum
2517 4485 2773 4540 invitatus
2804 4484 2966 4539 fueris
2999 4482 3063 4537 ad
3100 4485 3328 4553 nuptias,
3362 4498 3463 4537 non

200 4569 354 4623 dabit
380 4567 661 4622 vobis?—
690 4567 821 4621 LUC-
864 4582 960 4637 XII,
998 4567 1180 4623 47-30.
1235 4568 1325 4623 Ille
1359 4577 1537 4623 autem
1576 4584 1781 4637 servus,
1812 4571 1867 4632 D
1889 4578 2190 4633 discumbas
2232 4578 2286 4632 in
2322 4578 2496 4647 primo
2534 4576 2677 4644 loco,
2712 4591 2781 4634 ne
2809 4576 2945 4633 forte
2976 4575 3287 4632 honoratior
3317 4586 3368 4633 te
3399 4578 3469 4633 sit

202 4658 296 4727 qui
329 4658 579 4726 cognovit
602 4658 930 4713 voluntatem
957 4658 1157 4714 domini
1189 4660 1295 4727 sui,
1325 4669 1379 4715 et
1411 4676 1515 4714 non
1550 4675 1609 4717 se
1638 4674 1778 4730 pra:-

205 4749 433 4817 prravit,
465 4756 518 4803 et
543 4764 648 4803 non
676 4748 801 4804 fecit
826 4749 1121 4806 secundum
1150 4752 1477 4808 voluntatem
1507 4752 1641 4823 ejus,
1670 4753 1783 4825 pla-

206 4846 284 4909 gis
324 4841 597 4911 vapulabit
640 4843 822 4900 multis
860 4862 873 4901 :
920 4846 1009 4916 qui
1049 4855 1226 4903 autem
1268 4864 1377 4903 non
1410 4848 1689 4918 cognovit,
1729 4858 1784 4904 et

209 4936 328 4990 fecit
364 4935 521 5006 digna
565 4937 757 5008 plagis,
810 4939 1079 5008 vapulabit
1120 4942 1321 5011 paucis.
1373 4940 1560 4996 Omnis
1603 4950 1782 4996 autem

208 5027 289 5080 cui
323 5027 544 5081 multum
572 5026 753 5083 datum
782 5037 885 5093 est,
929 5030 1152 5085 multum
1180 5039 1446 5100 quaeretur
1480 5034 1548 5088 ab
1580 5046 1671 5090 eo.
1719 5034 1784 5090 Et

209 5118 289 5170 cui
339 5119 565 5175 multum
614 5121 1142 5188 commendaverunt,
1189 5124 1307 5192 plus
1354 5133 1537 5193 petent
1583 5127 1651 5180 ab
1696 5140 1786 5183 eo.

212 5208 433 5265 Nescitis
452 5212 572 5281 quia
610 5212 787 5281 ignem
816 5212 939 5269 veni
964 5213 1176 5269 mittere
1206 5213 1260 5268 in
1290 5216 1526 5270 terram?
1556 5216 1619 5271 Et
1658 5216 1786 5288 quid

217 5302 352 5365 volo,
403 5303 504 5358 nisi
548 5311 608 5357 ιιι
649 5304 1015 5361 accendatur?
1071 5304 1341 5375 Baptismo
1390 5314 1566 5361 autem
1614 5307 1789 5366 habeo

218 5389 465 5462 baptizari
491 5412 505 5450 :
528 5405 586 5452 et
611 5397 880 5467 quomodo
909 5398 1094 5455 turbor
1119 5414 1287 5470 usque
1309 5399 1435 5455 dum
1458 5400 1787 5470 perficiatur.

805 5508 1032 5567 CAPUT
1069 5511 1204 5567 CIX.

221 5593 293 5650 De
322 5600 687 5669 patraruntifias
713 5602 804 5684 qui
834 5603 955 5685 etsiit
984 5603 1151 5686 primo
1181 5620 1326 5658 inane
1349 5604 1635 5658 conducere
1674 5618 1798 5674 ope-

684 5688 849 5727 τατιοε
871 5690 927 5727 ιη
951 5690 1144 5727 vincam
1167 5691 1330 5727 suam.

290 5759 500 5821 simu.
539 5777 640 5832 xx,
685 5762 850 5819 l-lG.
903 5763 1088 5823 Simile
1131 5774 1215 5823 est
1259 5778 1483 5838 regnum
1528 5765 1787 5825 cmlorum

1890 4670 2139 4731 invitatus
2162 4669 2231 4726 ab
2251 4685 2316 4726 eo
2341 4686 2354 4724 :
2378 4678 2434 4726 et
2457 4670 2676 4725 veniens
2697 4670 2741 4726 is
2767 4668 2857 4742 qui
2886 4679 2935 4725 te
2958 4669 3197 4725 invitavit
3217 4680 3270 4725 et
3298 4671 3463 4731 illum.

1889 4762 2031 4818 dicat
2073 4760 2212 4818 tibi:
2260 4762 2337 4817 Da
2388 4761 2513 4817 huic
2561 4761 2759 4829 locum,
2804 4771 2860 4817 et
2901 4770 3028 4816 tunc
3074 4763 3296 4832 incipias
3345 4778 3463 4817 cum

1890 4852 2085 4909 rubore
2112 4853 2460 4909 novissimum
2499 4852 2673 4907 locum
2711 4861 2913 4909 tenere.
2943 4851 3049 4909 Sed
3079 4868 3201 4922 cum
3246 4862 3464 4909 vocatus

1891 4945 2081 5012 fueris,
2124 4946 2279 5012 vade,
2310 4944 2565 5001 rccumbe
2607 4944 2659 4999 in
2706 4945 3000 5000 novissimo
3045 4944 3192 5011 loco;
3243 4953 3297 4999 ut
3345 4960 3465 4999 cum

1891 5038 2099 5094 venerit
2124 5037 2213 5107 qui
2248 5045 2299 5093 te
2327 5036 2592 5103 invitavit,
2633 5037 2776 5093 dicat
2811 5038 2903 5092 tibi
2933 5053 2947 5090 :
2981 5035 3199 5100 Amice,
3239 5040 3467 5091 ascendo

1889 5132 2158 5202 superius.
2197 5130 2349 5187 Tunc
2378 5130 2479 5187 erit
2513 5130 2607 5185 tibi
2634 5131 2802 5201 gloria
2829 5144 3010 5186 coram
3044 5130 3197 5184 simul
3232 5128 3461 5183 discum-

1890 5222 2137 5279 bentibus
2169 5240 2183 5277 :
2214 5222 2337 5291 quia
2382 5220 2559 5276 omnis
2594 5223 2685 5292 qui
2723 5237 2782 5276 se
2826 5221 3027 5277 exaltat
3071 5218 3453 5285 lrumiliabitur,

1890 5322 1945 5370 et
1972 5313 2059 5383 qui
2095 5326 2154 5369 se
2192 5312 2437 5367 ltumiliat
2474 5311 2816 5368 oxaltabitur.
2862 5312 3085 5366 Dicebat
3123 5319 3298 5364 autem
3332 5319 3385 5364 et
3416 5312 3463 5364 ei

1894 5405 1987 5474 qui
2015 5419 2073 5460 se
2104 5403 2424 5458 invitaverat
2451 5420 2463 5456 :
2492 5401 2625 5458 Cum
2657 5403 2787 5458 facis
2818 5402 3095 5472 prandium
3126 5411 3216 5456 aut
3238 5416 3463 5465 canam.

1898 5497 2010 5551 noli
2064 5511 2255 5551 vocare
2286 5496 2487 5551 amicos
2520 5505 2662 5561 tuos,
2691 5510 2868 5564 neque
2905 5494 3098 5551 fratres
3129 5504 3267 5560 tuos,
3296 5510 3469 5565 neque

1898 5597 2174 5655 cognatos,
2198 5600 2370 5655 neque
2400 5586 2605 5641 vicinos
2641 5586 2837 5640 divites
2869 5603 2880 5637 :
2915 5600 2981 5639 nc
3016 5586 3163 5640 forte
3194 5596 3248 5641 et
3284 5587 3381 5655 ipsi
3421 5600 3469 5637 tu

1902 5675 2210 5742 reiuvitent,
2242 5685 2295 5730 ct
2321 5676 2408 5731 fiat
2441 5676 2533 5731 tibi
2561 5676 2864 5731 retributio.
2894 5674 3003 5731 Sed
3034 5692 3151 5731 cum
3187 5677 3313 5732 facis
3338 5693 3463 5733 00::-

1903 5765 2130 5838 vivium,
2174 5782 2301 5824 voca
2332 5782 2614 5840 pauperes,
2649 5768 2873 5841 debiles,
2910 5769 3147 5837 claudos,
3179 5785 3349 5829 caecos
3381 5790 3392 5828 :
3425 5788 3475 5831 et
