4038 6356
535 325 633 381 θη

533 436 721 492 beatus
748 436 874 501 eris,
900 435 1021 505 quia
1058 449 1164 492 non
1196 433 1391 489 habent
1432 432 1723 489 retribuere
1758 435 1852 490 tibi

1675 323 1985 380 \‘NZTORIS
2024 319 2324 378 Ei'lSCOPl
2365 317 2665 376 CAPUANI‘

1902 453 1913 486 :
1959 436 2117 491 retri-
2145 435 2197 495 Α

3692 307 3733 363 5
3746 309 3819 362 ιθ

2778 427 3002 484 CAPUT
3024 427 3108 483 CX
3118 426 3202 483 ιιι.

531 528 729 586 bnetur
778 529 921 584 enim
969 528 1074 601 tibi
1112 527 1166 582 in
1206 525 1598 582 resurrectione
1637 524 1925 595 iustorum.
1984 526 2107 581 llaec
2209 521 2362 578 Jesus
2406 536 2701 591 responsum
2742 520 2830 601 dat
2877 518 3200 601 dicenti_sibi
3234 530 3285 601 ⁸ί.
3321 514 3815 585 Domine,de

530 634 653 675 eum
679 620 916 676 audisset
935 618 1150 689 quidam
1174 618 1242 673 de
1272 617 1433 671 simul
1464 616 1944 682 discumbentibus,
1972 616 2109 671 dixit

533 710 610 765 illi
647 728 659 765 :
691 712 883 768 Beatus
916 710 1005 781 qui
1039 708 1381 771 manducabit
1416 721 1607 778 panem
1654 707 1710 762 in
1739 721 1908 778 regno
1935 707 2107 764 coelo-

532 820 683 869 rum.

1125 915 1350 971 CAPUT
1385 914 1522 972 CXI.

864 1008 1013 1063 Iesus
1038 1007 1208 1062 decem
1237 1005 1467 1076 leprosos
1495 1006 1779 1061 mandavit.

606 1122 761 1179 Jour.
801 1137 875 1189 vt,
921 1121 1031 1176 1-4.
1075 1122 1206 1179 Post
1234 1122 1350 1177 bzec
1376 1121 1432 1176 in
1470 1121 1716 1193 proximo
1741 1130 1857 1177 erat
1880 1104 2109 1187 Pascha,

538 1213 652 1269 dies
682 1212 848 1268 festus
873 1213 1276 1269 Judaeorum.—
1291 1213 1424 1269 Luc.
1449 1228 1581 1277 xvu,
1610 1213 1786 1268 11-19.
1828 1212 1896 1267 Et
1917 1211 2111 1267 factum

538 1312 620 1375 est
651 1303 777 1360 dum
819 1304 920 1359 iret
949 1303 1311 1369 Hierusalem,
1344 1303 1605 1359 transibat
1634 1318 1730 1374 per
1758 1302 1985 1359 mediam
2015 1301 2114 1359 Sa-

536 1396 757 1451 mariam
801 1403 855 1451 et
882 1394 1176 1450 Galilaeam.
1200 1395 1268 1453 Et
1294 1408 1416 1451 cum
1455 1393 1825 1463 ingrederetur
1846 1391 2111 1463 quoddam

539 1488 842 1556 castellum,
892 1495 1247 1543 occurrerunt
1290 1486 1340 1542 ei
1384 1486 1573 1542 decem
1616 1487 1720 1541 viri
1745 1485 1972 1555 leprosi:
2019 1484 2117 1555 qui

538 1587 802 1649 steterunt
850 1594 881 1633 a
929 1578 1115 1649 longe,
1158 1586 1212 1634 et
1253 1578 1569 1634 levaverunt
1606 1591 1791 1632 vocem
1831 1575 2110 1631 dicentes:

539 1669 698 1737 Jesus
745 1676 1063 1738 praeceptor,
1115 1656 1375 1724 miserere
1423 1669 1613 1723 nostri.
1673 1668 1816 1732 Quos
1858 1674 1916 1720 ut
1960 1660 2111 1731 vi‘dit,

543 1757 676 1813 dixit
705 1758 837 1824 :lte,
861 1757 1126 1814 ostendite
1154 1772 1249 1814 vos
1276 1756 1660 1814 sacerdotibus.
1691 1757 1756 1812 Et
1785 1756 1980 1812 factum
2008 1764 2109 1821 est,

542 1852 669 1906 dum
716 1852 877 1917 irent,
916 1850 1155 1906 mundati
1194 1859 1339 1906 sunt.
1383 1850 1532 1906 Unus
1568 1860 1746 1905 autem
1785 1865 1851 1906 ex
1879 1849 2030 1919 ipsis,
2060 1857 2116 1903 ut

542 1942 673 1996 vidit
703 1941 824 2012 quia
867 1942 1152 1998 mundatus
1188 1952 1293 2010 est,
1340 1956 1617 2013 regressus
1658 1951 1741 1999 est
1774 1956 1893 1997 cum
1928 1955 2117 2011 magna

544 2047 680 2101 voce
710 2033 1055 2104 magniﬁcans
1092 2034 1259 2090 Deum
1305 2050 1318 2088 :
1357 2043 1413 2089 et
1452 2033 1648 2090 cecidit
1670 2033 1723 2088 in
1767 2032 1953 2088 faciem
1997 2041 2119 2087 ante

545 2125 708 2191 pedes
746 2125 881 2195 ejus,
910 2125 1108 2195 gratias
1145 2140 1311 2196 agens
1343 2143 1357 2179 :
1388 2134 1442 2182 et
1468 2125 1555 2181 hic
1586 2135 1702 2181 erat
1729 2124 2115 2181 Samaritanus.

542 2214 895 2284 Respondens
917 2224 1094 2271 autem
1123 2216 1466 2291 Jesus,dixit
1490 2233 1503 2269 :
1528 2216 1713 2271 Nonne
1741 2215 1925 2270 decem
1965 2228 2121 2269 mun-

542 2304 651 2359 dati
685 2314 827 2374 sunt,
863 2313 919 2361 et
958 2321 1150 2365 novem
1183 2306 1271 2361 ubi
1314 2306 1478 2374 sunt?
1500 2306 1615 2362 Non
1647 2315 1731 2362 est
1761 2306 2005 2361 inventus
2032 2305 2123 2375 qui

545 2394 768 2468 rediret,
810 2404 866 2450 ct
908 2395 1065 2452 daret
1108 2397 1331 2467 gloriam
1363 2397 1493 2464 Deo,
1526 2398 1626 2453 nisi
1679 2398 1764 2461 hic
1801 2396 2120 2469 alienigena.

544 2485 613 2540 Et
650 2487 725 2541 ait
759 2487 832 2542 illi
865 2504 881 2542 :
910 2487 1102 2559 Surge,
1138 2489 1269 2547 vade
1304 2508 1316 2544 :
1358 2491 1480 2561 quia
1520 2491 1651 2547 ﬁdes
1696 2500 1783 2546 tua
1835 2499 1886 2547 te
1918 2491 2129 2557 salvum,

547 2576 693 2633 fecit.

1138 2723 1362 2780 CAPUT
1383 2722 1539 2781 CXII.

549 2808 697 2866 Iesus
720 2813 782 2868 de
807 2814 1043 2882 passione
1066 2830 1158 2869 sua
1180 2816 1446 2885 discipulis
1489 2816 1597 2871 suis
1627 2817 1810 2871 iterum
1836 2815 2075 2871 indicavit
2105 2830 2124 2869 :

654 2890 713 2955 et
732 2896 894 2937 mater
922 2885 1397 2953 ﬁliorumplebedwi
1440 2898 1583 2957 rogat
1605 2902 1699 2957 pro
1727 2889 1847 2956 ﬁliis
1877 2887 2004 2941 suis.

621 3021 837 3079 ΜΑττη.
868 3040 954 3090 xx,
988 3025 1471 3093 i7-‘28;Manc.x,
1523 3028 1721 3095 52-45;
1776 3026 1911 3083 Luc.
1968 3040 2125 3093 xvm,

552 3114 746 3189 lit-34;
779 3132 910 3184 xxii,
926 3118 1016 3173 25.
1046 3120 1338 3175 Assumens
1351 3130 1525 3177 autem
1540 3120 1730 3177 iterum
1742 3119 2043 3189 duodecim,
2058 3120 2130 3175 ait

550 3207 704 3274 illis:
740 3210 876 3266 Ecce
912 3211 1250 3269 ascendimus
1302 3212 1749 3285 Hierosolymam,
1797 3222 1853 3269 et
1879 3228 2121 3271 consum-
2156 3189 2203 3255 Ο

546 3304 838 3359 mabuntur
862 3308 1037 3361 omnia
1068 3308 1413 3376 quaiscripta
1447 3318 1572 3364 sunt
1615 3323 1713 3379 per
1761 3307 2043 3377 prophetas
2064 3306 2132 3362 de

547 3392 692 3450 Filio
721 3396 972 3454 hominis.
990 3397 1252 3455 Tradetur
1272 3400 1416 3455 enim
1441 3399 1769 3469 principibus
1791 3398 2131 3454 sacerdotum

550 3496 607 3542 et
646 3489 858 3557 scribis,
884 3500 938 3545 et
959 3491 1170 3547 tradent
1211 3505 1333 3545 eum
1362 3491 1628 3561 gentibus.
1688 3498 1743 3546 et
1783 3490 2055 3555 illudetur,
2078 3499 2134 3545 et

548 3581 932 3652 ﬁagellabitur,
958 3592 1013 3638 et
1059 3592 1406 3653 conspuetur,
1454 3593 1508 3637 et
1536 3583 1896 3652 cruciﬁgetur,
1955 3592 2009 3637 et
2045 3582 2133 3639 die

548 3672 705 3727 tertia
735 3685 1002 3743 resurget.
1025 3673 1176 3729 Tunc
1199 3676 1429 3729 accessit
1443 3672 1509 3727 ad
1537 3688 1659 3729 cum
1684 3681 1855 3728 mater
1898 3672 2130 3728 ﬁliorum

546 3764 794 3819 Zebedai
821 3779 942 3820 cum
966 3765 1088 3820 ﬁliis
1135 3766 1270 3833 suis,
1328 3767 1561 3821 adorans
1612 3775 1665 3820 et
1705 3775 1893 3835 petens
1932 3764 2132 3837 aliquid

551 3855 623 3910 ab
645 3869 730 3911 eo.
763 3855 863 3924 Qui
890 3857 1023 3912 dixit
1045 3857 1118 3923 ei,
1149 3858 1275 3928 quid
1298 3859 1518 3914 visiAit
1538 3858 1611 3914 illi
1639 3876 1652 3913 :
1686 3859 1805 3923 Dic,
1826 3868 1885 3915 ut
1911 3859 2133 3915 sedeant

553 3947 609 4002 lii
638 3949 743 4004 duo
767 3949 873 4003 lilii
893 3950 1022 4016 mei,
1051 3965 1189 4006 unus
1216 3951 1282 4006 ad
1310 3950 1584 4007 dexteram
1625 3959 1790 4019 tuam,
1822 3958 1877 4006 et
1904 3965 2040 4008 unus
2064 3952 2131 4008 ad

554 4040 831 4095 sinistram
865 4042 918 4096 in
971 4058 1138 4111 regno
1185 4050 1297 4099 tuo.
1350 4044 1697 4113 Respondens
1744 4054 1920 4099 autem
1974 4043 2131 4100 Jcsus

552 4130 688 4186 dixit
717 4132 795 4188 eis
829 4150 842 4185 :
872 4131 1100 4188 Nescitis
1129 4134 1255 4205 quid
1286 4135 1497 4205 petatis.
1534 4136 1766 4191 Potestis
1793 4135 1979 4192 bibere
2003 4137 2131 4192 cali-

557 4238 676 4279 cem
708 4239 865 4294 quem
912 4240 1011 4296 ego
1038 4224 1300 4281 bibiturus
1327 4228 1487 4282 sum?
1511 4236 1599 4282 aut
1623 4227 1887 4297 baptismo
1900 4243 2005 4298 quo
2031 4241 2131 4297 ego

551 4315 824 4388 baptizor,
858 4318 1112 4389 baptizari
1135 4318 1376 4376 iDicunt
1402 4321 1451 4375 ei
1484 4319 1833 4377 :Possumus.
1864 4310 1953 4376 Ait
1991 4320 2129 4375 illis:

557 4409 793 4467 Calicem
839 4411 1051 4482 quidem
1105 4426 1282 4469 meum
1320 4413 1538 4481 bibetis,
1568 4424 1621 4470 et
1649 4413 1913 4485 baptismo
1954 4427 2076 4469 meo
2102 4423 2129 4451 ι

552 4514 660 4567 quo
683 4514 783 4571 ego
808 4502 1069 4571 baptizor,
1097 4503 1500 4573 baptizabimini
1554 4524 1570 4561 :
1622 4506 1811 4562 sedere
1856 4512 2034 4560 autem
2058 4504 2124 4558 ad

2708 598 2827 643 sunt
2852 589 2939 658 qui
2964 589 3091 642 salvi
3117 588 3285 655 ﬁant?

2281 703 2787 769 Luc.xnt,25-30;
2844 702 3299 769 Muru.vn,l3,
3360 701 3555 758 14-23.
3610 700 3679 754 Et
3728 699 3810 755 ait

2214 795 2297 849 illi
2316 794 2533 865 quidam
2562 811 2578 849 :
2610 792 2859 859 Domine,
2902 794 2949 849 si
2976 794 3131 864 pauci
3181 801 3308 847 sunt
3353 793 3441 863 qui
3491 792 3811 848 salvantur?

2213 885 2335 955 ipse
2355 895 2534 941 autem
2559 884 2694 940 dixit
2733 884 2801 940 ad
2852 885 2973 940 illos
3032 902 3047 940 :
3096 882 3419 941 Contendite
3464 885 3666 939 intrare
3704 898 3812 953 per

2214 985 2498 1047 angustam
2524 983 2732 1045 portam
2762 994 2776 1029 :
2808 977 2929 1044 quia
2960 976 3133 1042 multi,
3163 977 3284 1031 dico
3334 975 3510 1043 vobis,
3558 984 3813 1046 quaerent

2217 1065 2448 1132 iuuare,
2487 1074 2543 1120 et
2572 1080 2677 1120 non
2695 1073 2968 1135 poterunt.
3000 1065 3132 1121 Cum
3163 1076 3340 1122 autem
3383 1065 3661 1120 intraverit
3710 1078 3812 1135 pa-

2218 1155 2530 1212 terfamilias
2551 1165 2604 1213 et
2658 1156 2910 1212 clauserit
2968 1157 3189 1223 ostium,
3240 1166 3296 1211 et
3356 1155 3647 1225 incipietis
3676 1155 3811 1209 foris

2217 1252 2383 1310 stare,
2411 1252 2468 1299 et
2496 1245 2708 1313 pulsare
2728 1246 2949 1312 ostium,
2997 1246 3235 1302 dicentes
3289 1261 3306 1302 :
3356 1245 3616 1313 Domine,
3656 1248 3811 1315 aperi

2218 1334 2421 1391 nobis:
2473 1344 2527 1391 et
2547 1338 2880 1405 respondens
2898 1337 3041 1394 dicet
3076 1338 3470 1394 vobis:Nescio
3516 1353 3615 1393 vos
3666 1339 3815 1393 unde

2218 1425 2337 1480 sitis
2370 1442 2384 1478 :
2417 1432 2543 1481 tunc
2597 1425 2868 1496 incipietis
2905 1426 3088 1484 dicere
3117 1444 3133 1481 :
3161 1427 3597 1483 Manducavimus
3626 1441 3817 1482 coram

2221 1523 2293 1580 te,
2312 1522 2366 1569 et
2394 1514 2646 1581 bibimus,
2680 1516 2817 1571 etin
2858 1516 3048 1585 plateis
3076 1517 3274 1572 nostris
3321 1516 3572 1572 docuisti.
3614 1516 3683 1572 Et
3722 1517 3809 1571 di-

2219 1616 2307 1665 cet
2328 1607 2480 1662 vobis
2508 1626 2520 1660 :
2536 1607 2724 1664 Nescio
2740 1624 2834 1664 vos
2859 1610 3001 1665 unde
3015 1610 3152 1665 sitis.
3170 1611 3440 1667 Discedite
3451 1624 3479 1664 a
3494 1623 3607 1675 me,
3620 1621 3812 1664 omnes

2221 1701 2451 1773 operarii
2473 1702 2796 1773 iniquitatis,
2831 1704 2889 1767 in
2918 1702 3092 1773 ignem
3130 1714 3424 1769 aeternum;
3464 1702 3538 1758 ibi
3566 1701 3671 1757 erit
3709 1701 3811 1757 fle—

2143 1805 2190 1867 B
2221 1809 2304 1855 tus
2331 1810 2386 1855 et
2419 1797 2617 1854 stridor
2642 1796 2883 1851 dentium
2910 1831 2927 1859 ,
2961 1805 3085 1848 cum
3140 1793 3381 1851 videritis
3434 1792 3703 1849 Abraham
3756 1800 3811 1845 et

2221 1893 2365 1947 Isaac
2392 1901 2445 1949 et
2470 1891 2637 1949 Jacob
2658 1899 2713 1947 et
2740 1903 2927 1946 omnes
2949 1886 3243 1960 prophetas
3270 1888 3471 1943 intrare
3504 1886 3560 1940 in
3583 1901 3806 1959 regnum

2220 1983 2337 2048 Dei,
2367 1997 2462 2039 vos
2482 1991 2659 2038 autem
2688 1980 2883 2050 expelli
2907 1980 3070 2036 foras.
3121 1979 3188 2033 Et
3223 1977 3446 2034 venient
3495 1980 3564 2034 ab
3591 1981 3811 2035 Oriente

2221 2080 2277 2128 et
2302 2071 2611 2140 Occidente,
2633 2080 2689 2128 et
2711 2071 2976 2142 Aquilone
3004 2078 3061 2126 et
3084 2070 3303 2133 Austro,
3327 2078 3383 2124 et
3404 2071 3720 2126 accumbent
3750 2071 3807 2125 in

2221 2179 2387 2235 regno
2417 2165 2535 2222 Dei.
2579 2165 2647 2220 Et
2672 2179 2799 2221 ecce
2837 2171 2962 2218 sunt
2988 2161 3264 2219 novissimi
3293 2162 3383 2233 qui
3429 2173 3581 2220 erant
3628 2162 3807 2234 primi,

2222 2265 2279 2317 et
2299 2266 2422 2315 sunt
2444 2257 2600 2328 primi
2628 2258 2719 2327 qui
2745 2264 2902 2313 erant
2927 2253 3224 2311 novissimi.

2796 2394 3026 2463 CAPUT
3063 2392 3250 2449 CXIV.

2681 2489 3030 2579 DehZaccha’o
3059 2486 3352 2559 publicano.

2295 2608 2425 2663 Luc.
2444 2622 2558 2671 xtx,
2575 2604 2725 2661 1-10.
2743 2578 2810 2661 ἐι
2824 2578 3097 2674 ingressus
3119 2599 3517 2671 perambulabat
3538 2598 3813 2661 lliertcbo.

2226 2700 2298 2756 Et
2329 2714 2457 2756 ecce
2486 2697 2570 2754 vir
2598 2696 2814 2752 nomine
2845 2695 3135 2750 Zacchteus
3162 2711 3176 2747 :
3205 2702 3261 2750 et
3304 2692 3389 2747 hic
3407 2699 3521 2746 crat
3569 2691 3819 2760 princeps

2227 2791 2658 2862 publicanorum,
2702 2796 2756 2844 et
2782 2787 2897 2855 ipse
2926 2786 3096 2841 dives.
3130 2784 3196 2838 Et
3220 2782 3492 2852 quaerebat
3518 2779 3699 2835 Jesum
3731 2780 3816 2834 vi-

2226 2884 2354 2939 dcre
2380 2882 2501 2952 quis
2524 2888 2685 2946 esset,
2710 2886 2887 2934 etnon
2912 2884 3118 2946 poterat
3150 2889 3259 2944 prae
3277 2872 3452 2936 turba,
3475 2871 3599 2942 quia
3613 2877 3821 2925 Statura

2229 2971 2456 3043 pusillus
2492 2977 2627 3027 erat.
2666 2969 2734 3023 Et
2758 2980 3111 3037 prthurrens,
3168 2963 3408 3019 ascendit
3455 2962 3507 3016 in
3566 2961 3819 3016 arborem

2229 3075 2595 3134 sycomorum,
2634 3069 2693 3114 ut
2720 3057 2929 3113 videret
2949 3056 3096 3111 illum
3128 3072 3143 3110 :
3172 3056 3294 3125 quia
3326 3053 3453 3109 inde
3496 3060 3613 3107 erat
3643 3062 3824 3106 trans-

2232 3154 2422 3209 iturus.
2463 3151 2678 3215 Etcum
2710 3149 2950 3204 venisset
2968 3149 3033 3202 ad
3065 3148 3261 3211 locum,
3309 3144 3607 3213 suspiciens
3637 3143 3823 3208 Jesus,

2232 3244 2365 3301 vidit
2390 3243 2560 3310 illum,
2587 3250 2639 3297 et
2660 3240 2793 3309 dixit
2812 3239 2879 3294 ad
2903 3226 3024 3307 eum
3054 3255 3068 3292 :
3106 3237 3390 3305 zaccltrce,
3433 3234 3691 3290 festinans
3716 3234 3825 3290 de—

2231 3337 2450 3402 scende,
2490 3335 2617 3408 quia
2652 3332 2810 3389 hodie
2839 3332 2899 3389 in
2923 3331 3085 3386 domo
3108 3338 3198 3384 tua
3224 3336 3434 3399 oportet
3460 3342 3547 3382 me
3577 3340 3823 3381 manere.

2233 3429 2301 3485 Et
2328 3427 2585 3484 festinans
2610 3421 2908 3489 descendit,
2956 3419 3246 3489 etexcepit
3267 3419 3416 3473 illum
3444 3416 3699 3488 gaudens.
3752 3416 3828 3471 Et

2232 3535 2353 3575 cum
2374 3518 2618 3574 viderent
2652 3528 2861 3583 omnes,
2906 3511 3332 3575 murmurabant,
3380 3510 3620 3565 dicentes
3671 3508 3825 3576 quod

2233 3609 2300 3664 ad
2327 3608 2599 3664 hominem
2657 3615 2993 3676 peccatorem
3047 3601 3378 3659 divertisset.
3430 3600 3588 3656 Stans
3636 3608 3826 3653 autem

2237 3703 2527 3759 Zacchaeus
2568 3700 2702 3757 dixit
2722 3700 2787 3756 ad
2818 3697 3102 3755 Dominum
3142 3715 3155 3751 :
3184 3696 3322 3751 Ecce
3338 3693 3614 3750 dimidium
3645 3692 3828 3749 bono-

2233 3809 2351 3850 rum
2382 3808 2647 3859 meorum,
2679 3791 2925 3859 Domine,
2955 3790 3026 3844 do
3056 3786 3379 3859 pauperibus
3428 3801 3442 3839 :
3491 3796 3545 3840 et
3592 3784 3639 3840 si
3687 3782 3827 3853 quid

2232 3885 2461 3955 aliquem
2488 3881 2826 3946 defraudavi,
2850 3878 3018 3935 reddo
3048 3876 3422 3948 quadruplum.
3453 3874 3539 3929 Ait
3566 3873 3719 3930 Jesus
3748 3872 3826 3927 ad

2233 3994 2355 4033 cum
2392 3996 2405 4031 :
2435 3977 2569 4043 Quia
2599 3974 2757 4031 hodie
2776 3972 2922 4030 salus
2940 3972 3063 4026 huic
3084 3969 3263 4026 domui
3296 3968 3430 4024 facta
3449 3976 3551 4033 est,
3574 3980 3638 4021 co
3672 3966 3827 4034 quod

2233 4080 2287 4124 et
2314 4070 2427 4138 ipse
2453 4069 2523 4123 sit
2551 4066 2689 4122 ﬁlius
2711 4064 2958 4121 Abrahm.
2990 4064 3147 4118 Venit
3179 4062 3322 4129 enim
3368 4061 3535 4133 Filius
3584 4059 3829 4131 hominis

2233 4175 2473 4232 quaerere
2493 4170 2546 4223 et
2572 4160 2780 4223 salvum
2805 4157 2981 4227 facere
3009 4154 3151 4226 quod
3184 4152 3431 4234 petierat.

2804 4296 3031 4354 CAPUT
3068 4295 3228 4352 CXV.

2552 4388 2704 4445 Jews
2732 4390 2918 4444 iterum
2943 4388 3072 4442 duos
3097 4402 3256 4441 δίει-οε
3285 4386 3500 4440 curavit.

2301 4500 2517 4556 Manu.
2545 4480 2635 4568 xxi,
2656 4501 2854 4563 29-34;
2886 4498 3058 4571 MXRC.
3088 4497 3323 4563 x,46-52
3349 4513 3364 4564 ;
3395 4496 3523 4552 Luc.
3548 4511 3694 4565 xvm,
3717 4495 3830 4571 557

556 4589 832 4645 dexteram
864 4607 1037 4648 meam
1084 4601 1138 4649 et
1165 4564 1456 4664 sinistram,
1485 4610 1591 4652 non
1638 4606 1720 4651 est
1765 4610 1946 4652 meum
2001 4595 2130 4650 dare
2156 4571 2207 4631 D
2235 4592 2327 4649 45.
2359 4591 2427 4646 Et
2456 4564 2853 4663 egredientibus
2878 4568 3003 4645 illisi
3036 4589 3104 4645 ab
3135 4588 3405 4655 Hiericho,
3450 4597 3646 4644 secuta:
3691 4564 3831 4643 sunt

555 4680 729 4747 vobis,
759 4682 851 4736 sed
878 4683 1071 4751 quibus
1091 4694 1333 4753 paratum
1362 4696 1447 4744 est
1473 4704 1503 4743 a
1534 4688 1691 4743 Patre
1719 4701 1863 4742 meo.
1919 4687 1987 4741 Et
2035 4700 2130 4759 au-

556 4771 764 4827 dientes
786 4772 994 4840 decem,
1019 4775 1272 4847 indignati
1300 4789 1424 4835 sunt
1473 4780 1543 4836 de
1590 4778 1800 4833 duobus
1854 4777 2127 4833 fratribus.

556 4862 714 4920 Jesus
739 4874 913 4920 autem
940 4869 1146 4923 vocavit
1167 4884 1260 4924 eos
1309 4871 1375 4925 ad
1430 4884 1509 4938 sc,
1546 4878 1600 4925 et
1652 4869 1729 4924 ait
1759 4886 1772 4922 :
1801 4868 1960 4924 Scitis
2006 4869 2130 4943 quia

553 4956 824 5027 principes
845 4959 1081 5030 gentium
1122 4962 1462 5017 dominantur
1488 4944 1676 5016 eorum
1716 4979 1728 5015 :
1758 4969 1814 5017 et
1839 4963 1928 5033 qui
1961 4963 2131 5032 majoo

553 5063 644 5105 res
669 5057 811 5117 sunt,
835 5060 1154 5121 potestatem
1202 5061 1457 5110 exercent
1506 5055 1559 5108 in
1612 5068 1729 5109 eos.
1757 5054 1872 5110 Non
1913 5054 1985 5109 ita
2027 5055 2129 5110 erit

552 5142 694 5197 inter
719 5156 813 5198 vos
844 5159 857 5196 :
888 5143 982 5199 sed
1011 5144 1315 5215 quicunque
1361 5145 1589 5199 voluerit
1630 5144 1770 5200 inter
1815 5160 1911 5201 vos
1957 5146 2131 5215 major

550 5232 693 5296 ﬁeri,
724 5234 793 5289 sit
818 5244 996 5292 vester
1043 5236 1330 5291 minister:
1380 5242 1435 5290 et
1456 5236 1544 5304 qui
1571 5236 1801 5291 voluerit
1847 5237 1987 5292 inter
2034 5251 2130 5293 vos

550 5324 761 5393 primus
788 5339 930 5392 esse,
952 5327 1058 5382 erit
1084 5336 1265 5382 vester
1292 5339 1497 5381 servus.
1528 5326 1676 5381 Sicut
1694 5327 1862 5383 Filius
1895 5328 2129 5385 hominis

554 5428 663 5470 non
692 5415 917 5471 vcnitut
941 5416 1273 5470 ministretur
1317 5416 1386 5483 ei,
1436 5416 1532 5471 sed
1576 5426 1637 5471 ut
1678 5419 2041 5489 ministraret,”
2074 5427 2130 5476 et

554 5502 704 5563 daret
726 5506 957 5561 animam
985 5518 1133 5560 suam
1163 5505 1580 5575 redemptionem
1605 5522 1700 5578 pro
1725 5508 1927 5565 multis.

635 5733 664 5763 ι
694 5724 856 5780 Marc.
889 5736 945 5788 x,
972 5721 1038 5778 '58
1072 5722 1220 5781 deest
1253 5738 1540 5793 pronomen
1570 5735 1678 5784 tum
1711 5730 1763 5786 in
1803 5730 1900 5791 Gr.
1928 5741 2035 5785 lum
2075 5730 2127 5785 in

2238 4704 2359 4743 eum
2391 4688 2563 4743 turbat
2603 4684 2806 4739 multa).
2835 4682 2903 4737 Et
2932 4695 3059 4738 ecce
3082 4681 3188 4736 duo
3215 4682 3364 4747 cmci,
3386 4695 3454 4737 ex
3486 4680 3677 4751 quibus
3700 4691 3833 4735 erat

2240 4778 2555 4850 Bartimreus
2583 4773 2723 4828 ﬁlius
2745 4773 2959 4840 Timael,
2990 4771 3238 4828 sedentes
3269 4785 3424 4827 secus
3453 4771 3614 4843 viam,
3636 4770 3838 4827 audie-

2239 4876 2365 4923 runt
2385 4867 2508 4938 quia
2539 4866 2695 4922 Jesus
2715 4863 3024 4920 Nazarenus
3046 4863 3317 4931 transiret,
3348 4872 3401 4919 et
3430 4863 3831 4934 clamaverunt,

2236 4960 2483 5015 dicentes
2514 4973 2529 5011 :
2556 4956 2806 5021 Domine,
2836 4955 3089 5030 miserere
3115 4954 3305 5021 nostri,
3339 4953 3427 5025 ﬁli
3468 4953 3654 5008 David.
3682 4954 3837 5010 Tur-

2236 5051 2301 5105 ba
2332 5057 2508 5105 autem
2539 5045 2849 5117 increpabat
2871 5060 2985 5110 eos,
3043 5053 3101 5099 ut
3151 5052 3410 5100 tacerent.
3441 5046 3511 5101 At
3539 5045 3616 5099 illi
3648 5046 3837 5116 magis

2235 5142 2558 5213 clamabant,
2605 5139 2845 5195 dicentes
2894 5154 2909 5191 :
2964 5136 3211 5202 Domine,
3234 5135 3489 5192 miserere
3535 5136 3719 5200 nostri,
3748 5137 3836 5192 fili

2237 5232 2424 5289 David.
2456 5232 2520 5288 Et
2540 5232 2688 5288 stetit
2714 5230 2891 5294 Jesus,
2933 5236 2989 5284 et
3034 5229 3241 5284 vocavit
3292 5243 3407 5294 eos,
3452 5237 3507 5283 et
3533 5227 3640 5281 ait:
3671 5228 3828 5292 Quid

2234 5325 2396 5401 vultis
2423 5334 2483 5380 ut
2496 5324 2688 5381 faciam
2716 5322 2866 5377 vobis
2886 5322 2912 5376 ἲ
2934 5321 3124 5376 Dicunt
3168 5319 3245 5375 illi
3280 5338 3292 5373 :
3327 5319 3569 5384 Domine,
3602 5326 3661 5372 ut
3688 5332 3837 5386 ape-

2234 5417 2441 5473 riantur
2471 5416 2611 5471 ocuii
2642 5414 2831 5470 nostri.
2855 5413 3102 5469 Hiscrtns
3131 5421 3307 5468 autem
3330 5426 3515 5468 eorum
3538 5412 3717 5476 Jesus,
3739 5420 3836 5466 te-

2236 5508 2355 5591 tigit
2376 5509 2558 5577 oculos
2584 5522 2794 5564 eorum.
2827 5507 2899 5563 Et
2914 5506 3196 5563 confestim
3224 5505 3513 5591 viderunt,
3548 5514 3604 5561 et
3650 5516 3835 5579 secuti

2236 5728 2524 5799 interprete
2550 5727 2903 5799 Ammonius;
2936 5741 3061 5799 quas
3082 5741 3186 5799 vox
3224 5727 3547 5799 nunciabest
3574 5742 3606 5782 a
3658 5726 3830 5799 codd.

566 5792 715 5869 Vulg.
744 5793 864 5852 Mox
880 5796 1002 5850 dare
1016 5795 1169 5853 vobis.
1201 5792 1342 5868 Ergo
1359 5801 1475 5868 ὑμῖν
1500 5798 1707 5871 legebat
1732 5817 1850 5859 cum
1926 5802 2152 5885 vulgato,
2244 5792 2459 5858 Grméis.
2482 5798 2610 5857 Vide
2634 5798 2830 5855 Lucam
2857 5792 3015 5869 Brug.
3049 5798 3102 5857 in
3124 5796 3297 5856 Notat.
3324 5797 3588 5857 adllatth.
3620 5798 3827 5871 H.23-
