4026 6472
236 390 355 449 515

238 509 375 556 sunt
421 511 583 563 eum,
646 494 1045 564 magnificantes
1102 492 1380 546 Dominum
1422 500 1471 546 ι.
1533 491 1599 545 Et
1645 492 1821 545 omnis
1849 499 1898 554 Α

238 591 401 659 plebs
433 601 492 645 ut
530 589 681 658 vidit,
733 589 884 645 dedit
930 588 1138 643 laudem
1169 586 1295 640 Deo.

816 728 1043 784 CAPUT
1070 726 1253 781 CXVI.

321 819 471 877 Jews
493 836 648 889 super
675 819 881 873 asinum
905 816 1081 939 ut?!“
1109 857 1121 878 ,
1152 815 1563 884 Hierosolymam
1590 814 1762 893 ingre-

1012 898 1133 939 ttur.

1012 898 1133 939 ttur.

321 1032 538 1088 Marru.
570 1044 681 1097 xxI,
712 1027 836 1093 1-9;
864 1026 1038 1082 Mane.
1067 1041 1141 1095 xl,
1193 1025 1359 1092 i-H;
1396 1025 1528 1080 Luc.
1571 1041 1682 1089 xix,
1735 1024 1834 1079 29-

235 1125 340 1180 58.
368 1124 436 1178 Et
469 1138 588 1177 cum
637 1122 1116 1192 appmpinquasset
1159 1119 1573 1191 Hierosolymis,
1631 1129 1685 1173 et
1722 1115 1834 1174 've-

242 1215 418 1269 uisset
439 1214 743 1284 Bethphage
762 1212 828 1267 ad
860 1221 1095 1267 montem
1115 1211 1331 1276 Oliveti,
1358 1220 1485 1265 tunc
1504 1210 1663 1264 Jcsus
1689 1211 1834 1264 misit

246 1309 386 1361 duos
409 1305 719 1375 discipulos,
740 1303 926 1359 dicens
952 1304 1032 1358 eis
1087 1320 1101 1355 :
1152 1305 1225 1359 Ite
1269 1304 1322 1357 in
1371 1303 1831 1372 castellum'quod

245 1405 437 1452 contra
459 1410 553 1451 vos
578 1406 689 1460 est,
717 1405 774 1450 et
799 1394 1274 1450 statiminvenietis
1305 1394 1509 1449 asinam
1538 1395 1828 1463 alligatam,

243 1497 307 1542 et
338 1489 541 1556 pullum
571 1488 779 1543 c‘um‘ea
804 1487 1100 1557 alligatum,
1129 1487 1214 1541 cui
1241 1501 1401 1541 nemo
1426 1486 1699 1541 hominum
1726 1501 1831 1539 un-

242 1593 411 1645 quam
430 1578 572 1634 sedit
594 1595 607 1630 :
633 1577 826 1632 solvite
849 1577 1018 1641 illum,
1049 1584 1103 1630 et
1125 1576 1370 1632 adducite
1407 1591 1530 1631 eum
1583 1577 1733 1631 mihi.
1767 1576 1835 1631 Et

242 1670 295 1725 si
328 1670 452 1738 quis
478 1669 633 1724 vobis
653 1668 851 1738 aliquid
877 1668 1093 1733 dixerit,
1116 1668 1280 1723 dicite
1303 1669 1353 1723 ei
1384 1686 1397 1722 :
1426 1669 1549 1738 quia
1578 1668 1833 1724 Dominus

239 1771 470 1827 operam
495 1759 613 1827 ejus
648 1757 920 1812 desiderat
958 1773 975 1810 :
1021 1768 1076 1811 et
1118 1757 1399 1813 confestim
1449 1757 1682 1813 dimittet
1716 1772 1830 1813 eos.

1000 378 1577 438 EVANGELICARUM
1620 380 2125 437 [iAltMOt‘ilARUM
2169 383 2732 446 lNTERPRETATlO.

3408 400 3512 455 5η

2491 500 2719 557 CAPUT
2757 499 2965 559 CXVII.

1934 580 2094 653 Ejicit
2129 585 2191 639 de
2221 588 2406 656 templo
2422 602 2712 671 emeritae!
2737 595 3003 671 arridente:
3025 606 3134 671 ;__et
3174 599 3263 651 dat
3305 617 3515 671 respou-

1934 682 1939 687 -
2274 674 2388 710 sum
2411 658 2692 716 Phariswis
2717 666 2807 733 qui
2832 682 2885 718 se
2906 658 3178 721 extoliunt.

2003 763 2213 819 Manu.
2252 782 2357 831 xxi,
2390 770 2590 835 i046;
2626 774 2799 831 Mane.
2833 791 2908 841 xl,
2949 777 3157 844 15-18;
3223 781 3351 835 Luc.
3402 798 3511 848 xtx,

1932 855 2023 921 45,
2049 856 2122 911 46
2149 874 2163 923 ;
2194 857 2348 913 Joan.
2381 876 2438 925 ιι,
2472 861 2654 916 ili-2|.
2684 865 2753 919 Et
2780 880 2900 921 cum
2929 868 3181 923 intrasset
3208 869 3515 943 Hierosoly-

1935 961 1985 998 m
2026 962 2100 1012 m,
2125 961 2393 1004 commota
2419 960 2500 1006 est
2529 952 2775 1010 universa
2832 956 3045 1023 civitas,
3092 958 3277 1016 dicens

1933 1050 2015 1094 est
2046 1041 2167 1096 hic?
2191 1041 2379 1112 Pepuli
2412 1057 2588 1103 autent
2614 1050 2862 1107 dicebant
2893 1069 2907 1108 :
2934 1053 3033 1110 llic
3075 1067 3155 1112 est
3195 1059 3451 1128 propheta
3480 1075 3517 1115 a

1933 1130 2195 1187 Nazareth
2226 1132 2481 1190 Galilmze.
2508 1138 2573 1193 Et
2604 1140 2824 1197 intravit
2852 1143 3007 1215 ἔφυς
3036 1148 3087 1201 in
3120 1150 3371 1219 templum
3395 1151 3510 1207 Dei.

1936 1218 2140 1314 Etcum
2172 1224 2388 1282 fecisset
2418 1230 2567 1297 quasi
2620 1231 2887 1303 ﬂagellum
2916 1238 2984 1292 de
3035 1218 3305 1308 funiculis,
3331 1244 3516 1314 ejicie-

1934 1312 2025 1367 bat
2050 1329 2238 1371 omnes
2260 1318 2554 1376 vendentes
2574 1333 2626 1377 et
2641 1336 2880 1381 ementes
2905 1329 2957 1382 in
2978 1331 3201 1400 templo,
3224 1312 3512 1406 ovequuoo

1934 1418 2038 1472 que
2090 1414 2147 1460 et
2196 1407 2410 1474 boves;
2461 1419 2515 1466 et
2574 1414 3053 1473 nummulariorum
3099 1422 3285 1479 eﬂ'udit
3327 1439 3424 1491 ωε,
3458 1436 3513 1481 et

1935 1511 2150 1553 mensas
2202 1501 2681 1560 nummulariorum
2735 1515 2792 1562 et
2832 1507 3117 1566 cathedras
3158 1514 3503 1571 vendentium

1934 1589 2208 1647 columbas
2232 1595 2447 1650 evertit.
2482 1597 2548 1651 Et
2572 1597 2703 1653 dicit
2726 1599 2808 1655 eis
2835 1615 2853 1654 :
2883 1600 3105 1658 Auferte
3127 1603 3228 1660 ista
3255 1606 3401 1677 hinc,
3458 1617 3516 1665 et

1936 1683 2102 1739 nolite
2132 1685 2308 1741 facere
2327 1686 2545 1743 domum
2568 1689 2743 1744 Patris
2763 1692 2868 1746 mei
2883 1692 3101 1747 domum
3114 1699 3511 1767 negotiationis.

1937 1775 2207 1845 Scriptum
2236 1785 2319 1832 est
2343 1795 2356 1829 :
2391 1778 2589 1833 Domus
2617 1796 2758 1849 mea,
2789 1781 2985 1837 domus
3010 1785 3268 1840 orationis
3305 1787 3516 1841 vocabi-

242 1852 664 1945 Fumesfulem
693 1850 967 1945 (ξίπίρυιίν
998 1850 1418 1945 (θςλέῖυιιι-ξὶουι
1450 1854 1702 1945 praecepit
1729 1852 1833 1945 illis
1867 1866 1908 1924 Β
1940 1876 2023 1917 tur
2062 1866 2311 1921 omnibus
2338 1870 2617 1938 gentibus,
2647 1886 2746 1927 vos
2791 1881 2971 1928 autem
3002 1874 3203 1930 fecistis
3231 1876 3372 1931 illam
3394 1892 3518 1945 spe-

240 1942 430 1997 Jesus.
462 1941 810 1997 Solveutibus
837 1951 1014 1997 autem
1056 1942 1159 1997 illis
1185 1942 1409 2012 pullum,
1433 1943 1683 1998 dixerunt
1734 1944 1828 1997 do-

243 2032 524 2101 miniejus
577 2033 645 2087 ad
700 2032 870 2089 illos:
924 2032 1062 2101 Quid
1112 2035 1319 2089 solvitis
1359 2034 1604 2104 pullum?
1660 2036 1729 2089 At
1757 2033 1832 2089 illi

246 2124 524 2189 dixerunt,
552 2124 676 2192 quia
708 2124 932 2179 Domino
961 2127 1296 2181 necessarius
1348 2136 1433 2181 est
1461 2143 1477 2191 ;
1508 2137 1560 2181 et
1613 2126 1834 2181 dimise-

248 2229 377 2272 runt
403 2217 541 2272 illos.
575 2216 642 2271 Et
669 2217 941 2273 duxerunt
969 2218 1174 2288 pullum
1201 2218 1267 2273 ad
1296 2218 1480 2274 .lesum
1515 2235 1529 2271 :
1558 2230 1612 2273 et
1630 2219 1838 2289 jactan-

250 2316 339 2362 tes
363 2307 674 2362 vestimenta
705 2322 801 2362 sua
828 2323 989 2378 supra
1012 2310 1230 2378 pullum,
1252 2324 1375 2365 eum
1392 2310 1624 2379 desuper
1647 2310 1837 2365 sedere

249 2400 519 2455 iecerunt.
545 2400 657 2455 iloc
683 2410 857 2455 autem
882 2401 1080 2457 factum
1106 2410 1187 2458 est
1213 2402 1258 2467 δ,
1283 2412 1341 2458 ιιι
1366 2403 1676 2470 impleretur
1695 2405 1836 2473 quod

251 2479 454 2547 dicium
486 2503 569 2547 est
596 2507 692 2562 per
739 2493 1075 2562 prophetam,
1106 2494 1368 2551 dicentem
1394 2510 1410 2551 :
1442 2498 1459 2518 ‘
1492 2495 1659 2551 Dicite
1704 2497 1827 2551 ﬁliae

255 2582 387 2639 Sion
415 2600 428 2635 :
464 2583 600 2638 Ecce
623 2598 714 2640 rex
748 2592 869 2638 tuus
896 2583 1044 2637 venit
1066 2583 1163 2639 tibi
1182 2594 1510 2652 mansuetus,
1536 2586 1728 2641 sedens
1748 2601 1839 2641 su-

255 2689 355 2741 per
381 2674 580 2744 pullum
606 2675 774 2730 asina:
791 2675 1081 2744 subjugalis
1112 2673 1249 2745 (lca.
1280 2692 1407 2742 Lxu,
1431 2675 1529 2742 il;
1561 2676 1725 2730 Zach.
1760 2692 1835 2744 ιχ,

254 2764 339 2836 9).
369 2795 438 2806 —
467 2766 621 2821 JOAN.
656 2783 749 2830 xu,
782 2767 870 2821 16.
918 2766 1043 2822 Haec
1066 2784 1168 2820 non
1200 2777 1563 2838 cognoverunt
1591 2769 1834 2837 discipuli

258 2857 379 2924 ejus
400 2857 623 2926 primum
644 2874 661 2923 ;
682 2857 776 2912 sed
807 2857 1016 2927 quando
1042 2858 1366 2927 glorificatus
1389 2869 1472 2915 est
1498 2861 1674 2926 Jcsns,
1703 2870 1827 2915 tunc

258 2950 525 3003 recordati
555 2961 681 3005 sunt
710 2951 828 3020 quia
870 2950 987 3005 haec
1013 2961 1167 3006 erant
1192 2952 1391 3021 scripta
1415 2953 1481 3008 de
1505 2968 1571 3008 eo
1599 2971 1613 3007 :
1644 2963 1697 3010 et
1725 2954 1838 3009 ιιωο

259 3039 503 3095 fecerunt
528 3042 596 3096 ei.
628 3042 799 3097 Eunte
844 3053 1021 3097 autem
1067 3042 1183 3108 illo,
1235 3045 1385 3099 multi
1430 3045 1841 3101 substernebant

258 3132 578 3186 veStimenta
612 3147 707 3187 sua
736 3133 788 3187 in
818 3133 900 3186 via
936 3149 950 3187 :
985 3134 1076 3187 alii
1104 3142 1280 3188 autem
1336 3134 1614 3190 caadcbant
1664 3151 1839 3192 ramos

1934 1958 2141 2014 luncam
2175 1959 2441 2015 latronum
2472 1960 2605 2033 (lea.
2625 1979 2733 2033 LVI,
2761 1964 2959 2030 7;Jer.
2992 1965 3109 2037 vit).
3141 1966 3209 2022 Et
3240 1982 3346 2023 non
3370 1968 3519 2024 sine.

1934 2050 2027 2104 bat
2057 2062 2111 2105 ut
2133 2052 2414 2121 quisquam
2438 2054 2751 2110 transferret
2780 2070 2880 2111 vas
2904 2070 2999 2126 per
3024 2058 3299 2128 templum.
3321 2057 3520 2115 Recor-

1935 2141 2043 2195 dati
2062 2151 2185 2196 sunt
2212 2142 2601 2212 verodiscipnli
2627 2142 2745 2213 ejus
2792 2145 2914 2213 quia
2954 2145 3212 2215 scriptum
3259 2156 3384 2201 est:
3418 2146 3520 2202 Ze-

1936 2232 2019 2286 lus
2045 2232 2237 2287 domns
2264 2241 2369 2286 tua:
2392 2234 2627 2290 comedit
2676 2250 2762 2290 me
2819 2236 2995 2305 (Psal.
3050 2253 3232 2304 vam,
3275 2237 3390 2308 10).
3448 2238 3521 2292 Et

1936 2332 2281 2379 accesserunt
2300 2324 2365 2378 ad
2395 2340 2520 2380 eum
2548 2327 2679 2381 casei
2701 2336 2756 2382 et
2785 2326 2961 2382 claudi
2991 2328 3044 2382 in
3094 2329 3309 2398 templo,
3350 2340 3404 2385 et
3431 2344 3521 2385 sa-

1939 2414 2084 2468 navit
2114 2428 2227 2470 eos.
2260 2414 2512 2472 Vitlentes
2557 2425 2738 2472 autem
2783 2417 3053 2487 principes
3094 2419 3430 2475 sacerdotum
3464 2428 3521 2475 et

1937 2505 2129 2561 scriba:
2162 2506 2425 2561 mirabilia
2455 2523 2572 2576 qua:
2595 2506 2739 2575 fecit,
2776 2518 2832 2563 et
2889 2522 3087 2576 pueros
3119 2509 3415 2565 clamantes
3463 2510 3521 2566 in

1941 2599 2168 2667 templo.
2195 2608 2250 2654 et
2279 2600 2518 2656 dicentes
2552 2619 2564 2653 :
2594 2601 2843 2657 Hosanna
2883 2602 2991 2658 filio
3033 2602 3222 2669 David,
3265 2603 3520 2673 indignati

1938 2697 2099 2753 sunt,
2127 2698 2183 2744 et
2211 2690 2463 2746 dixerunt
2490 2692 2541 2745 ei
2590 2709 2605 2744 :
2633 2692 2802 2748 Audis
2821 2694 2947 2762 quid
2986 2693 3075 2748 isti
3102 2693 3285 2749 dicunt
3314 2694 3337 2749 ?
3366 2695 3522 2751 Jesus

1940 2791 2117 2837 autem
2160 2782 2291 2835 dicit
2314 2783 2434 2838 eis:
2480 2782 2697 2852 Utique.
2740 2783 3020 2853 Nunquam
3071 2785 3271 2855 legistis
3324 2803 3339 2841 :
3387 2787 3521 2854 Quia

1940 2888 2005 2927 ex
2068 2888 2164 2929 ore
2212 2872 2495 2928 infantium
2534 2883 2591 2930 et
2635 2875 2945 2930 lactentinm
2974 2916 2977 2921 .
3002 2875 3271 2944 perfecisti
3305 2876 3520 2932 laudem

1941 2960 2112 3032 (Psal.
2146 2963 2385 3033 vm,5)?
2432 2964 2843 3033 ReSponderunt
2886 2980 3012 3035 ergo
3056 2964 3225 3021 Judaei
3266 2975 3320 3022 et
3365 2966 3520 3023 dixe-

1941 3063 2063 3108 runt
2082 3054 2131 3110 ei
2154 3072 2168 3107 :
2193 3054 2346 3122 Quod
2374 3056 2582 3126 signum
2611 3057 2851 3112 ostendis
2874 3058 3049 3123 nobis,
3076 3058 3201 3126 quia
3224 3058 3339 3114 haec
3354 3058 3514 3114 facis?

1944 3144 2292 3215 Respondens
2318 3145 2498 3214 .lesus,
2526 3146 2661 3201 dixit
2689 3147 2769 3202 eis
2798 3164 2814 3201 :
2847 3148 3053 3205 Solvite
3084 3149 3335 3217 templum
3394 3149 3519 3215 hoc,

260 3222 330 3276 de
359 3222 664 3291 arboribus,
704 3234 756 3279 et
779 3226 1090 3281 sternebant
1136 3227 1187 3281 in
1220 3226 1323 3281 via.
1360 3226 1424 3280 Et
1472 3244 1593 3282 cum
1645 3243 1841 3298 appro-
1868 3248 1912 3310 ρ
1943 3243 2000 3288 et
2023 3234 2075 3289 in
2095 3236 2265 3288 tribus
2295 3234 2483 3289 diebus
2513 3236 2760 3290 excitabo
2786 3236 2940 3289 illud.
2970 3236 3228 3290 Dixerunt
3274 3252 3403 3306 ergo
3422 3236 3522 3291 Ju-

261 3315 552 3385 pinquaret
571 3316 679 3385 jam
710 3317 775 3371 ad
806 3316 1122 3373 descensum
1170 3320 1370 3371 montis
1402 3318 1616 3385 Oliveti,
1663 3336 1841 3389 coepe-

258 3406 781 3461 ruutomnesturba:
803 3406 1241 3461 descendentium
1280 3406 1572 3475 gaudentes
1622 3406 1841 3463 laudare

263 3500 435 3553 Deum
464 3514 593 3553 voce
623 3514 833 3566 magna.
861 3499 1052 3553 Turba:
1102 3507 1277 3554 autem
1311 3515 1426 3569 quae
1472 3500 1843 3569 praecedebant

262 3601 460 3659 etquae
482 3590 863 3660 sequebantur,
912 3590 1212 3644 clamabant
1256 3592 1495 3646 dicentes
1535 3608 1548 3643 :
1593 3591 1839 3645 llosanna

259 3681 377 3735 filio
424 3680 631 3746 David;
683 3681 994 3736 benedictus
1029 3681 1120 3752 qui
1172 3682 1315 3738 venit
1355 3698 1471 3748 rex,
1518 3682 1569 3736 in
1628 3682 1841 3738 nomine

260 3772 521 3837 Domini;
554 3788 655 3842 pax
678 3772 729 3826 in
772 3773 931 3837 coelo,
965 3782 1019 3827 et
1064 3771 1233 3842 gloria
1258 3773 1311 3827 in
1359 3773 1635 3839 excelsis;
1681 3772 1841 3827 benc-

256 3864 466 3919 dictum
495 3864 636 3933 quod
667 3864 809 3918 venit
838 3879 1057 3932 regnum
1090 3864 1254 3933 patris
1283 3863 1452 3918 nostri
1496 3864 1680 3918 David.
1734 3863 1841 3918 llo-

256 3970 430 4010 sanna
459 3955 509 4009 in
531 3955 777 4011 excelsis.
805 3985 878 3995 -
902 3954 1056 4011 Joxu.
1089 3971 1183 4024 xu,
1208 3955 1399 4009 12-14.
1450 3954 1505 4009 ιιι
1548 3954 1837 4010 crastinum

255 4030 437 4098 autem
464 4044 613 4098 turba
643 4044 803 4097 multa
822 4060 939 4113 quae
972 4053 1188 4099 venerat
1213 4044 1279 4099 ad
1304 4045 1443 4099 diem
1468 4044 1684 4112 festum,
1717 4060 1838 4100 cum

256 4137 534 4191 audissent
565 4138 687 4206 quia
733 4138 882 4191 venit
933 4135 1092 4191 Jesus
1142 4135 1586 4207 Hierosolymam,
1625 4151 1843 4206 accepe-

258 4239 389 4284 runt
417 4243 592 4284 ramos
620 4231 936 4298 palmarum,
968 4239 1022 4285 et
1041 4239 1418 4298 processerunt
1441 4229 1650 4283 obviam
1687 4228 1760 4295 ei,
1787 4237 1841 4283 et

258 4322 564 4375 clamabant
594 4337 607 4372 :
644 4319 1236 4387 ilosaima,benedictus
1261 4320 1350 4390 qui
1374 4321 1517 4374 venit
1546 4322 1600 4374 in
1626 4319 1843 4374 nomine

256 4413 493 4481 Domini,
524 4429 614 4467 rex
645 4413 830 4467 Israel.
859 4439 929 4453 —-
951 4412 1083 4466 Luc.
1125 4427 1237 4477 nx,
1290 4410 1482 4465 59-44.
1513 4412 1582 4464 Et
1623 4411 1840 4478 quidam

253 4500 654 4579 Pharisatorum
681 4501 747 4553 de
763 4501 933 4553 turbis
954 4500 1206 4553 dixerunt
1243 4498 1309 4552 ad
1340 4498 1490 4551 illum
1525 4515 1538 4551 :
1565 4499 1840 4567 Magister,

1943 3325 2047 3380 dtei
2076 3344 2090 3380 :
2117 3325 2475 3396 Quadraginta
2502 3336 2555 3380 et
2583 3341 2676 3382 sex
2708 3328 2863 3382 annis
2905 3327 3222 3382 :ediﬁeatum
3268 3335 3353 3382 est
3388 3337 3524 3383 tem-

1945 3416 2088 3484 plum
2116 3416 2239 3483 hoc,
2271 3424 2325 3470 et
2348 3424 2401 3470 tu
2431 3414 2601 3471 tribus
2620 3415 2811 3470 diebus
2838 3416 3100 3472 excitabis
3125 3415 3289 3471 illud?
3312 3415 3402 3472 ille
3426 3431 3523 3472 au-

1947 3517 2052 3563 tem
2080 3507 2297 3562 dicebat
2312 3506 2380 3562 de
2399 3506 2598 3577 templo
2618 3506 2858 3576 corporis
2888 3507 2992 3561 sui.

2474 3623 2702 3679 CAPUT
2724 3620 2955 3677 CXVIII.

1940 3713 2095 3769 λειω
2118 3713 2342 3782 pratum
2371 3715 2563 3768 ca'ten's
2619 3714 2844 3778 viduam,
2880 3722 3087 3783 propter
3131 3714 3233 3769 duo
3278 3729 3384 3767 tera
3433 3714 3525 3766 mi-

2012 3798 2136 3839 nuta
2167 3800 2186 3838 :
2212 3786 2501 3856 adjuugens
2528 3785 2822 3853 parabolam
2842 3787 2905 3838 de
2947 3784 3212 3839 Phariaca
3258 3792 3305 3838 et
3338 3783 3521 3839 Publi-

2012 3871 2163 3922 cano,
2188 3867 2364 3909 contra
2392 3871 2475 3911 eos
2501 3856 2588 3926 qui
2609 3871 2661 3909 se
2689 3858 2959 3909 extollunt.

2013 3957 2188 4012 Mane.
2223 3972 2317 4022 xu,
2345 3956 2541 4023 41-4-4;
2569 3955 2699 4010 Luc.
2727 3970 2837 4022 xxt,
2873 3954 2985 4009 1-4.
3004 3953 3317 4025 Respiciens
3345 3960 3525 4009 autem

1943 4049 2076 4103 vidit
2104 4064 2200 4104 eos
2220 4051 2309 4117 qui
2339 4048 2627 4104 mittebant
2654 4064 2875 4103 munera
2906 4048 3066 4103 suain
3089 4046 3527 4117 gazophylacium

1941 4143 2163 4198 divites.
2194 4142 2340 4197 Vidit
2366 4152 2544 4197 autem
2574 4151 2628 4196 et
2661 4141 2944 4210 quamdam
2972 4139 3185 4193 viduam
3233 4152 3528 4208 paupercu-

1942 4232 2073 4300 lam,
2096 4231 2397 4287 mittentem
2429 4246 2535 4286 πη
2562 4230 2766 4286 minuta
2797 4231 2930 4296 duo,
2948 4229 3091 4299 quod
3122 4237 3208 4285 est
3234 4228 3526 4297 quadrans.

1944 4326 2013 4380 Et
2039 4339 2343 4382 convocans
2368 4323 2661 4394 discipulos
2686 4337 2834 4391 suos,
2850 4323 2927 4377 ait
2960 4321 3062 4375 illis
3088 4339 3101 4374 :
3129 4320 3268 4374 Vere
3288 4319 3409 4374 dico
3436 4332 3532 4372 vo-

1945 4418 2049 4483 bis,
2073 4418 2198 4487 quia
2224 4416 2385 4471 vidua
2409 4416 2526 4471 haec
2556 4430 2756 4484 pauper
2778 4415 2898 4482 plus
2923 4425 3082 4480 quam
3120 4424 3309 4464 omnes
3356 4408 3526 4464 misit.

1948 4508 2079 4560 Nam
2109 4518 2299 4560 omnes
2322 4505 2377 4559 hi
2405 4519 2472 4559 ex
2494 4502 2785 4559 abundanti
2810 4501 2913 4556 sibi
2934 4501 3195 4556 miserunt
3213 4498 3269 4554 in
3298 4511 3527 4553 munera

256 4595 480 4661 increpa
506 4589 797 4658 ἀίδεῖρυιοε
824 4588 1189 4655 luos-Quibus
1212 4588 1328 4655 ipse
1356 4586 1431 4641 θίι
1460 4604 1474 4640 ε
1504 4587 1636 4642 Dico
1666 4587 1836 4656 VObiS.
1866 4617 1921 4677 D
1945 4595 2042 4651 Dei
2067 4617 2080 4650 :
2106 4595 2223 4651 haec
2250 4604 2427 4650 autem
2451 4610 2521 4652 ex
2542 4608 2608 4649 eo
2630 4592 2771 4663 quod
2792 4592 2946 4648 deest
2974 4591 3074 4659 illi,
3117 4600 3287 4648 totum
3323 4592 3528 4649 victum

255 4686 383 4756 quia
404 4684 450 4740 si
473 4682 527 4738 hi
561 4680 839 4748 tacuerint,
869 4680 1072 4752 lapides
1092 4679 1422 4735 clamabunt.
1452 4679 1520 4733 Et
1552 4678 1841 4749 appropin-

253 4778 439 4849 quavit
469 4775 825 4843 Hierusalem,
858 4783 914 4835 et
937 4773 1128 4830 videns
1158 4773 1431 4829 civitatem
1485 4772 1633 4828 flevit
1677 4785 1840 4841 super

254 4872 404 4939 illam
431 4868 618 4924 dicens
647 4884 663 4921 :
693 4867 826 4934 Quia
846 4867 893 4924 si
922 4865 1264 4936 cognovisses
1289 4872 1343 4919 et
1358 4872 1435 4931 tu,
1464 4872 1518 4919 et
1537 4863 1755 4935 quidem
1784 4863 1838 4917 in

255 4962 360 5017 hac
410 4959 497 5015 die
521 4966 633 5025 tua,
664 4973 785 5028 quat
837 4957 902 5013 ad
926 4971 1109 5027 pacem
1133 4957 1230 5011 tibi
1260 4973 1277 5011 :
1305 4971 1447 5011 nunc
1488 4966 1665 5010 autem
1718 4953 1841 5010 abs-

254 5049 477 5121 condita
523 5056 649 5111 sunt
666 5047 736 5102 ab
760 5048 1072 5117 oculistuis.
1095 5045 1233 5114 Quia.
1256 5046 1472 5101 venient
1500 5046 1619 5102 dies
1657 5046 1711 5100 in
1734 5054 1834 5102 te:

257 5152 314 5197 et
343 5139 747 5210 circumdabant
766 5147 818 5194 te
844 5138 1041 5207 inimici
1074 5137 1149 5192 tui
1188 5135 1345 5202 vallo,
1376 5136 1408 5171 ’*
1436 5145 1492 5191 et
1515 5144 1837 5205 coangusta-

254 5235 390 5303 bunt
419 5242 470 5290 te
497 5233 755 5302 undique,
786 5241 841 5303 et
863 5231 928 5286 ad
943 5240 1139 5286 terram
1182 5237 1526 5301 prosternent
1556 5238 1629 5292 te,
1681 5236 1736 5283 et
1774 5228 1836 5281 fi.

256 5328 359 5383 lios
378 5328 409 5363 ’ί
434 5327 524 5398 qui
568 5328 621 5381 in
653 5333 705 5381 te
725 5337 880 5392 sunt;
904 5333 960 5380 et
987 5339 1092 5379 non
1131 5323 1430 5393 relinquent
1452 5321 1506 5376 in
1533 5329 1584 5377 te
1602 5319 1834 5401 lapidem

256 5434 419 5488 super
445 5418 697 5487 lapidem,
725 5416 953 5488 eoquod
974 5431 1079 5479 non
1111 5414 1429 5487 cognoveris
1460 5423 1675 5482 tempus
1712 5412 1839 5467 visi-

255 5511 473 5565 tationis
501 5517 625 5565 tuae.

1942 4701 2097 4742 suum
2125 4701 2283 4757 quem
2309 4685 2495 4740 habuit
2513 4684 2678 4740 misit.
2720 4713 2789 4725 —
2808 4683 2940 4739 Luc.
2972 4698 3122 4752 xvtu,
3145 4682 3299 4739 9-14.
3382 4682 3529 4737 Dixit

1943 4785 2120 4834 autem
2145 4778 2210 4833 ad
2237 4776 2495 4849 quosdam
2517 4775 2682 4846 quiin
2713 4789 2773 4832 se
2796 4774 3137 4833 conﬁdebant
3163 4784 3413 4846 tanquam
3437 4773 3526 4843 ju-

1941 4870 2033 4936 sti,
2058 4878 2114 4925 et
2144 4869 2574 4940 aspernabantur
2594 4876 2837 4933 caeteros,
2862 4867 3168 4936 parabolam
3195 4867 3373 4922 istam.
3407 4864 3526 4919 Duo

1942 4958 2190 5014 homines
2245 4958 2605 5015 ascenderunt
2644 4958 2698 5011 in
2732 4958 2985 5028 templum
3009 4966 3065 5011 ut
3093 4963 3309 5010 orarent
3340 4970 3355 5008 :
3389 4967 3527 5008 unus

1941 5049 2270 5119 Pharisaaus,
2294 5056 2350 5104 et
2366 5048 2502 5104 alter
2517 5047 2851 5118 publicanus.
2882 5046 3184 5101 Pharisaaus
3206 5053 3376 5108 stans,
3405 5041 3524 5097 hate

1938 5140 2078 5211 apud
2129 5156 2191 5197 se
2238 5141 2471 5197 orabat:
2503 5139 2667 5210 Deus,
2725 5140 2925 5211 gratias
2971 5152 3071 5207 ago
3108 5137 3241 5202 tibi,
3269 5137 3389 5205 quia
3419 5150 3525 5189 non

1940 5248 2060 5289 sum
2081 5233 2412 5290 sicutcatteri
2435 5234 2737 5299 hominum,
2759 5240 3028 5301 raptores,
3050 5227 3256 5297 injusti,
3271 5224 3525 5290 adulteri,

1939 5324 2083 5381 velut
2110 5323 2271 5379 etiam
2298 5324 2385 5379 hic
2419 5324 2761 5395 publicanus.
2817 5320 3009 5389 Jejuno
3050 5318 3132 5373 bis
3178 5316 3232 5371 in
3279 5313 3525 5382 sabbato,

1942 5413 2177 5469 decimas
2204 5412 2274 5468 do
2296 5413 2536 5467 omnium
2564 5427 2681 5482 qua:
2732 5411 3003 5481 possideo.
3047 5408 3113 5463 Et
3158 5405 3469 5476 publicanus
3497 5417 3526 5456 ι

1941 5504 2098 5575 longe
2120 5515 2293 5575 stans,
2323 5504 2655 5560 nolebatnec
2667 5503 2880 5560 oculum
2901 5503 2932 5537 "
2963 5501 3167 5563 levare,
3192 5498 3286 5553 sed
3334 5510 3527 5567 percu-

324 5661 350 5689 α
378 5650 627 5719 Legimus
656 5650 707 5704 in
736 5648 991 5719 Gr.,i.uc.
1014 5662 1161 5715 xvut,
1192 5646 1280 5715 i3,
1314 5645 1417 5710 δοξ.
1468 5649 1550 5703 τάν
1570 5646 1710 5703 Θιὸν.
1736 5644 1824 5703 Sic
1926 5645 2140 5716 quidam
2171 5646 2291 5719 boni
2318 5646 2441 5719 libri
2468 5645 2747 5719 omittunt,
2762 5643 2946 5719 judice
2988 5641 3128 5719 Luca
3171 5638 3338 5719 _I_lrug.
3366 5636 3526 5719 Deest

254 5733 308 5778 et
332 5723 387 5775 in
418 5714 594 5788 Vhlg.,
620 5714 845 5789 magnif.’
864 5718 1042 5772 Deum.

327 5792 354 5830 δ
404 5790 555 5860 Vulg.
588 5807 601 5843 :
631 5790 744 5843 Hoc
796 5800 961 5843 autem
1009 5797 1169 5842 totum

261 5873 419 5921 totum
454 5858 809 5933 co'usentanee
861 5860 1047 5920 Grmco
1100 5869 1154 5916 et
1206 5860 1384 5930 Syro,
1442 5858 1586 5931 quod
1643 5868 1818 5917 tamen

1966 5730 2138 5785 uoque
2188 5716 2294 5772 ὄλσν
2323 5716 2373 5770 in
2403 5716 2557 5771 Cant.
2596 5724 2652 5771 et
2703 5705 2904 5783 aliquot
2950 5705 3308 5779 versiooihus,
3340 5716 3397 5765 ut
3446 5705 3523 5764 vi-

1216 5788 1407 5855 factum
1460 5766 1822 5860 est._Additur
1926 5732 2599 5860 ngggitzgaudnil‘t’lfimua

1994 5958 2017 5989 ζ’
2032 5963 2058 5990 "2
2131 5965 2135 5969 '

3555 704 3582 841 ἵ

3554 845 3569 916 ῑ

3318 979 3334 1016 :
3383 963 3513 1030 Quis
3591 960 3596 966 ’
