4038 6356
444 269 547 322 315

1578 255 1889 313 VICTORIS
1928 250 2231 309 EPlSCOPl
2268 249 2565 307 CAPUANI

3601 251 3708 304 516

445 382 612 436 tiebat
639 387 1020 450 pectussuum,
1038 375 1253 433 dicens:
1277 373 1442 434 Deus,
1479 369 1736 440 propitius
1757 377 1873 422 esto
1893 365 2022 420 mihi
2050 368 2098 424 Α
2128 364 2319 418 iterum
2342 365 2487 417 venit
2518 362 2569 416 in
2604 359 2876 428 templum.
2903 356 2970 413 Et
2991 357 3165 413 omnis
3211 359 3438 430 populus
3465 364 3613 418 venit
3640 364 3710 419 ad

447 471 734 542 peccatori.
764 470 893 524 Dico
936 468 1088 523 vobis
1141 462 1462 521 :descendit
1503 460 1588 514 hic
1625 459 1945 527 jttstiﬁcatus
1968 457 2021 510 in

447 567 663 619 domum
689 579 837 619 suam
864 562 932 617 ab
960 562 1048 617 illo
1070 561 1222 631 ;quia
1244 557 1416 613 omnis
1439 556 1527 626 qui
1549 569 1608 610 se
1629 555 1827 609 exaltat
1849 553 2025 608 humi-

449 656 689 721 liabitur,
713 664 766 710 et
785 654 874 724 qui
899 668 959 708 se
981 647 1570 706 humiliatexaltabitur.
1594 675 1658 686 —
1679 645 1886 699 ΜΑτι-ιι.
1910 659 2022 710 xxt,

449 749 548 812 17,
582 747 756 800 Mane.
786 759 861 811 xt,
889 743 974 797 ll.
1002 743 1066 797 Et
1090 740 1292 796 relictis
1321 737 1449 803 illis,
1501 752 1620 792 cum
1657 737 1766 807 jam
1803 751 2024 806 vespera

451 848 596 891 esset
621 837 773 901 hora,
793 833 925 888 abiit
961 832 1104 886 foras
1135 841 1285 884 extra
1309 827 1582 883 civitatem
1618 827 1670 880 in
1688 824 2023 890 Betlianiam,

449 928 633 996 ibique
654 924 1080 982 mansit.—Loc.
1100 939 1173 989 ix,
1199 921 1285 973 11.
1302 919 1554 975 Etsciens
1575 917 1727 972 turba
1751 915 1891 986 quod
1903 916 2029 970 exiit

445 1028 599 1073 extra
621 1019 912 1083 civitatem,
942 1016 1112 1070 secuti
1144 1021 1268 1068 sunt
1288 1027 1434 1067 eum.
1463 1011 1528 1065 Et
1574 1009 1875 1080 suscipiens
1936 1021 2028 1063 eos

455 1112 648 1180 quibus
675 1109 973 1168 necessaria
996 1117 1111 1163 erat
1137 1120 1287 1174 cura,
1307 1103 1551 1160 sanabat.

1007 1247 1232 1304 CAPUT
1270 1244 1460 1302 CXIX.

665 1340 745 1397 De
783 1339 1065 1395 Nicodemo
1093 1339 1178 1408 qui
1205 1339 1338 1393 venit
1363 1336 1431 1390 ad
1461 1335 1639 1391 Jesum
1663 1340 1829 1388 nocte.

518 1453 674 1508 Josu.
699 1467 779 1519 ιιι,
811 1450 961 1504 1-21.
994 1450 1116 1504 Erat
1156 1456 1335 1504 autem
1396 1447 1558 1503 homo
1604 1461 1672 1502 ex
1719 1442 2029 1509 Pliaristeis,

448 1541 775 1598 Nicodemus
795 1542 1031 1606 nomine,
1083 1540 1335 1610 princeps
1362 1537 1692 1594 Judaeorum.
1738 1536 1837 1592 Hic
1887 1532 2032 1589 venit

448 1637 518 1690 ad
546 1651 668 1689 eum
698 1643 886 1701 nocte,
917 1641 974 1688 et
998 1633 1133 1689 dixit
1184 1632 1234 1688 ei
1286 1649 1302 1688 :
1344 1631 1536 1699 Rabbi,
1588 1629 1789 1685 scimus
1829 1629 1952 1698 quia
2001 1642 2031 1680 a

453 1725 566 1779 Deo
594 1724 790 1779 venisti
830 1725 1122 1794 magister:
1146 1736 1305 1778 nemo
1333 1721 1478 1776 enim
1512 1728 1690 1790 potest
1732 1719 1846 1773 haec
1879 1719 2029 1788 signa
2062 1738 2106 1798 Β

452 1818 633 1872 facere.
653 1831 773 1887 qua:
803 1825 856 1870 tu
887 1816 1156 1882 iacis,nisi
1181 1813 1498 1871 lueritDeus
1542 1828 1664 1868 eum
1697 1812 2035 1881 eo.Respon-

453 1908 534 1963 dit
556 1907 747 1979 Jesus,
777 1918 832 1964 et
851 1909 993 1964 dixit
1013 1909 1061 1964 ei
1097 1926 1110 1960 :
1141 1909 1336 1974 Amen,
1387 1922 1543 1961 amen
1591 1906 1714 1962 dico
1761 1904 1880 1971 tibi,
1932 1905 2032 1959 nisi

452 1999 575 2067 quis
599 2010 753 2054 natus
779 1999 941 2055 fuerit
967 1999 1162 2063 denuo,
1196 2013 1301 2053 non
1352 2007 1528 2068 potest
1574 1997 1761 2052 videre
1804 2010 2028 2066 regnum

453 2088 570 2144 Dei.
599 2090 733 2145 Dicit
762 2091 828 2144 ad
857 2104 976 2145 eum
993 2090 1318 2145 Nicodemus
1343 2105 1359 2143 :
1401 2089 1680 2156 Quomodo
1723 2095 1898 2158 potest
1933 2087 2033 2141 ho-

451 2194 542 2233 mo
571 2182 736 2247 nasci,
771 2195 896 2234 cum
925 2181 996 2236 sit
1040 2181 1238 2235 senex?
1283 2179 1534 2248 Nunquid
1585 2186 1762 2248 potest
1802 2178 1856 2232 in
1902 2192 2035 2231 ven-

454 2284 592 2330 trem
614 2275 800 2330 matris
817 2289 928 2330 suae
945 2276 1141 2330 iterato
1168 2274 1390 2328 introire
1405 2273 1502 2327 et"
1526 2272 1712 2326 nasci?
1741 2270 2037 2341 Respondit

456 2365 617 2421 Jesus
653 2384 665 2418 :
699 2368 905 2433 Amen,
945 2379 1103 2419 amen
1149 2364 1272 2418 dico
1329 2363 1446 2430 tibi,
1503 2362 1605 2417 nisi
1654 2361 1775 2432 quis
1818 2369 2036 2416 renatus

451 2454 613 2510 fuerit
641 2469 707 2510 ex
736 2464 944 2523 aquaet
984 2455 1253 2524 Spiritu“,
1278 2469 1384 2508 non
1416 2461 1591 2522 potest
1615 2451 1836 2507 introire
1874 2452 1926 2507 in
1948 2468 2036 2508 re-

453 2562 616 2617 gnum
643 2547 762 2602 Dei.
789 2546 942 2614 Quod
1010 2555 1191 2601 natum
1263 2555 1343 2600 est
1385 2559 1451 2601 ex
1507 2559 1671 2600 carne
1706 2559 1832 2599 caro
1856 2553 1958 2609 est,
1982 2553 2037 2598 et

453 2639 594 2708 quod
624 2647 803 2693 natum
835 2647 915 2693 est
940 2653 1004 2692 ex
1033 2637 1234 2706 Spiritu
1266 2637 1485 2706 spiritus
1522 2645 1623 2692 est.
1655 2637 1768 2691 Non
1821 2635 2034 2691 mireris

454 2730 575 2799 quia
599 2730 706 2784 dixi
739 2728 852 2792 tibi,
885 2737 1093 2797 oportet
1122 2743 1217 2782 vos
1240 2728 1384 2781 nasci
1433 2727 1633 2784 denuo.
1691 2725 1924 2796 Spiritus
1948 2725 2036 2781 ubi

455 2823 568 2876 vult
589 2820 792 2889 spirat:
823 2829 876 2875 et
905 2833 1090 2874 vocem
1115 2819 1232 2888 ejus
1262 2817 1433 2883 audis,
1468 2818 1562 2872 sed
1608 2831 1712 2871 non
1761 2817 1866 2871 scis
1896 2816 2036 2870 unde

456 2909 659 2978 veniat,
683 2919 735 2964 et
757 2924 861 2979 quo
890 2911 1064 2963 vadat.
1095 2908 1185 2964 Sic
1215 2919 1295 2963 est
1317 2908 1492 2962 omnis
1513 2909 1600 2977 qui
1635 2917 1790 2960 natus
1840 2915 1923 2959 est
1969 2921 2038 2960 ex

460 3002 683 3072 Spiritu.
706 3001 1001 3072 Respondit
1028 3000 1349 3054 Nicodemus
1377 3009 1431 3054 et
1479 2998 1613 3053 dixit
1639 2999 1688 3053 ei
1722 3015 1736 3050 :
1759 2997 2036 3065 Quomodo

454 3101 680 3166 possunt
704 3092 820 3147 haec
851 3091 1003 3147 ﬁeri?
1032 3091 1323 3160 Respondit
1344 3091 1502 3145 Jesus
1549 3099 1604 3145 et
1656 3089 1790 3144 dixit
1836 3089 1886 3143 ei
1919 3088 2037 3143 :Tu

458 3199 519 3239 es
550 3183 802 3256 magister
824 3183 876 3237 lu
909 3182 1091 3249 Israel,
1113 3191 1168 3237 et
1192 3181 1307 3236 iure
1351 3180 1604 3251 ignoras?
1655 3182 1845 3248 Amen,
1879 3193 2035 3233 amen

455 3274 576 3328 dico
599 3274 715 3343 tibi,
753 3274 874 3342 quia
904 3273 1046 3343 quod
1073 3274 1271 3328 scimus
1301 3271 1591 3341 loquimur,
1623 3277 1677 3326 et
1715 3270 1854 3339 quod
1901 3269 2037 3324 vidi-

460 3379 579 3418 mus
602 3374 859 3421 te-tamur
892 3374 977 3419 :et
1002 3364 1366 3419 testimonium
1381 3371 1620 3417 nostrum
1643 3377 1748 3416 non
1771 3361 2034 3432 accipitis.

457 3455 515 3510 Si
549 3465 757 3511 terrena
788 3455 894 3509 dixi
925 3455 1098 3521 vobis,
1121 3465 1172 3510 et
1201 3470 1304 3509 non
1336 3454 1555 3509 creditis
1585 3493 1600 3518 ,
1647 3452 1932 3522 quomodo,
1991 3452 2036 3506 si

456 3547 643 3601 dixero
661 3547 814 3601 vi-his
843 3546 1381 3611 cmlestia,credetis?
1430 3543 1498 3598 Et
1532 3558 1691 3598 nemo
1719 3543 1954 3598 ascendit
1984 3542 2038 3597 in

457 3637 678 3703 caelum,
703 3638 804 3690 nisi
831 3637 921 3705 qui
952 3635 1233 3692 descendit
1259 3635 1327 3690 de
1353 3636 1514 3699 caelo,
1565 3634 1730 3690 Filius
1784 3634 2036 3702 hominis,

458 3727 654 3796 quiest
685 3728 736 3778 in
763 3728 922 3780 caelo.
951 3725 1017 3779 Et
1038 3727 1177 3780 sicut
1212 3728 1419 3796 Moyses
1447 3726 1703 3779 exaltavit
1734 3735 2038 3793 serpentem

459 3817 513 3872 in
541 3831 722 3870 eremo
748 3815 935 3886 (Num.
962 3831 1072 3883 xxi,
1102 3802 1181 3884 9‘),
1213 3816 1281 3870 ita
1312 3816 1531 3871 exaltari
1573 3823 1788 3884 oportet
1843 3815 2038 3870 Filium

459 3907 693 3963 hominis
725 3925 738 3962 :
770 3918 826 3962 ut
847 3909 1020 3963 omnis
1047 3910 1133 3979 qui
1165 3909 1335 3963 credit
1365 3907 1421 3962 in
1453 3909 1622 3979 ipsum
1687 3924 1792 3964 non
1834 3918 2038 3979 pereat,

459 4000 554 4056 sed
582 3999 773 4054 habeat
801 3999 963 4054 vitam
1017 4009 1294 4055 aeternam.
1345 4001 1432 4056 Sic
1481 4001 1623 4055 enim
1678 4001 1866 4056 dilexit
1903 4003 2042 4056 Deus

460 4091 738 4158 mundum,
783 4103 838 4146 ut
887 4092 1076 4146 Filium
1131 4108 1282 4146 suum
1339 4093 1665 4162 unigenitum
1708 4093 1861 4147 daret
1917 4111 1929 4146 :
1987 4103 2043 4147 ut

459 4186 636 4241 omnis
657 4187 744 4258 qui
772 4186 943 4241 credit
973 4186 1026 4240 in
1050 4185 1167 4256 ipso
1192 4187 1222 4221 “
1252 4202 1354 4240 non
1385 4195 1588 4256 pereat,
1616 4186 1708 4240 sed
1743 4187 1934 4241 habent
1958 4186 2040 4239 vi-

458 4287 567 4331 tam
601 4288 876 4333 aeternam.
906 4279 1017 4334 Non
1048 4280 1190 4334 enim
1220 4277 1364 4332 misit
1392 4279 1529 4332 Deus
1567 4276 1758 4331 Filium
1807 4293 1961 4332 suum
1988 4279 2043 4332 in

456 4369 980 4441 mundumutjuilicet
997 4371 1277 4436 mundum,
1290 4371 1379 4423 sed
1395 4371 1693 4424 utsalvetur
1708 4370 1936 4424 mundus
1951 4383 2045 4440 per

457 4463 654 4529 ipsum.
673 4465 772 4529 Qui
789 4465 1025 4519 creditin
1041 4480 1165 4519 eum
1184 4462 1591 4532 nonjudicatur.
1613 4463 1711 4530 Qui
1727 4472 1903 4518 autem
1934 4478 2037 4517 non
2068 4466 2122 4527 D

457 4551 630 4604 credit
668 4552 775 4618 jam
799 4552 1061 4620 judicatus
1085 4566 1197 4618 est,
1230 4556 1354 4623 quia
1388 4569 1491 4607 non
1521 4554 1691 4608 credit
1722 4554 1774 4607 in
1827 4559 2040 4607 nomine

459 4642 716 4710 unigeniti
736 4643 852 4696 Filii
869 4643 978 4696 Dei.
1005 4645 1116 4698 Hoc
1134 4655 1403 4700 estautem
1423 4646 1677 4714 judicium
1701 4646 1850 4713 :quh
1875 4648 1964 4698 lux
1988 4646 2039 4699 in

461 4732 716 4785 mundum
748 4733 912 4796 venit,
947 4742 999 4785 et
1027 4733 1330 4787 dilexerunt
1385 4735 1628 4786 homines
1687 4735 1853 4801 magis
1893 4743 2031 4787 tene-

461 4826 587 4879 bras
610 4838 766 4893 quam
799 4824 970 4878 lucem
1017 4842 1029 4876 :
1064 4833 1218 4877 erant
1243 4825 1386 4878 enim
1437 4825 1574 4878 mala
1629 4838 1814 4878 eorum
1851 4840 2035 4896 opera.

463 4917 650 4970 Omnis
675 4916 814 4970 enim
845 4915 1087 4985 quimale
1109 4915 1238 4985 agit,
1270 4917 1381 4969 odit
1402 4915 1608 4978 lucem,
1640 4924 1694 4969 et
1739 4930 1843 4970 non
1896 4916 2042 4970 venit

462 5008 528 5061 ad
565 5009 754 5072 lucem,
785 5015 842 5060 ut
873 5021 975 5060 non
1006 5016 1294 5076 arguantur
1338 5021 1496 5076 opera
1544 5005 1678 5076 ejus.
1707 5006 1804 5072 Qui
1861 5019 2038 5061 autem

461 5100 586 5154 facit
614 5099 1075 5165 veritatem,venit
1105 5098 1170 5152 ad
1203 5099 1398 5165 lucem,
1420 5107 1478 5152 ut
1504 5099 1902 5154 manifestentur
1923 5099 2040 5168 t-jtts

460 5205 646 5258 opera,
674 5191 795 5260 quia
826 5191 877 5244 in
910 5189 1018 5244 Deo
1046 5199 1166 5245 sunt
1196 5189 1352 5244 facta.
1376 5221 1444 5231 —-
1470 5191 1623 5248 JOAN.
1653 5209 1743 5257 Vll,
1775 5193 1876 5257 53;
1919 5208 2031 5258 vui,

463 5282 516 5346 1,
545 5281 598 5332 2.
632 5281 696 5335 Et
727 5279 927 5336 reversi
956 5291 1080 5336 sunt
1107 5282 1468 5352 unusquisque
1499 5283 1552 5336 in
1607 5282 1827 5337 domum
1858 5298 2029 5339 suam.

459 5370 611 5428 Jcsus
632 5383 807 5429 autem
834 5376 1067 5444 perrexit
1090 5375 1144 5428 in
1176 5384 1410 5431 montem
1441 5376 1664 5442 Oliveti;
1697 5387 1752 5431 et
1798 5376 2033 5433 dilucuio

531 5517 558 5544 ι
598 5509 894 5564 Pronomen
945 5509 1082 5564 istud
1138 5526 1242 5566 non
1306 5512 1693 5579 subjiciendum
1751 5525 2031 5570 monuerat

460 5578 777 5651 ιιι-εηΒιξιιᾳ.
809 5582 876 5634 Ει
904 5580 1051 5635 abest
1077 5582 1289 5650 quidem
1320 5597 1349 5636 a
1380 5578 1474 5639 Gr.
1503 5593 1556 5638 et
1579 5600 1606 5635 ει
1639 5583 1790 5651 Vulg.

532 5647 558 5686 δ
578 5648 889 5723 Addiditnus
937 5665 988 5703 se
1029 5647 1150 5706 cum
1181 5653 1332 5723 Vulg.
1353 5692 1370 5717 ,
1417 5655 1556 5723 quod
1581 5647 1817 5709 deest'in
1848 5655 2024 5710 eilitis.

460 5717 589 5787 Cr.,
631 5720 922 5790 ἀνακύψας,
955 5730 1148 5778 erectus
1183 5717 1508 5796 scu'erige'us
1534 5739 1588 5783 se
1625 5740 1646 5782 :
1673 5739 1843 5794 neque
1869 5725 2025 5782 aliter

2126 468 2269 522 eum,
2299 460 2355 508 et
2380 454 2572 509 sedens
2597 452 2820 506 docebat
2843 466 2956 505 eos.

2695 561 2922 617 CAPUT
2964 561 3127 616 CXX.

2252 648 2330 704 De
2360 653 2568 706 muliere
2595 669 2626 704 a
2654 651 2852 706 Judazis
2880 654 2934 706 in
2965 654 3218 708 adulterio
3246 655 3583 726 deprehensa.

2197 764 2354 820 .loxtt.
2397 779 2512 829 viti,
2542 764 2689 818 5-H.
2733 763 3020 818 Adducunt
3045 775 3220 820 autem
3252 768 3439 824 scriba:
3479 780 3536 825 et
3574 771 3724 826 Plia-

2130 856 2273 912 risaei
2315 855 2594 911 mulierem
2638 855 2690 909 in
2736 855 2998 910 adulterio
3045 856 3453 926 deprehensam,
3501 871 3557 916 et
3597 874 3714 916 sta-

2130 955 2347 1003 tuerunt
2373 962 2490 1002 eam
2520 947 2572 1001 in
2602 946 2804 1012 medio,
2824 957 2877 1002 et
2900 946 3160 1003 dixerunt
3183 947 3236 1003 ei
3259 965 3273 1002 :
3299 949 3574 1020 Magister,
3599 953 3719 1007 hac

2133 1039 2326 1094 mulier
2371 1038 2532 1092 modo
2571 1037 2904 1107 deprehensa
2948 1049 3032 1093 est
3071 1038 3124 1094 in
3171 1039 3456 1094 adulterio.
3492 1041 3548 1096 ln
3599 1043 3722 1114 lege

2133 1141 2310 1186 autem
2357 1131 2568 1202 Moyses
2614 1130 2886 1185 mandavit
2927 1132 3082 1186 nobis
3131 1131 3437 1202 ltnjusmodi
3470 1135 3722 1203 lapidare

2135 1221 2280 1291 (Leo.
2308 1237 2404 1287 xx,
2436 1221 2547 1290 10).
2579 1221 2660 1276 Τιι
2689 1235 2816 1291 ergo
2843 1222 2965 1291 quid
3007 1222 3178 1278 dicis?
3209 1224 3336 1280 [late
3364 1236 3541 1282 autem
3569 1228 3724 1284 dice-

2135 1312 2263 1367 bant
2293 1319 2555 1368 tentantes
2583 1327 2729 1378 eum,
2760 1321 2820 1366 ut
2849 1324 3066 1382 possent
3091 1329 3347 1372 accusare
3381 1332 3530 1372 eum.
3559 1319 3722 1376 Jesus

2137 1413 2314 1460 autem
2339 1403 2601 1459 inclinans
2622 1418 2682 1459 se
2700 1405 2971 1473 deorsum,
2998 1405 3167 1477 digito
3186 1408 3455 1465 scribebat
3474 1410 3530 1465 in
3553 1421 3721 1470 terra.

2136 1492 2270 1551 Cum
2297 1502 2475 1549 autem
2505 1504 2910 1563 perseverarent
2938 1493 3329 1566 interrogantes
3368 1513 3516 1564 eum,
3546 1505 3726 1556 ειιιιιίι

2140 1599 2222 1652 se,
2245 1594 2299 1641 et
2317 1585 2453 1640 dixit
2479 1585 2588 1653 eis;
2612 1584 2713 1651 Qui
2739 1584 2855 1643 sine
2881 1594 3097 1654 peccato
3119 1594 3202 1643 est
3229 1598 3484 1655 vestrum,
3509 1593 3723 1660 primus

2138 1676 2190 1730 in
2216 1675 2360 1731 illam
2383 1676 2612 1746 lapidem
2629 1677 2823 1732 mittat.
2841 1677 2907 1732 Et
2927 1678 3118 1733 iterum
3138 1693 3198 1735 se
3216 1679 3478 1736 inclinans
3525 1685 3730 1740 scribe-

2135 1766 2226 1822 hat
2248 1767 2301 1821 in
2325 1775 2487 1822 terra.
2516 1766 2806 1823 Audientes
2825 1775 3001 1822 autem
3021 1767 3135 1824 haec
3158 1777 3208 1836 α,
3237 1785 3373 1825 unus
3402 1780 3528 1841 post
3552 1789 3720 1828 unum

2134 1860 2375 1928 exibant,
2406 1859 2723 1929 incipientes
2751 1874 2782 1914 a
2813 1861 3113 1917 senioribus
3142 1878 3154 1914 :
3187 1871 3244 1917 et
3271 1865 3530 1919 remansit
3556 1865 3718 1922 .lesus

2133 1952 2300 2018 solus,
2328 1960 2383 2005 et
2402 1950 2592 2007 mulier
2622 1951 2676 2006 in
2706 1951 2885 2008 medio
2906 1961 3078 2007 stans.
3106 1953 3324 2022 Ei-igens
3349 1965 3532 2010 autem
3555 1957 3643 2025 (se
3671 1957 3720 2027 δ)

2133 2041 2289 2097 Jesus
2316 2040 2457 2098 dixit
2497 2040 2544 2096 ei
2579 2058 2592 2095 :
2628 2041 2843 2109 Mulier,
2875 2041 2963 2098 ubi
2992 2051 3118 2098 sunt
3144 2043 3234 2112 qui
3275 2051 3328 2100 te
3355 2046 3678 2101 accusabant
3699 2048 3724 2100 ἲ

2135 2134 2303 2190 Nemo
2330 2143 2382 2190 te
2407 2134 2810 2198 condemnavit,
2860 2135 3084 2191 mulier?
3128 2135 3258 2204 Qua:
3287 2136 3422 2192 dixit
3469 2155 3483 2190 :
3529 2137 3724 2206 Nemo,

2136 2224 2379 2280 Domine.
2414 2225 2555 2280 Dixit
2583 2235 2762 2280 autem
2791 2224 2950 2282 Jesus
2982 2244 2994 2279 :
3023 2226 3132 2282 Nec
3167 2241 3268 2295 ego
3308 2236 3359 2284 te
3393 2230 3725 2285 condemna-

2137 2317 2224 2374 bo.
2253 2316 2422 2385 Vade,
2463 2327 2517 2374 et
2554 2317 2784 2387 amplius
2803 2317 2914 2388 jam
2945 2318 3053 2373 noli
3081 2333 3324 2387 peccare.

2693 2457 2921 2513 CAPUT
2957 2456 3145 2514 CXXI.

2400 2545 2550 2602 Jews
2589 2548 2854 2602 maledixit
2895 2547 3186 2616 ﬁculneam,
3218 2557 3266 2603 et
3295 2550 3448 2604 aruit.

2211 2661 2428 2718 Mar-ru.
2456 2677 2568 2729 xxi,
2596 2661 2791 2728 18-22;
2816 2661 2989 2716 Mitte.
3013 2677 3087 2725 xt,
3117 2663 3200 2730 11,
3229 2661 3323 2727 ΙΞ,
3363 2662 3559 2728 lii-2‘5;
3591 2662 3722 2719 Luc.

2140 2770 2268 2821 χιιι,
2299 2756 2355 2822 5,
2386 2755 2441 2810 6.
2482 2754 2633 2808 Mane
2661 2763 2838 2808 autem
2884 2764 3158 2809 revertens
3189 2756 3241 2808 in
3274 2754 3576 2823 civitatem,
3601 2771 3726 2812 esu-

2140 2844 2249 2900 riit.
2285 2844 2350 2898 Et
2379 2844 2568 2899 videns
2611 2844 2695 2898 ﬁci
2724 2844 2971 2899 arborem
3004 2861 3162 2898 unam
3193 2859 3349 2901 secus
3380 2846 3544 2914 viam,
3575 2851 3728 2904 venit

2139 2936 2206 2992 ad
2247 2951 2400 3003 cam;
2436 2946 2490 2992 et
2537 2935 2666 2991 nihil
2716 2937 2919 2992 invenit
2960 2937 3014 2992 in
3063 2953 3144 3002 ea,
3181 2938 3279 2992 nisi
3307 2938 3428 2993 folia
3471 2950 3721 2995 tantum:

2141 3028 2377 3082 nondum
2406 3028 2547 3083 enim
2581 3039 2698 3083 erat
2724 3039 2930 3099 tempus
2957 3029 3198 3085 ﬁcorum.
3232 3031 3296 3086 Et
3324 3032 3399 3086 ait
3427 3032 3502 3088 illi
3534 3051 3549 3087 :
3576 3034 3726 3089 Nun-

2066 3097 2113 3162 c
2143 3134 2298 3189 quam
2331 3135 2395 3174 ex
2421 3128 2473 3174 te
2498 3118 2698 3174 fructus
2720 3097 2966 3175 nascatur
2995 3122 3046 3174 in
3076 3121 3482 3191 sempiternum.
3514 3125 3580 3178 Et
3605 3139 3727 3181 are-

2141 3211 2274 3266 facta
2300 3220 2382 3266 est
2407 3212 2658 3266 continuo
2689 3211 2941 3266 ﬁculnea.
2979 3213 3045 3266 Et
3083 3213 3323 3268 videntes
3349 3215 3595 3286 discipuli
3624 3219 3729 3272 mi-

2140 3303 2239 3357 rati
2287 3311 2434 3370 sunt,
2482 3303 2718 3357 dicentes
2763 3318 2779 3356 :
2829 3302 3107 3371 Quomodo
3151 3305 3403 3361 continuo
3447 3308 3624 3363 aruit!
3663 3309 3727 3363 Et

2141 3407 2262 3447 cum
2289 3408 2513 3463 vespera
2547 3392 2684 3447 facta
2730 3403 2907 3460 esset,
2951 3395 3325 3463 egrediebatur
3370 3398 3436 3453 de
3482 3399 3722 3456 civitate.

2144 3485 2211 3538 Et
2238 3499 2358 3539 cum
2389 3500 2546 3540 mane
2579 3485 2895 3553 transirent,
2923 3486 3171 3542 viderunt
3199 3487 3477 3544 ﬁculneam
3517 3491 3723 3546 aridam

2143 3578 2332 3633 tactam
2372 3594 2400 3631 a
2441 3578 2734 3634 radicibus.
2769 3579 2836 3633 Et
2860 3579 3173 3634 recordatus
3219 3579 3429 3647 Petrus,
3462 3580 3596 3635 dicit
3623 3582 3672 3636 ei
3707 3601 3721 3637 :

2143 3670 2334 3736 Rebbi,
2382 3684 2508 3725 ecce
2554 3670 2684 3724 ﬁcus
2722 3684 2880 3740 quam
2909 3671 3252 3738 maledixisti,
3285 3673 3442 3726 aruit.
3477 3672 3724 3743 Respon-

2143 3766 2276 3820 dens
2301 3773 2477 3819 autem
2507 3763 2684 3828 Jesus,
2716 3764 2789 3819 ait
2817 3765 2894 3820 eis
2928 3781 2942 3819 :
2972 3765 3172 3820 llabete
3196 3765 3355 3822 ﬁdem
3387 3767 3499 3822 Dei.
3552 3771 3724 3823 Amen

2143 3859 2262 3914 dico
2290 3857 2464 3926 Vobis,
2506 3858 2550 3913 si
2591 3857 2882 3912 habueritis
2916 3857 3107 3924 ﬁdem,
3135 3868 3184 3914 et
3219 3875 3323 3914 non
3355 3860 3726 3915 haesitaveriiis

2145 3952 2197 4006 in
2229 3951 2413 4016 corde,
2447 3965 2550 4006 non
2581 3953 2756 4006 solum
2799 3950 2865 4004 de
2911 3951 3136 4006 ﬁculnea
3185 3952 3410 4015 iacietis,
3455 3952 3634 4007 sed‘et
3677 3953 3724 4009 si

2144 4046 2310 4102 monti
2334 4044 2456 4098 huic
2475 4043 2995 4111 dixeritiszTollere,
3017 4055 3069 4100 et
3087 4045 3227 4114 jaeta
3251 4056 3302 4100 te
3331 4046 3382 4100 in
3412 4061 3579 4110 mare,
3607 4046 3720 4100 ﬁet.

2146 4133 2214 4190 Et
2240 4134 2489 4190 dixerunt
2517 4134 2565 4188 ei
2594 4136 2819 4202 apostoli
2871 4150 2885 4188 :
2934 4135 3180 4201 Domine,
3225 4134 3429 4205 adauge
3467 4135 3622 4190 nobis
3665 4135 3728 4190 ﬁ-

2146 4225 2289 4280 dem.
2325 4222 2391 4280 Et
2418 4225 2558 4278 dixit
2584 4224 2739 4280 Iesus
2774 4241 2788 4278 :
2818 4226 3006 4281 Omnia
3035 4241 3365 4296 quaecunque
3384 4237 3600 4281 orantes
3631 4241 3726 4295 pe-

2146 4316 2279 4380 titis,
2309 4313 2509 4370 credite
2535 4315 2656 4384 quia
2679 4316 2972 4384 accipietis,
3017 4323 3073 4371 et
3099 4316 3275 4372 veniet
3306 4317 3480 4370 vobis.
3511 4316 3724 4373 Etcum

2149 4406 2357 4461 stabilis
2383 4406 2448 4460 ad
2470 4406 2752 4474 orandum,
2774 4407 3042 4474 dimittite,
3075 4408 3117 4461 si
3148 4407 3274 4476 quid
3303 4407 3510 4462 habetis
3536 4408 3727 4463 adver-

2145 4516 2236 4555 sus
2265 4501 2496 4569 aliquem
2522 4514 2536 4563 ;
2567 4509 2622 4554 ut
2649 4507 2704 4555 et
2741 4499 2898 4554 Pater
2929 4507 3105 4556 vester
3128 4501 3216 4570 qui
3247 4500 3298 4554 in
3327 4498 3478 4556 caelis
3508 4507 3612 4567 est,
3641 4499 3723 4555 di-

2144 4591 2319 4646 mittat
2345 4591 2495 4645 vobis
2527 4598 2740 4660 peccata
2774 4598 2969 4646 vestra.

2700 4728 2926 4785 CAPUT
2952 4729 3156 4785 CXXII.

2180 4821 2325 4876 Dixit
2353 4820 2504 4874 Iesus
2543 4821 2836 4890 parabolam
2864 4823 2931 4873 ad
2959 4823 3238 4886 discipulos
3275 4831 3480 4892 propter
3508 4825 3691 4877 orandi

2425 4893 2743 4957 instantiam,
2774 4893 2837 4945 de
2863 4892 3032 4956 iudice
3051 4895 3180 4946 duro
3201 4904 3246 4946 et
3269 4894 3442 4948 vidua.

2215 5001 2345 5056 Luc.
2387 5017 2540 5066 xvm,
2591 5003 2704 5058 1-8.
2747 5001 2968 5058 Dicebat
2997 5011 3174 5056 autem
3224 5011 3280 5058 et
3325 5003 3628 5072 parabolam
3659 5003 3728 5058 ad

2144 5095 2285 5159 illos,
2309 5095 2557 5164 quoniam
2586 5105 2797 5164 Oportet
2819 5110 3032 5164 semper
3053 5110 3229 5160 orare,
3259 5106 3311 5149 et
3343 5111 3447 5150 non
3471 5095 3728 5157 deﬁcere,

2143 5189 2326 5244 dicens
2359 5206 2371 5242 :
2405 5187 2574 5244 Judex
2606 5189 2820 5258 quidam
2867 5198 2980 5243 erat
3021 5189 3071 5242 in
3104 5188 3329 5257 quadam
3372 5189 3605 5253 civitate,
3637 5192 3729 5257 qui

2143 5283 2312 5337 Deum
2343 5297 2447 5336 non
2477 5281 2718 5348 timebat,
2747 5290 2799 5335 et
2825 5280 3090 5348 hominem
3117 5295 3221 5333 non
3244 5280 3606 5334 reverehatur.
3639 5279 3731 5332 Vi-

2140 5376 2244 5432 dua
2271 5383 2448 5430 autem
2497 5373 2736 5444 quaedam
2784 5382 2902 5428 erat
2929 5375 2982 5428 in
3011 5373 3099 5428 illa
3128 5371 3360 5440 civitate,
3393 5382 3446 5428 et
3475 5370 3728 5426 veniebat

2139 5515 2320 5567 Victor
2339 5509 2649 5567 reddiderit.
2675 5510 2794 5564 Mox
2819 5528 2831 5563 :
2851 5508 2900 5562 Ν
2908 5525 3015 5562 emo
3037 5516 3086 5561 te
3100 5507 3482 5571 condemnavit,
3510 5506 3728 5561 ntulitr.’

2138 5585 2245 5713 [Sed
2275 5599 2376 5640 vox
2403 5581 2584 5638 ultima
2613 5580 2953 5639 desideratur
2994 5579 3047 5636 in
3081 5581 3282 5636 nostris
3325 5578 3484 5634 codd.
3531 5576 3626 5634 Gr.
3669 5588 3726 5633 et

2183 5671 2209 5710 a
2239 5695 2255 5712 .
