4038 6356
153 277 254 334 517
306 228 309 232 Ι

907 270 1488 332 EVANGELICARUM
1531 266 2037 326 I'IARMONIARUM
2074 263 2645 324 INTERPRETATIO.

3313 264 3418 320 518

157 391 218 449 ad
248 392 424 460 illum,
453 390 642 447 dicens
667 406 685 445 :
720 388 938 445 Vindica
966 404 1051 444 tne
1078 388 1147 444 de
1172 387 1480 442 adversario
1503 400 1646 440 meo.
1676 385 1742 441 Et
1770 391 1821 448 Α
1847 381 1986 451 ejus.
2032 382 2099 436 Et
2140 380 2529 451 apprehensum
2574 394 2716 448 eum,
2751 375 3086 450 proiecerunt
3116 393 3238 435 eum
3267 388 3419 433 extra

149 482 372 540 nolebat
401 497 496 551 per
526 482 749 536 multum
793 489 1021 550 tempus.
1075 480 1202 535 Post
1243 481 1358 534 hinc
1399 487 1575 534 autem
1608 478 1742 533 dixit

155 575 296 630 intra
327 587 386 627 se
419 589 434 625 :
465 571 578 627 Etsi
611 571 777 628 Deum
808 586 914 626 non
947 572 1132 640 timeo,
1163 585 1259 626 nec
1289 569 1560 626 hominem
1590 585 1743 626 reve-

157 678 285 720 reor
307 704 325 730 ,
377 671 552 717 tamen
583 664 706 734 quia
737 664 959 717 molesra
988 671 1071 718 est
1099 661 1226 717 mihi
1259 662 1373 719 haec
1417 662 1596 729 vidua,
1627 662 1742 716 vin-

159 753 351 809 dicabo
379 754 544 819 illam,
577 769 646 808 ne
677 754 730 807 in
761 753 1054 808 novissimo
1083 753 1326 820 veniens,
1355 753 1602 824 suggillet
1632 767 1739 807 me.

160 844 252 901 Ait
280 853 458 899 autem
490 843 747 898 Dominus
793 861 808 898 :
847 842 1040 899 Audite
1079 840 1204 914 quid
1240 842 1407 915 judex
1452 840 1743 910 iniquitatis

160 935 293 992 dicit
335 952 351 990 :
399 935 538 990 Deus
580 943 757 990 autem
802 950 906 990 non
937 934 1094 990 faciet
1129 933 1418 989 vindictam
1451 933 1741 987 electorum

159 1043 382 1084 suorum
406 1027 747 1083 clamantium
775 1028 840 1081 ad
867 1043 925 1082 se
950 1027 1036 1083 die
1061 1041 1123 1081 ac
1148 1033 1325 1089 nocte,
1351 1036 1406 1081 et
1433 1023 1739 1094 patientiam

161 1117 384 1173 habebit
405 1120 456 1172 in
477 1117 618 1173 illis?
637 1119 769 1174 Dico
794 1118 969 1184 vobis,
991 1118 1112 1189 quia
1141 1117 1245 1171 cito
1271 1116 1426 1170 faciet
1453 1114 1740 1170 vindictam

160 1206 400 1262 illorum.
449 1208 826 1264 Verumtamen
871 1208 1036 1265 Filius
1062 1207 1293 1263 hominis
1319 1207 1559 1273 veniens,
1590 1214 1743 1276 putas

159 1297 400 1354 inveniet
428 1299 585 1355 (idem
611 1299 664 1355 in
697 1300 875 1355 terra?

708 1411 933 1470 CAPUT
971 1409 1200 1468 CXXIII.

161 1497 518 1576 Interrogatur
533 1522 564 1557 a
581 1505 895 1576 principibus
910 1506 1233 1560 sacerdotum
1257 1522 1272 1576 7:
1300 1502 1365 1576 In
1380 1520 1478 1573 qua
1496 1510 1746 1576 potestate

230 1573 344 1627 lucc
369 1573 788 1658 faciﬂfidjungit
819 1576 1114 1646 parabolam
1139 1577 1202 1630 de
1230 1575 1427 1628 duobus
1451 1575 1573 1642 [iliis
1599 1575 1651 1627 in
1674 1575 1746 1626 vi-

237 1660 390 1698 neum
410 1662 604 1700 νηιδδιε.

1845 474 2082 538 vineam,
2112 484 2160 526 et
2192 473 2523 527 occiderunt.
2569 469 2701 528 Cum
2747 487 2878 542 ergo
2921 473 3129 526 venerit
3173 471 3422 526 dominus

1844 563 2036 630 vinem,
2090 563 2214 632 quid
2261 563 2418 618 faciet
2465 562 2667 620 colonis
2710 563 2852 620 illis?
2890 563 3055 618 Aiunt
3093 563 3169 616 illi
3211 561 3422 617 :Malos

1844 659 1985 712 male
2019 658 2229 727 perdet,
2259 667 2313 714 et
2339 660 2548 714 vincant
2586 673 2734 714 suam
2773 658 2968 712 locabit
2996 656 3111 711 aliis
3138 654 3419 725 agricolis,

1843 750 1934 820 qui
1965 750 2190 806 reddent
2233 751 2282 805 ei
2328 751 2558 807 fructum
2605 751 2931 821 temporibus
2961 750 3095 805 suis.
3137 749 3274 803 Dicit
3318 747 3422 801 illis

1842 841 2002 898 Iesus
2041 858 2056 894 :
2089 841 2366 912 Nunquam
2413 841 2618 910 legistis
2663 845 2713 895 in
2760 841 3054 910 Scripturis
3103 856 3119 896 :
3168 837 3420 908 Lapidem

1843 948 2001 1004 quem
2029 933 2452 1002 reprobaveruut
2478 933 2821 1000 mdilicantcs,
2853 932 2939 987 hic
2964 932 3130 985 laetus
3153 940 3236 984 est
3260 928 3310 982 in
3335 943 3422 981 ca-

1845 1037 1938 1096 put
1965 1026 2142 1097 anguli
2179 1043 2189 1078 :
2226 1041 2255 1078 a
2287 1025 2512 1078 Domino
2555 1023 2750 1078 factum
2782 1033 2861 1078 est
2892 1021 3040 1090 illud,
3071 1029 3230 1076 etest
3262 1018 3426 1073 mira-

1845 1117 1951 1173 bile
1977 1120 2027 1172 in
2054 1118 2224 1171 oculis
2256 1116 2455 1170 nostris
2482 1114 2654 1186 (Paul.
2679 1130 2850 1181 cxvu,
2872 1114 2964 1179 2:2,
2991 1113 3125 1182 23)?
3157 1111 3276 1165 Ideo
3302 1110 3424 1162 dico

1844 1208 2018 1274 vobis,
2042 1209 2166 1278 quia
2189 1207 2460 1262 auferetur
2489 1222 2519 1260 a
2550 1206 2704 1260 vobis
2726 1220 2948 1275 regnum
2981 1204 3099 1268 Dei,
3127 1213 3178 1258 et
3206 1201 3423 1258 dabitur

1843 1298 1984 1369 genti
2015 1298 2226 1352 faiienti
2262 1297 2485 1351 frurtum
2517 1295 2650 1363 ejus.
2692 1295 2877 1349 Omnis
2917 1293 3007 1364 qui
3037 1293 3294 1347 ceciderit
3330 1305 3425 1346 su-

1848 1402 1946 1456 per
1967 1386 2192 1456 lapidem
2218 1387 2400 1450 istum,
2421 1384 2787 1453 confringetUr
2823 1401 2835 1436 :
2873 1398 3033 1452 super
3060 1398 3215 1450 quem
3244 1390 3426 1435 autem

1845 1477 2123 1542 ceciderit,
2154 1485 2393 1531 conteret
2427 1491 2571 1530 eum.
2608 1475 2674 1528 Et
2705 1489 2825 1528 cum
2855 1473 3131 1526 audissent
3160 1472 3428 1540 principes

1847 1566 2184 1621 sacerdotum
2213 1575 2263 1621 et
2295 1565 2547 1620 Pharisaei
2580 1565 2858 1634 parabolas
2886 1563 3022 1631 ejus,
3055 1569 3420 1630 cognoverunt

1849 1659 1988 1728 quod
2025 1659 2092 1713 de
2122 1660 2248 1726 ipsis
2282 1657 2505 1712 diceret.
2540 1658 2604 1710 Et
2639 1664 2937 1726 qumrentes
2977 1667 3099 1708 eum
3131 1661 3330 1714 tenere,
3361 1651 3430 1702 ti-

229 1753 449 1810 MATTH.
472 1773 586 1823 XXI,
609 1757 806 1824 25-32;
832 1756 1007 1814 Illaec.
1032 1758 1106 1822 xi,
1134 1756 1330 1823 27-35;
1353 1755 1484 1810 Luc.
1518 1771 1607 1818 xx,
1635 1755 1746 1810 1-8.
1782 1755 1826 1814 Β
1855 1756 2106 1802 muerunt
2148 1747 2348 1810 turbas,
2394 1743 2644 1814 quoniam
2675 1745 2811 1798 sicut
2843 1743 3154 1812 prOphetatn
3186 1755 3306 1794 eum
3339 1740 3433 1792 ha-

158 1842 229 1898 Et
257 1859 381 1901 cum
424 1849 664 1904 venisset
695 1849 744 1903 in
776 1850 1055 1919 templum,
1090 1848 1286 1903 factum
1317 1858 1399 1904 est
1429 1848 1652 1902 docen'e
1683 1860 1747 1902 eo

155 1936 418 2004 populum
447 1947 502 1995 et
528 1941 952 2009 evangelizante,
982 1947 1326 1995 accesserunt
1353 1938 1419 1992 ad
1451 1953 1570 1993 eum
1603 1937 1750 2007 prin-

153 2025 311 2095 cipes
340 2029 700 2096 sacerdotum,
745 2037 798 2085 et
840 2030 1082 2085 seniores
1123 2029 1323 2099 populi,
1356 2027 1599 2083 dicentes
1644 2046 1656 2079 :
1692 2028 1745 2080 In

153 2135 268 2190 qua
301 2129 567 2191 potestate
594 2121 709 2176 hac
750 2120 919 2175 facis?
963 2120 1030 2176 Et
1070 2123 1191 2190 quis
1229 2128 1313 2175 est
1347 2119 1436 2188 qui
1479 2118 1624 2174 dedit
1653 2116 1746 2170 tibi

157 2215 308 2269 banc
357 2214 719 2284 potestatem?
770 2212 1118 2283 Respondens
1163 2222 1341 2268 autem
1386 2213 1564 2276 Jesus,
1615 2210 1748 2265 dix.t

159 2305 269 2358 illis
301 2320 314 2355 :
345 2303 686 2373 Interrogabo
708 2317 802 2357 vos
824 2312 875 2358 et
896 2317 996 2372 ego
1023 2319 1186 2358 unum
1215 2316 1554 2368 sermonem;
1587 2317 1746 2372 quem

160 2394 206 2448 si
231 2394 480 2449 dixeritis
503 2394 658 2462 mihi,
689 2402 745 2450 et
770 2409 869 2466 ego
891 2395 1043 2450 vobis
1066 2395 1238 2450 dicam
1267 2395 1320 2450 in
1347 2410 1450 2466 qua
1481 2404 1750 2467 potestate

165 2489 283 2542 hzee
312 2487 470 2542 facio.
498 2486 801 2558 Baptismus
829 2488 1053 2544 Joannis
1079 2488 1220 2544 unde
1248 2487 1404 2546 erat?
1431 2502 1464 2544 e
1489 2487 1648 2556 coelo,
1679 2503 1746 2544 an

166 2596 233 2636 ex
277 2581 615 2636 hominibus?
650 2581 720 2636 At
758 2580 832 2636 illi
863 2581 1170 2651 cogitabant
1191 2581 1331 2637 intra
1361 2596 1441 2651 se,
1468 2581 1745 2639 dicentes:

169 2673 224 2729 Si
253 2673 548 2730 dixerimus
571 2689 639 2730 ex
661 2673 987 2742 hominibus,
1014 2674 1266 2730 timemus
1287 2674 1494 2730 turbam
1522 2691 1535 2728 :
1562 2688 1750 2728 omnes

172 2765 312 2818 enim
339 2763 603 2820 habebant
622 2765 880 2822 Joannem
907 2767 1046 2823 sicut
1071 2766 1405 2838 prophetam.
1438 2767 1502 2821 Et
1529 2781 1750 2836 respon-

172 2852 360 2908 dentes
387 2852 536 2924 Jesu,
570 2855 817 2910 dixerunt
845 2871 862 2910 :
901 2855 1202 2914 Nescimus.
1245 2857 1334 2913 Ait
1372 2857 1477 2912 illis
1505 2865 1561 2912 et
1590 2859 1701 2924 ipse
1731 2875 1746 2912 :

171 2941 277 2999 Nec
305 2958 406 3014 ego
428 2943 547 2999 dico
576 2945 728 3000 vobis
759 2945 812 3000 in
844 2961 948 3016 qua
985 2955 1250 3017 potestate
1280 2947 1396 3004 haec
1425 2947 1582 3004 facio.
1612 2947 1750 3016 Quid

172 3041 353 3089 autem
383 3035 532 3089 vobis
560 3035 801 3092 videtur?
833 3037 1003 3092 Homo
1031 3037 1244 3109 quidam
1277 3037 1506 3093 habebat
1530 3037 1664 3092 duos
1690 3038 1752 3092 ii-

171 3123 302 3190 lios;
339 3135 391 3182 et
427 3127 686 3182 accedens
714 3127 781 3183 ad
812 3129 1073 3198 primum,
1107 3129 1240 3184 dixit
1270 3146 1284 3184 :
1317 3129 1452 3197 Fili,
1485 3130 1616 3185 vade
1657 3130 1749 3184 ho-

173 3217 256 3272 die
281 3219 498 3288 operari
523 3221 575 3275 in
597 3221 752 3276 vinea
773 3236 913 3278 mea.
938 3221 1033 3278 Ille
1057 3230 1236 3278 autem
1263 3224 1614 3293 respondens,
1638 3222 1711 3277 ait
1735 3239 1749 3276 :

169 3305 328 3365 Nolo.
375 3309 566 3366 Postea
607 3321 782 3368 autem
814 3311 1123 3382 ptenitentia
1163 3322 1376 3381 motus,
1405 3313 1555 3368 abiit.
1590 3317 1755 3371 Acce—

173 3405 306 3464 dens
349 3418 525 3466 autem
573 3410 642 3465 ad
686 3410 937 3475 alterum,
981 3409 1116 3465 dixit
1143 3409 1408 3465 similiter.
1444 3412 1511 3465 At
1551 3409 1642 3466 ille
1671 3426 1757 3466 re-

173 3498 445 3568 spondens
473 3502 549 3554 ait
581 3517 591 3552 :
625 3500 724 3566 Eo,
756 3500 994 3570 domine,
1027 3509 1081 3555 et
1109 3515 1213 3554 non
1243 3500 1354 3554 ivit.
1379 3500 1508 3564 Quis
1534 3516 1597 3556 ex
1625 3501 1755 3556 duo-

173 3588 271 3646 bus
293 3589 420 3648 fecit
442 3593 764 3648 voluntatem
781 3594 979 3662 patris?
1001 3593 1247 3660 Dicunt,”L
1265 3593 1604 3649 novissimus.
1624 3594 1758 3648 Dicit

149 3669 275 3739 illis
321 3683 476 3739 Jesus
519 3700 532 3736 :
565 3686 733 3739 Amen
765 3684 886 3740 dico
915 3683 1086 3747 vobis,
1115 3685 1238 3755 quia
1271 3684 1538 3753 publicani
1565 3693 1619 3740 et
1645 3699 1756 3738 me-

176 3775 402 3830 retrices
431 3775 736 3845 precedent
765 3790 861 3831 vos
891 3777 944 3832 in
983 3791 1148 3847 regno
1175 3776 1298 3833 Dei.
1321 3776 1479 3846 Venit
1518 3779 1658 3832 enim
1689 3777 1756 3832 ad

176 3878 268 3921 vos
297 3864 534 3920 Joannes
564 3865 615 3920 in
643 3865 728 3921 via
766 3864 1010 3936 justitlaa,
1055 3876 1110 3923 et
1158 3881 1264 3922 non
1312 3867 1618 3923 credidistis
1657 3867 1705 3922 ei
1739 3883 1759 3924 ι

145 3957 444 4051 ‘publicani
477 3967 654 4015 autem
696 3969 750 4016 et
792 3965 1102 4017 meretrices
1147 3962 1492 4022 crediderunt
1520 3964 1568 4018 ei
1617 3978 1758 4019 :vos

177 4058 356 4104 autem
391 4049 655 4117 videntes,
686 4066 785 4107 nec
829 4052 1207 4124 paenitentiam,
1245 4053 1504 4109 habuistis
1549 4063 1756 4124 postea,

177 4149 232 4196 ut
260 4142 556 4200 crederetis
585 4145 655 4200 ei.

150 4257 155 4330 ζ
716 4257 941 4316 CAPUT
978 4258 1212 4317 cxxrv.

156 4356 174 4450 ι
233 4343 498 4403 Parabola
521 4348 584 4404 de
612 4350 1096 4450 putrefam'i'li‘asncly‘ui
1121 4352 1316 4405 vineam
1342 4367 1488 4404 suam
1515 4351 1701 4406 locauit

156 4421 173 4500 ξ
833 4421 1094 4488 agricolis.

153 4511 160 4521 ’
247 4533 463 4588 Murri.
488 4547 604 4598 xxt,
625 4532 828 4596 55-46;
853 4532 1026 4588 Mane.
1051 4547 1146 4602 xtr,
1172 4533 1330 4599 1-12;
1355 4533 1483 4588 Luc.
1508 4549 1597 4598 xx,
1615 4534 1759 4593 9-19.

173 4626 354 4682 Aliam
401 4623 708 4694 parabolam
754 4624 932 4681 audite
970 4625 1184 4683 :Homo
1224 4638 1342 4684 erat
1385 4628 1763 4699 paterfamilias

177 4719 270 4789 qui
301 4718 553 4788 plantavit
579 4717 810 4785 vineam,
838 4729 894 4775 et
918 4736 1100 4790 sepem
1130 4723 1481 4779 circumdedit
1503 4726 1571 4789 ei,
1605 4735 1660 4781 et
1685 4726 1764 4780 fo-

181 4809 255 4864 dit
276 4809 327 4864 in
352 4823 413 4865 ea
440 4809 694 4876 torcular,
717 4819 769 4863 et
791 4810 1073 4866 :edificavit
1098 4813 1311 4879 turrim,
1339 4824 1392 4869 et
1417 4815 1615 4870 locavit
1639 4832 1758 4873 eam

183 4899 450 4970 agricolis,
479 4909 533 4956 et
563 4915 784 4971 peregre
815 4904 1083 4971 profectus
1110 4915 1212 4960 est.
1247 4905 1379 4960 Cum
1417 4917 1592 4963 autem
1627 4916 1763 4964 tem-

185 5009 282 5061 pus
306 4994 574 5050 lructuum
605 4997 1106 5066 appropinquasset,
1137 4999 1282 5053 misit
1309 5016 1493 5054 servos
1523 5002 1587 5055 ad
1613 5002 1759 5073 agri-

186 5087 350 5149 co'as,
383 5096 440 5141 ut
484 5085 792 5154 accipereut
835 5089 1034 5142 fructus
1081 5089 1218 5156 ejus.
1270 5088 1335 5143 Et
1375 5092 1641 5159 agricolae,
1667 5107 1762 5163 ap-

188 5176 466 5241 prehensis
489 5177 661 5232 servis
687 5178 826 5246 ejus,
858 5179 1021 5232 alium
1060 5178 1389 5246 ceciderunt,
1421 5181 1581 5234 alium
1612 5183 1758 5236 occi-

187 5263 400 5329 derunt,
428 5266 593 5322 alium
621 5283 748 5324 vero
776 5268 1164 5337 lapidaverunt.
1195 5269 1389 5324 Iterum
1415 5270 1548 5324 alios
1572 5286 1761 5327 servus

195 5356 331 5421 .nisit
377 5358 559 5426 plures
607 5361 1000 5429 prioribus,‘et
1044 5361 1288 5416 fecerunt
1334 5361 1440 5417 illis
1494 5362 1763 5422 similiter.

191 5445 486 5506 Novissime
515 5460 692 5507 autem
725 5454 869 5508 misit
898 5455 963 5509 ad
995 5469 1089 5511 eos
1119 5455 1288 5511 [ilium
1319 5470 1499 5522 suum,
1532 5457 1720 5514 dicens
1749 5475 1765 5512 :

195 5536 435 5597 Forsitan
484 5546 808 5601 verebuntur
853 5545 1020 5603 filium
1063 5563 1266 5605 meum.
1296 5549 1561 5620 Agricola
1588 5559 1767 5605 autem

196 5634 437 5700 videntes
475 5636 662 5703 lilium,
706 5638 955 5696 dixerunt
997 5640 1138 5696 intra
1175 5654 1236 5695 se
1267 5656 1282 5694 :
1326 5639 1424 5695 llic
1451 5649 1534 5694 est
1561 5639 1764 5708 haeres;

198 5727 390 5797 venite,
437 5730 745 5788 oocidamus
785 5747 929 5800 cum,
976 5738 1032 5788 et
1062 5730 1376 5790 habebimus
1405 5730 1790 5828 hereditatem,

1854 1839 2067 1894 hebant.
2099 1869 2170 1877 —
2197 1839 2415 1893 Μλττιι.
2446 1852 2574 1904 xxii,
2609 1837 2660 1890 I.
2694 1837 2760 1891 Et
2789 1835 3119 1905 respondens
3146 1833 3323 1900 Jesus,
3353 1830 3433 1887 di-

1851 1931 1929 1984 xit
1959 1930 2150 1985 iterum
2182 1930 2234 1984 in
2266 1927 2535 1998 parabolis
2565 1926 2645 1981 eis
2671 1925 2856 1981 dicens
2887 1943 2901 1956 ’

2399 2136 2626 2194 CAPUT
2665 2136 2878 2192 CXXV.

1922 2228 2104 2285 Simile
2130 2241 2205 2285 est
2232 2247 2444 2300 regnum
2473 2232 2712 2284 caelorum
2743 2229 2937 2283 homini
2966 2227 3074 2298 regi
3093 2226 3189 2297 ,qttt'
3216 2224 3336 2295 fecit

2401 2303 2603 2370 nuptias
2631 2303 2740 2368 ﬁlio
2769 2316 2881 2354 suo.

1922 2449 2132 2504 lium.
2160 2464 2291 2518 xxii,
2313 2449 2476 2514 2—H;
2505 2447 2634 2504 Luc.
2663 2464 2775 2514 xiv,
2801 2446 2982 2504 16-24.
3025 2445 3209 2502 Simile
3233 2444 3433 2501 factum

1852 2555 1934 2602 est
1963 2561 2184 2616 regnum
2225 2546 2485 2601 caelorum
2522 2544 2725 2600 homini
2755 2544 2866 2614 regi
2908 2542 3000 2613 qui
3041 2541 3169 2598 fecit
3217 2542 3431 2612 nuptias

1852 2636 1960 2694 filio
1988 2652 2108 2692 suo.
2139 2636 2207 2692 Et
2234 2637 2445 2692 vocavit
2473 2636 2687 2692 multos.
2720 2636 2786 2690 Et
2814 2635 2943 2690 hora
2968 2649 3138 2691 ctenze
3159 2633 3303 2688 misit
3322 2647 3434 2688 ser-

1851 2744 1947 2784 vos
1973 2743 2101 2784 suos
2123 2744 2314 2784 vocare
2340 2729 2593 2783 invitatos
2619 2728 2685 2782 ad
2718 2729 2950 2796 nuptias,
2981 2735 3035 2781 et
3063 2723 3313 2781 nolebant
3337 2738 3432 2779 ve-

1855 2822 1991 2878 nire.
2025 2821 2092 2876 Et
2137 2829 2416 2890 ceperunt
2458 2835 2645 2876 omnes
2691 2820 2847 2874 simul
2892 2833 3171 2874 excusare.
3222 2818 3431 2872 Primus

1851 2914 1989 2968 dixit
2030 2912 2079 2968 ei
2126 2929 2141 2968 :
2183 2910 2372 2967 Villam
2400 2911 2528 2980 emi,
2560 2919 2615 2966 et
2644 2924 2864 2966 necesse
2895 2908 3064 2964 habeo
3092 2908 3238 2963 exire
3266 2915 3320 2963 et
3344 2907 3431 2961 vi-

1853 3004 1981 3058 dere
2024 3002 2169 3057 illam
2215 3019 2228 3056 :
2260 3017 2391 3073 rogo
2421 3012 2494 3069 te,
2525 3002 2665 3057 habe
2691 3017 2776 3056 me
2814 3010 3146 3056 excusatum.
3192 2999 3263 3053 ist
3299 2998 3433 3053 alter

1779 3128 1824 3188 ο
1857 3095 1989 3149 dixit
2020 3111 2034 3148 :
2062 3095 2198 3164 Juga
2227 3093 2386 3148 boum
2416 3094 2522 3148 emi
2553 3093 2809 3162 quinque,
2838 3100 2894 3146 et
2929 3107 2995 3146 eo
3035 3091 3256 3160 probare
3284 3090 3373 3145 illa
3415 3106 3431 3143 :

1859 3199 1989 3253 rogo
2016 3192 2089 3252 te,
2117 3185 2253 3240 habe
2276 3200 2362 3240 me
2383 3193 2717 3239 excusatum.
2743 3185 2811 3238 Et
2835 3184 2972 3238 alius
2996 3184 3130 3239 dixit
3158 3199 3173 3238 :
3201 3183 3434 3238 Uxorem

1855 3275 2004 3342 duxi,
2036 3285 2089 3329 et
2120 3275 2242 3329 ideo
2273 3289 2377 3328 non
2409 3289 2625 3342 possum
2663 3274 2872 3328 venire.
2903 3273 3099 3328 iterum
3129 3273 3273 3327 misit
3300 3272 3436 3328 alios

1854 3378 2062 3430 servos,
2081 3364 2263 3418 dicens
2289 3381 2303 3418 :
2327 3365 2494 3419 Dicite
2512 3363 2768 3431 invitatis,
2792 3364 2932 3418 Ecce
2953 3364 3231 3433 prandium
3256 3379 3434 3419 meum

1857 3455 2073 3525 paravi;
2119 3455 2255 3508 tauri
2302 3455 2426 3522 mei,
2476 3464 2532 3510 et
2570 3454 2735 3510 altilia
2785 3455 2962 3510 occisa
3003 3466 3150 3522 sunt,
3176 3466 3231 3511 et
3256 3459 3437 3513 omnia

1856 3555 2036 3617 parata
2072 3561 2088 3612 ;
2123 3547 2302 3601 venite
2329 3546 2395 3601 ad
2424 3546 2659 3616 nuptias.
2689 3546 2767 3601 Illi
2796 3556 2975 3602 autem
3005 3546 3354 3617 neglexerunt
3380 3557 3437 3602 et

1855 3638 2126 3703 abierunt,
2168 3638 2304 3692 alius
2351 3638 2405 3692 in
2439 3638 2615 3692 villam
2647 3652 2818 3705 suam,
2851 3637 2985 3693 alius
3014 3653 3143 3692 vero
3172 3639 3237 3693 ad
3270 3653 3438 3708 nego—

1859 3730 2132 3785 tiationem
2164 3744 2334 3785 suam.
2369 3730 2580 3800 Reliqui
2612 3745 2743 3786 vero
2775 3740 3059 3786 tenuerunt
3085 3745 3270 3787 servos
3297 3732 3438 3800 ejus,

1857 3830 1910 3875 et
1938 3818 2506 3876 contumelia'ali‘ectos
2563 3821 2896 3877 occiderunt.
2946 3820 3058 3875 Rex
3107 3831 3286 3876 autem
3316 3836 3441 3877 eum

1857 3911 2115 3975 audisset,
2135 3910 2302 3966 iratus
2311 3920 2394 3967 est
2411 3926 2430 3976 ;
2451 3920 2504 3967 et
2521 3911 2699 3968 missis
2716 3911 3042 3968 exercitibus
3056 3913 3190 3979 suis,
3210 3913 3444 3984 perdidit

1860 4003 2154 4059 homicidas
2177 4004 2322 4071 illos,
2346 4014 2400 4059 et
2426 4004 2697 4059 civitatem
2721 4003 2936 4059 illorum
2959 4007 3259 4060 succendit.
3291 4004 3443 4062 Tunc

1859 4094 1934 4148 ait
1958 4093 2131 4148 servis
2161 4095 2274 4148 suis
2304 4110 2318 4146 :
2349 4093 2556 4161 Nuptim
2584 4095 2797 4163 quidem
2826 4105 3023 4166 paratae
3049 4106 3202 4162 sunt;
3231 4098 3323 4151 sed
3352 4098 3445 4168 qui

1859 4184 2063 4239 invitati
2105 4194 2283 4250 erant,
2317 4201 2420 4240 non
2449 4186 2665 4241 fuerunt
2692 4187 2859 4257 digni.
2893 4188 2968 4242 Ite
2994 4203 3122 4258 ergo
3161 4188 3227 4241 ad
3271 4190 3446 4243 exitus

1858 4277 2087 4340 viarum,
2123 4275 2174 4329 in
2213 4275 2441 4344 plateas,
2474 4288 2530 4330 et
2559 4276 2730 4342 vicos,
2769 4285 2822 4331 et
2851 4276 3129 4339 civitates;
3179 4284 3235 4330 et
3281 4291 3446 4344 quos—

1859 4380 2073 4432 cunque
2103 4366 2415 4420 inveneritis
2443 4381 2705 4433 pauperes
2731 4382 2792 4420 ac
2820 4366 3024 4419 debiles
3044 4404 3060 4430 ,
3087 4375 3140 4420 et
3165 4379 3359 4430 cazcos,
3393 4375 3448 4420 et

1863 4453 2104 4518 claudos,
2137 4463 2325 4508 vocate
2366 4454 2432 4507 ad
2480 4454 2712 4522 nuptias.
2744 4455 2809 4508 Et
2845 4453 2921 4508 ait
2945 4469 3134 4510 servus
3175 4472 3186 4507 :
3227 4453 3447 4510 Factum

1864 4554 1968 4614 est,
2002 4543 2238 4608 domine,
2271 4553 2329 4600 ut
2355 4543 2650 4615 imperasti,
2681 4556 2735 4601 et
2761 4545 2937 4601 adhuc
2966 4546 3116 4602 locus
3145 4556 3246 4602 est.
3281 4547 3347 4604 Et
3376 4550 3453 4603 ait

1864 4637 2112 4693 dominus
2135 4651 2313 4702 servo,
2348 4636 2442 4691 Exi
2474 4637 2527 4692 in
2558 4639 2672 4694 vias
2698 4649 2754 4695 et
2781 4653 2961 4707 sepes,
2992 4649 3048 4695 et
3076 4641 3339 4711 compelle
3370 4641 3455 4696 in-

1864 4739 2029 4796 trare,
2058 4736 2115 4783 ut
2159 4728 2445 4798 impleatur
2482 4729 2672 4784 domus
2702 4745 2838 4786 mea.
2872 4729 3002 4786 Dico
3041 4742 3218 4787 autem
3247 4735 3399 4788 vobis
3436 4751 3448 4786 :

1863 4821 2004 4890 quod
2029 4833 2188 4874 nemo
2210 4821 2442 4874 virorum
2469 4820 2679 4875 illorum
2703 4822 2793 4892 qui
2820 4823 2991 4877 vorati
3019 4831 3142 4877 sunt
3162 4825 3451 4893 gustabunt

1865 4931 2072 4971 caenam
2113 4930 2308 4970 meam.
2341 4914 2409 4968 Et
2435 4915 2637 4983 egressi
2668 4915 2807 4970 servi
2834 4913 2949 4984 ejus
2979 4915 3030 4968 in
3063 4915 3192 4978 vias,
3226 4931 3452 4985 congre-

1865 5016 2124 5077 gaverunt
2145 5022 2334 5062 omnes
2359 5016 2616 5076 quotquot
2643 5007 2957 5063 invenerunt
2982 5008 3151 5062 malos
3174 5017 3229 5063 et
3255 5009 3444 5073 bonos,

1866 5106 1920 5151 et
1947 5096 2179 5166 impleta:
2205 5107 2331 5152 sunt
2377 5096 2574 5166 nuptiae
2598 5096 3068 5152 discumbentium.
3101 5097 3323 5152 Intravit
3355 5113 3452 5151 au-

1868 5197 1974 5242 tem
2005 5203 2120 5254 rex,
2154 5197 2213 5242 ut
2241 5187 2451 5243 videret
2478 5187 2877 5244 discumbentes
2923 5202 2940 5243 :
2990 5196 3046 5242 et
3072 5186 3204 5241 vidit
3248 5187 3316 5240 ibi
3350 5192 3451 5240 ho-

1871 5279 2067 5334 minem
2098 5293 2201 5334 uon
2235 5279 2483 5335 vestitum
2512 5289 2659 5335 veste
2687 5277 2931 5351 nuptiali.
2963 5279 3030 5335 Et
3054 5278 3130 5334 ait
3157 5278 3229 5332 illi
3261 5295 3273 5331 :
3299 5277 3452 5332 Ami-

1870 5385 1962 5440 ce,
2005 5369 2276 5441 quomodo
2319 5370 2423 5425 huc
2465 5371 2695 5435 intrasti,
2740 5385 2848 5425 non
2887 5370 3087 5425 habens
3116 5378 3316 5425 vestem
3348 5384 3455 5424 nu-

1870 5463 2123 5532 ptialem?
2147 5465 2214 5519 At
2243 5463 2337 5519 ille
2373 5462 2657 5518 obmutuit.
2689 5462 2837 5518 Tunc
2862 5461 2998 5517 dixit
3023 5474 3115 5516 rex
3146 5459 3404 5516 ministris
3433 5477 3450 5517 :

1872 5552 2070 5626 Ligatis
2101 5554 2323 5623 pedibus
2343 5555 2459 5623 ejus
2488 5564 2542 5610 et
2563 5554 2829 5620 manibus,
2855 5553 3050 5609 mittite
3072 5567 3194 5609 eum
3221 5553 3275 5610 in
3303 5564 3451 5612 tene-

1873 5643 1997 5699 bras
2026 5647 2341 5702 exteriores.
2387 5645 2463 5701 Ibi
2509 5647 2611 5702 erit
2658 5646 2813 5701 ﬂetus
2855 5654 2912 5701 et
2953 5646 3154 5703 stridor
3189 5646 3450 5710 dentium.

1873 5735 2024 5796 Multi
2049 5737 2567 5825 enimAsuutfvocati,
2594 5738 2747 5811 pauci
2765 5754 2903 5819 vero
2929 5739 3107 5815 electi.
